  <div class='ocr_page' id='page_1' title='image "/cluster/home/n/w/nwhite01/storage/ocr_20150623/21/njp.32101077772489/120.png"; bbox 0 0 2060 3213; ppageno 0'>
   <div class='ocr_carea' id='block_1_1' title="bbox 166 173 216 201">
    <p class='ocr_par' dir='ltr' id='par_1_1' title="bbox 166 173 216 201">
     <span class='ocr_line' id='line_1_1' title="bbox 166 173 216 201; baseline 0.02 -1"><span class='ocrx_word' id='word_1_1' title='bbox 166 173 216 201; x_wconf 69' lang='grc' dir='ltr'>2Ξο</span> 
     </span>
    </p>
   </div>
   <div class='ocr_carea' id='block_1_2' title="bbox 437 249 689 278">
    <p class='ocr_par' dir='ltr' id='par_1_2' title="bbox 437 249 689 278">
     <span class='ocr_line' id='line_1_2' title="bbox 437 249 689 278; baseline 0.008 -2"><span class='ocrx_word' id='word_1_2' title='bbox 437 249 634 278; x_wconf 75' lang='grc' dir='ltr'><strong>ΚΕΦᾹἉΔΙΟΝ</strong></span> <span class='ocrx_word' id='word_1_3' title='bbox 648 252 676 278; x_wconf 78' lang='grc' dir='ltr'><strong>Α¹</strong></span> <span class='ocrx_word' id='word_1_4' title='bbox 683 272 689 278; x_wconf 92' lang='grc'>.</span> 
     </span>
    </p>
   </div>
   <div class='ocr_carea' id='block_1_3' title="bbox 169 301 958 345">
    <p class='ocr_par' dir='ltr' id='par_1_3' title="bbox 169 301 958 345">
     <span class='ocr_line' id='line_1_3' title="bbox 169 301 958 345; baseline 0.013 -17"><span class='ocrx_word' id='word_1_5' title='bbox 169 301 403 345; x_wconf 31' lang='grc' dir='ltr'><strong>Πεξὶτῷνβκατᾲ</strong></span> <span class='ocrx_word' id='word_1_6' title='bbox 411 308 516 345; x_wconf 58' lang='lat' dir='ltr'><strong>adﬂate</strong></span> <span class='ocrx_word' id='word_1_7' title='bbox 531 309 731 342; x_wconf 56' lang='grc' dir='ltr'>χρηστηριᾶυν,</span> <span class='ocrx_word' id='word_1_8' title='bbox 751 310 799 336; x_wconf 78' lang='grc' dir='ltr'><strong>καὶ</strong></span> <span class='ocrx_word' id='word_1_9' title='bbox 813 307 857 337; x_wconf 85' lang='grc' dir='ltr'><strong>ὧν</strong></span> <span class='ocrx_word' id='word_1_10' title='bbox 870 311 958 345; x_wconf 75' lang='grc' dir='ltr'>μάλι-</span> 
     </span>
    </p>
   </div>
   <div class='ocr_carea' id='block_1_4' title="bbox 203 339 958 379">
    <p class='ocr_par' dir='ltr' id='par_1_4' title="bbox 203 339 958 379">
     <span class='ocr_line' id='line_1_4' title="bbox 203 339 958 379; baseline 0.011 -15"><span class='ocrx_word' id='word_1_11' title='bbox 203 339 294 379; x_wconf 53' lang='grc' dir='ltr'>ξισῗιξ</span> <span class='ocrx_word' id='word_1_12' title='bbox 303 339 556 379; x_wconf 55' lang='grc' dir='ltr'>διαζεθρύλλητὰῖ</span> <span class='ocrx_word' id='word_1_13' title='bbox 578 339 612 370; x_wconf 68' lang='grc' dir='ltr'>τὰ</span> <span class='ocrx_word' id='word_1_14' title='bbox 628 339 752 378; x_wconf 63' lang='grc' dir='ltr'>λῖαντεῗα</span> <span class='ocrx_word' id='word_1_15' title='bbox 773 346 807 371; x_wconf 78' lang='grc' dir='ltr'><strong>ὲν</strong></span> <span class='ocrx_word' id='word_1_16' title='bbox 828 339 958 379; x_wconf 58' lang='grc' dir='ltr'>παῖδαδό-</span> 
     </span>
    </p>
   </div>
   <div class='ocr_carea' id='block_1_5' title="bbox 204 373 957 416">
    <p class='ocr_par' dir='ltr' id='par_1_5' title="bbox 204 373 957 416">
     <span class='ocr_line' id='line_1_5' title="bbox 204 373 957 416; baseline 0.012 -17"><span class='ocrx_word' id='word_1_17' title='bbox 204 373 266 416; x_wconf 65' lang='grc' dir='ltr'>ξοις</span> <span class='ocrx_word' id='word_1_18' title='bbox 277 373 429 409; x_wconf 63' lang='grc' dir='ltr'>δαιμόνων</span> <span class='ocrx_word' id='word_1_19' title='bbox 452 373 654 416; x_wconf 56' lang='grc' dir='ltr'>ἐπιμανείιιιξ·</span> <span class='ocrx_word' id='word_1_20' title='bbox 675 380 733 407; x_wconf 79' lang='grc' dir='ltr'>τίνι</span> <span class='ocrx_word' id='word_1_21' title='bbox 752 389 784 407; x_wconf 85' lang='grc' dir='ltr'><strong>τε</strong></span> <span class='ocrx_word' id='word_1_22' title='bbox 805 373 885 416; x_wconf 74' lang='grc' dir='ltr'><strong>λόγῷ</strong></span> <span class='ocrx_word' id='word_1_23' title='bbox 908 382 957 409; x_wconf 82' lang='grc' dir='ltr'><strong>καὶ</strong></span> 
     </span>
    </p>
   </div>
   <div class='ocr_carea' id='block_1_6' title="bbox 204 410 608 448">
    <p class='ocr_par' dir='ltr' id='par_1_6' title="bbox 204 410 608 448">
     <span class='ocr_line' id='line_1_6' title="bbox 204 410 608 448; baseline 0.015 -14"><span class='ocrx_word' id='word_1_24' title='bbox 204 410 315 436; x_wconf 78' lang='grc' dir='ltr'>τούτων</span> <span class='ocrx_word' id='word_1_25' title='bbox 331 410 608 448; x_wconf 62' lang='grc' dir='ltr'>κατεφρονήσαμεν.</span> 
     </span>
    </p>
   </div>
   <div class='ocr_carea' id='block_1_7' title="bbox 459 471 672 498">
    <p class='ocr_par' dir='ltr' id='par_1_7' title="bbox 459 471 672 498">
     <span class='ocr_line' id='line_1_7' title="bbox 459 471 672 498; baseline 0 -2"><span class='ocrx_word' id='word_1_26' title='bbox 459 471 672 498; x_wconf 85' lang='grc' dir='ltr'><strong>ΠΡΟΟΙΜΙΟΝ.</strong></span> 
     </span>
    </p>
   </div>
   <div class='ocr_carea' id='block_1_8' title="bbox 203 519 957 565">
    <p class='ocr_par' dir='ltr' id='par_1_8' title="bbox 203 519 957 565">
     <span class='ocr_line' id='line_1_8' title="bbox 203 519 957 565; baseline 0.015 -20"><span class='ocrx_word' id='word_1_27' title='bbox 203 519 239 546; x_wconf 78' lang='grc' dir='ltr'><strong>Τὸ</strong></span> <span class='ocrx_word' id='word_1_28' title='bbox 254 521 343 556; x_wconf 86' lang='grc' dir='ltr'>τρίτον</span> <span class='ocrx_word' id='word_1_29' title='bbox 358 521 428 556; x_wconf 76' lang='grc' dir='ltr'>εἶδος</span> <span class='ocrx_word' id='word_1_30' title='bbox 444 525 493 560; x_wconf 83' lang='grc' dir='ltr'>τῆς</span> <span class='ocrx_word' id='word_1_31' title='bbox 505 525 633 553; x_wconf 81' lang='grc' dir='ltr'>πολυθέου</span> <span class='ocrx_word' id='word_1_32' title='bbox 646 525 758 563; x_wconf 78' lang='grc' dir='ltr'><strong>πλάνης,</strong></span> <span class='ocrx_word' id='word_1_33' title='bbox 772 528 818 563; x_wconf 76' lang='grc' dir='ltr'><strong>ἀφ’</strong></span> <span class='ocrx_word' id='word_1_34' title='bbox 834 526 868 565; x_wconf 86' lang='grc' dir='ltr'>ἦς</span> <span class='ocrx_word' id='word_1_35' title='bbox 878 528 957 556; x_wconf 83' lang='grc' dir='ltr'>δυνά-</span> 
     </span>
    </p>
   </div>
   <div class='ocr_carea' id='block_1_9' title="bbox 166 565 956 611">
    <p class='ocr_par' dir='ltr' id='par_1_9' title="bbox 166 565 956 611">
     <span class='ocr_line' id='line_1_9' title="bbox 166 565 956 611; baseline 0.014 -20"><span class='ocrx_word' id='word_1_36' title='bbox 166 574 212 600; x_wconf 80' lang='grc' dir='ltr'><strong>μει</strong></span> <span class='ocrx_word' id='word_1_37' title='bbox 223 565 271 593; x_wconf 76' lang='grc' dir='ltr'><strong>καὶ</strong></span> <span class='ocrx_word' id='word_1_38' title='bbox 284 567 429 605; x_wconf 72' lang='grc' dir='ltr'>εὐεργεσίᾳ</span> <span class='ocrx_word' id='word_1_39' title='bbox 443 570 489 597; x_wconf 78' lang='grc' dir='ltr'>τοῦ</span> <span class='ocrx_word' id='word_1_40' title='bbox 501 570 646 607; x_wconf 73' lang='grc' dir='ltr'>Λυτρωτοῦ</span> <span class='ocrx_word' id='word_1_41' title='bbox 668 573 715 600; x_wconf 81' lang='grc' dir='ltr'><strong>καὶ</strong></span> <span class='ocrx_word' id='word_1_42' title='bbox 735 574 860 610; x_wconf 81' lang='grc' dir='ltr'><strong>Σωτῆρος</strong></span> <span class='ocrx_word' id='word_1_43' title='bbox 877 575 956 611; x_wconf 84' lang='grc' dir='ltr'>ἡμῶν</span> 
     </span>
    </p>
   </div>
   <div class='ocr_carea' id='block_1_10' title="bbox 171 611 956 658">
    <p class='ocr_par' dir='ltr' id='par_1_10' title="bbox 171 611 956 658">
     <span class='ocr_line' id='line_1_10' title="bbox 171 611 956 658; baseline 0.014 -21"><span class='ocrx_word' id='word_1_44' title='bbox 171 611 259 648; x_wconf 79' lang='grc' dir='ltr'><strong>Ἰησοῦ</strong></span> <span class='ocrx_word' id='word_1_45' title='bbox 272 614 390 649; x_wconf 74' lang='grc' dir='ltr'>Χριστοῦ</span> <span class='ocrx_word' id='word_1_46' title='bbox 405 616 639 654; x_wconf 71' lang='grc' dir='ltr'><strong>ἠλευθερώθημεν,</strong></span> <span class='ocrx_word' id='word_1_47' title='bbox 649 619 724 654; x_wconf 78' lang='grc' dir='ltr'>ἐντῷ</span> <span class='ocrx_word' id='word_1_48' title='bbox 737 621 858 656; x_wconf 83' lang='grc' dir='ltr'>τετάρτῳ</span> <span class='ocrx_word' id='word_1_49' title='bbox 870 622 956 658; x_wconf 80' lang='grc' dir='ltr'>τούτῳ</span> 
     </span>
    </p>
   </div>
   <div class='ocr_carea' id='block_1_11' title="bbox 165 659 958 701">
    <p class='ocr_par' dir='ltr' id='par_1_11' title="bbox 165 659 958 701">
     <span class='ocr_line' id='line_1_11' title="bbox 165 659 958 701; baseline 0.011 -15"><span class='ocrx_word' id='word_1_50' title='bbox 165 659 413 697; x_wconf 78' lang='grc' dir='ltr'>συγγράμματιτῆς</span> <span class='ocrx_word' id='word_1_51' title='bbox 429 664 636 699; x_wconf 71' lang='grc' dir='ltr'>Εὐαγγελικῆς</span> <span class='ocrx_word' id='word_1_52' title='bbox 644 668 896 701; x_wconf 73' lang='grc' dir='ltr'>προπαρασκευῆς</span> <span class='ocrx_word' id='word_1_53' title='bbox 903 678 958 696; x_wconf 81' lang='grc' dir='ltr'>και-</span> 
     </span>
    </p>
   </div>
   <div class='ocr_carea' id='block_1_12' title="bbox 165 704 954 748">
    <p class='ocr_par' dir='ltr' id='par_1_12' title="bbox 165 704 954 748">
     <span class='ocr_line' id='line_1_12' title="bbox 165 704 954 748; baseline 0.013 -17"><span class='ocrx_word' id='word_1_54' title='bbox 165 704 212 740; x_wconf 75' lang='grc' dir='ltr'><strong>ρὸς</strong></span> <span class='ocrx_word' id='word_1_55' title='bbox 228 706 374 741; x_wconf 79' lang='grc' dir='ltr'>ἀπελέγξαι</span> <span class='ocrx_word' id='word_1_56' title='bbox 390 708 477 736; x_wconf 83' lang='grc' dir='ltr'>καλεῖ.</span> <span class='ocrx_word' id='word_1_57' title='bbox 501 710 609 746; x_wconf 80' lang='grc' dir='ltr'>Ἐπειδὴ</span> <span class='ocrx_word' id='word_1_58' title='bbox 622 711 677 747; x_wconf 78' lang='grc' dir='ltr'>γὰρ</span> <span class='ocrx_word' id='word_1_59' title='bbox 689 711 719 738; x_wconf 80' lang='grc' dir='ltr'><strong>τὸ</strong></span> <span class='ocrx_word' id='word_1_60' title='bbox 732 713 786 739; x_wconf 76' lang='grc' dir='ltr'>πᾶν</span> <span class='ocrx_word' id='word_1_61' title='bbox 800 713 852 748; x_wconf 79' lang='grc' dir='ltr'>τῆς</span> <span class='ocrx_word' id='word_1_62' title='bbox 866 713 954 741; x_wconf 88' lang='grc' dir='ltr'>θεολο-</span> 
     </span>
    </p>
   </div>
   <div class='ocr_carea' id='block_1_13' title="bbox 162 750 951 795">
    <p class='ocr_par' dir='ltr' id='par_1_13' title="bbox 162 750 951 795">
     <span class='ocr_line' id='line_1_13' title="bbox 162 750 951 795; baseline 0.014 -19"><span class='ocrx_word' id='word_1_63' title='bbox 162 750 226 784; x_wconf 79' lang='grc' dir='ltr'>γίας</span> <span class='ocrx_word' id='word_1_64' title='bbox 243 752 332 780; x_wconf 79' lang='grc' dir='ltr'>αὐτῶν</span> <span class='ocrx_word' id='word_1_65' title='bbox 356 752 426 786; x_wconf 81' lang='grc' dir='ltr'>εἶδος</span> <span class='ocrx_word' id='word_1_66' title='bbox 443 756 482 787; x_wconf 82' lang='grc' dir='ltr'><strong>είς</strong></span> <span class='ocrx_word' id='word_1_67' title='bbox 504 757 567 792; x_wconf 84' lang='grc' dir='ltr'>τρία</span> <span class='ocrx_word' id='word_1_68' title='bbox 589 757 769 794; x_wconf 67' lang='grc' dir='ltr'><strong>γενικώτερον</strong></span> <span class='ocrx_word' id='word_1_69' title='bbox 787 759 951 795; x_wconf 81' lang='grc' dir='ltr'><strong>διαιροῦσιν·</strong></span> 
     </span>
    </p>
   </div>
   <div class='ocr_carea' id='block_1_14' title="bbox 161 795 952 840">
    <p class='ocr_par' dir='ltr' id='par_1_14' title="bbox 161 795 952 840">
     <span class='ocr_line' id='line_1_14' title="bbox 161 795 952 840; baseline 0.011 -18"><span class='ocrx_word' id='word_1_70' title='bbox 161 795 203 827; x_wconf 76' lang='grc' dir='ltr'>εἷς</span> <span class='ocrx_word' id='word_1_71' title='bbox 222 805 252 823; x_wconf 86' lang='grc' dir='ltr'><strong>τε</strong></span> <span class='ocrx_word' id='word_1_72' title='bbox 267 797 298 824; x_wconf 73' lang='grc' dir='ltr'><strong>τὸ</strong></span> <span class='ocrx_word' id='word_1_73' title='bbox 312 797 436 833; x_wconf 70' lang='grc' dir='ltr'>μυθικὸν,</span> <span class='ocrx_word' id='word_1_74' title='bbox 461 801 514 827; x_wconf 78' lang='grc' dir='ltr'><strong>ὑπὸ</strong></span> <span class='ocrx_word' id='word_1_75' title='bbox 528 801 582 828; x_wconf 84' lang='grc' dir='ltr'>τῶν</span> <span class='ocrx_word' id='word_1_76' title='bbox 605 802 724 838; x_wconf 77' lang='grc' dir='ltr'>ποιητῶν</span> <span class='ocrx_word' id='word_1_77' title='bbox 742 805 952 840; x_wconf 80' lang='grc' dir='ltr'>τετραγῳδημέ-</span> 
     </span>
    </p>
   </div>
   <div class='ocr_carea' id='block_1_15' title="bbox 160 842 953 884">
    <p class='ocr_par' dir='ltr' id='par_1_15' title="bbox 160 842 953 884">
     <span class='ocr_line' id='line_1_15' title="bbox 160 842 953 884; baseline 0.011 -17"><span class='ocrx_word' id='word_1_78' title='bbox 160 849 217 875; x_wconf 85' lang='grc' dir='ltr'>νον,</span> <span class='ocrx_word' id='word_1_79' title='bbox 237 842 284 869; x_wconf 72' lang='grc' dir='ltr'><strong>καὶ</strong></span> <span class='ocrx_word' id='word_1_80' title='bbox 304 844 344 876; x_wconf 80' lang='grc' dir='ltr'><strong>είς</strong></span> <span class='ocrx_word' id='word_1_81' title='bbox 361 843 391 870; x_wconf 85' lang='grc' dir='ltr'>τδ</span> <span class='ocrx_word' id='word_1_82' title='bbox 407 846 536 880; x_wconf 68' lang='grc' dir='ltr'>φυσικὸν,</span> <span class='ocrx_word' id='word_1_83' title='bbox 551 846 581 873; x_wconf 71' lang='grc' dir='ltr'>τὸ</span> <span class='ocrx_word' id='word_1_84' title='bbox 595 847 627 883; x_wconf 82' lang='grc' dir='ltr'><strong>δὴ</strong></span> <span class='ocrx_word' id='word_1_85' title='bbox 643 848 711 882; x_wconf 83' lang='grc' dir='ltr'>πρὸς</span> <span class='ocrx_word' id='word_1_86' title='bbox 727 848 782 875; x_wconf 83' lang='grc' dir='ltr'><strong>τῶν</strong></span> <span class='ocrx_word' id='word_1_87' title='bbox 800 849 953 884; x_wconf 68' lang='grc' dir='ltr'>φιλοσόφων</span> 
     </span>
    </p>
   </div>
   <div class='ocr_carea' id='block_1_16' title="bbox 161 886 952 928">
    <p class='ocr_par' dir='ltr' id='par_1_16' title="bbox 161 886 952 928">
     <span class='ocr_line' id='line_1_16' title="bbox 161 886 952 928; baseline 0.013 -16"><span class='ocrx_word' id='word_1_88' title='bbox 161 886 349 924; x_wconf 75' lang='grc' dir='ltr'>ἑφευρημένον</span> <span class='ocrx_word' id='word_1_89' title='bbox 360 909 367 921; x_wconf 94' lang='grc'><strong>,</strong></span> <span class='ocrx_word' id='word_1_90' title='bbox 387 889 428 922; x_wconf 75' lang='grc' dir='ltr'>εἷς</span> <span class='ocrx_word' id='word_1_91' title='bbox 453 899 482 917; x_wconf 83' lang='grc' dir='ltr'><strong>τε</strong></span> <span class='ocrx_word' id='word_1_92' title='bbox 496 892 526 918; x_wconf 70' lang='grc' dir='ltr'>τὸ</span> <span class='ocrx_word' id='word_1_93' title='bbox 548 892 616 928; x_wconf 81' lang='grc' dir='ltr'>πρὸς</span> <span class='ocrx_word' id='word_1_94' title='bbox 629 893 682 919; x_wconf 84' lang='grc' dir='ltr'>τῶν</span> <span class='ocrx_word' id='word_1_95' title='bbox 697 894 786 928; x_wconf 85' lang='grc' dir='ltr'>νόμων</span> <span class='ocrx_word' id='word_1_96' title='bbox 805 894 952 922; x_wconf 74' lang='grc' dir='ltr'>διεκδικού-</span> 
     </span>
    </p>
   </div>
   <div class='ocr_carea' id='block_1_17' title="bbox 161 934 950 977">
    <p class='ocr_par' dir='ltr' id='par_1_17' title="bbox 161 934 950 977">
     <span class='ocr_line' id='line_1_17' title="bbox 161 934 950 977; baseline 0.011 -18"><span class='ocrx_word' id='word_1_97' title='bbox 161 941 254 967; x_wconf 82' lang='grc' dir='ltr'>μενον,</span> <span class='ocrx_word' id='word_1_98' title='bbox 278 934 307 961; x_wconf 74' lang='grc' dir='ltr'>ὲν</span> <span class='ocrx_word' id='word_1_99' title='bbox 331 935 434 973; x_wconf 78' lang='grc' dir='ltr'>ἑκάστῃ</span> <span class='ocrx_word' id='word_1_100' title='bbox 459 937 534 964; x_wconf 86' lang='grc' dir='ltr'>πόλει</span> <span class='ocrx_word' id='word_1_101' title='bbox 553 939 600 965; x_wconf 69' lang='grc' dir='ltr'>καὶ</span> <span class='ocrx_word' id='word_1_102' title='bbox 622 938 699 975; x_wconf 79' lang='grc' dir='ltr'>χώρᾳ</span> <span class='ocrx_word' id='word_1_103' title='bbox 726 941 950 977; x_wconf 61' lang='grc' dir='ltr'>πεφυλαγμένονν</span> 
     </span>
    </p>
   </div>
   <div class='ocr_carea' id='block_1_18' title="bbox 158 978 949 1020">
    <p class='ocr_par' dir='ltr' id='par_1_18' title="bbox 158 978 949 1020">
     <span class='ocr_line' id='line_1_18' title="bbox 158 978 949 1020; baseline 0.011 -16"><span class='ocrx_word' id='word_1_104' title='bbox 158 978 263 1006; x_wconf 80' lang='grc' dir='ltr'>τούτων</span> <span class='ocrx_word' id='word_1_105' title='bbox 273 979 302 1006; x_wconf 79' lang='grc' dir='ltr'><strong>δὲ</strong></span> <span class='ocrx_word' id='word_1_106' title='bbox 317 980 388 1016; x_wconf 82' lang='grc' dir='ltr'>μέρη</span> <span class='ocrx_word' id='word_1_107' title='bbox 399 981 445 1008; x_wconf 86' lang='grc' dir='ltr'><strong>δύο</strong></span> <span class='ocrx_word' id='word_1_108' title='bbox 459 982 508 1018; x_wconf 71' lang='grc' dir='ltr'><strong>ἤδη</strong></span> <span class='ocrx_word' id='word_1_109' title='bbox 525 983 656 1019; x_wconf 81' lang='grc' dir='ltr'>πρότερον</span> <span class='ocrx_word' id='word_1_110' title='bbox 669 983 714 1010; x_wconf 82' lang='grc' dir='ltr'>διὰ</span> <span class='ocrx_word' id='word_1_111' title='bbox 725 985 779 1011; x_wconf 88' lang='grc' dir='ltr'>τῶν</span> <span class='ocrx_word' id='word_1_112' title='bbox 791 986 843 1020; x_wconf 80' lang='grc' dir='ltr'><strong>πρὸ</strong></span> <span class='ocrx_word' id='word_1_113' title='bbox 856 986 949 1013; x_wconf 82' lang='grc' dir='ltr'>τούτου</span> 
     </span>
    </p>
   </div>
   <div class='ocr_carea' id='block_1_19' title="bbox 160 1026 950 1068">
    <p class='ocr_par' dir='ltr' id='par_1_19' title="bbox 160 1026 950 1068">
     <span class='ocr_line' id='line_1_19' title="bbox 160 1026 950 1068; baseline 0.01 -16"><span class='ocrx_word' id='word_1_114' title='bbox 160 1026 386 1062; x_wconf 80' lang='grc' dir='ltr'><strong>συγγραμμάτων</strong></span> <span class='ocrx_word' id='word_1_115' title='bbox 410 1029 478 1064; x_wconf 77' lang='grc' dir='ltr'>ἡμῖν</span> <span class='ocrx_word' id='word_1_116' title='bbox 499 1029 664 1065; x_wconf 76' lang='grc' dir='ltr'>ὲξήπλωται,</span> <span class='ocrx_word' id='word_1_117' title='bbox 681 1030 711 1056; x_wconf 84' lang='grc' dir='ltr'>τό</span> <span class='ocrx_word' id='word_1_118' title='bbox 727 1039 756 1056; x_wconf 85' lang='grc' dir='ltr'><strong>τε</strong></span> <span class='ocrx_word' id='word_1_119' title='bbox 771 1032 916 1068; x_wconf 74' lang='grc' dir='ltr'>ἱστορικὸν,</span> <span class='ocrx_word' id='word_1_120' title='bbox 936 1034 950 1060; x_wconf 87' lang='grc' dir='ltr'><strong>ὃ</strong></span> 
     </span>
    </p>
   </div>
   <div class='ocr_carea' id='block_1_20' title="bbox 158 1071 950 1116">
    <p class='ocr_par' dir='ltr' id='par_1_20' title="bbox 158 1071 950 1116">
     <span class='ocr_line' id='line_1_20' title="bbox 158 1071 950 1116; baseline 0.013 -19"><span class='ocrx_word' id='word_1_121' title='bbox 158 1071 190 1106; x_wconf 71' lang='grc' dir='ltr'><strong>δὴ</strong></span> <span class='ocrx_word' id='word_1_122' title='bbox 208 1071 322 1106; x_wconf 78' lang='grc' dir='ltr'><strong>μυθικὸν</strong></span> <span class='ocrx_word' id='word_1_123' title='bbox 344 1073 399 1109; x_wconf 77' lang='grc'><strong>(19)</strong></span> <span class='ocrx_word' id='word_1_124' title='bbox 424 1075 607 1109; x_wconf 78' lang='grc' dir='ltr'><strong>ἀποκαλοῦσι,</strong></span> <span class='ocrx_word' id='word_1_125' title='bbox 625 1078 672 1105; x_wconf 72' lang='grc' dir='ltr'><strong>καὶ</strong></span> <span class='ocrx_word' id='word_1_126' title='bbox 694 1080 724 1106; x_wconf 73' lang='grc' dir='ltr'><strong>τὸ</strong></span> <span class='ocrx_word' id='word_1_127' title='bbox 746 1080 950 1116; x_wconf 75' lang='grc' dir='ltr'>ὲπαναὸεϐηκὺς</span> 
     </span>
    </p>
   </div>
   <div class='ocr_carea' id='block_1_21' title="bbox 156 1117 948 1162">
    <p class='ocr_par' dir='ltr' id='par_1_21' title="bbox 156 1117 948 1162">
     <span class='ocr_line' id='line_1_21' title="bbox 156 1117 948 1162; baseline 0.015 -20"><span class='ocrx_word' id='word_1_128' title='bbox 156 1117 222 1149; x_wconf 68' lang='grc' dir='ltr'>τοὺς</span> <span class='ocrx_word' id='word_1_129' title='bbox 244 1117 361 1153; x_wconf 82' lang='grc' dir='ltr'><strong>μύθους,</strong></span> <span class='ocrx_word' id='word_1_130' title='bbox 378 1119 393 1146; x_wconf 81' lang='grc' dir='ltr'><strong>ὃ</strong></span> <span class='ocrx_word' id='word_1_131' title='bbox 408 1120 440 1156; x_wconf 83' lang='grc' dir='ltr'><strong>δὴ</strong></span> <span class='ocrx_word' id='word_1_132' title='bbox 457 1122 586 1156; x_wconf 64' lang='grc' dir='ltr'>φυσικᾶν,</span> <span class='ocrx_word' id='word_1_133' title='bbox 607 1123 623 1159; x_wconf 83' lang='grc' dir='ltr'>ἧ</span> <span class='ocrx_word' id='word_1_134' title='bbox 650 1124 815 1161; x_wconf 83' lang='grc' dir='ltr'>Θεωρητικὸν</span> <span class='ocrx_word' id='word_1_135' title='bbox 827 1146 834 1158; x_wconf 87' lang='grc'><strong>,</strong></span> <span class='ocrx_word' id='word_1_136' title='bbox 862 1126 878 1161; x_wconf 84' lang='grc' dir='ltr'>ἢ</span> <span class='ocrx_word' id='word_1_137' title='bbox 896 1127 948 1162; x_wconf 78' lang='grc' dir='ltr'>ὅπη</span> 
     </span>
    </p>
   </div>
   <div class='ocr_carea' id='block_1_22' title="bbox 156 1162 948 1208">
    <p class='ocr_par' dir='ltr' id='par_1_22' title="bbox 156 1162 948 1208">
     <span class='ocr_line' id='line_1_22' title="bbox 156 1162 948 1208; baseline 0.013 -20"><span class='ocrx_word' id='word_1_138' title='bbox 156 1162 226 1200; x_wconf 80' lang='grc' dir='ltr'>ἄλλῃ</span> <span class='ocrx_word' id='word_1_139' title='bbox 249 1163 388 1200; x_wconf 73' lang='grc' dir='ltr'>χαίρουσιν</span> <span class='ocrx_word' id='word_1_140' title='bbox 406 1169 671 1204; x_wconf 72' lang='grc' dir='ltr'>προσαγορεύοντεςο</span> <span class='ocrx_word' id='word_1_141' title='bbox 699 1171 795 1207; x_wconf 76' lang='grc' dir='ltr'>καιρὸς</span> <span class='ocrx_word' id='word_1_142' title='bbox 815 1172 848 1199; x_wconf 87' lang='grc' dir='ltr'><strong>ἂν</strong></span> <span class='ocrx_word' id='word_1_143' title='bbox 861 1172 902 1208; x_wconf 75' lang='grc' dir='ltr'>εἴη</span> <span class='ocrx_word' id='word_1_144' title='bbox 918 1173 948 1198; x_wconf 80' lang='grc' dir='ltr'>τὸ</span> 
     </span>
    </p>
   </div>
   <div class='ocr_carea' id='block_1_23' title="bbox 155 1209 948 1249">
    <p class='ocr_par' dir='ltr' id='par_1_23' title="bbox 155 1209 948 1249">
     <span class='ocr_line' id='line_1_23' title="bbox 155 1209 948 1249; baseline 0.013 -13"><span class='ocrx_word' id='word_1_145' title='bbox 155 1209 248 1245; x_wconf 81' lang='grc' dir='ltr'>τρίτον</span> <span class='ocrx_word' id='word_1_146' title='bbox 263 1211 310 1238; x_wconf 70' lang='grc' dir='ltr'><strong>ἐπὶ</strong></span> <span class='ocrx_word' id='word_1_147' title='bbox 324 1212 371 1239; x_wconf 79' lang='grc' dir='ltr'><strong>τοῦ</strong></span> <span class='ocrx_word' id='word_1_148' title='bbox 387 1213 521 1249; x_wconf 81' lang='grc' dir='ltr'><strong>παρόντος</strong></span> <span class='ocrx_word' id='word_1_149' title='bbox 541 1215 671 1248; x_wconf 74' lang='grc' dir='ltr'>διελθεῖν,</span> <span class='ocrx_word' id='word_1_150' title='bbox 691 1217 770 1244; x_wconf 84' lang='grc' dir='ltr'>τοῦτο</span> <span class='ocrx_word' id='word_1_151' title='bbox 792 1219 820 1245; x_wconf 81' lang='grc' dir='ltr'><strong>δέ</strong></span> <span class='ocrx_word' id='word_1_152' title='bbox 841 1220 898 1246; x_wconf 81' lang='grc' dir='ltr'>ἐστι</span> <span class='ocrx_word' id='word_1_153' title='bbox 918 1219 948 1246; x_wconf 70' lang='grc' dir='ltr'>τὺ</span> 
     </span>
    </p>
   </div>
   <div class='ocr_carea' id='block_1_24' title="bbox 155 1256 947 1296">
    <p class='ocr_par' dir='ltr' id='par_1_24' title="bbox 155 1256 947 1296">
     <span class='ocr_line' id='line_1_24' title="bbox 155 1256 947 1296; baseline 0.011 -14"><span class='ocrx_word' id='word_1_154' title='bbox 155 1256 229 1284; x_wconf 76' lang='grc' dir='ltr'>κατὰ</span> <span class='ocrx_word' id='word_1_155' title='bbox 248 1257 340 1289; x_wconf 83' lang='grc' dir='ltr'>πόλεις</span> <span class='ocrx_word' id='word_1_156' title='bbox 362 1259 409 1286; x_wconf 75' lang='grc' dir='ltr'>καὶ</span> <span class='ocrx_word' id='word_1_157' title='bbox 432 1259 524 1295; x_wconf 82' lang='grc' dir='ltr'>χώρας</span> <span class='ocrx_word' id='word_1_158' title='bbox 548 1259 692 1294; x_wconf 52' lang='lat' dir='ltr'><strong>caveam,”</strong></span> <span class='ocrx_word' id='word_1_159' title='bbox 705 1263 842 1291; x_wconf 80' lang='grc' dir='ltr'>πολιτικὸν</span> <span class='ocrx_word' id='word_1_160' title='bbox 857 1264 947 1296; x_wconf 74' lang='grc' dir='ltr'>αὐτοῖς</span> 
     </span>
    </p>
   </div>
   <div class='ocr_carea' id='block_1_25' title="bbox 157 1304 946 1345">
    <p class='ocr_par' dir='ltr' id='par_1_25' title="bbox 157 1304 946 1345">
     <span class='ocr_line' id='line_1_25' title="bbox 157 1304 946 1345; baseline 0.011 -17"><span class='ocrx_word' id='word_1_161' title='bbox 157 1304 428 1340; x_wconf 81' lang='grc' dir='ltr'>προσαγορευόμενον</span> <span class='ocrx_word' id='word_1_162' title='bbox 440 1313 447 1321; x_wconf 81' lang='grc' dir='ltr'><strong>ο</strong></span> <span class='ocrx_word' id='word_1_163' title='bbox 472 1305 486 1332; x_wconf 80' lang='grc' dir='ltr'><strong>ὃ</strong></span> <span class='ocrx_word' id='word_1_164' title='bbox 500 1307 547 1333; x_wconf 81' lang='grc' dir='ltr'>καὶ</span> <span class='ocrx_word' id='word_1_165' title='bbox 565 1307 680 1342; x_wconf 82' lang='grc' dir='ltr'>μάλιστα</span> <span class='ocrx_word' id='word_1_166' title='bbox 701 1309 769 1344; x_wconf 78' lang='grc' dir='ltr'>πρὸς</span> <span class='ocrx_word' id='word_1_167' title='bbox 788 1310 841 1336; x_wconf 85' lang='grc' dir='ltr'><strong>τῶν</strong></span> <span class='ocrx_word' id='word_1_168' title='bbox 857 1310 946 1345; x_wconf 76' lang='grc' dir='ltr'>νόμων</span> 
     </span>
    </p>
   </div>
   <div class='ocr_carea' id='block_1_26' title="bbox 154 1347 946 1388">
    <p class='ocr_par' dir='ltr' id='par_1_26' title="bbox 154 1347 946 1388">
     <span class='ocr_line' id='line_1_26' title="bbox 154 1347 946 1388; baseline 0.01 -15"><span class='ocrx_word' id='word_1_169' title='bbox 154 1347 339 1380; x_wconf 79' lang='grc' dir='ltr'>διεκδικεῖται,</span> <span class='ocrx_word' id='word_1_170' title='bbox 359 1349 397 1381; x_wconf 80' lang='grc' dir='ltr'>ὡς</span> <span class='ocrx_word' id='word_1_171' title='bbox 418 1349 451 1376; x_wconf 82' lang='grc' dir='ltr'>ἃν</span> <span class='ocrx_word' id='word_1_172' title='bbox 472 1350 585 1378; x_wconf 69' lang='grc' dir='ltr'>παλαιὸν</span> <span class='ocrx_word' id='word_1_173' title='bbox 609 1352 676 1387; x_wconf 76' lang='grc' dir='ltr'>ὁμοῦ</span> <span class='ocrx_word' id='word_1_174' title='bbox 694 1354 741 1380; x_wconf 76' lang='grc' dir='ltr'>καὶ</span> <span class='ocrx_word' id='word_1_175' title='bbox 759 1354 882 1388; x_wconf 71' lang='grc' dir='ltr'>πάτριον,</span> <span class='ocrx_word' id='word_1_176' title='bbox 899 1356 946 1381; x_wconf 75' lang='grc' dir='ltr'><strong>καὶ</strong></span> 
     </span>
    </p>
   </div>
   <div class='ocr_carea' id='block_1_27' title="bbox 155 1393 947 1436">
    <p class='ocr_par' dir='ltr' id='par_1_27' title="bbox 155 1393 947 1436">
     <span class='ocr_line' id='line_1_27' title="bbox 155 1393 947 1436; baseline 0.01 -17"><span class='ocrx_word' id='word_1_177' title='bbox 155 1393 206 1429; x_wconf 85' lang='grc' dir='ltr'><strong>τῆς</strong></span> <span class='ocrx_word' id='word_1_178' title='bbox 221 1393 276 1420; x_wconf 79' lang='grc' dir='ltr'><strong>τῶν</strong></span> <span class='ocrx_word' id='word_1_179' title='bbox 290 1394 508 1431; x_wconf 81' lang='grc' dir='ltr'>θεολογουμένων</span> <span class='ocrx_word' id='word_1_180' title='bbox 521 1397 661 1432; x_wconf 83' lang='grc' dir='ltr'>δυνάμεως</span> <span class='ocrx_word' id='word_1_181' title='bbox 679 1399 792 1426; x_wconf 78' lang='grc' dir='ltr'>αὐτόθεν</span> <span class='ocrx_word' id='word_1_182' title='bbox 814 1400 863 1436; x_wconf 82' lang='grc' dir='ltr'>τὴν</span> <span class='ocrx_word' id='word_1_183' title='bbox 884 1401 947 1436; x_wconf 83' lang='grc' dir='ltr'>ἁρε-</span> 
     </span>
    </p>
   </div>
   <div class='ocr_carea' id='block_1_28' title="bbox 153 1439 946 1480">
    <p class='ocr_par' dir='ltr' id='par_1_28' title="bbox 153 1439 946 1480">
     <span class='ocr_line' id='line_1_28' title="bbox 153 1439 946 1480; baseline 0.009 -14"><span class='ocrx_word' id='word_1_184' title='bbox 153 1439 203 1475; x_wconf 78' lang='grc' dir='ltr'>τὴν</span> <span class='ocrx_word' id='word_1_185' title='bbox 219 1440 378 1475; x_wconf 69' lang='grc' dir='ltr'>ύποφαῐνον.</span> <span class='ocrx_word' id='word_1_186' title='bbox 391 1442 620 1479; x_wconf 84' lang='grc' dir='ltr'>Διατεθρύλληται</span> <span class='ocrx_word' id='word_1_187' title='bbox 635 1444 700 1478; x_wconf 76' lang='grc' dir='ltr'>γοῦν</span> <span class='ocrx_word' id='word_1_188' title='bbox 715 1445 807 1476; x_wconf 76' lang='grc' dir='ltr'>αὐτοῖς</span> <span class='ocrx_word' id='word_1_189' title='bbox 830 1448 946 1480; x_wconf 88' lang='grc' dir='ltr'>μαντεῖα</span> 
     </span>
    </p>
   </div>
   <div class='ocr_carea' id='block_1_29' title="bbox 153 1485 946 1524">
    <p class='ocr_par' dir='ltr' id='par_1_29' title="bbox 153 1485 946 1524">
     <span class='ocr_line' id='line_1_29' title="bbox 153 1485 946 1524; baseline 0.009 -13"><span class='ocrx_word' id='word_1_190' title='bbox 153 1485 201 1512; x_wconf 76' lang='grc' dir='ltr'><strong>καὶ</strong></span> <span class='ocrx_word' id='word_1_191' title='bbox 211 1487 340 1522; x_wconf 74' lang='grc' dir='ltr'>χρησμοὶ,</span> <span class='ocrx_word' id='word_1_192' title='bbox 359 1486 539 1524; x_wconf 83' lang='grc' dir='ltr'>θεραπεῖαίτε</span> <span class='ocrx_word' id='word_1_193' title='bbox 557 1492 602 1515; x_wconf 72' lang='grc' dir='ltr'><strong>καὶ</strong></span> <span class='ocrx_word' id='word_1_194' title='bbox 615 1489 723 1522; x_wconf 77' lang='grc' dir='ltr'>ἁκέσεις</span> <span class='ocrx_word' id='word_1_195' title='bbox 745 1491 877 1517; x_wconf 82' lang='grc' dir='ltr'>παντοίων</span> <span class='ocrx_word' id='word_1_196' title='bbox 895 1500 946 1519; x_wconf 87' lang='grc' dir='ltr'>πα-</span> 
     </span>
    </p>
   </div>
   <div class='ocr_carea' id='block_1_30' title="bbox 154 1531 944 1573">
    <p class='ocr_par' dir='ltr' id='par_1_30' title="bbox 154 1531 944 1573">
     <span class='ocr_line' id='line_1_30' title="bbox 154 1531 944 1573; baseline 0.009 -15"><span class='ocrx_word' id='word_1_197' title='bbox 154 1531 219 1564; x_wconf 82' lang='grc' dir='ltr'>θῶν,</span> <span class='ocrx_word' id='word_1_198' title='bbox 236 1533 400 1569; x_wconf 76' lang='grc' dir='ltr'>ἐπισκήψεις</span> <span class='ocrx_word' id='word_1_199' title='bbox 411 1542 441 1560; x_wconf 83' lang='grc' dir='ltr'><strong>τε</strong></span> <span class='ocrx_word' id='word_1_200' title='bbox 454 1535 524 1561; x_wconf 82' lang='grc' dir='ltr'><strong>κατὰ</strong></span> <span class='ocrx_word' id='word_1_201' title='bbox 537 1535 642 1562; x_wconf 69' lang='grc' dir='ltr'>ἀσεϐῶν</span> <span class='ocrx_word' id='word_1_202' title='bbox 653 1545 659 1551; x_wconf 94' lang='grc'><strong>·</strong></span> <span class='ocrx_word' id='word_1_203' title='bbox 675 1533 711 1564; x_wconf 83' lang='grc' dir='ltr'>ὧν</span> <span class='ocrx_word' id='word_1_204' title='bbox 722 1537 753 1573; x_wconf 85' lang='grc' dir='ltr'><strong>δὴ</strong></span> <span class='ocrx_word' id='word_1_205' title='bbox 769 1538 815 1564; x_wconf 82' lang='grc' dir='ltr'>καὶ</span> <span class='ocrx_word' id='word_1_206' title='bbox 826 1538 870 1564; x_wconf 75' lang='grc' dir='ltr'><strong>διὰ</strong></span> <span class='ocrx_word' id='word_1_207' title='bbox 883 1538 944 1565; x_wconf 82' lang='grc' dir='ltr'>πεί-</span> 
     </span>
    </p>
   </div>
   <div class='ocr_carea' id='block_1_31' title="bbox 758 184 1216 217">
    <p class='ocr_par' dir='ltr' id='par_1_31' title="bbox 758 184 1216 217">
     <span class='ocr_line' id='line_1_31' title="bbox 758 184 1216 217; baseline 0.013 -6"><span class='ocrx_word' id='word_1_208' title='bbox 758 184 921 214; x_wconf 70' lang='grc' dir='ltr'><strong>ΡΚᾸΞΡΑΒ,</strong></span> <span class='ocrx_word' id='word_1_209' title='bbox 942 186 1070 216; x_wconf 79' lang='lat' dir='ltr'><strong>EVANG.</strong></span> <span class='ocrx_word' id='word_1_210' title='bbox 1092 188 1155 216; x_wconf 83' lang='lat' dir='ltr'><strong>LIB.</strong></span> <span class='ocrx_word' id='word_1_211' title='bbox 1171 189 1216 217; x_wconf 82' lang='lat' dir='ltr'><strong>IV.</strong></span> 
     </span>
    </p>
   </div>
   <div class='ocr_carea' id='block_1_32' title="bbox 1744 196 1796 224">
    <p class='ocr_par' dir='ltr' id='par_1_32' title="bbox 1744 196 1796 224">
     <span class='ocr_line' id='line_1_32' title="bbox 1744 196 1796 224; baseline 0 0"><span class='ocrx_word' id='word_1_212' title='bbox 1744 196 1796 224; x_wconf 72' lang='lat'><strong>250</strong></span> 
     </span>
    </p>
   </div>
   <div class='ocr_carea' id='block_1_33' title="bbox 1010 302 1796 346">
    <p class='ocr_par' dir='ltr' id='par_1_33' title="bbox 1010 302 1796 346">
     <span class='ocr_line' id='line_1_33' title="bbox 1010 302 1796 346; baseline 0.011 -17"><span class='ocrx_word' id='word_1_213' title='bbox 1010 302 1048 329; x_wconf 82' lang='lat' dir='ltr'><strong>De</strong></span> <span class='ocrx_word' id='word_1_214' title='bbox 1062 303 1228 331; x_wconf 76' lang='lat' dir='ltr'><strong>diversarum</strong></span> <span class='ocrx_word' id='word_1_215' title='bbox 1239 306 1345 346; x_wconf 71' lang='lat' dir='ltr'><strong>urbium</strong></span> <span class='ocrx_word' id='word_1_216' title='bbox 1358 307 1484 338; x_wconf 76' lang='lat' dir='ltr'><strong>oraculis,</strong></span> <span class='ocrx_word' id='word_1_217' title='bbox 1495 309 1583 346; x_wconf 70' lang='lat' dir='ltr'><strong>iisque</strong></span> <span class='ocrx_word' id='word_1_218' title='bbox 1596 310 1720 342; x_wconf 66' lang='lat' dir='ltr'><strong>maxime,</strong></span> <span class='ocrx_word' id='word_1_219' title='bbox 1730 320 1796 346; x_wconf 82' lang='lat' dir='ltr'><strong>quo-</strong></span> 
     </span>
    </p>
   </div>
   <div class='ocr_carea' id='block_1_34' title="bbox 1045 342 1796 376">
    <p class='ocr_par' dir='ltr' id='par_1_34' title="bbox 1045 342 1796 376">
     <span class='ocr_line' id='line_1_34' title="bbox 1045 342 1796 376; baseline 0.012 -12"><span class='ocrx_word' id='word_1_220' title='bbox 1045 347 1169 376; x_wconf 16' lang='lat' dir='ltr'><strong>rum‘prw</strong></span> <span class='ocrx_word' id='word_1_221' title='bbox 1183 342 1284 367; x_wconf 60' lang='lat' dir='ltr'><strong>coleris</strong></span> <span class='ocrx_word' id='word_1_222' title='bbox 1310 350 1433 376; x_wconf 67' lang='lat' dir='ltr'><strong>responsa</strong></span> <span class='ocrx_word' id='word_1_223' title='bbox 1462 342 1644 375; x_wconf 78' lang='lat' dir='ltr'><strong>celebrantur,</strong></span> <span class='ocrx_word' id='word_1_224' title='bbox 1667 342 1796 374; x_wconf 60' lang='lat' dir='ltr'><strong>damoni-</strong></span> 
     </span>
    </p>
   </div>
   <div class='ocr_carea' id='block_1_35' title="bbox 1044 373 1796 416">
    <p class='ocr_par' dir='ltr' id='par_1_35' title="bbox 1044 373 1796 416">
     <span class='ocr_line' id='line_1_35' title="bbox 1044 373 1796 416; baseline 0.013 -17"><span class='ocrx_word' id='word_1_225' title='bbox 1044 373 1096 413; x_wconf 60' lang='lat' dir='ltr'><strong>bus</strong></span> <span class='ocrx_word' id='word_1_226' title='bbox 1105 374 1282 416; x_wconf 64' lang='lat' dir='ltr'><strong>inexspectato</strong></span> <span class='ocrx_word' id='word_1_227' title='bbox 1294 373 1355 403; x_wconf 61' lang='grc' dir='ltr'><strong>καθ’</strong></span> <span class='ocrx_word' id='word_1_228' title='bbox 1367 378 1453 411; x_wconf 81' lang='lat' dir='ltr'><strong>[arma</strong></span> <span class='ocrx_word' id='word_1_229' title='bbox 1464 373 1659 406; x_wconf 64' lang='lat' dir='ltr'><strong>ostendentibus</strong></span> <span class='ocrx_word' id='word_1_230' title='bbox 1672 388 1681 407; x_wconf 93' lang='lat'><em>:</em></span> <span class='ocrx_word' id='word_1_231' title='bbox 1693 373 1796 416; x_wconf 64' lang='lat' dir='ltr'><strong>quoque</strong></span> 
     </span>
    </p>
   </div>
   <div class='ocr_carea' id='block_1_36' title="bbox 1044 412 1637 448">
    <p class='ocr_par' dir='ltr' id='par_1_36' title="bbox 1044 412 1637 448">
     <span class='ocr_line' id='line_1_36' title="bbox 1044 412 1637 448; baseline 0.012 -14"><span class='ocrx_word' id='word_1_232' title='bbox 1044 415 1146 436; x_wconf 75' lang='lat' dir='ltr'><strong>ratione</strong></span> <span class='ocrx_word' id='word_1_233' title='bbox 1161 412 1284 444; x_wconf 77' lang='lat' dir='ltr'><strong>permoti,</strong></span> <span class='ocrx_word' id='word_1_234' title='bbox 1297 420 1327 438; x_wconf 88' lang='lat' dir='ltr'><strong>ea</strong></span> <span class='ocrx_word' id='word_1_235' title='bbox 1341 421 1441 447; x_wconf 83' lang='lat' dir='ltr'><strong>quoque</strong></span> <span class='ocrx_word' id='word_1_236' title='bbox 1454 415 1637 448; x_wconf 72' lang='lat' dir='ltr'><strong>sprererimus.</strong></span> 
     </span>
    </p>
   </div>
   <div class='ocr_carea' id='block_1_37' title="bbox 1289 468 1517 498">
    <p class='ocr_par' dir='ltr' id='par_1_37' title="bbox 1289 468 1517 498">
     <span class='ocr_line' id='line_1_37' title="bbox 1289 468 1517 498; baseline 0.004 -2"><span class='ocrx_word' id='word_1_237' title='bbox 1289 468 1401 497; x_wconf 68' lang='grc' dir='ltr'>ρηοαῖ</span> <span class='ocrx_word' id='word_1_238' title='bbox 1405 470 1430 497; x_wconf 87' lang='grc' dir='ltr'><em>Μ</em></span> <span class='ocrx_word' id='word_1_239' title='bbox 1436 470 1449 497; x_wconf 92' lang='grc'><em>1</em></span> <span class='ocrx_word' id='word_1_240' title='bbox 1454 470 1517 498; x_wconf 80' lang='lat' dir='ltr'><strong>UM.</strong></span> 
     </span>
    </p>
   </div>
   <div class='ocr_carea' id='block_1_38' title="bbox 1044 522 1794 563">
    <p class='ocr_par' dir='ltr' id='par_1_38' title="bbox 1044 522 1794 563">
     <span class='ocr_line' id='line_1_38' title="bbox 1044 522 1794 563; baseline 0.013 -14"><span class='ocrx_word' id='word_1_241' title='bbox 1044 522 1183 558; x_wconf 69' lang='lat' dir='ltr'><strong>Susceptae</strong></span> <span class='ocrx_word' id='word_1_242' title='bbox 1192 525 1384 560; x_wconf 84' lang='lat' dir='ltr'><strong>disputationis</strong></span> <span class='ocrx_word' id='word_1_243' title='bbox 1395 529 1464 555; x_wconf 86' lang='lat' dir='ltr'><strong>ordo</strong></span> <span class='ocrx_word' id='word_1_244' title='bbox 1475 530 1603 563; x_wconf 75' lang='lat' dir='ltr'><strong>postulat,</strong></span> <span class='ocrx_word' id='word_1_245' title='bbox 1628 535 1658 557; x_wconf 88' lang='lat' dir='ltr'><strong>ut</strong></span> <span class='ocrx_word' id='word_1_246' title='bbox 1684 532 1794 560; x_wconf 92' lang='lat' dir='ltr'><strong>tertiam</strong></span> 
     </span>
    </p>
   </div>
   <div class='ocr_carea' id='block_1_39' title="bbox 1008 567 1792 606">
    <p class='ocr_par' dir='ltr' id='par_1_39' title="bbox 1008 567 1792 606">
     <span class='ocr_line' id='line_1_39' title="bbox 1008 567 1792 606; baseline 0.013 -12"><span class='ocrx_word' id='word_1_247' title='bbox 1008 567 1080 596; x_wconf 90' lang='lat' dir='ltr'><strong>illius</strong></span> <span class='ocrx_word' id='word_1_248' title='bbox 1097 570 1198 597; x_wconf 82' lang='lat' dir='ltr'><strong>erroris</strong></span> <span class='ocrx_word' id='word_1_249' title='bbox 1211 576 1313 605; x_wconf 86' lang='lat' dir='ltr'><strong>partem</strong></span> <span class='ocrx_word' id='word_1_250' title='bbox 1329 573 1376 606; x_wconf 90' lang='lat' dir='ltr'><strong>qui</strong></span> <span class='ocrx_word' id='word_1_251' title='bbox 1397 573 1508 600; x_wconf 86' lang='lat' dir='ltr'><strong>deorum</strong></span> <span class='ocrx_word' id='word_1_252' title='bbox 1526 575 1727 604; x_wconf 78' lang='lat' dir='ltr'><strong>multitudinem</strong></span> <span class='ocrx_word' id='word_1_253' title='bbox 1749 578 1792 604; x_wconf 86' lang='lat' dir='ltr'><strong>itt-</strong></span> 
     </span>
    </p>
   </div>
   <div class='ocr_carea' id='block_1_40' title="bbox 1007 615 1794 654">
    <p class='ocr_par' dir='ltr' id='par_1_40' title="bbox 1007 615 1794 654">
     <span class='ocr_line' id='line_1_40' title="bbox 1007 615 1794 654; baseline 0.013 -14"><span class='ocrx_word' id='word_1_254' title='bbox 1007 615 1090 645; x_wconf 80' lang='lat' dir='ltr'><strong>vexit.</strong></span> <span class='ocrx_word' id='word_1_255' title='bbox 1104 615 1182 649; x_wconf 79' lang='lat'><strong>130</strong></span> <span class='ocrx_word' id='word_1_256' title='bbox 1189 624 1297 651; x_wconf 86' lang='lat' dir='ltr'><strong>quoque</strong></span> <span class='ocrx_word' id='word_1_257' title='bbox 1308 617 1413 644; x_wconf 85' lang='lat' dir='ltr'><strong>liberati</strong></span> <span class='ocrx_word' id='word_1_258' title='bbox 1429 617 1614 654; x_wconf 66' lang='lat' dir='ltr'><strong>Redemptoxis</strong></span> <span class='ocrx_word' id='word_1_259' title='bbox 1628 620 1794 650; x_wconf 74' lang='lat' dir='ltr'><strong>Servatoris-</strong></span> 
     </span>
    </p>
   </div>
   <div class='ocr_carea' id='block_1_41' title="bbox 1006 660 1792 702">
    <p class='ocr_par' dir='ltr' id='par_1_41' title="bbox 1006 660 1792 702">
     <span class='ocr_line' id='line_1_41' title="bbox 1006 660 1792 702; baseline 0.013 -17"><span class='ocrx_word' id='word_1_260' title='bbox 1006 667 1060 694; x_wconf 83' lang='lat' dir='ltr'><strong>que</strong></span> <span class='ocrx_word' id='word_1_261' title='bbox 1076 661 1161 687; x_wconf 85' lang='lat' dir='ltr'><strong>nostri</strong></span> <span class='ocrx_word' id='word_1_262' title='bbox 1177 660 1240 688; x_wconf 83' lang='lat' dir='ltr'><strong>Jesu</strong></span> <span class='ocrx_word' id='word_1_263' title='bbox 1261 661 1362 689; x_wconf 85' lang='lat' dir='ltr'><strong>Christi</strong></span> <span class='ocrx_word' id='word_1_264' title='bbox 1376 663 1474 690; x_wconf 84' lang='lat' dir='ltr'><strong>virtute</strong></span> <span class='ocrx_word' id='word_1_265' title='bbox 1487 665 1671 700; x_wconf 77' lang='lat' dir='ltr'><strong>beneficioque</strong></span> <span class='ocrx_word' id='word_1_266' title='bbox 1688 675 1792 702; x_wconf 70' lang='lat' dir='ltr'><strong>sumus,</strong></span> 
     </span>
    </p>
   </div>
   <div class='ocr_carea' id='block_1_42' title="bbox 1006 707 1794 746">
    <p class='ocr_par' dir='ltr' id='par_1_42' title="bbox 1006 707 1794 746">
     <span class='ocr_line' id='line_1_42' title="bbox 1006 707 1794 746; baseline 0.013 -13"><span class='ocrx_word' id='word_1_267' title='bbox 1006 712 1105 742; x_wconf 86' lang='lat' dir='ltr'><strong>quarto</strong></span> <span class='ocrx_word' id='word_1_268' title='bbox 1117 707 1170 736; x_wconf 89' lang='lat' dir='ltr'><strong>hoc</strong></span> <span class='ocrx_word' id='word_1_269' title='bbox 1184 707 1393 743; x_wconf 72' lang='lat' dir='ltr'><strong>Prceparutionis</strong></span> <span class='ocrx_word' id='word_1_270' title='bbox 1407 710 1571 746; x_wconf 76' lang='lat' dir='ltr'><strong>Evmtgelirte</strong></span> <span class='ocrx_word' id='word_1_271' title='bbox 1585 714 1652 740; x_wconf 89' lang='lat' dir='ltr'><strong>libro</strong></span> <span class='ocrx_word' id='word_1_272' title='bbox 1668 715 1794 743; x_wconf 61' lang='lat' dir='ltr'><strong>confulta--</strong></span> 
     </span>
    </p>
   </div>
   <div class='ocr_carea' id='block_1_43' title="bbox 1006 752 1792 793">
    <p class='ocr_par' dir='ltr' id='par_1_43' title="bbox 1006 752 1792 793">
     <span class='ocr_line' id='line_1_43' title="bbox 1006 752 1792 793; baseline 0.013 -14"><span class='ocrx_word' id='word_1_273' title='bbox 1006 760 1077 780; x_wconf 86' lang='lat' dir='ltr'><strong>mus.</strong></span> <span class='ocrx_word' id='word_1_274' title='bbox 1092 752 1161 780; x_wconf 88' lang='lat' dir='ltr'><strong>Cum</strong></span> <span class='ocrx_word' id='word_1_275' title='bbox 1176 755 1248 781; x_wconf 90' lang='lat' dir='ltr'><strong>enim</strong></span> <span class='ocrx_word' id='word_1_276' title='bbox 1264 755 1419 783; x_wconf 79' lang='lat' dir='ltr'><strong>universam</strong></span> <span class='ocrx_word' id='word_1_277' title='bbox 1434 757 1573 793; x_wconf 68' lang='lat' dir='ltr'><strong>theologia:</strong></span> <span class='ocrx_word' id='word_1_278' title='bbox 1588 768 1645 787; x_wconf 74' lang='lat' dir='ltr'><strong>sua:</strong></span> <span class='ocrx_word' id='word_1_279' title='bbox 1659 761 1792 788; x_wconf 89' lang='lat' dir='ltr'><strong>rationem</strong></span> 
     </span>
    </p>
   </div>
   <div class='ocr_carea' id='block_1_44' title="bbox 1005 798 1792 839">
    <p class='ocr_par' dir='ltr' id='par_1_44' title="bbox 1005 798 1792 839">
     <span class='ocr_line' id='line_1_44' title="bbox 1005 798 1792 839; baseline 0.013 -15"><span class='ocrx_word' id='word_1_280' title='bbox 1005 798 1032 825; x_wconf 89' lang='lat' dir='ltr'><strong>in</strong></span> <span class='ocrx_word' id='word_1_281' title='bbox 1046 798 1097 825; x_wconf 86' lang='lat' dir='ltr'><strong>tria</strong></span> <span class='ocrx_word' id='word_1_282' title='bbox 1111 799 1193 826; x_wconf 88' lang='lat' dir='ltr'><strong>veluti</strong></span> <span class='ocrx_word' id='word_1_283' title='bbox 1211 802 1400 828; x_wconf 86' lang='lat' dir='ltr'><strong>communiora</strong></span> <span class='ocrx_word' id='word_1_284' title='bbox 1414 810 1512 837; x_wconf 82' lang='lat' dir='ltr'><strong>genera</strong></span> <span class='ocrx_word' id='word_1_285' title='bbox 1529 805 1691 839; x_wconf 85' lang='lat' dir='ltr'><strong>partiamur,</strong></span> <span class='ocrx_word' id='word_1_286' title='bbox 1718 806 1792 833; x_wconf 79' lang='lat' dir='ltr'><strong>fabu-</strong></span> 
     </span>
    </p>
   </div>
   <div class='ocr_carea' id='block_1_45' title="bbox 1005 842 1791 886">
    <p class='ocr_par' dir='ltr' id='par_1_45' title="bbox 1005 842 1791 886">
     <span class='ocr_line' id='line_1_45' title="bbox 1005 842 1791 886; baseline 0.013 -16"><span class='ocrx_word' id='word_1_287' title='bbox 1005 842 1105 876; x_wconf 77' lang='lat' dir='ltr'><strong>losum.</strong></span> <span class='ocrx_word' id='word_1_288' title='bbox 1121 845 1192 879; x_wconf 85' lang='lat' dir='ltr'><strong>quod</strong></span> <span class='ocrx_word' id='word_1_289' title='bbox 1216 851 1358 880; x_wconf 71' lang='lat' dir='ltr'><strong>pet-tarum</strong></span> <span class='ocrx_word' id='word_1_290' title='bbox 1374 849 1499 876; x_wconf 87' lang='lat' dir='ltr'><strong>versibus</strong></span> <span class='ocrx_word' id='word_1_291' title='bbox 1516 858 1601 884; x_wconf 86' lang='lat' dir='ltr'><strong>usque</strong></span> <span class='ocrx_word' id='word_1_292' title='bbox 1619 852 1687 878; x_wconf 84' lang='lat' dir='ltr'><strong>adeo</strong></span> <span class='ocrx_word' id='word_1_293' title='bbox 1702 852 1791 886; x_wconf 85' lang='lat' dir='ltr'><strong>jacta-</strong></span> 
     </span>
    </p>
   </div>
   <div class='ocr_carea' id='block_1_46' title="bbox 1005 893 1790 932">
    <p class='ocr_par' dir='ltr' id='par_1_46' title="bbox 1005 893 1790 932">
     <span class='ocr_line' id='line_1_46' title="bbox 1005 893 1790 932; baseline 0.01 -15"><span class='ocrx_word' id='word_1_294' title='bbox 1005 895 1061 917; x_wconf 90' lang='lat' dir='ltr'><strong>tttm</strong></span> <span class='ocrx_word' id='word_1_295' title='bbox 1075 896 1135 924; x_wconf 87' lang='lat' dir='ltr'><strong>est;</strong></span> <span class='ocrx_word' id='word_1_296' title='bbox 1154 893 1288 925; x_wconf 77' lang='lat' dir='ltr'><strong>naturale,</strong></span> <span class='ocrx_word' id='word_1_297' title='bbox 1300 894 1372 928; x_wconf 91' lang='lat' dir='ltr'><strong>quod</strong></span> <span class='ocrx_word' id='word_1_298' title='bbox 1393 903 1407 922; x_wconf 89' lang='lat' dir='ltr'><strong>a</strong></span> <span class='ocrx_word' id='word_1_299' title='bbox 1422 896 1593 930; x_wconf 74' lang='lat' dir='ltr'><strong>philosophis</strong></span> <span class='ocrx_word' id='word_1_300' title='bbox 1605 898 1790 932; x_wconf 80' lang='lat' dir='ltr'><strong>excogitatum</strong></span> 
     </span>
    </p>
   </div>
   <div class='ocr_carea' id='block_1_47' title="bbox 1003 936 1791 975">
    <p class='ocr_par' dir='ltr' id='par_1_47' title="bbox 1003 936 1791 975">
     <span class='ocr_line' id='line_1_47' title="bbox 1003 936 1791 975; baseline 0.01 -12"><span class='ocrx_word' id='word_1_301' title='bbox 1003 936 1073 969; x_wconf 76' lang='lat' dir='ltr'><strong>fuit;</strong></span> <span class='ocrx_word' id='word_1_302' title='bbox 1091 943 1117 964; x_wconf 86' lang='lat' dir='ltr'><strong>et</strong></span> <span class='ocrx_word' id='word_1_303' title='bbox 1136 938 1212 970; x_wconf 86' lang='lat' dir='ltr'><strong>illud,</strong></span> <span class='ocrx_word' id='word_1_304' title='bbox 1227 940 1298 974; x_wconf 85' lang='lat' dir='ltr'><strong>quod</strong></span> <span class='ocrx_word' id='word_1_305' title='bbox 1321 941 1408 975; x_wconf 79' lang='lat' dir='ltr'><strong>legum</strong></span> <span class='ocrx_word' id='word_1_306' title='bbox 1428 943 1591 969; x_wconf 84' lang='lat' dir='ltr'><strong>auctoritate</strong></span> <span class='ocrx_word' id='word_1_307' title='bbox 1610 951 1734 970; x_wconf 85' lang='lat' dir='ltr'><strong>sanctum</strong></span> <span class='ocrx_word' id='word_1_308' title='bbox 1750 950 1791 972; x_wconf 88' lang='lat' dir='ltr'><strong>at-</strong></span> 
     </span>
    </p>
   </div>
   <div class='ocr_carea' id='block_1_48' title="bbox 1002 985 1791 1023">
    <p class='ocr_par' dir='ltr' id='par_1_48' title="bbox 1002 985 1791 1023">
     <span class='ocr_line' id='line_1_48' title="bbox 1002 985 1791 1023; baseline 0.01 -14"><span class='ocrx_word' id='word_1_309' title='bbox 1002 990 1055 1017; x_wconf 86' lang='lat' dir='ltr'><strong>que</strong></span> <span class='ocrx_word' id='word_1_310' title='bbox 1066 986 1212 1017; x_wconf 83' lang='lat' dir='ltr'><strong>munitum,</strong></span> <span class='ocrx_word' id='word_1_311' title='bbox 1226 985 1252 1011; x_wconf 91' lang='lat' dir='ltr'><strong>in</strong></span> <span class='ocrx_word' id='word_1_312' title='bbox 1262 985 1376 1019; x_wconf 82' lang='lat' dir='ltr'><strong>singulis</strong></span> <span class='ocrx_word' id='word_1_313' title='bbox 1389 987 1502 1014; x_wconf 83' lang='lat' dir='ltr'><strong>urbibus</strong></span> <span class='ocrx_word' id='word_1_314' title='bbox 1518 996 1550 1015; x_wconf 88' lang='lat' dir='ltr'><strong>ac</strong></span> <span class='ocrx_word' id='word_1_315' title='bbox 1564 989 1720 1023; x_wconf 68' lang='lat' dir='ltr'><strong>regionibus</strong></span> <span class='ocrx_word' id='word_1_316' title='bbox 1734 998 1791 1017; x_wconf 86' lang='lat' dir='ltr'><strong>ser-</strong></span> 
     </span>
    </p>
   </div>
   <div class='ocr_carea' id='block_1_49' title="bbox 1001 1029 1790 1069">
    <p class='ocr_par' dir='ltr' id='par_1_49' title="bbox 1001 1029 1790 1069">
     <span class='ocr_line' id='line_1_49' title="bbox 1001 1029 1790 1069; baseline 0.01 -14"><span class='ocrx_word' id='word_1_317' title='bbox 1001 1029 1057 1055; x_wconf 86' lang='lat' dir='ltr'><strong>vari</strong></span> <span class='ocrx_word' id='word_1_318' title='bbox 1072 1031 1230 1058; x_wconf 80' lang='lat' dir='ltr'><strong>consuevit:</strong></span> <span class='ocrx_word' id='word_1_319' title='bbox 1248 1039 1280 1058; x_wconf 74' lang='lat' dir='ltr'><strong>ex</strong></span> <span class='ocrx_word' id='word_1_320' title='bbox 1298 1032 1330 1059; x_wconf 88' lang='lat' dir='ltr'><strong>iis</strong></span> <span class='ocrx_word' id='word_1_321' title='bbox 1344 1037 1434 1059; x_wconf 88' lang='lat' dir='ltr'><strong>autem</strong></span> <span class='ocrx_word' id='word_1_322' title='bbox 1451 1034 1506 1060; x_wconf 89' lang='lat' dir='ltr'><strong>duo</strong></span> <span class='ocrx_word' id='word_1_323' title='bbox 1522 1035 1579 1068; x_wconf 89' lang='lat' dir='ltr'><strong>jam</strong></span> <span class='ocrx_word' id='word_1_324' title='bbox 1601 1036 1790 1069; x_wconf 68' lang='lat' dir='ltr'><strong>superioribus</strong></span> 
     </span>
    </p>
   </div>
   <div class='ocr_carea' id='block_1_50' title="bbox 1000 1075 1790 1113">
    <p class='ocr_par' dir='ltr' id='par_1_50' title="bbox 1000 1075 1790 1113">
     <span class='ocr_line' id='line_1_50' title="bbox 1000 1075 1790 1113; baseline 0.009 -12"><span class='ocrx_word' id='word_1_325' title='bbox 1000 1075 1078 1102; x_wconf 84' lang='lat' dir='ltr'><strong>libris</strong></span> <span class='ocrx_word' id='word_1_326' title='bbox 1095 1076 1121 1102; x_wconf 91' lang='lat' dir='ltr'><strong>in</strong></span> <span class='ocrx_word' id='word_1_327' title='bbox 1135 1077 1258 1104; x_wconf 88' lang='lat' dir='ltr'><strong>omnium</strong></span> <span class='ocrx_word' id='word_1_328' title='bbox 1281 1078 1368 1105; x_wconf 88' lang='lat' dir='ltr'><strong>oculis</strong></span> <span class='ocrx_word' id='word_1_329' title='bbox 1386 1079 1572 1113; x_wconf 74' lang='lat' dir='ltr'><strong>posuerimus.</strong></span> <span class='ocrx_word' id='word_1_330' title='bbox 1590 1088 1651 1107; x_wconf 86' lang='lat' dir='ltr'><strong>cum</strong></span> <span class='ocrx_word' id='word_1_331' title='bbox 1680 1081 1790 1108; x_wconf 82' lang='lat' dir='ltr'><strong>histori-</strong></span> 
     </span>
    </p>
   </div>
   <div class='ocr_carea' id='block_1_51' title="bbox 1000 1122 1788 1159">
    <p class='ocr_par' dir='ltr' id='par_1_51' title="bbox 1000 1122 1788 1159">
     <span class='ocr_line' id='line_1_51' title="bbox 1000 1122 1788 1159; baseline 0.009 -12"><span class='ocrx_word' id='word_1_332' title='bbox 1000 1129 1072 1153; x_wconf 86' lang='lat' dir='ltr'><strong>cum,</strong></span> <span class='ocrx_word' id='word_1_333' title='bbox 1082 1122 1153 1156; x_wconf 85' lang='lat' dir='ltr'><strong>quod</strong></span> <span class='ocrx_word' id='word_1_334' title='bbox 1169 1122 1321 1150; x_wconf 78' lang='lat' dir='ltr'><strong>fabulosum</strong></span> <span class='ocrx_word' id='word_1_335' title='bbox 1334 1125 1487 1157; x_wconf 83' lang='lat' dir='ltr'><strong>nominant.</strong></span> <span class='ocrx_word' id='word_1_336' title='bbox 1502 1129 1558 1152; x_wconf 89' lang='lat' dir='ltr'><strong>tum</strong></span> <span class='ocrx_word' id='word_1_337' title='bbox 1569 1127 1650 1153; x_wconf 78' lang='lat' dir='ltr'><strong>etiam</strong></span> <span class='ocrx_word' id='word_1_338' title='bbox 1663 1127 1788 1159; x_wconf 73' lang='lat' dir='ltr'><strong>alterum,</strong></span> 
     </span>
    </p>
   </div>
   <div class='ocr_carea' id='block_1_52' title="bbox 999 1167 1786 1205">
    <p class='ocr_par' dir='ltr' id='par_1_52' title="bbox 999 1167 1786 1205">
     <span class='ocr_line' id='line_1_52' title="bbox 999 1167 1786 1205; baseline 0.009 -12"><span class='ocrx_word' id='word_1_339' title='bbox 999 1167 1071 1202; x_wconf 85' lang='lat' dir='ltr'><strong>quod</strong></span> <span class='ocrx_word' id='word_1_340' title='bbox 1089 1168 1194 1195; x_wconf 80' lang='lat' dir='ltr'><strong>fabulas</strong></span> <span class='ocrx_word' id='word_1_341' title='bbox 1213 1176 1310 1197; x_wconf 89' lang='lat' dir='ltr'><strong>omnes</strong></span> <span class='ocrx_word' id='word_1_342' title='bbox 1323 1176 1481 1205; x_wconf 76' lang='lat' dir='ltr'><strong>exsuperat,</strong></span> <span class='ocrx_word' id='word_1_343' title='bbox 1510 1172 1568 1198; x_wconf 85' lang='lat' dir='ltr'><strong>sive</strong></span> <span class='ocrx_word' id='word_1_344' title='bbox 1598 1172 1624 1199; x_wconf 82' lang='lat' dir='ltr'><strong>id</strong></span> <span class='ocrx_word' id='word_1_345' title='bbox 1654 1173 1786 1205; x_wconf 89' lang='lat' dir='ltr'><strong>naturale,</strong></span> 
     </span>
    </p>
   </div>
   <div class='ocr_carea' id='block_1_53' title="bbox 999 1213 1787 1253">
    <p class='ocr_par' dir='ltr' id='par_1_53' title="bbox 999 1213 1787 1253">
     <span class='ocr_line' id='line_1_53' title="bbox 999 1213 1787 1253; baseline 0.009 -14"><span class='ocrx_word' id='word_1_346' title='bbox 999 1213 1056 1240; x_wconf 87' lang='lat' dir='ltr'><strong>sive</strong></span> <span class='ocrx_word' id='word_1_347' title='bbox 1069 1215 1289 1249; x_wconf 80' lang='lat' dir='ltr'><strong>contemplationi</strong></span> <span class='ocrx_word' id='word_1_348' title='bbox 1312 1216 1460 1249; x_wconf 86' lang='lat' dir='ltr'><strong>addictum,</strong></span> <span class='ocrx_word' id='word_1_349' title='bbox 1479 1218 1535 1245; x_wconf 88' lang='lat' dir='ltr'><strong>sive</strong></span> <span class='ocrx_word' id='word_1_350' title='bbox 1552 1226 1715 1253; x_wconf 57' lang='lat' dir='ltr'><strong>quocunque</strong></span> <span class='ocrx_word' id='word_1_351' title='bbox 1733 1219 1787 1246; x_wconf 90' lang='lat' dir='ltr'><strong>alio</strong></span> 
     </span>
    </p>
   </div>
   <div class='ocr_carea' id='block_1_54' title="bbox 998 1259 1787 1297">
    <p class='ocr_par' dir='ltr' id='par_1_54' title="bbox 998 1259 1787 1297">
     <span class='ocr_line' id='line_1_54' title="bbox 998 1259 1787 1297; baseline 0.009 -12"><span class='ocrx_word' id='word_1_352' title='bbox 998 1259 1110 1287; x_wconf 88' lang='lat' dir='ltr'><strong>nomine</strong></span> <span class='ocrx_word' id='word_1_353' title='bbox 1121 1261 1256 1294; x_wconf 83' lang='lat' dir='ltr'><strong>appellare</strong></span> <span class='ocrx_word' id='word_1_354' title='bbox 1269 1262 1364 1288; x_wconf 86' lang='lat' dir='ltr'><strong>malint</strong></span> <span class='ocrx_word' id='word_1_355' title='bbox 1382 1272 1388 1289; x_wconf 89' lang='lat'><strong>:</strong></span> <span class='ocrx_word' id='word_1_356' title='bbox 1408 1264 1532 1297; x_wconf 83' lang='lat' dir='ltr'><strong>sequitur</strong></span> <span class='ocrx_word' id='word_1_357' title='bbox 1549 1265 1674 1297; x_wconf 82' lang='lat' dir='ltr'><strong>omnino,</strong></span> <span class='ocrx_word' id='word_1_358' title='bbox 1690 1270 1719 1291; x_wconf 92' lang='lat' dir='ltr'><strong>ut</strong></span> <span class='ocrx_word' id='word_1_359' title='bbox 1732 1271 1787 1292; x_wconf 80' lang='lat' dir='ltr'><strong>ter-</strong></span> 
     </span>
    </p>
   </div>
   <div class='ocr_carea' id='block_1_55' title="bbox 998 1305 1788 1344">
    <p class='ocr_par' dir='ltr' id='par_1_55' title="bbox 998 1305 1788 1344">
     <span class='ocr_line' id='line_1_55' title="bbox 998 1305 1788 1344; baseline 0.008 -13"><span class='ocrx_word' id='word_1_360' title='bbox 998 1305 1065 1331; x_wconf 85' lang='lat' dir='ltr'><strong>tium</strong></span> <span class='ocrx_word' id='word_1_361' title='bbox 1095 1305 1147 1333; x_wconf 87' lang='lat' dir='ltr'><strong>hoc</strong></span> <span class='ocrx_word' id='word_1_362' title='bbox 1164 1306 1293 1341; x_wconf 80' lang='lat' dir='ltr'><strong>deinceps</strong></span> <span class='ocrx_word' id='word_1_363' title='bbox 1329 1308 1467 1335; x_wconf 85' lang='lat' dir='ltr'><strong>volumine</strong></span> <span class='ocrx_word' id='word_1_364' title='bbox 1485 1316 1692 1344; x_wconf 76' lang='lat' dir='ltr'><strong>persequantur.</strong></span> <span class='ocrx_word' id='word_1_365' title='bbox 1720 1310 1788 1338; x_wconf 81' lang='lat' dir='ltr'><strong>Illud</strong></span> 
     </span>
    </p>
   </div>
   <div class='ocr_carea' id='block_1_56' title="bbox 999 1352 1789 1389">
    <p class='ocr_par' dir='ltr' id='par_1_56' title="bbox 999 1352 1789 1389">
     <span class='ocr_line' id='line_1_56' title="bbox 999 1352 1789 1389; baseline 0.009 -12"><span class='ocrx_word' id='word_1_366' title='bbox 999 1355 1089 1378; x_wconf 86' lang='lat' dir='ltr'><strong>autem</strong></span> <span class='ocrx_word' id='word_1_367' title='bbox 1109 1356 1161 1384; x_wconf 83' lang='lat' dir='ltr'><strong>est,</strong></span> <span class='ocrx_word' id='word_1_368' title='bbox 1181 1353 1253 1386; x_wconf 87' lang='lat' dir='ltr'><strong>quod</strong></span> <span class='ocrx_word' id='word_1_369' title='bbox 1281 1352 1344 1387; x_wconf 84' lang='lat' dir='ltr'><strong>quia</strong></span> <span class='ocrx_word' id='word_1_370' title='bbox 1359 1361 1406 1388; x_wconf 87' lang='lat' dir='ltr'><strong>per</strong></span> <span class='ocrx_word' id='word_1_371' title='bbox 1419 1354 1541 1389; x_wconf 81' lang='lat' dir='ltr'><strong>singulas</strong></span> <span class='ocrx_word' id='word_1_372' title='bbox 1557 1355 1682 1383; x_wconf 74' lang='lat' dir='ltr'><strong>civitates</strong></span> <span class='ocrx_word' id='word_1_373' title='bbox 1699 1364 1730 1383; x_wconf 85' lang='lat' dir='ltr'><strong>ac</strong></span> <span class='ocrx_word' id='word_1_374' title='bbox 1747 1365 1789 1384; x_wconf 85' lang='lat' dir='ltr'><strong>rc-</strong></span> 
     </span>
    </p>
   </div>
   <div class='ocr_carea' id='block_1_57' title="bbox 998 1395 1785 1435">
    <p class='ocr_par' dir='ltr' id='par_1_57' title="bbox 998 1395 1785 1435">
     <span class='ocr_line' id='line_1_57' title="bbox 998 1395 1785 1435; baseline 0.009 -14"><span class='ocrx_word' id='word_1_375' title='bbox 998 1395 1091 1430; x_wconf 82' lang='lat' dir='ltr'><strong>giones</strong></span> <span class='ocrx_word' id='word_1_376' title='bbox 1107 1397 1287 1424; x_wconf 87' lang='lat' dir='ltr'><strong>constitutum</strong></span> <span class='ocrx_word' id='word_1_377' title='bbox 1304 1397 1365 1431; x_wconf 78' lang='lat' dir='ltr'><strong>fuit,</strong></span> <span class='ocrx_word' id='word_1_378' title='bbox 1381 1398 1460 1425; x_wconf 81' lang='lat' dir='ltr'><strong>civile</strong></span> <span class='ocrx_word' id='word_1_379' title='bbox 1473 1399 1508 1425; x_wconf 89' lang='lat' dir='ltr'><strong>ab</strong></span> <span class='ocrx_word' id='word_1_380' title='bbox 1530 1399 1563 1426; x_wconf 89' lang='lat' dir='ltr'><strong>iis</strong></span> <span class='ocrx_word' id='word_1_381' title='bbox 1589 1406 1762 1435; x_wconf 83' lang='lat' dir='ltr'><strong>nuncupatur</strong></span> <span class='ocrx_word' id='word_1_382' title='bbox 1778 1410 1785 1434; x_wconf 87' lang='lat'><strong>;</strong></span> 
     </span>
    </p>
   </div>
   <div class='ocr_carea' id='block_1_58' title="bbox 998 1443 1786 1481">
    <p class='ocr_par' dir='ltr' id='par_1_58' title="bbox 998 1443 1786 1481">
     <span class='ocr_line' id='line_1_58' title="bbox 998 1443 1786 1481; baseline 0.009 -13"><span class='ocrx_word' id='word_1_383' title='bbox 998 1449 1086 1476; x_wconf 85' lang='lat' dir='ltr'><strong>eoque</strong></span> <span class='ocrx_word' id='word_1_384' title='bbox 1102 1443 1251 1477; x_wconf 67' lang='lat' dir='ltr'><strong>praasertim</strong></span> <span class='ocrx_word' id='word_1_385' title='bbox 1265 1443 1353 1478; x_wconf 79' lang='lat' dir='ltr'><strong>legum</strong></span> <span class='ocrx_word' id='word_1_386' title='bbox 1369 1447 1394 1471; x_wconf 87' lang='lat' dir='ltr'><strong>vi</strong></span> <span class='ocrx_word' id='word_1_387' title='bbox 1418 1445 1599 1480; x_wconf 69' lang='lat' dir='ltr'><strong>praesidioque</strong></span> <span class='ocrx_word' id='word_1_388' title='bbox 1612 1447 1765 1474; x_wconf 72' lang='lat' dir='ltr'><strong>defenditur</strong></span> <span class='ocrx_word' id='word_1_389' title='bbox 1777 1468 1786 1481; x_wconf 86' lang='lat'><strong>,</strong></span> 
     </span>
    </p>
   </div>
   <div class='ocr_carea' id='block_1_59' title="bbox 997 1488 1786 1526">
    <p class='ocr_par' dir='ltr' id='par_1_59' title="bbox 997 1488 1786 1526">
     <span class='ocr_line' id='line_1_59' title="bbox 997 1488 1786 1526; baseline 0.009 -13"><span class='ocrx_word' id='word_1_390' title='bbox 997 1488 1069 1522; x_wconf 68' lang='lat' dir='ltr'><strong>quod</strong></span> <span class='ocrx_word' id='word_1_391' title='bbox 1088 1496 1142 1515; x_wconf 91' lang='lat' dir='ltr'><strong>non</strong></span> <span class='ocrx_word' id='word_1_392' title='bbox 1168 1488 1310 1524; x_wconf 87' lang='lat' dir='ltr'><strong>antiquum</strong></span> <span class='ocrx_word' id='word_1_393' title='bbox 1335 1490 1417 1517; x_wconf 83' lang='lat' dir='ltr'><strong>modo</strong></span> <span class='ocrx_word' id='word_1_394' title='bbox 1431 1492 1604 1526; x_wconf 88' lang='lat' dir='ltr'><strong>patriumque</strong></span> <span class='ocrx_word' id='word_1_395' title='bbox 1629 1493 1675 1526; x_wconf 89' lang='lat' dir='ltr'><strong>sit,</strong></span> <span class='ocrx_word' id='word_1_396' title='bbox 1691 1501 1786 1520; x_wconf 87' lang='lat' dir='ltr'><strong>verum</strong></span> 
     </span>
    </p>
   </div>
   <div class='ocr_carea' id='block_1_60' title="bbox 997 1534 1786 1574">
    <p class='ocr_par' dir='ltr' id='par_1_60' title="bbox 997 1534 1786 1574">
     <span class='ocr_line' id='line_1_60' title="bbox 997 1534 1786 1574; baseline 0.008 -14"><span class='ocrx_word' id='word_1_397' title='bbox 997 1534 1078 1561; x_wconf 86' lang='lat' dir='ltr'><strong>etiam</strong></span> <span class='ocrx_word' id='word_1_398' title='bbox 1091 1541 1199 1567; x_wconf 89' lang='lat' dir='ltr'><strong>eorum,</strong></span> <span class='ocrx_word' id='word_1_399' title='bbox 1213 1541 1281 1570; x_wconf 91' lang='lat' dir='ltr'><strong>quos</strong></span> <span class='ocrx_word' id='word_1_400' title='bbox 1294 1535 1345 1570; x_wconf 87' lang='lat' dir='ltr'><strong>ipsi</strong></span> <span class='ocrx_word' id='word_1_401' title='bbox 1370 1536 1484 1563; x_wconf 84' lang='lat' dir='ltr'><strong>deorum</strong></span> <span class='ocrx_word' id='word_1_402' title='bbox 1498 1537 1524 1564; x_wconf 93' lang='lat' dir='ltr'><strong>in</strong></span> <span class='ocrx_word' id='word_1_403' title='bbox 1543 1537 1602 1565; x_wconf 92' lang='lat' dir='ltr'><strong>loco</strong></span> <span class='ocrx_word' id='word_1_404' title='bbox 1617 1546 1786 1574; x_wconf 84' lang='lat' dir='ltr'><strong>numeroque</strong></span> 
     </span>
    </p>
   </div>
   <div class='ocr_carea' id='block_1_61' title="bbox 155 1578 944 1622">
    <p class='ocr_par' dir='ltr' id='par_1_61' title="bbox 155 1578 942 1617">
     <span class='ocr_line' id='line_1_61' title="bbox 155 1578 942 1617; baseline 0.01 -14"><span class='ocrx_word' id='word_1_405' title='bbox 155 1585 206 1612; x_wconf 83' lang='grc' dir='ltr'><strong>ρας</strong></span> <span class='ocrx_word' id='word_1_406' title='bbox 221 1578 308 1605; x_wconf 69' lang='grc' dir='ltr'>ἐλθεῖν</span> <span class='ocrx_word' id='word_1_407' title='bbox 320 1579 480 1613; x_wconf 80' lang='grc' dir='ltr'>φάσκοντες,</span> <span class='ocrx_word' id='word_1_408' title='bbox 497 1578 525 1607; x_wconf 76' lang='grc' dir='ltr'>εὖ</span> <span class='ocrx_word' id='word_1_409' title='bbox 542 1582 616 1616; x_wconf 83' lang='grc' dir='ltr'>μάλα</span> <span class='ocrx_word' id='word_1_410' title='bbox 632 1583 796 1609; x_wconf 75' lang='grc' dir='ltr'>πεπείκασιν</span> <span class='ocrx_word' id='word_1_411' title='bbox 819 1584 942 1617; x_wconf 77' lang='grc' dir='ltr'>ἑαυτοὺς,</span> 
     </span>
    </p>
   </div>
   <div class='ocr_carea' id='block_1_62' title="bbox 996 1578 1786 1622">
    <p class='ocr_par' dir='ltr' id='par_1_62' title="bbox 996 1580 1786 1620">
     <span class='ocr_line' id='line_1_62' title="bbox 996 1580 1786 1620; baseline 0.008 -14"><span class='ocrx_word' id='word_1_412' title='bbox 996 1584 1112 1614; x_wconf 91' lang='lat' dir='ltr'><strong>ponunt,</strong></span> <span class='ocrx_word' id='word_1_413' title='bbox 1124 1580 1212 1608; x_wconf 87' lang='lat' dir='ltr'><strong>virtus</strong></span> <span class='ocrx_word' id='word_1_414' title='bbox 1229 1585 1309 1615; x_wconf 86' lang='lat' dir='ltr'><strong>atque</strong></span> <span class='ocrx_word' id='word_1_415' title='bbox 1320 1582 1450 1616; x_wconf 82' lang='lat' dir='ltr'><strong>potentia.</strong></span> <span class='ocrx_word' id='word_1_416' title='bbox 1470 1583 1521 1610; x_wconf 90' lang='lat' dir='ltr'><strong>hoc</strong></span> <span class='ocrx_word' id='word_1_417' title='bbox 1537 1588 1665 1619; x_wconf 87' lang='lat' dir='ltr'><strong>tanquam</strong></span> <span class='ocrx_word' id='word_1_418' title='bbox 1684 1585 1722 1612; x_wconf 89' lang='lat' dir='ltr'><strong>rei</strong></span> <span class='ocrx_word' id='word_1_419' title='bbox 1738 1593 1786 1620; x_wconf 89' lang='lat' dir='ltr'><strong>per</strong></span> 
     </span>
    </p>
   </div>
   <div class='ocr_carea' id='block_1_63' title="bbox 152 1623 943 1666">
    <p class='ocr_par' dir='ltr' id='par_1_63' title="bbox 152 1623 943 1666">
     <span class='ocr_line' id='line_1_63' title="bbox 152 1623 943 1666; baseline 0.01 -16"><span class='ocrx_word' id='word_1_420' title='bbox 152 1623 187 1650; x_wconf 74' lang='grc' dir='ltr'>τὰ</span> <span class='ocrx_word' id='word_1_421' title='bbox 199 1623 259 1651; x_wconf 77' lang='grc' dir='ltr'>θεῖα</span> <span class='ocrx_word' id='word_1_422' title='bbox 270 1625 418 1660; x_wconf 79' lang='grc' dir='ltr'>τιμῶντας,</span> <span class='ocrx_word' id='word_1_423' title='bbox 434 1626 470 1653; x_wconf 77' lang='grc' dir='ltr'>τὰ</span> <span class='ocrx_word' id='word_1_424' title='bbox 486 1627 578 1654; x_wconf 79' lang='grc' dir='ltr'>δίκαια</span> <span class='ocrx_word' id='word_1_425' title='bbox 600 1629 730 1666; x_wconf 82' lang='grc' dir='ltr'>πράττειν</span> <span class='ocrx_word' id='word_1_426' title='bbox 741 1638 747 1644; x_wconf 90' lang='grc'><strong>·</strong></span> <span class='ocrx_word' id='word_1_427' title='bbox 769 1631 842 1665; x_wconf 78' lang='grc' dir='ltr'>ἡμᾶς</span> <span class='ocrx_word' id='word_1_428' title='bbox 861 1631 889 1657; x_wconf 82' lang='grc' dir='ltr'><strong>δὲ</strong></span> <span class='ocrx_word' id='word_1_429' title='bbox 910 1631 943 1658; x_wconf 79' lang='grc' dir='ltr'>τὰ</span> 
     </span>
    </p>
   </div>
   <div class='ocr_carea' id='block_1_64' title="bbox 154 1669 944 1711">
    <p class='ocr_par' dir='ltr' id='par_1_64' title="bbox 154 1669 944 1711">
     <span class='ocr_line' id='line_1_64' title="bbox 154 1669 944 1711; baseline 0.008 -15"><span class='ocrx_word' id='word_1_430' title='bbox 154 1669 272 1705; x_wconf 80' lang='grc' dir='ltr'>μέγιστα</span> <span class='ocrx_word' id='word_1_431' title='bbox 283 1670 403 1703; x_wconf 73' lang='grc' dir='ltr'>ἀσεϐεῖν,</span> <span class='ocrx_word' id='word_1_432' title='bbox 412 1671 462 1704; x_wconf 79' lang='grc' dir='ltr'>τὰς</span> <span class='ocrx_word' id='word_1_433' title='bbox 474 1672 559 1704; x_wconf 74' lang='grc' dir='ltr'>οὕτως</span> <span class='ocrx_word' id='word_1_434' title='bbox 569 1674 700 1708; x_wconf 72' lang='grc' dir='ltr'>ἐμφανεῖς</span> <span class='ocrx_word' id='word_1_435' title='bbox 710 1675 756 1700; x_wconf 78' lang='grc' dir='ltr'>καὶ</span> <span class='ocrx_word' id='word_1_436' title='bbox 767 1675 944 1711; x_wconf 74' lang='grc' dir='ltr'>εὐεργετικὰς</span> 
     </span>
    </p>
   </div>
   <div class='ocr_carea' id='block_1_65' title="bbox 151 1715 942 1755">
    <p class='ocr_par' dir='ltr' id='par_1_65' title="bbox 151 1715 942 1755">
     <span class='ocr_line' id='line_1_65' title="bbox 151 1715 942 1755; baseline 0.008 -13"><span class='ocrx_word' id='word_1_437' title='bbox 151 1715 284 1751; x_wconf 68' lang='grc' dir='ltr'>δυνάμεις</span> <span class='ocrx_word' id='word_1_438' title='bbox 299 1717 328 1743; x_wconf 84' lang='grc' dir='ltr'>ἑν</span> <span class='ocrx_word' id='word_1_439' title='bbox 338 1717 425 1744; x_wconf 74' lang='grc' dir='ltr'>οὐδενὶ</span> <span class='ocrx_word' id='word_1_440' title='bbox 441 1718 512 1754; x_wconf 85' lang='grc' dir='ltr'>λόγῳ</span> <span class='ocrx_word' id='word_1_441' title='bbox 526 1719 693 1754; x_wconf 81' lang='grc' dir='ltr'>τιθεμένους,</span> <span class='ocrx_word' id='word_1_442' title='bbox 705 1720 834 1755; x_wconf 83' lang='grc' dir='ltr'>ἄντικρυς</span> <span class='ocrx_word' id='word_1_443' title='bbox 845 1721 873 1748; x_wconf 80' lang='grc' dir='ltr'><strong>δὲ</strong></span> <span class='ocrx_word' id='word_1_444' title='bbox 889 1729 942 1748; x_wconf 82' lang='grc' dir='ltr'>πα-</span> 
     </span>
    </p>
   </div>
   <div class='ocr_carea' id='block_1_66' title="bbox 154 1761 942 1802">
    <p class='ocr_par' dir='ltr' id='par_1_66' title="bbox 154 1761 942 1802">
     <span class='ocr_line' id='line_1_66' title="bbox 154 1761 942 1802; baseline 0.009 -15"><span class='ocrx_word' id='word_1_445' title='bbox 154 1761 339 1797; x_wconf 76' lang='grc' dir='ltr'>ρανομοῦντας</span> <span class='ocrx_word' id='word_1_446' title='bbox 349 1771 356 1779; x_wconf 89' lang='grc'>·</span> <span class='ocrx_word' id='word_1_447' title='bbox 368 1763 427 1790; x_wconf 82' lang='grc' dir='ltr'>δέον</span> <span class='ocrx_word' id='word_1_448' title='bbox 446 1764 533 1791; x_wconf 76' lang='grc' dir='ltr'>σέϐειν</span> <span class='ocrx_word' id='word_1_449' title='bbox 548 1765 662 1792; x_wconf 73' lang='grc' dir='ltr'>ἕκαστον</span> <span class='ocrx_word' id='word_1_450' title='bbox 678 1765 712 1792; x_wconf 85' lang='grc' dir='ltr'>τὰ</span> <span class='ocrx_word' id='word_1_451' title='bbox 729 1767 831 1802; x_wconf 78' lang='grc' dir='ltr'>πάτρια</span> <span class='ocrx_word' id='word_1_452' title='bbox 841 1787 848 1799; x_wconf 92' lang='grc'><strong>,</strong></span> <span class='ocrx_word' id='word_1_453' title='bbox 876 1767 942 1802; x_wconf 78' lang='grc' dir='ltr'>μηδὲ</span> 
     </span>
    </p>
   </div>
   <div class='ocr_carea' id='block_1_67' title="bbox 152 1807 943 1847">
    <p class='ocr_par' dir='ltr' id='par_1_67' title="bbox 152 1807 943 1847">
     <span class='ocr_line' id='line_1_67' title="bbox 152 1807 943 1847; baseline 0.005 -13"><span class='ocrx_word' id='word_1_454' title='bbox 152 1808 238 1834; x_wconf 74' lang='grc' dir='ltr'>κινεῖν</span> <span class='ocrx_word' id='word_1_455' title='bbox 252 1807 286 1834; x_wconf 77' lang='grc' dir='ltr'>τὰ</span> <span class='ocrx_word' id='word_1_456' title='bbox 297 1807 424 1844; x_wconf 81' lang='grc' dir='ltr'>ἀκίνητα,</span> <span class='ocrx_word' id='word_1_457' title='bbox 444 1812 559 1845; x_wconf 82' lang='grc' dir='ltr'>στοιχεῖν</span> <span class='ocrx_word' id='word_1_458' title='bbox 573 1809 601 1836; x_wconf 79' lang='grc' dir='ltr'><strong>δὲ</strong></span> <span class='ocrx_word' id='word_1_459' title='bbox 613 1811 659 1837; x_wconf 78' lang='grc' dir='ltr'>καὶ</span> <span class='ocrx_word' id='word_1_460' title='bbox 673 1811 822 1845; x_wconf 70' lang='grc' dir='ltr'>ἐφέπεσθαι</span> <span class='ocrx_word' id='word_1_461' title='bbox 840 1813 872 1847; x_wconf 85' lang='grc' dir='ltr'>τῇ</span> <span class='ocrx_word' id='word_1_462' title='bbox 888 1812 943 1838; x_wconf 85' lang='grc' dir='ltr'>τῶν</span> 
     </span>
    </p>
   </div>
   <div class='ocr_carea' id='block_1_68' title="bbox 152 1854 941 1893">
    <p class='ocr_par' dir='ltr' id='par_1_68' title="bbox 152 1854 941 1893">
     <span class='ocr_line' id='line_1_68' title="bbox 152 1854 941 1893; baseline 0.005 -13"><span class='ocrx_word' id='word_1_463' title='bbox 152 1854 336 1890; x_wconf 81' lang='grc' dir='ltr'>προπατόρων</span> <span class='ocrx_word' id='word_1_464' title='bbox 363 1855 505 1892; x_wconf 73' lang='grc' dir='ltr'>εὐσεϐείᾳ,</span> <span class='ocrx_word' id='word_1_465' title='bbox 535 1855 603 1882; x_wconf 83' lang='grc' dir='ltr'>ἀλλὰ</span> <span class='ocrx_word' id='word_1_466' title='bbox 636 1857 672 1892; x_wconf 83' lang='grc' dir='ltr'>μὴ</span> <span class='ocrx_word' id='word_1_467' title='bbox 703 1857 941 1893; x_wconf 74' lang='grc' dir='ltr'>πολυπραγμονεῖν</span> 
     </span>
    </p>
   </div>
   <div class='ocr_carea' id='block_1_69' title="bbox 150 1901 942 1938">
    <p class='ocr_par' dir='ltr' id='par_1_69' title="bbox 150 1901 942 1938">
     <span class='ocr_line' id='line_1_69' title="bbox 150 1901 942 1938; baseline 0.004 -11"><span class='ocrx_word' id='word_1_468' title='bbox 150 1901 234 1937; x_wconf 73' lang='grc' dir='ltr'>ἔρωτι</span> <span class='ocrx_word' id='word_1_469' title='bbox 252 1902 435 1938; x_wconf 84' lang='grc' dir='ltr'>καινοτομίας.</span> <span class='ocrx_word' id='word_1_470' title='bbox 454 1901 546 1938; x_wconf 82' lang='grc' dir='ltr'>Ταύτῃ</span> <span class='ocrx_word' id='word_1_471' title='bbox 565 1901 629 1936; x_wconf 75' lang='grc' dir='ltr'>γοῦν</span> <span class='ocrx_word' id='word_1_472' title='bbox 652 1911 731 1936; x_wconf 70' lang='grc' dir='ltr'>φασιν</span> <span class='ocrx_word' id='word_1_473' title='bbox 752 1904 870 1936; x_wconf 76' lang='grc' dir='ltr'>ἐπαξίως</span> <span class='ocrx_word' id='word_1_474' title='bbox 895 1904 942 1930; x_wconf 77' lang='grc' dir='ltr'><strong>καὶ</strong></span> 
     </span>
    </p>
   </div>
   <div class='ocr_carea' id='block_1_70' title="bbox 151 1948 941 1985">
    <p class='ocr_par' dir='ltr' id='par_1_70' title="bbox 151 1948 941 1985">
     <span class='ocr_line' id='line_1_70' title="bbox 151 1948 941 1985; baseline 0.003 -10"><span class='ocrx_word' id='word_1_475' title='bbox 151 1949 268 1976; x_wconf 74' lang='grc' dir='ltr'>Θάνατον</span> <span class='ocrx_word' id='word_1_476' title='bbox 283 1949 336 1975; x_wconf 76' lang='grc' dir='ltr'><strong>ὑπὸ</strong></span> <span class='ocrx_word' id='word_1_477' title='bbox 358 1949 411 1975; x_wconf 79' lang='grc' dir='ltr'><strong>τῶν</strong></span> <span class='ocrx_word' id='word_1_478' title='bbox 426 1949 515 1984; x_wconf 84' lang='grc' dir='ltr'>νόμων</span> <span class='ocrx_word' id='word_1_479' title='bbox 530 1948 646 1984; x_wconf 81' lang='grc' dir='ltr'>ὡρίσθαι</span> <span class='ocrx_word' id='word_1_480' title='bbox 669 1951 725 1981; x_wconf 84' lang='grc' dir='ltr'>τοῖς</span> <span class='ocrx_word' id='word_1_481' title='bbox 750 1949 941 1985; x_wconf 78' lang='grc' dir='ltr'>πλημμελοῦσι</span> 
     </span>
    </p>
   </div>
   <div class='ocr_carea' id='block_1_71' title="bbox 149 1992 941 2030">
    <p class='ocr_par' dir='ltr' id='par_1_71' title="bbox 149 1992 941 2030">
     <span class='ocr_line' id='line_1_71' title="bbox 149 1992 941 2030; baseline 0.003 -11"><span class='ocrx_word' id='word_1_482' title='bbox 149 1994 202 2028; x_wconf 78' lang='grc' dir='ltr'><strong>τὴν</strong></span> <span class='ocrx_word' id='word_1_483' title='bbox 216 1993 329 2029; x_wconf 78' lang='grc' dir='ltr'>ζημίαν.</span> <span class='ocrx_word' id='word_1_484' title='bbox 347 1994 385 2020; x_wconf 81' lang='grc' dir='ltr'><strong>Τὸ</strong></span> <span class='ocrx_word' id='word_1_485' title='bbox 400 1994 448 2029; x_wconf 75' lang='grc' dir='ltr'>μὲν</span> <span class='ocrx_word' id='word_1_486' title='bbox 460 1992 506 2020; x_wconf 77' lang='grc' dir='ltr'>οὗν</span> <span class='ocrx_word' id='word_1_487' title='bbox 518 1993 626 2030; x_wconf 82' lang='grc' dir='ltr'>πρῶτον</span> <span class='ocrx_word' id='word_1_488' title='bbox 644 1995 779 2030; x_wconf 78' lang='grc' dir='ltr'>ἱστορικόν</span> <span class='ocrx_word' id='word_1_489' title='bbox 795 2004 826 2021; x_wconf 88' lang='grc' dir='ltr'><strong>τε</strong></span> <span class='ocrx_word' id='word_1_490' title='bbox 848 1995 877 2022; x_wconf 76' lang='grc' dir='ltr'>ὃν</span> <span class='ocrx_word' id='word_1_491' title='bbox 894 1996 941 2022; x_wconf 73' lang='grc' dir='ltr'><strong>καὶ</strong></span> 
     </span>
    </p>
   </div>
   <div class='ocr_carea' id='block_1_72' title="bbox 147 2037 939 2081">
    <p class='ocr_par' dir='ltr' id='par_1_72' title="bbox 147 2037 939 2081">
     <span class='ocr_line' id='line_1_72' title="bbox 147 2037 939 2081; baseline 0.004 -18"><span class='ocrx_word' id='word_1_492' title='bbox 147 2037 265 2072; x_wconf 76' lang='grc' dir='ltr'>μυθικδν</span> <span class='ocrx_word' id='word_1_493' title='bbox 282 2037 332 2073; x_wconf 80' lang='grc' dir='ltr'>τῆς</span> <span class='ocrx_word' id='word_1_494' title='bbox 349 2037 486 2073; x_wconf 78' lang='grc' dir='ltr'>θεολογίας</span> <span class='ocrx_word' id='word_1_495' title='bbox 499 2037 567 2070; x_wconf 69' lang='grc' dir='ltr'>εἶδος</span> <span class='ocrx_word' id='word_1_496' title='bbox 577 2060 584 2072; x_wconf 86' lang='grc'><strong>,</strong></span> <span class='ocrx_word' id='word_1_497' title='bbox 597 2040 651 2074; x_wconf 75' lang='grc' dir='ltr'>ὅπη</span> <span class='ocrx_word' id='word_1_498' title='bbox 666 2048 707 2071; x_wconf 88' lang='grc' dir='ltr'><strong>τις</strong></span> <span class='ocrx_word' id='word_1_499' title='bbox 723 2040 844 2074; x_wconf 78' lang='grc' dir='ltr'>βούλεται</span> <span class='ocrx_word' id='word_1_500' title='bbox 858 2049 939 2081; x_wconf 44' lang='grc' dir='ltr'>ποιητ</span> 
     </span>
    </p>
   </div>
   <div class='ocr_carea' id='block_1_73' title="bbox 147 2080 934 2121">
    <p class='ocr_par' dir='ltr' id='par_1_73' title="bbox 147 2080 934 2121">
     <span class='ocr_line' id='line_1_73' title="bbox 147 2080 934 2121; baseline 0.006 -14"><span class='ocrx_word' id='word_1_501' title='bbox 147 2081 203 2107; x_wconf 79' lang='grc' dir='ltr'><strong>τῶν</strong></span> <span class='ocrx_word' id='word_1_502' title='bbox 216 2081 348 2108; x_wconf 80' lang='grc' dir='ltr'>τιθέσθω-</span> <span class='ocrx_word' id='word_1_503' title='bbox 362 2081 456 2118; x_wconf 82' lang='grc' dir='ltr'>ὥσπερ</span> <span class='ocrx_word' id='word_1_504' title='bbox 470 2080 516 2110; x_wconf 75' lang='grc' dir='ltr'>οὖν</span> <span class='ocrx_word' id='word_1_505' title='bbox 531 2085 577 2110; x_wconf 76' lang='grc' dir='ltr'><strong>καὶ</strong></span> <span class='ocrx_word' id='word_1_506' title='bbox 593 2085 742 2119; x_wconf 78' lang='grc' dir='ltr'>φιλοσόφων</span> <span class='ocrx_word' id='word_1_507' title='bbox 754 2086 783 2111; x_wconf 79' lang='grc' dir='ltr'>τὺ</span> <span class='ocrx_word' id='word_1_508' title='bbox 800 2085 934 2121; x_wconf 80' lang='grc' dir='ltr'>δεύτερον,</span> 
     </span>
    </p>
   </div>
   <div class='ocr_carea' id='block_1_74' title="bbox 147 2126 936 2167">
    <p class='ocr_par' dir='ltr' id='par_1_74' title="bbox 147 2126 936 2167">
     <span class='ocr_line' id='line_1_74' title="bbox 147 2126 936 2167; baseline 0.006 -14"><span class='ocrx_word' id='word_1_509' title='bbox 147 2126 194 2154; x_wconf 73' lang='grc' dir='ltr'><strong>διὰ</strong></span> <span class='ocrx_word' id='word_1_510' title='bbox 207 2127 260 2163; x_wconf 79' lang='grc' dir='ltr'>τῆς</span> <span class='ocrx_word' id='word_1_511' title='bbox 271 2127 325 2154; x_wconf 80' lang='grc' dir='ltr'><strong>τῶν</strong></span> <span class='ocrx_word' id='word_1_512' title='bbox 348 2128 440 2164; x_wconf 81' lang='grc' dir='ltr'>μύθων</span> <span class='ocrx_word' id='word_1_513' title='bbox 461 2131 651 2166; x_wconf 80' lang='grc' dir='ltr'>φυσικωτέρας</span> <span class='ocrx_word' id='word_1_514' title='bbox 666 2131 827 2167; x_wconf 76' lang='grc' dir='ltr'>ἀλληγορίας</span> <span class='ocrx_word' id='word_1_515' title='bbox 847 2132 936 2166; x_wconf 82' lang='grc' dir='ltr'>ἁπηγ-</span> 
     </span>
    </p>
   </div>
   <div class='ocr_carea' id='block_1_75' title="bbox 148 2174 936 2214">
    <p class='ocr_par' dir='ltr' id='par_1_75' title="bbox 148 2174 936 2214">
     <span class='ocr_line' id='line_1_75' title="bbox 148 2174 936 2214; baseline 0.004 -14"><span class='ocrx_word' id='word_1_516' title='bbox 148 2174 292 2214; x_wconf 70' lang='grc' dir='ltr'>γελμένον·</span> <span class='ocrx_word' id='word_1_517' title='bbox 306 2175 337 2201; x_wconf 83' lang='grc' dir='ltr'>τὺ</span> <span class='ocrx_word' id='word_1_518' title='bbox 349 2175 377 2202; x_wconf 78' lang='grc' dir='ltr'><strong>δὲ</strong></span> <span class='ocrx_word' id='word_1_519' title='bbox 393 2175 497 2211; x_wconf 81' lang='grc' dir='ltr'>τρίτον,</span> <span class='ocrx_word' id='word_1_520' title='bbox 513 2176 527 2202; x_wconf 85' lang='grc' dir='ltr'>ὃ</span> <span class='ocrx_word' id='word_1_521' title='bbox 540 2177 586 2203; x_wconf 75' lang='grc' dir='ltr'><strong>καὶ</strong></span> <span class='ocrx_word' id='word_1_522' title='bbox 603 2177 668 2213; x_wconf 70' lang='grc' dir='ltr'>πρὸς</span> <span class='ocrx_word' id='word_1_523' title='bbox 682 2177 735 2203; x_wconf 80' lang='grc' dir='ltr'>τῶν</span> <span class='ocrx_word' id='word_1_524' title='bbox 752 2178 887 2213; x_wconf 75' lang='grc' dir='ltr'>ἀρχόντων</span> <span class='ocrx_word' id='word_1_525' title='bbox 899 2178 936 2209; x_wconf 85' lang='grc' dir='ltr'>ὡς</span> 
     </span>
    </p>
   </div>
   <div class='ocr_carea' id='block_1_76' title="bbox 151 2221 938 2258">
    <p class='ocr_par' dir='ltr' id='par_1_76' title="bbox 151 2221 938 2258">
     <span class='ocr_line' id='line_1_76' title="bbox 151 2221 938 2258; baseline 0.003 -10"><span class='ocrx_word' id='word_1_526' title='bbox 151 2221 187 2248; x_wconf 82' lang='grc' dir='ltr'>ἂν</span> <span class='ocrx_word' id='word_1_527' title='bbox 200 2221 315 2249; x_wconf 79' lang='grc' dir='ltr'>παλαιὸν</span> <span class='ocrx_word' id='word_1_528' title='bbox 326 2222 393 2258; x_wconf 79' lang='grc' dir='ltr'>ὁμοῦ</span> <span class='ocrx_word' id='word_1_529' title='bbox 403 2223 450 2249; x_wconf 71' lang='grc' dir='ltr'><strong>καὶ</strong></span> <span class='ocrx_word' id='word_1_530' title='bbox 460 2223 606 2254; x_wconf 70' lang='grc' dir='ltr'>πολιτικὸν,</span> <span class='ocrx_word' id='word_1_531' title='bbox 617 2225 745 2258; x_wconf 76' lang='grc' dir='ltr'>τιμητέον</span> <span class='ocrx_word' id='word_1_532' title='bbox 756 2233 785 2249; x_wconf 74' lang='grc' dir='ltr'><strong>τε</strong></span> <span class='ocrx_word' id='word_1_533' title='bbox 796 2224 843 2250; x_wconf 68' lang='grc' dir='ltr'>καὶ</span> <span class='ocrx_word' id='word_1_534' title='bbox 857 2223 938 2257; x_wconf 78' lang='grc' dir='ltr'>φυλα-</span> 
     </span>
    </p>
   </div>
   <div class='ocr_carea' id='block_1_77' title="bbox 995 1622 1784 1663">
    <p class='ocr_par' dir='ltr' id='par_1_77' title="bbox 995 1622 1784 1663">
     <span class='ocr_line' id='line_1_77' title="bbox 995 1622 1784 1663; baseline 0.005 -10"><span class='ocrx_word' id='word_1_535' title='bbox 995 1634 1024 1654; x_wconf 89' lang='lat' dir='ltr'><strong>se</strong></span> <span class='ocrx_word' id='word_1_536' title='bbox 1038 1626 1123 1661; x_wconf 82' lang='lat' dir='ltr'><strong>ipsam</strong></span> <span class='ocrx_word' id='word_1_537' title='bbox 1133 1622 1270 1661; x_wconf 78' lang='lat' dir='ltr'><strong>loquentis</strong></span> <span class='ocrx_word' id='word_1_538' title='bbox 1284 1627 1442 1655; x_wconf 89' lang='lat' dir='ltr'><strong>testimonio</strong></span> <span class='ocrx_word' id='word_1_539' title='bbox 1450 1628 1613 1656; x_wconf 88' lang='lat' dir='ltr'><strong>declaretur.</strong></span> <span class='ocrx_word' id='word_1_540' title='bbox 1629 1630 1784 1663; x_wconf 85' lang='lat' dir='ltr'><strong>Enimvero,</strong></span> 
     </span>
    </p>
   </div>
   <div class='ocr_carea' id='block_1_78' title="bbox 994 1673 1784 1710">
    <p class='ocr_par' dir='ltr' id='par_1_78' title="bbox 994 1673 1784 1710">
     <span class='ocr_line' id='line_1_78' title="bbox 994 1673 1784 1710; baseline 0.005 -10"><span class='ocrx_word' id='word_1_541' title='bbox 994 1673 1099 1708; x_wconf 86' lang='lat' dir='ltr'><strong>pridem</strong></span> <span class='ocrx_word' id='word_1_542' title='bbox 1115 1673 1186 1708; x_wconf 84' lang='lat' dir='ltr'><strong>apud</strong></span> <span class='ocrx_word' id='word_1_543' title='bbox 1197 1673 1264 1700; x_wconf 90' lang='lat' dir='ltr'><strong>istos</strong></span> <span class='ocrx_word' id='word_1_544' title='bbox 1280 1674 1389 1700; x_wconf 87' lang='lat' dir='ltr'><strong>oracula</strong></span> <span class='ocrx_word' id='word_1_545' title='bbox 1403 1674 1526 1708; x_wconf 62' lang='lat' dir='ltr'><strong>quaedam</strong></span> <span class='ocrx_word' id='word_1_546' title='bbox 1543 1679 1624 1710; x_wconf 88' lang='lat' dir='ltr'><strong>atque</strong></span> <span class='ocrx_word' id='word_1_547' title='bbox 1641 1683 1784 1710; x_wconf 80' lang='lat' dir='ltr'><strong>responsa,</strong></span> 
     </span>
    </p>
   </div>
   <div class='ocr_carea' id='block_1_79' title="bbox 994 1719 1785 1757">
    <p class='ocr_par' dir='ltr' id='par_1_79' title="bbox 994 1719 1785 1757">
     <span class='ocr_line' id='line_1_79' title="bbox 994 1719 1785 1757; baseline 0.005 -11"><span class='ocrx_word' id='word_1_548' title='bbox 994 1719 1152 1746; x_wconf 86' lang='lat' dir='ltr'><strong>morborum</strong></span> <span class='ocrx_word' id='word_1_549' title='bbox 1169 1720 1260 1747; x_wconf 87' lang='lat' dir='ltr'><strong>omnis</strong></span> <span class='ocrx_word' id='word_1_550' title='bbox 1276 1722 1383 1755; x_wconf 72' lang='lat' dir='ltr'><strong>generis</strong></span> <span class='ocrx_word' id='word_1_551' title='bbox 1399 1721 1567 1754; x_wconf 85' lang='lat' dir='ltr'><strong>curationes,</strong></span> <span class='ocrx_word' id='word_1_552' title='bbox 1582 1722 1716 1757; x_wconf 73' lang='lat' dir='ltr'><strong>illatthuc</strong></span> <span class='ocrx_word' id='word_1_553' title='bbox 1727 1730 1785 1750; x_wconf 74' lang='lat' dir='ltr'><strong>cte-</strong></span> 
     </span>
    </p>
   </div>
   <div class='ocr_carea' id='block_1_80' title="bbox 994 1765 1784 1803">
    <p class='ocr_par' dir='ltr' id='par_1_80' title="bbox 994 1765 1784 1803">
     <span class='ocr_line' id='line_1_80' title="bbox 994 1765 1784 1803; baseline 0.005 -11"><span class='ocrx_word' id='word_1_554' title='bbox 994 1765 1059 1793; x_wconf 86' lang='lat' dir='ltr'><strong>litus</strong></span> <span class='ocrx_word' id='word_1_555' title='bbox 1073 1765 1099 1792; x_wconf 93' lang='lat' dir='ltr'><strong>in</strong></span> <span class='ocrx_word' id='word_1_556' title='bbox 1112 1765 1211 1800; x_wconf 87' lang='lat' dir='ltr'><strong>itnpios</strong></span> <span class='ocrx_word' id='word_1_557' title='bbox 1229 1766 1397 1800; x_wconf 74' lang='lat' dir='ltr'><strong>gravissima:</strong></span> <span class='ocrx_word' id='word_1_558' title='bbox 1407 1767 1576 1795; x_wconf 82' lang='lat' dir='ltr'><strong>calamitates</strong></span> <span class='ocrx_word' id='word_1_559' title='bbox 1595 1769 1784 1803; x_wconf 84' lang='lat' dir='ltr'><strong>celebrantur;</strong></span> 
     </span>
    </p>
   </div>
   <div class='ocr_carea' id='block_1_81' title="bbox 994 1813 1785 1849">
    <p class='ocr_par' dir='ltr' id='par_1_81' title="bbox 994 1813 1785 1849">
     <span class='ocr_line' id='line_1_81' title="bbox 994 1813 1785 1849; baseline 0.005 -11"><span class='ocrx_word' id='word_1_560' title='bbox 994 1820 1055 1848; x_wconf 69' lang='lat' dir='ltr'><strong>qua:</strong></span> <span class='ocrx_word' id='word_1_561' title='bbox 1066 1813 1130 1839; x_wconf 84' lang='lat' dir='ltr'><strong>dum</strong></span> <span class='ocrx_word' id='word_1_562' title='bbox 1144 1820 1172 1839; x_wconf 86' lang='lat' dir='ltr'><strong>se</strong></span> <span class='ocrx_word' id='word_1_563' title='bbox 1187 1813 1261 1847; x_wconf 88' lang='lat' dir='ltr'><strong>ipsos</strong></span> <span class='ocrx_word' id='word_1_564' title='bbox 1274 1814 1356 1840; x_wconf 85' lang='lat' dir='ltr'><strong>etiam</strong></span> <span class='ocrx_word' id='word_1_565' title='bbox 1376 1814 1544 1848; x_wconf 81' lang='lat' dir='ltr'><strong>experientia</strong></span> <span class='ocrx_word' id='word_1_566' title='bbox 1556 1822 1638 1842; x_wconf 87' lang='lat' dir='ltr'><strong>nosse</strong></span> <span class='ocrx_word' id='word_1_567' title='bbox 1655 1815 1785 1849; x_wconf 75' lang='lat' dir='ltr'><strong>proﬁten-</strong></span> 
     </span>
    </p>
   </div>
   <div class='ocr_carea' id='block_1_82' title="bbox 993 1857 1781 1894">
    <p class='ocr_par' dir='ltr' id='par_1_82' title="bbox 993 1857 1781 1894">
     <span class='ocr_line' id='line_1_82' title="bbox 993 1857 1781 1894; baseline 0.004 -10"><span class='ocrx_word' id='word_1_568' title='bbox 993 1861 1048 1890; x_wconf 86' lang='lat' dir='ltr'><strong>tur,</strong></span> <span class='ocrx_word' id='word_1_569' title='bbox 1062 1863 1118 1884; x_wconf 93' lang='lat' dir='ltr'><strong>tum</strong></span> <span class='ocrx_word' id='word_1_570' title='bbox 1135 1865 1199 1884; x_wconf 85' lang='lat' dir='ltr'><strong>vero</strong></span> <span class='ocrx_word' id='word_1_571' title='bbox 1210 1857 1272 1892; x_wconf 89' lang='lat' dir='ltr'><strong>jure</strong></span> <span class='ocrx_word' id='word_1_572' title='bbox 1287 1858 1338 1885; x_wconf 89' lang='lat' dir='ltr'><strong>sibi</strong></span> <span class='ocrx_word' id='word_1_573' title='bbox 1354 1858 1482 1884; x_wconf 90' lang='lat' dir='ltr'><strong>nimirum</strong></span> <span class='ocrx_word' id='word_1_574' title='bbox 1493 1859 1667 1892; x_wconf 84' lang='lat' dir='ltr'><strong>persuadent,</strong></span> <span class='ocrx_word' id='word_1_575' title='bbox 1680 1867 1709 1887; x_wconf 86' lang='lat' dir='ltr'><strong>se</strong></span> <span class='ocrx_word' id='word_1_576' title='bbox 1720 1859 1781 1894; x_wconf 89' lang='lat' dir='ltr'><strong>qui-</strong></span> 
     </span>
    </p>
   </div>
   <div class='ocr_carea' id='block_1_83' title="bbox 993 1903 1782 1938">
    <p class='ocr_par' dir='ltr' id='par_1_83' title="bbox 993 1903 1782 1938">
     <span class='ocr_line' id='line_1_83' title="bbox 993 1903 1782 1938; baseline 0.004 -8"><span class='ocrx_word' id='word_1_577' title='bbox 993 1903 1066 1934; x_wconf 86' lang='lat' dir='ltr'><strong>dem,</strong></span> <span class='ocrx_word' id='word_1_578' title='bbox 1082 1903 1154 1938; x_wconf 90' lang='lat' dir='ltr'><strong>quod</strong></span> <span class='ocrx_word' id='word_1_579' title='bbox 1170 1905 1236 1930; x_wconf 87' lang='lat' dir='ltr'><strong>deos</strong></span> <span class='ocrx_word' id='word_1_580' title='bbox 1250 1904 1352 1936; x_wconf 86' lang='lat' dir='ltr'><strong>colant,</strong></span> <span class='ocrx_word' id='word_1_581' title='bbox 1377 1903 1451 1938; x_wconf 89' lang='lat' dir='ltr'><strong>juste</strong></span> <span class='ocrx_word' id='word_1_582' title='bbox 1470 1904 1583 1930; x_wconf 92' lang='lat' dir='ltr'><strong>omnino</strong></span> <span class='ocrx_word' id='word_1_583' title='bbox 1596 1904 1705 1932; x_wconf 77' lang='lat' dir='ltr'><strong>facere:</strong></span> <span class='ocrx_word' id='word_1_584' title='bbox 1731 1913 1782 1934; x_wconf 86' lang='lat' dir='ltr'><strong>nos</strong></span> 
     </span>
    </p>
   </div>
   <div class='ocr_carea' id='block_1_84' title="bbox 993 1948 1782 1983">
    <p class='ocr_par' dir='ltr' id='par_1_84' title="bbox 993 1948 1782 1983">
     <span class='ocr_line' id='line_1_84' title="bbox 993 1948 1782 1983; baseline 0.005 -9"><span class='ocrx_word' id='word_1_585' title='bbox 993 1953 1083 1974; x_wconf 88' lang='lat' dir='ltr'><strong>autem</strong></span> <span class='ocrx_word' id='word_1_586' title='bbox 1096 1948 1241 1975; x_wconf 75' lang='lat' dir='ltr'><strong>admodum</strong></span> <span class='ocrx_word' id='word_1_587' title='bbox 1259 1948 1351 1982; x_wconf 84' lang='lat' dir='ltr'><strong>impie,</strong></span> <span class='ocrx_word' id='word_1_588' title='bbox 1367 1949 1412 1982; x_wconf 88' lang='lat' dir='ltr'><strong>qui</strong></span> <span class='ocrx_word' id='word_1_589' title='bbox 1431 1953 1484 1975; x_wconf 88' lang='lat' dir='ltr'><strong>tam</strong></span> <span class='ocrx_word' id='word_1_590' title='bbox 1502 1955 1658 1983; x_wconf 68' lang='lat' dir='ltr'><strong>perspect&#39;as</strong></span> <span class='ocrx_word' id='word_1_591' title='bbox 1681 1950 1782 1978; x_wconf 81' lang='lat' dir='ltr'><strong>beneﬁ-</strong></span> 
     </span>
    </p>
   </div>
   <div class='ocr_carea' id='block_1_85' title="bbox 993 1992 1780 2029">
    <p class='ocr_par' dir='ltr' id='par_1_85' title="bbox 993 1992 1780 2029">
     <span class='ocr_line' id='line_1_85' title="bbox 993 1992 1780 2029; baseline 0.003 -9"><span class='ocrx_word' id='word_1_592' title='bbox 993 2000 1094 2027; x_wconf 82' lang='lat' dir='ltr'><strong>casque</strong></span> <span class='ocrx_word' id='word_1_593' title='bbox 1108 1992 1222 2019; x_wconf 81' lang='lat' dir='ltr'><strong>virtutes</strong></span> <span class='ocrx_word' id='word_1_594' title='bbox 1236 1993 1313 2019; x_wconf 90' lang='lat' dir='ltr'><strong>nihili</strong></span> <span class='ocrx_word' id='word_1_595' title='bbox 1334 1992 1487 2025; x_wconf 79' lang='lat' dir='ltr'><strong>faciamus;</strong></span> <span class='ocrx_word' id='word_1_596' title='bbox 1504 1994 1624 2028; x_wconf 87' lang='lat' dir='ltr'><strong>adeoque</strong></span> <span class='ocrx_word' id='word_1_597' title='bbox 1640 1994 1713 2029; x_wconf 77' lang='lat' dir='ltr'><strong>leges</strong></span> <span class='ocrx_word' id='word_1_598' title='bbox 1731 2003 1780 2029; x_wconf 84' lang='lat' dir='ltr'><strong>pa-</strong></span> 
     </span>
    </p>
   </div>
   <div class='ocr_carea' id='block_1_86' title="bbox 992 2038 1779 2074">
    <p class='ocr_par' dir='ltr' id='par_1_86' title="bbox 992 2038 1779 2074">
     <span class='ocr_line' id='line_1_86' title="bbox 992 2038 1779 2074; baseline 0.004 -10"><span class='ocrx_word' id='word_1_599' title='bbox 992 2038 1045 2065; x_wconf 87' lang='lat' dir='ltr'><strong>lam</strong></span> <span class='ocrx_word' id='word_1_600' title='bbox 1059 2046 1074 2065; x_wconf 85' lang='lat' dir='ltr'><strong>a</strong></span> <span class='ocrx_word' id='word_1_601' title='bbox 1091 2038 1170 2065; x_wconf 89' lang='lat' dir='ltr'><strong>nobis</strong></span> <span class='ocrx_word' id='word_1_602' title='bbox 1183 2043 1330 2073; x_wconf 87' lang='lat' dir='ltr'><strong>aperteque</strong></span> <span class='ocrx_word' id='word_1_603' title='bbox 1344 2038 1458 2069; x_wconf 84' lang='lat' dir='ltr'><strong>violari,</strong></span> <span class='ocrx_word' id='word_1_604' title='bbox 1476 2046 1537 2065; x_wconf 90' lang='lat' dir='ltr'><strong>cum</strong></span> <span class='ocrx_word' id='word_1_605' title='bbox 1555 2039 1658 2073; x_wconf 84' lang='lat' dir='ltr'><strong>patrios</strong></span> <span class='ocrx_word' id='word_1_606' title='bbox 1682 2048 1779 2074; x_wconf 89' lang='lat' dir='ltr'><strong>quem—</strong></span> 
     </span>
    </p>
   </div>
   <div class='ocr_carea' id='block_1_87' title="bbox 992 2083 1780 2120">
    <p class='ocr_par' dir='ltr' id='par_1_87' title="bbox 992 2083 1780 2120">
     <span class='ocr_line' id='line_1_87' title="bbox 992 2083 1780 2120; baseline 0.004 -9"><span class='ocrx_word' id='word_1_607' title='bbox 992 2093 1045 2120; x_wconf 90' lang='lat' dir='ltr'><strong>que</strong></span> <span class='ocrx_word' id='word_1_608' title='bbox 1059 2084 1128 2111; x_wconf 90' lang='lat' dir='ltr'><strong>ritus</strong></span> <span class='ocrx_word' id='word_1_609' title='bbox 1141 2083 1267 2118; x_wconf 81' lang='lat' dir='ltr'><strong>religiose</strong></span> <span class='ocrx_word' id='word_1_610' title='bbox 1281 2084 1372 2111; x_wconf 85' lang='lat' dir='ltr'><strong>colere</strong></span> <span class='ocrx_word' id='word_1_611' title='bbox 1390 2088 1502 2118; x_wconf 76' lang='lat' dir='ltr'><strong>opertea</strong></span> <span class='ocrx_word' id='word_1_612' title='bbox 1519 2099 1527 2111; x_wconf 70' lang='grc' dir='ltr'><strong><em>ο</em></strong></span> <span class='ocrx_word' id='word_1_613' title='bbox 1557 2089 1643 2115; x_wconf 67' lang='lat' dir='ltr'><strong>neque</strong></span> <span class='ocrx_word' id='word_1_614' title='bbox 1678 2084 1780 2113; x_wconf 88' lang='lat' dir='ltr'><strong>intacta</strong></span> 
     </span>
    </p>
   </div>
   <div class='ocr_carea' id='block_1_88' title="bbox 991 2130 1780 2165">
    <p class='ocr_par' dir='ltr' id='par_1_88' title="bbox 991 2130 1780 2165">
     <span class='ocr_line' id='line_1_88' title="bbox 991 2130 1780 2165; baseline 0.001 -7"><span class='ocrx_word' id='word_1_615' title='bbox 991 2131 1094 2158; x_wconf 90' lang='lat' dir='ltr'><strong>dudum</strong></span> <span class='ocrx_word' id='word_1_616' title='bbox 1113 2130 1234 2157; x_wconf 82' lang='lat' dir='ltr'><strong>instituta</strong></span> <span class='ocrx_word' id='word_1_617' title='bbox 1248 2130 1410 2164; x_wconf 83' lang='lat' dir='ltr'><strong>convellere,</strong></span> <span class='ocrx_word' id='word_1_618' title='bbox 1424 2130 1470 2157; x_wconf 86' lang='lat' dir='ltr'><strong>sed</strong></span> <span class='ocrx_word' id='word_1_619' title='bbox 1486 2130 1588 2165; x_wconf 90' lang='lat' dir='ltr'><strong>pressis</strong></span> <span class='ocrx_word' id='word_1_620' title='bbox 1604 2131 1683 2165; x_wconf 88' lang='lat' dir='ltr'><strong>quasi</strong></span> <span class='ocrx_word' id='word_1_621' title='bbox 1695 2132 1780 2159; x_wconf 89' lang='lat' dir='ltr'><strong>vesti-</strong></span> 
     </span>
    </p>
   </div>
   <div class='ocr_carea' id='block_1_89' title="bbox 992 2176 1782 2212">
    <p class='ocr_par' dir='ltr' id='par_1_89' title="bbox 992 2176 1782 2212">
     <span class='ocr_line' id='line_1_89' title="bbox 992 2176 1782 2212; baseline 0.003 -9"><span class='ocrx_word' id='word_1_622' title='bbox 992 2177 1043 2212; x_wconf 78' lang='lat' dir='ltr'><strong>giis</strong></span> <span class='ocrx_word' id='word_1_623' title='bbox 1060 2176 1195 2212; x_wconf 85' lang='lat' dir='ltr'><strong>majorum</strong></span> <span class='ocrx_word' id='word_1_624' title='bbox 1213 2176 1338 2211; x_wconf 88' lang='lat' dir='ltr'><strong>pietatem</strong></span> <span class='ocrx_word' id='word_1_625' title='bbox 1360 2176 1396 2203; x_wconf 90' lang='lat' dir='ltr'><strong>ita</strong></span> <span class='ocrx_word' id='word_1_626' title='bbox 1410 2177 1573 2207; x_wconf 84' lang='lat' dir='ltr'><strong>consectari,</strong></span> <span class='ocrx_word' id='word_1_627' title='bbox 1588 2177 1656 2204; x_wconf 89' lang='lat' dir='ltr'><strong>nihil</strong></span> <span class='ocrx_word' id='word_1_628' title='bbox 1670 2181 1700 2204; x_wconf 88' lang='lat' dir='ltr'><strong>ut</strong></span> <span class='ocrx_word' id='word_1_629' title='bbox 1714 2185 1782 2212; x_wconf 75' lang='lat' dir='ltr'><strong>prte-</strong></span> 
     </span>
    </p>
   </div>
   <div class='ocr_carea' id='block_1_90' title="bbox 990 2222 1782 2251">
    <p class='ocr_par' dir='ltr' id='par_1_90' title="bbox 990 2222 1782 2251">
     <span class='ocr_line' id='line_1_90' title="bbox 990 2222 1782 2251; baseline 0.001 -1"><span class='ocrx_word' id='word_1_630' title='bbox 990 2227 1065 2250; x_wconf 85' lang='lat' dir='ltr'><strong>terea</strong></span> <span class='ocrx_word' id='word_1_631' title='bbox 1092 2230 1183 2250; x_wconf 87' lang='lat' dir='ltr'><strong>rerum</strong></span> <span class='ocrx_word' id='word_1_632' title='bbox 1201 2230 1333 2250; x_wconf 83' lang='lat' dir='ltr'><strong>novarum</strong></span> <span class='ocrx_word' id='word_1_633' title='bbox 1362 2222 1453 2250; x_wconf 89' lang='lat' dir='ltr'><strong>studio</strong></span> <span class='ocrx_word' id='word_1_634' title='bbox 1479 2223 1615 2250; x_wconf 86' lang='lat' dir='ltr'><strong>curiosius</strong></span> <span class='ocrx_word' id='word_1_635' title='bbox 1637 2223 1782 2251; x_wconf 75' lang='lat' dir='ltr'><strong>moliatur:</strong></span> 
     </span>
    </p>
   </div>
   <div class='ocr_carea' id='block_1_91' title="bbox 147 2266 944 2305">
    <p class='ocr_par' dir='ltr' id='par_1_91' title="bbox 147 2266 937 2305">
     <span class='ocr_line' id='line_1_91' title="bbox 147 2266 937 2305; baseline 0.001 -11"><span class='ocrx_word' id='word_1_636' title='bbox 147 2267 228 2294; x_wconf 76' lang='grc' dir='ltr'>κτέον</span> <span class='ocrx_word' id='word_1_637' title='bbox 247 2266 317 2295; x_wconf 74' lang='grc' dir='ltr'>εἶναι</span> <span class='ocrx_word' id='word_1_638' title='bbox 341 2268 557 2304; x_wconf 82' lang='grc' dir='ltr'>νενομοθέτηται,</span> <span class='ocrx_word' id='word_1_639' title='bbox 573 2269 641 2304; x_wconf 86' lang='grc' dir='ltr'>μήτε</span> <span class='ocrx_word' id='word_1_640' title='bbox 654 2277 696 2300; x_wconf 88' lang='grc' dir='ltr'><strong>τις</strong></span> <span class='ocrx_word' id='word_1_641' title='bbox 708 2268 837 2305; x_wconf 85' lang='grc' dir='ltr'>ποιητῶν,</span> <span class='ocrx_word' id='word_1_642' title='bbox 861 2270 937 2304; x_wconf 81' lang='grc' dir='ltr'>φασὶ,</span> 
     </span>
    </p>
   </div>
   <div class='ocr_carea' id='block_1_92' title="bbox 996 2266 1779 2305">
    <p class='ocr_par' dir='ltr' id='par_1_92' title="bbox 996 2269 1779 2305">
     <span class='ocr_line' id='line_1_92' title="bbox 996 2269 1779 2305; baseline 0.001 -8"><span class='ocrx_word' id='word_1_643' title='bbox 996 2269 1081 2303; x_wconf 76' lang='lat' dir='ltr'><strong>Quare</strong></span> <span class='ocrx_word' id='word_1_644' title='bbox 1095 2276 1204 2305; x_wconf 71' lang='lat' dir='ltr'><strong>ptenam</strong></span> <span class='ocrx_word' id='word_1_645' title='bbox 1219 2269 1300 2296; x_wconf 88' lang='lat' dir='ltr'><strong>etiam</strong></span> <span class='ocrx_word' id='word_1_646' title='bbox 1317 2269 1414 2304; x_wconf 84' lang='lat' dir='ltr'><strong>capitis</strong></span> <span class='ocrx_word' id='word_1_647' title='bbox 1427 2269 1454 2296; x_wconf 93' lang='lat' dir='ltr'><strong>in</strong></span> <span class='ocrx_word' id='word_1_648' title='bbox 1473 2269 1555 2305; x_wconf 90' lang='lat' dir='ltr'><strong>hujus</strong></span> <span class='ocrx_word' id='word_1_649' title='bbox 1573 2270 1700 2298; x_wconf 85' lang='lat' dir='ltr'><strong>maleﬁcii</strong></span> <span class='ocrx_word' id='word_1_650' title='bbox 1715 2278 1779 2298; x_wconf 89' lang='lat' dir='ltr'><strong>reos</strong></span> 
     </span>
    </p>
   </div>
   <div class='ocr_carea' id='block_1_93' title="bbox 147 2313 938 2352">
    <p class='ocr_par' dir='ltr' id='par_1_93' title="bbox 147 2313 938 2352">
     <span class='ocr_line' id='line_1_93' title="bbox 147 2313 938 2352; baseline 0.001 -11"><span class='ocrx_word' id='word_1_651' title='bbox 147 2315 219 2350; x_wconf 78' lang='grc' dir='ltr'>μήτε</span> <span class='ocrx_word' id='word_1_652' title='bbox 235 2313 387 2349; x_wconf 70' lang='grc' dir='ltr'>φιλοσόφων</span> <span class='ocrx_word' id='word_1_653' title='bbox 402 2315 511 2341; x_wconf 69' lang='grc' dir='ltr'>κιιείτω</span> <span class='ocrx_word' id='word_1_654' title='bbox 523 2323 530 2330; x_wconf 79' lang='grc' dir='ltr'><strong>ο</strong></span> <span class='ocrx_word' id='word_1_655' title='bbox 547 2316 603 2346; x_wconf 87' lang='grc' dir='ltr'>τοῖς</span> <span class='ocrx_word' id='word_1_656' title='bbox 617 2315 640 2341; x_wconf 78' lang='grc' dir='ltr'><strong>δ’</strong></span> <span class='ocrx_word' id='word_1_657' title='bbox 655 2315 687 2341; x_wconf 80' lang='grc' dir='ltr'><strong>ὲκ</strong></span> <span class='ocrx_word' id='word_1_658' title='bbox 702 2315 818 2342; x_wconf 82' lang='grc' dir='ltr'>παλαιοῦ</span> <span class='ocrx_word' id='word_1_659' title='bbox 834 2316 938 2352; x_wconf 83' lang='grc' dir='ltr'>κρατή-</span> 
     </span>
    </p>
   </div>
   <div class='ocr_carea' id='block_1_94' title="bbox 146 2360 938 2397">
    <p class='ocr_par' dir='ltr' id='par_1_94' title="bbox 146 2360 938 2397">
     <span class='ocr_line' id='line_1_94' title="bbox 146 2360 938 2397; baseline 0.003 -10"><span class='ocrx_word' id='word_1_660' title='bbox 146 2369 210 2387; x_wconf 84' lang='grc' dir='ltr'>σασι</span> <span class='ocrx_word' id='word_1_661' title='bbox 233 2360 346 2396; x_wconf 80' lang='grc' dir='ltr'>θεσμοῖς</span> <span class='ocrx_word' id='word_1_662' title='bbox 366 2361 394 2388; x_wconf 76' lang='grc' dir='ltr'>ἐν</span> <span class='ocrx_word' id='word_1_663' title='bbox 413 2370 443 2388; x_wconf 89' lang='grc' dir='ltr'><strong>τε</strong></span> <span class='ocrx_word' id='word_1_664' title='bbox 464 2361 558 2397; x_wconf 81' lang='grc' dir='ltr'>ἀγροῖς</span> <span class='ocrx_word' id='word_1_665' title='bbox 578 2361 625 2388; x_wconf 68' lang='grc' dir='ltr'>καὶ</span> <span class='ocrx_word' id='word_1_666' title='bbox 641 2362 733 2389; x_wconf 85' lang='grc' dir='ltr'>πόλεσι</span> <span class='ocrx_word' id='word_1_667' title='bbox 757 2363 859 2397; x_wconf 79' lang='grc' dir='ltr'>μενέτω</span> <span class='ocrx_word' id='word_1_668' title='bbox 883 2364 938 2395; x_wconf 77' lang='grc' dir='ltr'><strong>πᾶς</strong></span> 
     </span>
    </p>
   </div>
   <div class='ocr_carea' id='block_1_95' title="bbox 145 2406 937 2445">
    <p class='ocr_par' dir='ltr' id='par_1_95' title="bbox 145 2406 937 2445">
     <span class='ocr_line' id='line_1_95' title="bbox 145 2406 937 2445; baseline 0.004 -12"><span class='ocrx_word' id='word_1_669' title='bbox 145 2406 272 2442; x_wconf 81' lang='grc' dir='ltr'>στοιχῶν,</span> <span class='ocrx_word' id='word_1_670' title='bbox 290 2407 385 2443; x_wconf 83' lang='grc' dir='ltr'>νόμοις</span> <span class='ocrx_word' id='word_1_671' title='bbox 406 2407 531 2443; x_wconf 86' lang='grc' dir='ltr'>πατρίοις</span> <span class='ocrx_word' id='word_1_672' title='bbox 545 2407 714 2443; x_wconf 79' lang='grc' dir='ltr'>πειθόμενος.</span> <span class='ocrx_word' id='word_1_673' title='bbox 741 2409 813 2444; x_wconf 76' lang='grc' dir='ltr'>Πρὸς</span> <span class='ocrx_word' id='word_1_674' title='bbox 837 2409 869 2445; x_wconf 85' lang='grc' dir='ltr'><strong>δὴ</strong></span> <span class='ocrx_word' id='word_1_675' title='bbox 889 2407 937 2436; x_wconf 79' lang='grc' dir='ltr'><strong>οὖν</strong></span> 
     </span>
    </p>
   </div>
   <div class='ocr_carea' id='block_1_96' title="bbox 145 2452 936 2490">
    <p class='ocr_par' dir='ltr' id='par_1_96' title="bbox 145 2452 936 2490">
     <span class='ocr_line' id='line_1_96' title="bbox 145 2452 936 2490; baseline 0.003 -10"><span class='ocrx_word' id='word_1_676' title='bbox 145 2452 232 2480; x_wconf 84' lang='grc' dir='ltr'>ταῦτα</span> <span class='ocrx_word' id='word_1_677' title='bbox 247 2453 343 2489; x_wconf 76' lang='grc' dir='ltr'>καιρὸς</span> <span class='ocrx_word' id='word_1_678' title='bbox 359 2453 503 2481; x_wconf 81' lang='grc' dir='ltr'>ἀποδοῦναι</span> <span class='ocrx_word' id='word_1_679' title='bbox 515 2454 560 2480; x_wconf 80' lang='grc' dir='ltr'>τὸν</span> <span class='ocrx_word' id='word_1_680' title='bbox 573 2455 638 2490; x_wconf 77' lang='grc' dir='ltr'>παρ’</span> <span class='ocrx_word' id='word_1_681' title='bbox 652 2455 718 2490; x_wconf 83' lang='grc' dir='ltr'>ἡμῖν</span> <span class='ocrx_word' id='word_1_682' title='bbox 732 2454 820 2489; x_wconf 82' lang='grc' dir='ltr'>λόγον,</span> <span class='ocrx_word' id='word_1_683' title='bbox 837 2456 936 2482; x_wconf 74' lang='grc' dir='ltr'>ἀπολο-</span> 
     </span>
    </p>
   </div>
   <div class='ocr_carea' id='block_1_97' title="bbox 145 2499 934 2536">
    <p class='ocr_par' dir='ltr' id='par_1_97' title="bbox 145 2499 934 2536">
     <span class='ocr_line' id='line_1_97' title="bbox 145 2499 934 2536; baseline 0.004 -11"><span class='ocrx_word' id='word_1_684' title='bbox 145 2499 243 2535; x_wconf 72' lang='grc' dir='ltr'>γισμόν</span> <span class='ocrx_word' id='word_1_685' title='bbox 257 2508 287 2526; x_wconf 88' lang='grc' dir='ltr'><strong>τε</strong></span> <span class='ocrx_word' id='word_1_686' title='bbox 299 2500 427 2535; x_wconf 83' lang='grc' dir='ltr'>ὑποσχεῖν</span> <span class='ocrx_word' id='word_1_687' title='bbox 443 2500 493 2536; x_wconf 86' lang='grc' dir='ltr'><strong>τῆς</strong></span> <span class='ocrx_word' id='word_1_688' title='bbox 505 2499 551 2526; x_wconf 82' lang='grc' dir='ltr'>τοῦ</span> <span class='ocrx_word' id='word_1_689' title='bbox 577 2500 701 2536; x_wconf 83' lang='grc' dir='ltr'>Σωτῆρος</span> <span class='ocrx_word' id='word_1_690' title='bbox 723 2501 801 2536; x_wconf 81' lang='grc' dir='ltr'>ἡμῶν</span> <span class='ocrx_word' id='word_1_691' title='bbox 818 2502 934 2536; x_wconf 77' lang='grc' dir='ltr'>εὐαγγε-</span> 
     </span>
    </p>
   </div>
   <div class='ocr_carea' id='block_1_98' title="bbox 144 2545 932 2583">
    <p class='ocr_par' dir='ltr' id='par_1_98' title="bbox 144 2545 932 2583">
     <span class='ocr_line' id='line_1_98' title="bbox 144 2545 932 2583; baseline 0.006 -14"><span class='ocrx_word' id='word_1_692' title='bbox 144 2545 223 2581; x_wconf 78' lang='grc' dir='ltr'>λικῆς</span> <span class='ocrx_word' id='word_1_693' title='bbox 235 2546 428 2582; x_wconf 80' lang='grc' dir='ltr'>πραγματείας</span> <span class='ocrx_word' id='word_1_694' title='bbox 440 2546 688 2583; x_wconf 79' lang='grc' dir='ltr'>ἀντικηρυττούσης</span> <span class='ocrx_word' id='word_1_695' title='bbox 700 2549 755 2578; x_wconf 86' lang='grc' dir='ltr'>τοῖς</span> <span class='ocrx_word' id='word_1_696' title='bbox 767 2547 932 2583; x_wconf 78' lang='grc' dir='ltr'>εἰρημένοις,</span> 
     </span>
    </p>
   </div>
   <div class='ocr_carea' id='block_1_99' title="bbox 144 2592 932 2629">
    <p class='ocr_par' dir='ltr' id='par_1_99' title="bbox 144 2592 932 2629">
     <span class='ocr_line' id='line_1_99' title="bbox 144 2592 932 2629; baseline 0.003 -11"><span class='ocrx_word' id='word_1_697' title='bbox 144 2592 191 2618; x_wconf 75' lang='grc' dir='ltr'><strong>καὶ</strong></span> <span class='ocrx_word' id='word_1_698' title='bbox 211 2593 267 2624; x_wconf 83' lang='grc' dir='ltr'>τοῖς</span> <span class='ocrx_word' id='word_1_699' title='bbox 284 2592 339 2620; x_wconf 85' lang='grc' dir='ltr'>τῶν</span> <span class='ocrx_word' id='word_1_700' title='bbox 356 2592 442 2620; x_wconf 73' lang='grc' dir='ltr'>ἐθνῶν</span> <span class='ocrx_word' id='word_1_701' title='bbox 456 2593 583 2620; x_wconf 80' lang='grc' dir='ltr'>ἁπάντων</span> <span class='ocrx_word' id='word_1_702' title='bbox 602 2593 695 2629; x_wconf 82' lang='grc' dir='ltr'>νόμοις</span> <span class='ocrx_word' id='word_1_703' title='bbox 712 2593 932 2628; x_wconf 79' lang='grc' dir='ltr'>ἀντινομοθετού-</span> 
     </span>
    </p>
   </div>
   <div class='ocr_carea' id='block_1_100' title="bbox 145 2646 203 2674">
    <p class='ocr_par' dir='ltr' id='par_1_100' title="bbox 145 2646 203 2674">
     <span class='ocr_line' id='line_1_100' title="bbox 145 2646 203 2674; baseline -0.052 -5"><span class='ocrx_word' id='word_1_704' title='bbox 145 2646 203 2674; x_wconf 61' lang='lat' dir='ltr'><strong>rrec.</strong></span> 
     </span>
    </p>
   </div>
   <div class='ocr_carea' id='block_1_101' title="bbox 989 2315 1776 2351">
    <p class='ocr_par' dir='ltr' id='par_1_101' title="bbox 989 2315 1776 2351">
     <span class='ocr_line' id='line_1_101' title="bbox 989 2315 1776 2351; baseline 0.001 -9"><span class='ocrx_word' id='word_1_705' title='bbox 989 2316 1062 2350; x_wconf 87' lang='lat' dir='ltr'><strong>juste</strong></span> <span class='ocrx_word' id='word_1_706' title='bbox 1085 2315 1191 2351; x_wconf 77' lang='lat' dir='ltr'><strong>legibus</strong></span> <span class='ocrx_word' id='word_1_707' title='bbox 1220 2315 1397 2343; x_wconf 88' lang='lat' dir='ltr'><strong>constitutam</strong></span> <span class='ocrx_word' id='word_1_708' title='bbox 1419 2323 1480 2343; x_wconf 88' lang='lat' dir='ltr'><strong>esse</strong></span> <span class='ocrx_word' id='word_1_709' title='bbox 1505 2316 1691 2351; x_wconf 86' lang='lat' dir='ltr'><strong>pronuntiant.</strong></span> <span class='ocrx_word' id='word_1_710' title='bbox 1709 2315 1776 2343; x_wconf 86' lang='lat' dir='ltr'><strong>Nam</strong></span> 
     </span>
    </p>
   </div>
   <div class='ocr_carea' id='block_1_102' title="bbox 990 2349 1780 2396">
    <p class='ocr_par' dir='ltr' id='par_1_102' title="bbox 990 2349 1780 2396">
     <span class='ocr_line' id='line_1_102' title="bbox 990 2349 1780 2396; baseline 0.001 -8"><span class='ocrx_word' id='word_1_711' title='bbox 990 2349 1190 2396; x_wconf 22' lang='lat' dir='ltr'><strong>primumisane</strong></span> <span class='ocrx_word' id='word_1_712' title='bbox 1207 2361 1350 2394; x_wconf 73' lang='lat' dir='ltr'><strong>theologia:</strong></span> <span class='ocrx_word' id='word_1_713' title='bbox 1363 2361 1522 2389; x_wconf 82' lang='lat' dir='ltr'><strong>historicum</strong></span> <span class='ocrx_word' id='word_1_714' title='bbox 1534 2361 1724 2389; x_wconf 79' lang='lat' dir='ltr'><strong>fabulosumve</strong></span> <span class='ocrx_word' id='word_1_715' title='bbox 1737 2369 1780 2396; x_wconf 76' lang='lat' dir='ltr'><strong>ge-</strong></span> 
     </span>
    </p>
   </div>
   <div class='ocr_carea' id='block_1_103' title="bbox 990 2407 1777 2443">
    <p class='ocr_par' dir='ltr' id='par_1_103' title="bbox 990 2407 1777 2443">
     <span class='ocr_line' id='line_1_103' title="bbox 990 2407 1777 2443; baseline 0 -9"><span class='ocrx_word' id='word_1_716' title='bbox 990 2413 1053 2439; x_wconf 77' lang='lat' dir='ltr'><strong>nUS,</strong></span> <span class='ocrx_word' id='word_1_717' title='bbox 1070 2415 1120 2435; x_wconf 87' lang='lat' dir='ltr'><strong>suo</strong></span> <span class='ocrx_word' id='word_1_718' title='bbox 1147 2412 1225 2443; x_wconf 87' lang='lat' dir='ltr'><strong>poeta</strong></span> <span class='ocrx_word' id='word_1_719' title='bbox 1252 2407 1366 2442; x_wconf 84' lang='lat' dir='ltr'><strong>quilibet</strong></span> <span class='ocrx_word' id='word_1_720' title='bbox 1396 2407 1479 2442; x_wconf 79' lang='lat' dir='ltr'><strong>ﬁngat</strong></span> <span class='ocrx_word' id='word_1_721' title='bbox 1502 2408 1637 2435; x_wconf 85' lang='lat' dir='ltr'><strong>arbitrio:</strong></span> <span class='ocrx_word' id='word_1_722' title='bbox 1661 2408 1777 2434; x_wconf 84' lang='lat' dir='ltr'><strong>alterum</strong></span> 
     </span>
    </p>
   </div>
   <div class='ocr_carea' id='block_1_104' title="bbox 990 2453 1777 2489">
    <p class='ocr_par' dir='ltr' id='par_1_104' title="bbox 990 2453 1777 2489">
     <span class='ocr_line' id='line_1_104' title="bbox 990 2453 1777 2489; baseline 0 -9"><span class='ocrx_word' id='word_1_723' title='bbox 990 2454 1054 2482; x_wconf 88' lang='lat' dir='ltr'><strong>item</strong></span> <span class='ocrx_word' id='word_1_724' title='bbox 1067 2455 1144 2486; x_wconf 86' lang='lat' dir='ltr'><strong>illud,</strong></span> <span class='ocrx_word' id='word_1_725' title='bbox 1161 2454 1274 2489; x_wconf 80' lang='lat' dir='ltr'><strong>propius</strong></span> <span class='ocrx_word' id='word_1_726' title='bbox 1295 2454 1328 2481; x_wconf 91' lang='lat' dir='ltr'><strong>ad</strong></span> <span class='ocrx_word' id='word_1_727' title='bbox 1354 2458 1480 2481; x_wconf 86' lang='lat' dir='ltr'><strong>naturam</strong></span> <span class='ocrx_word' id='word_1_728' title='bbox 1511 2454 1655 2489; x_wconf 76' lang='lat' dir='ltr'><strong>allegorica</strong></span> <span class='ocrx_word' id='word_1_729' title='bbox 1670 2453 1777 2481; x_wconf 81' lang='lat' dir='ltr'><strong>fabula-</strong></span> 
     </span>
    </p>
   </div>
   <div class='ocr_carea' id='block_1_105' title="bbox 988 2499 1777 2534">
    <p class='ocr_par' dir='ltr' id='par_1_105' title="bbox 988 2499 1777 2534">
     <span class='ocr_line' id='line_1_105' title="bbox 988 2499 1777 2534; baseline 0.001 -8"><span class='ocrx_word' id='word_1_730' title='bbox 988 2507 1049 2527; x_wconf 89' lang='lat' dir='ltr'><strong>rum</strong></span> <span class='ocrx_word' id='word_1_731' title='bbox 1067 2499 1246 2534; x_wconf 82' lang='lat' dir='ltr'><strong>explicatione</strong></span> <span class='ocrx_word' id='word_1_732' title='bbox 1262 2499 1428 2532; x_wconf 88' lang='lat' dir='ltr'><strong>traductum,</strong></span> <span class='ocrx_word' id='word_1_733' title='bbox 1447 2499 1671 2534; x_wconf 88' lang='lat' dir='ltr'><strong>philosophorum</strong></span> <span class='ocrx_word' id='word_1_734' title='bbox 1686 2499 1777 2527; x_wconf 87' lang='lat' dir='ltr'><strong>disce-</strong></span> 
     </span>
    </p>
   </div>
   <div class='ocr_carea' id='block_1_106' title="bbox 987 2544 1776 2582">
    <p class='ocr_par' dir='ltr' id='par_1_106' title="bbox 987 2544 1776 2582">
     <span class='ocr_line' id='line_1_106' title="bbox 987 2544 1776 2582; baseline -0.004 -8"><span class='ocrx_word' id='word_1_735' title='bbox 987 2546 1155 2582; x_wconf 86' lang='lat' dir='ltr'><strong>ptationibus</strong></span> <span class='ocrx_word' id='word_1_736' title='bbox 1170 2547 1352 2581; x_wconf 88' lang='lat' dir='ltr'><strong>permittatur.</strong></span> <span class='ocrx_word' id='word_1_737' title='bbox 1369 2545 1404 2571; x_wconf 81' lang='lat' dir='ltr'><strong>At</strong></span> <span class='ocrx_word' id='word_1_738' title='bbox 1419 2553 1483 2572; x_wconf 84' lang='lat' dir='ltr'><strong>vero</strong></span> <span class='ocrx_word' id='word_1_739' title='bbox 1502 2545 1612 2572; x_wconf 88' lang='lat' dir='ltr'><strong>tertium</strong></span> <span class='ocrx_word' id='word_1_740' title='bbox 1628 2545 1689 2576; x_wconf 85' lang='lat' dir='ltr'><strong>hoc,</strong></span> <span class='ocrx_word' id='word_1_741' title='bbox 1703 2544 1776 2579; x_wconf 86' lang='lat' dir='ltr'><strong>quod</strong></span> 
     </span>
    </p>
   </div>
   <div class='ocr_carea' id='block_1_107' title="bbox 987 2590 1776 2627">
    <p class='ocr_par' dir='ltr' id='par_1_107' title="bbox 987 2590 1776 2627">
     <span class='ocr_line' id='line_1_107' title="bbox 987 2590 1776 2627; baseline -0.004 -8"><span class='ocrx_word' id='word_1_742' title='bbox 987 2597 1081 2627; x_wconf 88' lang='lat' dir='ltr'><strong>utpote</strong></span> <span class='ocrx_word' id='word_1_743' title='bbox 1099 2592 1321 2627; x_wconf 87' lang='lat' dir='ltr'><strong>antiquissimum</strong></span> <span class='ocrx_word' id='word_1_744' title='bbox 1335 2598 1366 2618; x_wconf 90' lang='lat' dir='ltr'><strong>ac</strong></span> <span class='ocrx_word' id='word_1_745' title='bbox 1377 2591 1456 2618; x_wconf 84' lang='lat' dir='ltr'><strong>civile</strong></span> <span class='ocrx_word' id='word_1_746' title='bbox 1470 2591 1591 2626; x_wconf 89' lang='lat' dir='ltr'><strong>ipsorum</strong></span> <span class='ocrx_word' id='word_1_747' title='bbox 1605 2590 1686 2617; x_wconf 86' lang='lat' dir='ltr'><strong>etiam</strong></span> <span class='ocrx_word' id='word_1_748' title='bbox 1702 2591 1776 2624; x_wconf 90' lang='lat' dir='ltr'><strong>prin-</strong></span> 
     </span>
    </p>
   </div>
   <div class='ocr_carea' id='block_1_108' title="bbox 987 2637 1776 2674">
    <p class='ocr_par' dir='ltr' id='par_1_108' title="bbox 987 2637 1776 2674">
     <span class='ocr_line' id='line_1_108' title="bbox 987 2637 1776 2674; baseline -0.003 -8"><span class='ocrx_word' id='word_1_749' title='bbox 987 2641 1077 2674; x_wconf 88' lang='lat' dir='ltr'><strong>cipum</strong></span> <span class='ocrx_word' id='word_1_750' title='bbox 1091 2638 1195 2673; x_wconf 80' lang='lat' dir='ltr'><strong>legibus</strong></span> <span class='ocrx_word' id='word_1_751' title='bbox 1213 2638 1330 2665; x_wconf 87' lang='lat' dir='ltr'><strong>retinere</strong></span> <span class='ocrx_word' id='word_1_752' title='bbox 1349 2640 1376 2665; x_wconf 88' lang='lat' dir='ltr'><strong>et</strong></span> <span class='ocrx_word' id='word_1_753' title='bbox 1392 2637 1537 2665; x_wconf 85' lang='lat' dir='ltr'><strong>observare</strong></span> <span class='ocrx_word' id='word_1_754' title='bbox 1559 2637 1687 2671; x_wconf 81' lang='lat' dir='ltr'><strong>iubemur</strong></span> <span class='ocrx_word' id='word_1_755' title='bbox 1700 2657 1708 2671; x_wconf 92' lang='lat'><strong>,</strong></span> <span class='ocrx_word' id='word_1_756' title='bbox 1725 2644 1776 2664; x_wconf 86' lang='lat' dir='ltr'><strong>nec</strong></span> 
     </span>
    </p>
   </div>
   <div class='ocr_carea' id='block_1_109' title="bbox 144 2682 1777 2733">
    <p class='ocr_par' dir='ltr' id='par_1_109' title="bbox 144 2682 1777 2733">
     <span class='ocr_line' id='line_1_109' title="bbox 144 2682 1777 2733; baseline -0.002 -20"><span class='ocrx_word' id='word_1_757' title='bbox 144 2691 294 2720; x_wconf 83' lang='lat' dir='ltr'><strong>poetarum,</strong></span> <span class='ocrx_word' id='word_1_758' title='bbox 313 2686 451 2721; x_wconf 86' lang='lat' dir='ltr'><strong>inquiunt,</strong></span> <span class='ocrx_word' id='word_1_759' title='bbox 469 2694 520 2714; x_wconf 93' lang='lat' dir='ltr'><strong>nec</strong></span> <span class='ocrx_word' id='word_1_760' title='bbox 545 2687 770 2722; x_wconf 89' lang='lat' dir='ltr'><strong>philosophorum</strong></span> <span class='ocrx_word' id='word_1_761' title='bbox 801 2686 872 2714; x_wconf 88' lang='lat' dir='ltr'><strong>ullus</strong></span> <span class='ocrx_word' id='word_1_762' title='bbox 900 2688 1036 2723; x_wconf 78' lang='lat' dir='ltr'><strong>attingat:</strong></span> <span class='ocrx_word' id='word_1_763' title='bbox 1055 2686 1102 2713; x_wconf 83' lang='lat' dir='ltr'><strong>sed</strong></span> <span class='ocrx_word' id='word_1_764' title='bbox 1125 2685 1172 2720; x_wconf 90' lang='lat' dir='ltr'><strong>qui</strong></span> <span class='ocrx_word' id='word_1_765' title='bbox 1187 2684 1243 2719; x_wconf 92' lang='lat' dir='ltr'><strong>jam</strong></span> <span class='ocrx_word' id='word_1_766' title='bbox 1259 2684 1324 2711; x_wconf 89' lang='lat' dir='ltr'><strong>olim</strong></span> <span class='ocrx_word' id='word_1_767' title='bbox 1340 2690 1395 2712; x_wconf 85' lang='lat' dir='ltr'><strong>tam</strong></span> <span class='ocrx_word' id='word_1_768' title='bbox 1414 2684 1441 2710; x_wconf 92' lang='lat' dir='ltr'><strong>in</strong></span> <span class='ocrx_word' id='word_1_769' title='bbox 1457 2684 1540 2733; x_wconf 61' lang='lat' dir='ltr'><strong>agris,</strong></span> <span class='ocrx_word' id='word_1_770' title='bbox 1559 2691 1641 2733; x_wconf 81' lang='lat' dir='ltr'><strong>quam</strong></span> <span class='ocrx_word' id='word_1_771' title='bbox 1702 2682 1777 2733; x_wconf 67' lang='lat' dir='ltr'><strong>urbi-</strong></span> 
     </span>
    </p>
   </div>
   <div class='ocr_carea' id='block_1_110' title="bbox 143 2728 1775 2766">
    <p class='ocr_par' dir='ltr' id='par_1_110' title="bbox 143 2728 1775 2766">
     <span class='ocr_line' id='line_1_110' title="bbox 143 2728 1775 2766; baseline -0.003 -6"><span class='ocrx_word' id='word_1_772' title='bbox 143 2734 193 2760; x_wconf 90' lang='lat' dir='ltr'><strong>bus</strong></span> <span class='ocrx_word' id='word_1_773' title='bbox 204 2733 273 2760; x_wconf 80' lang='lat' dir='ltr'><strong>ritus</strong></span> <span class='ocrx_word' id='word_1_774' title='bbox 287 2733 417 2764; x_wconf 85' lang='lat' dir='ltr'><strong>obtinuit,</strong></span> <span class='ocrx_word' id='word_1_775' title='bbox 430 2733 463 2760; x_wconf 87' lang='lat' dir='ltr'><strong>ad</strong></span> <span class='ocrx_word' id='word_1_776' title='bbox 474 2741 536 2762; x_wconf 89' lang='lat' dir='ltr'><strong>eum</strong></span> <span class='ocrx_word' id='word_1_777' title='bbox 552 2736 707 2760; x_wconf 86' lang='lat' dir='ltr'><strong>constanter</strong></span> <span class='ocrx_word' id='word_1_778' title='bbox 719 2739 825 2764; x_wconf 84' lang='lat' dir='ltr'><strong>omnes,</strong></span> <span class='ocrx_word' id='word_1_779' title='bbox 853 2733 950 2766; x_wconf 86' lang='lat' dir='ltr'><strong>patriis</strong></span> <span class='ocrx_word' id='word_1_780' title='bbox 970 2731 1070 2759; x_wconf 84' lang='lat' dir='ltr'><strong>addicti</strong></span> <span class='ocrx_word' id='word_1_781' title='bbox 1090 2731 1205 2766; x_wconf 76' lang='lat' dir='ltr'><strong>legibus,</strong></span> <span class='ocrx_word' id='word_1_782' title='bbox 1241 2730 1439 2758; x_wconf 62' lang='lat' dir='ltr'><strong>adhatrescant.</strong></span> <span class='ocrx_word' id='word_1_783' title='bbox 1457 2728 1519 2757; x_wconf 70' lang='lat' dir='ltr'><strong>Hazc</strong></span> <span class='ocrx_word' id='word_1_784' title='bbox 1537 2732 1617 2761; x_wconf 63' lang='lat' dir='ltr'><strong>sunt,</strong></span> <span class='ocrx_word' id='word_1_785' title='bbox 1633 2728 1734 2764; x_wconf 75' lang='lat' dir='ltr'><strong>quibus</strong></span> <span class='ocrx_word' id='word_1_786' title='bbox 1748 2728 1775 2754; x_wconf 89' lang='lat' dir='ltr'><strong>in</strong></span> 
     </span>
    </p>
   </div>
   <div class='ocr_carea' id='block_1_111' title="bbox 143 2774 1774 2814">
    <p class='ocr_par' dir='ltr' id='par_1_111' title="bbox 143 2774 1774 2814">
     <span class='ocr_line' id='line_1_111' title="bbox 143 2774 1774 2814; baseline -0.004 -7"><span class='ocrx_word' id='word_1_787' title='bbox 143 2780 284 2813; x_wconf 65' lang='lat' dir='ltr'><strong>praesentia</strong></span> <span class='ocrx_word' id='word_1_788' title='bbox 307 2779 348 2807; x_wconf 90' lang='lat' dir='ltr'><strong>sic</strong></span> <span class='ocrx_word' id='word_1_789' title='bbox 375 2779 451 2814; x_wconf 74' lang='lat'><strong>131</strong></span> <span class='ocrx_word' id='word_1_790' title='bbox 468 2779 547 2807; x_wconf 89' lang='lat' dir='ltr'><strong>nobis</strong></span> <span class='ocrx_word' id='word_1_791' title='bbox 570 2778 789 2814; x_wconf 89' lang='lat' dir='ltr'><strong>respondendum</strong></span> <span class='ocrx_word' id='word_1_792' title='bbox 820 2783 873 2812; x_wconf 82' lang='lat' dir='ltr'><strong>est,</strong></span> <span class='ocrx_word' id='word_1_793' title='bbox 903 2783 933 2806; x_wconf 91' lang='lat' dir='ltr'><strong>ut</strong></span> <span class='ocrx_word' id='word_1_794' title='bbox 952 2777 1100 2814; x_wconf 77' lang='lat' dir='ltr'><strong>evangelici</strong></span> <span class='ocrx_word' id='word_1_795' title='bbox 1134 2777 1262 2811; x_wconf 83' lang='lat' dir='ltr'><strong>instituti,</strong></span> <span class='ocrx_word' id='word_1_796' title='bbox 1283 2778 1357 2812; x_wconf 92' lang='lat' dir='ltr'><strong>quod</strong></span> <span class='ocrx_word' id='word_1_797' title='bbox 1378 2785 1393 2804; x_wconf 88' lang='lat' dir='ltr'><strong>a</strong></span> <span class='ocrx_word' id='word_1_798' title='bbox 1409 2777 1554 2805; x_wconf 73' lang='lat' dir='ltr'><strong>Servatore</strong></span> <span class='ocrx_word' id='word_1_799' title='bbox 1579 2780 1675 2803; x_wconf 91' lang='lat' dir='ltr'><strong>nostro</strong></span> <span class='ocrx_word' id='word_1_800' title='bbox 1704 2774 1774 2801; x_wconf 85' lang='lat' dir='ltr'><strong>alla—</strong></span> 
     </span>
    </p>
   </div>
   <div class='ocr_carea' id='block_1_112' title="bbox 176 2856 1773 2894">
    <p class='ocr_par' dir='ltr' id='par_1_112' title="bbox 176 2856 1773 2894">
     <span class='ocr_line' id='line_1_112' title="bbox 176 2856 1773 2894; baseline -0.004 -8"><span class='ocrx_word' id='word_1_801' title='bbox 176 2859 230 2894; x_wconf 78' lang='grc'><strong>(19)</strong></span> <span class='ocrx_word' id='word_1_802' title='bbox 254 2859 285 2884; x_wconf 84' lang='grc' dir='ltr'><em>Ὃ</em></span> <span class='ocrx_word' id='word_1_803' title='bbox 312 2857 354 2890; x_wconf 80' lang='grc' dir='ltr'><strong>δὴ</strong></span> <span class='ocrx_word' id='word_1_804' title='bbox 378 2859 517 2894; x_wconf 52' lang='lat' dir='ltr'><strong>ﬂuenter.</strong></span> <span class='ocrx_word' id='word_1_805' title='bbox 540 2863 593 2886; x_wconf 89' lang='lat' dir='ltr'><strong>etc.</strong></span> <span class='ocrx_word' id='word_1_806' title='bbox 613 2857 732 2886; x_wconf 80' lang='lat' dir='ltr'><strong>Paucula</strong></span> <span class='ocrx_word' id='word_1_807' title='bbox 760 2856 857 2889; x_wconf 79' lang='lat' dir='ltr'><strong>verba,</strong></span> <span class='ocrx_word' id='word_1_808' title='bbox 882 2856 930 2884; x_wconf 84' lang='lat' dir='ltr'><strong>sed</strong></span> <span class='ocrx_word' id='word_1_809' title='bbox 948 2858 1027 2886; x_wconf 86' lang='lat' dir='ltr'><strong>valde</strong></span> <span class='ocrx_word' id='word_1_810' title='bbox 1051 2857 1216 2890; x_wconf 82' lang='lat' dir='ltr'><strong>necessaria,</strong></span> <span class='ocrx_word' id='word_1_811' title='bbox 1241 2857 1425 2892; x_wconf 84' lang='lat' dir='ltr'><strong>sopplevimus</strong></span> <span class='ocrx_word' id='word_1_812' title='bbox 1451 2864 1483 2885; x_wconf 80' lang='lat' dir='ltr'><strong>ex</strong></span> <span class='ocrx_word' id='word_1_813' title='bbox 1510 2859 1594 2884; x_wconf 67' lang='lat' dir='ltr'><strong>altero</strong></span> <span class='ocrx_word' id='word_1_814' title='bbox 1621 2861 1773 2887; x_wconf 85' lang='lat' dir='ltr'><strong>n.anuscr.,</strong></span> 
     </span>
    </p>
   </div>
   <div class='ocr_carea' id='block_1_113' title="bbox 141 2892 541 2928">
    <p class='ocr_par' dir='ltr' id='par_1_113' title="bbox 141 2892 541 2928">
     <span class='ocr_line' id='line_1_113' title="bbox 141 2892 541 2928; baseline -0.015 -5"><span class='ocrx_word' id='word_1_815' title='bbox 141 2902 198 2927; x_wconf 61' lang='grc' dir='ltr'><strong>ρυλε</strong></span> <span class='ocrx_word' id='word_1_816' title='bbox 214 2892 296 2922; x_wconf 73' lang='lat' dir='ltr'><strong>etiam</strong></span> <span class='ocrx_word' id='word_1_817' title='bbox 315 2893 439 2928; x_wconf 78' lang='lat' dir='ltr'><strong>agnoscit</strong></span> <span class='ocrx_word' id='word_1_818' title='bbox 456 2892 541 2921; x_wconf 76' lang='lat' dir='ltr'><strong>Mont.</strong></span> 
     </span>
    </p>
   </div>
  </div>
