2060 3213
289 185 340 214 254

628 186 762 215 [USEBlI
779 183 1018 213 CZESARIENSIS
1039 181 1114 209 OPP.
1134 180 1222 208 PARS
1247 179 1277 207 ll.
1290 197 1325 202 -—
1338 182 1588 211 APOLOGETICA.

1862 180 1916 207 ea:

285 249 342 270 tum
356 247 409 277 est,
424 243 556 271 rationem
567 251 628 270 cum
641 244 731 278 aliqua
740 242 897 269 defensrone
920 241 1075 270 reddamus,
1096 238 1124 264 in
1143 245 1198 273 quo
1212 238 1285 274 leges
1299 239 1361 267 istis
1373 240 1500 267 omnibus
1527 247 1560 267 ac
1589 238 1709 274 gentium
1725 237 1915 264 universarum

283 288 391 323 legibus
401 289 545 315 contrariae
565 288 689 315 feruntur
704 292 786 321 atque
799 286 1016 321 promulgantur.

318 334 440 361 Primum
475 335 566 368 itaque
580 353 587 364 ,
608 334 754 360 simulacra
792 333 912 360 inanima
930 332 996 359 deos
1011 338 1066 358 non
1083 332 1106 360 Α

285 389 356 413 esse,
374 382 424 416 ipsi
435 389 544 416 quoque
561 380 640 408 facile
661 381 838 416 agnoverint:
864 381 970 413 deinde,
1002 380 1070 407 nihil

285 435 408 462 prorsus.
423 428 493 461 quod
507 428 623 461 speciem
641 427 759 462 aliquam
773 428 828 454 Deo
839 427 948 461 dignam
962 427 1068 457 habeat,

286 473 407 500 fabulosa
423 481 516 499 eorum
547 473 683 507 theologia
712 473 856 504 contineri,
885 474 974 508 primo
1000 473 1069 498 libro

285 518 351 544 satis
370 518 556 550 ostendimus;
592 523 751 552 postremo,
780 526 814 545 ne
845 519 932 552 ipsam
960 517 1069 551 quidem

285 568 389 590 naturze
402 563 555 597 propiorem
577 571 609 591 ac
625 564 840 599 philosophicam
859 564 1010 591 fabularum
1026 564 1069 590 in-

285 609 517 642 terpretatiOuem,
544 617 600 635 non
615 615 722 636 coactas
737 610 837 636 habere
850 610 1001 644 explicandi
1027 617 1069 635 ra-

285 655 382 684 tiones.
397 654 423 680 in
442 654 562 682 secundo
580 656 715 690 tertioque
732 656 916 690 probavimus.
935 655 1070 690 Nuncigi-

285 704 340 731 tur,
356 700 394 732 id,
411 700 483 734 quod
497 701 607 728 tertium
622 706 673 733 est,
687 701 838 735 videamus,
851 701 916 736 quid
932 701 966 728 de
982 702 1068 727 virtu-

284 746 357 774 tibus
369 746 395 772 in
408 747 564 774 simulacris
575 747 798 776 delitescentibus
808 747 964 774 existimare
989 755 1070 781 opor-

284 797 356 824 teat;
379 800 461 820 easne
489 793 611 820 moribus
640 793 766 820 liberales
782 813 789 825 ,
825 794 934 828 probas,
951 801 1069 828 vereque

284 841 390 867 divinas
407 847 478 871 esse,
493 847 526 867 an
543 841 656 868 omnino
679 845 782 868 contra.
808 840 969 874 Quanquam
999 840 1068 867 alius

285 886 365 917 forte.
373 886 419 920 qui
430 886 500 912 hanc
508 885 719 920 disputationem
732 885 1015 921 insisteret,quidquid
1024 885 1068 912 isti

285 936 407 963 narrant,
424 931 547 958 fraudem
566 935 593 958 et
610 939 729 959 errorem
751 939 821 964 esse,
835 939 868 959 ac
884 931 1068 959 veneﬁcarum

285 983 368 1008 artes,
385 977 590 1012 prmstigiasqce
607 977 795 1010 contenderet,
822 978 914 1012 itaque
929 977 1067 1012 vulgarem

285 1022 407 1049 {traditus
420 1011 573 1056 opinionem
584 1022 721 1056 evelleret,
738 1027 768 1049 ut
780 1029 834 1049 non
848 1011 935 1050 solum
948 1011 1012 1054 Deo,
1020 1022 1067 1049 sed
1084 1011 1105 1039 Β

285 1077 320 1096 ne
333 1069 405 1095 malo
420 1068 529 1103 quidem
560 1068 677 1095 daenmni
693 1089 700 1100 ,
719 1076 780 1103 quae
799 1068 899 1102 passim
915 1068 949 1095 de
968 1068 1014 1095 illo
1026 1068 1068 1101 ja-

285 1119 403 1146 ctantur,
415 1114 579 1149 assignanda
590 1121 651 1141 esse
664 1118 804 1141 statueret.
818 1113 921 1148 Quippe
938 1121 1068 1148 responsa

285 1160 357 1186 enim
373 1160 486 1186 deorum
498 1159 653 1186 artilieiosis
668 1159 791 1186 versibus
803 1159 913 1194 illigata,
928 1160 1067 1187 hominum

285 1205 379 1239 utique
392 1213 445 1232 non
457 1205 605 1232 bar-dorum
620 1209 701 1240 atque
714 1205 870 1237 stultorum,
888 1206 935 1232 sed
960 1206 993 1233 ad
1020 1205 1070 1233 fal-

285 1251 369 1277 lacias
382 1251 514 1285 dolusque
529 1251 680 1279 niolieudos
704 1251 827 1285 apprime
842 1251 975 1278 factorum
991 1259 1068 1278 com-

286 1301 376 1324 menta
389 1304 450 1324 esse
463 1306 470 1330 ;
487 1304 548 1331 qua!
561 1298 670 1332 ancipiti
687 1302 714 1324 et
727 1297 854 1332 ambiguo
868 1305 992 1325 sermone
1007 1305 1070 1325 con-

285 1347 368 1375 texta,
387 1342 413 1368 in
441 1347 582 1376 utramque
601 1342 749 1377 exspectati
765 1350 855 1369 rerum
879 1347 992 1369 eventus
1008 1350 1070 1376 par-

284 1391 339 1414 tem
353 1394 405 1414 non
418 1387 506 1421 inepte
520 1387 616 1413 cadere
630 1391 657 1413 et
669 1386 803 1421 quadrare
815 1386 931 1421 possint.
942 1385 979 1412 Ea
994 1393 1067 1418 vero,

285 1433 385 1467 quibus
397 1433 456 1460 rudi
470 1432 615 1467 plebecula:
631 1432 789 1467 imponitur,
805 1432 1069 1466 circulatorumpro—

285 1479 368 1513 digia,
383 1486 445 1506 cum
461 1479 634 1505 naturalibus
648 1478 741 1505 causis
754 1486 816 1505 esse
833 1478 990 1512 conjuncta.
1004 1477 1069 1504 Plu-

285 1524 354 1550 rima
366 1524 439 1550 enim
456 1522 582 1549 universa
595 1523 621 1549 in
637 1527 732 1549 natura
749 1523 880 1550 exsistere
895 1542 902 1555 ,
923 1523 1045 1549 radicum
1059 1540 1069 1553 ,

286 1568 442 1600 herbarum,
460 1568 624 1602 plantarum,
638 1566 786 1600 fructuum,
802 1567 933 1601 lapidum,
948 1567 1068 1602 itemque

286 1612 401 1638 aliarum
423 1619 454 1638 ex
469 1612 543 1638 omni
571 1611 695 1642 materia.
708 1613 764 1638 sive
778 1612 924 1644 siccarum,
940 1613 998 1640 sive
1015 1614 1068 1640 hu-

287 1657 422 1684 midarum
435 1656 565 1683 virtutum
580 1664 690 1691 genera,
704 1665 819 1690 quarum
831 1657 890 1684 alia:
903 1658 1068 1692 propellendi

286 1707 314 1728 et
327 1701 451 1736 ejicieudi
470 1701 523 1727 vim
537 1701 664 1733 habeant,
678 1700 738 1728 alia:
752 1703 909 1730 secernendi
931 1711 963 1730 ae
988 1704 1069 1732 dissi-

287 1748 378 1783 pandi,
405 1747 464 1774 alia:
492 1751 587 1774 contra
609 1747 651 1774 vel
680 1747 852 1782 constipandi
880 1749 1067 1783 velsislendi,

287 1793 406 1826 itemque
421 1791 540 1825 laxandi,
560 1792 734 1819 humeclandi
749 1812 757 1825 ,
785 1793 964 1821 rarefaciendi
979 1804 986 1821 ι
1005 1802 1068 1822 rur—

288 1846 402 1873 sumque
413 1838 538 1865 servandi
557 1837 627 1869 alim,
657 1837 717 1864 aliae
734 1838 893 1872 pcrimendi,
910 1847 942 1866 ac
955 1848 1070 1874 praesen-

288 1891 341 1913 tem
361 1884 483 1920 corporis
499 1889 600 1912 statuat
619 1884 699 1911 modo
715 1884 742 1910 in
760 1884 843 1916 hunc.
862 1886 942 1912 modo
959 1892 1069 1913 contra-

287 1933 358 1959 rium
375 1932 481 1966 penitus
496 1931 657 1958 immutandi
671 1940 677 1958 :
700 1936 782 1966 atque
795 1932 909 1959 aliarum
924 1933 1069 1960 ellicacita-

287 1983 340 2004 lem
351 1977 477 2013 longiori.
487 1977 602 2004 altarum
613 1977 728 2004 breviori
737 1982 856 2013 tempore
865 1979 1068 2013 circumscribi;

287 2022 465 2057 similiterque
480 2022 595 2049 aliarum
612 2022 645 2049 ad
663 2022 765 2057 plures,
790 2023 823 2050 ad
845 2025 989 2058 pauciores
1002 2025 1070 2052 alia-

286 2076 347 2096 rum
363 2075 423 2095 sese
436 2067 603 2101 diﬂ‘undere;
621 2073 751 2102 przeterea
767 2069 834 2096 alias
859 2070 971 2103 praeire,
992 2071 1069 2105 sequi

285 2115 364 2147 alias,
380 2114 449 2141 alias
458 2113 575 2148 denique
586 2122 748 2142 concurrere
762 2123 824 2142 cum
835 2116 907 2149 aliis,
925 2121 1023 2144 etcum
1037 2118 1070 2144 iis

287 2162 378 2196 augeri
389 2161 500 2195 pariter,
510 2161 664 2196 pariterque
676 2162 824 2196 corrumpi.
837 2162 984 2197 thuidetn
996 2164 1070 2199 quod

269 2206 401 2234 'sauandi
418 2207 459 2233 vis
476 2206 614 2233 nonnullis
627 2207 702 2240 insit,
719 2207 779 2234 aliis
795 2212 885 2235 autem
902 2209 981 2244 132
997 2218 1069 2237 mor-

288 2251 338 2278 bos
353 2255 433 2284 atque
445 2250 557 2277 exitium
569 2251 690 2285 creandi,
708 2252 777 2279 nihil
793 2253 893 2280 habere
908 2261 924 2280 a
946 2255 1069 2282 medendi

287 2302 344 2323 arte
357 2296 488 2322 alienum.
505 2294 565 2322 Jam
590 2303 654 2323 vero
670 2296 800 2332 pleraque
815 2299 933 2325 naturali
950 2300 1068 2334 quadam

1158 329 1218 355 Ὅτι
1234 328 1283 363 μὲν
1297 326 1343 354 οὖν
1365 328 1395 354 οὐ
1413 327 1470 354 θεοὶ
1489 327 1524 354 τὰ
1543 327 1634 362 ἄψυχα
1654 327 1753 361 ξόανα,
1776 327 1914 363 προφανὲς

1121 374 1168 401 κάι
1187 375 1279 405 αὐτοῖς
1291 383 1297 388 -
1315 374 1356 400 ὅτι
1377 373 1399 399 δ’
1418 374 1478 400 οὐδὲ
1494 373 1529 399 τὰ
1551 374 1600 408 τῆς
1618 373 1736 409 μυθικῆς
1751 373 1841 400 αὐτῶν
1855 373 1914 400 est»

1120 421 1214 454 λογίας
1229 420 1308 455 φέροι
1324 419 1384 446 τινὰ
1400 419 1497 455 σεμνὸν
1515 419 1561 446 καὶ
1574 419 1712 454 θεοπρεπῆ
1728 419 1816 454 λόγον,
1831 420 1860 445 ὲν
1874 419 1914 455 τῷ

1120 467 1221 501 πρώτῳ
1236 466 1368 492 δέδεικται
1380 466 1576 500 συγγράμματι
1586 474 1592 480 ·
1605 465 1700 500 ῶσπερ
1711 463 1756 492 οὖν
1769 466 1816 492 καὶ
1832 466 1861 492 ὲν
1872 465 1913 500 τῷ

1119 511 1255 546 δευτέρῳ,
1274 512 1321 538 καὶ
1342 512 1444 546 τρίτῳ,
1457 512 1498 537 ὅτι
1515 511 1582 547 μηδὲ
1597 511 1632 538 τα
1651 512 1701 546 τῆς
1722 511 1913 547 φυσικωτέρας

1120 558 1168 584 καὶ
1183 557 1326 592 φιλοσόφου
1341 556 1394 582 τῶν
1410 555 1502 591 μύθων
1517 556 1664 592 ἑρμηνείας
1678 556 1806 582 ἁϐίαστον
1819 557 1913 590 αὐτοῖς

1120 603 1242 639 περιέχει
1255 603 1302 638 τὴν
1313 602 1451 638 ἐξήγησιν.
1462 602 1497 628 Τὸ
1508 602 1540 637 δὴ
1552 602 1643 638 τρίτον
1653 603 1720 638 φέρε
1734 601 1910 637 σκεψώμεθα,

1119 649 1145 675 τί
1160 658 1225 676 ποτε
1240 649 1295 685 χρὴ
1317 648 1436 684 νομίζειν
1450 648 1499 680 τὰς
1514 650 1543 675 ὲν
1556 650 1612 680 τοῖς
1628 648 1730 680 ξοάνοις
1743 648 1913 684 ὲμφωλευούη

1120 703 1169 727 σας
1184 695 1313 730 δυνάμεις
1324 703 1330 709 '
1347 695 1450 730 πότερα
1470 694 1515 720 τὸν
1530 693 1630 729 τρόπον
1645 694 1755 726 ἀστείας
1776 694 1823 720 καὶ
1839 695 1911 728 ἁγα-

1119 740 1183 772 Οὰς,
1210 741 1257 767 καὶ
1273 740 1310 772 ὡς
1331 739 1441 774 ἀληθῶς
1464 739 1557 772 Θείας,
1581 740 1597 774 ἢ
1615 739 1716 766 τούτων
1733 740 1859 766 ἁπάντων
1877 739 1912 766 τὰ

1119 787 1237 814 ἐναντία.
1268 787 1364 818 Ἀλλος
1390 787 1438 822 μὲν
1455 785 1500 813 οὖν
1523 788 1593 822 τάχα
1616 787 1649 814 ἂν
1674 787 1758 819 ἴσως,
1782 787 1828 813 τὸν
1846 787 1912 822 περὶ

1118 833 1220 860 τούτων
1241 833 1376 868 ἐφοδεύων
1397 832 1493 866 λόγον,
1510 832 1612 868 πλάνην
1629 830 1699 859 εἶναι
1719 832 1750 858 τὸ
1767 833 1836 863 πᾶν,
1863 832 1912 858 καὶ

1118 881 1222 915 γοήτων
1237 879 1341 914 ἀνδρῶν
1356 879 1530 914 τεχνάσματά
1546 887 1575 904 τε
1597 879 1644 904 καὶ
1665 878 1840 914 ῥᾳδιουργίας
1860 878 1912 903 ὐπ-

1118 928 1267 961 εστήσατο,
1291 926 1406 952 καθόλου
1421 924 1600 960 περιγράφων
1623 924 1673 960 τὴν
1699 925 1792 957 δόξαν,
1816 925 1854 955 ῶς
1873 924 1911 958 μὴ

1119 973 1158 999 ὅτι
1169 973 1236 999 Θεοῦ
1246 994 1254 1004 ,
1268 972 1335 999 ἀλλὰ
1352 972 1419 1007 μηδὲ
1433 971 1552 1007 πονηροῦ
1566 971 1692 1006 δαίμονος
1707 969 1776 997 εἶναι
1789 970 1912 1005 νομίζειν

1119 1019 1153 1044 τὰ
1170 1019 1232 1054 περὶ
1249 1017 1331 1044 αὐτοῦ
1348 1018 1543 1053 θρυλλούμενα.
1561 1017 1602 1043 Τὰ
1627 1017 1676 1052 μὲν
1697 1017 1751 1051 γάρ
1768 1017 1912 1051 ποιήματα

1120 1066 1167 1091 καὶ
1183 1066 1232 1096 τὰς
1247 1064 1301 1090 τῶν
1312 1064 1444 1099 χρησμῶν
1462 1063 1610 1094 συνθέσεις,
1623 1063 1673 1089 οὐκ
1684 1062 1778 1097 ἀφυῶν
1794 1062 1910 1099 ἀνδρῶν,

1119 1110 1149 1139 εὖ
1167 1112 1240 1147 μάλα
1260 1105 1289 1138 δὲ
1307 1111 1376 1146 πρὸς
1393 1111 1499 1146 ἀπάτην
1515 1110 1747 1145 ἐσκευωρημένων
1764 1110 1912 1144 πλάσματα

1119 1157 1263 1192 τυγχάνειν
1273 1176 1280 1187 ,
1303 1156 1378 1191 μέσῳ
1395 1156 1442 1182 καὶ
1457 1156 1598 1191 ἀμφιϐόλῳ
1616 1155 1784 1191 συγκείμενα
1798 1156 1891 1192 τρόπῳ
1901 1175 1910 1188 ,

1120 1203 1188 1238 πρὸς
1210 1203 1328 1238 ἑκάτερά
1341 1211 1371 1228 τε
1387 1202 1440 1228 τῶν
1454 1202 1509 1229 ἀπὺ
1529 1202 1579 1236 τῆς
1600 1202 1738 1233 ἐκϐάσεως
1754 1202 1912 1237 προσδοκωο

1121 1250 1209 1285 μένων
1224 1248 1274 1274 οὐκ
1287 1248 1381 1283 ἀφυῶς
1397 1247 1578 1284 ἐφαρμόζειν·
1594 1247 1628 1274 τά
1642 1248 1669 1273 δὲ
1684 1248 1728 1273 τὸν
1745 1247 1828 1274 πολὺν
1839 1249 1912 1274 ἀπα-

1119 1295 1207 1322 τῶντα
1218 1295 1262 1322 διά
1274 1304 1353 1322 τινων
1363 1294 1509 1330 τερατειῶν
1522 1294 1649 1329 θαύματα
1666 1296 1793 1328 φυσικαῖς
1809 1295 1911 1326 αἰτίαις

1119 1341 1248 1376 ὰνῆφοαι.
1262 1341 1351 1367 Πολλὰ
1363 1341 1418 1376 γὰρ
1432 1338 1500 1366 εἶναι
1517 1340 1575 1374 εἴδη
1591 1339 1675 1375 ῥιζῶν
1685 1361 1692 1373 ,
1713 1341 1761 1367 καὶ
1778 1340 1910 1375 βοτανῶν,

1119 1386 1167 1412 καὶ
1181 1386 1288 1420 φυτῶν,
1304 1386 1350 1412 καὶ
1362 1385 1486 1420 καρπῶν,
1502 1385 1548 1412 καὶ
1564 1385 1656 1419 λίθων,
1670 1386 1760 1422 ξηρῶν
1779 1395 1809 1412 τε
1823 1386 1912 1412 ἄλλων

1120 1431 1168 1458 καὶ
1188 1431 1280 1466 ὑγρῶν
1298 1431 1429 1462 παντοίας
1446 1430 1513 1465 ὕλης
1527 1431 1668 1465 δυνάμεων
1682 1431 1711 1457 ἐν
1724 1432 1757 1466 τῇ
1773 1431 1826 1457 τῶν
1843 1430 1912 1457 ὅλων

1121 1477 1200 1510 φύσει
1210 1485 1217 1492 °
1231 1477 1265 1503 τὰ
1282 1476 1331 1512 μὲν
1348 1476 1562 1511 ἀποκρουστικὰ,
1574 1475 1620 1502 καί
1635 1485 1714 1504 τινων
1730 1477 1910 1508 ἀπελαστικὰ,

1120 1523 1154 1550 τὰ
1168 1523 1197 1550 δὲ
1209 1523 1335 1557 συνάγειν
1349 1523 1489 1557 πεφυκότα
1502 1523 1548 1549 καὶ
1564 1523 1736 1558 ἐφέλκεσθαι,
1759 1523 1794 1549 τὰ
1809 1523 1837 1550 δὲ
1851 1524 1911 1549 δια-

1121 1569 1223 1604 κρίνειν
1247 1569 1294 1595 καὶ
1320 1569 1511 1600 σκεδαννύναι,
1527 1569 1647 1595 πυκνοῦν
1669 1577 1698 1595 τε
1725 1569 1771 1595 καὶ
1792 1569 1912 1595 στέλλειν

1120 1615 1255 1650 δυνάμενα
1265 1623 1272 1629 ·
1287 1615 1330 1641 Et:
1336 1623 1368 1651 ρα
1381 1615 1409 1641 δὲ
1419 1615 1504 1650 χαλᾷν
1516 1615 1563 1642 καὶ
1577 1615 1717 1651 ὑγραίνειν
1729 1616 1776 1641 καὶ
1786 1615 1911 1650 ἀραιοῦν,

1122 1660 1218 1692 σώζειν
1235 1670 1264 1686 τε
1280 1658 1313 1688 αὖ
1331 1661 1411 1687 πάλιν
1433 1661 1500 1687 ἄλλα
1511 1681 1518 1692 ,
1541 1661 1588 1687 καὶ
1606 1661 1686 1696 ἕτερα
1699 1661 1814 1687 κτείνειν
1825 1681 1832 1692 ,
1849 1662 1911 1697 τρέ-

1120 1714 1182 1733 πειν
1197 1713 1226 1732 τε
1246 1706 1332 1732 διόλου
1343 1727 1350 1738 ,
1372 1706 1420 1732 καὶ
1434 1707 1464 1732 τὺ
1478 1707 1565 1742 παρὸν
1585 1706 1755 1734 ἐναλλάττειν
1765 1728 1771 1738 ,
1790 1707 1837 1733 καὶ
1850 1707 1911 1734 τοτὲ

1121 1753 1170 1788 μὲν
1183 1752 1246 1788 τῇδε
1261 1754 1418 1787 μεταποιεῖν
1428 1773 1434 1784 ,
1457 1753 1518 1779 τοτὲ
1533 1752 1561 1779 δὲ
1577 1753 1654 1787 τῇδε·
1668 1752 1714 1779 καὶ
1729 1753 1763 1780 τὰ
1777 1753 1825 1788 μὲν
1842 1753 1913 1789 πρὸς

1120 1799 1205 1825 πλείω
1218 1799 1330 1834 χρόνον,
1349 1798 1384 1825 τὰ
1396 1798 1424 1825 δὲ
1441 1799 1509 1834 πρὸς
1526 1799 1628 1834 βραχὺν
1642 1799 1720 1825 τοῦτο
1740 1801 1842 1825 ποιεῖν·
1863 1799 1911 1825 καὶ

1120 1844 1200 1871 πάλιν
1214 1844 1247 1870 τὰ
1258 1845 1306 1879 μὲν
1321 1845 1361 1876 είς
1379 1844 1489 1879 πλῆθος,
1504 1844 1537 1870 τὰ
1553 1844 1581 1870 δὲ
1597 1844 1693 1880 μέχρις
1704 1844 1793 1878 ὀλίγον
1803 1850 1816 1865 ι
1829 1845 1911 1879 μόνον

1123 1889 1239 1925 ἰσχύειν
1262 1889 1308 1916 καὶ
1325 1889 1380 1916 τῶν
1398 1889 1447 1924 μὲν
1464 1889 1527 1916 τάδε
1551 1890 1690 1924 ἡγεῖσθαι,
1712 1890 1767 1916 τισὶ
1787 1890 1814 1917 δὲ
1830 1891 1912 1926 ἕτερα

1120 1935 1320 1966 ἐπακολουθεῖν,
1335 1934 1491 1970 συντρέχειν
1509 1943 1537 1961 τε
1551 1935 1618 1961 ἄλλα
1631 1935 1735 1966 ἄλλοις,
1749 1936 1795 1962 καὶ
1813 1936 1912 1962 συναύ-

1121 1981 1176 2014 ξειν
1192 1981 1237 2008 καὶ
1255 1980 1478 2016 συμφοείρεσθαι.
1502 1981 1557 2007 Ναὶ
1585 1980 1637 2016 μὴν
1655 1981 1702 2007 καὶ
1723 1982 1825 2015 ὑγιείας
1842 1980 1913 2009 εἷναί

1120 2035 1181 2054 τινα
1194 2026 1338 2062 ποιητικὰ,
1354 2027 1477 2061 ἰατρικῆς
1493 2026 1543 2052 οὐκ
1565 2026 1674 2053 ἄπωθεν
1689 2028 1857 2062 ἐπιστήμης
1876 2027 1912 2054 τὰ

1120 2072 1149 2099 δὲ
1172 2072 1297 2099 νοσοποιά
1314 2073 1456 2107 τυγχάνειν
1479 2073 1526 2098 καὶ
1549 2072 1708 2108 δηλητήρια.
1726 2073 1796 2107 Ἤδη
1813 2073 1841 2100 δὲ
1862 2073 1910 2100 καὶ

1121 2119 1250 2152 φυσικαῖς
1272 2118 1404 2152 ἀνάγκαις
1420 2117 1577 2153 συμϐαίνειν
1590 2118 1670 2149 τινὰ,
1693 2118 1740 2145 καὶ
1759 2120 1793 2154 τῇ
1813 2118 1909 2154 σελήνῃ

1122 2163 1262 2197 συναύξειν
1275 2165 1322 2190 καὶ
1334 2163 1493 2199 συμφοίνειν
1502 2172 1508 2178 ·
1526 2163 1602 2195 ζώων
1615 2172 1644 2189 τε
1657 2162 1737 2195 εἶναι,
1747 2165 1793 2190 καλ¹
1807 2164 1908 2198 φυτῶν,

1122 2211 1168 2237 καὶ
1183 2210 1264 2246 ῥιζῶν
1279 2209 1454 2240 ἀντιπαθείας
1471 2209 1570 2244 μυρίας
1581 2230 1587 2242 ,
1604 2210 1652 2236 καὶ
1671 2209 1756 2236 πολλὰ
1771 2210 1910 2245 θυμιαμά-

1121 2265 1174 2282 των
1187 2255 1346 2290 καρωτικῶν
1360 2263 1389 2280 τε
1407 2255 1453 2281 καὶ
1467 2254 1639 2285 ὑπνωτικῶν,
1651 2254 1752 2290 ἐτέρων
1764 2255 1791 2281 δὲ
1808 2264 1911 2289 φαντα-

1124 2303 1183 2333 σίας
1204 2301 1362 2337 ποιητικῶν.
1381 2301 1558 2336 Συναίρεσϐαι
1582 2301 1610 2326 δὲ
1632 2301 1682 2336 οὐχ
1696 2301 1795 2336 ἥκιστα
1812 2301 1859 2327 καὶ
1874 2301 1911 2327 τὰ

287 2342 447 2370 necessitate
461 2343 629 2377 contingere,
644 2350 762 2378 cumque
780 2345 839 2379 ipsa
862 2345 926 2372 luna
948 2354 1070 2374 crescere

1124 2349 1227 2384 χωρία,
1243 2347 1366 2378 καὶτοὺς
1389 2347 1487 2377 τόπους
1508 2347 1537 2372 ὲν
1550 2343 1590 2378 οἷς
1608 2347 1760 2373 τελίσκεται
1782 2347 1816 2373 τὰ
1835 2347 1909 2381 γινό-

287 2388 369 2416 simul
381 2388 516 2423 simulque
531 2388 688 2417 decrescere
703 2399 709 2417 :
728 2392 866 2425 oppositas
878 2392 1067 2424 animantium,

287 2434 451 2468 plantarum,
463 2439 545 2470 atque
562 2435 684 2463 radicum
694 2437 850 2466 affectiones
861 2438 981 2467 infinitas
992 2448 1068 2468 esse:

287 2487 416 2513 vaporum
431 2480 515 2507 multa
541 2487 600 2507 esse
614 2487 712 2515 genera
722 2501 729 2512 ,
745 2489 807 2508 cum
827 2489 922 2509 eorum
936 2504 944 2516 ,
969 2485 1069 2518 quibus

289 2525 416 2558 gravedo,
436 2532 468 2551 ac
495 2532 577 2560 sopor
601 2525 750 2559 inducitur,
769 2532 825 2554 tum
851 2529 933 2555 etiam
950 2538 1044 2557 eorum
1061 2550 1067 2561 ,

288 2568 388 2602 quibus
397 2570 523 2604 cogitatio
543 2571 736 2604 perturbatur:
762 2573 822 2600 loca
841 2574 903 2601 item
919 2581 1000 2610 atque
1024 2583 1069 2602 rc-

289 2616 394 2649 giones,
404 2617 432 2643 in
446 2617 546 2651 quibus
559 2618 664 2653 singula
676 2619 861 2654 perﬁciantur,
874 2622 999 2650 conferre
1011 2623 1070 2657 plu-

290 2660 389 2688 rimum
406 2671 414 2688 :
434 2661 558 2690 homines
578 2663 644 2692 istos
672 2669 800 2700 praeterea
827 2666 1071 2696 instrumentorum

290 2713 367 2732 suam
385 2705 418 2733 ad
428 2712 513 2734 artem
529 2707 628 2737 aﬂ‘abre
637 2709 840 2738 elaboratorum
852 2713 958 2746 copiam
972 2713 1072 2742 habere

290 2751 371 2785 longe
387 2757 449 2778 ante
462 2753 616 2788 provisam;
633 2756 733 2783 multos
749 2757 831 2784 etiam
841 2758 955 2786 diversis
965 2767 999 2787 ex
1010 2768 1072 2795 par—

291 2797 364 2824 tibus
378 2797 429 2824 sibi
448 2805 605 2834 compararc
620 2803 819 2838 praestigiarum
839 2812 951 2833 suarum
965 2806 1073 2842 adjuto-

327 2880 340 2893 ‘
360 2882 404 2910 γρ.
419 2869 524 2910 eum.

1121 2404 1204 2431 μενα·
1223 2394 1327 2430 ὄργανά
1349 2403 1378 2420 τε
1399 2391 1468 2420 εἶναι
1484 2394 1531 2420 καὶ
1547 2393 1645 2429 σκεύη,
1662 2393 1802 2429 πόρρωθεν
1817 2394 1909 2424 αὐτοῖς

1121 2441 1281 2476 ἐπιτηδείως
1295 2442 1328 2475 τῇ
1345 2440 1425 2474 τέχνῃ
1449 2439 1718 2475 προηυτρεπισμένα.
1741 2439 1859 2470 Πολλοὺς
1881 2439 1909 2466 δὲ

1123 2488 1169 2514 καὶ
1179 2487 1323 2522 συνεργοὺς
1332 2487 1379 2521 τῆς
1394 2486 1560 2520 μαγγανείας
1573 2495 1609 2512 πα
1612 2486 1679 2522 ραλα
1683 2486 1719 2520 μδ
1723 2485 1767 2511 άνε
1772 2485 1831 2512 σθαι
1843 2485 1909 2517 ἔξω·

1124 2533 1180 2564 θεν,
1191 2531 1482 2567 πολυπραγμονοῦντας
1494 2532 1556 2563 τοὺς
1569 2531 1791 2566 ἀφικνουμένους,
1800 2532 1848 2558 καὶ
1859 2531 1910 2563 τὰς

1124 2579 1238 2605 ἑκάστου
1252 2577 1356 2613 χρείας,
1368 2573 1404 2602 ὧν
1419 2575 1470 2612 ἦκὲ
1483 2585 1525 2608 τις
1538 2576 1699 2611 δεησόμενος
1709 2585 1714 2590 ·
1726 2575 1810 2602 πολλὰ
1823 2575 1852 2602 δὲ
1862 2575 1910 2602 καὶ

1123 2623 1157 2649 τά
1174 2623 1266 2654 ἄδυτα,
1284 2623 1403 2653 καὶτοὺς
1419 2623 1476 2653 τοῖς
1488 2622 1594 2653 πολλοῖς
1608 2622 1725 2652 ἀϐάτους
1737 2622 1837 2656 μυχοὺς
1853 2620 1908 2646 τῶν

1121 2669 1201 2705 ἱερῶν
1214 2669 1289 2700 ἐντὸς
1305 2668 1501 2704 ἀποκρύπτειν.
1513 2667 1568 2694 Καὶ
1581 2667 1611 2694 τὺ
1625 2668 1720 2698 σκότος
1735 2667 1763 2694 δὲ
1777 2667 1806 2693 οὐ
1823 2666 1910 2702 μικρὰ

1122 2715 1261 2750 συνεργεῖν
1277 2715 1310 2749 τῇ
1331 2714 1392 2741 καθ’
1415 2714 1528 2744 ἑαυτοὺς
1550 2713 1686 2739 ὑποθέσει.
1706 2713 1760 2740 Καὶ
1776 2712 1859 2748 αὐτὴν
1879 2711 1909 2738 δὲ

1120 2761 1170 2796 οὐχ
1185 2761 1282 2795 ἥκιστα
1299 2759 1347 2795 τὴν
1362 2759 1548 2795 προλαϐοῦσαν
1565 2758 1697 2793 ὑπόληψιν
1707 2779 1714 2790 ,
1730 2759 1776 2784 καὶ
1789 2757 1837 2793 τὴν
1854 2756 1910 2783 τῶν

1121 2808 1159 2839 ὡς
1175 2807 1246 2838 θεοῖς
1258 2805 1526 2842 προσιόντων-αὑτοῖς
1539 2804 1759 2840 δεισιδαιμονίαν,
1770 2805 1820 2840 τὴν
1833 2812 1862 2830 τε
1876 2803 1910 2830 ἐκ
