2060 3213
297 188 351 216 255

635 187 770 215 EUSEBII
789 184 1030 215 CIESARIENSIS
1049 183 1124 211 OPP.
1144 182 1235 210 PARS
1252 182 1284 210 ΙΙ.
1298 198 1332 202 —-
1347 181 1602 211 APOLOGETICA.

1874 182 1926 208 27.6

298 251 386 279 aliove.
401 251 483 279 sortis
495 258 592 286 genere
615 251 749 278 utentium
770 249 952 282 multitudine,
965 249 1020 277 duo
1033 248 1081 275 ali-

1138 247 1289 282 περιελθεῖν
1304 245 1428 281 ἀριθμόν.
1446 245 1524 271 υῦτω
1540 244 1594 280 γὰρ
1610 244 1682 279 ἔχειν
1701 244 1730 270 τὸ
1752 243 1806 270 ἀπὸ
1819 243 1926 278 μυρίων

298 297 344 332 qui
358 297 399 324 vel
422 297 506 324 semel
526 301 630 324 tantum
657 297 684 323 in
699 297 793 323 eadem
808 303 873 323 casu
890 295 1060 322 incurrerent
1075 314 1083 325 .

299 341 400 369 factum
415 341 570 373 miraretur,
586 341 665 375 quasi
675 349 706 367 ex
720 340 886 367 divinatione
898 340 1015 375 quadam
1029 347 1085 367 sor-

299 388 389 423 tisque
414 386 511 414 futura:
528 387 653 415 scientia.
681 394 753 414 unus
772 391 854 421 atque
877 387 947 413 idem
976 386 1085 420 utrique

298 442 428 460 numerus
445 433 596 468 obtigisset.
609 432 738 460 Eamdem
755 433 828 460 enim
849 432 910 467 ejus
925 440 985 459 esse
1002 433 1086 459 ratio-

298 486 370 511 nem,
388 480 460 512 quod
478 486 562 505 unum
579 486 611 505 ex
631 478 745 506 infinitis
760 483 852 505 vatum
867 478 1026 513 responsis,
1053 485 1085 504 ac

297 525 368 551 circa
383 532 426 551 res
446 531 560 552 numero
581 524 703 552 infinitas
719 525 812 557 editis,
831 525 901 553 forte
918 525 1025 553 fortuna
1042 532 1085 552 se-

295 571 349 597 mel
359 571 478 598 evenerit
493 579 501 598 :
517 570 544 597 id
559 570 633 605 quod
652 570 697 598 ubi
708 571 778 605 -quis
794 571 958 599 intellexerit
971 592 978 603 ,
1006 571 1085 606 cujus

295 617 403 644 animus
415 616 482 643 nihil
493 616 567 643 intus
582 616 673 649 solidi,
704 618 773 644 nihil
789 619 940 646 constantis
966 618 1084 651 habeat,

295 668 351 690 tum
368 671 432 690 vero
449 663 587 691 hominem
603 664 707 691 oraculi
733 665 924 692 certitudinem
953 665 1083 700 obstupe-

294 717 390 741 scere;
403 717 484 744 quem
499 717 565 737 sane
582 710 662 745 longe
678 715 830 745 praestaret,
842 711 968 738 vecordia
982 713 1083 746 posita,

294 761 387 781 secum
400 754 559 789 diligentius
576 760 719 790 reputare,
746 763 828 790 quam
848 756 942 783 multis
956 757 1018 784 aliis
1041 758 1082 785 vel

294 801 444 832 interitum,
457 801 499 828 vel
514 800 700 829 dissensiones
714 807 741 829 et
760 802 829 829 bella
851 809 937 837 genus
952 802 978 829 id
995 803 1085 829 1η)τηὶ-

294 854 359 875 num
370 846 544 879 consciverit,
556 854 588 874 ac
603 851 725 874 veterum
735 847 912 875 historiarum
922 848 1083 875 memoriam

293 892 459 927 cogitatione
471 893 628 928 repetendo,
644 894 877 926 animadvertere,
902 902 936 921 ne
951 899 1007 921 tum
1021 896 1083 929 qui-

294 940 354 966 dem
371 939 456 966 ullum
470 939 505 967 ab
514 939 548 966 iis
561 939 661 967 divinat
670 940 780 968 virtutis
788 948 856 976 opus
869 941 971 968 editum
984 941 1081 975 fuisse,

294 993 356 1012 cum
373 990 400 1012 et
425 993 469 1013 res
485 985 596 1013 Graeciae
620 986 739 1014 maxime
765 987 904 1019 florercnt,
929 991 956 1014 et
980 988 1082 1023 iactata

293 1031 432 1066 quondam
446 1032 568 1062 oracula.
596 1041 657 1067 qua:
685 1033 736 1060 hoc
757 1038 879 1068 tempore
895 1034 970 1061 nulla
994 1039 1081 1067 sunt,

294 1078 405 1113 integrae
433 1079 606 1106 auctoritatis
620 1084 712 1106 essent
725 1099 734 1112 ,
756 1085 782 1106 et
803 1080 838 1107 ab
854 1079 990 1115 indigenis
1006 1082 1081 1108 omni

293 1124 384 1152 studio
395 1132 518 1160 curaque
530 1124 635 1157 habita,
647 1125 744 1160 patriis
770 1126 868 1154 ritibus
881 1131 962 1160 atque
979 1132 1081 1163 myste-

294 1171 343 1198 riis
360 1171 488 1206 religiose
503 1171 650 1198 admodum
662 1171 827 1200 colerentur.
841 1172 873 1200 Et
886 1180 953 1200 sane
964 1174 1018 1201 vim
1033 1182 1081 1202 eo-

292 1223 353 1244 rum
369 1217 471 1244 nullam
493 1224 553 1245 esse
570 1221 627 1245 tum
646 1218 782 1252 praecipue
808 1219 931 1246 constitit
951 1227 984 1247 ex
998 1220 1081 1247 bello-

292 1271 354 1290 rum
380 1262 602 1290 calamitatibus:
625 1263 705 1300 134
733 1264 760 1290 in
787 1264 898 1299 quibus,
922 1265 995 1300 quod
1013 1266 1081 1292 nihil

295 1307 356 1342 opis
369 1313 396 1335 et
407 1307 500 1334 auxilii
515 1306 640 1334 conferre
653 1312 765 1342 possent
783 1308 883 1344 egregii
908 1308 1027 1336 fatorum
1040 1309 1082 1335 in-

292 1359 434 1388 terpretes.
458 1361 653 1388 responsorum
675 1353 852 1389 ambiguitate
880 1354 993 1382 clientes
1016 1363 1082 1382 suos

290 1399 420 1428 fefellisse
429 1399 546 1427 convicti
558 1404 633 1432 sunt,
648 1401 880 1436 quemadmodum
896 1409 947 1428 suo
962 1401 1023 1429 loco
1038 1402 1082 1429 de-

291 1446 506 1473 monstrabimus
518 1465 526 1477 ,
547 1453 609 1473 cum
640 1447 763 1473 omnium
779 1446 956 1481 subjiciemus
971 1447 1058 1475 oculis
1072 1468 1079 1480 ε

291 1500 346 1528 quo
360 1497 440 1527 pacto
455 1500 514 1525 eos,
532 1493 579 1528 qui
596 1492 738 1520 oraculum
751 1493 941 1526 consulebant,
955 1499 1080 1520 mutuum

292 1538 319 1565 in
334 1538 435 1566 bellum
449 1539 590 1571 acuerint;
605 1546 654 1566 nec
669 1538 702 1566 de
715 1539 795 1566 seriis
807 1545 917 1574 quoque
932 1539 1015 1566 rebus
1038 1547 1081 1567 ne-

291 1585 427 1620 gotiisque
437 1585 555 1613 consulti
574 1585 775 1619 responderint,
790 1585 838 1613 sed
853 1586 945 1619 potius
961 1587 1081 1614 oraculis
1094 1599 1117 1630 ο

292 1629 350 1656 suis
367 1629 574 1657 consulentibus
591 1629 741 1661 illuserint,
759 1630 799 1657 sic
818 1634 908 1657 tamen
919 1651 926 1663 ,
945 1635 975 1658 ut
990 1631 1080 1658 dubia!

291 1674 500 1709 signiﬁcationis
518 1675 684 1702 obscuritate
705 1683 782 1703 suam
807 1676 928 1710 ipsorum
952 1677 1080 1712 ignoran-

291 1720 356 1747 tiam
368 1721 546 1748 occultarenL
572 1720 667 1756 Cogita
688 1729 754 1749 vero
769 1722 828 1757 ipse
845 1728 934 1750 tecum
955 1725 1079 1759 exempla

291 1771 382 1793 vetera
397 1768 552 1801 repetendo,
569 1775 650 1802 quam
671 1768 715 1795 isti
729 1776 810 1803 saepe,
825 1777 888 1796 cum
910 1769 1013 1797 affectae
1032 1779 1080 1798 va-

292 1812 419 1839 letudinis
430 1812 587 1840 hominibus
601 1813 694 1844 robur,
716 1813 815 1847 vitam,
832 1815 1005 1851 salutemque
1018 1825 1080 1851 pro-

292 1857 442 1891 misissent,
455 1858 544 1892 iisque
558 1863 651 1893 postea
670 1867 723 1886 non
738 1867 818 1888 secus
829 1869 861 1888 ac
875 1861 928 1889 dlis
949 1862 1015 1890 fides
1031 1865 1080 1890 ha—

292 1905 410 1936 beretur,
437 1904 519 1939 paulo
552 1909 613 1939 post
641 1905 743 1941 ingenti
772 1907 895 1941 pecunia:
919 1908 945 1935 vi
966 1916 1000 1936 ex
1027 1909 1079 1937 hoc

291 1949 387 1976 adlata:
397 1949 530 1978 divinitus
545 1956 705 1978 mercaturae
717 1960 816 1987 genere
836 1958 996 1989 corrogata,
1012 1963 1080 1990 qua-

291 1997 330 2022 les
348 1996 456 2023 uiridem
480 2002 582 2029 essent,
601 1997 746 2026 manifeste
764 2000 959 2034 reprehensum
986 2000 1078 2032 fuerit,

290 2042 453 2078 impostores
466 2044 570 2071 scilicet
585 2051 618 2072 ac
629 2045 818 2078 circulatores,
841 2054 895 2073 non
916 2052 1007 2074 autem
1029 2048 1079 2080 dii,

290 2089 474 2125 cumdecepti
494 2090 528 2118 ab
542 2091 576 2118 iis
594 2091 719 2118 homines
741 2091 891 2120 infaustum
911 2094 1013 2120 exitum
1030 2094 1079 2121 lia-

290 2138 423 2165 buissent.
440 2137 510 2170 Quid
526 2145 607 2172 porro
622 2138 718 2165 attinet
732 2137 832 2170 dicere,
852 2147 886 2166 ne
900 2140 1079 2174 popularibus

291 2184 400 2218 quidem
417 2184 486 2216 suis,
501 2188 527 2210 et
543 2183 665 2217 ejusdem
688 2192 781 2211 secum
801 2185 920 2213 civitatis
943 2186 1078 2222 indigenis

291 2235 367 2258 vates
381 2230 506 2265 egregios
524 2229 673 2264 quidquam
693 2230 812 2264 pxzesidii
828 2232 870 2258 vel
887 2232 947 2267 opis
968 2233 1074 2266 aﬂ'erre,

1137 293 1183 319 ἐπὶ
1208 291 1314 328 μυρίοις
1335 291 1517 327 χρησθέντων,
1542 290 1615 323 ἅπαξ
1636 290 1700 316 ποτὲ
1728 289 1836 324 συμϐὰν
1856 288 1927 315 κατὰ

1137 338 1228 374 τύχην·
1250 338 1265 364 ὃ
1280 337 1328 364 καὶ
1347 336 1483 363 συνιδόντα
1501 337 1545 363 τὸν
1564 337 1645 372 μηδὲν
1670 335 1783 371 στερρὸν
1806 336 1835 360 ἐν
1850 334 1926 369 βάθει

1136 383 1224 418 ψυχῆς
1236 382 1403 417 κεκτημένον
1420 381 1687 417 ὑπερεκπλήττεσθαι
1704 381 1736 407 τὸ
1752 382 1926 416 χρηστήριον,

1136 426 1158 463 ᾧ
1175 429 1241 456 πολὺ
1255 430 1380 464 κρεῖττον
1393 426 1428 464 ἦν
1439 429 1469 455 τὸ
1487 429 1524 464 μὴ
1535 429 1689 464 ἀφραίνειν,
1707 427 1927 462 συλλογισαμένῳ

1136 476 1207 508 ὅσοις
1225 476 1314 507 illa;
1336 476 1452 502 θανάτου
1474 475 1617 509 γεγόνασιν
1639 474 1729 505 αἴτιοι,
1756 473 1878 505 στάσεώς
1896 482 1926 499 τε

1136 523 1182 549 καὶ
1200 522 1325 558 πολέμων
1346 523 1370 548 οἱ
1386 521 1572 558 δεδηλωμένον
1589 520 1740 555 σκέψασθαί
1756 529 1785 546 τε
1804 520 1858 546 τῶν
1875 529 1927 546 πα-

1136 569 1220 596 λαιῶν
1235 569 1285 600 τὰς
1302 568 1431 603 ἱστορίας,
1457 569 1504 595 καὶ
1530 568 1644 594 συνιδεῖν
1665 567 1703 599 ὡς
1725 566 1786 593 οὐδὲ
1806 567 1838 593 τὸ
1852 575 1926 602 τηνι-

1136 615 1201 642 κάδε
1227 614 1327 650 ἀρετῆς
1349 623 1375 640 τι
1400 614 1475 645 θείας
1498 614 1576 649 ἔργον
1599 613 1784 646 ἀπεδείξαντο,
1807 613 1926 647 ὁπηνίκα

1135 660 1210 695 ἤνθει
1238 660 1287 694 μὲν
1312 660 1346 686 τὰ
1374 660 1533 695 Ἑλληνικὰ,
1562 660 1730 695 συνειστήκει
1755 658 1783 685 δὲ
1804 658 1838 684 τὰ
1860 659 1927 694 πρὶν

1136 705 1274 741 βοώμενα,
1302 705 1350 732 νῦν
1380 705 1407 732 δὲ
1435 706 1530 740 μηκέτ’
1553 706 1616 732 ὄντα
1644 706 1807 741 χρηστήρια,
1835 706 1926 739 πάσης

1135 752 1264 787 προνοίας
1281 753 1327 779 καὶ
1355 752 1472 788 σπουδῆς
1495 752 1634 787 ἠξιωμένα
1658 752 1725 787 πρὸς
1746 752 1799 778 τῶν
1823 752 1925 786 ἐπιχω-

1135 799 1217 834 ρίων,
1235 799 1289 825 τῶν
1313 799 1344 834 δὴ
1363 801 1499 834 πατρῴοις
1523 799 1615 834 νόμοις
1641 807 1670 825 τε
1694 798 1742 825 καὶ
1766 798 1926 834 μυστηρίοις

1135 845 1266 872 σεϐόντων
1289 854 1318 871 τε
1340 846 1409 872 αὐτὰ
1427 845 1474 871 καὶ
1490 845 1705 880 θεραπευόντων,
1722 845 1768 871 καὶ
1784 845 1844 871 τῦτε
1859 844 1926 878 γοῦν

1137 892 1253 927 μάλιστα
1274 892 1304 918 τὸ
1330 891 1412 927 μηδὲν
1431 891 1560 918 δύνασθαι
1584 891 1795 926 ἀπηλέγχθησαν
1812 892 1841 918 ἐν
1865 892 1926 922 ταῖς

1134 937 1187 963 τῶν
1201 937 1324 972 πολέμων
1338 946 1368 963 συ
1373 939 1499 972 μιροραῖς
1511 937 1539 963 ὲν
1553 935 1595 969 αἷς
1610 937 1716 972 βοηθεῖν
1731 936 1925 968 ἀδυνατοῦντες

1133 983 1158 1009 oi
1173 985 1291 1018 γενναῖοι
1308 983 1466 1018 θεσπιῳδοὶ,
1483 983 1516 1008 δι’
1531 983 1695 1018 ἀμφιϐολίας
1719 983 1772 1009 τῶν
1793 982 1926 1018 χρησμῶν

1133 1031 1241 1065 ἥλωσαν
1275 1030 1451 1065 «omnem:
1475 1030 1538 1061 τοὺς
1566 1030 1738 1064 πρόσφυγας·
1761 1028 1854 1063 ὥσπερ
1877 1025 1925 1054 οὖν

1134 1076 1204 1103 κατὰ
1228 1077 1273 1102 τὸν
1292 1076 1387 1103 δέοντα
1414 1076 1508 1110 καιρὸν
1534 1075 1719 1107 ἐπιδείξομεν,
1739 1074 1925 1110 παριστῶντες

1133 1122 1206 1154 ὅπως
1227 1122 1275 1148 xui.
1296 1122 1336 1153 εἰς
1357 1121 1403 1147 τὸν
1426 1120 1485 1147 κατ’
1504 1120 1624 1155 ἀλλήλων
1641 1119 1757 1155 πόλεμον
1771 1120 1834 1151 τοὺς
1850 1128 1923 1154 χρω-

1135 1168 1233 1203 μένους
1256 1166 1431 1202 παρώξυνον,
1458 1166 1506 1193 καὶ
1530 1166 1566 1197 ὡς
1593 1166 1653 1192 οὐδὲ
1678 1167 1743 1201 περὶ
1770 1165 1924 1192 σπουδαίων

1135 1213 1304 1249 πραγμάτων
1318 1213 1366 1244 τὰς
1381 1212 1541 1248 ἀποκρίσεις
1562 1212 1711 1241 ἐποιοῦντο,
1727 1212 1773 1238 καὶ
1787 1211 1826 1242 ὡς
1841 1210 1924 1236 ἐπλά-

1135 1268 1187 1285 νων
1212 1258 1255 1284 διὰ
1276 1258 1332 1284 τῶν
1350 1258 1481 1294 χρησμῶν
1502 1256 1645 1288 παίζοντες
1668 1257 1731 1288 τοὺς
1751 1257 1922 1292 ἐρωτῶντας.

1134 1306 1180 1332 καὶ
1200 1305 1237 1336 ὡς
1259 1304 1298 1340 τῷ
1315 1305 1363 1340 τῆς
1386 1304 1519 1338 ἀσαφείας
1544 1303 1631 1338 σκότῳ
1652 1303 1700 1337 τὴν
1720 1302 1794 1337 σφῶν
1810 1303 1922 1336 ἄγνοιαν

1134 1351 1351 1387 ἀπεκρύπτοντο.
1375 1350 1476 1385 Σκέψαι
1501 1350 1529 1376 δὲ
1549 1350 1594 1376 καὶ
1609 1349 1689 1380 αὐτὸς
1704 1348 1864 1384 πυθόμενος,
1883 1348 1922 1379 ὡς

1133 1398 1179 1424 καὶ
1199 1397 1350 1434 ἀρρώστοις
1365 1397 1494 1428 πολλάκις
1518 1396 1600 1431 ῥῶσιν
1617 1396 1662 1422 καὶ
1677 1395 1749 1430 ζωὴν
1771 1395 1816 1422 καὶ
1833 1403 1922 1429 σωτη-

1134 1443 1195 1478 ρίαν
1211 1443 1401 1478 ὑποσχόμενοι,
1416 1442 1532 1469 κᾶπειτα
1550 1441 1738 1472 πιστευθέντες
1751 1441 1788 1472 ὡς
1804 1441 1837 1476 δὴ
1851 1440 1920 1470 θεοὶ,

1134 1490 1178 1516 καὶ
1195 1490 1242 1524 τῆς
1256 1489 1348 1515 ἐνθέου
1365 1488 1467 1524 ταύτης
1487 1487 1622 1523 ἐμπορίας
1644 1487 1775 1522 μεγάλους
1792 1488 1854 1519 τοὺς
1878 1496 1923 1522 μι-

1133 1535 1213 1567 σθοὺς
1230 1535 1453 1571 εἰσπραξάμενοι,
1465 1535 1494 1560 οὐ
1512 1533 1580 1569 μετά
1598 1533 1721 1560 πλεῖστον
1740 1533 1838 1564 οἵτινες
1850 1531 1924 1568 ἦσαν

1132 1581 1324 1618 ἐφωράθησαν,
1339 1582 1436 1617 γόητες
1455 1580 1560 1616 ἄνδρες,
1573 1580 1629 1606 ἀλλ’
1641 1581 1671 1606 οὐ
1689 1580 1745 1606 θεοὶ
1754 1579 1923 1615 διελεγχθέν-

1131 1637 1188 1660 τες,
1201 1628 1250 1654 οὐκ
1264 1628 1354 1659 αἱσίας
1367 1627 1557 1662 καταστροφῆς
1577 1627 1640 1658 τοὺς
1653 1626 1847 1661 ἠπατημένους
1862 1625 1923 1651 δια-

1131 1672 1275 1706 λαϐοὑοης.
1290 1672 1322 1698 Τί
1344 1671 1376 1707 δὴ
1390 1672 1494 1706 λέγειν,
1511 1671 1549 1703 ὡς
1569 1671 1629 1697 οὐδὲ
1647 1672 1702 1702 τοῖς
1717 1671 1820 1697 ἑαυτῶν
1835 1671 1924 1696 συνοί-

1132 1726 1199 1750 κοις,
1212 1719 1268 1749 τοῖς
1279 1717 1310 1753 δὴ
1334 1718 1402 1744 κατὰ
1419 1718 1467 1753 τὴν
1490 1717 1574 1753 αὐτὴν
1589 1716 1665 1743 πόλιν
1683 1716 1878 1751 διατρίσουσιν,
1896 1717 1922 1742 oi

1132 1763 1278 1799 θαυμάσιοι
1301 1763 1413 1799 μάντεις
1429 1763 1478 1795 τὰς
1497 1763 1527 1795 ἐξ
1547 1762 1637 1789 αὐτῶν
1659 1762 1795 1798 παρέσχον
1809 1762 1922 1789 ἐπικου-

1132 1812 1203 1847 ρίας,
1227 1811 1295 1838 ἀλλά
1314 1811 1361 1837 καὶ
1383 1810 1527 1842 νοσοῦντας
1544 1810 1576 1836 ἂν
1598 1809 1662 1841 ἴδοις
1680 1808 1775 1836 αὐτόσε
1792 1809 1839 1835 καὶ
1856 1809 1923 1850 ἀνα-

1132 1857 1246 1891 πήρους,
1269 1856 1315 1882 καὶ
1336 1856 1390 1881 πᾶν
1409 1855 1439 1881 τὸ
1461 1855 1539 1890 σῶμα
1561 1854 1766 1890 λελωϐημένους
1791 1855 1923 1890 μυρίους;

1131 1901 1164 1927 Τί
1180 1901 1211 1936 δή
1229 1909 1295 1927 ποτε
1308 1897 1354 1926 οὖν
1367 1901 1425 1931 τοῖς
1441 1900 1490 1935 μὲν
1506 1900 1558 1932 ἔξω
1580 1900 1626 1926 καὶ
1646 1899 1786 1935 πόρρωθεν
1799 1899 1828 1932 ἐξ
1845 1898 1924 1925 ἀλλο-

1131 1946 1219 1981 δαπῆς
1238 1946 1446 1981 ἀφικνουμένοις
1467 1945 1516 1977 τὰς
1531 1944 1653 1981 χρηστὰς
1674 1945 1830 1980 ὑπέγραφον
1847 1944 1924 1970 ἐλπί-

1130 1992 1188 2024 δας,
1201 1992 1250 2018 οὐκ
1263 1992 1342 2018 ἔτιδὲ
1358 1992 1404 2019 καὶ
1418 1993 1473 2023 τοῖς
1488 1992 1558 2018 κατὰ
1579 1991 1609 2018 τὺ
1631 1992 1696 2018 αὐτὸ
1719 1991 1861 2024 συνοίκοις.
1881 1989 1923 2024 οἷς

1131 2038 1163 2074 δὴ
1177 2038 1224 2064 καὶ
1240 2038 1293 2073 πρὸ
1313 2038 1420 2065 πάντων
1441 2038 1533 2073 ἐχρῆν,
1545 2038 1583 2069 ὡς
1599 2038 1631 2064 ἂν
1646 2038 1755 2069 οίκείοις
1771 2038 1859 2072 φίλοις
1874 2038 1923 2065 καὶ

1133 2085 1322 2120 συμπολίταις,
1335 2085 1366 2111 τὸ
1389 2085 1420 2111 ὲκ
1434 2085 1484 2119 τῆς
1499 2084 1553 2110 τῶν
1570 2084 1638 2111 θεῶν
1655 2085 1805 2120 παρουσίας
1819 2084 1923 2119 ἀγαθὸν

1132 2130 1271 2167 παρέχειν·
1286 2130 1342 2157 ἀλλ’
1356 2130 1397 2156 ὃτι
1421 2130 1483 2160 τοὺς
1505 2129 1555 2165 μὲν
1581 2129 1686 2163 ξένους,
1701 2130 1825 2164 ἀγνῶτας
1843 2130 1923 2161 ὄντας

1131 2177 1180 2213 τῆς
1202 2177 1393 2213 ῥᾳδιουργίας,
1415 2177 1479 2212 ῥᾷον
1496 2175 1528 2202 ἂν
1551 2176 1599 2202 καὶ
1623 2177 1802 2211 ἀπατήσαιεν,
1829 2177 1922 2203 οὐκέτι

1133 2223 1162 2249 δὲ
1184 2223 1246 2254 τοὺς
1262 2222 1395 2257 συνήθεις,
1413 2221 1451 2252 ὡς
1470 2222 1503 2248 ἂν
1526 2221 1576 2256 τῆς
1598 2222 1694 2257 τέχνης
1715 2222 1764 2248 οὐκ
1780 2222 1922 2257 ἀπείρους,

290 2284 353 2303 cum
383 2275 505 2302 infinitos
528 2275 627 2302 ibidem
650 2276 743 2303 videas
773 2277 878 2304 morbis
903 2278 1078 2311 laborantes,

1134 2268 1291 2304 συνίστορας
1302 2268 1329 2294 δὲ
1340 2268 1420 2299 ὄντας
1431 2267 1479 2303 τῆς
1489 2267 1612 2294 ὲπιτελου
1617 2268 1700 2303 μένης
1714 2267 1830 2300 παιδιᾶς;
1843 2268 1925 2295 Οὕτω

290 2321 414 2353 claudos,
441 2329 529 2349 caecos
553 2329 585 2348 ac
608 2326 664 2349 toto
690 2329 760 2356 szepe
784 2330 899 2357 corpore
920 2325 1080 2352 mutilatos?

291 2367 361 2401 Quid
377 2375 441 2395 vero
461 2367 488 2395 in
502 2375 586 2394 causa
609 2367 707 2398 fuerit,
726 2375 775 2395 cur
798 2369 949 2404 peregrinis
968 2371 1078 2405 quidem

291 2414 464 2445 hominibus,
486 2418 514 2441 et
536 2421 568 2441 ex
593 2413 742 2448 longinqua
774 2414 886 2449 regione
907 2416 1079 2446 venientibus

290 2467 381 2486 rerum
405 2460 550 2486 meliorum
567 2466 629 2494 spes
652 2459 786 2493 quasdam
808 2461 966 2489 umbratiles
984 2470 1016 2489 ac
1036 2463 1079 2490 fu-

291 2512 366 2533 catas
389 2506 580 2537 ostenderent,
599 2506 706 2534 civibus
729 2511 819 2533 autem
848 2509 1080 2544 popularibusque

292 2552 348 2578 suis
362 2560 415 2579 non
440 2553 513 2583 item,
530 2553 695 2587 quibuscum
708 2557 799 2581 tamen
813 2561 860 2581 eos
873 2559 966 2589 utpote
985 2556 1079 2583 dome-

292 2597 368 2624 sticis
388 2597 500 2629 amicis,
517 2605 550 2624 ac
569 2598 675 2625 civibus
702 2598 855 2625 derivatum
877 2606 910 2626 ex
933 2601 1077 2627 numinum

292 2645 433 2679 przesentia
448 2645 548 2672 bonum
559 2645 763 2673 communicare
775 2651 928 2680 oporteret;
941 2647 993 2674 nisi
1005 2647 1079 2682 quod

291 2695 434 2718 extraneos
457 2693 579 2719 homines
595 2693 767 2720 veteratorize
791 2693 947 2720 calliditatis
971 2693 1079 2729 ignaros

327 2779 381 2814 (ﬁl
401 2779 578 2814 Δωδωναῖος.
600 2780 638 2807 Ita
655 2788 812 2813 omnes,nee
829 2785 937 2808 mutare
950 2788 1011 2808 sum
1027 2787 1080 2807 au-

291 2822 348 2842 sus.
364 2815 403 2842 An
419 2815 583 2843 Dodonaeum
594 2815 688 2843 Jovem
700 2816 824 2850 pluribus
837 2816 969 2850 Apollinis
980 2823 1080 2850 cogno-

292 2823 348 2842 sus.
364 2823 403 2842 An
419 2823 583 2843 uooomeum
594 2823 688 2843 Jovem
719 2823 824 2843 Iunnus
837 2823 969 2850 Apollinis
980 2823 1078 2848 cogno-

292 2850 409 2877 minibus
432 2851 552 2886 inserere
575 2823 732 2886 voluit?ﬁ£n
748 2851 844 2885 Apollo
860 2851 994 2886 quispiam
1014 2849 1078 2882 fuit,

291 2892 470 2920 cognomento
494 2885 663 2913 Dodonaeus?
679 2885 780 2920 Legere
804 2894 847 2912 mc
874 2894 926 2913 non
954 2885 1078 2913 memini.

292 2918 364 2947 Sane
381 2918 513 2956 Διδκμεύς
527 2923 618 2956 potius
632 2918 776 2956 legeretur,
791 2921 861 2948 idem
883 2921 930 2956 qui
953 2925 980 2949 et
1003 2920 1079 2949 Mile-

1132 2315 1160 2342 δὲ
1176 2315 1206 2340 τὸ
1223 2315 1276 2341 πᾶν
1289 2314 1319 2340 οὐ
1336 2313 1417 2345 θεῖον,
1432 2314 1492 2340 οὐδὲ
1507 2313 1680 2349 ἀνθρωπίνης
1697 2313 1818 2344 ἐπινοίας
1835 2315 1924 2349 κρεῖτ-

1132 2369 1176 2387 τον
1192 2358 1243 2395 ἦν·
1266 2359 1336 2386 ὥστε
1355 2360 1408 2386 κὰν
1433 2360 1493 2391 ταῖς
1518 2359 1661 2394 μεγίσταις
1682 2361 1844 2396 συμφοραῖς,
1861 2362 1924 2391 ταῖς

1131 2407 1163 2441 δὴ
1191 2406 1293 2432 ἄνωθεν
1322 2406 1354 2431 ὲκ
1376 2405 1423 2431 τοῦ
1456 2405 1649 2440 παμϐασιλέως
1677 2404 1744 2431 Θεοῦ
1772 2405 1842 2431 κατὰ
1867 2405 1923 2431 τῶν

1131 2451 1237 2478 ἀσεϐῶν
1262 2451 1515 2487 ἐπαιωρουμέναις,
1542 2450 1631 2482 αὐτοῖς
1662 2449 1836 2487 ἀφιερὼμασι
1876 2452 1924 2477 καὶ

1132 2498 1234 2530 ξοάνοις
1262 2497 1364 2533 φθορὰν
1381 2498 1498 2533 ἐσχάτην
1523 2498 1569 2524 καὶ
1595 2497 1714 2528 πτώσεις
1731 2497 1833 2533 ἀθρόας
1858 2498 1922 2529 τοὺς

1130 2544 1199 2576 νεὼς
1221 2544 1310 2570 αὐτῶν
1327 2544 1481 2579 ὑπομεῖναι.
1499 2543 1553 2570 Ποῦ
1575 2544 1629 2579 γάρ
1651 2552 1691 2569 σοι
1708 2543 1738 2569 τὸ
1760 2544 1788 2569 ἐν
1811 2543 1923 2578 Δελφοῖς

1132 2591 1203 2626 ἱερὸν
1228 2590 1302 2626 παρὰ
1328 2591 1410 2616 πᾶσιν
1425 2590 1552 2625 Ἕλλησιν
1568 2589 1598 2621 ἐξ
1618 2589 1716 2621 αἰῶνος
1738 2588 1920 2624 βεϐοημένονς

1131 2637 1181 2663 ποῦ
1202 2637 1216 2662 ὁ
1240 2637 1356 2668 Πύθιοςς
1383 2637 1397 2662 ὀ
1418 2636 1556 2671 Κλάριοςς
1582 2635 1633 2662 ποῦ
1658 2636 1704 2662 καὶ
1728 2637 1743 2661 ὸ
1767 2635 1922 2666 Δωδωναῖος

1132 2681 1205 2717 (22);
1226 2682 1255 2708 τὸ
1280 2682 1328 2717 μέν
1348 2690 1379 2716 γε
1403 2682 1531 2716 Δελφικὸν
1555 2682 1737 2717 χρηστήριον,
1758 2681 1849 2717 τρίτον
1869 2682 1922 2708 ὑπὸ

1131 2779 1199 2811 sius,
1219 2784 1245 2808 et
1269 2779 1446 2810 Branchides.
1462 2785 1493 2807 ut
1511 2780 1686 2807 natissimum
1699 2785 1752 2808 est.
1768 2779 1800 2807 Et
1816 2788 1922 2815 cogno-

1131 2820 1222 2851 menta
1239 2816 1290 2843 ista
1304 2817 1385 2851 vulgo
1404 2816 1651 2850 conjungebantur.
1668 2816 1753 2843 Clem.
1771 2817 1920 2843 Alexandr.

1131 2850 1159 2877 in
1176 2850 1320 2887 Prolrept.,
1333 2859 1360 2887 p.
1375 2851 1390 2877 7
1402 2860 1409 2878 :
1422 2852 1556 2887 Διήγησαι
1567 2851 1634 2887 ῄμῐν
1646 2851 1751 2886 καὶτῆς
1763 2850 1847 2886 ἄλλης
1858 2860 1924 2885 μαν-

1131 2886 1219 2920 τικῆς.
1230 2885 1366 2920 μᾶλλονδὲ
1381 2886 1507 2921 μανικῆς,
1516 2886 1549 2912 τὰ
1562 2885 1685 2921 ἄχρηστα
1698 2885 1803 2921 χρηστή
1809 2885 1862 2921 per
1876 2887 1923 2913 τὸν

1132 2921 1261 2957 Κλάριον,
1276 2921 1321 2948 τδν
1338 2921 1446 2956 Πύθιον,
1467 2921 1512 2947 τὸν
1525 2921 1653 2956 Διδυμὲα.
1667 2921 1752 2954 Quem
1768 2921 1858 2948 locum
1876 2930 1924 2949 su-
