  <div class='ocr_page' id='page_1' title='image "/cluster/home/n/w/nwhite01/storage/ocr_20150623/21/njp.32101077772489/125.png"; bbox 0 0 2060 3213; ppageno 0'>
   <div class='ocr_carea' id='block_1_1' title="bbox 271 193 324 222">
    <p class='ocr_par' dir='ltr' id='par_1_1' title="bbox 271 193 324 222">
     <span class='ocr_line' id='line_1_1' title="bbox 271 193 324 222; baseline 0 -1"><span class='ocrx_word' id='word_1_1' title='bbox 271 193 324 222; x_wconf 72' lang='grc'><strong>259</strong></span> 
     </span>
    </p>
   </div>
   <div class='ocr_carea' id='block_1_2' title="bbox 599 182 1573 219">
    <p class='ocr_par' dir='ltr' id='par_1_2' title="bbox 599 182 1573 219">
     <span class='ocr_line' id='line_1_2' title="bbox 599 182 1573 219; baseline -0.01 0"><span class='ocrx_word' id='word_1_2' title='bbox 599 189 734 219; x_wconf 82' lang='lat' dir='ltr'><strong>EUSEBH</strong></span> <span class='ocrx_word' id='word_1_3' title='bbox 753 186 994 216; x_wconf 64' lang='lat' dir='ltr'><strong>CIESARIENSIS</strong></span> <span class='ocrx_word' id='word_1_4' title='bbox 1014 185 1089 214; x_wconf 81' lang='lat' dir='ltr'><strong>OPP.</strong></span> <span class='ocrx_word' id='word_1_5' title='bbox 1109 184 1199 212; x_wconf 66' lang='lat' dir='ltr'><strong>PARS</strong></span> <span class='ocrx_word' id='word_1_6' title='bbox 1218 183 1250 211; x_wconf 87' lang='lat' dir='ltr'><strong>ll.</strong></span> <span class='ocrx_word' id='word_1_7' title='bbox 1272 199 1307 204; x_wconf 95' lang='lat'><strong>—</strong></span> <span class='ocrx_word' id='word_1_8' title='bbox 1322 182 1573 211; x_wconf 76' lang='lat' dir='ltr'><strong>APOLOGETlCA.</strong></span> 
     </span>
    </p>
   </div>
   <div class='ocr_carea' id='block_1_3' title="bbox 1854 182 1909 209">
    <p class='ocr_par' dir='ltr' id='par_1_3' title="bbox 1854 182 1909 209">
     <span class='ocr_line' id='line_1_3' title="bbox 1854 182 1909 209; baseline -0.036 0"><span class='ocrx_word' id='word_1_9' title='bbox 1854 183 1887 209; x_wconf 61' lang='grc' dir='ltr'>Ἡ</span> <span class='ocrx_word' id='word_1_10' title='bbox 1892 182 1909 208; x_wconf 83' lang='lat' dir='ltr'><strong>ll</strong></span> 
     </span>
    </p>
   </div>
   <div class='ocr_carea' id='block_1_4' title="bbox 272 240 1049 287">
    <p class='ocr_par' dir='ltr' id='par_1_4' title="bbox 272 248 1049 287">
     <span class='ocr_line' id='line_1_4' title="bbox 272 248 1049 287; baseline -0.009 -8"><span class='ocrx_word' id='word_1_11' title='bbox 272 254 432 286; x_wconf 64' lang='lat' dir='ltr'><strong>crnlgarunt</strong></span> <span class='ocrx_word' id='word_1_12' title='bbox 445 273 451 283; x_wconf 85' lang='lat'><strong>,</strong></span> <span class='ocrx_word' id='word_1_13' title='bbox 468 260 583 287; x_wconf 71' lang='lat' dir='ltr'><strong>qumque</strong></span> <span class='ocrx_word' id='word_1_14' title='bbox 596 256 688 278; x_wconf 83' lang='lat' dir='ltr'><strong>nostra</strong></span> <span class='ocrx_word' id='word_1_15' title='bbox 705 249 828 276; x_wconf 83' lang='lat' dir='ltr'><strong>oratione</strong></span> <span class='ocrx_word' id='word_1_16' title='bbox 841 248 993 283; x_wconf 88' lang='lat' dir='ltr'><strong>produntur</strong></span> <span class='ocrx_word' id='word_1_17' title='bbox 1005 266 1013 279; x_wconf 89' lang='lat'><strong>,</strong></span> <span class='ocrx_word' id='word_1_18' title='bbox 1030 254 1049 273; x_wconf 86' lang='lat' dir='ltr'><strong>e:</strong></span> 
     </span>
    </p>
   </div>
   <div class='ocr_carea' id='block_1_5' title="bbox 1103 240 1912 287">
    <p class='ocr_par' dir='ltr' id='par_1_5' title="bbox 1114 240 1912 279">
     <span class='ocr_line' id='line_1_5' title="bbox 1114 240 1912 279; baseline -0.006 -8"><span class='ocrx_word' id='word_1_19' title='bbox 1114 245 1267 279; x_wconf 71' lang='grc' dir='ltr'>ἐθαύμασα,</span> <span class='ocrx_word' id='word_1_20' title='bbox 1284 244 1357 274; x_wconf 77' lang='grc' dir='ltr'>ὅπως</span> <span class='ocrx_word' id='word_1_21' title='bbox 1374 244 1402 269; x_wconf 85' lang='grc' dir='ltr'>ὲν</span> <span class='ocrx_word' id='word_1_22' title='bbox 1418 244 1473 273; x_wconf 83' lang='grc' dir='ltr'>τοῖς</span> <span class='ocrx_word' id='word_1_23' title='bbox 1500 242 1631 277; x_wconf 78' lang='grc' dir='ltr'><strong>Ἑλλήνων</strong></span> <span class='ocrx_word' id='word_1_24' title='bbox 1657 240 1733 275; x_wconf 70' lang='grc' dir='ltr'>ἤθεσι</span> <span class='ocrx_word' id='word_1_25' title='bbox 1758 242 1912 276; x_wconf 69' lang='grc' dir='ltr'>τραφέντες</span> 
     </span>
    </p>
   </div>
   <div class='ocr_carea' id='block_1_6' title="bbox 273 292 1060 333">
    <p class='ocr_par' dir='ltr' id='par_1_6' title="bbox 273 292 1060 333">
     <span class='ocr_line' id='line_1_6' title="bbox 273 292 1060 333; baseline -0.009 -8"><span class='ocrx_word' id='word_1_26' title='bbox 273 300 354 326; x_wconf 70' lang='lat' dir='ltr'><strong>rebus</strong></span> <span class='ocrx_word' id='word_1_27' title='bbox 379 299 446 333; x_wconf 86' lang='lat' dir='ltr'><strong>ipsis</strong></span> <span class='ocrx_word' id='word_1_28' title='bbox 470 299 495 324; x_wconf 95' lang='lat' dir='ltr'><strong>in</strong></span> <span class='ocrx_word' id='word_1_29' title='bbox 520 297 642 324; x_wconf 90' lang='lat' dir='ltr'><strong>omnium</strong></span> <span class='ocrx_word' id='word_1_30' title='bbox 669 297 727 322; x_wconf 87' lang='lat' dir='ltr'><strong>lttce</strong></span> <span class='ocrx_word' id='word_1_31' title='bbox 750 294 974 329; x_wconf 82' lang='lat' dir='ltr'><strong>comprobarunt.</strong></span> <span class='ocrx_word' id='word_1_32' title='bbox 996 292 1060 324; x_wconf 89' lang='lat' dir='ltr'><strong>Sed,</strong></span> 
     </span>
    </p>
   </div>
   <div class='ocr_carea' id='block_1_7' title="bbox 271 339 1063 379">
    <p class='ocr_par' dir='ltr' id='par_1_7' title="bbox 271 339 1063 379">
     <span class='ocr_line' id='line_1_7' title="bbox 271 339 1063 379; baseline -0.008 -10"><span class='ocrx_word' id='word_1_33' title='bbox 271 345 367 379; x_wconf 78' lang='lat' dir='ltr'><strong>quales</strong></span> <span class='ocrx_word' id='word_1_34' title='bbox 381 345 455 370; x_wconf 87' lang='lat' dir='ltr'><strong>enim</strong></span> <span class='ocrx_word' id='word_1_35' title='bbox 474 344 517 370; x_wconf 91' lang='lat' dir='ltr'><strong>isti</strong></span> <span class='ocrx_word' id='word_1_36' title='bbox 544 343 638 369; x_wconf 76' lang='lat' dir='ltr'><strong>erant?</strong></span> <span class='ocrx_word' id='word_1_37' title='bbox 657 342 728 368; x_wconf 85' lang='lat' dir='ltr'><strong>Cave</strong></span> <span class='ocrx_word' id='word_1_38' title='bbox 751 345 777 367; x_wconf 91' lang='lat' dir='ltr'><strong>tu</strong></span> <span class='ocrx_word' id='word_1_39' title='bbox 795 340 861 367; x_wconf 84' lang='lat' dir='ltr'><strong>mihi</strong></span> <span class='ocrx_word' id='word_1_40' title='bbox 879 339 1001 373; x_wconf 83' lang='lat' dir='ltr'><strong>abjectos</strong></span> <span class='ocrx_word' id='word_1_41' title='bbox 1016 346 1063 364; x_wconf 83' lang='lat' dir='ltr'><strong>ne-</strong></span> 
     </span>
    </p>
   </div>
   <div class='ocr_carea' id='block_1_8' title="bbox 272 385 1063 425">
    <p class='ocr_par' dir='ltr' id='par_1_8' title="bbox 272 385 1063 425">
     <span class='ocr_line' id='line_1_8' title="bbox 272 385 1063 425; baseline -0.01 -8"><span class='ocrx_word' id='word_1_42' title='bbox 272 391 329 417; x_wconf 83' lang='lat' dir='ltr'><strong>scio</strong></span> <span class='ocrx_word' id='word_1_43' title='bbox 343 398 414 425; x_wconf 90' lang='lat' dir='ltr'><strong>quos</strong></span> <span class='ocrx_word' id='word_1_44' title='bbox 427 394 453 416; x_wconf 90' lang='lat' dir='ltr'><strong>et</strong></span> <span class='ocrx_word' id='word_1_45' title='bbox 465 390 599 416; x_wconf 87' lang='lat' dir='ltr'><strong>obscuros</strong></span> <span class='ocrx_word' id='word_1_46' title='bbox 615 388 728 422; x_wconf 75' lang='lat' dir='ltr'><strong>cogites.</strong></span> <span class='ocrx_word' id='word_1_47' title='bbox 759 386 810 413; x_wconf 87' lang='lat' dir='ltr'><strong>Alii</strong></span> <span class='ocrx_word' id='word_1_48' title='bbox 829 385 928 420; x_wconf 83' lang='lat' dir='ltr'><strong>quippe</strong></span> <span class='ocrx_word' id='word_1_49' title='bbox 943 393 975 411; x_wconf 82' lang='lat' dir='ltr'><strong>ex</strong></span> <span class='ocrx_word' id='word_1_50' title='bbox 995 392 1063 418; x_wconf 64' lang='lat' dir='ltr'><strong>pra--</strong></span> 
     </span>
    </p>
   </div>
   <div class='ocr_carea' id='block_1_9' title="bbox 272 430 1062 469">
    <p class='ocr_par' dir='ltr' id='par_1_9' title="bbox 272 430 1062 469">
     <span class='ocr_line' id='line_1_9' title="bbox 272 430 1062 469; baseline -0.01 -6"><span class='ocrx_word' id='word_1_51' title='bbox 272 438 343 463; x_wconf 80' lang='lat' dir='ltr'><strong>clara</strong></span> <span class='ocrx_word' id='word_1_52' title='bbox 362 437 405 463; x_wconf 89' lang='lat' dir='ltr'><strong>illa</strong></span> <span class='ocrx_word' id='word_1_53' title='bbox 422 436 562 469; x_wconf 86' lang='lat' dir='ltr'><strong>nobilique</strong></span> <span class='ocrx_word' id='word_1_54' title='bbox 585 433 755 469; x_wconf 86' lang='lat' dir='ltr'><strong>philosophia</strong></span> <span class='ocrx_word' id='word_1_55' title='bbox 778 432 952 467; x_wconf 90' lang='lat' dir='ltr'><strong>prodierant,</strong></span> <span class='ocrx_word' id='word_1_56' title='bbox 975 430 1062 457; x_wconf 81' lang='lat' dir='ltr'><strong>horni-</strong></span> 
     </span>
    </p>
   </div>
   <div class='ocr_carea' id='block_1_10' title="bbox 271 478 1060 517">
    <p class='ocr_par' dir='ltr' id='par_1_10' title="bbox 271 478 1060 517">
     <span class='ocr_line' id='line_1_10' title="bbox 271 478 1060 517; baseline -0.01 -7"><span class='ocrx_word' id='word_1_57' title='bbox 271 492 334 510; x_wconf 90' lang='lat' dir='ltr'><strong>num</strong></span> <span class='ocrx_word' id='word_1_58' title='bbox 350 490 444 510; x_wconf 87' lang='lat' dir='ltr'><strong>eorum</strong></span> <span class='ocrx_word' id='word_1_59' title='bbox 468 490 502 509; x_wconf 86' lang='lat' dir='ltr'><strong>ex</strong></span> <span class='ocrx_word' id='word_1_60' title='bbox 523 489 617 517; x_wconf 77' lang='lat' dir='ltr'><strong>grege,</strong></span> <span class='ocrx_word' id='word_1_61' title='bbox 639 481 685 515; x_wconf 89' lang='lat' dir='ltr'><strong>qui</strong></span> <span class='ocrx_word' id='word_1_62' title='bbox 700 480 812 514; x_wconf 87' lang='lat' dir='ltr'><strong>pallium</strong></span> <span class='ocrx_word' id='word_1_63' title='bbox 827 478 937 505; x_wconf 81' lang='lat' dir='ltr'><strong>assidue</strong></span> <span class='ocrx_word' id='word_1_64' title='bbox 959 481 1060 507; x_wconf 88' lang='lat' dir='ltr'><strong>terunt,</strong></span> 
     </span>
    </p>
   </div>
   <div class='ocr_carea' id='block_1_11' title="bbox 270 523 1062 563">
    <p class='ocr_par' dir='ltr' id='par_1_11' title="bbox 270 523 1062 563">
     <span class='ocr_line' id='line_1_11' title="bbox 270 523 1062 563; baseline -0.01 -7"><span class='ocrx_word' id='word_1_65' title='bbox 270 538 300 556; x_wconf 91' lang='lat' dir='ltr'><strong>ac</strong></span> <span class='ocrx_word' id='word_1_66' title='bbox 314 530 420 556; x_wconf 88' lang='lat' dir='ltr'><strong>sublato</strong></span> <span class='ocrx_word' id='word_1_67' title='bbox 433 528 579 563; x_wconf 89' lang='lat' dir='ltr'><strong>supercilio</strong></span> <span class='ocrx_word' id='word_1_68' title='bbox 601 532 755 562; x_wconf 64' lang='lat' dir='ltr'><strong>caateroque</strong></span> <span class='ocrx_word' id='word_1_69' title='bbox 768 533 829 553; x_wconf 92' lang='lat' dir='ltr'><strong>cum</strong></span> <span class='ocrx_word' id='word_1_70' title='bbox 849 525 919 552; x_wconf 80' lang='lat' dir='ltr'><strong>fastu</strong></span> <span class='ocrx_word' id='word_1_71' title='bbox 935 523 1062 550; x_wconf 89' lang='lat' dir='ltr'><strong>inambu-</strong></span> 
     </span>
    </p>
   </div>
   <div class='ocr_carea' id='block_1_12' title="bbox 269 569 1057 609">
    <p class='ocr_par' dir='ltr' id='par_1_12' title="bbox 269 569 1057 609">
     <span class='ocr_line' id='line_1_12' title="bbox 269 569 1057 609; baseline -0.01 -7"><span class='ocrx_word' id='word_1_72' title='bbox 269 576 325 602; x_wconf 86' lang='lat' dir='ltr'><strong>laut</strong></span> <span class='ocrx_word' id='word_1_73' title='bbox 341 585 347 602; x_wconf 88' lang='lat'><strong>:</strong></span> <span class='ocrx_word' id='word_1_74' title='bbox 364 576 409 602; x_wconf 85' lang='lat' dir='ltr'><strong>alii</strong></span> <span class='ocrx_word' id='word_1_75' title='bbox 422 583 453 602; x_wconf 83' lang='lat' dir='ltr'><strong>ex</strong></span> <span class='ocrx_word' id='word_1_76' title='bbox 468 574 534 609; x_wconf 86' lang='lat' dir='ltr'><strong>ipsis</strong></span> <span class='ocrx_word' id='word_1_77' title='bbox 547 574 724 601; x_wconf 68' lang='lat' dir='ltr'><strong>Antiocheam</strong></span> <span class='ocrx_word' id='word_1_78' title='bbox 748 571 867 599; x_wconf 75' lang='lat' dir='ltr'><strong>civitatis</strong></span> <span class='ocrx_word' id='word_1_79' title='bbox 893 569 1057 604; x_wconf 77' lang='lat' dir='ltr'><strong>magistrati-</strong></span> 
     </span>
    </p>
   </div>
   <div class='ocr_carea' id='block_1_13' title="bbox 268 616 1058 656">
    <p class='ocr_par' dir='ltr' id='par_1_13' title="bbox 268 616 1058 656">
     <span class='ocr_line' id='line_1_13' title="bbox 268 616 1058 656; baseline -0.013 -6"><span class='ocrx_word' id='word_1_80' title='bbox 268 624 319 650; x_wconf 93' lang='lat' dir='ltr'><strong>bus</strong></span> <span class='ocrx_word' id='word_1_81' title='bbox 337 630 369 649; x_wconf 90' lang='lat' dir='ltr'><strong>ac</strong></span> <span class='ocrx_word' id='word_1_82' title='bbox 383 620 550 656; x_wconf 88' lang='lat' dir='ltr'><strong>primoribus</strong></span> <span class='ocrx_word' id='word_1_83' title='bbox 564 624 652 650; x_wconf 89' lang='lat' dir='ltr'><strong>erant,</strong></span> <span class='ocrx_word' id='word_1_84' title='bbox 671 618 716 652; x_wconf 88' lang='lat' dir='ltr'><strong>qui</strong></span> <span class='ocrx_word' id='word_1_85' title='bbox 733 616 870 644; x_wconf 77' lang='lat' dir='ltr'><strong>szevientis</strong></span> <span class='ocrx_word' id='word_1_86' title='bbox 888 616 914 642; x_wconf 93' lang='lat' dir='ltr'><strong>in</strong></span> <span class='ocrx_word' id='word_1_87' title='bbox 932 623 981 642; x_wconf 85' lang='lat' dir='ltr'><strong>nos</strong></span> <span class='ocrx_word' id='word_1_88' title='bbox 996 622 1058 649; x_wconf 88' lang='lat' dir='ltr'><strong>per-</strong></span> 
     </span>
    </p>
   </div>
   <div class='ocr_carea' id='block_1_14' title="bbox 269 660 1060 701">
    <p class='ocr_par' dir='ltr' id='par_1_14' title="bbox 269 660 1060 701">
     <span class='ocr_line' id='line_1_14' title="bbox 269 660 1060 701; baseline -0.013 -5"><span class='ocrx_word' id='word_1_89' title='bbox 269 668 417 696; x_wconf 85' lang='lat' dir='ltr'><strong>secutionis</strong></span> <span class='ocrx_word' id='word_1_90' title='bbox 441 672 562 701; x_wconf 84' lang='lat' dir='ltr'><strong>tempore</strong></span> <span class='ocrx_word' id='word_1_91' title='bbox 583 665 686 692; x_wconf 87' lang='lat' dir='ltr'><strong>nostris</strong></span> <span class='ocrx_word' id='word_1_92' title='bbox 708 672 741 691; x_wconf 77' lang='lat' dir='ltr'><strong>ex</strong></span> <span class='ocrx_word' id='word_1_93' title='bbox 763 663 871 697; x_wconf 85' lang='lat' dir='ltr'><strong>injuriis</strong></span> <span class='ocrx_word' id='word_1_94' title='bbox 889 660 1060 689; x_wconf 87' lang='lat' dir='ltr'><strong>auctoritatis</strong></span> 
     </span>
    </p>
   </div>
   <div class='ocr_carea' id='block_1_15' title="bbox 267 708 1058 752">
    <p class='ocr_par' dir='ltr' id='par_1_15' title="bbox 267 708 1058 752">
     <span class='ocr_line' id='line_1_15' title="bbox 267 708 1058 752; baseline -0.01 -11"><span class='ocrx_word' id='word_1_95' title='bbox 267 716 412 752; x_wconf 87' lang='lat' dir='ltr'><strong>plurimum</strong></span> <span class='ocrx_word' id='word_1_96' title='bbox 429 723 461 742; x_wconf 88' lang='lat' dir='ltr'><strong>ac</strong></span> <span class='ocrx_word' id='word_1_97' title='bbox 477 713 629 749; x_wconf 87' lang='lat' dir='ltr'><strong>splendoris</strong></span> <span class='ocrx_word' id='word_1_98' title='bbox 643 711 817 747; x_wconf 61' lang='lat' dir='ltr'><strong>quaesieram.</strong></span> <span class='ocrx_word' id='word_1_99' title='bbox 834 709 914 743; x_wconf 80' lang='lat'><strong>136</strong></span> <span class='ocrx_word' id='word_1_100' title='bbox 931 708 1058 734; x_wconf 84' lang='lat' dir='ltr'><strong>Philoso-</strong></span> 
     </span>
    </p>
   </div>
   <div class='ocr_carea' id='block_1_16' title="bbox 266 754 1059 797">
    <p class='ocr_par' dir='ltr' id='par_1_16' title="bbox 266 754 1059 797">
     <span class='ocr_line' id='line_1_16' title="bbox 266 754 1059 797; baseline -0.011 -8"><span class='ocrx_word' id='word_1_101' title='bbox 266 763 349 797; x_wconf 87' lang='lat' dir='ltr'><strong>pluun</strong></span> <span class='ocrx_word' id='word_1_102' title='bbox 385 765 514 796; x_wconf 75' lang='lat' dir='ltr'><strong>praetcrea</strong></span> <span class='ocrx_word' id='word_1_103' title='bbox 557 758 702 792; x_wconf 81' lang='lat' dir='ltr'><strong>quemdam</strong></span> <span class='ocrx_word' id='word_1_104' title='bbox 738 756 887 787; x_wconf 82' lang='lat' dir='ltr'><strong>nevimus,</strong></span> <span class='ocrx_word' id='word_1_105' title='bbox 924 754 1059 788; x_wconf 88' lang='lat' dir='ltr'><strong>simulque</strong></span> 
     </span>
    </p>
   </div>
   <div class='ocr_carea' id='block_1_17' title="bbox 266 799 1057 842">
    <p class='ocr_par' dir='ltr' id='par_1_17' title="bbox 266 799 1057 842">
     <span class='ocr_line' id='line_1_17' title="bbox 266 799 1057 842; baseline -0.01 -9"><span class='ocrx_word' id='word_1_106' title='bbox 266 808 438 842; x_wconf 80' lang='lat' dir='ltr'><strong>prophetam,</strong></span> <span class='ocrx_word' id='word_1_107' title='bbox 452 806 495 837; x_wconf 86' lang='lat' dir='ltr'><strong>iis,</strong></span> <span class='ocrx_word' id='word_1_108' title='bbox 509 812 570 840; x_wconf 67' lang='lat' dir='ltr'><strong>quae</strong></span> <span class='ocrx_word' id='word_1_109' title='bbox 581 804 711 834; x_wconf 77' lang='lat' dir='ltr'><strong>diximus,</strong></span> <span class='ocrx_word' id='word_1_110' title='bbox 724 801 822 829; x_wconf 88' lang='lat' dir='ltr'><strong>similia</strong></span> <span class='ocrx_word' id='word_1_111' title='bbox 837 799 919 826; x_wconf 82' lang='lat' dir='ltr'><strong>Mileti</strong></span> <span class='ocrx_word' id='word_1_112' title='bbox 930 799 1057 826; x_wconf 81' lang='lat' dir='ltr'><strong>subiisse.</strong></span> 
     </span>
    </p>
   </div>
   <div class='ocr_carea' id='block_1_18' title="bbox 265 846 1059 888">
    <p class='ocr_par' dir='ltr' id='par_1_18' title="bbox 265 846 1059 888">
     <span class='ocr_line' id='line_1_18' title="bbox 265 846 1059 888; baseline -0.011 -9"><span class='ocrx_word' id='word_1_113' title='bbox 265 853 312 880; x_wconf 80' lang='lat' dir='ltr'><strong>llis</strong></span> <span class='ocrx_word' id='word_1_114' title='bbox 330 853 412 888; x_wconf 76' lang='lat' dir='ltr'><strong>igitur</strong></span> <span class='ocrx_word' id='word_1_115' title='bbox 425 851 546 879; x_wconf 82' lang='lat' dir='ltr'><strong>collectis</strong></span> <span class='ocrx_word' id='word_1_116' title='bbox 561 850 679 884; x_wconf 83' lang='lat' dir='ltr'><strong>aliisque</strong></span> <span class='ocrx_word' id='word_1_117' title='bbox 693 848 818 884; x_wconf 87' lang='lat' dir='ltr'><strong>pluribus</strong></span> <span class='ocrx_word' id='word_1_118' title='bbox 831 868 837 880; x_wconf 83' lang='lat'><strong>,</strong></span> <span class='ocrx_word' id='word_1_119' title='bbox 859 846 955 872; x_wconf 89' lang='lat' dir='ltr'><strong>merito</strong></span> <span class='ocrx_word' id='word_1_120' title='bbox 980 850 1059 878; x_wconf 72' lang='lat' dir='ltr'><strong>neget</strong></span> 
     </span>
    </p>
   </div>
   <div class='ocr_carea' id='block_1_19' title="bbox 1115 285 1910 325">
    <p class='ocr_par' dir='ltr' id='par_1_19' title="bbox 1115 285 1910 325">
     <span class='ocr_line' id='line_1_19' title="bbox 1115 285 1910 325; baseline -0.005 -8"><span class='ocrx_word' id='word_1_121' title='bbox 1115 291 1184 323; x_wconf 75' lang='grc' dir='ltr'>ἐξέτι</span> <span class='ocrx_word' id='word_1_122' title='bbox 1201 291 1254 317; x_wconf 82' lang='grc' dir='ltr'>τῶν</span> <span class='ocrx_word' id='word_1_123' title='bbox 1272 289 1447 325; x_wconf 71' lang='grc' dir='ltr'>σπαργάνων,</span> <span class='ocrx_word' id='word_1_124' title='bbox 1465 290 1528 319; x_wconf 82' lang='grc' dir='ltr'>παῖς</span> <span class='ocrx_word' id='word_1_125' title='bbox 1543 288 1618 323; x_wconf 72' lang='grc' dir='ltr'>παρὰ</span> <span class='ocrx_word' id='word_1_126' title='bbox 1634 287 1736 322; x_wconf 75' lang='grc' dir='ltr'>πατρὸς</span> <span class='ocrx_word' id='word_1_127' title='bbox 1751 287 1828 318; x_wconf 78' lang='grc' dir='ltr'>Οεοὺς</span> <span class='ocrx_word' id='word_1_128' title='bbox 1840 285 1910 314; x_wconf 79' lang='grc' dir='ltr'>εἶναι</span> 
     </span>
    </p>
   </div>
   <div class='ocr_carea' id='block_1_20' title="bbox 1113 334 1908 372">
    <p class='ocr_par' dir='ltr' id='par_1_20' title="bbox 1113 334 1908 372">
     <span class='ocr_line' id='line_1_20' title="bbox 1113 334 1908 372; baseline -0.006 -8"><span class='ocrx_word' id='word_1_129' title='bbox 1113 339 1175 369; x_wconf 81' lang='grc' dir='ltr'>τοὺς</span> <span class='ocrx_word' id='word_1_130' title='bbox 1201 337 1380 372; x_wconf 79' lang='grc' dir='ltr'><strong>δηλουμένους</strong></span> <span class='ocrx_word' id='word_1_131' title='bbox 1404 335 1619 370; x_wconf 75' lang='grc' dir='ltr'><strong>παρειληφότες,</strong></span> <span class='ocrx_word' id='word_1_132' title='bbox 1653 335 1709 360; x_wconf 65' lang='lat'><strong>050&#39;</strong></span> <span class='ocrx_word' id='word_1_133' title='bbox 1731 334 1812 369; x_wconf 72' lang='grc' dir='ltr'>ἕτερα</span> <span class='ocrx_word' id='word_1_134' title='bbox 1839 335 1908 369; x_wconf 65' lang='lat'><strong>(&#39;25)</strong></span> 
     </span>
    </p>
   </div>
   <div class='ocr_carea' id='block_1_21' title="bbox 1114 380 1909 418">
    <p class='ocr_par' dir='ltr' id='par_1_21' title="bbox 1114 380 1909 418">
     <span class='ocr_line' id='line_1_21' title="bbox 1114 380 1909 418; baseline -0.004 -9"><span class='ocrx_word' id='word_1_135' title='bbox 1114 383 1210 418; x_wconf 73' lang='grc' dir='ltr'>ληπτοὶ</span> <span class='ocrx_word' id='word_1_136' title='bbox 1225 383 1383 417; x_wconf 80' lang='grc' dir='ltr'>γεγόνασιν·</span> <span class='ocrx_word' id='word_1_137' title='bbox 1400 381 1468 408; x_wconf 78' lang='grc' dir='ltr'>ἀλλὰ</span> <span class='ocrx_word' id='word_1_138' title='bbox 1479 381 1549 408; x_wconf 78' lang='grc' dir='ltr'>κατὰ</span> <span class='ocrx_word' id='word_1_139' title='bbox 1565 382 1664 416; x_wconf 77' lang='grc' dir='ltr'>κράτος</span> <span class='ocrx_word' id='word_1_140' title='bbox 1677 381 1769 407; x_wconf 76' lang='grc' dir='ltr'>καὶτὰ</span> <span class='ocrx_word' id='word_1_141' title='bbox 1784 380 1909 415; x_wconf 70' lang='grc' dir='ltr'>βοώμεναι</span> 
     </span>
    </p>
   </div>
   <div class='ocr_carea' id='block_1_22' title="bbox 1114 427 1911 465">
    <p class='ocr_par' dir='ltr' id='par_1_22' title="bbox 1114 427 1911 465">
     <span class='ocr_line' id='line_1_22' title="bbox 1114 427 1911 465; baseline -0.004 -9"><span class='ocrx_word' id='word_1_142' title='bbox 1114 430 1277 465; x_wconf 79' lang='grc' dir='ltr'><strong>χρηστήρια,</strong></span> <span class='ocrx_word' id='word_1_143' title='bbox 1296 429 1343 455; x_wconf 77' lang='grc' dir='ltr'>καὶ</span> <span class='ocrx_word' id='word_1_144' title='bbox 1360 428 1393 455; x_wconf 82' lang='grc' dir='ltr'>τὰ</span> <span class='ocrx_word' id='word_1_145' title='bbox 1410 428 1484 463; x_wconf 71' lang='grc' dir='ltr'>παρὰ</span> <span class='ocrx_word' id='word_1_146' title='bbox 1504 429 1569 454; x_wconf 76' lang='grc' dir='ltr'>πᾶσι</span> <span class='ocrx_word' id='word_1_147' title='bbox 1594 427 1816 462; x_wconf 75' lang='grc' dir='ltr'>μεταδιωκόμενα</span> <span class='ocrx_word' id='word_1_148' title='bbox 1843 436 1911 461; x_wconf 60' lang='grc' dir='ltr'>μεως</span> 
     </span>
    </p>
   </div>
   <div class='ocr_carea' id='block_1_23' title="bbox 1115 472 1909 510">
    <p class='ocr_par' dir='ltr' id='par_1_23' title="bbox 1115 472 1909 510">
     <span class='ocr_line' id='line_1_23' title="bbox 1115 472 1909 510; baseline -0.004 -9"><span class='ocrx_word' id='word_1_149' title='bbox 1115 477 1170 501; x_wconf 82' lang='grc' dir='ltr'>τεῖα</span> <span class='ocrx_word' id='word_1_150' title='bbox 1189 475 1265 501; x_wconf 73' lang='grc' dir='ltr'>οὐδὲν</span> <span class='ocrx_word' id='word_1_151' title='bbox 1289 475 1382 509; x_wconf 72' lang='grc' dir='ltr'>φέρειν</span> <span class='ocrx_word' id='word_1_152' title='bbox 1410 474 1508 510; x_wconf 76' lang='grc' dir='ltr'>ἀληθὲς</span> <span class='ocrx_word' id='word_1_153' title='bbox 1530 473 1706 509; x_wconf 73' lang='grc' dir='ltr'>ἀπήλεγξαν,</span> <span class='ocrx_word' id='word_1_154' title='bbox 1730 472 1855 508; x_wconf 65' lang='grc' dir='ltr'>ἀνωφελῆ</span> <span class='ocrx_word' id='word_1_155' title='bbox 1880 481 1909 498; x_wconf 86' lang='grc' dir='ltr'><strong>τε</strong></span> 
     </span>
    </p>
   </div>
   <div class='ocr_carea' id='block_1_24' title="bbox 1112 519 1906 556">
    <p class='ocr_par' dir='ltr' id='par_1_24' title="bbox 1112 519 1906 556">
     <span class='ocr_line' id='line_1_24' title="bbox 1112 519 1906 556; baseline -0.001 -9"><span class='ocrx_word' id='word_1_156' title='bbox 1112 519 1181 547; x_wconf 81' lang='grc' dir='ltr'>εἶναι</span> <span class='ocrx_word' id='word_1_157' title='bbox 1199 521 1391 556; x_wconf 77' lang='grc' dir='ltr'>ἀπεφήναντο,</span> <span class='ocrx_word' id='word_1_158' title='bbox 1410 521 1455 546; x_wconf 74' lang='grc' dir='ltr'><strong>καὶ</strong></span> <span class='ocrx_word' id='word_1_159' title='bbox 1475 519 1574 555; x_wconf 77' lang='grc' dir='ltr'>μᾶλλον</span> <span class='ocrx_word' id='word_1_160' title='bbox 1598 519 1732 554; x_wconf 75' lang='grc' dir='ltr'><strong>ἐπιϐλαϐἦ</strong></span> <span class='ocrx_word' id='word_1_161' title='bbox 1750 520 1906 554; x_wconf 77' lang='grc' dir='ltr'><strong>τυγχάνειν.</strong></span> 
     </span>
    </p>
   </div>
   <div class='ocr_carea' id='block_1_25' title="bbox 1112 566 1908 602">
    <p class='ocr_par' dir='ltr' id='par_1_25' title="bbox 1112 566 1908 602">
     <span class='ocr_line' id='line_1_25' title="bbox 1112 566 1908 602; baseline 0 -10"><span class='ocrx_word' id='word_1_162' title='bbox 1112 567 1223 602; x_wconf 86' lang='grc' dir='ltr'>Μυρίων</span> <span class='ocrx_word' id='word_1_163' title='bbox 1235 566 1264 592; x_wconf 74' lang='grc' dir='ltr'><strong>δὲ</strong></span> <span class='ocrx_word' id='word_1_164' title='bbox 1278 566 1372 597; x_wconf 77' lang='grc' dir='ltr'>ὄντων,</span> <span class='ocrx_word' id='word_1_165' title='bbox 1384 567 1430 593; x_wconf 82' lang='grc' dir='ltr'>καὶ</span> <span class='ocrx_word' id='word_1_166' title='bbox 1447 566 1490 592; x_wconf 81' lang='grc' dir='ltr'><strong>διὰ</strong></span> <span class='ocrx_word' id='word_1_167' title='bbox 1503 566 1632 592; x_wconf 80' lang='grc' dir='ltr'>πλειόνων</span> <span class='ocrx_word' id='word_1_168' title='bbox 1646 566 1696 601; x_wconf 78' lang='grc' dir='ltr'>τὴν</span> <span class='ocrx_word' id='word_1_169' title='bbox 1708 566 1761 591; x_wconf 85' lang='grc' dir='ltr'>τῶν</span> <span class='ocrx_word' id='word_1_170' title='bbox 1774 566 1908 600; x_wconf 85' lang='grc' dir='ltr'>μαντείων</span> 
     </span>
    </p>
   </div>
   <div class='ocr_carea' id='block_1_26' title="bbox 1112 610 1907 647">
    <p class='ocr_par' dir='ltr' id='par_1_26' title="bbox 1112 610 1907 647">
     <span class='ocr_line' id='line_1_26' title="bbox 1112 610 1907 647; baseline -0.001 -10"><span class='ocrx_word' id='word_1_171' title='bbox 1112 611 1267 647; x_wconf 83' lang='grc' dir='ltr'>ἀνατροπὴν</span> <span class='ocrx_word' id='word_1_172' title='bbox 1285 611 1485 646; x_wconf 69' lang='grc' dir='ltr'>πεποιημένων,</span> <span class='ocrx_word' id='word_1_173' title='bbox 1503 611 1629 646; x_wconf 74' lang='grc' dir='ltr'>ἐξαρκεῖν</span> <span class='ocrx_word' id='word_1_174' title='bbox 1644 610 1737 645; x_wconf 79' lang='grc' dir='ltr'>ἔμοιγε</span> <span class='ocrx_word' id='word_1_175' title='bbox 1755 610 1907 646; x_wconf 70' lang='grc' dir='ltr'>μαρτυρίας</span> 
     </span>
    </p>
   </div>
   <div class='ocr_carea' id='block_1_27' title="bbox 1112 655 1907 692">
    <p class='ocr_par' dir='ltr' id='par_1_27' title="bbox 1112 655 1907 692">
     <span class='ocr_line' id='line_1_27' title="bbox 1112 655 1907 692; baseline -0.003 -9"><span class='ocrx_word' id='word_1_176' title='bbox 1112 657 1191 692; x_wconf 80' lang='grc' dir='ltr'>χάριν</span> <span class='ocrx_word' id='word_1_177' title='bbox 1206 657 1260 683; x_wconf 79' lang='grc' dir='ltr'><strong>τῶν</strong></span> <span class='ocrx_word' id='word_1_178' title='bbox 1273 657 1427 692; x_wconf 80' lang='grc' dir='ltr'><strong>εἰρημένων</strong></span> <span class='ocrx_word' id='word_1_179' title='bbox 1443 657 1489 683; x_wconf 75' lang='grc' dir='ltr'><strong>ἐπὶ</strong></span> <span class='ocrx_word' id='word_1_180' title='bbox 1505 656 1551 682; x_wconf 69' lang='grc' dir='ltr'>τοῦ</span> <span class='ocrx_word' id='word_1_181' title='bbox 1568 657 1702 691; x_wconf 80' lang='grc' dir='ltr'><strong>παρόντος</strong></span> <span class='ocrx_word' id='word_1_182' title='bbox 1724 655 1844 691; x_wconf 76' lang='grc' dir='ltr'>ἡγοῦμαι</span> <span class='ocrx_word' id='word_1_183' title='bbox 1861 655 1907 681; x_wconf 73' lang='grc' dir='ltr'>καὶ</span> 
     </span>
    </p>
   </div>
   <div class='ocr_carea' id='block_1_28' title="bbox 1113 701 1907 737">
    <p class='ocr_par' dir='ltr' id='par_1_28' title="bbox 1113 701 1907 737">
     <span class='ocr_line' id='line_1_28' title="bbox 1113 701 1907 737; baseline -0.003 -9"><span class='ocrx_word' id='word_1_184' title='bbox 1113 702 1178 735; x_wconf 77' lang='grc' dir='ltr'>μίαν</span> <span class='ocrx_word' id='word_1_185' title='bbox 1199 702 1258 734; x_wconf 79' lang='grc' dir='ltr'>ἐνὸς</span> <span class='ocrx_word' id='word_1_186' title='bbox 1287 701 1389 728; x_wconf 79' lang='grc' dir='ltr'>τούτων</span> <span class='ocrx_word' id='word_1_187' title='bbox 1414 701 1566 737; x_wconf 67' lang='grc' dir='ltr'>παράθεσιν</span> <span class='ocrx_word' id='word_1_188' title='bbox 1591 701 1756 728; x_wconf 82' lang='grc' dir='ltr'>ἁπαντῶσαν</span> <span class='ocrx_word' id='word_1_189' title='bbox 1783 702 1851 737; x_wconf 73' lang='grc' dir='ltr'>πρὸς</span> <span class='ocrx_word' id='word_1_190' title='bbox 1872 701 1907 727; x_wconf 81' lang='grc' dir='ltr'>τὰ</span> 
     </span>
    </p>
   </div>
   <div class='ocr_carea' id='block_1_29' title="bbox 1111 746 1907 784">
    <p class='ocr_par' dir='ltr' id='par_1_29' title="bbox 1111 746 1907 784">
     <span class='ocr_line' id='line_1_29' title="bbox 1111 746 1907 784; baseline -0.003 -10"><span class='ocrx_word' id='word_1_191' title='bbox 1111 748 1265 784; x_wconf 80' lang='grc' dir='ltr'><strong>Χρυσίππῳ</strong></span> <span class='ocrx_word' id='word_1_192' title='bbox 1292 748 1355 783; x_wconf 71' lang='grc' dir='ltr'>περὶ</span> <span class='ocrx_word' id='word_1_193' title='bbox 1375 748 1543 783; x_wconf 83' lang='grc' dir='ltr'><strong>εἱμαρμένης</strong></span> <span class='ocrx_word' id='word_1_194' title='bbox 1561 748 1614 774; x_wconf 80' lang='grc' dir='ltr'>ἀπὸ</span> <span class='ocrx_word' id='word_1_195' title='bbox 1635 747 1684 782; x_wconf 80' lang='grc' dir='ltr'><strong>τῆς</strong></span> <span class='ocrx_word' id='word_1_196' title='bbox 1702 747 1755 772; x_wconf 84' lang='grc' dir='ltr'><strong>τῶν</strong></span> <span class='ocrx_word' id='word_1_197' title='bbox 1773 746 1907 781; x_wconf 85' lang='grc' dir='ltr'>μαντείων</span> 
     </span>
    </p>
   </div>
   <div class='ocr_carea' id='block_1_30' title="bbox 1111 791 1906 830">
    <p class='ocr_par' dir='ltr' id='par_1_30' title="bbox 1111 791 1906 830">
     <span class='ocr_line' id='line_1_30' title="bbox 1111 791 1906 830; baseline -0.004 -9"><span class='ocrx_word' id='word_1_198' title='bbox 1111 795 1291 830; x_wconf 74' lang='grc' dir='ltr'>προρρήσεως</span> <span class='ocrx_word' id='word_1_199' title='bbox 1319 793 1586 821; x_wconf 70' lang='grc' dir='ltr'>κατασκευασθέντα.</span> <span class='ocrx_word' id='word_1_200' title='bbox 1613 793 1714 828; x_wconf 75' lang='grc' dir='ltr'>Γράφει</span> <span class='ocrx_word' id='word_1_201' title='bbox 1737 793 1758 819; x_wconf 88' lang='grc' dir='ltr'><strong>δ’</strong></span> <span class='ocrx_word' id='word_1_202' title='bbox 1775 791 1821 819; x_wconf 77' lang='grc' dir='ltr'>οὖν</span> <span class='ocrx_word' id='word_1_203' title='bbox 1838 792 1906 827; x_wconf 78' lang='grc' dir='ltr'>πρὸς</span> 
     </span>
    </p>
   </div>
   <div class='ocr_carea' id='block_1_31' title="bbox 1110 838 1906 875">
    <p class='ocr_par' dir='ltr' id='par_1_31' title="bbox 1110 838 1906 875">
     <span class='ocr_line' id='line_1_31' title="bbox 1110 838 1906 875; baseline -0.003 -9"><span class='ocrx_word' id='word_1_204' title='bbox 1110 840 1190 866; x_wconf 72' lang='grc' dir='ltr'>αὑτὸν</span> <span class='ocrx_word' id='word_1_205' title='bbox 1207 841 1221 866; x_wconf 85' lang='grc' dir='ltr'>ὁ</span> <span class='ocrx_word' id='word_1_206' title='bbox 1236 841 1421 875; x_wconf 79' lang='grc' dir='ltr'>συγγραφεὺς,</span> <span class='ocrx_word' id='word_1_207' title='bbox 1439 839 1609 874; x_wconf 81' lang='grc' dir='ltr'>ἀπελέγχων,</span> <span class='ocrx_word' id='word_1_208' title='bbox 1631 840 1673 866; x_wconf 83' lang='grc' dir='ltr'>ὃτι</span> <span class='ocrx_word' id='word_1_209' title='bbox 1691 838 1784 870; x_wconf 78' lang='grc' dir='ltr'>κακῶς</span> <span class='ocrx_word' id='word_1_210' title='bbox 1803 840 1835 864; x_wconf 74' lang='grc' dir='ltr'>ἐκ</span> <span class='ocrx_word' id='word_1_211' title='bbox 1852 838 1906 864; x_wconf 84' lang='grc' dir='ltr'>τῶν</span> 
     </span>
    </p>
   </div>
   <div class='ocr_carea' id='block_1_32' title="bbox 1111 885 1905 921">
    <p class='ocr_par' dir='ltr' id='par_1_32' title="bbox 1111 885 1905 921">
     <span class='ocr_line' id='line_1_32' title="bbox 1111 885 1905 921; baseline -0.003 -9"><span class='ocrx_word' id='word_1_212' title='bbox 1111 886 1245 921; x_wconf 81' lang='grc' dir='ltr'>μαντείων</span> <span class='ocrx_word' id='word_1_213' title='bbox 1261 886 1421 921; x_wconf 79' lang='grc' dir='ltr'>σημειοῦται</span> <span class='ocrx_word' id='word_1_214' title='bbox 1438 886 1486 921; x_wconf 83' lang='grc' dir='ltr'>τὴν</span> <span class='ocrx_word' id='word_1_215' title='bbox 1499 886 1680 921; x_wconf 75' lang='grc' dir='ltr'>εἱμαρμένην,</span> <span class='ocrx_word' id='word_1_216' title='bbox 1695 885 1742 912; x_wconf 72' lang='grc' dir='ltr'>καὶ</span> <span class='ocrx_word' id='word_1_217' title='bbox 1754 885 1794 911; x_wconf 80' lang='grc' dir='ltr'>ὅτι</span> <span class='ocrx_word' id='word_1_218' title='bbox 1805 885 1833 912; x_wconf 82' lang='grc' dir='ltr'>ὲν</span> <span class='ocrx_word' id='word_1_219' title='bbox 1850 887 1905 916; x_wconf 83' lang='grc' dir='ltr'>τοῖς</span> 
     </span>
    </p>
   </div>
   <div class='ocr_carea' id='block_1_33' title="bbox 265 893 1058 934">
    <p class='ocr_par' dir='ltr' id='par_1_33' title="bbox 265 893 1058 934">
     <span class='ocr_line' id='line_1_33' title="bbox 265 893 1058 934; baseline -0.014 -8"><span class='ocrx_word' id='word_1_220' title='bbox 265 899 403 934; x_wconf 81' lang='lat' dir='ltr'><strong>quispiam</strong></span> <span class='ocrx_word' id='word_1_221' title='bbox 428 903 483 924; x_wconf 85' lang='lat' dir='ltr'><strong>tam</strong></span> <span class='ocrx_word' id='word_1_222' title='bbox 506 897 642 923; x_wconf 72' lang='lat' dir='ltr'><strong>tlmmones</strong></span> <span class='ocrx_word' id='word_1_223' title='bbox 660 902 741 929; x_wconf 89' lang='lat' dir='ltr'><strong>quam</strong></span> <span class='ocrx_word' id='word_1_224' title='bbox 757 893 823 920; x_wconf 85' lang='lat' dir='ltr'><strong>deos</strong></span> <span class='ocrx_word' id='word_1_225' title='bbox 837 898 994 925; x_wconf 85' lang='lat' dir='ltr'><strong>sparsorum</strong></span> <span class='ocrx_word' id='word_1_226' title='bbox 1011 897 1058 923; x_wconf 90' lang='lat' dir='ltr'><strong>per</strong></span> 
     </span>
    </p>
   </div>
   <div class='ocr_carea' id='block_1_34' title="bbox 266 931 1049 973">
    <p class='ocr_par' dir='ltr' id='par_1_34' title="bbox 266 941 1049 973">
     <span class='ocr_line' id='line_1_34' title="bbox 266 941 1049 973; baseline -0.011 -2"><span class='ocrx_word' id='word_1_227' title='bbox 266 945 346 973; x_wconf 82' lang='lat' dir='ltr'><strong>urch</strong></span> <span class='ocrx_word' id='word_1_228' title='bbox 368 945 542 972; x_wconf 88' lang='lat' dir='ltr'><strong>oraculorum</strong></span> <span class='ocrx_word' id='word_1_229' title='bbox 570 947 696 969; x_wconf 88' lang='lat' dir='ltr'><strong>auctores</strong></span> <span class='ocrx_word' id='word_1_230' title='bbox 712 941 814 971; x_wconf 80' lang='lat' dir='ltr'><strong>fuisse,</strong></span> <span class='ocrx_word' id='word_1_231' title='bbox 843 944 956 972; x_wconf 90' lang='lat' dir='ltr'><strong>remque</strong></span> <span class='ocrx_word' id='word_1_232' title='bbox 971 941 1049 963; x_wconf 87' lang='lat' dir='ltr'><strong>totatr</strong></span> 
     </span>
    </p>
   </div>
   <div class='ocr_carea' id='block_1_35' title="bbox 1103 931 1905 973">
    <p class='ocr_par' dir='ltr' id='par_1_35' title="bbox 1110 932 1905 968">
     <span class='ocr_line' id='line_1_35' title="bbox 1110 932 1905 968; baseline 0 -10"><span class='ocrx_word' id='word_1_233' title='bbox 1110 933 1245 964; x_wconf 75' lang='grc' dir='ltr'>πλείστοις</span> <span class='ocrx_word' id='word_1_234' title='bbox 1259 933 1293 959; x_wconf 82' lang='grc' dir='ltr'>τὰ</span> <span class='ocrx_word' id='word_1_235' title='bbox 1308 932 1362 959; x_wconf 82' lang='grc' dir='ltr'>τῶν</span> <span class='ocrx_word' id='word_1_236' title='bbox 1378 933 1511 967; x_wconf 76' lang='grc' dir='ltr'>Ἑλλήνων</span> <span class='ocrx_word' id='word_1_237' title='bbox 1524 934 1637 968; x_wconf 77' lang='grc' dir='ltr'>μαντεῖα</span> <span class='ocrx_word' id='word_1_238' title='bbox 1648 932 1845 967; x_wconf 62' lang='grc' dir='ltr'>διαψεύδονται,</span> <span class='ocrx_word' id='word_1_239' title='bbox 1858 932 1905 958; x_wconf 71' lang='grc' dir='ltr'>καὶ</span> 
     </span>
    </p>
   </div>
   <div class='ocr_carea' id='block_1_36' title="bbox 265 978 1049 1024">
    <p class='ocr_par' dir='ltr' id='par_1_36' title="bbox 265 981 1049 1024">
     <span class='ocr_line' id='line_1_36' title="bbox 265 981 1049 1024; baseline -0.013 -6"><span class='ocrx_word' id='word_1_240' title='bbox 265 993 292 1018; x_wconf 89' lang='lat' dir='ltr'><strong>in</strong></span> <span class='ocrx_word' id='word_1_241' title='bbox 304 999 425 1018; x_wconf 81' lang='lat' dir='ltr'><strong>errorem</strong></span> <span class='ocrx_word' id='word_1_242' title='bbox 440 990 512 1024; x_wconf 72' lang='lat' dir='ltr'><strong>vulgi</strong></span> <span class='ocrx_word' id='word_1_243' title='bbox 531 997 563 1016; x_wconf 88' lang='lat' dir='ltr'><strong>ac</strong></span> <span class='ocrx_word' id='word_1_244' title='bbox 575 988 769 1015; x_wconf 83' lang='lat' dir='ltr'><strong>eireulatorum</strong></span> <span class='ocrx_word' id='word_1_245' title='bbox 794 985 930 1012; x_wconf 80' lang='lat' dir='ltr'><strong>fallaciam</strong></span> <span class='ocrx_word' id='word_1_246' title='bbox 946 981 1049 1018; x_wconf 75' lang='lat' dir='ltr'><strong>prmsti-</strong></span> 
     </span>
    </p>
   </div>
   <div class='ocr_carea' id='block_1_37' title="bbox 1103 978 1902 1024">
    <p class='ocr_par' dir='ltr' id='par_1_37' title="bbox 1106 978 1902 1014">
     <span class='ocr_line' id='line_1_37' title="bbox 1106 978 1902 1014; baseline -0.003 -9"><span class='ocrx_word' id='word_1_247' title='bbox 1106 979 1146 1005; x_wconf 81' lang='grc' dir='ltr'>ὅτι</span> <span class='ocrx_word' id='word_1_248' title='bbox 1159 979 1278 1010; x_wconf 78' lang='grc' dir='ltr'><strong>σπανίως</strong></span> <span class='ocrx_word' id='word_1_249' title='bbox 1289 979 1380 1010; x_wconf 83' lang='grc' dir='ltr'>αὐτοῖς</span> <span class='ocrx_word' id='word_1_250' title='bbox 1394 980 1425 1005; x_wconf 76' lang='grc' dir='ltr'>ὲκ</span> <span class='ocrx_word' id='word_1_251' title='bbox 1438 980 1582 1014; x_wconf 80' lang='grc' dir='ltr'><strong>συντυχίας</strong></span> <span class='ocrx_word' id='word_1_252' title='bbox 1595 980 1659 1005; x_wconf 77' lang='grc' dir='ltr'>ποτέ</span> <span class='ocrx_word' id='word_1_253' title='bbox 1673 988 1734 1006; x_wconf 83' lang='grc' dir='ltr'>τινα</span> <span class='ocrx_word' id='word_1_254' title='bbox 1750 978 1902 1014; x_wconf 76' lang='grc' dir='ltr'>συμϐαίνει,</span> 
     </span>
    </p>
   </div>
   <div class='ocr_carea' id='block_1_38' title="bbox 264 1026 1049 1072">
    <p class='ocr_par' dir='ltr' id='par_1_38' title="bbox 264 1033 1049 1072">
     <span class='ocr_line' id='line_1_38' title="bbox 264 1033 1049 1072; baseline -0.011 -9"><span class='ocrx_word' id='word_1_255' title='bbox 264 1037 375 1072; x_wconf 62' lang='lat' dir='ltr'><strong>giasque</strong></span> <span class='ocrx_word' id='word_1_256' title='bbox 387 1034 518 1063; x_wconf 81' lang='lat' dir='ltr'><strong>conferat.</strong></span> <span class='ocrx_word' id='word_1_257' title='bbox 541 1034 572 1061; x_wconf 86' lang='lat' dir='ltr'><strong>Et</strong></span> <span class='ocrx_word' id='word_1_258' title='bbox 593 1041 657 1060; x_wconf 87' lang='lat' dir='ltr'><strong>vero</strong></span> <span class='ocrx_word' id='word_1_259' title='bbox 669 1033 779 1066; x_wconf 74' lang='lat' dir='ltr'><strong>integra:</strong></span> <span class='ocrx_word' id='word_1_260' title='bbox 795 1037 920 1065; x_wconf 90' lang='lat' dir='ltr'><strong>quoque,</strong></span> <span class='ocrx_word' id='word_1_261' title='bbox 936 1036 968 1056; x_wconf 89' lang='lat' dir='ltr'><strong>ac</strong></span> <span class='ocrx_word' id='word_1_262' title='bbox 982 1035 1049 1063; x_wconf 46' lang='lat' dir='ltr'><strong>pra»</strong></span> 
     </span>
    </p>
   </div>
   <div class='ocr_carea' id='block_1_39' title="bbox 1103 1026 1901 1072">
    <p class='ocr_par' dir='ltr' id='par_1_39' title="bbox 1105 1026 1901 1061">
     <span class='ocr_line' id='line_1_39' title="bbox 1105 1026 1901 1061; baseline -0.003 -9"><span class='ocrx_word' id='word_1_263' title='bbox 1105 1026 1146 1052; x_wconf 81' lang='grc' dir='ltr'>ὅτι</span> <span class='ocrx_word' id='word_1_264' title='bbox 1161 1034 1189 1052; x_wconf 89' lang='grc' dir='ltr'><strong>τε</strong></span> <span class='ocrx_word' id='word_1_265' title='bbox 1206 1026 1339 1061; x_wconf 70' lang='grc' dir='ltr'>ἄχρηστος</span> <span class='ocrx_word' id='word_1_266' title='bbox 1358 1026 1448 1052; x_wconf 70' lang='grc' dir='ltr'>αὐτῶν</span> <span class='ocrx_word' id='word_1_267' title='bbox 1465 1027 1512 1052; x_wconf 82' lang='grc' dir='ltr'><strong>καὶ</strong></span> <span class='ocrx_word' id='word_1_268' title='bbox 1534 1026 1683 1061; x_wconf 74' lang='grc' dir='ltr'>ἐπιῦλαϐὴς</span> <span class='ocrx_word' id='word_1_269' title='bbox 1705 1027 1721 1061; x_wconf 86' lang='grc' dir='ltr'>ἡ</span> <span class='ocrx_word' id='word_1_270' title='bbox 1737 1027 1901 1061; x_wconf 69' lang='grc' dir='ltr'>πρόρρησις.</span> 
     </span>
    </p>
   </div>
   <div class='ocr_carea' id='block_1_40' title="bbox 264 1071 1049 1116">
    <p class='ocr_par' dir='ltr' id='par_1_40' title="bbox 264 1074 1049 1116">
     <span class='ocr_line' id='line_1_40' title="bbox 264 1074 1049 1116; baseline -0.011 -7"><span class='ocrx_word' id='word_1_271' title='bbox 264 1083 336 1116; x_wconf 87' lang='lat' dir='ltr'><strong>ripui</strong></span> <span class='ocrx_word' id='word_1_272' title='bbox 352 1082 470 1109; x_wconf 87' lang='lat' dir='ltr'><strong>nominis</strong></span> <span class='ocrx_word' id='word_1_273' title='bbox 483 1079 710 1115; x_wconf 87' lang='lat' dir='ltr'><strong>philosophorum</strong></span> <span class='ocrx_word' id='word_1_274' title='bbox 730 1083 811 1105; x_wconf 72' lang='lat' dir='ltr'><strong>sectae</strong></span> <span class='ocrx_word' id='word_1_275' title='bbox 823 1077 905 1111; x_wconf 88' lang='lat' dir='ltr'><strong>ltujus</strong></span> <span class='ocrx_word' id='word_1_276' title='bbox 916 1074 1049 1109; x_wconf 82' lang='lat' dir='ltr'><strong>opinionis</strong></span> 
     </span>
    </p>
   </div>
   <div class='ocr_carea' id='block_1_41' title="bbox 1103 1071 1621 1116">
    <p class='ocr_par' dir='ltr' id='par_1_41' title="bbox 1110 1071 1621 1107">
     <span class='ocr_line' id='line_1_41' title="bbox 1110 1071 1621 1107; baseline -0.002 -8"><span class='ocrx_word' id='word_1_277' title='bbox 1110 1074 1210 1099; x_wconf 71' lang='grc' dir='ltr'>’Ἄκουε</span> <span class='ocrx_word' id='word_1_278' title='bbox 1228 1073 1249 1099; x_wconf 77' lang='grc' dir='ltr'><strong>δ’</strong></span> <span class='ocrx_word' id='word_1_279' title='bbox 1268 1071 1325 1105; x_wconf 77' lang='grc' dir='ltr'>οὖν,</span> <span class='ocrx_word' id='word_1_280' title='bbox 1339 1073 1356 1099; x_wconf 74' lang='grc' dir='ltr'>ἃ</span> <span class='ocrx_word' id='word_1_281' title='bbox 1370 1081 1436 1107; x_wconf 70' lang='grc' dir='ltr'>φησι</span> <span class='ocrx_word' id='word_1_282' title='bbox 1453 1073 1523 1099; x_wconf 77' lang='grc' dir='ltr'>κατὰ</span> <span class='ocrx_word' id='word_1_283' title='bbox 1539 1073 1621 1105; x_wconf 76' lang='grc' dir='ltr'>λέξιν.</span> 
     </span>
    </p>
   </div>
   <div class='ocr_carea' id='block_1_42' title="bbox 263 1120 1899 1160">
    <p class='ocr_par' dir='ltr' id='par_1_42' title="bbox 263 1120 1899 1160">
     <span class='ocr_line' id='line_1_42' title="bbox 263 1120 1899 1160; baseline -0.006 -5"><span class='ocrx_word' id='word_1_284' title='bbox 263 1130 346 1157; x_wconf 89' lang='lat' dir='ltr'><strong>duces</strong></span> <span class='ocrx_word' id='word_1_285' title='bbox 361 1137 392 1156; x_wconf 81' lang='lat' dir='ltr'><strong>ac</strong></span> <span class='ocrx_word' id='word_1_286' title='bbox 407 1128 530 1155; x_wconf 89' lang='lat' dir='ltr'><strong>vindices</strong></span> <span class='ocrx_word' id='word_1_287' title='bbox 553 1127 694 1158; x_wconf 79' lang='lat' dir='ltr'><strong>exstitere,</strong></span> <span class='ocrx_word' id='word_1_288' title='bbox 711 1131 775 1160; x_wconf 90' lang='lat' dir='ltr'><strong>puta</strong></span> <span class='ocrx_word' id='word_1_289' title='bbox 799 1124 844 1159; x_wconf 88' lang='lat' dir='ltr'><strong>qui</strong></span> <span class='ocrx_word' id='word_1_290' title='bbox 862 1132 895 1151; x_wconf 80' lang='lat' dir='ltr'><strong>ex</strong></span> <span class='ocrx_word' id='word_1_291' title='bbox 922 1122 1077 1150; x_wconf 79' lang='lat' dir='ltr'><strong>Aristotelis</strong></span> <span class='ocrx_word' id='word_1_292' title='bbox 1103 1121 1244 1156; x_wconf 89' lang='lat' dir='ltr'><strong>disciplina</strong></span> <span class='ocrx_word' id='word_1_293' title='bbox 1261 1121 1436 1155; x_wconf 80' lang='lat' dir='ltr'><strong>prodierant,</strong></span> <span class='ocrx_word' id='word_1_294' title='bbox 1454 1126 1480 1148; x_wconf 91' lang='lat' dir='ltr'><strong>et</strong></span> <span class='ocrx_word' id='word_1_295' title='bbox 1496 1126 1632 1155; x_wconf 84' lang='lat' dir='ltr'><strong>quotquot</strong></span> <span class='ocrx_word' id='word_1_296' title='bbox 1646 1121 1773 1156; x_wconf 83' lang='lat' dir='ltr'><strong>deinceps</strong></span> <span class='ocrx_word' id='word_1_297' title='bbox 1794 1120 1899 1154; x_wconf 83' lang='lat' dir='ltr'><strong>Peripa-</strong></span> 
     </span>
    </p>
   </div>
   <div class='ocr_carea' id='block_1_43' title="bbox 263 1167 1900 1206">
    <p class='ocr_par' dir='ltr' id='par_1_43' title="bbox 263 1167 1900 1206">
     <span class='ocr_line' id='line_1_43' title="bbox 263 1167 1900 1206; baseline -0.006 -3"><span class='ocrx_word' id='word_1_298' title='bbox 263 1176 335 1203; x_wconf 87' lang='lat' dir='ltr'><strong>tetici</strong></span> <span class='ocrx_word' id='word_1_299' title='bbox 358 1174 489 1203; x_wconf 86' lang='lat' dir='ltr'><strong>nominati</strong></span> <span class='ocrx_word' id='word_1_300' title='bbox 512 1179 594 1205; x_wconf 87' lang='lat' dir='ltr'><strong>sunt,</strong></span> <span class='ocrx_word' id='word_1_301' title='bbox 627 1180 677 1199; x_wconf 89' lang='lat' dir='ltr'><strong>nec</strong></span> <span class='ocrx_word' id='word_1_302' title='bbox 698 1179 751 1199; x_wconf 93' lang='lat' dir='ltr'><strong>non</strong></span> <span class='ocrx_word' id='word_1_303' title='bbox 772 1170 868 1206; x_wconf 75' lang='lat' dir='ltr'><strong>Cynici</strong></span> <span class='ocrx_word' id='word_1_304' title='bbox 881 1174 907 1197; x_wconf 92' lang='lat' dir='ltr'><strong>et</strong></span> <span class='ocrx_word' id='word_1_305' title='bbox 927 1169 1062 1204; x_wconf 85' lang='lat' dir='ltr'><strong>Epicurei,</strong></span> <span class='ocrx_word' id='word_1_306' title='bbox 1091 1175 1161 1202; x_wconf 89' lang='lat' dir='ltr'><strong>quos</strong></span> <span class='ocrx_word' id='word_1_307' title='bbox 1183 1167 1308 1202; x_wconf 80' lang='lat' dir='ltr'><strong>equidem</strong></span> <span class='ocrx_word' id='word_1_308' title='bbox 1326 1168 1419 1194; x_wconf 88' lang='lat' dir='ltr'><strong>mirari</strong></span> <span class='ocrx_word' id='word_1_309' title='bbox 1452 1175 1484 1194; x_wconf 85' lang='lat' dir='ltr'><strong>eo</strong></span> <span class='ocrx_word' id='word_1_310' title='bbox 1504 1168 1614 1195; x_wconf 87' lang='lat' dir='ltr'><strong>nomine</strong></span> <span class='ocrx_word' id='word_1_311' title='bbox 1636 1169 1783 1203; x_wconf 91' lang='lat' dir='ltr'><strong>plurimum</strong></span> <span class='ocrx_word' id='word_1_312' title='bbox 1814 1168 1900 1197; x_wconf 83' lang='lat' dir='ltr'><strong>soleo.</strong></span> 
     </span>
    </p>
   </div>
   <div class='ocr_carea' id='block_1_44' title="bbox 262 1214 1901 1258">
    <p class='ocr_par' dir='ltr' id='par_1_44' title="bbox 262 1214 1901 1258">
     <span class='ocr_line' id='line_1_44' title="bbox 262 1214 1901 1258; baseline -0.005 -9"><span class='ocrx_word' id='word_1_313' title='bbox 262 1222 332 1258; x_wconf 90' lang='lat' dir='ltr'><strong>quod</strong></span> <span class='ocrx_word' id='word_1_314' title='bbox 348 1229 410 1249; x_wconf 89' lang='lat' dir='ltr'><strong>cum</strong></span> <span class='ocrx_word' id='word_1_315' title='bbox 428 1221 587 1249; x_wconf 75' lang='lat' dir='ltr'><strong>Grzecorum</strong></span> <span class='ocrx_word' id='word_1_316' title='bbox 604 1220 630 1246; x_wconf 92' lang='lat' dir='ltr'><strong>in</strong></span> <span class='ocrx_word' id='word_1_317' title='bbox 648 1219 771 1246; x_wconf 89' lang='lat' dir='ltr'><strong>moribus</strong></span> <span class='ocrx_word' id='word_1_318' title='bbox 784 1219 818 1245; x_wconf 90' lang='lat' dir='ltr'><strong>ab</strong></span> <span class='ocrx_word' id='word_1_319' title='bbox 844 1218 910 1252; x_wconf 83' lang='lat' dir='ltr'><strong>ipsis</strong></span> <span class='ocrx_word' id='word_1_320' title='bbox 933 1217 1105 1244; x_wconf 81' lang='lat' dir='ltr'><strong>incunabulis</strong></span> <span class='ocrx_word' id='word_1_321' title='bbox 1140 1217 1246 1244; x_wconf 88' lang='lat' dir='ltr'><strong>educati</strong></span> <span class='ocrx_word' id='word_1_322' title='bbox 1278 1216 1412 1248; x_wconf 83' lang='lat' dir='ltr'><strong>fuissent,</strong></span> <span class='ocrx_word' id='word_1_323' title='bbox 1430 1223 1461 1243; x_wconf 90' lang='lat' dir='ltr'><strong>ac</strong></span> <span class='ocrx_word' id='word_1_324' title='bbox 1475 1216 1540 1243; x_wconf 86' lang='lat' dir='ltr'><strong>deos</strong></span> <span class='ocrx_word' id='word_1_325' title='bbox 1554 1224 1633 1247; x_wconf 86' lang='lat' dir='ltr'><strong>esse,</strong></span> <span class='ocrx_word' id='word_1_326' title='bbox 1656 1223 1725 1250; x_wconf 91' lang='lat' dir='ltr'><strong>quos</strong></span> <span class='ocrx_word' id='word_1_327' title='bbox 1751 1221 1814 1242; x_wconf 86' lang='lat' dir='ltr'><strong>ante</strong></span> <span class='ocrx_word' id='word_1_328' title='bbox 1832 1214 1901 1241; x_wconf 79' lang='lat' dir='ltr'><strong>dixi-</strong></span> 
     </span>
    </p>
   </div>
   <div class='ocr_carea' id='block_1_45' title="bbox 263 1261 1901 1302">
    <p class='ocr_par' dir='ltr' id='par_1_45' title="bbox 263 1261 1901 1302">
     <span class='ocr_line' id='line_1_45' title="bbox 263 1261 1901 1302; baseline -0.003 -8"><span class='ocrx_word' id='word_1_329' title='bbox 263 1276 334 1299; x_wconf 86' lang='lat' dir='ltr'><strong>mus,</strong></span> <span class='ocrx_word' id='word_1_330' title='bbox 353 1267 429 1302; x_wconf 87' lang='lat' dir='ltr'><strong>pueri</strong></span> <span class='ocrx_word' id='word_1_331' title='bbox 453 1275 467 1294; x_wconf 90' lang='lat' dir='ltr'><strong>a</strong></span> <span class='ocrx_word' id='word_1_332' title='bbox 490 1267 548 1294; x_wconf 85' lang='lat' dir='ltr'><strong>suis</strong></span> <span class='ocrx_word' id='word_1_333' title='bbox 564 1266 666 1301; x_wconf 89' lang='lat' dir='ltr'><strong>quique</strong></span> <span class='ocrx_word' id='word_1_334' title='bbox 699 1263 857 1300; x_wconf 88' lang='lat' dir='ltr'><strong>parentibus</strong></span> <span class='ocrx_word' id='word_1_335' title='bbox 881 1263 1058 1297; x_wconf 87' lang='lat' dir='ltr'><strong>accepissent,</strong></span> <span class='ocrx_word' id='word_1_336' title='bbox 1088 1270 1227 1296; x_wconf 86' lang='lat' dir='ltr'><strong>nunquam</strong></span> <span class='ocrx_word' id='word_1_337' title='bbox 1252 1266 1340 1288; x_wconf 84' lang='lat' dir='ltr'><strong>tamen</strong></span> <span class='ocrx_word' id='word_1_338' title='bbox 1361 1261 1502 1288; x_wconf 82' lang='lat' dir='ltr'><strong>erroribus</strong></span> <span class='ocrx_word' id='word_1_339' title='bbox 1523 1261 1581 1287; x_wconf 81' lang='lat' dir='ltr'><strong>istis</strong></span> <span class='ocrx_word' id='word_1_340' title='bbox 1610 1261 1710 1287; x_wconf 88' lang='lat' dir='ltr'><strong>irretiri</strong></span> <span class='ocrx_word' id='word_1_341' title='bbox 1731 1261 1787 1287; x_wconf 90' lang='lat' dir='ltr'><strong>ullo</strong></span> <span class='ocrx_word' id='word_1_342' title='bbox 1819 1261 1901 1289; x_wconf 90' lang='lat' dir='ltr'><strong>modo</strong></span> 
     </span>
    </p>
   </div>
   <div class='ocr_carea' id='block_1_46' title="bbox 262 1307 1900 1348">
    <p class='ocr_par' dir='ltr' id='par_1_46' title="bbox 262 1307 1900 1348">
     <span class='ocr_line' id='line_1_46' title="bbox 262 1307 1900 1348; baseline -0.004 -7"><span class='ocrx_word' id='word_1_343' title='bbox 262 1314 411 1348; x_wconf 86' lang='lat' dir='ltr'><strong>potuerint,</strong></span> <span class='ocrx_word' id='word_1_344' title='bbox 430 1314 476 1341; x_wconf 89' lang='lat' dir='ltr'><strong>sed</strong></span> <span class='ocrx_word' id='word_1_345' title='bbox 492 1312 592 1348; x_wconf 86' lang='lat' dir='ltr'><strong>potius,</strong></span> <span class='ocrx_word' id='word_1_346' title='bbox 609 1319 670 1347; x_wconf 74' lang='lat' dir='ltr'><strong>qua:</strong></span> <span class='ocrx_word' id='word_1_347' title='bbox 680 1309 976 1346; x_wconf 88' lang='lat' dir='ltr'><strong>passitnjactabantur,</strong></span> <span class='ocrx_word' id='word_1_348' title='bbox 999 1309 1120 1341; x_wconf 85' lang='lat' dir='ltr'><strong>oracula,</strong></span> <span class='ocrx_word' id='word_1_349' title='bbox 1153 1317 1268 1343; x_wconf 82' lang='lat' dir='ltr'><strong>quzeque</strong></span> <span class='ocrx_word' id='word_1_350' title='bbox 1294 1308 1417 1334; x_wconf 90' lang='lat' dir='ltr'><strong>omnium</strong></span> <span class='ocrx_word' id='word_1_351' title='bbox 1439 1315 1575 1335; x_wconf 90' lang='lat' dir='ltr'><strong>concursu</strong></span> <span class='ocrx_word' id='word_1_352' title='bbox 1608 1307 1769 1342; x_wconf 83' lang='lat' dir='ltr'><strong>populorum</strong></span> <span class='ocrx_word' id='word_1_353' title='bbox 1802 1308 1900 1335; x_wconf 84' lang='lat' dir='ltr'><strong>vatici-</strong></span> 
     </span>
    </p>
   </div>
   <div class='ocr_carea' id='block_1_47' title="bbox 263 1354 1900 1394">
    <p class='ocr_par' dir='ltr' id='par_1_47' title="bbox 263 1354 1900 1394">
     <span class='ocr_line' id='line_1_47' title="bbox 263 1354 1900 1394; baseline -0.005 -5"><span class='ocrx_word' id='word_1_354' title='bbox 263 1363 307 1389; x_wconf 85' lang='lat' dir='ltr'><strong>nia</strong></span> <span class='ocrx_word' id='word_1_355' title='bbox 325 1361 542 1394; x_wconf 83' lang='lat' dir='ltr'><strong>celebrabantur,</strong></span> <span class='ocrx_word' id='word_1_356' title='bbox 568 1367 598 1386; x_wconf 90' lang='lat' dir='ltr'><strong>ea</strong></span> <span class='ocrx_word' id='word_1_357' title='bbox 625 1367 679 1386; x_wconf 89' lang='lat' dir='ltr'><strong>non</strong></span> <span class='ocrx_word' id='word_1_358' title='bbox 695 1358 776 1386; x_wconf 89' lang='lat' dir='ltr'><strong>modo</strong></span> <span class='ocrx_word' id='word_1_359' title='bbox 788 1356 917 1385; x_wconf 85' lang='lat' dir='ltr'><strong>vanitatis</strong></span> <span class='ocrx_word' id='word_1_360' title='bbox 930 1363 962 1383; x_wconf 84' lang='lat' dir='ltr'><strong>ac</strong></span> <span class='ocrx_word' id='word_1_361' title='bbox 976 1355 1109 1382; x_wconf 78' lang='lat' dir='ltr'><strong>mendacii</strong></span> <span class='ocrx_word' id='word_1_362' title='bbox 1124 1355 1306 1390; x_wconf 78' lang='lat' dir='ltr'><strong>coarguerint,</strong></span> <span class='ocrx_word' id='word_1_363' title='bbox 1329 1355 1375 1381; x_wconf 86' lang='lat' dir='ltr'><strong>sed</strong></span> <span class='ocrx_word' id='word_1_364' title='bbox 1392 1354 1474 1381; x_wconf 91' lang='lat' dir='ltr'><strong>etiam</strong></span> <span class='ocrx_word' id='word_1_365' title='bbox 1502 1354 1578 1381; x_wconf 82' lang='lat' dir='ltr'><strong>exitii</strong></span> <span class='ocrx_word' id='word_1_366' title='bbox 1606 1355 1696 1389; x_wconf 86' lang='lat' dir='ltr'><strong>potius</strong></span> <span class='ocrx_word' id='word_1_367' title='bbox 1733 1362 1814 1389; x_wconf 89' lang='lat' dir='ltr'><strong>quam</strong></span> <span class='ocrx_word' id='word_1_368' title='bbox 1843 1356 1900 1381; x_wconf 91' lang='lat' dir='ltr'><strong>uti-</strong></span> 
     </span>
    </p>
   </div>
   <div class='ocr_carea' id='block_1_48' title="bbox 262 1401 1899 1436">
    <p class='ocr_par' dir='ltr' id='par_1_48' title="bbox 262 1401 1899 1436">
     <span class='ocr_line' id='line_1_48' title="bbox 262 1401 1899 1436; baseline -0.003 -3"><span class='ocrx_word' id='word_1_369' title='bbox 262 1408 345 1435; x_wconf 87' lang='lat' dir='ltr'><strong>litatis</strong></span> <span class='ocrx_word' id='word_1_370' title='bbox 359 1407 442 1434; x_wconf 90' lang='lat' dir='ltr'><strong>ullius</strong></span> <span class='ocrx_word' id='word_1_371' title='bbox 470 1414 568 1434; x_wconf 87' lang='lat' dir='ltr'><strong>causas</strong></span> <span class='ocrx_word' id='word_1_372' title='bbox 591 1413 652 1433; x_wconf 88' lang='lat' dir='ltr'><strong>esse</strong></span> <span class='ocrx_word' id='word_1_373' title='bbox 666 1404 890 1432; x_wconf 86' lang='lat' dir='ltr'><strong>demonstrarint.</strong></span> <span class='ocrx_word' id='word_1_374' title='bbox 911 1404 1045 1431; x_wconf 68' lang='lat' dir='ltr'><strong>Caeterum</strong></span> <span class='ocrx_word' id='word_1_375' title='bbox 1062 1410 1124 1429; x_wconf 92' lang='lat' dir='ltr'><strong>cum</strong></span> <span class='ocrx_word' id='word_1_376' title='bbox 1151 1402 1271 1429; x_wconf 88' lang='lat' dir='ltr'><strong>sexcenti</strong></span> <span class='ocrx_word' id='word_1_377' title='bbox 1293 1401 1485 1429; x_wconf 88' lang='lat' dir='ltr'><strong>vaticiniorum</strong></span> <span class='ocrx_word' id='word_1_378' title='bbox 1511 1401 1626 1428; x_wconf 91' lang='lat' dir='ltr'><strong>istorum</strong></span> <span class='ocrx_word' id='word_1_379' title='bbox 1663 1402 1809 1428; x_wconf 82' lang='lat' dir='ltr'><strong>vanitatem</strong></span> <span class='ocrx_word' id='word_1_380' title='bbox 1840 1402 1899 1436; x_wconf 86' lang='lat' dir='ltr'><strong>plu-</strong></span> 
     </span>
    </p>
   </div>
   <div class='ocr_carea' id='block_1_49' title="bbox 261 1447 1899 1485">
    <p class='ocr_par' dir='ltr' id='par_1_49' title="bbox 261 1447 1899 1485">
     <span class='ocr_line' id='line_1_49' title="bbox 261 1447 1899 1485; baseline -0.004 -4"><span class='ocrx_word' id='word_1_381' title='bbox 261 1454 337 1481; x_wconf 87' lang='lat' dir='ltr'><strong>ribus</strong></span> <span class='ocrx_word' id='word_1_382' title='bbox 359 1453 536 1485; x_wconf 81' lang='lat' dir='ltr'><strong>confutariut,</strong></span> <span class='ocrx_word' id='word_1_383' title='bbox 561 1451 626 1478; x_wconf 90' lang='lat' dir='ltr'><strong>mihi</strong></span> <span class='ocrx_word' id='word_1_384' title='bbox 642 1456 732 1479; x_wconf 88' lang='lat' dir='ltr'><strong>tamen</strong></span> <span class='ocrx_word' id='word_1_385' title='bbox 759 1451 792 1477; x_wconf 85' lang='lat' dir='ltr'><strong>ad</strong></span> <span class='ocrx_word' id='word_1_386' title='bbox 816 1450 926 1485; x_wconf 87' lang='lat' dir='ltr'><strong>aliquod</strong></span> <span class='ocrx_word' id='word_1_387' title='bbox 942 1457 1112 1484; x_wconf 71' lang='lat' dir='ltr'><strong>eorum,qurc</strong></span> <span class='ocrx_word' id='word_1_388' title='bbox 1140 1449 1214 1480; x_wconf 69' lang='lat' dir='ltr'><strong>dixi,</strong></span> <span class='ocrx_word' id='word_1_389' title='bbox 1252 1448 1437 1475; x_wconf 88' lang='lat' dir='ltr'><strong>testimonium</strong></span> <span class='ocrx_word' id='word_1_390' title='bbox 1472 1448 1540 1475; x_wconf 88' lang='lat' dir='ltr'><strong>satis</strong></span> <span class='ocrx_word' id='word_1_391' title='bbox 1561 1447 1619 1475; x_wconf 78' lang='lat' dir='ltr'><strong>fore</strong></span> <span class='ocrx_word' id='word_1_392' title='bbox 1652 1448 1899 1482; x_wconf 66' lang='lat' dir='ltr'><strong>imprmsentiarum</strong></span> 
     </span>
    </p>
   </div>
   <div class='ocr_carea' id='block_1_50' title="bbox 261 1493 1898 1535">
    <p class='ocr_par' dir='ltr' id='par_1_50' title="bbox 261 1493 1898 1535">
     <span class='ocr_line' id='line_1_50' title="bbox 261 1493 1898 1535; baseline -0.002 -10"><span class='ocrx_word' id='word_1_393' title='bbox 261 1498 372 1535; x_wconf 86' lang='lat' dir='ltr'><strong>putavi,</strong></span> <span class='ocrx_word' id='word_1_394' title='bbox 390 1499 412 1526; x_wconf 89' lang='lat' dir='ltr'><strong>si</strong></span> <span class='ocrx_word' id='word_1_395' title='bbox 435 1498 518 1525; x_wconf 91' lang='lat' dir='ltr'><strong>unius</strong></span> <span class='ocrx_word' id='word_1_396' title='bbox 536 1503 641 1525; x_wconf 87' lang='lat' dir='ltr'><strong>tantum</strong></span> <span class='ocrx_word' id='word_1_397' title='bbox 658 1506 690 1524; x_wconf 82' lang='lat' dir='ltr'><strong>ex</strong></span> <span class='ocrx_word' id='word_1_398' title='bbox 706 1497 739 1524; x_wconf 87' lang='lat' dir='ltr'><strong>iis</strong></span> <span class='ocrx_word' id='word_1_399' title='bbox 753 1497 966 1531; x_wconf 89' lang='lat' dir='ltr'><strong>disputationem</strong></span> <span class='ocrx_word' id='word_1_400' title='bbox 979 1516 985 1528; x_wconf 88' lang='lat'><strong>,</strong></span> <span class='ocrx_word' id='word_1_401' title='bbox 1002 1495 1134 1523; x_wconf 87' lang='lat' dir='ltr'><strong>adversus</strong></span> <span class='ocrx_word' id='word_1_402' title='bbox 1143 1503 1187 1526; x_wconf 85' lang='lat' dir='ltr'><strong>ca,</strong></span> <span class='ocrx_word' id='word_1_403' title='bbox 1218 1502 1279 1529; x_wconf 61' lang='lat' dir='ltr'><strong>quae</strong></span> <span class='ocrx_word' id='word_1_404' title='bbox 1301 1502 1351 1529; x_wconf 89' lang='lat' dir='ltr'><strong>pro</strong></span> <span class='ocrx_word' id='word_1_405' title='bbox 1382 1493 1437 1521; x_wconf 78' lang='lat' dir='ltr'><strong>fato</strong></span> <span class='ocrx_word' id='word_1_406' title='bbox 1465 1494 1634 1529; x_wconf 79' lang='lat' dir='ltr'><strong>Chrysippus</strong></span> <span class='ocrx_word' id='word_1_407' title='bbox 1666 1502 1698 1521; x_wconf 85' lang='lat' dir='ltr'><strong>ex</strong></span> <span class='ocrx_word' id='word_1_408' title='bbox 1726 1495 1898 1522; x_wconf 84' lang='lat' dir='ltr'><strong>oraculorum</strong></span> 
     </span>
    </p>
   </div>
   <div class='ocr_carea' id='block_1_51' title="bbox 261 1539 1897 1582">
    <p class='ocr_par' dir='ltr' id='par_1_51' title="bbox 261 1539 1897 1582">
     <span class='ocr_line' id='line_1_51' title="bbox 261 1539 1897 1582; baseline -0.005 -8"><span class='ocrx_word' id='word_1_409' title='bbox 261 1546 434 1582; x_wconf 66' lang='lat' dir='ltr'><strong>praedictione</strong></span> <span class='ocrx_word' id='word_1_410' title='bbox 457 1544 624 1577; x_wconf 80' lang='lat' dir='ltr'><strong>confecerat,</strong></span> <span class='ocrx_word' id='word_1_411' title='bbox 640 1548 799 1579; x_wconf 81' lang='lat' dir='ltr'><strong>argumenta</strong></span> <span class='ocrx_word' id='word_1_412' title='bbox 823 1547 990 1577; x_wconf 86' lang='lat' dir='ltr'><strong>susceptam,</strong></span> <span class='ocrx_word' id='word_1_413' title='bbox 1011 1542 1064 1569; x_wconf 82' lang='lat' dir='ltr'><strong>hoc</strong></span> <span class='ocrx_word' id='word_1_414' title='bbox 1088 1542 1149 1568; x_wconf 89' lang='lat' dir='ltr'><strong>loco</strong></span> <span class='ocrx_word' id='word_1_415' title='bbox 1163 1541 1337 1575; x_wconf 88' lang='lat' dir='ltr'><strong>subjicerem.</strong></span> <span class='ocrx_word' id='word_1_416' title='bbox 1371 1539 1416 1567; x_wconf 91' lang='lat' dir='ltr'><strong>Sic</strong></span> <span class='ocrx_word' id='word_1_417' title='bbox 1440 1540 1512 1566; x_wconf 88' lang='lat' dir='ltr'><strong>enim</strong></span> <span class='ocrx_word' id='word_1_418' title='bbox 1544 1541 1675 1567; x_wconf 72' lang='lat' dir='ltr'><strong>adversus</strong></span> <span class='ocrx_word' id='word_1_419' title='bbox 1695 1540 1771 1567; x_wconf 91' lang='lat' dir='ltr'><strong>illum</strong></span> <span class='ocrx_word' id='word_1_420' title='bbox 1806 1545 1897 1568; x_wconf 83' lang='lat' dir='ltr'><strong>auctor</strong></span> 
     </span>
    </p>
   </div>
   <div class='ocr_carea' id='block_1_52' title="bbox 262 1587 1897 1625">
    <p class='ocr_par' dir='ltr' id='par_1_52' title="bbox 262 1587 1897 1625">
     <span class='ocr_line' id='line_1_52' title="bbox 262 1587 1897 1625; baseline -0.002 -7"><span class='ocrx_word' id='word_1_421' title='bbox 262 1593 312 1619; x_wconf 66' lang='lat' dir='ltr'><strong>iste</strong></span> <span class='ocrx_word' id='word_1_422' title='bbox 331 1591 445 1624; x_wconf 85' lang='lat' dir='ltr'><strong>scribit,</strong></span> <span class='ocrx_word' id='word_1_423' title='bbox 470 1596 500 1618; x_wconf 82' lang='lat' dir='ltr'><strong>ut</strong></span> <span class='ocrx_word' id='word_1_424' title='bbox 522 1598 585 1618; x_wconf 90' lang='lat' dir='ltr'><strong>eum</strong></span> <span class='ocrx_word' id='word_1_425' title='bbox 612 1598 644 1618; x_wconf 86' lang='lat' dir='ltr'><strong>ex</strong></span> <span class='ocrx_word' id='word_1_426' title='bbox 668 1590 787 1617; x_wconf 89' lang='lat' dir='ltr'><strong>oraculis</strong></span> <span class='ocrx_word' id='word_1_427' title='bbox 807 1597 948 1625; x_wconf 86' lang='lat' dir='ltr'><strong>perperam</strong></span> <span class='ocrx_word' id='word_1_428' title='bbox 964 1588 1051 1616; x_wconf 82' lang='lat' dir='ltr'><strong>fatum</strong></span> <span class='ocrx_word' id='word_1_429' title='bbox 1082 1588 1227 1616; x_wconf 88' lang='lat' dir='ltr'><strong>observare</strong></span> <span class='ocrx_word' id='word_1_430' title='bbox 1239 1595 1271 1614; x_wconf 90' lang='lat' dir='ltr'><strong>ac</strong></span> <span class='ocrx_word' id='word_1_431' title='bbox 1283 1587 1398 1621; x_wconf 89' lang='lat' dir='ltr'><strong>probare</strong></span> <span class='ocrx_word' id='word_1_432' title='bbox 1418 1593 1562 1622; x_wconf 78' lang='lat' dir='ltr'><strong>coarguat.</strong></span> <span class='ocrx_word' id='word_1_433' title='bbox 1598 1587 1720 1622; x_wconf 83' lang='lat' dir='ltr'><strong>adeoque</strong></span> <span class='ocrx_word' id='word_1_434' title='bbox 1741 1587 1897 1615; x_wconf 70' lang='lat' dir='ltr'><strong>Graecorum</strong></span> 
     </span>
    </p>
   </div>
   <div class='ocr_carea' id='block_1_53' title="bbox 259 1635 1902 1673">
    <p class='ocr_par' dir='ltr' id='par_1_53' title="bbox 259 1635 1902 1673">
     <span class='ocr_line' id='line_1_53' title="bbox 259 1635 1902 1673; baseline -0.005 -5"><span class='ocrx_word' id='word_1_435' title='bbox 259 1640 372 1668; x_wconf 82' lang='lat' dir='ltr'><strong>oracula</strong></span> <span class='ocrx_word' id='word_1_436' title='bbox 390 1639 417 1666; x_wconf 91' lang='lat' dir='ltr'><strong>in</strong></span> <span class='ocrx_word' id='word_1_437' title='bbox 435 1639 571 1673; x_wconf 88' lang='lat' dir='ltr'><strong>plerisque</strong></span> <span class='ocrx_word' id='word_1_438' title='bbox 585 1637 713 1664; x_wconf 83' lang='lat' dir='ltr'><strong>omnibus</strong></span> <span class='ocrx_word' id='word_1_439' title='bbox 725 1637 791 1664; x_wconf 83' lang='lat' dir='ltr'><strong>falsa</strong></span> <span class='ocrx_word' id='word_1_440' title='bbox 809 1637 992 1671; x_wconf 79' lang='lat' dir='ltr'><strong>respondisse,</strong></span> <span class='ocrx_word' id='word_1_441' title='bbox 1009 1644 1126 1670; x_wconf 86' lang='lat' dir='ltr'><strong>raroque</strong></span> <span class='ocrx_word' id='word_1_442' title='bbox 1144 1635 1303 1669; x_wconf 88' lang='lat' dir='ltr'><strong>admodum,</strong></span> <span class='ocrx_word' id='word_1_443' title='bbox 1323 1635 1404 1669; x_wconf 88' lang='lat' dir='ltr'><strong>idque</strong></span> <span class='ocrx_word' id='word_1_444' title='bbox 1427 1643 1481 1661; x_wconf 86' lang='lat' dir='ltr'><strong>non</strong></span> <span class='ocrx_word' id='word_1_445' title='bbox 1510 1635 1562 1661; x_wconf 88' lang='lat' dir='ltr'><strong>nisi</strong></span> <span class='ocrx_word' id='word_1_446' title='bbox 1596 1643 1660 1661; x_wconf 85' lang='lat' dir='ltr'><strong>casu</strong></span> <span class='ocrx_word' id='word_1_447' title='bbox 1674 1655 1681 1667; x_wconf 86' lang='lat'><strong>,</strong></span> <span class='ocrx_word' id='word_1_448' title='bbox 1711 1640 1837 1663; x_wconf 82' lang='lat' dir='ltr'><strong>eventum</strong></span> <span class='ocrx_word' id='word_1_449' title='bbox 1867 1636 1902 1662; x_wconf 87' lang='lat' dir='ltr'><strong>iis</strong></span> 
     </span>
    </p>
   </div>
   <div class='ocr_carea' id='block_1_54' title="bbox 260 1681 1898 1721">
    <p class='ocr_par' dir='ltr' id='par_1_54' title="bbox 260 1681 1898 1721">
     <span class='ocr_line' id='line_1_54' title="bbox 260 1681 1898 1721; baseline -0.003 -8"><span class='ocrx_word' id='word_1_450' title='bbox 260 1686 443 1721; x_wconf 72' lang='lat' dir='ltr'><strong>respondisse,</strong></span> <span class='ocrx_word' id='word_1_451' title='bbox 457 1690 661 1719; x_wconf 89' lang='lat' dir='ltr'><strong>postremonon</strong></span> <span class='ocrx_word' id='word_1_452' title='bbox 674 1685 761 1712; x_wconf 87' lang='lat' dir='ltr'><strong>solum</strong></span> <span class='ocrx_word' id='word_1_453' title='bbox 775 1684 896 1717; x_wconf 87' lang='lat' dir='ltr'><strong>inutiles,</strong></span> <span class='ocrx_word' id='word_1_454' title='bbox 916 1683 963 1710; x_wconf 82' lang='lat' dir='ltr'><strong>sed</strong></span> <span class='ocrx_word' id='word_1_455' title='bbox 996 1683 1077 1710; x_wconf 88' lang='lat' dir='ltr'><strong>etiam</strong></span> <span class='ocrx_word' id='word_1_456' title='bbox 1112 1683 1282 1718; x_wconf 87' lang='lat' dir='ltr'><strong>perniciosas</strong></span> <span class='ocrx_word' id='word_1_457' title='bbox 1305 1690 1400 1709; x_wconf 90' lang='lat' dir='ltr'><strong>eorum</strong></span> <span class='ocrx_word' id='word_1_458' title='bbox 1435 1681 1624 1717; x_wconf 74' lang='lat' dir='ltr'><strong>przedictioncs</strong></span> <span class='ocrx_word' id='word_1_459' title='bbox 1648 1689 1708 1708; x_wconf 87' lang='lat' dir='ltr'><strong>esse</strong></span> <span class='ocrx_word' id='word_1_460' title='bbox 1742 1682 1898 1712; x_wconf 86' lang='lat' dir='ltr'><strong>contendat.</strong></span> 
     </span>
    </p>
   </div>
   <div class='ocr_carea' id='block_1_55' title="bbox 259 1729 1144 1766">
    <p class='ocr_par' dir='ltr' id='par_1_55' title="bbox 259 1729 1144 1766">
     <span class='ocr_line' id='line_1_55' title="bbox 259 1729 1144 1766; baseline -0.007 -5"><span class='ocrx_word' id='word_1_461' title='bbox 259 1733 329 1761; x_wconf 85' lang='lat' dir='ltr'><strong>Audi</strong></span> <span class='ocrx_word' id='word_1_462' title='bbox 354 1738 439 1766; x_wconf 77' lang='lat' dir='ltr'><strong>ergo,</strong></span> <span class='ocrx_word' id='word_1_463' title='bbox 464 1731 694 1765; x_wconf 86' lang='lat' dir='ltr'><strong>quemadmodum</strong></span> <span class='ocrx_word' id='word_1_464' title='bbox 721 1731 779 1765; x_wconf 89' lang='lat' dir='ltr'><strong>ipse</strong></span> <span class='ocrx_word' id='word_1_465' title='bbox 803 1729 838 1757; x_wconf 87' lang='lat' dir='ltr'><strong>ad</strong></span> <span class='ocrx_word' id='word_1_466' title='bbox 865 1730 976 1757; x_wconf 71' lang='lat' dir='ltr'><strong>verbum</strong></span> <span class='ocrx_word' id='word_1_467' title='bbox 1006 1730 1144 1764; x_wconf 89' lang='lat' dir='ltr'><strong>loquatur.</strong></span> 
     </span>
    </p>
   </div>
   <div class='ocr_carea' id='block_1_56' title="bbox 561 1800 747 1828">
    <p class='ocr_par' dir='ltr' id='par_1_56' title="bbox 561 1800 747 1828">
     <span class='ocr_line' id='line_1_56' title="bbox 561 1800 747 1828; baseline -0.011 0"><span class='ocrx_word' id='word_1_468' title='bbox 561 1800 674 1828; x_wconf 81' lang='lat' dir='ltr'><strong>CAPUT</strong></span> <span class='ocrx_word' id='word_1_469' title='bbox 702 1800 747 1827; x_wconf 85' lang='grc' dir='ltr'><strong>ΙΙΙ.</strong></span> 
     </span>
    </p>
   </div>
   <div class='ocr_carea' id='block_1_57' title="bbox 1369 1798 1630 1824">
    <p class='ocr_par' dir='ltr' id='par_1_57' title="bbox 1369 1798 1630 1824">
     <span class='ocr_line' id='line_1_57' title="bbox 1369 1798 1630 1824; baseline -0.004 0"><span class='ocrx_word' id='word_1_470' title='bbox 1369 1798 1568 1824; x_wconf 78' lang='grc' dir='ltr'><strong>ΚΕΦᾸΛΑῘΟΝ</strong></span> <span class='ocrx_word' id='word_1_471' title='bbox 1593 1798 1630 1823; x_wconf 81' lang='grc' dir='ltr'><strong>Γ’.</strong></span> 
     </span>
    </p>
   </div>
   <div class='ocr_carea' id='block_1_58' title="bbox 260 1841 1049 1885">
    <p class='ocr_par' dir='ltr' id='par_1_58' title="bbox 260 1846 1047 1885">
     <span class='ocr_line' id='line_1_58' title="bbox 260 1846 1047 1885; baseline -0.006 -8"><span class='ocrx_word' id='word_1_472' title='bbox 260 1850 302 1877; x_wconf 62' lang='lat' dir='ltr'><strong>lix</strong></span> <span class='ocrx_word' id='word_1_473' title='bbox 321 1850 476 1885; x_wconf 78' lang='lat' dir='ltr'><strong>Diogeniani</strong></span> <span class='ocrx_word' id='word_1_474' title='bbox 492 1849 612 1885; x_wconf 65' lang='lat' dir='ltr'><strong>scriptis,</strong></span> <span class='ocrx_word' id='word_1_475' title='bbox 623 1848 759 1885; x_wconf 66' lang='lat' dir='ltr'><strong>divinandi</strong></span> <span class='ocrx_word' id='word_1_476' title='bbox 776 1851 859 1885; x_wconf 63' lang='lat' dir='ltr'><strong>artem</strong></span> <span class='ocrx_word' id='word_1_477' title='bbox 880 1847 986 1874; x_wconf 83' lang='lat' dir='ltr'><strong>minime</strong></span> <span class='ocrx_word' id='word_1_478' title='bbox 997 1846 1047 1873; x_wconf 80' lang='lat' dir='ltr'><strong>sibi</strong></span> 
     </span>
    </p>
   </div>
   <div class='ocr_carea' id='block_1_59' title="bbox 1103 1841 1895 1885">
    <p class='ocr_par' dir='ltr' id='par_1_59' title="bbox 1106 1843 1895 1885">
     <span class='ocr_line' id='line_1_59' title="bbox 1106 1843 1895 1885; baseline 0 -13"><span class='ocrx_word' id='word_1_479' title='bbox 1106 1846 1155 1885; x_wconf 60' lang='grc' dir='ltr'><strong>Ἐἲς</strong></span> <span class='ocrx_word' id='word_1_480' title='bbox 1171 1845 1230 1872; x_wconf 85' lang='grc' dir='ltr'>τῶν</span> <span class='ocrx_word' id='word_1_481' title='bbox 1246 1844 1435 1885; x_wconf 64' lang='grc' dir='ltr'>Διογενιανοῦ</span> <span class='ocrx_word' id='word_1_482' title='bbox 1453 1843 1587 1885; x_wconf 39' lang='grc' dir='ltr'><strong>(ἒϐ.),.ὁ⁷τι</strong></span> <span class='ocrx_word' id='word_1_483' title='bbox 1604 1844 1776 1885; x_wconf 60' lang='grc' dir='ltr'>ἀιζύσῖαως</span> <span class='ocrx_word' id='word_1_484' title='bbox 1795 1845 1895 1885; x_wconf 54' lang='lat' dir='ltr'><strong>af;th</strong></span> 
     </span>
    </p>
   </div>
   <div class='ocr_carea' id='block_1_60' title="bbox 295 1883 1048 1919">
    <p class='ocr_par' dir='ltr' id='par_1_60' title="bbox 295 1883 1048 1919">
     <span class='ocr_line' id='line_1_60' title="bbox 295 1883 1048 1919; baseline -0.005 -7"><span class='ocrx_word' id='word_1_485' title='bbox 295 1883 415 1912; x_wconf 66' lang='lat' dir='ltr'><strong>constare</strong></span> <span class='ocrx_word' id='word_1_486' title='bbox 425 1906 431 1916; x_wconf 83' lang='lat'><strong>,</strong></span> <span class='ocrx_word' id='word_1_487' title='bbox 450 1887 476 1912; x_wconf 78' lang='lat' dir='ltr'><strong>in</strong></span> <span class='ocrx_word' id='word_1_488' title='bbox 492 1884 622 1919; x_wconf 78' lang='lat' dir='ltr'><strong>plerisque</strong></span> <span class='ocrx_word' id='word_1_489' title='bbox 638 1883 741 1910; x_wconf 76' lang='lat' dir='ltr'><strong>mentiri</strong></span> <span class='ocrx_word' id='word_1_490' title='bbox 750 1891 759 1915; x_wconf 89' lang='lat'><strong><em>;</em></strong></span> <span class='ocrx_word' id='word_1_491' title='bbox 774 1883 944 1917; x_wconf 78' lang='lat' dir='ltr'><strong>inutilemque</strong></span> <span class='ocrx_word' id='word_1_492' title='bbox 958 1887 1048 1909; x_wconf 79' lang='lat' dir='ltr'><strong>vatum</strong></span> 
     </span>
    </p>
   </div>
   <div class='ocr_carea' id='block_1_61' title="bbox 295 1919 808 1955">
    <p class='ocr_par' dir='ltr' id='par_1_61' title="bbox 295 1919 808 1955">
     <span class='ocr_line' id='line_1_61' title="bbox 295 1919 808 1955; baseline -0.006 -8"><span class='ocrx_word' id='word_1_493' title='bbox 295 1929 326 1947; x_wconf 87' lang='lat' dir='ltr'><strong>ac</strong></span> <span class='ocrx_word' id='word_1_494' title='bbox 340 1921 515 1955; x_wconf 74' lang='lat' dir='ltr'><strong>perniciosam</strong></span> <span class='ocrx_word' id='word_1_495' title='bbox 530 1927 585 1946; x_wconf 73' lang='lat' dir='ltr'><strong>esse</strong></span> <span class='ocrx_word' id='word_1_496' title='bbox 601 1919 808 1953; x_wconf 65' lang='lat' dir='ltr'><strong>prwdictionem.</strong></span> 
     </span>
    </p>
   </div>
   <div class='ocr_carea' id='block_1_62' title="bbox 296 1995 1045 2032">
    <p class='ocr_par' dir='ltr' id='par_1_62' title="bbox 296 1995 1045 2032">
     <span class='ocr_line' id='line_1_62' title="bbox 296 1995 1045 2032; baseline -0.004 -7"><span class='ocrx_word' id='word_1_497' title='bbox 296 2008 306 2024; x_wconf 84' lang='grc'><strong>‹</strong></span> <span class='ocrx_word' id='word_1_498' title='bbox 323 1998 420 2030; x_wconf 79' lang='lat' dir='ltr'><strong>Aliud,</strong></span> <span class='ocrx_word' id='word_1_499' title='bbox 444 1998 549 2032; x_wconf 83' lang='lat' dir='ltr'><strong>inquit,</strong></span> <span class='ocrx_word' id='word_1_500' title='bbox 572 2001 702 2032; x_wconf 56' lang='lat' dir='ltr'><strong>praeterea</strong></span> <span class='ocrx_word' id='word_1_501' title='bbox 722 1996 806 2024; x_wconf 89' lang='lat' dir='ltr'><strong>citato</strong></span> <span class='ocrx_word' id='word_1_502' title='bbox 827 1996 897 2023; x_wconf 89' lang='lat' dir='ltr'><strong>libro</strong></span> <span class='ocrx_word' id='word_1_503' title='bbox 911 1995 1045 2031; x_wconf 84' lang='lat' dir='ltr'><strong>ejusmodi</strong></span> 
     </span>
    </p>
   </div>
   <div class='ocr_carea' id='block_1_63' title="bbox 258 2041 1046 2080">
    <p class='ocr_par' dir='ltr' id='par_1_63' title="bbox 258 2041 1046 2080">
     <span class='ocr_line' id='line_1_63' title="bbox 258 2041 1046 2080; baseline -0.004 -9"><span class='ocrx_word' id='word_1_504' title='bbox 258 2049 447 2080; x_wconf 72' lang='lat' dir='ltr'><strong>argumentum</strong></span> <span class='ocrx_word' id='word_1_505' title='bbox 470 2043 639 2079; x_wconf 71' lang='lat' dir='ltr'><strong>Qltrysippus</strong></span> <span class='ocrx_word' id='word_1_506' title='bbox 661 2042 748 2070; x_wconf 76' lang='lat' dir='ltr'><strong>aﬁert.</strong></span> <span class='ocrx_word' id='word_1_507' title='bbox 777 2041 862 2078; x_wconf 78' lang='lat' dir='ltr'><strong>Negat</strong></span> <span class='ocrx_word' id='word_1_508' title='bbox 877 2042 949 2069; x_wconf 84' lang='lat' dir='ltr'><strong>enim</strong></span> <span class='ocrx_word' id='word_1_509' title='bbox 968 2049 1046 2068; x_wconf 87' lang='lat' dir='ltr'><strong>veras</strong></span> 
     </span>
    </p>
   </div>
   <div class='ocr_carea' id='block_1_64' title="bbox 257 2087 1046 2125">
    <p class='ocr_par' dir='ltr' id='par_1_64' title="bbox 257 2087 1046 2125">
     <span class='ocr_line' id='line_1_64' title="bbox 257 2087 1046 2125; baseline -0.005 -7"><span class='ocrx_word' id='word_1_510' title='bbox 257 2092 411 2119; x_wconf 86' lang='lat' dir='ltr'><strong>divinorum</strong></span> <span class='ocrx_word' id='word_1_511' title='bbox 437 2090 514 2125; x_wconf 78' lang='lat'><strong>137</strong></span> <span class='ocrx_word' id='word_1_512' title='bbox 537 2094 630 2116; x_wconf 81' lang='lat' dir='ltr'><strong>vatum</strong></span> <span class='ocrx_word' id='word_1_513' title='bbox 658 2089 848 2124; x_wconf 79' lang='lat' dir='ltr'><strong>prtedietioues</strong></span> <span class='ocrx_word' id='word_1_514' title='bbox 872 2087 989 2121; x_wconf 81' lang='lat' dir='ltr'><strong>futuras,</strong></span> <span class='ocrx_word' id='word_1_515' title='bbox 1007 2088 1046 2114; x_wconf 93' lang='lat' dir='ltr'><strong>ni-</strong></span> 
     </span>
    </p>
   </div>
   <div class='ocr_carea' id='block_1_65' title="bbox 258 2133 1044 2168">
    <p class='ocr_par' dir='ltr' id='par_1_65' title="bbox 258 2133 1044 2168">
     <span class='ocr_line' id='line_1_65' title="bbox 258 2133 1044 2168; baseline -0.005 -4"><span class='ocrx_word' id='word_1_516' title='bbox 258 2138 281 2165; x_wconf 87' lang='lat' dir='ltr'><strong>si</strong></span> <span class='ocrx_word' id='word_1_517' title='bbox 295 2137 386 2164; x_wconf 91' lang='lat' dir='ltr'><strong>omnia</strong></span> <span class='ocrx_word' id='word_1_518' title='bbox 408 2135 453 2163; x_wconf 79' lang='lat' dir='ltr'><strong>lati</strong></span> <span class='ocrx_word' id='word_1_519' title='bbox 482 2135 643 2163; x_wconf 84' lang='lat' dir='ltr'><strong>necessitate</strong></span> <span class='ocrx_word' id='word_1_520' title='bbox 671 2139 838 2162; x_wconf 88' lang='lat' dir='ltr'><strong>tenerentur.</strong></span> <span class='ocrx_word' id='word_1_521' title='bbox 860 2133 887 2161; x_wconf 92' lang='lat' dir='ltr'><strong>ld</strong></span> <span class='ocrx_word' id='word_1_522' title='bbox 900 2134 972 2168; x_wconf 92' lang='lat' dir='ltr'><strong>quod</strong></span> <span class='ocrx_word' id='word_1_523' title='bbox 990 2141 1044 2160; x_wconf 90' lang='lat' dir='ltr'><strong>non</strong></span> 
     </span>
    </p>
   </div>
   <div class='ocr_carea' id='block_1_66' title="bbox 258 2179 1045 2217">
    <p class='ocr_par' dir='ltr' id='par_1_66' title="bbox 258 2179 1045 2217">
     <span class='ocr_line' id='line_1_66' title="bbox 258 2179 1045 2217; baseline -0.005 -7"><span class='ocrx_word' id='word_1_524' title='bbox 258 2183 372 2210; x_wconf 89' lang='lat' dir='ltr'><strong>minoris</strong></span> <span class='ocrx_word' id='word_1_525' title='bbox 392 2181 513 2217; x_wconf 75' lang='lat' dir='ltr'><strong>profecto</strong></span> <span class='ocrx_word' id='word_1_526' title='bbox 533 2181 654 2208; x_wconf 69' lang='lat' dir='ltr'><strong>stultitia:</strong></span> <span class='ocrx_word' id='word_1_527' title='bbox 677 2186 739 2214; x_wconf 90' lang='lat' dir='ltr'><strong>est,</strong></span> <span class='ocrx_word' id='word_1_528' title='bbox 763 2189 844 2215; x_wconf 90' lang='lat' dir='ltr'><strong>quam</strong></span> <span class='ocrx_word' id='word_1_529' title='bbox 863 2186 970 2207; x_wconf 68' lang='lat' dir='ltr'><strong>cmtera.</strong></span> <span class='ocrx_word' id='word_1_530' title='bbox 988 2179 1045 2206; x_wconf 85' lang='lat' dir='ltr'><strong>lloc</strong></span> 
     </span>
    </p>
   </div>
   <div class='ocr_carea' id='block_1_67' title="bbox 256 2226 1044 2262">
    <p class='ocr_par' dir='ltr' id='par_1_67' title="bbox 256 2226 1044 2262">
     <span class='ocr_line' id='line_1_67' title="bbox 256 2226 1044 2262; baseline -0.004 -7"><span class='ocrx_word' id='word_1_531' title='bbox 256 2228 329 2255; x_wconf 91' lang='lat' dir='ltr'><strong>enim</strong></span> <span class='ocrx_word' id='word_1_532' title='bbox 349 2227 461 2262; x_wconf 87' lang='lat' dir='ltr'><strong>perinde</strong></span> <span class='ocrx_word' id='word_1_533' title='bbox 473 2227 568 2260; x_wconf 88' lang='lat' dir='ltr'><strong>sumit,</strong></span> <span class='ocrx_word' id='word_1_534' title='bbox 587 2234 619 2253; x_wconf 87' lang='lat' dir='ltr'><strong>ac</strong></span> <span class='ocrx_word' id='word_1_535' title='bbox 633 2227 656 2253; x_wconf 89' lang='lat' dir='ltr'><strong>si</strong></span> <span class='ocrx_word' id='word_1_536' title='bbox 675 2226 716 2253; x_wconf 85' lang='lat' dir='ltr'><strong>vel</strong></span> <span class='ocrx_word' id='word_1_537' title='bbox 738 2227 864 2258; x_wconf 90' lang='lat' dir='ltr'><strong>istorum,</strong></span> <span class='ocrx_word' id='word_1_538' title='bbox 886 2233 957 2260; x_wconf 90' lang='lat' dir='ltr'><strong>quos</strong></span> <span class='ocrx_word' id='word_1_539' title='bbox 969 2229 1044 2252; x_wconf 90' lang='lat' dir='ltr'><strong>vates</strong></span> 
     </span>
    </p>
   </div>
   <div class='ocr_carea' id='block_1_68' title="bbox 257 2271 1042 2307">
    <p class='ocr_par' dir='ltr' id='par_1_68' title="bbox 257 2271 1042 2307">
     <span class='ocr_line' id='line_1_68' title="bbox 257 2271 1042 2307; baseline -0.005 -6"><span class='ocrx_word' id='word_1_540' title='bbox 257 2274 411 2305; x_wconf 87' lang='lat' dir='ltr'><strong>nominant,</strong></span> <span class='ocrx_word' id='word_1_541' title='bbox 435 2273 562 2307; x_wconf 66' lang='lat' dir='ltr'><strong>prmdicta</strong></span> <span class='ocrx_word' id='word_1_542' title='bbox 587 2272 679 2299; x_wconf 90' lang='lat' dir='ltr'><strong>omnia</strong></span> <span class='ocrx_word' id='word_1_543' title='bbox 703 2272 811 2299; x_wconf 85' lang='lat' dir='ltr'><strong>evenire</strong></span> <span class='ocrx_word' id='word_1_544' title='bbox 833 2275 981 2304; x_wconf 87' lang='lat' dir='ltr'><strong>constaret,</strong></span> <span class='ocrx_word' id='word_1_545' title='bbox 999 2271 1042 2297; x_wconf 90' lang='lat' dir='ltr'><strong>vel</strong></span> 
     </span>
    </p>
   </div>
   <div class='ocr_carea' id='block_1_69' title="bbox 255 2316 1044 2355">
    <p class='ocr_par' dir='ltr' id='par_1_69' title="bbox 255 2316 1044 2355">
     <span class='ocr_line' id='line_1_69' title="bbox 255 2316 1044 2355; baseline -0.005 -8"><span class='ocrx_word' id='word_1_546' title='bbox 255 2321 348 2355; x_wconf 80' lang='lat' dir='ltr'><strong>potius</strong></span> <span class='ocrx_word' id='word_1_547' title='bbox 363 2319 420 2347; x_wconf 81' lang='lat' dir='ltr'><strong>fato</strong></span> <span class='ocrx_word' id='word_1_548' title='bbox 439 2323 536 2346; x_wconf 83' lang='lat' dir='ltr'><strong>cuncta</strong></span> <span class='ocrx_word' id='word_1_549' title='bbox 555 2319 612 2346; x_wconf 86' lang='lat' dir='ltr'><strong>lieri</strong></span> <span class='ocrx_word' id='word_1_550' title='bbox 626 2326 786 2346; x_wconf 83' lang='lat' dir='ltr'><strong>concessum</strong></span> <span class='ocrx_word' id='word_1_551' title='bbox 805 2326 819 2344; x_wconf 92' lang='lat' dir='ltr'><strong>a</strong></span> <span class='ocrx_word' id='word_1_552' title='bbox 831 2317 961 2352; x_wconf 90' lang='lat' dir='ltr'><strong>quopiam</strong></span> <span class='ocrx_word' id='word_1_553' title='bbox 974 2316 1044 2344; x_wconf 86' lang='lat' dir='ltr'><strong>l‘uis-</strong></span> 
     </span>
    </p>
   </div>
   <div class='ocr_carea' id='block_1_70' title="bbox 254 2364 1043 2395">
    <p class='ocr_par' dir='ltr' id='par_1_70' title="bbox 254 2364 1043 2395">
     <span class='ocr_line' id='line_1_70' title="bbox 254 2364 1043 2395; baseline -0.005 -2"><span class='ocrx_word' id='word_1_554' title='bbox 254 2370 295 2393; x_wconf 70' lang='lat' dir='ltr'><strong>set</strong></span> <span class='ocrx_word' id='word_1_555' title='bbox 312 2375 319 2393; x_wconf 91' lang='lat'><strong>:</strong></span> <span class='ocrx_word' id='word_1_556' title='bbox 338 2373 371 2393; x_wconf 90' lang='lat' dir='ltr'><strong>ac</strong></span> <span class='ocrx_word' id='word_1_557' title='bbox 386 2372 441 2392; x_wconf 90' lang='lat' dir='ltr'><strong>non</strong></span> <span class='ocrx_word' id='word_1_558' title='bbox 459 2365 483 2392; x_wconf 94' lang='lat' dir='ltr'><strong>id</strong></span> <span class='ocrx_word' id='word_1_559' title='bbox 500 2364 626 2392; x_wconf 88' lang='lat' dir='ltr'><strong>similiter</strong></span> <span class='ocrx_word' id='word_1_560' title='bbox 638 2364 705 2391; x_wconf 84' lang='lat' dir='ltr'><strong>falso</strong></span> <span class='ocrx_word' id='word_1_561' title='bbox 718 2364 864 2395; x_wconf 82' lang='lat' dir='ltr'><strong>diceretur,</strong></span> <span class='ocrx_word' id='word_1_562' title='bbox 876 2371 937 2390; x_wconf 90' lang='lat' dir='ltr'><strong>cum</strong></span> <span class='ocrx_word' id='word_1_563' title='bbox 953 2368 1043 2390; x_wconf 89' lang='lat' dir='ltr'><strong>tamen</strong></span> 
     </span>
    </p>
   </div>
   <div class='ocr_carea' id='block_1_71' title="bbox 252 2409 1043 2444">
    <p class='ocr_par' dir='ltr' id='par_1_71' title="bbox 252 2409 1043 2444">
     <span class='ocr_line' id='line_1_71' title="bbox 252 2409 1043 2444; baseline -0.004 -6"><span class='ocrx_word' id='word_1_564' title='bbox 252 2411 423 2439; x_wconf 85' lang='lat' dir='ltr'><strong>contrarium</strong></span> <span class='ocrx_word' id='word_1_565' title='bbox 435 2431 442 2443; x_wconf 90' lang='lat'><strong>,</strong></span> <span class='ocrx_word' id='word_1_566' title='bbox 459 2412 510 2438; x_wconf 92' lang='lat' dir='ltr'><strong>boc</strong></span> <span class='ocrx_word' id='word_1_567' title='bbox 527 2416 569 2438; x_wconf 88' lang='lat' dir='ltr'><strong>est</strong></span> <span class='ocrx_word' id='word_1_568' title='bbox 584 2419 636 2438; x_wconf 91' lang='lat' dir='ltr'><strong>non</strong></span> <span class='ocrx_word' id='word_1_569' title='bbox 659 2410 750 2437; x_wconf 87' lang='lat' dir='ltr'><strong>omnia</strong></span> <span class='ocrx_word' id='word_1_570' title='bbox 761 2431 768 2443; x_wconf 89' lang='lat'><strong>,</strong></span> <span class='ocrx_word' id='word_1_571' title='bbox 785 2418 846 2444; x_wconf 60' lang='lat' dir='ltr'><strong>quae</strong></span> <span class='ocrx_word' id='word_1_572' title='bbox 863 2410 898 2436; x_wconf 92' lang='lat' dir='ltr'><strong>ab</strong></span> <span class='ocrx_word' id='word_1_573' title='bbox 919 2409 953 2436; x_wconf 90' lang='lat' dir='ltr'><strong>iis</strong></span> <span class='ocrx_word' id='word_1_574' title='bbox 972 2416 1043 2443; x_wconf 63' lang='lat' dir='ltr'><strong>pra!-</strong></span> 
     </span>
    </p>
   </div>
   <div class='ocr_carea' id='block_1_72' title="bbox 293 2497 1040 2535">
    <p class='ocr_par' dir='ltr' id='par_1_72' title="bbox 293 2497 1040 2535">
     <span class='ocr_line' id='line_1_72' title="bbox 293 2497 1040 2535; baseline 0 -10"><span class='ocrx_word' id='word_1_575' title='bbox 293 2499 347 2535; x_wconf 64' lang='grc' dir='ltr'><strong>(Ξῆ)</strong></span> <span class='ocrx_word' id='word_1_576' title='bbox 370 2500 435 2526; x_wconf 74' lang='grc' dir='ltr'><strong>οῧ0¹</strong></span> <span class='ocrx_word' id='word_1_577' title='bbox 450 2499 545 2533; x_wconf 79' lang='grc' dir='ltr'>ἕτερα.</span> <span class='ocrx_word' id='word_1_578' title='bbox 567 2499 723 2534; x_wconf 76' lang='lat' dir='ltr'><strong>Legendum</strong></span> <span class='ocrx_word' id='word_1_579' title='bbox 740 2499 887 2535; x_wconf 74' lang='lat' dir='ltr'><strong>videretur,</strong></span> <span class='ocrx_word' id='word_1_580' title='bbox 902 2497 1040 2534; x_wconf 68' lang='grc' dir='ltr'>οὐδετέρᾳ.</span> 
     </span>
    </p>
   </div>
   <div class='ocr_carea' id='block_1_73' title="bbox 257 2534 1041 2568">
    <p class='ocr_par' dir='ltr' id='par_1_73' title="bbox 257 2534 1041 2568">
     <span class='ocr_line' id='line_1_73' title="bbox 257 2534 1041 2568; baseline -0.003 -7"><span class='ocrx_word' id='word_1_581' title='bbox 257 2535 322 2567; x_wconf 67' lang='lat' dir='ltr'><strong>Qua:</strong></span> <span class='ocrx_word' id='word_1_582' title='bbox 346 2543 410 2566; x_wconf 82' lang='lat' dir='ltr'><strong>vox,</strong></span> <span class='ocrx_word' id='word_1_583' title='bbox 438 2535 556 2568; x_wconf 80' lang='lat' dir='ltr'><strong>tametsi,</strong></span> <span class='ocrx_word' id='word_1_584' title='bbox 580 2539 687 2565; x_wconf 86' lang='lat' dir='ltr'><strong>neutra,</strong></span> <span class='ocrx_word' id='word_1_585' title='bbox 708 2538 786 2561; x_wconf 88' lang='lat' dir='ltr'><strong>sonet</strong></span> <span class='ocrx_word' id='word_1_586' title='bbox 810 2534 910 2567; x_wconf 87' lang='lat' dir='ltr'><strong>potius,</strong></span> <span class='ocrx_word' id='word_1_587' title='bbox 937 2541 1041 2568; x_wconf 89' lang='lat' dir='ltr'><strong>quam,</strong></span> 
     </span>
    </p>
   </div>
   <div class='ocr_carea' id='block_1_74' title="bbox 258 2569 1042 2603">
    <p class='ocr_par' dir='ltr' id='par_1_74' title="bbox 258 2569 1042 2603">
     <span class='ocr_line' id='line_1_74' title="bbox 258 2569 1042 2603; baseline -0.001 -8"><span class='ocrx_word' id='word_1_588' title='bbox 258 2569 331 2596; x_wconf 91' lang='lat' dir='ltr'><strong>nulla</strong></span> <span class='ocrx_word' id='word_1_589' title='bbox 350 2579 356 2596; x_wconf 92' lang='lat'>:</span> <span class='ocrx_word' id='word_1_590' title='bbox 374 2577 421 2603; x_wconf 84' lang='lat' dir='ltr'><strong>per</strong></span> <span class='ocrx_word' id='word_1_591' title='bbox 433 2578 493 2597; x_wconf 85' lang='lat' dir='ltr'><strong>sese</strong></span> <span class='ocrx_word' id='word_1_592' title='bbox 508 2577 596 2596; x_wconf 86' lang='lat' dir='ltr'><strong>tamen</strong></span> <span class='ocrx_word' id='word_1_593' title='bbox 609 2570 684 2597; x_wconf 88' lang='lat' dir='ltr'><strong>reddi</strong></span> <span class='ocrx_word' id='word_1_594' title='bbox 698 2570 840 2596; x_wconf 88' lang='lat' dir='ltr'><strong>commode</strong></span> <span class='ocrx_word' id='word_1_595' title='bbox 855 2573 955 2603; x_wconf 84' lang='lat' dir='ltr'><strong>potest,</strong></span> <span class='ocrx_word' id='word_1_596' title='bbox 968 2569 1042 2595; x_wconf 94' lang='lat' dir='ltr'><strong>nullo</strong></span> 
     </span>
    </p>
   </div>
   <div class='ocr_carea' id='block_1_75' title="bbox 257 2604 1043 2639">
    <p class='ocr_par' dir='ltr' id='par_1_75' title="bbox 257 2604 1043 2639">
     <span class='ocr_line' id='line_1_75' title="bbox 257 2604 1043 2639; baseline -0.004 -8"><span class='ocrx_word' id='word_1_597' title='bbox 257 2605 349 2639; x_wconf 79' lang='lat' dir='ltr'><strong>modo.</strong></span> <span class='ocrx_word' id='word_1_598' title='bbox 363 2604 494 2631; x_wconf 81' lang='lat' dir='ltr'><strong>Tltemist.</strong></span> <span class='ocrx_word' id='word_1_599' title='bbox 511 2609 582 2632; x_wconf 88' lang='lat' dir='ltr'><strong>orat.</strong></span> <span class='ocrx_word' id='word_1_600' title='bbox 597 2606 641 2636; x_wconf 69' lang='lat'><strong>10,</strong></span> <span class='ocrx_word' id='word_1_601' title='bbox 659 2613 686 2639; x_wconf 90' lang='lat' dir='ltr'><strong>p.</strong></span> <span class='ocrx_word' id='word_1_602' title='bbox 699 2605 763 2637; x_wconf 70' lang='lat'><strong>236,</strong></span> <span class='ocrx_word' id='word_1_603' title='bbox 783 2604 905 2638; x_wconf 81' lang='grc' dir='ltr'>καίτοιγε</span> <span class='ocrx_word' id='word_1_604' title='bbox 924 2604 1043 2639; x_wconf 82' lang='grc' dir='ltr'>προήγο-</span> 
     </span>
    </p>
   </div>
   <div class='ocr_carea' id='block_1_76' title="bbox 258 2638 1042 2676">
    <p class='ocr_par' dir='ltr' id='par_1_76' title="bbox 258 2638 1042 2676">
     <span class='ocr_line' id='line_1_76' title="bbox 258 2638 1042 2676; baseline -0.003 -10"><span class='ocrx_word' id='word_1_605' title='bbox 258 2648 304 2674; x_wconf 82' lang='grc' dir='ltr'><strong>ρον</strong></span> <span class='ocrx_word' id='word_1_606' title='bbox 320 2638 391 2675; x_wconf 84' lang='grc' dir='ltr'>εἶχον</span> <span class='ocrx_word' id='word_1_607' title='bbox 405 2639 533 2676; x_wconf 72' lang='grc' dir='ltr'>οὐδετέρᾳ</span> <span class='ocrx_word' id='word_1_608' title='bbox 544 2638 750 2676; x_wconf 47' lang='grc' dir='ltr'>ληπτόνίρυτιξῆ</span> <span class='ocrx_word' id='word_1_609' title='bbox 765 2639 845 2676; x_wconf 68' lang='lat' dir='ltr'><strong>omni</strong></span> <span class='ocrx_word' id='word_1_610' title='bbox 855 2646 887 2665; x_wconf 81' lang='lat' dir='ltr'><strong>ex</strong></span> <span class='ocrx_word' id='word_1_611' title='bbox 904 2644 979 2676; x_wconf 79' lang='lat' dir='ltr'><strong>parte</strong></span> <span class='ocrx_word' id='word_1_612' title='bbox 990 2638 1042 2665; x_wconf 54' lang='lat' dir='ltr'><strong>&#39;te—</strong></span> 
     </span>
    </p>
   </div>
   <div class='ocr_carea' id='block_1_77' title="bbox 257 2674 1043 2710">
    <p class='ocr_par' dir='ltr' id='par_1_77' title="bbox 257 2674 1043 2710">
     <span class='ocr_line' id='line_1_77' title="bbox 257 2674 1043 2710; baseline -0.003 -9"><span class='ocrx_word' id='word_1_613' title='bbox 257 2680 331 2701; x_wconf 86' lang='lat' dir='ltr'><strong>etum</strong></span> <span class='ocrx_word' id='word_1_614' title='bbox 358 2674 504 2710; x_wconf 70' lang='lat' dir='ltr'><strong>patronum&#39;</strong></span> <span class='ocrx_word' id='word_1_615' title='bbox 521 2674 604 2702; x_wconf 82' lang='lat' dir='ltr'><strong>illum</strong></span> <span class='ocrx_word' id='word_1_616' title='bbox 628 2675 714 2702; x_wconf 86' lang='lat' dir='ltr'><strong>fuisse</strong></span> <span class='ocrx_word' id='word_1_617' title='bbox 727 2675 809 2702; x_wconf 90' lang='lat' dir='ltr'><strong>dicat.</strong></span> <span class='ocrx_word' id='word_1_618' title='bbox 827 2674 925 2710; x_wconf 73' lang='lat' dir='ltr'><strong>Verum</strong></span> <span class='ocrx_word' id='word_1_619' title='bbox 941 2674 989 2701; x_wconf 88' lang='lat' dir='ltr'><strong>alt.</strong></span> <span class='ocrx_word' id='word_1_620' title='bbox 1009 2681 1043 2700; x_wconf 78' lang='lat' dir='ltr'><strong>ex</strong></span> 
     </span>
    </p>
   </div>
   <div class='ocr_carea' id='block_1_78' title="bbox 259 2708 1040 2746">
    <p class='ocr_par' dir='ltr' id='par_1_78' title="bbox 259 2708 1040 2746">
     <span class='ocr_line' id='line_1_78' title="bbox 259 2708 1040 2746; baseline -0.003 -10"><span class='ocrx_word' id='word_1_621' title='bbox 259 2708 394 2746; x_wconf 82' lang='lat' dir='ltr'><strong>manuscr.</strong></span> <span class='ocrx_word' id='word_1_622' title='bbox 403 2710 466 2745; x_wconf 82' lang='lat' dir='ltr'><strong>legit</strong></span> <span class='ocrx_word' id='word_1_623' title='bbox 479 2710 508 2736; x_wconf 86' lang='grc' dir='ltr'>οὐ</span> <span class='ocrx_word' id='word_1_624' title='bbox 521 2710 632 2746; x_wconf 80' lang='grc' dir='ltr'>θάτερα.</span> <span class='ocrx_word' id='word_1_625' title='bbox 639 2710 781 2743; x_wconf 87' lang='lat' dir='ltr'><strong>Quomodo</strong></span> <span class='ocrx_word' id='word_1_626' title='bbox 789 2713 882 2746; x_wconf 76' lang='lat' dir='ltr'><strong>noster</strong></span> <span class='ocrx_word' id='word_1_627' title='bbox 890 2708 1040 2746; x_wconf 49' lang='lat' dir='ltr'><strong>Demopstr:</strong></span> 
     </span>
    </p>
   </div>
   <div class='ocr_carea' id='block_1_79' title="bbox 258 2743 1043 2786">
    <p class='ocr_par' dir='ltr' id='par_1_79' title="bbox 258 2743 1043 2786">
     <span class='ocr_line' id='line_1_79' title="bbox 258 2743 1043 2786; baseline -0.004 -14"><span class='ocrx_word' id='word_1_628' title='bbox 322 2753 360 2786; x_wconf 83' lang='lat' dir='ltr'><strong>iv._</strong></span> <span class='ocrx_word' id='word_1_629' title='bbox 375 2743 440 2786; x_wconf 45' lang='lat' dir='ltr'><strong>cap;</strong></span> <span class='ocrx_word' id='word_1_630' title='bbox 450 2745 480 2786; x_wconf 45' lang='grc' dir='ltr'>ἢ,</span> <span class='ocrx_word' id='word_1_631' title='bbox 493 2753 557 2786; x_wconf 75' lang='lat' dir='ltr'><strong>pag._</strong></span> <span class='ocrx_word' id='word_1_632' title='bbox 567 2743 628 2786; x_wconf 62' lang='grc' dir='ltr'><strong>ΙΨ,</strong></span> <span class='ocrx_word' id='word_1_633' title='bbox 645 2747 678 2772; x_wconf 89' lang='lat' dir='ltr'><strong>de</strong></span> <span class='ocrx_word' id='word_1_634' title='bbox 693 2745 817 2786; x_wconf 64' lang='lat' dir='ltr'><strong>daemone</strong></span> <span class='ocrx_word' id='word_1_635' title='bbox 829 2744 954 2786; x_wconf 75' lang='lat' dir='ltr'><strong>loquens.</strong></span> <span class='ocrx_word' id='word_1_636' title='bbox 969 2743 1043 2786; x_wconf 59' lang='grc' dir='ltr'>ξεινὰ</span> 
     </span>
    </p>
   </div>
   <div class='ocr_carea' id='block_1_80' title="bbox 256 2778 1042 2814">
    <p class='ocr_par' dir='ltr' id='par_1_80' title="bbox 256 2778 1042 2814">
     <span class='ocr_line' id='line_1_80' title="bbox 256 2778 1042 2814; baseline -0.004 -7"><span class='ocrx_word' id='word_1_637' title='bbox 256 2780 284 2807; x_wconf 77' lang='grc' dir='ltr'><strong>δὲ</strong></span> <span class='ocrx_word' id='word_1_638' title='bbox 297 2781 367 2807; x_wconf 80' lang='grc' dir='ltr'>κατὰ</span> <span class='ocrx_word' id='word_1_639' title='bbox 380 2778 434 2807; x_wconf 86' lang='grc' dir='ltr'>τῶν</span> <span class='ocrx_word' id='word_1_640' title='bbox 448 2778 534 2807; x_wconf 17' lang='grc' dir='ltr'><strong>ὲθνῶνγ</strong></span> <span class='ocrx_word' id='word_1_641' title='bbox 547 2780 674 2807; x_wconf 79' lang='grc' dir='ltr'>ἁπάντων</span> <span class='ocrx_word' id='word_1_642' title='bbox 689 2779 847 2814; x_wconf 79' lang='grc' dir='ltr'>ἀπειλήσας,</span> <span class='ocrx_word' id='word_1_643' title='bbox 860 2778 962 2814; x_wconf 80' lang='grc' dir='ltr'>θάτερα</span> <span class='ocrx_word' id='word_1_644' title='bbox 977 2778 1042 2805; x_wconf 80' lang='grc' dir='ltr'>λεπ-</span> 
     </span>
    </p>
   </div>
   <div class='ocr_carea' id='block_1_81' title="bbox 255 2813 1038 2851">
    <p class='ocr_par' dir='ltr' id='par_1_81' title="bbox 255 2813 1038 2851">
     <span class='ocr_line' id='line_1_81' title="bbox 255 2813 1038 2851; baseline 0.001 -11"><span class='ocrx_word' id='word_1_645' title='bbox 255 2816 318 2847; x_wconf 73' lang='grc' dir='ltr'>τοὺς</span> <span class='ocrx_word' id='word_1_646' title='bbox 339 2817 393 2847; x_wconf 87' lang='grc' dir='ltr'>τοῖς</span> <span class='ocrx_word' id='word_1_647' title='bbox 419 2816 587 2851; x_wconf 77' lang='grc' dir='ltr'>προδουλίοις</span> <span class='ocrx_word' id='word_1_648' title='bbox 609 2813 900 2851; x_wconf 63' lang='grc' dir='ltr'>ἀνθρώπουςεΰρατο,</span> <span class='ocrx_word' id='word_1_649' title='bbox 918 2813 971 2851; x_wconf 84' lang='lat' dir='ltr'><strong>_ubi</strong></span> <span class='ocrx_word' id='word_1_650' title='bbox 1000 2815 1038 2841; x_wconf 88' lang='lat' dir='ltr'><strong>le-</strong></span> 
     </span>
    </p>
   </div>
   <div class='ocr_carea' id='block_1_82' title="bbox 256 2849 1038 2886">
    <p class='ocr_par' dir='ltr' id='par_1_82' title="bbox 256 2849 1038 2886">
     <span class='ocr_line' id='line_1_82' title="bbox 256 2849 1038 2886; baseline -0.004 -9"><span class='ocrx_word' id='word_1_651' title='bbox 256 2851 372 2883; x_wconf 64' lang='lat' dir='ltr'><strong>gendum</strong></span> <span class='ocrx_word' id='word_1_652' title='bbox 391 2849 495 2878; x_wconf 72' lang='lat' dir='ltr'><strong>videtur</strong></span> <span class='ocrx_word' id='word_1_653' title='bbox 511 2849 676 2886; x_wconf 72' lang='grc' dir='ltr'>προϐολίοις.</span> <span class='ocrx_word' id='word_1_654' title='bbox 691 2850 718 2876; x_wconf 95' lang='lat' dir='ltr'><strong>Id</strong></span> <span class='ocrx_word' id='word_1_655' title='bbox 732 2854 774 2877; x_wconf 86' lang='lat' dir='ltr'><strong>est</strong></span> <span class='ocrx_word' id='word_1_656' title='bbox 787 2859 792 2876; x_wconf 97' lang='lat'>:</span> <span class='ocrx_word' id='word_1_657' title='bbox 809 2850 842 2886; x_wconf 71' lang='grc' dir='ltr'>ᾼι</span> <span class='ocrx_word' id='word_1_658' title='bbox 854 2849 972 2886; x_wconf 77' lang='lat' dir='ltr'><strong>qentibus</strong></span> <span class='ocrx_word' id='word_1_659' title='bbox 983 2857 1038 2886; x_wconf 68' lang='lat' dir='ltr'><strong>ont-</strong></span> 
     </span>
    </p>
   </div>
   <div class='ocr_carea' id='block_1_83' title="bbox 256 2884 1037 2921">
    <p class='ocr_par' dir='ltr' id='par_1_83' title="bbox 256 2884 1037 2921">
     <span class='ocr_line' id='line_1_83' title="bbox 256 2884 1037 2921; baseline 0 -12"><span class='ocrx_word' id='word_1_660' title='bbox 256 2885 330 2913; x_wconf 81' lang='lat' dir='ltr'><strong>nibus</strong></span> <span class='ocrx_word' id='word_1_661' title='bbox 346 2887 437 2921; x_wconf 80' lang='lat' dir='ltr'><strong>gravia</strong></span> <span class='ocrx_word' id='word_1_662' title='bbox 460 2884 575 2912; x_wconf 70' lang='lat' dir='ltr'><strong>minatus</strong></span> <span class='ocrx_word' id='word_1_663' title='bbox 601 2894 660 2912; x_wconf 86' lang='lat' dir='ltr'><strong>cum</strong></span> <span class='ocrx_word' id='word_1_664' title='bbox 682 2889 759 2917; x_wconf 81' lang='lat' dir='ltr'><strong>esset,</strong></span> <span class='ocrx_word' id='word_1_665' title='bbox 781 2885 836 2910; x_wconf 74' lang='lat' dir='ltr'><strong>alia</strong></span> <span class='ocrx_word' id='word_1_666' title='bbox 860 2884 1037 2921; x_wconf 48' lang='lat' dir='ltr'><strong>rationesui:</strong></span> 
     </span>
    </p>
   </div>
   <div class='ocr_carea' id='block_1_84' title="bbox 255 2918 1038 2956">
    <p class='ocr_par' dir='ltr' id='par_1_84' title="bbox 255 2918 1038 2956">
     <span class='ocr_line' id='line_1_84' title="bbox 255 2918 1038 2956; baseline 0 -11"><span class='ocrx_word' id='word_1_667' title='bbox 255 2921 308 2954; x_wconf 78' lang='lat' dir='ltr'><strong>ipse</strong></span> <span class='ocrx_word' id='word_1_668' title='bbox 318 2918 451 2948; x_wconf 67' lang='lat' dir='ltr'><strong>reitabulis</strong></span> <span class='ocrx_word' id='word_1_669' title='bbox 464 2927 543 2956; x_wconf 84' lang='lat' dir='ltr'><strong>captu</strong></span> <span class='ocrx_word' id='word_1_670' title='bbox 554 2921 646 2956; x_wconf 77' lang='lat' dir='ltr'><strong>faciles</strong></span> <span class='ocrx_word' id='word_1_671' title='bbox 659 2920 776 2947; x_wconf 76' lang='lat' dir='ltr'><strong>homines</strong></span> <span class='ocrx_word' id='word_1_672' title='bbox 792 2919 897 2953; x_wconf 72' lang='lat' dir='ltr'><strong>reperit.</strong></span> <span class='ocrx_word' id='word_1_673' title='bbox 912 2918 1038 2953; x_wconf 66' lang='lat' dir='ltr'><strong>lntelligit</strong></span> 
     </span>
    </p>
   </div>
   <div class='ocr_carea' id='block_1_85' title="bbox 1166 1878 1893 1915">
    <p class='ocr_par' dir='ltr' id='par_1_85' title="bbox 1166 1878 1893 1915">
     <span class='ocr_line' id='line_1_85' title="bbox 1166 1878 1893 1915; baseline 0.003 -9"><span class='ocrx_word' id='word_1_674' title='bbox 1166 1878 1303 1915; x_wconf 78' lang='grc' dir='ltr'>μαντικῆ</span> <span class='ocrx_word' id='word_1_675' title='bbox 1319 1880 1367 1906; x_wconf 78' lang='grc' dir='ltr'><strong>καὶ</strong></span> <span class='ocrx_word' id='word_1_676' title='bbox 1389 1878 1424 1905; x_wconf 86' lang='grc' dir='ltr'><em>τὰ</em></span> <span class='ocrx_word' id='word_1_677' title='bbox 1446 1880 1547 1906; x_wconf 77' lang='grc' dir='ltr'>πολλὰ</span> <span class='ocrx_word' id='word_1_678' title='bbox 1567 1879 1756 1913; x_wconf 73' lang='grc' dir='ltr'>ψευδομένη,</span> <span class='ocrx_word' id='word_1_679' title='bbox 1773 1882 1822 1907; x_wconf 78' lang='grc' dir='ltr'><strong>καὶ</strong></span> <span class='ocrx_word' id='word_1_680' title='bbox 1849 1881 1893 1908; x_wconf 75' lang='grc' dir='ltr'><strong>ὅτι</strong></span> 
     </span>
    </p>
   </div>
   <div class='ocr_carea' id='block_1_86' title="bbox 1131 1914 1894 1985">
    <p class='ocr_par' dir='ltr' id='par_1_86' title="bbox 1131 1914 1894 1985">
     <span class='ocr_line' id='line_1_86' title="bbox 1131 1914 1894 1985; baseline 0.001 -44"><span class='ocrx_word' id='word_1_681' title='bbox 1131 1914 1284 1985; x_wconf 57' lang='grc' dir='ltr'><strong>⁸ἔχρησε-ος</strong></span> <span class='ocrx_word' id='word_1_682' title='bbox 1306 1915 1354 1942; x_wconf 74' lang='grc' dir='ltr'><strong>καὶ</strong></span> <span class='ocrx_word' id='word_1_683' title='bbox 1373 1914 1537 1948; x_wconf 80' lang='grc' dir='ltr'>ἐπιϐλαϐἡς</span> <span class='ocrx_word' id='word_1_684' title='bbox 1560 1914 1579 1948; x_wconf 76' lang='grc' dir='ltr'>ἡ</span> <span class='ocrx_word' id='word_1_685' title='bbox 1599 1914 1661 1941; x_wconf 75' lang='grc' dir='ltr'><strong>κατ’</strong></span> <span class='ocrx_word' id='word_1_686' title='bbox 1677 1915 1789 1948; x_wconf 83' lang='grc' dir='ltr'>αὐτοὺς</span> <span class='ocrx_word' id='word_1_687' title='bbox 1805 1917 1894 1950; x_wconf 64' lang='lat' dir='ltr'><strong>apop-</strong></span> 
     </span>
     <span class='ocr_line' id='line_1_87' title="bbox 1153 1959 1234 1984; baseline -0.012 -7"><span class='ocrx_word' id='word_1_688' title='bbox 1153 1959 1234 1984; x_wconf 85' lang='grc' dir='ltr'>ησις.</span> 
     </span>
    </p>
   </div>
   <div class='ocr_carea' id='block_1_87' title="bbox 1153 1959 1234 1984">
    <p class='ocr_par' dir='ltr' id='par_1_87' title="bbox 1153 1959 1234 1984">
     <span class='ocr_line' id='line_1_88' title="bbox 1153 1959 1234 1984; baseline -0.012 -7"><span class='ocrx_word' id='word_1_689' title='bbox 1153 1959 1234 1984; x_wconf 85' lang='grc' dir='ltr'>ησις.</span> 
     </span>
    </p>
   </div>
   <div class='ocr_carea' id='block_1_88' title="bbox 1135 1995 1892 2033">
    <p class='ocr_par' dir='ltr' id='par_1_88' title="bbox 1135 1995 1892 2033">
     <span class='ocr_line' id='line_1_89' title="bbox 1135 1995 1892 2033; baseline 0 -10"><span class='ocrx_word' id='word_1_690' title='bbox 1135 2007 1144 2022; x_wconf 74' lang='grc' dir='ltr'><strong>ι</strong></span> <span class='ocrx_word' id='word_1_691' title='bbox 1159 1998 1238 2033; x_wconf 78' lang='grc' dir='ltr'>Φέρει</span> <span class='ocrx_word' id='word_1_692' title='bbox 1251 1996 1279 2023; x_wconf 78' lang='grc' dir='ltr'><strong>δὲ</strong></span> <span class='ocrx_word' id='word_1_693' title='bbox 1294 1996 1341 2022; x_wconf 72' lang='grc' dir='ltr'>καὶ</span> <span class='ocrx_word' id='word_1_694' title='bbox 1354 1995 1437 2030; x_wconf 80' lang='grc' dir='ltr'>ἄλλην</span> <span class='ocrx_word' id='word_1_695' title='bbox 1452 1995 1590 2029; x_wconf 81' lang='grc' dir='ltr'>ἀπόδειξιν</span> <span class='ocrx_word' id='word_1_696' title='bbox 1605 1996 1633 2022; x_wconf 81' lang='grc' dir='ltr'>ἐν</span> <span class='ocrx_word' id='word_1_697' title='bbox 1650 1995 1689 2031; x_wconf 83' lang='grc' dir='ltr'>τῷ</span> <span class='ocrx_word' id='word_1_698' title='bbox 1701 1998 1892 2033; x_wconf 80' lang='grc' dir='ltr'>προειρημένῳ</span> 
     </span>
    </p>
   </div>
   <div class='ocr_carea' id='block_1_89' title="bbox 1098 2042 1892 2079">
    <p class='ocr_par' dir='ltr' id='par_1_89' title="bbox 1098 2042 1892 2079">
     <span class='ocr_line' id='line_1_90' title="bbox 1098 2042 1892 2079; baseline 0.001 -10"><span class='ocrx_word' id='word_1_699' title='bbox 1098 2043 1193 2079; x_wconf 72' lang='grc' dir='ltr'>βιϐλίῳ</span> <span class='ocrx_word' id='word_1_700' title='bbox 1212 2042 1341 2078; x_wconf 79' lang='grc' dir='ltr'>τοιαύτην</span> <span class='ocrx_word' id='word_1_701' title='bbox 1352 2042 1424 2069; x_wconf 79' lang='grc' dir='ltr'>τινὰ.</span> <span class='ocrx_word' id='word_1_702' title='bbox 1443 2042 1488 2077; x_wconf 84' lang='grc' dir='ltr'><strong>Μὴ</strong></span> <span class='ocrx_word' id='word_1_703' title='bbox 1505 2042 1557 2078; x_wconf 81' lang='grc' dir='ltr'>γὰρ</span> <span class='ocrx_word' id='word_1_704' title='bbox 1579 2042 1612 2069; x_wconf 84' lang='grc' dir='ltr'><strong>ἂν</strong></span> <span class='ocrx_word' id='word_1_705' title='bbox 1629 2043 1679 2074; x_wconf 84' lang='grc' dir='ltr'>τὰς</span> <span class='ocrx_word' id='word_1_706' title='bbox 1695 2042 1750 2070; x_wconf 82' lang='grc' dir='ltr'><strong>τῶν</strong></span> <span class='ocrx_word' id='word_1_707' title='bbox 1769 2044 1892 2079; x_wconf 80' lang='grc' dir='ltr'>μάντεων</span> 
     </span>
    </p>
   </div>
   <div class='ocr_carea' id='block_1_90' title="bbox 1097 2085 1891 2124">
    <p class='ocr_par' dir='ltr' id='par_1_90' title="bbox 1097 2085 1891 2124">
     <span class='ocr_line' id='line_1_91' title="bbox 1097 2085 1891 2124; baseline 0.003 -10"><span class='ocrx_word' id='word_1_708' title='bbox 1097 2089 1262 2124; x_wconf 73' lang='grc' dir='ltr'>προρρήσεις</span> <span class='ocrx_word' id='word_1_709' title='bbox 1274 2088 1383 2123; x_wconf 71' lang='grc' dir='ltr'>ἀληθεῖς</span> <span class='ocrx_word' id='word_1_710' title='bbox 1405 2085 1474 2114; x_wconf 76' lang='grc' dir='ltr'>εἷναί</span> <span class='ocrx_word' id='word_1_711' title='bbox 1500 2096 1593 2123; x_wconf 73' lang='grc' dir='ltr'>φησιν,</span> <span class='ocrx_word' id='word_1_712' title='bbox 1617 2088 1641 2114; x_wconf 87' lang='grc' dir='ltr'>εἰ</span> <span class='ocrx_word' id='word_1_713' title='bbox 1672 2089 1708 2124; x_wconf 89' lang='grc' dir='ltr'><strong>μὴ</strong></span> <span class='ocrx_word' id='word_1_714' title='bbox 1725 2089 1814 2116; x_wconf 85' lang='grc' dir='ltr'>πάντα</span> <span class='ocrx_word' id='word_1_715' title='bbox 1840 2090 1891 2116; x_wconf 73' lang='grc' dir='ltr'>ὑπὸ</span> 
     </span>
    </p>
   </div>
   <div class='ocr_carea' id='block_1_91' title="bbox 1097 2134 1890 2171">
    <p class='ocr_par' dir='ltr' id='par_1_91' title="bbox 1097 2134 1890 2171">
     <span class='ocr_line' id='line_1_92' title="bbox 1097 2134 1890 2171; baseline 0.001 -10"><span class='ocrx_word' id='word_1_716' title='bbox 1097 2135 1146 2170; x_wconf 85' lang='grc' dir='ltr'>τῆς</span> <span class='ocrx_word' id='word_1_717' title='bbox 1157 2134 1329 2170; x_wconf 77' lang='grc' dir='ltr'>εἱμαρμένης</span> <span class='ocrx_word' id='word_1_718' title='bbox 1343 2134 1522 2170; x_wconf 86' lang='grc' dir='ltr'>περιείχοντο·</span> <span class='ocrx_word' id='word_1_719' title='bbox 1541 2134 1555 2159; x_wconf 85' lang='grc' dir='ltr'><strong>ὃ</strong></span> <span class='ocrx_word' id='word_1_720' title='bbox 1570 2134 1616 2160; x_wconf 75' lang='grc' dir='ltr'><strong>καὶ</strong></span> <span class='ocrx_word' id='word_1_721' title='bbox 1633 2134 1699 2161; x_wconf 76' lang='grc' dir='ltr'>αὐτὸ</span> <span class='ocrx_word' id='word_1_722' title='bbox 1716 2135 1818 2170; x_wconf 87' lang='grc' dir='ltr'>πολλῆς</span> <span class='ocrx_word' id='word_1_723' title='bbox 1831 2136 1890 2171; x_wconf 81' lang='grc' dir='ltr'>εὐη-</span> 
     </span>
    </p>
   </div>
   <div class='ocr_carea' id='block_1_92' title="bbox 1098 2178 1888 2216">
    <p class='ocr_par' dir='ltr' id='par_1_92' title="bbox 1098 2178 1888 2216">
     <span class='ocr_line' id='line_1_93' title="bbox 1098 2178 1888 2216; baseline 0.003 -9"><span class='ocrx_word' id='word_1_724' title='bbox 1098 2181 1173 2212; x_wconf 79' lang='grc' dir='ltr'>θείας</span> <span class='ocrx_word' id='word_1_725' title='bbox 1189 2181 1287 2216; x_wconf 82' lang='grc' dir='ltr'>μεστόν</span> <span class='ocrx_word' id='word_1_726' title='bbox 1301 2180 1384 2207; x_wconf 77' lang='grc' dir='ltr'>ἐστιν.</span> <span class='ocrx_word' id='word_1_727' title='bbox 1411 2180 1456 2211; x_wconf 84' lang='grc' dir='ltr'>Ὠς</span> <span class='ocrx_word' id='word_1_728' title='bbox 1470 2178 1525 2215; x_wconf 81' lang='grc' dir='ltr'>γὰρ</span> <span class='ocrx_word' id='word_1_729' title='bbox 1538 2180 1671 2216; x_wconf 79' lang='grc' dir='ltr'>ἐναργοῦς</span> <span class='ocrx_word' id='word_1_730' title='bbox 1684 2181 1759 2213; x_wconf 76' lang='grc' dir='ltr'>ὄντος</span> <span class='ocrx_word' id='word_1_731' title='bbox 1773 2182 1820 2208; x_wconf 80' lang='grc' dir='ltr'>τοῦ</span> <span class='ocrx_word' id='word_1_732' title='bbox 1836 2183 1888 2210; x_wconf 80' lang='grc' dir='ltr'><strong>πά-</strong></span> 
     </span>
    </p>
   </div>
   <div class='ocr_carea' id='block_1_93' title="bbox 1098 2226 1889 2265">
    <p class='ocr_par' dir='ltr' id='par_1_93' title="bbox 1098 2226 1889 2265">
     <span class='ocr_line' id='line_1_94' title="bbox 1098 2226 1889 2265; baseline 0.001 -11"><span class='ocrx_word' id='word_1_733' title='bbox 1098 2236 1148 2259; x_wconf 87' lang='grc' dir='ltr'><strong>σας</strong></span> <span class='ocrx_word' id='word_1_734' title='bbox 1162 2227 1321 2253; x_wconf 77' lang='grc' dir='ltr'>ἀποῦαίνειν</span> <span class='ocrx_word' id='word_1_735' title='bbox 1337 2226 1386 2258; x_wconf 81' lang='grc' dir='ltr'>τὰς</span> <span class='ocrx_word' id='word_1_736' title='bbox 1402 2226 1456 2252; x_wconf 85' lang='grc' dir='ltr'><strong>τῶν</strong></span> <span class='ocrx_word' id='word_1_737' title='bbox 1473 2226 1647 2262; x_wconf 78' lang='grc' dir='ltr'>καλουμένων</span> <span class='ocrx_word' id='word_1_738' title='bbox 1665 2227 1788 2262; x_wconf 81' lang='grc' dir='ltr'>μάντεων</span> <span class='ocrx_word' id='word_1_739' title='bbox 1804 2231 1889 2265; x_wconf 78' lang='grc' dir='ltr'>προῤ-</span> 
     </span>
    </p>
   </div>
   <div class='ocr_carea' id='block_1_94' title="bbox 1097 2272 1887 2311">
    <p class='ocr_par' dir='ltr' id='par_1_94' title="bbox 1097 2272 1887 2311">
     <span class='ocr_line' id='line_1_95' title="bbox 1097 2272 1887 2311; baseline 0.005 -13"><span class='ocrx_word' id='word_1_740' title='bbox 1097 2274 1202 2309; x_wconf 78' lang='grc' dir='ltr'>ῥήσεις,</span> <span class='ocrx_word' id='word_1_741' title='bbox 1219 2272 1236 2308; x_wconf 81' lang='grc' dir='ltr'>ἢ</span> <span class='ocrx_word' id='word_1_742' title='bbox 1251 2272 1288 2304; x_wconf 84' lang='grc' dir='ltr'>ὡς</span> <span class='ocrx_word' id='word_1_743' title='bbox 1304 2272 1404 2308; x_wconf 83' lang='grc' dir='ltr'>μᾶλλον</span> <span class='ocrx_word' id='word_1_744' title='bbox 1419 2272 1451 2299; x_wconf 88' lang='grc' dir='ltr'><strong>ἂν</strong></span> <span class='ocrx_word' id='word_1_745' title='bbox 1468 2272 1521 2299; x_wconf 85' lang='grc' dir='ltr'>ὑπό</span> <span class='ocrx_word' id='word_1_746' title='bbox 1535 2281 1607 2305; x_wconf 90' lang='grc' dir='ltr'>τινος</span> <span class='ocrx_word' id='word_1_747' title='bbox 1623 2273 1717 2300; x_wconf 83' lang='grc' dir='ltr'>τούτου</span> <span class='ocrx_word' id='word_1_748' title='bbox 1744 2283 1887 2311; x_wconf 81' lang='grc' dir='ltr'>συγχωρη-</span> 
     </span>
    </p>
   </div>
   <div class='ocr_carea' id='block_1_95' title="bbox 1095 2317 1888 2357">
    <p class='ocr_par' dir='ltr' id='par_1_95' title="bbox 1095 2317 1888 2357">
     <span class='ocr_line' id='line_1_96' title="bbox 1095 2317 1888 2357; baseline 0.005 -13"><span class='ocrx_word' id='word_1_749' title='bbox 1095 2318 1197 2351; x_wconf 76' lang='grc' dir='ltr'>θέντος,</span> <span class='ocrx_word' id='word_1_750' title='bbox 1219 2318 1266 2345; x_wconf 84' lang='grc' dir='ltr'><strong>τοῦ</strong></span> <span class='ocrx_word' id='word_1_751' title='bbox 1290 2318 1379 2345; x_wconf 86' lang='grc' dir='ltr'>πάντα</span> <span class='ocrx_word' id='word_1_752' title='bbox 1399 2317 1523 2352; x_wconf 80' lang='grc' dir='ltr'>γίνεσθαι</span> <span class='ocrx_word' id='word_1_753' title='bbox 1549 2319 1609 2346; x_wconf 78' lang='grc' dir='ltr'><strong>καθ’</strong></span> <span class='ocrx_word' id='word_1_754' title='bbox 1635 2320 1816 2357; x_wconf 84' lang='grc' dir='ltr'>εἱμαρμένην,</span> <span class='ocrx_word' id='word_1_755' title='bbox 1841 2322 1888 2348; x_wconf 74' lang='grc' dir='ltr'><strong>καὶ</strong></span> 
     </span>
    </p>
   </div>
   <div class='ocr_carea' id='block_1_96' title="bbox 1094 2364 1887 2403">
    <p class='ocr_par' dir='ltr' id='par_1_96' title="bbox 1094 2364 1887 2403">
     <span class='ocr_line' id='line_1_97' title="bbox 1094 2364 1887 2403; baseline 0.003 -12"><span class='ocrx_word' id='word_1_756' title='bbox 1094 2365 1154 2400; x_wconf 76' lang='grc' dir='ltr'>οὐχὶ</span> <span class='ocrx_word' id='word_1_757' title='bbox 1171 2365 1271 2400; x_wconf 83' lang='grc' dir='ltr'>ὁμοίως</span> <span class='ocrx_word' id='word_1_758' title='bbox 1294 2364 1327 2392; x_wconf 86' lang='grc' dir='ltr'><strong>ἂν</strong></span> <span class='ocrx_word' id='word_1_759' title='bbox 1341 2364 1456 2399; x_wconf 79' lang='grc' dir='ltr'>ψευδοῦς</span> <span class='ocrx_word' id='word_1_760' title='bbox 1478 2364 1606 2400; x_wconf 77' lang='grc' dir='ltr'>ῥηθέντος</span> <span class='ocrx_word' id='word_1_761' title='bbox 1622 2366 1669 2392; x_wconf 80' lang='grc' dir='ltr'>καὶ</span> <span class='ocrx_word' id='word_1_762' title='bbox 1683 2366 1776 2399; x_wconf 74' lang='grc' dir='ltr'>αὐτοῦ,</span> <span class='ocrx_word' id='word_1_763' title='bbox 1793 2367 1887 2403; x_wconf 85' lang='grc' dir='ltr'>ἐπειδὴ</span> 
     </span>
    </p>
   </div>
   <div class='ocr_carea' id='block_1_97' title="bbox 1095 2410 1886 2447">
    <p class='ocr_par' dir='ltr' id='par_1_97' title="bbox 1095 2410 1886 2447">
     <span class='ocr_line' id='line_1_98' title="bbox 1095 2410 1886 2447; baseline 0.003 -10"><span class='ocrx_word' id='word_1_764' title='bbox 1095 2411 1183 2437; x_wconf 78' lang='grc' dir='ltr'>καὶτὸ</span> <span class='ocrx_word' id='word_1_765' title='bbox 1198 2411 1330 2444; x_wconf 75' lang='grc' dir='ltr'>ἐναντίον,</span> <span class='ocrx_word' id='word_1_766' title='bbox 1348 2410 1419 2445; x_wconf 85' lang='grc' dir='ltr'>λέγω</span> <span class='ocrx_word' id='word_1_767' title='bbox 1435 2411 1505 2437; x_wconf 80' lang='grc' dir='ltr'>δὲτὸ</span> <span class='ocrx_word' id='word_1_768' title='bbox 1522 2411 1559 2447; x_wconf 85' lang='grc' dir='ltr'>μὴ</span> <span class='ocrx_word' id='word_1_769' title='bbox 1577 2411 1665 2438; x_wconf 84' lang='grc' dir='ltr'>πάντα</span> <span class='ocrx_word' id='word_1_770' title='bbox 1679 2412 1837 2439; x_wconf 74' lang='grc' dir='ltr'>ἀποὸαίνειν</span> <span class='ocrx_word' id='word_1_771' title='bbox 1853 2414 1886 2440; x_wconf 76' lang='grc' dir='ltr'>τὰ</span> 
     </span>
    </p>
   </div>
   <div class='ocr_carea' id='block_1_98' title="bbox 1096 2501 1738 2537">
    <p class='ocr_par' dir='ltr' id='par_1_98' title="bbox 1096 2501 1738 2537">
     <span class='ocr_line' id='line_1_99' title="bbox 1096 2501 1738 2537; baseline 0.003 -10"><span class='ocrx_word' id='word_1_772' title='bbox 1096 2506 1186 2537; x_wconf 83' lang='lat' dir='ltr'><strong>autem</strong></span> <span class='ocrx_word' id='word_1_773' title='bbox 1202 2501 1349 2535; x_wconf 72' lang='lat' dir='ltr'><strong>voluptatis</strong></span> <span class='ocrx_word' id='word_1_774' title='bbox 1364 2501 1534 2537; x_wconf 86' lang='lat' dir='ltr'><strong>illecebram,</strong></span> <span class='ocrx_word' id='word_1_775' title='bbox 1555 2501 1589 2529; x_wconf 89' lang='lat' dir='ltr'><strong>de</strong></span> <span class='ocrx_word' id='word_1_776' title='bbox 1604 2509 1657 2537; x_wconf 92' lang='lat' dir='ltr'><strong>qua</strong></span> <span class='ocrx_word' id='word_1_777' title='bbox 1672 2502 1738 2529; x_wconf 90' lang='lat' dir='ltr'><strong>ibid.</strong></span> 
     </span>
    </p>
   </div>
   <div class='ocr_carea' id='block_1_99' title="bbox 1132 2535 1883 2572">
    <p class='ocr_par' dir='ltr' id='par_1_99' title="bbox 1132 2535 1883 2572">
     <span class='ocr_line' id='line_1_100' title="bbox 1132 2535 1883 2572; baseline 0.004 -10"><span class='ocrx_word' id='word_1_778' title='bbox 1132 2535 1189 2570; x_wconf 76' lang='lat'><strong>(‘26)</strong></span> <span class='ocrx_word' id='word_1_779' title='bbox 1208 2536 1407 2570; x_wconf 74' lang='grc' dir='ltr'>Διογενιανοῦ.</span> <span class='ocrx_word' id='word_1_780' title='bbox 1438 2535 1686 2572; x_wconf 36' lang='grc' dir='ltr'>Λιιηιηοεεηῖειιυε</span> <span class='ocrx_word' id='word_1_781' title='bbox 1708 2538 1753 2565; x_wconf 88' lang='lat' dir='ltr'><strong>ille</strong></span> <span class='ocrx_word' id='word_1_782' title='bbox 1766 2558 1774 2570; x_wconf 84' lang='lat'><strong>,</strong></span> <span class='ocrx_word' id='word_1_783' title='bbox 1800 2545 1883 2572; x_wconf 89' lang='lat' dir='ltr'><strong>quem</strong></span> 
     </span>
    </p>
   </div>
   <div class='ocr_carea' id='block_1_100' title="bbox 1097 2570 1883 2607">
    <p class='ocr_par' dir='ltr' id='par_1_100' title="bbox 1097 2570 1883 2607">
     <span class='ocr_line' id='line_1_101' title="bbox 1097 2570 1883 2607; baseline 0.004 -10"><span class='ocrx_word' id='word_1_784' title='bbox 1097 2570 1196 2607; x_wconf 75' lang='lat' dir='ltr'><strong>Suidas</strong></span> <span class='ocrx_word' id='word_1_785' title='bbox 1214 2579 1261 2605; x_wconf 88' lang='lat' dir='ltr'><strong>per</strong></span> <span class='ocrx_word' id='word_1_786' title='bbox 1278 2579 1303 2597; x_wconf 92' lang='grc' dir='ltr'><strong>ει</strong></span> <span class='ocrx_word' id='word_1_787' title='bbox 1316 2571 1420 2605; x_wconf 85' lang='lat' dir='ltr'><strong>scribit,</strong></span> <span class='ocrx_word' id='word_1_788' title='bbox 1436 2577 1462 2598; x_wconf 70' lang='lat' dir='ltr'><strong>et</strong></span> <span class='ocrx_word' id='word_1_789' title='bbox 1483 2570 1668 2607; x_wconf 77' lang='lat' dir='ltr'><strong>Heracleotetn</strong></span> <span class='ocrx_word' id='word_1_790' title='bbox 1691 2572 1776 2600; x_wconf 80' lang='lat' dir='ltr'><strong>fuisse</strong></span> <span class='ocrx_word' id='word_1_791' title='bbox 1790 2570 1883 2607; x_wconf 72' lang='lat' dir='ltr'><strong>tradit,</strong></span> 
     </span>
    </p>
   </div>
   <div class='ocr_carea' id='block_1_101' title="bbox 1097 2606 1884 2641">
    <p class='ocr_par' dir='ltr' id='par_1_101' title="bbox 1097 2606 1884 2641">
     <span class='ocr_line' id='line_1_102' title="bbox 1097 2606 1884 2641; baseline 0.006 -10"><span class='ocrx_word' id='word_1_792' title='bbox 1097 2606 1286 2641; x_wconf 74' lang='lat' dir='ltr'><strong>insignemque</strong></span> <span class='ocrx_word' id='word_1_793' title='bbox 1309 2607 1535 2641; x_wconf 74' lang='lat' dir='ltr'><strong>grammaticum?</strong></span> <span class='ocrx_word' id='word_1_794' title='bbox 1560 2606 1646 2641; x_wconf 87' lang='lat' dir='ltr'><strong>Hujus</strong></span> <span class='ocrx_word' id='word_1_795' title='bbox 1662 2612 1770 2635; x_wconf 81' lang='lat' dir='ltr'><strong>exstant</strong></span> <span class='ocrx_word' id='word_1_796' title='bbox 1783 2607 1884 2636; x_wconf 67' lang='lat' dir='ltr'><strong>Graeca:</strong></span> 
     </span>
    </p>
   </div>
   <div class='ocr_carea' id='block_1_102' title="bbox 1097 2639 1881 2681">
    <p class='ocr_par' dir='ltr' id='par_1_102' title="bbox 1097 2639 1881 2681">
     <span class='ocr_line' id='line_1_103' title="bbox 1097 2639 1881 2681; baseline 0.005 -15"><span class='ocrx_word' id='word_1_797' title='bbox 1097 2639 1250 2681; x_wconf 45' lang='lat' dir='ltr'><strong>Parceniiteg</strong></span> <span class='ocrx_word' id='word_1_798' title='bbox 1270 2639 1406 2681; x_wconf 67' lang='lat' dir='ltr'><strong>Medicum</strong></span> <span class='ocrx_word' id='word_1_799' title='bbox 1418 2642 1540 2681; x_wconf 76' lang='lat' dir='ltr'><strong>ejusdem</strong></span> <span class='ocrx_word' id='word_1_800' title='bbox 1556 2639 1675 2681; x_wconf 72' lang='lat' dir='ltr'><strong>nominis</strong></span> <span class='ocrx_word' id='word_1_801' title='bbox 1699 2643 1881 2681; x_wconf 73' lang='lat' dir='ltr'><strong>clarissimum</strong></span> 
     </span>
    </p>
   </div>
   <div class='ocr_carea' id='block_1_103' title="bbox 1096 2676 1882 2709">
    <p class='ocr_par' dir='ltr' id='par_1_103' title="bbox 1096 2676 1882 2709">
     <span class='ocr_line' id='line_1_104' title="bbox 1096 2676 1882 2709; baseline 0.004 -7"><span class='ocrx_word' id='word_1_802' title='bbox 1096 2676 1167 2702; x_wconf 87' lang='lat' dir='ltr'><strong>idem</strong></span> <span class='ocrx_word' id='word_1_803' title='bbox 1185 2676 1283 2704; x_wconf 86' lang='lat' dir='ltr'><strong>Suidas</strong></span> <span class='ocrx_word' id='word_1_804' title='bbox 1294 2676 1384 2709; x_wconf 89' lang='lat' dir='ltr'><strong>habet,</strong></span> <span class='ocrx_word' id='word_1_805' title='bbox 1400 2677 1491 2704; x_wconf 89' lang='lat' dir='ltr'><strong>itidem</strong></span> <span class='ocrx_word' id='word_1_806' title='bbox 1506 2676 1702 2707; x_wconf 88' lang='lat' dir='ltr'><strong>Heracleotem.</strong></span> <span class='ocrx_word' id='word_1_807' title='bbox 1720 2679 1766 2705; x_wconf 87' lang='lat' dir='ltr'><strong>sed</strong></span> <span class='ocrx_word' id='word_1_808' title='bbox 1780 2686 1812 2705; x_wconf 76' lang='lat' dir='ltr'><strong>ex</strong></span> <span class='ocrx_word' id='word_1_809' title='bbox 1827 2678 1882 2706; x_wconf 78' lang='lat' dir='ltr'><strong>He-</strong></span> 
     </span>
    </p>
   </div>
   <div class='ocr_carea' id='block_1_104' title="bbox 1096 2711 1881 2747">
    <p class='ocr_par' dir='ltr' id='par_1_104' title="bbox 1096 2711 1881 2747">
     <span class='ocr_line' id='line_1_105' title="bbox 1096 2711 1881 2747; baseline 0.005 -11"><span class='ocrx_word' id='word_1_810' title='bbox 1096 2711 1186 2747; x_wconf 84' lang='lat' dir='ltr'><strong>raclea</strong></span> <span class='ocrx_word' id='word_1_811' title='bbox 1201 2711 1297 2747; x_wconf 59' lang='lat' dir='ltr'><strong>Cariae,</strong></span> <span class='ocrx_word' id='word_1_812' title='bbox 1311 2720 1372 2739; x_wconf 92' lang='lat' dir='ltr'><strong>cum</strong></span> <span class='ocrx_word' id='word_1_813' title='bbox 1385 2712 1507 2747; x_wconf 85' lang='lat' dir='ltr'><strong>plerique</strong></span> <span class='ocrx_word' id='word_1_814' title='bbox 1518 2713 1725 2747; x_wconf 82' lang='lat' dir='ltr'><strong>grammaticum</strong></span> <span class='ocrx_word' id='word_1_815' title='bbox 1740 2713 1816 2740; x_wconf 82' lang='lat' dir='ltr'><strong>illum</strong></span> <span class='ocrx_word' id='word_1_816' title='bbox 1829 2714 1881 2740; x_wconf 87' lang='lat' dir='ltr'><strong>lle-</strong></span> 
     </span>
    </p>
   </div>
   <div class='ocr_carea' id='block_1_105' title="bbox 1097 2745 1878 2783">
    <p class='ocr_par' dir='ltr' id='par_1_105' title="bbox 1097 2745 1878 2783">
     <span class='ocr_line' id='line_1_106' title="bbox 1097 2745 1878 2783; baseline 0.004 -11"><span class='ocrx_word' id='word_1_817' title='bbox 1097 2746 1193 2783; x_wconf 66' lang='lat' dir='ltr'><strong>raclea:</strong></span> <span class='ocrx_word' id='word_1_818' title='bbox 1206 2745 1283 2783; x_wconf 70' lang='lat' dir='ltr'><strong>Ponti</strong></span> <span class='ocrx_word' id='word_1_819' title='bbox 1303 2745 1396 2783; x_wconf 83' lang='lat' dir='ltr'><strong>natum</strong></span> <span class='ocrx_word' id='word_1_820' title='bbox 1414 2745 1566 2783; x_wconf 61' lang='lat' dir='ltr'><strong>crederent.</strong></span> <span class='ocrx_word' id='word_1_821' title='bbox 1574 2747 1735 2775; x_wconf 81' lang='lat' dir='ltr'><strong>Plutarchus</strong></span> <span class='ocrx_word' id='word_1_822' title='bbox 1745 2749 1771 2774; x_wconf 92' lang='lat' dir='ltr'><strong>in</strong></span> <span class='ocrx_word' id='word_1_823' title='bbox 1784 2756 1878 2783; x_wconf 88' lang='lat' dir='ltr'><strong>opusc.</strong></span> 
     </span>
    </p>
   </div>
   <div class='ocr_carea' id='block_1_106' title="bbox 1097 2780 1879 2816">
    <p class='ocr_par' dir='ltr' id='par_1_106' title="bbox 1097 2780 1879 2816">
     <span class='ocr_line' id='line_1_107' title="bbox 1097 2780 1879 2816; baseline 0.005 -9"><span class='ocrx_word' id='word_1_824' title='bbox 1097 2780 1136 2816; x_wconf 63' lang='lat' dir='ltr'><strong>pe</strong></span> <span class='ocrx_word' id='word_1_825' title='bbox 1148 2780 1253 2816; x_wconf 74' lang='lat' dir='ltr'><strong>Pythia:</strong></span> <span class='ocrx_word' id='word_1_826' title='bbox 1268 2782 1369 2809; x_wconf 74' lang='lat' dir='ltr'><strong>oracul.</strong></span> <span class='ocrx_word' id='word_1_827' title='bbox 1395 2788 1422 2809; x_wconf 87' lang='lat' dir='ltr'><strong>et</strong></span> <span class='ocrx_word' id='word_1_828' title='bbox 1444 2783 1490 2809; x_wconf 90' lang='lat' dir='ltr'><strong>lib.</strong></span> <span class='ocrx_word' id='word_1_829' title='bbox 1509 2782 1546 2809; x_wconf 82' lang='lat' dir='ltr'><strong>De</strong></span> <span class='ocrx_word' id='word_1_830' title='bbox 1562 2783 1660 2809; x_wconf 79' lang='lat' dir='ltr'><strong>canm‘v.</strong></span> <span class='ocrx_word' id='word_1_831' title='bbox 1680 2780 1810 2815; x_wconf 61' lang='lat' dir='ltr'><strong>alterum,</strong></span> <span class='ocrx_word' id='word_1_832' title='bbox 1832 2785 1879 2811; x_wconf 86' lang='lat' dir='ltr'><strong>sed</strong></span> 
     </span>
    </p>
   </div>
   <div class='ocr_carea' id='block_1_107' title="bbox 1096 2814 1879 2855">
    <p class='ocr_par' dir='ltr' id='par_1_107' title="bbox 1096 2814 1879 2855">
     <span class='ocr_line' id='line_1_108' title="bbox 1096 2814 1879 2855; baseline 0.003 -12"><span class='ocrx_word' id='word_1_833' title='bbox 1096 2814 1305 2855; x_wconf 53' lang='lat' dir='ltr'><strong>fergarnenum,</strong></span> <span class='ocrx_word' id='word_1_834' title='bbox 1329 2817 1355 2844; x_wconf 92' lang='lat' dir='ltr'><strong>in</strong></span> <span class='ocrx_word' id='word_1_835' title='bbox 1374 2818 1540 2855; x_wconf 68' lang='lat' dir='ltr'><strong>colloquium</strong></span> <span class='ocrx_word' id='word_1_836' title='bbox 1556 2818 1675 2855; x_wconf 69' lang='lat' dir='ltr'><strong>adhibet.</strong></span> <span class='ocrx_word' id='word_1_837' title='bbox 1691 2814 1879 2855; x_wconf 75' lang='lat' dir='ltr'><strong>Theodoretus</strong></span> 
     </span>
    </p>
   </div>
   <div class='ocr_carea' id='block_1_108' title="bbox 1093 2850 1880 2893">
    <p class='ocr_par' dir='ltr' id='par_1_108' title="bbox 1093 2850 1880 2893">
     <span class='ocr_line' id='line_1_109' title="bbox 1093 2850 1880 2893; baseline 0.005 -16"><span class='ocrx_word' id='word_1_838' title='bbox 1093 2850 1139 2877; x_wconf 88' lang='lat' dir='ltr'><strong>lib.</strong></span> <span class='ocrx_word' id='word_1_839' title='bbox 1191 2851 1229 2892; x_wconf 75' lang='grc' dir='ltr'><strong>ρε</strong></span> <span class='ocrx_word' id='word_1_840' title='bbox 1241 2851 1392 2879; x_wconf 69' lang='grc' dir='ltr'>ϐνωεοηιηι</span> <span class='ocrx_word' id='word_1_841' title='bbox 1403 2850 1503 2886; x_wconf 45' lang='lat' dir='ltr'><strong>uires!”</strong></span> <span class='ocrx_word' id='word_1_842' title='bbox 1528 2860 1589 2888; x_wconf 79' lang='lat' dir='ltr'><strong>pag.</strong></span> <span class='ocrx_word' id='word_1_843' title='bbox 1605 2853 1668 2887; x_wconf 75' lang='grc'><strong>138,</strong></span> <span class='ocrx_word' id='word_1_844' title='bbox 1686 2854 1771 2881; x_wconf 86' lang='lat' dir='ltr'><strong>nostri</strong></span> <span class='ocrx_word' id='word_1_845' title='bbox 1796 2854 1880 2888; x_wconf 86' lang='lat' dir='ltr'><strong>hujus</strong></span> 
     </span>
    </p>
   </div>
   <div class='ocr_carea' id='block_1_109' title="bbox 1093 2892 1225 2915">
    <p class='ocr_par' dir='ltr' id='par_1_109' title="bbox 1093 2892 1225 2915">
     <span class='ocr_line' id='line_1_110' title="bbox 1093 2892 1225 2915; baseline 0.015 -2"><span class='ocrx_word' id='word_1_846' title='bbox 1093 2892 1225 2915; x_wconf 75' lang='grc' dir='ltr'>ιιιριῐηηιῑ.</span> 
     </span>
    </p>
   </div>
  </div>
