2060 3213
166 192 214 219 in

739 190 900 220 PREPAR.
921 191 1047 219 EVANG.
1069 191 1132 219 LIB.
1153 191 1196 219 IV.

1740 191 1793 219 242

168 247 418 284 προαγορευθέντα,
430 248 528 284 μᾶλλον
540 249 567 275 δὲ
578 248 613 274 τὰ
628 248 739 275 πλεῖστα
753 249 842 276 αὐτῶν
856 250 872 285 ἡ
886 249 939 285 ὲνέε

990 251 1136 278 ιιιιιιιιίιιιιι
1160 255 1235 283 sunt,
1262 249 1380 283 evenire,
1403 249 1459 277 imo
1481 257 1560 278 secus
1573 249 1682 277 evenire
1697 258 1794 284 quam-

167 303 225 329 γεια
238 294 295 329 (27)
304 294 454 321 δείκνυσιν.
463 293 542 321 Οὕτω
548 295 597 330 τὴν
609 293 745 326 ἀπόδειξιν
761 296 826 330 ἡμῖν
835 295 957 330 Χρύσιπ-

165 349 213 372 πος
234 339 380 375 κεκόμικε,
403 340 438 366 δι’
454 340 574 376 ἀλλήλων
590 341 801 372 κατασκευάζων
827 340 954 376 ἑκάτερα.

164 386 200 412 Τὸ
216 386 266 421 μὲν
279 385 335 421 γὰρ
348 386 439 414 πάντα
454 386 577 420 γίνεσθαι
599 386 661 413 καθ’
677 386 846 421 εἱμαρμένην
861 387 894 412 ἐκ
909 387 955 413 τοῦ

164 431 298 468 μαντικὴν
311 430 383 459 εῖναι
395 432 531 459 δεικνύναι
547 432 669 467 βούλεται
682 441 687 447 ·
704 433 734 458 τδ
748 433 777 459 δὲ
799 430 868 459 εἶναι
887 442 954 468 perv-

162 477 241 513 τικὴν
255 478 307 505 οὐκ
321 477 355 504 ἃν
371 478 460 510 ἄλλως
471 478 611 512 ἀποδεῖξαι
623 478 742 511 δύναιτο,
757 479 780 505 εξ
802 478 838 514 μὴ
853 479 954 513 προλά-

163 524 204 549 ϐοι
226 523 257 550 τδ
281 524 369 551 πάντα
386 524 545 559 συμϐαίνειν
562 524 622 551 καθ’
644 525 824 560 εἱμαρμένην.
842 526 919 557 Ποίος
932 526 953 551 δ’

162 568 197 595 ἂν
213 568 415 605 μοχθηράτερος
433 569 533 605 τρόπος
545 569 708 601 ἀποδείξεως
722 569 816 595 τούτου
830 569 952 603 γένοιτο;

162 615 199 641 Τὸ
213 615 270 651 γὰρ
281 615 438 642 ἀποϐαίνειν
453 615 513 642 τινὰ
529 614 600 642 κατὰ
614 615 662 651 τὴν
679 615 818 651 ἐνέργειαν
837 612 874 642 ὧν
887 624 953 651 προ-

160 659 285 694 λέγουσιν
297 661 322 687 oi
335 659 454 696 μάντεις,
465 660 496 687 οὐ
507 660 553 687 τοῦ
570 660 703 696 μαντικὴν
716 661 812 696 ὲπιστή
818 669 871 696 μην
883 658 952 686 εἶναι

160 708 275 741 σημεῖον
299 705 330 734 ἂν
354 706 408 742 εἴη,
425 705 495 733 ἀλλὰ
515 706 562 733 τοῦ
578 707 696 741 τυχικῶς
711 707 877 742 συμπίπτειν
892 709 951 739 ταῖς

159 751 379 787 προαγορεύσεσι
396 751 558 787 συμφώνους
572 751 621 784 τὰς
637 752 779 783 ἐκϐάσεις·
797 752 865 788 ὅπερ
880 753 951 779 οὐδε·

160 798 228 832 μίαν
243 798 310 834 ἡμῖν
329 798 486 834 ἐπιστήμην
501 798 698 825 ὑποδείκνυσιν.
717 798 784 825 Οὐδὲ
807 799 861 834 γὰρ
876 799 950 832 τοξό-

157 852 208 879 την
224 843 258 871 ἂν
271 845 396 880 εἴποιμεν
409 845 579 880 ἐπιστήμονα
595 845 640 871 τὸν
659 844 733 877 ἅπαξ
749 846 814 872 ποτε
834 846 948 881 τυχόντα

157 889 206 916 τοῦ
225 889 340 923 σκοποῦ,
362 889 494 922 πολλάκις
518 891 546 917 δὲ
569 891 792 926 ἀποτυγχάνοντα
804 899 811 906 ο
828 891 886 918 οὐδὲ
905 892 946 917 ἱα-

1009 297 1126 331 plurima
1148 297 1234 324 oculis
1254 296 1320 331 ipsis
1343 296 1462 330 quotidie
1485 295 1634 323 videamus.
1663 295 1708 324 Sic
1728 304 1792 331 ergo

1009 342 1088 370 nobis
1101 350 1180 369 suum
1195 342 1260 369 illud
1274 341 1441 377 Chrysippus
1460 346 1648 377 argumentum
1660 342 1792 374 obtrudit,

1008 394 1038 415 ιιι
1050 388 1166 415 alterum
1188 387 1307 414 vicissitn
1323 394 1354 414 ex
1369 386 1454 414 altero
1471 386 1589 422 colligat.
1617 386 1685 414 Natn
1698 392 1725 414 et
1738 388 1792 414 lato

1007 440 1104 462 cuncta
1121 434 1177 462 ﬁeri
1191 442 1223 461 ex
1238 441 1281 465 eo,
1302 433 1374 467 quod
1391 433 1522 460 divinatio
1542 432 1588 473 sit,
1614 433 1730 467 probare
1745 442 1791 460 co—

1007 486 1097 512 natur,
1114 489 1163 508 nec
1177 484 1265 507 tamen
1280 479 1473 506 divinationem
1496 486 1558 506 esse
1577 478 1655 506 aliter
1670 487 1790 514 unquam

1006 528 1122 562 probare
1136 526 1232 561 possit,
1249 525 1301 552 nisi
1315 525 1390 559 prius
1403 524 1479 556 illud,
1497 524 1586 551 omnia
1601 524 1656 552 fato
1670 525 1789 558 evenirc,

1005 577 1104 601 sutnat.
1121 572 1186 605 Quae
1200 577 1289 599 autem
1313 571 1519 605 argumentandi
1534 571 1603 598 ratio
1615 571 1656 598 vel
1671 570 1791 606 iniquior

1004 619 1045 645 vel
1058 618 1172 653 ineptior
1195 624 1256 644 esse
1270 617 1371 652 queat?
1388 615 1455 642 Nam
1472 616 1544 651 quod
1563 623 1597 643 ex
1610 616 1654 650 iis,
1677 625 1738 652 qme
1749 617 1791 644 di-

1004 665 1058 692 vini
1076 664 1269 699 praenuntiant,
1286 663 1415 691 nonnulla
1429 663 1593 697 quandoque
1608 670 1637 689 re
1652 662 1709 697 ipsa
1724 670 1790 691 con-

1004 712 1118 746 tingant,
1129 711 1154 738 id
1165 718 1219 738 non
1232 710 1288 745 jam
1304 709 1479 737 divinationis
1497 713 1582 736 artem
1598 709 1716 744 aliquam
1728 717 1789 738 esse

1002 763 1163 794 argumento
1177 762 1218 785 est
1229 778 1237 790 ,
1262 757 1307 785 sed
1322 756 1412 792 potius
1431 764 1495 783 casu
1511 756 1567 782 ﬁeri
1579 775 1586 788 ,
1605 755 1628 783 si
1644 756 1706 790 quis
1720 764 1789 784 non-

1002 812 1141 840 nunquam
1159 808 1274 832 eventus
1290 811 1351 831 cum
1363 810 1457 830 eorum
1478 802 1653 837 praedictione
1670 809 1787 829 consen-

1002 850 1060 877 tiat.
1080 849 1109 877 ld
1123 850 1195 885 quod
1210 850 1311 876 nullam
1335 857 1401 876 sane
1425 847 1566 876 scientiam
1580 855 1641 874 esse
1656 847 1785 874 declarat.

999 896 1054 924 Nec
1064 896 1136 924 enim
1149 916 1156 928 ,
1183 897 1279 931 opinor
1290 916 1297 928 ,
1319 895 1448 924 scientem
1464 894 1539 921 illum
1555 894 1725 929 peritumque
1740 902 1786 922 sa-

154 935 222 971 ἰρὺν
238 935 284 963 τὸν
307 935 470 972 ἀναιροῦντα
490 937 552 968 τοὺς
569 937 678 969 πλείους
692 936 745 964 τῶν
763 936 939 972 θεραπευομέι

999 942 1137 977 gittarium
1155 942 1315 973 dixerimus,
1334 941 1380 975 qui
1395 948 1457 968 cum
1472 940 1554 968 semel
1567 939 1714 975 aliquando
1727 939 1787 966 eol-

156 989 211 1008 νων
223 981 269 1007 ὑπ’
282 980 376 1011 αὑτοῦ.
386 981 435 1008 ἕνα
447 982 474 1009 δέ
490 991 556 1009 ποτε
566 982 697 1009 διασῶσαι
711 982 873 1018 δυνηθέντα·
888 983 947 1009 οὐδὲ

154 1026 224 1058 ὅλως
249 1027 405 1063 ἐπιστήμην
428 1027 544 1064 λέγομεν
565 1028 614 1064 τὴν
641 1029 678 1064 μὴ
701 1028 831 1064 πάντανῆ
858 1029 892 1056 τά
914 1038 945 1063 γε

154 1073 271 1099 πλεῖστα
293 1073 348 1100 τῶν
369 1074 477 1101 οἰκείων
501 1074 589 1110 ἔργων
611 1074 806 1110 κατορθοῦσαν.
834 1074 894 1101 ’Ότι
918 1074 945 1101 δὲ

153 1118 373 1154 ἀποτυγχάνεται
390 1119 424 1146 τὰ
438 1119 523 1147 πολλὰ
539 1121 595 1152 τοῖς
611 1120 789 1156 καλουμένοις
806 1120 944 1156 μάντεσιν,

151 1166 168 1193 ὁ
182 1165 238 1197 πᾶς
250 1165 306 1192 τῶν
320 1165 470 1202 ἀνθρώταυν
487 1166 543 1201 βίος
562 1166 666 1202 μάρτυς
694 1166 727 1193 ἂν
740 1166 794 1202 εἴη,
813 1167 859 1194 καὶ
873 1164 945 1194 οὗτοί

150 1220 181 1238 τε
206 1212 294 1245 αὐτοὶ,
310 1212 336 1238 οἱ
358 1212 408 1248 τὴν
435 1211 566 1248 μαντικὴν
592 1212 820 1248 ἐπαγγελλόμενοι
837 1213 944 1248 τέχνην,

150 1257 212 1292 οὐχὶ
225 1257 271 1284 διὰ
282 1257 382 1292 ταύτης
397 1258 504 1289 ἑαυτοῖς
522 1257 680 1292 βοηθοῦντες
696 1259 725 1285 ἐν
739 1260 799 1291 ταῖς
814 1258 885 1285 κατά
899 1257 943 1285 τὸν

151 1303 208 1337 βίον
225 1303 342 1338 χρείαις,
355 1303 423 1330 ἀλλὰ
434 1303 531 1339 γνώμῃ
547 1311 577 1330 τε
593 1303 646 1339 ἰδίᾳ
658 1304 724 1330 ποτε
740 1303 885 1339 χρώμενοι,
899 1305 944 1330 καὶ

149 1347 291 1384 ωμὸουλῇ
303 1348 350 1375 καὶ
370 1349 512 1385 συνεργείᾳ
525 1349 579 1376 τῶν
595 1351 625 1376 ὲν
639 1350 764 1382 ἑκάστοις
791 1349 845 1376 τῶν
873 1359 930 1386 πρα

147 1394 264 1430 γμάτων
283 1394 434 1431 ἐμπειρίαν
457 1395 606 1430 κεκτῆσθαι
621 1396 832 1431 νενομισμένων.
864 1395 942 1422 Ἀλλὰ

147 1439 213 1475 περὶ
227 1439 280 1474 μὲν
296 1439 344 1466 τοῦ
368 1440 406 1475 μὴ
423 1440 582 1467 συνεστάναι
596 1440 685 1473 τοῦτο,
701 1440 717 1466 ὃ
737 1439 942 1476 προειλήφαμεν

149 1485 284 1520 μαντικὴν
297 1484 399 1518 καλεῖν,
412 1486 441 1513 ὲν
453 1485 541 1518 ἄλλοις
554 1485 730 1521 ἀποδώσομεν
746 1485 940 1522 πληρέστερον,

147 1531 362 1568 παρατιθέμενοι
387 1532 421 1559 τὰ
450 1532 604 1568 Ἐπικούρῳ
626 1532 673 1559 καὶ
694 1532 759 1567 περὶ
780 1531 877 1557 τούτου
899 1531 941 1558 δο-

146 1578 263 1605 κοῦντα·
281 1579 343 1605 νυνὶ
355 1579 384 1606 δὲ
399 1577 526 1605 τοσοῦτον
546 1579 600 1610 τοῖς
617 1578 772 1614 εἰρημένοις
790 1576 941 1613 προσθήσο-

148 1633 208 1660 μεν,
223 1622 267 1651 ὅτι
292 1624 409 1661 μάλιστα
432 1625 488 1661 (28)
515 1625 564 1660 μὲν
578 1625 608 1651 τὸ
632 1624 773 1659 ἀληθεύειν
790 1623 855 1650 ποτὲ
876 1623 937 1655 τοὺς

145 1671 332 1707 καλουμένους
360 1671 469 1706 μάντεις
481 1671 509 1697 ὲν
530 1672 591 1702 ταῖς
616 1668 858 1705 προαγορεύσεσιν,
887 1669 936 1694 οὐκ

145 1718 313 1754 ἐπιστήμης,
335 1717 404 1744 ἀλλὰ
423 1717 535 1752 ωχικῆς
557 1717 647 1748 αἰτίας
672 1716 750 1751 ἔργον
766 1715 798 1742 ἂν
823 1715 875 1750 εἴη.
899 1715 935 1740 Οὐ

144 1761 198 1797 γὰρ
217 1761 248 1788 τὸ
278 1761 346 1797 μηδὲ
373 1761 482 1788 πώποτε
506 1761 553 1788 τοῦ
575 1761 756 1797 προκειμένου
780 1759 934 1795 τυγχάνειν,

142 1807 211 1834 ἀλλὰ
233 1807 265 1834 τὸ
291 1808 329 1843 μὴ
357 1808 473 1835 πάντοτε
508 1807 569 1843 μηδ’
596 1808 634 1839 ὡς
660 1807 706 1833 ἐπὶ
733 1806 762 1833 τὸ
791 1806 914 1832 πλεῖστον
927 1825 933 1836 ,

143 1853 206 1888 μηδ’
234 1853 266 1886 ὲξ
291 1854 461 1890 ἐπιστήμης,
489 1853 552 1880 ὅταν
568 1863 610 1885 τις
633 1853 679 1880 καὶ
708 1861 772 1879 ποτε
800 1851 931 1886 τυγχάνῃ,

142 1898 227 1934 τύχης
245 1898 326 1934 ἔργον
336 1898 427 1926 καλεῖν
444 1899 658 1935 προειλήφαμεν,
670 1898 693 1924 οἰ
710 1896 876 1931 διειληψότες
887 1896 934 1927 τὰς

142 1945 189 1979 ὑφ’
201 1944 318 1971 ἱκαστον
332 1944 418 1980 ὄνομα
431 1945 601 1980 τεταγμένας
617 1945 742 1980 ἐναργεῖς
757 1943 859 1974 ἐννοίας
877 1943 935 1969 ἑαυσ

140 1990 206 2018 τῶν.
231 1991 348 2018 Ἔπειτα
362 1992 386 2018 ει
404 1992 451 2018 καὶ
465 1992 525 2018 καθ’
539 1991 666 2017 ὑπόθεσιν
685 1989 719 2026 ἦν
736 1990 844 2025 ἀληθὲς,
857 1989 887 2015 τὸ
903 1989 933 2024 δὴ

139 2038 190 2073 τὴν
208 2039 343 2074 μαντικὴν
359 2038 412 2065 τῶν
435 2038 585 2074 μελλόντων
600 2038 726 2064 ἁπάντων
743 2036 813 2063 εἶναι
831 2036 934 2071 θεωρη-

138 2084 218 2119 τικήν
240 2092 270 2110 τε
285 2084 332 2110 καὶ
352 2085 601 2120 προαγορευτικήν’
628 2083 657 2110 τὸ
689 2082 738 2118 μὲν
759 2082 847 2108 πάντα
873 2080 932 2107 καθ’

138 2129 312 2165 εἱμαρμένην
337 2127 407 2156 εἶναι
439 2130 570 2166 συνήγετο
596 2129 629 2156 ἂν
653 2128 755 2160 οὕτως’
781 2128 810 2154 τὺ
842 2126 934 2162 μέντοι

137 2175 267 2210 χμιῶδες
277 2174 364 2209 αὐτῆς
381 2176 428 2202 καὶ
445 2175 574 2210 βιωφελὲς
590 2176 639 2202 οὐκ
650 2175 683 2202 ἄν
701 2183 767 2201 ποτε
782 2173 929 2204 ἐδείκνυτο,

136 2221 180 2247 διὸ
199 2221 250 2247 καὶ
264 2220 384 2256 μάλιστα
402 2221 564 2258 Χρύσιππος
580 2222 653 2249 δοκεί
665 2223 758 2258 ὑμνεῖν
774 2221 821 2256 τὴν
839 2227 932 2255 μαντι-

136 2267 198 2302 κήν.
209 2267 243 2293 Τί
253 2266 308 2302 γὰρ
319 2267 415 2301 ὖφελος
431 2268 497 2302 ἡμῖν
512 2266 546 2303 ἦν
558 2268 759 2303 προμανθάνειν
774 2267 808 2293 τὰ
824 2266 930 2294 πάντως

134 2312 254 2348 ἐσόμενα
268 2313 397 2348 δυσχερῆ,
412 2313 429 2340 ἃ.
447 2314 508 2340 οὐδὲ
529 2314 752 2350 προφυλάξασθαι
767 2314 879 2341 δυνατὸν
896 2314 929 2339 ἂν

134 2359 195 2394 atq;
209 2359 244 2386 τὰ
259 2359 315 2395 γὰρ
330 2359 391 2386 καθ’
405 2360 573 2395 εἱμαρμένην
591 2366 603 2379 ιι
619 2360 754 2394 γενέσθαι,
772 2360 829 2392 πῶς
843 2360 875 2387 ἄν
888 2368 929 2391 τις

135 2404 308 2439 φυλάξασθαι
330 2405 456 2438 δύναιτο;
482 2406 556 2432 Ὠστ“
576 2406 652 2433 οὐδὲν
672 2406 766 2441 ὄφελος
790 2407 855 2441 ἡμῖν
878 2405 928 2440 τῆς

135 2451 280 2486 μαντικῆς,
305 2451 406 2486 μᾶλλον
427 2450 455 2478 δὲ
473 2452 520 2478 καὶ
536 2452 604 2487 πρὸς
628 2452 712 2479 κακοῦ
734 2461 805 2484 τινος
826 2452 929 2486 ἐγίνετο

133 2496 168 2523 ἂν
191 2496 272 2533 αὕτη,
294 2496 327 2524 τδ
357 2497 555 2533 προλυπεῖσθαι
580 2498 668 2534 μάτην
694 2499 853 2534 παρέχουσα
868 2500 926 2530 τοῖς

132 2541 288 2578 ἀνθρώποις
310 2543 358 2570 ἐπὶ
377 2544 437 2575 ταῖς
457 2543 658 2580 προλαϐούσαις
681 2545 851 2580 δυσχερείαις
868 2546 926 2571 κατ’

132 2588 257 2623 ἀνάγκην
270 2589 426 2624 ἐσομέναις.
446 2590 484 2616 Οὐ
497 2589 551 2625 γὰρ
567 2590 615 2625 τὴν
630 2590 690 2625 ἴσην
708 2590 788 2617 πάλιν
800 2590 927 2626 εὐφροσύ-

132 2642 183 2668 νην
206 2634 338 2670 παρέχειν
353 2643 396 2667 τις
419 2636 499 2672 φήσει
519 2637 567 2672 τὴν
589 2637 642 2663 τῶν
659 2637 797 2671 ἐσομένων
817 2636 926 2670 ἀγαθῶν

129 2679 347 2716 προαγόρευσιν·
360 2681 509 2718 ἐπειδήπερ
523 2683 573 2719 οὐχ
588 2682 674 2714 οὕτως
692 2683 814 2717 πέφυκεν
826 2682 927 2718 ἄνθρω-

167 2750 180 2764 ι
201 2744 264 2771 add.
285 2744 426 2780 μέλλοντα.

167 2811 223 2846 (27)
243 2813 351 2849 Αὐτῶν
370 2814 387 2846 ἡ
405 2813 547 2849 ἐνέργεια.
569 2814 670 2842 Pendet
685 2816 925 2849 scntcntia.Quare

130 2852 194 2878 pust
218 2848 311 2886 αὐτῶν
334 2849 397 2886 addi
415 2851 501 2883 possit
516 2850 552 2886 μὴ
576 2850 720 2885 ἀποϐῆναι,
747 2852 788 2878 vel
810 2848 923 2879 ἀποϐαί-

128 2889 244 2919 νεινζέ-
256 2882 329 2919 Lege
344 2882 478 2919 ἐνάργεια.
516 2882 522 2886 ⁷
547 2882 552 2886 ’
600 2886 603 2891 “

167 2916 221 2953 (28)
244 2916 309 2946 "Oti
329 2916 463 2953 μάλὶάτα
486 2921 552 2955 μέν.
577 2922 655 2950 Forte
683 2923 790 2955 melius,
810 2922 924 2957 μάλιστα

998 987 1108 1015 linearit
1130 987 1157 1014 in
1179 994 1310 1022 scopum,
1331 985 1367 1014 ab
1386 985 1481 1014 eodem
1507 984 1607 1019 sarpius
1634 984 1784 1016 aberrarit;

997 1039 1045 1062 aut
1058 1034 1192 1062 medicum
1210 1041 1283 1065 eum,
1297 1033 1343 1068 qui
1357 1040 1426 1067 quos
1441 1032 1498 1067 ipse
1513 1035 1601 1063 curet,
1612 1035 1715 1066 partem
1727 1039 1784 1058 ma-

998 1081 1098 1108 ximam
1118 1088 1179 1107 cum
1204 1079 1356 1111 interimat,
1383 1086 1466 1106 unntn
1496 1077 1612 1104 fortasse
1627 1077 1783 1112 quempiam

997 1134 1106 1155 servare
1128 1126 1246 1162 potuerit
1271 1136 1277 1153 :
1304 1133 1354 1153 nec
1375 1125 1486 1152 omnino
1503 1123 1644 1151 scientiam
1659 1123 1785 1150 nomina-

997 1180 1058 1200 mus
1070 1173 1169 1205 ullam,
1187 1171 1239 1199 nisi
1253 1179 1314 1207 quae
1324 1192 1331 1204 ,
1344 1171 1368 1198 si
1384 1178 1437 1198 non
1456 1170 1547 1197 omnia
1559 1190 1566 1202 ,
1591 1177 1652 1204 qua:
1662 1169 1703 1196 sui
1719 1173 1784 1196 sunt

996 1218 1137 1250 muneris,
1166 1221 1194 1244 at
1217 1217 1343 1252 pleraque
1365 1216 1432 1244 scite
1453 1215 1621 1250 feliciterque
1648 1215 1780 1250 perﬁciat.

994 1263 1054 1293 Jam
1076 1271 1140 1292 vero
1156 1271 1206 1292 sua
1228 1268 1302 1290 vates
1323 1263 1389 1291 istos
1411 1262 1438 1289 in
1463 1261 1590 1297 plurimis
1613 1261 1782 1289 divinatione

995 1309 1070 1343 falli,
1090 1316 1145 1336 non
1161 1308 1242 1336 modo
1263 1309 1317 1336 vita
1339 1307 1494 1334 mortalium
1510 1307 1653 1340 universa,
1674 1307 1721 1334 sed
1742 1306 1779 1333 illi

993 1355 1074 1382 etiam
1089 1354 1160 1389 ipsi,
1178 1354 1225 1389 qui
1241 1353 1379 1381 divinandi
1395 1356 1480 1379 artem
1495 1351 1672 1386 profitentur,
1697 1355 1780 1378 testes

994 1408 1055 1427 esse
1067 1400 1191 1434 possint,
1209 1398 1308 1433 quippe
1331 1397 1377 1432 qui
1394 1396 1428 1424 ab
1441 1404 1472 1423 ea
1494 1396 1562 1423 nihil
1584 1396 1642 1430 opis
1659 1395 1692 1422 ad
1713 1402 1780 1422 usus

993 1446 1054 1472 vitae
1068 1444 1243 1480 quotidianos
1263 1443 1413 1478 accipiant,
1430 1442 1475 1470 sed
1493 1446 1604 1469 utantur
1621 1441 1719 1476 partim
1734 1441 1778 1476 ju-

992 1491 1065 1518 dicio
1086 1498 1154 1523 suo,
1173 1490 1271 1525 partim
1294 1489 1410 1516 aliorum
1434 1488 1549 1516 consilio
1573 1487 1673 1522 pariter
1697 1492 1778 1523 atque

991 1537 1113 1570 auxilio,
1131 1536 1177 1571 qui
1200 1543 1290 1562 rerum
1318 1535 1485 1569 singularum
1508 1534 1677 1569 experientes
1700 1541 1778 1562 eom-

992 1582 1067 1609 muni
1081 1582 1208 1617 opinione
1220 1581 1382 1608 habeantur.
1403 1579 1503 1607 Verum
1521 1579 1588 1606 nihil
1601 1579 1680 1614 plane
1692 1579 1777 1606 llrmi-

952 1621 972 1650 (ἶ
991 1628 1052 1656 tatis
1074 1628 1192 1660 habere,
1215 1634 1296 1662 quam
1321 1626 1401 1660 vulgo
1427 1625 1619 1652 divinationem
1641 1625 1776 1660 appellare

987 1673 1178 1701 consuevimus
1191 1694 1198 1705 ,
1224 1672 1287 1699 alibi
1312 1670 1399 1699 fusius
1421 1671 1615 1702 ostendemus,
1632 1670 1676 1697 ubi
1694 1671 1775 1698 etiam

987 1718 1096 1754 Epicuri
1118 1719 1168 1746 hae
1193 1718 1226 1745 de
1245 1725 1274 1744 re
1300 1716 1464 1744 sententiam
1487 1715 1664 1751 proferemus.
1698 1715 1775 1743 Nunc

986 1770 1076 1792 autem
1094 1772 1178 1791 unum
1194 1765 1281 1792 solum
1298 1768 1345 1791 aut
1361 1763 1476 1791 alterum
1500 1763 1533 1789 ad
1549 1770 1580 1790 ea
1592 1783 1600 1794 ,
1626 1769 1687 1797 qua:
1702 1762 1773 1790 dicta

986 1816 1066 1843 sunt,
1092 1810 1290 1845 adjnngemus;
1311 1815 1393 1845 atque
1417 1810 1467 1837 hoc
1488 1810 1514 1836 in
1538 1809 1650 1844 primis,
1666 1809 1737 1844 quod
1754 1808 1772 1834 il

986 1864 1182 1891 nonnunquatu
1195 1864 1257 1884 vera
1271 1857 1467 1891 praenuntient,
1482 1855 1527 1891 qui
1543 1860 1617 1883 vales
1631 1855 1772 1882 nominan-

987 1908 1030 1930 tur
1044 1924 1050 1935 ,
1067 1903 1092 1930 id
1109 1911 1162 1931 non
1180 1903 1299 1931 scientizn
1312 1923 1319 1935 ,
1337 1903 1384 1930 sed
1398 1903 1474 1930 casui
1494 1902 1688 1938 assignandum
1701 1909 1770 1929 esse.

985 1948 1040 1976 Nec
1051 1949 1123 1976 enim
1138 1948 1198 1984 ejus
1210 1949 1260 1980 rei,
1273 1956 1353 1984 quam
1367 1948 1532 1983 propositam
1545 1948 1682 1979 habueris,
1698 1954 1773 1974 COIII-

985 1998 1073 2029 potem
1092 1994 1149 2021 fieri
1163 2002 1314 2029 nunquam,
1333 1993 1412 2029 138
1424 1993 1470 2020 sed
1489 2001 1575 2028 neque
1593 2000 1709 2028 semper,
1725 2000 1768 2019 ne-

985 2048 1038 2074 que
1056 2045 1083 2066 ut
1099 2039 1247 2074 pluritnutn
1259 2059 1267 2072 ,
1282 2047 1369 2074 neque
1381 2059 1389 2073 ,
1408 2040 1430 2066 si
1452 2039 1561 2074 quando
1580 2046 1692 2073 compos
1710 2039 1770 2070 tias,

984 2086 1097 2113 scientia
1112 2085 1187 2118 lieri;
1206 2085 1258 2113 hoc
1271 2086 1379 2113 deruunt
1394 2092 1435 2114 est
1446 2106 1453 2118 .
1472 2087 1543 2121 quod
1555 2085 1670 2114 fortuna:
1684 2087 1769 2113 tribu-

984 2133 1083 2160 endum
1097 2133 1194 2160 merito
1208 2138 1339 2166 censent,
1363 2133 1410 2168 qui
1433 2139 1539 2169 apertas
1558 2133 1770 2168 significationes

984 2179 1041 2206 suis
1056 2186 1179 2214 quasque
1192 2179 1304 2208 vocibus
1321 2180 1466 2207 attributas
1481 2180 1647 2214 distinguere
1660 2179 1710 2207 rite
1725 2188 1770 2206 no-

983 2229 1056 2250 runt.
1085 2223 1188 2251 Deinde
1201 2224 1282 2251 etiam
1301 2224 1365 2251 illud
1379 2245 1386 2257 ,
1405 2225 1512 2252 tametsi
1526 2225 1652 2252 daremus
1674 2233 1767 2251 verum

983 2277 1053 2303 esse,
1068 2270 1140 2304 quod
1156 2277 1170 2296 a
1182 2269 1333 2305 Chrysippo
1345 2271 1480 2302 sumitur,
1505 2270 1663 2297 divinationi
1678 2271 1768 2297 l'utura

984 2317 1074 2344 omnia
1092 2318 1282 2352 praesentiendi
1307 2326 1338 2345 ac
1363 2317 1523 2352 praedicendi
1542 2317 1596 2344 vim
1612 2317 1718 2350 inesse;
1735 2325 1767 2344 ex

980 2371 1013 2390 eo
1028 2363 1136 2398 quidem
1158 2363 1220 2398 jure
1244 2364 1368 2390 concludi
1392 2371 1488 2398 posse,
1511 2363 1568 2390 fato
1581 2367 1677 2390 cuncta
1691 2363 1766 2395 fieri;

980 2416 1035 2435 non
1052 2413 1142 2436 tamen
1162 2409 1244 2444 hujus
1260 2410 1326 2437 artis
1348 2409 1566 2436 commoditatem
1579 2409 1611 2436 ad
1625 2409 1685 2436 vita:
1701 2416 1768 2435 usus

980 2454 1098 2488 aliquam
1109 2455 1164 2482 ullo
1176 2455 1258 2482 modo
1267 2455 1460 2488 demonstrari,
1470 2455 1548 2489 cujus
1559 2455 1676 2482 maxime
1685 2463 1767 2482 causa

979 2500 1173 2528 divinationem
1199 2501 1346 2536 praedicare
1370 2501 1539 2536 Chrysippus
1557 2501 1672 2528 videtur.
1698 2501 1766 2529 Nam

979 2546 1044 2580 quid
1069 2546 1148 2574 nobis
1174 2547 1279 2574 tandem
1306 2555 1339 2574 ex
1361 2555 1394 2575 eo
1418 2546 1592 2582 compendii,
1619 2547 1693 2582 quod
1720 2555 1767 2575 eas

979 2592 1090 2619 omnino
1107 2592 1276 2620 calamitates
1291 2592 1394 2620 fulturas
1410 2594 1638 2628 praesentiremus,
1650 2602 1719 2629 quas
1733 2603 1767 2621 ne

978 2646 1074 2666 cavere
1095 2640 1204 2674 quidem
1223 2639 1276 2666 ulla
1300 2640 1405 2667 ratione
1430 2641 1595 2675 possemus?
1618 2648 1679 2675 qua:
1693 2643 1765 2668 enim

978 2685 1034 2711 fato
1045 2685 1180 2718 eveniant,
1197 2686 1260 2721 quis
1275 2687 1429 2713 mortalium
1446 2694 1542 2714 cavere
1553 2687 1662 2722 possit?
1676 2686 1766 2720 Quare

979 2821 1028 2858 μὲν
1045 2821 1094 2847 ὅτι.
1114 2820 1214 2858 Estque
1239 2821 1302 2848 illm]
1319 2822 1444 2858 μάλιστα,
1469 2822 1540 2857 quod
1571 2822 1659 2849 Latini
1682 2823 1763 2858 vulgo

977 2856 1081 2887 dicunt,
1116 2857 1255 2890 principio,
1279 2862 1307 2883 ut
1325 2857 1427 2888 pridem
1457 2856 1571 2884 [indutus
1598 2856 1760 2885 observavit.

979 2890 1105 2926 Sequitur
1121 2892 1192 2918 cnim
1209 2892 1260 2919 sub
1277 2900 1336 2927 pag.
1355 2899 1477 2927 sequcut.
1494 2893 1742 2927 initium,"E::tra.
