2060 3213
293 217 348 244 245

615 210 750 239 EUSEBII
769 208 1010 238 CESARIENSIS
1030 206 1103 234 OPP.
1125 206 1213 234 PARS
1230 206 1262 234 ll.
1284 222 1318 227 —-
1335 203 1586 233 APOLOGETICA.

1857 205 1910 233 ΞΗ

287 279 391 302 tantum
413 272 490 300 abest
515 276 544 298 ut
567 270 645 298 nobis
665 269 796 296 divinatio
812 267 936 295 utilitatis
962 266 1069 293 ati'erret

1126 275 1170 297 πος
1186 266 1292 301 χαίρειν
1308 265 1354 292 ἐπὶ
1366 266 1420 295 τοῖς
1434 263 1666 298 προσδοκωμένοις
1679 263 1799 297 ἀγαθοῖς,
1817 264 1855 295 ὡς
1866 265 1912 290 ἐπὶ

287 319 389 355 aliquid
399 341 405 353 ,
429 323 458 345 ut
478 319 567 353 potius
590 317 640 344 hoc
652 316 711 351 ipso
725 315 803 342 nobis
818 314 925 342 cederet
939 313 966 340 in
978 312 1068 348 perui-

287 367 368 398 eiem,
382 364 455 399 quod
468 363 551 391 animi
564 361 750 397 :egritudiuem
768 368 800 387 ac
816 360 966 386 molestiam
979 366 1011 385 ex
1029 358 1070 392 ip-

287 411 564 440 sametealamitatum
577 407 733 436 necessario
743 407 896 433 futurarum
909 405 1072 441 pragsensio-

286 467 331 490 ne,
347 459 428 486 etiam
441 462 587 491 antequam
602 454 767 484 acciderent,
781 453 938 480 hominibus
953 456 1067 479 crearet.

287 505 341 534 Nec
353 505 426 533 enim
440 503 571 538 aequalem
580 506 673 529 contra
683 500 802 528 laetitiam
814 498 966 526 futurorum
975 497 1072 533 praedi-

287 551 517 579 etionehonorum
528 549 674 576 excitatum
685 547 718 573 iri
729 546 791 581 quis
800 545 980 577 dixerit;cum
991 544 1072 570 homo

287 606 340 625 non
351 601 457 625 tantum
470 595 602 623 bonorum
616 592 817 628 exspectatione
835 590 969 626 gaudere,
983 598 1073 625 quau-

286 649 343 670 tum
355 647 426 670 metu
440 642 573 669 malorum
588 640 678 667 dolere
689 638 869 666 consueverit.
884 636 984 663 Deinde
994 643 1073 663 nemo

287 689 342 717 iere
355 693 406 721 est,
421 688 468 723 qui
484 687 518 715 ab
531 695 591 715 sese
606 686 676 712 mala
691 685 801 720 propius
813 684 918 714 abesse,
929 687 1073 716 antequam

286 734 418 767 audierit,
434 733 579 761 admodum
596 736 700 766 speret;
719 731 787 758 bona
807 736 885 761 vero,
904 728 976 763 quod
994 727 1021 753 iu
1042 734 1074 753 ea

286 784 382 815 sponte
398 787 448 807 sua
460 783 557 806 natura
572 777 748 812 propendeat,
773 783 879 806 omnes,
895 779 924 801 ut
938 773 1021 800 verbo
1033 772 1075 800 di-

286 834 357 858 cam,
368 826 460 861 potius
476 829 678 859 exspectamus.
704 821 772 849 Nam
786 825 813 849 et
826 821 945 856 plerique
957 819 1075 854 majores

287 879 357 905 sese,
375 879 457 906 quam
471 871 527 898 tieri
545 870 662 905 possint,
676 869 783 896 futuros
797 873 906 902 sperare
917 865 1014 893 solent.
1035 864 1074 891 Ex

287 926 343 954 quo
367 918 434 945 illud
450 917 566 950 accidit,
592 921 622 943 ut
645 917 780 943 bonorum
805 913 914 948 quidem
936 911 1074 947 praedictio

287 964 409 992 laetitiam
422 963 464 991 vel
475 962 622 990 admodum
638 970 691 989 non
704 965 812 996 augeat,
824 959 897 995 quod
911 959 993 986 etiam
1007 959 1075 984 citra

286 1009 490 1044 prasdictiouem
501 1008 614 1043 quilibet
629 1007 740 1034 meliora
751 1013 866 1041 quaeque
881 1012 928 1040 per
943 1011 972 1031 se
986 1004 1075 1038 ipsum

287 1059 443 1090 exspectet;
461 1056 501 1082 vel
515 1062 577 1082 raro
595 1054 690 1082 saltem
707 1061 749 1085 eaI
767 1060 820 1088 qua
835 1052 897 1087 quis
910 1051 979 1078 forte
989 1054 1075 1085 putet,

287 1110 350 1130 eum
377 1101 505 1129 ﬁrmitate
528 1105 643 1136 augeat;
662 1101 717 1127 imo
740 1106 810 1134 saepe
834 1105 942 1133 quoque
959 1097 1075 1128 minuat,

287 1149 353 1176 dum
367 1156 415 1183 spe
428 1148 519 1175 minus
536 1147 639 1182 aliquid
657 1145 835 1180 respondetur
851 1153 858 1171 :
877 1143 1011 1170 malorum
1027 1149 1076 1168 au—

287 1201 341 1222 tem
361 1193 516 1229 praedictio,
539 1193 637 1228 partim
662 1192 733 1227 quod
756 1191 790 1218 ab
806 1191 838 1217 iis
861 1194 964 1216 natura:
979 1195 1076 1215 sensus

288 1239 445 1272 abhorreat,
469 1239 568 1274 partim
585 1239 657 1274 quod
673 1246 704 1266 ea
718 1241 814 1273 praeter
839 1243 913 1270 spem
930 1234 1076 1269 aliquando

289 1284 481 1319 praedicantur,
496 1292 605 1319 gravem
624 1283 707 1310 animi
725 1281 954 1317 perturbationem
971 1279 1074 1306 aﬂ'erat.

289 1328 462 1364 Quanquam,
479 1328 502 1356 si
515 1328 650 1363 ejusmodi
665 1327 732 1354 nihil
746 1327 890 1358 accideret,
907 1326 1016 1352 inanem
1034 1329 1076 1351 ta-

289 1381 351 1401 men
368 1373 570 1408 praedictionem
588 1372 663 1405 fore,
687 1372 789 1404 cuivis,
815 1371 929 1405 opinor,
950 1375 1077 1397 constare

289 1424 363 1449 certo
379 1420 472 1454 possit.
493 1418 561 1446 Nam
577 1419 600 1446 si
616 1419 678 1454 quis
693 1418 837 1445 utilitatem
850 1416 1010 1444 divinationi
1025 1415 1076 1442 ali-

289 1474 372 1501 quam
389 1466 440 1493 hoe
455 1467 514 1501 ipso
528 1471 661 1493 assereret
677 1470 758 1499 atque
773 1463 940 1495 defenderet,
950 1462 1021 1497 quod
1038 1470 1077 1488 ea:

290 1512 458 1539 calamitates
469 1511 660 1546 praedicantur,
674 1518 734 1545 quae
745 1509 858 1536 omnino
867 1529 875 1540 ,
892 1508 945 1535 nisi
960 1508 1076 1540 caveris,

289 1562 425 1585 eventura:
437 1557 506 1590 sint;
524 1556 547 1584 is
565 1556 686 1592 proiecto
713 1563 766 1582 non
789 1554 881 1581 omnia
897 1553 953 1580 fato
968 1552 1077 1580 evenire

290 1605 502 1635 demonstraret,
513 1610 575 1630 cum
588 1602 615 1629 in
632 1606 724 1628 uestra
738 1605 870 1635 potestate
884 1602 956 1626 esset
972 1603 1019 1625 aut
1031 1605 1077 1625 ea-

290 1658 363 1681 vere,
382 1648 461 1685 139
472 1654 518 1676 aut
536 1656 589 1675 non
605 1655 710 1675 cavere.
739 1646 786 1673 Sin
803 1651 892 1673 autem
911 1645 962 1672 hoc
986 1645 1074 1679 ipsum

290 1695 385 1723 eadem
401 1694 562 1721 necessitate
572 1692 706 1720 contineri
721 1693 829 1725 dixerit,
840 1696 869 1718 ut
879 1691 912 1717 ad
927 1698 970 1718 res
982 1698 1077 1717 omnes

290 1741 332 1768 vis
350 1740 398 1767 fati
414 1739 556 1774 pertineat,
567 1746 675 1766 rursum
686 1737 861 1765 divinationis
875 1737 976 1764 utilitas
988 1736 1078 1763 omnis

291 1786 406 1818 tollitur;
424 1791 499 1814 certo
516 1786 600 1816 enim,
614 1785 637 1812 si
659 1784 743 1811 fatum
767 1783 845 1810 nobis
863 1791 959 1810 cavere
974 1782 1019 1813 sit,
1033 1790 1079 1808 ea-

293 1832 434 1866 vebimus;
459 1832 500 1860 sin
517 1835 606 1858 autem
622 1830 709 1857 fatum
728 1837 782 1857 non
804 1829 903 1860 fuerit,
922 1828 1078 1855 nullomodo

293 1878 460 1909 cavebimus,
486 1876 592 1904 tametsi
611 1880 684 1902 vates
698 1882 810 1905 omnes,
836 1874 901 1909 quid
917 1877 1076 1900 eventurum

292 1924 373 1952 nobis
389 1924 434 1957 sit,
452 1922 668 1958 pranuntiarint.
697 1921 861 1952 Enimvero,
877 1929 940 1948 eum
968 1920 1076 1954 (lidipi,

293 1977 350 2000 tum
365 1970 511 1998 Alexandri
519 1969 619 1996 Priami
633 1969 679 1996 tilii
695 1968 794 1995 caedem
809 1966 884 1994 omni
897 1971 954 1993 arte
969 1965 1078 1992 molitos

293 2018 437 2052 utriusque
452 2020 579 2052 parentes
594 2014 678 2041 fuisse
688 2034 695 2046 ,
718 2018 747 2040 ut
759 2012 832 2048 quod
848 2012 1005 2047 prwdictum
1020 2014 1076 2038 erat

293 2064 327 2090 ab
351 2063 385 2090 iis
406 2062 458 2091 sibi
473 2061 585 2089 exiliunt
603 2060 761 2092 imminere,
774 2058 959 2089 declinarent,
974 2064 1023 2083 nec
1036 2061 1078 2082 ta-

293 2117 354 2135 men
368 2116 416 2136 eos
430 2108 485 2134 voti
499 2110 638 2141 compotes
660 2112 721 2132 esse
735 2112 854 2139 unquam
871 2103 992 2138 potuisse
1004 2123 1011 2134 ,
1037 2102 1078 2128 vel

292 2154 460 2190 Chrysippus
479 2153 537 2189 ipse
553 2153 696 2180 conﬁtetur
711 2160 718 2178 :
735 2151 856 2184 adeoque
871 2149 994 2183 agnoscit
1012 2147 1078 2174 nihil

293 2201 374 2227 etiam
389 2200 455 2234 ipsis
471 2199 604 2226 malorum
618 2205 730 2225 suorum
752 2197 954 2232 praedictionem
969 2198 1078 2230 propter

293 2246 341 2274 fati
357 2246 409 2272 vim
425 2253 457 2273 ac
474 2244 659 2272 necessitatem
674 2243 819 2279 profuisse.
833 2242 920 2276 Atque
935 2242 991 2268 haec
1003 2249 1017 2267 a
1031 2248 1078 2266 uo-

294 2293 336 2319 bis
350 2296 444 2319 contra
457 2290 630 2318 divinationis
643 2289 740 2325 partim
756 2287 976 2316 incertitudincm
987 2307 994 2318 ,
1011 2294 1076 2320 par-

293 2340 342 2366 tim
357 2339 528 2366 inutilitatem
539 2358 546 2370 ,
570 2337 708 2364 liberalius
729 2335 837 2371 quidem
850 2356 857 2367 ,
873 2343 954 2369 quam
971 2342 1014 2361 res
1029 2342 1077 2368 po-

293 2384 413 2413 stulabat
425 2405 432 2416 ,
449 2383 521 2411 dicta
539 2387 629 2410 sunto.
647 2392 656 2407 ›
679 2381 815 2409 Hactenus
830 2381 874 2407 ille
888 2381 1077 2415 philosophus.

294 2431 334 2458 Tu
348 2438 412 2457 vero
430 2435 518 2457 tecum
534 2430 591 2464 ipse
615 2428 704 2463 cogita
717 2448 724 2460 ,
748 2427 978 2462 quemadmodum
994 2426 1078 2453 (ἐι-θερί

295 2478 428 2509 lmmiues.
453 2477 499 2512 qui
523 2485 576 2505 non
597 2476 677 2503 modo
694 2476 850 2504 (ἶηιιεοι-υω
867 2474 1038 2509 disciplinam
1053 2477 1077 2500 et

295 2524 415 2552 instituta
431 2524 465 2551 ab
477 2524 586 2551 ineunte
601 2528 680 2550 (elate
694 2530 756 2549 eum
774 2523 833 2556 ipso
848 2528 930 2556 prope
945 2521 1013 2547 lacte
1027 2527 1078 2546 nn-

295 2571 370 2598 tricis
387 2570 566 2603 imbiberant,
589 2571 636 2597 sed
660 2570 742 2596 etiam
767 2569 868 2603 patrias
884 2568 998 2594 deorum
1015 2565 1078 2592 reli-

294 2616 388 2651 giones
402 2617 524 2643 omnium
539 2616 745 2643 accuratissime
762 2614 951 2649 pervidcrant,
971 2612 1077 2638 Aristo-

295 2661 364 2689 telici
381 2669 476 2688 omnes
486 2681 493 2693 ,
519 2669 614 2688 omnes
626 2668 687 2687 eum
701 2659 813 2695 Cynici,
831 2662 886 2685 tum
901 2655 1036 2691 Epicurei,
1053 2657 1076 2682 et

293 2712 425 2741 quotquot
438 2707 470 2734 ad
482 2715 575 2734 eorum
589 2714 650 2734 sese
664 2705 819 2740 opinionem
834 2707 1024 2738 aggregarant,
1036 2700 1074 2735 ja.

293 2757 364 2780 ctata
376 2753 446 2788 apud
461 2753 568 2781 Graecos
584 2754 658 2787 ipsos
672 2756 764 2778 vatmn
780 2757 909 2784 responsa
923 2748 1076 2776 deriserint.

294 2800 368 2832 Quos
384 2805 484 2833 tamen,
505 2801 527 2828 si
539 2808 600 2835 qua:
615 2800 647 2826 de
660 2798 835 2825 oraculorum
851 2797 966 2824 istorum
986 2795 1076 2831 prodi-

1121 314 1176 344 τοῖς
1199 313 1293 343 κακοῖς
1313 311 1448 338 ἀνιᾶσθαι.
1469 310 1573 341 Ἄλλως
1592 318 1622 335 τε
1645 310 1691 336 καὶ
1707 309 1792 336 ταῦτα
1809 310 1859 344 μὲν
1880 310 1911 336 οὐ

1122 359 1192 385 πάνυ
1215 366 1240 384 τι
1264 358 1329 393 περὶ
1347 358 1459 388 ἑαυτοὺς
1475 356 1583 383 ἔσεσθαι
1600 357 1665 392 πρὶν
1683 355 1798 382 ἀκοῦσαι
1814 356 1912 382 κατελο

1105 404 1251 439 -πίζομεψ
1277 404 1310 430 τὰ
1333 403 1354 429 δ’
1374 403 1466 437 ἀγαθὰ
1486 403 1585 437 μᾶλλον
1607 403 1735 433 ἅπαντες,
1753 402 1791 433 ὡς
1814 403 1911 433 εἰπεῖν,

1122 449 1316 486 προσδοκῶμεν
1332 449 1375 475 διὰ
1391 449 1440 484 τὴν
1453 449 1570 484 φυσικὴν
1586 448 1722 474 οἱκείωσιν
1739 448 1805 483 πρὸς
1823 448 1909 474 αὑτὰ“

1122 498 1145 523 οἱ
1162 497 1210 532 μὲν
1225 496 1278 531 γὰρ
1290 495 1381 521 πολλοὶ
1394 495 1442 522 καὶ
1458 495 1566 530 μείζους
1579 494 1632 521 τῶν
1648 490 1768 520 δονατῶν
1786 493 1910 528 γενέσθαι

1123 543 1323 578 κατηλπίκασιν
1333 551 1339 557 '
1359 542 1389 574 ἐξ
1400 538 1431 568 οὗ
1446 541 1588 577 συμϐαίνει
1605 542 1636 567 τὸ
1654 541 1702 576 μὲν
1718 541 1767 576 τὴν
1778 540 1833 566 τῶν
1845 541 1912 573 ἁγα-

1124 588 1178 614 θῶν
1195 589 1394 624 προαγόρευσιν
1408 588 1444 623 μὴ
1461 587 1607 614 ἐπιτείνειν
1624 588 1695 614 πάνυ
1712 595 1738 613 τι
1749 587 1797 621 τὴν
1812 585 1911 621 χαρὰν,

1123 635 1166 661 διὰ
1182 635 1212 661 τὸ
1231 635 1278 660 καὶ
1291 635 1375 670 χωρὶς
1390 634 1440 669 τῆς
1453 634 1678 669 προαγορεύσεως
1689 633 1802 660 ἕκαστον
1813 631 1844 663 ἐξ
1856 633 1906 658 ὲαυ

1123 680 1169 707 τοῦ
1183 681 1217 707 τὰ
1238 681 1355 716 κρείττω
1372 680 1534 716 προσδοχᾷν,
1551 681 1567 715 ἢ
1594 681 1637 707 ἐπ’
1654 680 1743 714 ὀλίγον
1765 680 1912 707 ἐπιτείνειν

1125 728 1156 763 τῇ
1169 726 1283 762 δοκούσῃ
1300 726 1469 762 βεϐαιότητι·
1491 726 1619 758 πολλάκις
1635 727 1664 752 δὲ
1685 726 1732 753 καὶ
1749 726 1841 761 μειοῦν
1862 726 1913 760 τὴν

1124 773 1221 810 χαρὰν,
1241 775 1304 800 ὅταν
1320 773 1423 800 ἐλάττω
1444 773 1498 799 τῶν
1513 772 1693 799 ἐλπισθέντων
1706 772 1827 807 ἀκουσθῇ
1838 780 1846 786 ’
1863 772 1914 807 τὴν

1124 821 1152 847 δὲ
1166 820 1220 846 τῶν
1234 820 1325 846 κακῶν
1340 819 1549 856 προαγόρευσιν,
1567 818 1614 845 καὶ
1628 819 1670 845 διὰ
1677 819 1707 844 τὸ
1723 817 1913 853 ἁπόστρεπτον

1125 867 1214 894 αὐτῶν
1232 866 1320 901 φύσει,
1339 866 1385 893 καὶ
1402 866 1446 892 διὰ
1459 866 1488 892 τὸ
1503 865 1567 900 παρ’
1582 864 1693 896 ἐλπίδας
1709 864 1794 890 ἐνίοτε
1814 863 1913 898 προλέ-

1127 913 1222 947 γεσθαι
1245 912 1368 948 μεγάλως
1389 912 1541 947 ταράττειν.
1567 910 1635 937 Ἀλλ’
1656 910 1741 945 ὅμως,
1757 910 1781 935 εἰ
1802 910 1849 936 καὶ
1876 910 1914 944 μὴ

1126 959 1204 985 τοῦτο
1220 958 1369 989 συνέϐαινε,
1384 958 1414 984 τό
1428 966 1459 991 γε
1474 958 1584 992 ἀχρεῖον
1598 955 1706 982 ἔσεσθαι
1729 955 1779 991 τὴν
1795 955 1914 990 προαγό-

1127 1015 1217 1042 ρευσιν
1236 1005 1315 1031 παντί
1338 1013 1389 1030 που
1412 1003 1491 1038 δῆλον
1511 1003 1543 1029 ἂν
1565 1002 1618 1038 εἴη.
1637 1002 1667 1028 Εἰ
1691 1002 1744 1036 γὰρ
1767 1002 1847 1036 φήσει
1872 1009 1915 1032 τις

1127 1050 1296 1087 σωθήσεσθαι
1313 1049 1343 1076 τδ
1362 1050 1495 1085 χρήσιμον
1512 1049 1560 1084 τῆς
1585 1048 1725 1083 μαντικῆς,
1741 1047 1784 1073 διὰ
1796 1048 1826 1073 τὸ
1848 1055 1917 1082 προ-

1127 1096 1253 1130 λέγεσθαι
1284 1095 1314 1121 τὺ
1342 1094 1452 1125 πάντως
1481 1094 1609 1128 ἐσόμενον
1639 1092 1788 1127 δυσχερὲς,
1816 1093 1840 1118 εἰ
1876 1092 1917 1127 μὴ

1127 1141 1324 1177 φυλαξαίμεθα,
1352 1141 1403 1167 οὐκ
1436 1140 1475 1166 ἔτι
1506 1139 1596 1166 πάντα
1611 1138 1692 1171 δείξει
1721 1138 1915 1174 συμϐησόμενα

1127 1187 1188 1214 καθ’
1214 1187 1397 1222 εἱμαρμένην,
1422 1186 1464 1219 ἐφ’
1489 1186 1555 1221 ἡμῖν
1580 1185 1656 1216 ὄντος
1678 1184 1724 1210 τοῦ
1746 1183 1915 1218 φυλάξασθαί

1126 1243 1156 1260 τε
1169 1234 1214 1260 καὶ
1233 1233 1269 1269 μὴ
1282 1232 1459 1267 φυλάξασθαι.
1474 1233 1505 1259 Εἰ
1519 1232 1572 1267 γὰρ
1590 1231 1636 1258 καὶ
1650 1230 1728 1257 τοῦτο
1740 1230 1916 1266 κατηναγκα-

1128 1279 1189 1306 σθαι
1209 1280 1290 1315 φήσει
1306 1288 1357 1311 τις,
1374 1279 1412 1310 ὡς
1426 1280 1465 1310 εἰς
1478 1279 1566 1304 πάντα
1579 1277 1613 1303 τὰ
1629 1276 1693 1312 ὅντα
1705 1277 1847 1303 διατείνειν
1865 1277 1915 1311 τὴν

1129 1325 1308 1360 εἱμαρμένην,
1324 1324 1404 1350 πάλιν
1420 1323 1450 1349 τὸ
1470 1323 1519 1357 τῆς
1537 1321 1668 1357 μαντικῆς
1684 1321 1818 1356 χρήσιμον
1836 1320 1912 1345 ἁνιιι⁴

1129 1373 1212 1407 ρεϊται
1225 1378 1232 1385 ·
1253 1369 1426 1405 φυλαξόμεθα
1444 1368 1498 1404 γὰρ
1512 1369 1536 1394 εἰ
1554 1367 1744 1402 καθείμαρται,
1759 1366 1807 1392 καὶ.
1820 1366 1849 1392 οὺ
1865 1373 1916 1400 φυ-

1127 1416 1263 1452 λαξόμεθα
1279 1416 1358 1451 δῆλον
1373 1416 1420 1447 ὡς,
1439 1416 1463 1441 εἱ
1480 1414 1516 1449 μὴ
1539 1412 1722 1447 καθείμαρται
1737 1410 1914 1446 φυλάξασθαι,

1127 1461 1178 1488 κᾶν
1196 1462 1296 1493 πάντες
1313 1463 1336 1488 οἱ
1361 1461 1471 1497 μάντεις
1491 1460 1522 1486 τὸ
1544 1459 1671 1494 ἐσόμενον
1694 1457 1915 1494 προαγορεύωσιν

1128 1509 1202 1543 ἡμῖν.
1227 1508 1278 1534 Τὸν
1296 1507 1361 1542 γοῦν
1382 1506 1520 1537 Οἰδίποδα,
1546 1505 1591 1531 καὶ
1611 1504 1656 1531 τὸν
1678 1503 1849 1538 Ἀλέξανδρον
1868 1502 1914 1528 τὸν

1127 1554 1174 1581 τοῦ
1188 1555 1322 1590 Πριάμου,
1335 1554 1382 1581 καὶ
1397 1553 1476 1583 αὐτὸς
1490 1553 1504 1578 ὁ
1514 1551 1675 1587 Χρύσιππός
1687 1559 1752 1586 φησι
1769 1549 1852 1576 πολλὰ
1866 1557 1915 1584 μη-

1128 1601 1323 1637 χανησαμένιυν
1337 1600 1391 1626 τῶν
1411 1600 1522 1634 γονέων,
1544 1599 1615 1624 ὥστε
1635 1598 1802 1627 ἀποκτεῖναι,
1823 1596 1866 1622 ἵνα
1883 1595 1916 1621 τὸ

1127 1647 1174 1674 ἀπ’
1192 1647 1281 1674 αὐτῶν
1299 1646 1452 1682 προρρηθὲν
1468 1646 1558 1676 αὐτοῖς
1580 1644 1663 1670 κακὸν
1678 1642 1858 1677 φυλάξωνται,
1876 1641 1913 1675 μὴ

1127 1693 1283 1730 δυνηθῆναι.
1305 1692 1397 1722 Οὕτως
1414 1691 1490 1717 οὐδὲν
1503 1690 1598 1725 ὄφελος
1616 1689 1676 1715 οὐδὲ
1694 1689 1784 1719 αὐτοῖς
1798 1687 1846 1722 τῆς
1861 1686 1915 1713 τῶν

1129 1738 1220 1765 κακῶν
1235 1735 1459 1773 πρηαγορεύσεὼς
1472 1744 1554 1771 φησιν
1569 1732 1638 1760 εἶναι
1649 1733 1692 1760 διὰ
1705 1733 1754 1768 τὴν
1768 1734 1800 1759 ἐκ
1815 1732 1865 1767 τῆς
1878 1733 1918 1758 εἰ-

1130 1785 1272 1821 μαρμένης
1295 1783 1394 1810 αἰτίαν.
1413 1782 1497 1809 Τοῦτο
1515 1782 1563 1817 μὲν
1582 1779 1629 1807 οὖν
1651 1782 1685 1806 ἐκ
1702 1779 1857 1815 περιουσίας
1875 1780 1916 1807 εὶ-

1129 1831 1220 1867 ρήσθω
1256 1831 1323 1866 πρὸς
1344 1831 1374 1856 τὸ
1397 1829 1433 1864 μὴ
1457 1829 1536 1864 μόνον
1561 1827 1755 1856 ἀνυπόστατον,
1781 1825 1847 1852 ἀλλὰ
1871 1825 1916 1851 καὶ

1129 1876 1237 1911 ἀχρεῖον
1250 1875 1300 1910 τῆς
1319 1875 1461 1910 μαντικῆς.
1481 1884 1489 1899 ι
1509 1873 1600 1899 Ταῦτα
1617 1873 1665 1908 μὲν
1679 1873 1693 1898 ὁ
1707 1871 1866 1906 φιλόσοφος’
1883 1871 1914 1898 σύ

1128 1930 1160 1956 γε
1179 1922 1232 1957 μὴν
1252 1921 1328 1956 παρὰ
1348 1920 1439 1954 σαυτῷ
1462 1919 1569 1954 σκέψαι,
1588 1918 1656 1950 πῶς,
1677 1917 1805 1952 ’Έλληνες
1830 1917 1914 1948 ὄντες,

1129 1968 1175 1994 καὶ
1187 1967 1236 2002 τὴν
1259 1966 1391 2002 Ἐλλήνων
1405 1965 1553 2000 σύντροφον
1568 1966 1600 1991 ἐκ
1613 1965 1675 1995 νέας
1691 1963 1797 1998 ἡλικίας
1815 1963 1917 1998 κτησά-

1131 2022 1204 2048 μενοι
1219 2013 1350 2044 παιδείαν,
1365 2012 1400 2038 τὰ
1411 2020 1441 2038 τε
1457 2012 1556 2047 πάτρια
1569 2011 1634 2046 περὶ
1646 2009 1713 2036 θεῶν
1728 2010 1836 2035 πάντων
1847 2007 1915 2042 μᾶ).-

1128 2060 1173 2086 λον
1188 2059 1372 2094 διεγνωκότες,
1395 2058 1603 2094 Ἀριστοτελικοὶ
1621 2056 1730 2087 πάντες,
1746 2053 1858 2081 Κυνικοί
1886 2061 1915 2079 τε

1128 2106 1176 2132 καὶ
1194 2104 1385 2140 Ἐπικούρειοι,
1400 2104 1446 2130 καὶ
1462 2104 1518 2129 ὅσοι
1530 2102 1632 2133 τούτοις
1648 2101 1801 2137 ἐφρόνησαν
1816 2099 1850 2125 τὰ
1864 2107 1916 2124 πα-

1131 2150 1278 2186 ραπλήσια,
1299 2150 1351 2176 τῶν
1368 2151 1433 2185 παρ’
1448 2149 1539 2180 αὐτοῖς
1554 2148 1665 2183 Ἕλλησι
1681 2146 1825 2181 βοωμὲνων
1846 2153 1907 2180 μαν-

1129 2197 1209 2223 τείων
1233 2196 1428 2229 κατεγέλασαν.
1457 2195 1510 2220 Καὶ
1537 2193 1588 2228 μὴν
1613 2193 1690 2228 εἴπερ
1710 2189 1744 2227 ἦν
1768 2190 1856 2226 ἀληθῆ
1881 2189 1915 2215 τὰ

1131 2243 1314 2280 θρυλλοὺμενα
1339 2242 1403 2278 περὶ
1426 2241 1475 2276 τῆς
1491 2240 1545 2266 τῶν
1569 2238 1742 2275 χρηστηρίων
1765 2236 1914 2272 παραδοξο-

1093 2297 1114 2325 ο
1130 2289 1229 2320 ποιὶας,
1247 2289 1318 2319 εἰκὸς
1332 2285 1366 2322 ἦν
1382 2288 1428 2313 καὶ
1448 2286 1543 2312 τούσδε
1559 2283 1767 2318 καταπλαγῆναι
1781 2282 1914 2317 Ἕλληνας

1128 2335 1217 2367 ὄντας,
1230 2334 1320 2361 καὶτὰ
1333 2334 1435 2370 πάτρια
1450 2332 1571 2368 ὰκριὸῶς
1583 2330 1819 2365 ὲξεπισταμένους,
1834 2328 1915 2364 μηδὲν

1127 2391 1157 2408 τε
1181 2381 1234 2407 τῶν
1256 2379 1410 2415 γνωσθῆναι
1437 2379 1520 2411 ἀξίων
1545 2379 1573 2404 ἐν
1596 2377 1714 2411 δευτέρῳ
1732 2375 1913 2410 τεθειμένους.

1129 2428 1220 2455 Ταῦτα
1240 2428 1289 2463 μὲν
1312 2425 1358 2453 οὖν
1381 2426 1429 2453 καὶ
1453 2427 1503 2452 ὃσα
1521 2425 1634 2452 τοιαῦτα
1654 2423 1780 2457 συνάγειν
1792 2423 1834 2454 εἰς
1851 2423 1916 2449 ἁνα-

1131 2475 1228 2508 σκευὴν
1240 2474 1287 2508 τῆς
1306 2473 1369 2508 περὶ
1383 2473 1437 2499 τῶν
1450 2471 1622 2508 χρηστηρίων
1634 2470 1787 2501 ὑποθέσεως
1802 2468 1915 2503 πλείστη

1127 2530 1169 2552 τις
1191 2519 1224 2556 ἦν
1240 2520 1398 2555 περιουσία’
1417 2519 1473 2545 ἀλλ’
1492 2519 1522 2544 οὐ
1542 2517 1627 2553 ταύτῃ
1650 2525 1693 2552 μοι
1713 2516 1785 2543 δοκεῖ
1800 2516 1846 2542 τὸν
1865 2524 1916 2541 πα-

1133 2565 1212 2600 ρόντα
1229 2564 1386 2600 μεθοδεῦσαι
1397 2564 1485 2597 λόγον,
1499 2563 1556 2589 ἀλλ’
1573 2560 1644 2598 ᾗπερ
1655 2561 1823 2597 ὡρμήθημεν
1835 2560 1918 2596 ἀρξά-

1134 2619 1218 2645 μενοι,
1231 2610 1319 2645 ἀληθῆ
1332 2609 1420 2644 λέγειν
1433 2610 1523 2640 δόντες
1536 2609 1598 2640 τοῦς
1611 2608 1680 2643 ὑπὲρ
1691 2606 1781 2634 αὐτῶν
1794 2608 1919 2642 προῖστω

1134 2657 1240 2692 μένους,
1264 2657 1300 2687 ὡς
1316 2655 1348 2682 ἂν
1369 2657 1401 2682 ἐκ
1424 2655 1478 2682 τῶν
1494 2655 1558 2689 παρ’
1575 2654 1665 2685 αὐτοῖς
1685 2652 1917 2688 ὁμολογουμένων,

1134 2703 1247 2738 μαντεῖὰ
1263 2711 1291 2728 τε
1308 2700 1378 2729 εἶναι
1393 2701 1480 2737 ἁληθῆ
1502 2701 1548 2727 καὶ
1571 2699 1745 2735 πυθόχρηστα
1767 2698 1918 2732 Θεοπρόπια

1132 2750 1166 2776 τὰ
1187 2749 1338 2784 δηλούμενα
1353 2748 1521 2783 φασκόντων,
1536 2746 1583 2782 τὴν
1597 2745 1697 2780 ἀκριὸῆ
1711 2745 1765 2771 τῶν
1784 2743 1913 2779 δηλουμέ-

1130 2804 1183 2821 νων
1202 2795 1331 2829 ἕκφανσιν
1347 2794 1562 2828 καταμάθωμεν.

295 2845 344 2879 giis
368 2847 488 2874 omnium
515 2855 562 2875 ore
585 2846 775 2875 celebrantur,
807 2851 868 2869 vera
896 2843 1074 2878 putavisseut,
1095 2843 1236 2876 oportebat
1249 2849 1314 2869 sane
1328 2849 1381 2868 nou
1398 2841 1488 2867 minus
1498 2847 1579 2874 quam
1610 2843 1721 2865 caeteros
1745 2844 1840 2862 eorum
1864 2835 1916 2861 vim

295 2891 494 2927 obstupescere,
512 2894 611 2927 quippe
628 2891 674 2925 qui
690 2894 716 2917 et
730 2890 817 2917 Graeci
830 2893 938 2920 essent,
955 2889 1078 2923 ritusque
1098 2889 1199 2923 patrios
1213 2888 1324 2915 omnino
1337 2887 1478 2917 eallerent,
1491 2893 1521 2912 ac
1535 2884 1602 2911 nihil
1625 2890 1730 2915 eorum,
1758 2890 1818 2915 qua:
1848 2881 1918 2907 scitu

294 2938 373 2972 digna
388 2938 486 2971 forent,
503 2939 556 2965 ullo
573 2945 691 2972 unquam
711 2936 791 2963 modo
805 2935 997 2970 neglexissent.
1028 2935 1078 2961 Ista
1098 2934 1206 2969 quidem
1223 2933 1330 2969 aliaque
1358 2932 1468 2965 similia,
1495 2931 1540 2967 qui
1562 2931 1612 2958 hoc
1641 2931 1668 2957 in
1696 2933 1850 2964 argumenti
1873 2935 1917 2962 ge-
