2060 3213
164 160 218 188 us
754 151 915 189 rumpas.
937 156 1062 185 EYANG.
1083 156 1147 185 LIB.
1171 156 1214 184 Iv.
1745 156 1799 184 sta

166 225 229 244 nere
253 217 286 244 ad
309 215 487 244 refellendam
511 216 684 243 oraculorum
709 216 808 243 famam
829 215 957 250 colligere
975 214 1064 247 vellet,
1086 221 1127 240 me
1145 220 1270 247 magnam
1292 212 1316 239 is
1348 211 1453 246 copiam
1479 211 1620 239 habiturus
1648 216 1730 240 esset.
1750 212 1800 238 Vr-

167 272 226 291 rurn
245 268 403 299 susceptam
421 273 436 292 a
453 264 529 292 nobis
546 263 757 298 disputationem
778 263 828 290 hac
843 263 885 289 via
912 261 1001 288 moliri
1033 268 1087 288 non
1101 261 1205 294 placet,
1227 260 1274 288 sed
1288 267 1319 287 ea
1332 259 1440 294 potius,
1463 265 1515 293 qua
1548 259 1574 285 in
1590 266 1650 287 eam
1679 260 1713 287 ab
1741 259 1800 294 ipso

167 311 262 337 statim
287 310 366 337 initio
388 311 504 346 ingrcssi
520 318 626 338 sumus.
647 309 776 337 Dabimus
792 309 876 341 enim,
899 315 956 339 eos,
973 307 1020 342 qui
1034 307 1224 334 vaticiniorum
1239 307 1318 334 iidem
1337 312 1475 338 asserunt,
1489 315 1552 334 vera
1579 307 1686 340 dicere,
1716 312 1745 333 ut
1767 313 1800 334 ex

164 357 278 383 illorum
304 357 428 392 ipsorum
453 356 642 389 confessione,
666 356 712 391 qui
727 361 753 383 et
766 361 960 390 reSponsorum
982 354 1096 381 istorum
1111 353 1252 380 veritatem
1269 353 1433 386 defendunt,
1466 361 1581 389 quasque
1615 359 1800 381 memorantur

163 403 278 431 oracula
301 405 445 431 numinmn
475 412 586 432 suorum
611 404 724 432 vocibus
758 403 830 430 edita
850 410 911 430 esse
922 401 1099 435 contendunt,
1125 402 1256 438 integram
1280 406 1307 429 et
1326 406 1483 430 accuratam
1510 409 1616 434 eorum,
1648 410 1709 437 qua:
1738 409 1801 436 pro-

163 450 314 483 feruntur,
346 451 554 486 explicationem
585 455 667 486 atque
694 451 817 478 notitiam
847 449 1016 477 hauriamus.

446 498 645 524 ΚΕΦΑΛΑΙΟΝ
660 498 697 524 Δ¹.

165 546 229 571 Ὀτι
245 544 397 578 μεγίστων
415 543 494 578 ἡμᾶς
510 543 610 570 κακῶν
630 544 743 570 τούτων
757 543 856 570 αὐτῶν
868 543 958 576 ἠλευ-

203 577 337 612 θέρωσεν
356 579 374 614 ἡ
397 577 450 606 τοῦ
470 580 608 614 Σωτῆρος
624 578 708 613 ἡμῶν
720 578 900 614 evan-elui]
915 577 959 604 δι-

204 614 368 642 δασκαλία.

204 659 289 695 Οἶμαι
308 660 336 687 δὲ
356 661 436 687 παντί
451 670 490 696 τῳ
506 659 574 688 εἶναι
589 661 683 695 σαφὲς,
700 661 738 692 ὡς
753 662 767 688 ὸ
779 659 835 688 τῶν
851 668 961 696 προκει-

169 707 260 741 μένων
276 706 385 742 ἔλεγχος
405 708 436 734 οὐ
462 707 568 743 μικρὸν,
591 707 659 734 ἀλλὰ
683 707 729 734 καὶ
751 707 877 742 μέγιστον
892 706 959 742 ὁμοῦ

167 753 214 779 καὶ
235 753 450 786 ἀναγκαιότατον
467 753 586 789 περιέξει
604 753 685 789 μέρος
707 753 757 788 τῆς
779 753 961 788 εὐαγγελικῆς

167 799 333 832 ὑποθέσεως.
351 801 382 826 Εἰ
401 800 455 836 γὰρ
474 801 498 826 οἱ
519 800 572 835 πρὸ
593 801 642 836 τῆς
665 799 712 827 τοῦ
734 800 861 835 Σωτῆρος
881 798 960 835 ἡμῶν

173 845 262 880 Ἰησοῦ
278 846 396 882 Χριστοῦ
413 846 565 882 παρουσίας
577 847 701 882 πανταχῆ
717 846 818 878 πάντες
831 846 960 880 ’Έλληνες

167 893 215 918 καὶ
237 892 370 929 βάρϐαροι
389 893 519 928 δειχθείεν
537 893 574 928 μὴ
591 893 636 920 τὸν
651 893 738 929 ἀληθῆ
756 893 822 920 Θεὸν
839 894 959 927 ἐπεγνω-

167 937 256 970 κότες,
276 938 333 965 ἀλλ’
353 939 413 974 ἤτοι
435 939 469 965 τὰ
492 940 528 975 μὴ
544 939 608 966 ὅντα
623 940 660 971 ὡς
676 939 740 966 ὖντα
761 938 959 973 δοξάζοντες,ἢ

167 984 220 1010 ὑπό
235 993 316 1011 τινων
331 985 474 1021 μοχθηρῶν
490 986 536 1012 καὶ
549 986 689 1021 θεομάχων
710 985 884 1021 πνευμάτων,
903 985 961 1011 δαι-

168 1030 257 1065 μόνων
267 1039 297 1056 τε
311 1031 437 1066 πονηρῶν
453 1032 499 1058 καὶ
512 1032 686 1067 ἀκαθάρτων,
700 1031 807 1066 τυφλῷν
821 1031 899 1066 δίκην
908 1028 959 1058 ὦδε

167 1076 280 1102 κάκεῖσε
297 1077 487 1112 περιηγμένοι,
508 1078 555 1104 καὶ
578 1077 651 1113 βυθῷ
675 1077 774 1109 κακίας
791 1077 859 1113 πρὸς
872 1076 960 1103 αὐτῶν

166 1121 411 1157 καθειλκυσμένοι·
435 1123 493 1157 (καὶ
515 1124 541 1150 τί
558 1124 613 1158 γὰρ
635 1123 691 1150 ἄλλ’
711 1123 728 1158 ἦ
748 1123 928 1158 δαιμονῶντες
939 1122 958 1157 ;)

1279 494 1359 531 ιω
1384 494 1498 523 CAPUT
1527 495 1571 522 ιν.

1013 541 1069 568 Nos
1084 542 1209 570 maximis
1231 542 1302 569 hisce
1321 541 1399 569 malis
1421 542 1576 577 evangelica:
1594 541 1740 568 Servaloris
1756 548 1792 567 no

1130 577 1182 604 slri
1193 577 1322 605 doctrina:
1339 577 1462 612 beneﬁcio
1475 577 1599 604 liberatas
1612 585 1677 604 esse.

1049 666 1181 701 Equidem
1194 667 1233 694 sic
1244 667 1373 694 existimo
1386 667 1521 694 neminem
1537 675 1607 700 esse,
1624 667 1671 702 qui
1688 674 1740 694 non
1759 666 1800 693 in-

1012 713 1123 748 telligat,
1136 719 1241 749 partem
1253 714 1402 749 evangelici
1419 714 1500 748 hujus
1513 714 1665 749 argumenti
1677 721 1730 741 non
1743 714 1800 740 exi-

1011 768 1103 795 guam,
1121 760 1168 788 sed
1181 768 1244 788 vero
1260 760 1407 786 maximam
1433 760 1604 794 maximeque
1619 759 1799 787 necessariam

1011 813 1124 839 eorum,
1143 814 1204 840 quae
1217 806 1355 841 proposita
1370 805 1436 832 mihi
1453 810 1536 839 sunt,
1560 806 1720 840 probatione
1736 813 1800 833 can-

1012 851 1102 880 tineri.
1135 850 1202 878 Nam
1219 851 1241 878 si
1257 851 1402 878 ostendere
1426 851 1510 878 semel
1524 851 1676 886 poterimus
1688 872 1695 884 ,
1720 855 1800 886 quot~

1012 901 1078 932 quot
1091 905 1138 924 seu
1153 897 1239 924 Graeci
1263 904 1310 925 seu
1328 896 1438 924 barbari
1462 900 1526 924 ante
1541 895 1693 924 Servatoris
1714 898 1800 924 nostri

1009 943 1075 971 Jesu
1090 943 1192 972 Christi
1207 944 1353 971 adVentum
1377 947 1434 970 toto
1450 943 1552 978 passim
1575 943 1641 970 orbe
1663 942 1799 974 vixerunt,

1012 998 1105 1017 verum
1120 997 1216 1024 omnes
1231 989 1315 1016 Deum
1334 990 1485 1024 ignorasse,
1495 989 1617 1023 adeoque
1631 988 1672 1016 vel
1687 989 1731 1020 iis,
1741 997 1801 1023 qua:

1011 1036 1084 1063 nulla
1100 1039 1192 1067 erant,
1218 1034 1328 1070 perinde
1348 1042 1380 1062 ac
1403 1034 1427 1061 si
1446 1037 1549 1065 essent,
1567 1033 1697 1060 honorem
1715 1032 1801 1059 tribu-

1011 1082 1076 1114 isse,
1093 1081 1134 1108 vel
1151 1089 1166 1109 a
1181 1081 1324 1116 pessimis,
1341 1080 1443 1115 quique
1461 1087 1524 1106 cum
1543 1077 1597 1106 Deo
1610 1079 1668 1113 ipso
1680 1082 1800 1114 pugnant

1012 1128 1174 1164 spiritibus,
1200 1135 1233 1155 ac
1264 1126 1404 1155 sceleratis
1434 1125 1603 1161 impurisque
1633 1124 1802 1152 daemonibus

167 1166 226 1199 πῶς
236 1168 267 1193 οὐ
285 1168 415 1202 μειζόνως
428 1169 461 1196 ἂν
475 1168 570 1205 ὀφθείη
582 1169 613 1196 τὸ
630 1169 701 1204 μέγα
713 1169 762 1203 τῆς
778 1169 959 1204 εὐαγγελικῆς

1011 1182 1147 1202 (ειεςοιυιη
1161 1174 1247 1202 instar
1260 1173 1313 1201 huc
1328 1172 1446 1207 illucque
1462 1175 1593 1207 raptatos,
1606 1175 1688 1206 atque
1702 1170 1729 1197 in
1745 1171 1798 1197 im-

164 1214 323 1249 οἰκονομίας
347 1215 507 1250 μυστήριον,
531 1215 635 1247 πάντας
660 1215 827 1250 πανταχόθεν
854 1216 886 1242 ὲκ
909 1215 960 1250 τῆς

166 1260 408 1295 πατροπαραδότου
428 1260 532 1296 πλάνης
552 1261 602 1295 τῆς
620 1261 672 1288 τῶν
686 1261 822 1297 δαιμόνων
844 1261 959 1288 καταδυ-

166 1305 293 1337 ναστείας
314 1305 358 1332 διὰ
374 1307 423 1341 τῆς
444 1307 490 1333 τοῦ
510 1308 635 1343 Σωτῆρος
652 1307 731 1343 ἡμῶν
750 1307 843 1342 φωνῆς
861 1307 960 1334 ἀνακε-

166 1350 330 1386 κλημένους,
349 1353 396 1379 καὶ
414 1353 477 1385 τοὺς
493 1354 588 1390 μέχρις
606 1353 739 1389 ὲσχατιῶν
752 1355 804 1390 γῆς
815 1353 958 1385 οἰκοῦντας

164 1397 327 1432 ἀνθρώπους
347 1399 398 1434 τῆς
420 1399 449 1432 ἐξ
470 1400 566 1432 αἰῶνος
590 1399 779 1435 κατασχούσης
801 1400 847 1426 τὸν
871 1399 958 1426 πάντα

165 1442 221 1477 βίον
239 1444 349 1479 ἀπάτης
361 1444 596 1480 λελυτρωμένους;
610 1445 680 1472 ὥστε
695 1445 724 1479 ἐξ
738 1446 843 1472 ἐκείνου
857 1446 903 1472 καὶ
919 1446 959 1477 εἰς

164 1488 243 1525 δεῦρο
258 1489 386 1517 λελύσθαι
402 1491 451 1526 μὲν
463 1492 510 1518 καὶ
526 1491 700 1528 καθῃρῆσθαι
715 1492 808 1524 αὐτοῖς
821 1493 895 1524 ναοῖς
910 1492 957 1518 καὶ

164 1536 269 1568 ξοάνοις
284 1536 318 1563 τα
339 1537 552 1572 πεπαλαιωμένα
576 1538 626 1572 τῆς
646 1537 699 1564 τῶν
724 1537 809 1564 ὲθνῶν
831 1538 958 1566 ἁπάντων

164 1583 269 1618 πλάνης
285 1582 431 1618 ἱδρύματα,
446 1583 504 1618 ἱερὰ
517 1583 545 1609 δὲ
556 1583 640 1614 ὄντως
655 1583 743 1618 σεμνά
754 1583 801 1610 καὶ
817 1584 958 1615 εὐσεϐείας

164 1628 337 1655 διδασκαλεῖα
351 1629 390 1664 τῷ
404 1629 571 1665 παμϐασιλεῐ
585 1630 631 1656 καὶ
653 1630 811 1666 δημιουργῷ
824 1631 876 1657 τῶν
889 1631 957 1658 ὅλων

164 1675 194 1700 ὲν
211 1675 309 1710 μέσαις
327 1676 421 1702 πόλεσί
439 1685 469 1702 τε
484 1677 530 1704 καὶ
550 1676 657 1712 κώμαις
673 1676 786 1712 δυνάμει
804 1677 851 1704 καὶ
872 1678 956 1714 ἀρετῇ

163 1722 210 1748 τοῦ
222 1723 349 1760 Σωτῆρος
364 1723 442 1758 ἡμῶν
457 1724 509 1750 ἀνὰ
522 1724 566 1751 τὸν
580 1724 725 1759 σύμπαντα
743 1725 844 1760 κόσμον
858 1725 957 1761 ἀνεγη-

164 1768 273 1804 γέρθαι,
290 1768 385 1801 θυσίας
398 1778 428 1795 τε
443 1769 492 1801 τὰς
507 1770 669 1806 θεοπρεπεῖς
688 1771 780 1804 εὐχαῖς
801 1771 883 1797 ὁσίων
903 1771 958 1798 δια-

164 1814 335 1850 κεκαθάρθαι
349 1815 448 1847 κακίας
462 1815 581 1851 ἀπάσης,
595 1815 622 1842 ἔν
636 1824 665 1842 τε
679 1815 797 1851 ἀπαθείᾳ
810 1816 900 1852 ψυχῆς
910 1818 956 1844 καὶ

165 1860 255 1894 πάσης
271 1861 371 1896 ἀρετῆς
385 1861 527 1897 ἀναλήψει,
542 1861 613 1888 κατά
623 1861 657 1888 τὰ
671 1861 729 1888 θεῖα
743 1861 789 1887 καὶ
800 1861 958 1898 σωτηριώδη

166 1905 350 1940 παιδεύματα,
378 1907 408 1939 ἐξ
431 1907 558 1935 ἁπάντων
584 1907 720 1943 ὁσημέραι
747 1907 879 1944 διηνεκῶς
904 1907 958 1934 τῶν

164 1951 251 1978 ἐθνῶν
266 1952 448 1979 ἐπιτελεῖσθαι
460 1962 467 1968 ·
487 1954 534 1986 τὰς
552 1954 584 1990 δὴ
607 1955 654 1981 καὶ
669 1955 753 1990 μόνας
768 1956 868 1990 ἀρετὰς
886 1964 895 1974 -
912 1955 958 1982 οὗ-

166 2005 228 2030 σας,
254 1998 300 2024 καὶ
327 2001 473 2035 προσηνεῖς
497 1999 592 2031 θυσίας
616 1999 655 2035 τῷ
682 2001 729 2027 ἐπὶ
758 2001 865 2028 πάντων
887 2001 957 2036 Θεῷ.

164 2043 275 2072 Τούτων
298 2044 326 2070 δὲ
350 2045 436 2077 οὕτως
458 2045 584 2081 ἐχόντων,
609 2046 668 2079 πῶς
692 2048 742 2073 οὐκ
758 2047 791 2074 ἂν
818 2048 912 2083 εἴημεν
929 2049 958 2074 ὲν

164 2091 256 2126 ταυτῷ
276 2091 492 2127 δεδειχότες,χαὶ
510 2093 551 2119 ὅτι
569 2093 639 2128 μετὰ.
659 2092 796 2128 σώφρονος
814 2093 955 2129 λογισμοῦ,

162 2138 226 2173 οὐχὶ
241 2138 270 2164 δὲ
296 2138 391 2174 ἀλογίᾳ
419 2139 532 2171 ἑαυτοὺς
554 2140 702 2172 ἐπιδόντες,
728 2140 881 2166 ἀποστάται
907 2141 956 2176 τῆς

166 2185 410 2220 πατροπαραδότου
439 2186 590 2221 γεγόναμεν
615 2186 839 2222 δεισιδαιμονίας”
869 2187 958 2222 κρίσει

163 2230 193 2257 δὲ
208 2231 311 2266 δικαία,
330 2232 377 2258 καὶ
396 2232 492 2267 ἀληθεῖ
505 2232 536 2258 τὸ
552 2234 675 2268 κρεῖττον
690 2233 896 2275 ἀγαπήσαντες.
911 2234 958 2260 καὶ

164 2276 215 2311 τῆς
229 2277 322 2304 ἐνθέου
341 2278 388 2304 καὶ
402 2277 518 2313 ἀληθοῦς
531 2279 672 2311 εὐσεϐείας
686 2280 800 2315 ἐρασταὶ
813 2281 958 2316 γεγενημέ‹

165 2331 205 2348 vat
219 2331 227 2354 ;
246 2322 327 2349 Ἀ).λά
341 2323 443 2349 τούτων
458 2323 508 2358 μὲν
531 2324 601 2356 ἅλις,
619 2325 719 2352 ἁπτέον
733 2325 762 2352 δὲ
785 2325 877 2352 λοιπὸν
891 2335 957 2362 προ-

165 2379 195 2396 κε
200 2378 311 2404 ιμενων.

1011 1220 1155 1255 probitatis
1179 1219 1340 1248 barathrum
1363 1218 1515 1254 praecipites
1531 1221 1607 1245 actos
1627 1217 1705 1252 (quid
1727 1217 1800 1244 enim

1010 1265 1083 1293 aliud
1097 1273 1162 1297 eos,
1176 1272 1259 1300 quam
1276 1263 1444 1291 demoniaco
1459 1263 1551 1291 lurore
1563 1267 1703 1297 correptos
1716 1262 1801 1290 fuisse

1008 1311 1147 1346 dixeris?)
1164 1319 1171 1337 :
1189 1310 1234 1338 cui
1250 1310 1358 1337 tandem
1380 1317 1508 1345 magnum
1524 1309 1576 1336 hoc
1589 1307 1800 1343 dispensationis

1009 1357 1174 1392 evangelica!
1194 1355 1356 1391 mysterium
1373 1363 1427 1383 non
1451 1354 1553 1382 clarius
1566 1359 1592 1381 et
1607 1353 1740 1381 illustrius
1753 1360 1800 1387 ap-

1010 1407 1119 1438 pareat,
1142 1402 1216 1438 quod
1235 1409 1332 1430 omnes
1347 1401 1468 1436 undique
1487 1401 1522 1428 ab
1536 1401 1610 1428 avito
1623 1408 1729 1434 errore,
1746 1400 1800 1427 daa-

1010 1457 1177 1484 monumque
1198 1448 1342 1485 tyrannide
1361 1447 1513 1475 Servatoris
1538 1446 1624 1474 nostri
1638 1454 1705 1474 voce
1723 1453 1800 1473 revo-

1009 1496 1088 1528 carit,
1101 1496 1203 1531 quique
1216 1495 1243 1522 in
1259 1493 1389 1522 extremis
1406 1497 1541 1520 terrarum
1558 1492 1658 1520 linibus
1671 1492 1801 1527 degerent

1009 1542 1146 1573 homines.
1164 1541 1199 1568 ab
1209 1548 1241 1568 ea
1251 1562 1259 1574 ,
1271 1547 1333 1575 quae
1347 1540 1423 1567 omni
1438 1547 1471 1567 ex
1485 1539 1616 1566 memoria
1631 1538 1712 1565 vitam
1727 1545 1800 1565 mor-

1009 1588 1103 1615 talium
1119 1587 1273 1615 universam
1289 1590 1431 1617 tenuerat,
1450 1584 1545 1612 fraude
1557 1584 1695 1611 liberarit?
1717 1588 1800 1618 atque

1009 1634 1045 1660 ita
1058 1632 1190 1665 liberarit,
1208 1637 1237 1660 ut
1253 1636 1330 1659 tanto
1345 1631 1488 1659 intervallo
1500 1634 1528 1658 et
1539 1630 1720 1657 vetustissima
1735 1638 1799 1664 gen-

1008 1679 1075 1706 tium
1092 1679 1215 1706 omnium
1242 1678 1345 1705 erroris
1369 1676 1507 1704 domicilia
1522 1683 1584 1703 cum
1600 1676 1706 1709 templis
1719 1680 1800 1710 atque

1009 1725 1163 1754 simulacris
1177 1725 1309 1759 dissipata
1324 1723 1500 1758 funditusque
1521 1723 1628 1750 sublata
1645 1721 1758 1752 fuerint,
1773 1725 1800 1747 et

1008 1771 1122 1799 delubra
1147 1779 1211 1798 vere
1235 1774 1369 1806 augusta,
1386 1776 1503 1804 vereque
1524 1768 1631 1803 pietatis
1649 1767 1757 1795 scholas
1772 1767 1798 1793 in

1010 1817 1110 1845 summi
1126 1818 1198 1852 regis
1213 1824 1245 1844 ac
1256 1823 1348 1844 rerum
1363 1815 1553 1843 universarum
1566 1814 1699 1845 molitoris
1712 1813 1800 1840 hono-

1011 1871 1067 1890 rem
1079 1883 1085 1893 .
1111 1862 1207 1889 mediis
1222 1862 1249 1888 in
1266 1861 1379 1888 urbibus
1394 1864 1475 1894 atque
1489 1859 1583 1894 pagis.
1599 1858 1720 1891 eiusdem
1736 1857 1800 1885 Scr-

1010 1909 1112 1936 vatoris
1122 1908 1208 1936 nostri
1221 1908 1318 1934 virtute
1333 1911 1418 1934 totum
1433 1914 1480 1941 per
1493 1906 1586 1933 orbem
1598 1905 1713 1932 excitata
1728 1906 1797 1936 sint;

1009 1961 1037 1984 et
1057 1955 1191 1983 sacrilicia
1218 1954 1272 1981 Deo
1291 1953 1452 1989 dignissima
1477 1952 1619 1979 hominum
1641 1956 1797 1978 sanctorum

1010 2003 1137 2038 precibus
1149 2023 1156 2035 ,
1174 2009 1256 2029 sensu
1275 2001 1309 2027 ab
1325 2000 1399 2027 onmi
1415 1999 1670 2041 improbitatc_puro
1682 2018 1689 2030 ,
1709 2001 1798 2024 tuente

1010 2051 1043 2078 ab
1056 2050 1130 2077 omni
1144 2048 1347 2084 perturbatione
1366 2054 1451 2074 vacua
1462 2066 1470 2079 ,
1486 2050 1514 2073 et
1529 2046 1650 2073 omnium
1668 2045 1797 2072 virtutum

1010 2096 1160 2127 exercitio,
1191 2094 1328 2130 quomodo
1356 2093 1454 2120 divinat
1482 2092 1670 2126 salutaresque
1703 2091 1798 2118 littera:

1011 2141 1181 2176 prtecipiunt,
1191 2141 1226 2168 ab
1234 2140 1361 2167 omnibus
1373 2139 1493 2174 quotidie
1504 2139 1629 2174 gentibus
1638 2137 1799 2172 assidueque

1010 2189 1077 2215 liant
1094 2187 1270 2222 :cujusmodi
1295 2185 1387 2220 utique
1410 2186 1542 2213 sacriﬁcia
1566 2189 1639 2218 sunt,
1659 2192 1719 2219 quae
1740 2184 1798 2211 sola

1012 2232 1170 2268 pnepotenti
1189 2231 1244 2259 Deo
1255 2231 1370 2266 placere,
1385 2236 1466 2265 atque
1483 2235 1592 2265 accepta
1604 2237 1665 2257 esse
1683 2228 1796 2264 possint.

1011 2279 1073 2307 Haec
1081 2286 1162 2314 porro
1172 2285 1234 2305 cum
1247 2279 1283 2305 ita
1294 2285 1355 2305 sese
1367 2277 1493 2309 habeant,
1505 2284 1596 2303 nonne
1603 2275 1685 2303 simul
1694 2275 1799 2302 eadem-

1010 2334 1062 2361 que
1076 2325 1118 2352 via
1134 2323 1347 2357 ostenderimus,
1357 2331 1407 2350 nos
1417 2323 1542 2358 prudenti
1558 2326 1719 2356 matureque
1731 2329 1796 2348 con«

1009 2372 1071 2400 sllio
1084 2371 1234 2404 adductos,
1253 2379 1306 2398 non
1330 2370 1484 2398 inconsulta
1505 2369 1613 2397 levitate
1628 2369 1765 2402 abreptos,
1782 2375 1798 2394 a

165 2417 253 2451 patria
263 2419 625 2453 superstitionedescivisse,
636 2427 668 2446 ac
680 2423 753 2446 recto
770 2427 889 2454 veroque
913 2419 1018 2454 judicio
1037 2417 1113 2454 14],
1133 2417 1244 2445 meliora
1266 2417 1425 2452 complexos
1439 2423 1511 2448 esse,
1525 2415 1701 2446 divinamque
1715 2414 1798 2442 simul

165 2471 196 2490 ac
210 2471 302 2492 veram
318 2465 443 2499 pietatem
460 2466 613 2492 adamasse.
635 2465 687 2493 Sed
705 2466 738 2494 de
753 2466 796 2494 his
810 2466 961 2497 hactenus:
978 2466 1051 2501 quod
1066 2469 1200 2500 superest,
1217 2465 1249 2492 ad
1262 2472 1319 2491 rem
1336 2464 1424 2499 ipsam
1440 2463 1592 2491 veniamus.

433 2523 686 2550 KE'I’AAAIUNE’.

183 2567 231 2600 πς
250 2567 269 2601 ἠ
285 2566 430 2600 διαιῬεσις
451 2567 505 2600 τῆς
519 2567 582 2594 καθ’
599 2568 750 2602 Ἕλληνας
765 2569 931 2604 θεολογίας.

197 2624 228 2649 Οἱ
249 2622 299 2658 μὲν
308 2622 340 2658 δὴ
352 2623 400 2658 τὴν
423 2623 579 2659 Ἑλληνικὴν
594 2623 731 2658 θεολογίαν
742 2625 957 2661 ἐξηκριϐωκότες

162 2668 221 2694 καθ’
237 2667 331 2703 ἕτερον
344 2670 418 2704 παρά
432 2669 495 2701 τοὺς
510 2670 723 2705 προειρημένους
746 2671 811 2705 ἡμῖν
828 2671 955 2707 τρόπους,

161 2715 201 2744 εἰς
219 2714 285 2749 γένη
300 2715 417 2750 τέτταρα
429 2716 517 2742 πάντα
536 2715 581 2742 τὸν
595 2716 672 2750 λόγον
687 2717 863 2752 διαιροῦντες,
881 2718 956 2754 πρώ-

165 2768 244 2786 τιετα
260 2761 369 2787 πάντων
387 2762 432 2787 τὸν
447 2761 556 2797 πρῶτον
567 2762 746 2796 ἀφορίσαντες
762 2762 837 2794 Θεὸν,
857 2763 955 2790 εἰδέναι

167 2807 232 2840 φασὶ
247 2807 343 2834 τοῦτον
357 2805 426 2834 εἶναι
443 2808 487 2834 τὸν
504 2809 550 2834 ἐπὶ
567 2809 634 2834 πᾶσι
653 2808 759 2842 πρῶτόν
777 2818 805 2835 τε
822 2809 885 2836 ὅντα
908 2811 956 2836 καὶ

169 2853 273 2881 πᾶντων
286 2853 365 2884 Θεὸν,
382 2855 485 2890 πατέρα
505 2864 532 2881 τε
550 2855 595 2881 καὶ
611 2855 732 2889 βασιλέα·
752 2855 810 2890 μεθ’
832 2856 859 2882 ὃν
877 2857 955 2891 γένος

202 2909 211 2920 “
231 2904 274 2929 Fc.
293 2901 421 2937 ἀρεστάς.

1322 2520 1437 2549 CAPUT
1453 2519 1484 2547 V.

1135 2568 1229 2602 Qualis
1242 2568 1393 2595 Gram-orum
1403 2566 1539 2602 theologia!
1549 2567 1669 2602 partitio.

1047 2627 1117 2661 Ergo
1134 2625 1180 2660 qui
1194 2625 1349 2652 Graecorum
1368 2624 1530 2659 theologiam
1553 2624 1720 2652 adatnussim
1735 2633 1797 2652 exe-

1009 2677 1117 2708 gerunt,
1131 2671 1212 2699 aliam
1229 2671 1375 2705 quamdam
1392 2671 1425 2697 ab
1441 2670 1485 2703 iis,
1499 2679 1567 2705 quas
1585 2674 1647 2697 ante
1659 2672 1796 2699 recensui-

1010 2726 1082 2748 lllUS,
1098 2717 1233 2744 rationem
1248 2717 1383 2749 ineuntes,
1405 2724 1462 2744 rem
1481 2721 1566 2744 totam
1580 2716 1606 2743 ill
1626 2722 1741 2751 quatuor
1756 2725 1797 2753 ge-

985 2748 991 2769 ς
1011 2771 1076 2791 nera
1089 2763 1180 2798 partiti
1197 2767 1270 2790 sunt.
1284 2748 1397 2797 Quippe,
1414 2763 1440 2789 in
1455 2762 1550 2797 primis
1561 2748 1796 2798 enim-principan

1012 2809 1094 2836 Deum
1124 2818 1138 2835 ιι
1167 2808 1246 2843 vulgo
1279 2813 1461 2843 segregantcs,
1486 2808 1613 2835 omnibus
1639 2816 1701 2835 ellllt
1717 2809 1798 2834 rebus

1011 2854 1166 2890 ιπιοεὶἁςιτ,
1196 2859 1258 2882 ante
1286 2861 1382 2882 omnes
1410 2862 1482 2888 esse,
1509 2855 1686 2889 omniumque
1700 2853 1796 2888 Deum,
