2060 3213
267 148 321 176 947

604 148 738 177 EUSEB“
753 149 992 177 CESARIENSIS
1011 149 1086 177 OPP.
1105 150 1194 177 PARS
1208 149 1240 177 ΙΙ.
1259 165 1294 170 ——
1306 149 1558 178 APOLOGETICA.

1826 149 1881 177 εις

268 209 419 242 parentem.
445 214 478 234 ac
505 213 595 242 regem
617 214 677 234 sese
699 213 847 241 agnoscere
862 208 1048 242 proﬁtentur:

1104 207 1134 234 τὸ
1147 207 1215 234 θεῶν
1238 207 1371 243 ὑπάρχειν
1392 207 1528 243 δεύτερον,
1549 207 1679 243 ἑπόμενον
1699 207 1728 234 δὲ
1750 207 1780 234 τὸ
1798 207 1893 242 ὅσιμᾶ-

268 252 418 280 secundum
443 260 535 288 quem,
559 253 672 279 alterum
693 252 807 279 deerqu
831 261 927 287 genus,
942 254 1050 281 tertium

267 300 441 330 «lmtnonum,
467 303 595 333 quartum
618 298 736 332 denique
761 299 874 326 heroum
899 300 1051 335 assignant.

267 344 370 372 Deinde
382 351 458 373 vero.
472 352 641 379 quaecunque
655 345 682 371 lu
697 349 799 379 partem
814 345 884 380 ejus,
900 347 971 380 quod
983 347 1053 380 opti-

267 397 341 416 mum
363 394 415 422 est,
432 390 498 416 idem
524 389 657 422 venerint,
678 398 710 417 ea
725 390 823 424 partim
841 399 931 425 agere,
953 392 1051 426 partim

266 435 320 470 agi,
337 439 364 462 et
377 434 506 469 quiequid
518 435 651 469 ejusmodi
665 440 717 468 est,
732 436 804 470 quod
817 436 928 464 luminis
943 437 977 464 sit
991 446 1053 472 par-

267 481 362 515 ticeps,
381 481 471 507 lumen
497 480 627 515 appellari
641 485 765 508 statuunt
786 491 793 508 :
809 481 937 510 deteriori
957 488 1052 510 contra

266 529 370 552 natura:
386 526 487 552 malum
507 526 596 560 ipsum
619 526 765 561 imperare,
782 528 854 562 quod
870 529 978 563 quidem
998 537 1052 556 non

264 570 338 597 aliud
351 578 432 605 quam
449 571 636 606 improborum
656 572 811 599 daemonum
826 581 912 607 genus
931 582 992 601 esse
1005 582 1052 601 vo-

265 617 334 649 lunt,
349 616 423 651 quod
441 624 504 644 cum
524 625 568 650 eo,
589 618 661 652 quod
681 618 783 645 bonum
799 623 850 651 est,
867 619 956 647 amico
981 628 1052 647 uun-

264 669 345 697 quam
360 666 462 695 utatur,
477 667 534 690 tum
547 663 602 690 vim
616 663 642 690 in
656 664 784 691 universa
796 672 902 698 eorum,
912 673 973 700 qua:
982 666 1053 693 bono

264 707 401 734 contraria
421 712 486 735 sunt
502 713 610 741 natura,
628 709 739 744 perinde
756 718 787 737 ac
800 710 872 738 Deus
888 711 915 738 iu
930 717 987 738 toto
1002 714 1052 739 bo-

264 760 362 780 norum
377 760 486 789 genere,
506 755 656 790 principem
676 755 813 789 obtineat;
835 757 966 792 quidquid
988 766 1053 786 vero

263 799 317 827 tale
340 804 392 834 est,
414 800 442 827 id
465 809 546 828 omne
561 801 687 829 tenebras
708 803 799 829 Vocat-i
814 803 933 830 tradunt.
948 804 1053 837 Quibus

264 845 300 872 ita
315 846 472 873 constitutis
486 851 569 881 alque
582 846 729 878 distinctis,
744 848 842 875 cmlum
862 848 972 883 quidem
988 856 1050 876 cum

263 898 297 918 eo
315 891 362 926 qui
375 891 408 918 ad
422 891 514 918 lunam
528 892 614 927 ipsam
638 893 764 927 pertinet,
789 892 889 920 aethere
911 894 974 926 diis,
991 902 1052 928 qua:
1069 886 1087 912 Β

263 937 335 964 circa
358 937 448 964 lunam
462 945 607 972 acremque
621 944 777 972 versantur,
792 939 970 972 daemonibus,
991 949 1051 975 qua:

265 982 337 1008 circa
358 990 474 1018 quasque
498 983 550 1011 sub
574 988 693 1015 terram,
720 984 864 1012 animabus
889 985 1050 1013 attribuunt.

265 1028 321 1057 llac
343 1030 487 1064 partitione
503 1032 655 1066 assignata,
671 1032 796 1060 caelestes
813 1034 880 1060 deos
902 1034 927 1060 in
944 1035 1050 1069 primis,

263 1074 360 1103 deinde
380 1075 467 1104 bonos
483 1075 632 1109 daemones,
651 1077 730 1104 tertio
753 1078 865 1105 heroum
882 1078 988 1106 animas
1004 1087 1051 1106 co-

262 1120 327 1154 lere,
349 1126 489 1156 postremo
506 1122 593 1150 malos
605 1123 689 1150 etiam
703 1123 900 1159 improbosque
913 1125 1050 1152 daemones

262 1169 369 1204 placare
380 1177 412 1197 ac
424 1169 540 1198 delinire
551 1176 677 1205 oportere
686 1172 795 1199 docent.
807 1171 907 1199 Verum
919 1172 976 1200 haec
986 1180 1048 1199 cum

261 1212 299 1242 it'a
310 1214 394 1242 verbo
405 1220 485 1242 tenus
492 1216 582 1243 omnia
597 1216 775 1252 distinguant.
795 1221 852 1243 tum
868 1225 897 1243 re
911 1217 968 1252 ipsa
986 1225 1051 1244 cutt-

261 1263 304 1286 cta
325 1259 508 1293 confundunt,
525 1260 664 1295 improbas
681 1265 787 1288 tantum
804 1263 917 1288 virtutes
932 1262 1047 1288 aliorum

260 1305 383 1332 omnium
405 1306 466 1333 loco
478 1307 642 1340 venerando,
658 1315 774 1342 seseque
799 1311 871 1334 totos
888 1307 922 1334 iis
947 1308 1049 1335 manci-

260 1351 360 1384 pando,
375 1352 605 1386 quemadmodum
622 1352 704 1388 hujus
725 1353 752 1380 in
765 1360 911 1388 progressu
928 1354 1048 1388 disputa-

261 1396 342 1424 tionis
358 1397 543 1426 ostendemus.
563 1398 651 1426 Tuum
668 1405 758 1426 autem
773 1400 834 1431 erit,
850 1400 939 1431 exiis,
957 1408 1018 1434 qua:
1032 1408 1047 1426 a

260 1441 339 1470 nobis
352 1441 380 1468 in
393 1443 512 1470 mediutn
524 1443 682 1477 aiIereutur,
695 1445 796 1478 videre,
808 1445 903 1479 quales
917 1452 974 1476 eas,
987 1452 1048 1479 quae

259 1495 337 1514 suam
355 1495 404 1522 per
425 1488 572 1516 simulacra
588 1490 642 1516 vim
666 1495 790 1523 exerunt,
812 1491 926 1518 virtutes
947 1491 1047 1518 habere

260 1538 394 1569 oporteat,
420 1534 530 1567 deosne,
558 1543 591 1562 an
617 1536 770 1569 daemones;
796 1541 824 1563 et
848 1537 871 1563 si
897 1537 1044 1569 daamoues,

261 1581 394 1613 malosne,
409 1589 443 1608 an
460 1590 525 1610 vero
540 1582 635 1609 bonos.
649 1581 716 1609 Nam
737 1583 837 1609 divina:
849 1582 958 1616 quidem
976 1583 1046 1616 apud

259 1634 310 1655 nos
323 1627 431 1654 Littera:
446 1635 580 1662 nusquam
592 1628 705 1655 omnino
717 1627 867 1655 daemonem
886 1628 985 1655 bonum
1000 1636 1048 1655 vo-

259 1680 322 1700 care
340 1673 439 1705 solent,
458 1674 559 1708 quippe
572 1682 634 1708 quae
650 1674 753 1707 optime
765 1673 867 1705 norint,
882 1673 1045 1708 quibuscum

261 1718 286 1744 id
301 1718 426 1746 vocabuli
444 1719 616 1754 nominisque
631 1719 709 1755 1&2
725 1727 870 1746 cotnmttne
885 1719 930 1751 sit,
946 1719 1047 1753 impro-

259 1763 310 1790 bos
327 1771 388 1791 esse
412 1770 525 1796 omnes;
549 1764 776 1798 quemadmodum
801 1772 853 1790 non
879 1764 962 1790 alium
982 1763 1047 1798 ipsae

261 1808 346 1836 Deum
365 1817 427 1836 vere
448 1809 612 1844 proprieque
637 1810 789 1841 nominant.
809 1814 905 1844 praeter
918 1817 1003 1836 unum
1017 1809 1047 1835 il-

258 1857 326 1889 ium,
338 1857 383 1892 qui
395 1865 484 1885 rerum
498 1857 621 1885 omnium
629 1863 724 1886 auctor
737 1863 789 1885 est.
806 1858 943 1886 Liberales
953 1863 1045 1885 autem

260 1902 321 1931 illas
333 1903 474 1939 bonasque
487 1904 612 1938 virtutes,
623 1906 696 1940 qttod
712 1910 808 1932 natura
821 1913 869 1932 sua
880 1905 1045 1940 principium

259 1954 336 1977 ortus
349 1949 477 1983 habeant,
493 1955 574 1985 atque
587 1956 616 1977 ut
628 1951 708 1985 longo
728 1950 811 1978 Deum
832 1951 907 1978 illum
927 1956 954 1978 et
968 1956 1045 1978 ortus

256 1999 392 2029 expertem
417 2000 455 2026 et,
474 1997 515 2024 sui
538 1997 706 2024 conditorem
729 2000 882 2031 sequuntur
892 1996 1043 2029 intervallo,

257 2040 296 2068 sic
309 2045 335 2068 ct
350 2042 385 2069 ab
402 2042 526 2077 improbo
540 2043 694 2070 datmonum
706 2050 803 2078 genere
819 2048 967 2078 segregata:
978 2043 1043 2075 sint,

257 2094 345 2121 neque
359 2087 425 2116 deos
452 2096 540 2123 neque
567 2089 704 2116 dtemoncs
726 2089 861 2123 appellare
884 2089 1043 2121 voluerunt;

256 2132 314 2164 sed,
329 2134 401 2167 qttod
415 2134 535 2161 medium
558 2135 704 2169 quemdatn
731 2135 782 2162 illa:
798 2135 852 2161 sint
874 2134 956 2162 Deum
975 2136 1045 2162 inter

256 2185 288 2204 ac
310 2177 447 2206 daemones
466 2180 569 2207 sortita:
592 2180 725 2214 gradum,
754 2181 841 2208 media
858 2181 975 2215 quadatu
997 2189 1045 2208 eas

1105 261 1167 285 νων,
1184 254 1214 279 τὸ
1224 253 1252 279 δὲ
1269 253 1366 288 ἡρώων
1382 254 1519 290 τέταρτον·
1547 254 1663 284 ἅπαντα,
1680 254 1727 288 τῆζ
1739 254 1784 280 τοῦ
1801 254 1892 289 κρείτ-

1103 307 1178 330 τονος
1196 299 1269 331 ἰδέας
1293 300 1471 335 μετασχόντα.
1492 300 1530 334 πὴ
1553 300 1601 335 μὲν
1619 299 1706 333 ἄγειν,
1729 300 1765 334 tri;
1779 299 1807 325 δὲ
1830 299 1893 333 ἆγε-

1104 344 1176 376 σΘαι,
1190 346 1238 371 καὶ
1249 345 1306 379 φῶς
1318 345 1390 371 ἆπαν
1408 344 1657 380 προσαγορεύεσθαι
1674 345 1703 371 τὸ
1719 345 1822 371 τοιόνδε
1835 353 1891 378 ερον

1102 390 1147 422 τὸς
1162 392 1270 426 μετοχῇ.
1290 390 1369 417 Ἀλλὰ
1379 391 1424 418 καὶ
1431 391 1479 425 τῆς
1488 390 1532 417 τοῦ
1539 391 1659 427 χείρονος
1670 390 1762 422 οὐσίας
1770 390 1800 416 τὸ
1810 391 1892 417 κακὸν

1103 436 1226 471 ἡγεῖσθαί
1251 445 1328 471 φασι.
1347 437 1431 464 Τοῦτο
1450 437 1478 464 δὲ
1497 435 1567 464 εἶναι
1593 436 1736 473 μοχθηρῶν
1759 436 1892 471 δαιμόνων

1103 482 1188 516 γένος,
1204 482 1274 517 ψιλῷ
1296 483 1346 518 μὲν
1365 483 1490 519 οὐδαμῶς
1506 482 1645 519 χρώμενον
1667 481 1788 516 τάγαθῷ,
1811 481 1891 508 δύνα-

1105 528 1149 562 μίν
1163 537 1194 562 γε
1213 528 1266 564 μὴν
1291 529 1320 555 ἐν
1341 530 1374 564 τῇ
1385 529 1438 555 τῶν
1473 529 1599 555 ἐναντίων
1623 528 1701 563 φύσει
1724 527 1892 562 κεκτημένον

1103 574 1226 611 πρώτην,
1241 574 1366 611 καθάπερ
1385 576 1414 602 ὲν
1430 576 1487 607 τοῖς
1505 575 1656 611 κρείττοσιν
1671 575 1686 601 ὁ
1701 573 1777 605 Θεός·
1798 575 1852 600 πᾶν
1864 574 1891 600 δὲ

1102 621 1132 648 τὸ
1152 621 1252 648 τοιόνδε
1273 621 1366 653 σκότος
1383 621 1644 657 προσαγορεύεσθαι.
1675 620 1768 648 Ταῦτα
1797 621 1892 648 τοῦτον

1102 667 1317 702 διαστειλάμενοι
1337 667 1384 694 τὸν
1405 667 1515 703 τρόπον,
1542 667 1611 699 θεοῖς
1640 667 1688 703 μὲν
1709 668 1822 704 οὐρανὸν
1845 667 1892 694 καὶ

1102 714 1147 740 τὸν
1173 713 1236 748 ἄχρι
1258 713 1372 749 σελήνης
1394 714 1491 751 αἰθέρα
1513 714 1594 748 φασιν
1616 714 1807 749 ὑποτετάχθαι·
1835 714 1893 740 δαί-

1104 767 1166 794 μοσι
1177 759 1205 785 δὲ
1215 759 1249 785 τὰ
1260 759 1324 797 περὶ
1338 759 1451 794 σελήνην
1465 759 1512 786 καὶ
1524 759 1602 795 ἀέρα·
1620 759 1719 795 ψυχαῖς
1731 759 1762 786 δὲ
1777 759 1811 786 τὰ
1827 768 1859 786 πε
1865 760 1889 794 εἴ

1103 805 1154 840 γῆν
1165 805 1211 832 καὶ
1225 806 1347 840 ὑπόγεια.
1367 806 1486 841 Τοιοὺτῳ
1499 806 1521 832 δ’
1545 805 1689 841 ἁφορισμῷ
1715 806 1889 842 κεχρημένοι,

1102 853 1209 886 πρῶτον
1223 852 1349 878 ἁπάντων
1367 852 1432 886 φασὶ
1444 853 1506 883 τοὺς
1518 852 1659 887 οὐρανίους
1678 852 1732 879 δεῖν
1754 853 1801 879 καὶ
1817 853 1892 879 ait):—

1103 898 1176 932 ρίους
1191 897 1267 928 θεοὺς
1284 897 1455 932 θεραπεύειν,
1473 897 1608 933 δεύτερον,
1624 899 1686 929 τοὺς
1698 899 1815 932 ἀγαθοὺς
1834 900 1891 926 δαί-

1103 951 1197 978 μονας,
1208 943 1310 979 τρίτον,
1326 942 1375 975 τὰς
1393 943 1447 969 τῶν
1459 943 1556 978 ἡρώων
1569 944 1667 979 ψυχὰς,
1685 945 1812 981 τέταρτον
1828 948 1891 978 τοὺς

1102 988 1218 1023 φαύλους
1247 989 1293 1015 καὶ
1318 990 1452 1024 πονηροὺς
1487 989 1727 1023 ἀπομειλίσσεσθαι
1751 991 1888 1026 δαίμονας.

1102 1034 1194 1061 Ταῦτα
1217 1034 1245 1060 δὲ
1270 1034 1344 1069 λόγῳ
1367 1034 1550 1069 διαιροῦντες,
1579 1035 1651 1070 ἔργῳ
1685 1036 1828 1071 συγχέουσι
1856 1038 1890 1064 τὰ

1101 1080 1200 1110 πάντα,
1217 1080 1301 1115 μόνας
1318 1080 1379 1106 ἀντὶ
1397 1079 1452 1106 τῶν
1472 1080 1623 1115 εἰρημένων
1644 1082 1751 1108 πάντων
1770 1082 1819 1114 τὰς
1842 1091 1890 1109 πο-

1099 1125 1185 1161 νηρὰς
1195 1125 1323 1161 δυνάμεις
1339 1125 1544 1160 θεραπεύοντες,
1557 1127 1603 1153 καὶ
1616 1126 1670 1153 ὅλοι
1682 1127 1792 1159 ταύταις
1807 1137 1890 1156 κατα-

1099 1170 1283 1206 δουλούμενοι,
1295 1171 1333 1202 ὡς
1349 1172 1363 1198 ό
1380 1172 1457 1205 λόγος
1475 1171 1575 1207 προῖὼν
1595 1172 1746 1206 ἀπελέγξει.
1770 1174 1889 1208 Πάρεστι

1099 1216 1164 1250 γοῦν
1182 1225 1222 1243 σοι
1235 1217 1285 1248 τὰς
1303 1217 1347 1244 διὰ
1361 1217 1415 1244 τῶν
1438 1217 1539 1250 ξοάνων
1561 1218 1723 1254 ἐνεργούσας
1747 1219 1887 1254 δυνάμεις,

1098 1264 1194 1296 ὁποίας
1208 1264 1276 1300 χρῆν
1290 1264 1498 1298 ἀποφαίνεσθαι,
1519 1266 1640 1297 σκοπεῖν,
1661 1266 1761 1301 πότερα
1779 1265 1858 1298 θεοὺς
1870 1267 1887 1302 ἢ

1098 1309 1237 1345 δαίμονας,
1266 1311 1312 1336 καὶ
1334 1312 1389 1337 sic:
1409 1311 1537 1345 φαύλους,
1564 1311 1618 1337 εἴτε
1643 1311 1771 1345 ἀγαθοὺς,
1787 1311 1819 1339 ἐκ
1834 1312 1888 1338 τῶν

1099 1356 1373 1391 παρατεθησομένων.
1391 1357 1431 1383 Τὰ
1447 1357 1497 1392 μὲν
1517 1357 1571 1392 γὰρ
1595 1358 1658 1392 παρ’
1677 1358 1744 1392 ἡμῖν
1758 1357 1818 1384 Θεῖα
1837 1358 1888 1385 Λό-

1098 1410 1144 1435 για
1158 1401 1211 1428 οὐδ’
1227 1402 1295 1433 ὅλως
1307 1402 1405 1436 ἀγαθὸν
1416 1400 1485 1428 οἶδεν
1499 1402 1641 1436 ὀνομάζειν
1650 1402 1774 1437 δαίμονα,
1785 1403 1888 1435 πάντας

1097 1447 1125 1473 δὲ
1144 1448 1277 1483 πονηροὺς
1293 1445 1361 1474 εἶναι
1381 1448 1443 1480 τοὺς
1461 1448 1511 1483 τῆς
1529 1448 1626 1481 λέξεως
1643 1448 1753 1485 ταύτης,
1778 1450 1825 1475 καὶ
1854 1449 1886 1484 δὴ

1098 1493 1208 1528 καὶτῆς
1226 1494 1411 1529 προσηγορίας
1436 1494 1640 1529 μετειληχότας,
1657 1494 1694 1526 ὡς
1715 1495 1770 1521 οὐδ’
1793 1495 1886 1531 ἕτερον

1098 1538 1164 1566 Θεδν
1177 1539 1285 1574 ἀληθῶς
1302 1540 1348 1566 καὶ
1367 1540 1479 1575 κυρίως,
1501 1540 1570 1574 πλὴν
1588 1540 1637 1567 ἕνα
1652 1540 1707 1566 τῶν
1723 1541 1827 1567 πάντων
1843 1541 1885 1567 αῖ-

1098 1592 1165 1611 τιον⁴
1185 1585 1234 1617 τὰς
1250 1585 1279 1611 δὲ
1294 1585 1405 1617 ἀστείας
1429 1587 1476 1612 καὶ
1494 1585 1599 1619 ἀγαθὰς
1619 1586 1756 1621 δυνάμεις,
1792 1594 1819 1611 τε
1836 1586 1886 1621 τὴν

1098 1630 1179 1664 φύσιν
1193 1631 1310 1667 γενητὰς
1326 1630 1418 1663 οὔσας,
1444 1632 1490 1658 καὶ
1509 1631 1598 1666 πολλῷ
1622 1632 1667 1658 τὸν
1678 1632 1825 1666 ἀγέννητον
1839 1632 1885 1658 καὶ

1099 1676 1174 1711 σφῶν
1193 1677 1282 1703 αὐτῶν
1306 1677 1420 1713 ποιητὴν
1442 1677 1507 1704 Θεὸν
1529 1677 1745 1713 ἀφυστερούσας,
1770 1677 1800 1703 οὐ
1831 1676 1885 1712 μὴν

1098 1722 1166 1749 ἀλλὰ
1183 1723 1231 1749 καὶ
1249 1723 1295 1749 τοῦ
1313 1721 1368 1750 τῶν
1388 1723 1522 1759 δαιμόνων
1541 1723 1676 1759 μοχθηροῦ
1695 1724 1789 1758 γένους
1812 1724 1885 1758 ἀφω-

1099 1768 1241 1803 ρισμένας,
1257 1768 1319 1795 οὔτε
1329 1768 1415 1800 θεοὺς,
1422 1767 1469 1795 οὔτ
1498 1769 1627 1804 δαίμονας
1643 1770 1788 1796 ἀποκαλεῖν
1802 1769 1884 1801 ἀξιοῐ’

1099 1815 1183 1850 μέσας
1203 1815 1232 1841 δὲ
1252 1814 1334 1846 οὔσας
1349 1815 1415 1841 Θεοῦ
1442 1816 1488 1842 καὶ
1508 1815 1653 1851 δαιμόνων,
1679 1816 1815 1851 εὐθυϐόλῳ
1837 1817 1885 1843 καὶ

1099 1861 1169 1897 μέσῃ
1192 1862 1381 1897 προσηγορία,
1406 1862 1538 1896 ἀγγέλους
1565 1862 1633 1889 Θεοῦ
1663 1862 1710 1889 καὶ
1743 1863 1885 1898 πνεύματα

1096 1899 1279 1942 λειτουργικὰ,
1295 1907 1423 1942 δυνάμεις
1435 1917 1464 1934 τε
1478 1908 1554 1940 Θείας
1569 1909 1614 1935 καὶ
1626 1908 1819 1945 ἁρχαγγέλους,
1837 1909 1884 1935 καί

1096 1961 1166 1978 τισιν
1186 1952 1280 1984 ἄλλαις
1299 1954 1467 1988 ἐπωνυμίαις
1490 1954 1657 1989 φερωνύμως
1676 1955 1731 1985 τοῖς
1744 1953 1877 1986 ὲπιτηδεύι

1098 2007 1177 2033 μασιν
1190 1999 1279 2025 αὐτῶν
1290 1999 1432 2035 ὀνομάζειν
1444 2000 1533 2026 εἴωθε·
1551 2001 1614 2031 τοὺς
1627 2000 1655 2027 δὲ
1669 2000 1796 2035 δαίμονας
1805 2000 1839 2035 (εἰ
1850 1999 1882 2034 δὴ

1096 2045 1142 2071 καὶ
1157 2046 1259 2072 τούτων
1268 2046 1339 2080 ἡμᾶς
1350 2046 1481 2081 προσήκει
1494 2046 1543 2081 τὴν
1558 2046 1733 2081 ἐτυμολογίαν
1744 2046 1882 2079 ἐξειπεῖν’)

1095 2093 1143 2128 οὺχ
1159 2091 1230 2129 ᾗπερ
1246 2094 1359 2129 Ἕλλησι
1372 2094 1455 2126 δοκεῖ,
1470 2094 1545 2130 παρὰ
1561 2095 1592 2121 τὸ
1601 2095 1737 2130 δαήμονας
1752 2092 1821 2120 εἶναι
1835 2095 1883 2121 καὶ

1095 2139 1291 2174 ἐπιστήμονας,
1308 2139 1366 2166 ἀλλ’
1388 2140 1404 2174 ἢ
1423 2140 1498 2176 παρὰ
1517 2141 1548 2166 τὸ
1568 2141 1727 2176 δειμαίνειν,
1746 2141 1814 2176 ὅπερ
1825 2141 1883 2166 ἐστὶ

1097 2185 1237 2219 φοϐεῖσθαι
1253 2186 1301 2211 καὶ
1322 2186 1457 2220 ἐκφοϐεῖν,
1482 2186 1611 2221 δαίμονάς
1637 2195 1714 2218 τινας
1736 2186 1882 2221 προσφυῶς

255 2223 452 2259 aplissimaque
463 2226 650 2261 appellatione,
663 2227 744 2254 modo
759 2228 869 2262 angelos
884 2227 930 2254 Dei
943 2236 974 2255 ac
989 2230 1044 2263 spi-

1099 2231 1284 2266 ονομάζεσῦαν
1300 2232 1348 2263 τάς
1359 2232 1390 2266 γέ
1410 2241 1452 2258 τοι
1468 2232 1543 2263 θείας
1559 2232 1606 2258 καὶ
1619 2231 1724 2266 ἀγαθὰς
1743 2232 1880 2267 δυνάμεις,

254 2271 324 2297 titus
339 2271 528 2304 administros,
554 2273 634 2300 modo
657 2278 770 2300 Virtutes
787 2273 893 2301 divinas
905 2282 986 2309 atque
999 2282 1043 2301 ar-

253 2317 408 2351 changelos,
425 2319 507 2345 modo
519 2319 580 2346 aliis
593 2319 727 2354 ejusmodi
748 2319 903 2347 nominibus
918 2328 980 2347 cum
994 2328 1040 2347 Va-

252 2362 301 2389 riis
311 2370 406 2390 carum
416 2363 513 2392 ciliciis
523 2373 589 2392 voce
602 2366 659 2400 ipsa
671 2365 870 2393 cohaerentibus
884 2374 1041 2400 nuncupare

255 2415 465 2437 consueverunt.
482 2410 624 2439 Daemones
651 2420 716 2439 vero
731 2412 804 2447 quod
821 2413 928 2444 attinet,
944 2412 976 2447 (si
998 2418 1040 2440 ta-

252 2461 313 2480 men
327 2455 425 2483 horutn
442 2456 522 2484 etiam
541 2457 659 2485 nominis
672 2463 795 2492 oponeat
815 2458 980 2485 notationem
992 2466 1040 2486 cx-

1093 2277 1188 2313 ὦσπερ
1203 2277 1249 2304 οὖν
1266 2277 1312 2304 τοῦ
1328 2278 1440 2314 τρόπου,
1455 2278 1554 2304 οὑτωσὶ
1572 2278 1600 2304 δὲ
1618 2278 1663 2304 καὶ
1675 2278 1724 2312 τῆς
1744 2286 1881 2312 προσηγο-

1094 2323 1156 2359 ρίας
1173 2325 1223 2360 τῆς
1242 2324 1401 2360 δαιμονικῆς
1425 2324 1566 2360 ἀλλοτρίας
1587 2325 1739 2359 τυγχάνειν·
1757 2324 1818 2351 ἐπεὶ
1834 2324 1881 2350 καὶ

1094 2370 1202 2396 πάντων
1215 2370 1247 2397 ἂν
1260 2371 1302 2405 εἴη
1317 2370 1555 2406 παραλογώτατον,
1576 2371 1625 2402 τὰς
1640 2371 1708 2406 μήτε
1718 2370 1766 2405 τὴν
1784 2370 1881 2406 προαί-

1093 2423 1178 2450 ρεσιν,
1197 2417 1265 2451 μήτε
1280 2416 1329 2451 τὴν
1354 2417 1386 2443 ἐκ
1407 2416 1452 2442 τοῦ
1468 2416 1568 2452 τρόπον
1587 2416 1666 2451 φύσιν
1689 2415 1795 2452 ὁμοίας,
1816 2416 1881 2451 μιᾶς

1093 2461 1140 2487 καὶ
1155 2461 1205 2496 τῆς
1221 2462 1306 2497 αὐτῆς
1325 2463 1483 2497 ἐπωνυμίας
1495 2463 1598 2496 ἀξιοῦν.

251 2499 433 2535 plicare,)non
444 2502 511 2536 jam,
528 2508 557 2530 ut
571 2503 672 2532 Graecis
687 2505 785 2539 placet,
802 2504 876 2539 παρὰ
891 2504 921 2530 τὸ
930 2504 1048 2540 δαήμονα

1099 2505 1162 2539 ἷναι,
1179 2509 1251 2542 quod
1264 2509 1426 2536 scicntcsilli
1440 2509 1505 2540 sint,
1516 2510 1563 2536 sed
1577 2509 1651 2544 παρὰ
1671 2508 1702 2535 τὸ
1720 2506 1881 2543 δειμαίνειν,

252 2545 302 2572 hoc
319 2552 372 2576 est.
387 2548 458 2582 quod
473 2549 586 2577 timeant
600 2550 682 2578 simul
695 2558 727 2578 ac
741 2555 870 2584 terreant,
886 2551 1042 2578 daemonum
1055 2552 1105 2587 ipsi
1126 2560 1237 2588 nomen,
1249 2555 1321 2589 quod
1340 2564 1417 2583 suam
1434 2556 1460 2582 in
1487 2560 1611 2583 naturam
1633 2556 1701 2583 belle
1711 2554 1885 2586 conveniret.

250 2591 413 2620 habuerunt.
430 2593 497 2622 Nam
515 2596 621 2624 divinas
638 2597 731 2632 utique
747 2598 887 2631 bonasque
910 2598 1034 2629 virtutes.
1055 2603 1085 2625 ut
1097 2600 1230 2633 moribus,
1250 2601 1291 2628 sic
1313 2602 1393 2629 etiam
1409 2603 1519 2630 nomine
1543 2603 1681 2638 sejunctas
1707 2610 1721 2629 a
1748 2601 1882 2628 daemoni-

247 2637 301 2665 itus
323 2646 383 2666 esse
402 2640 506 2674 decuit;
530 2642 678 2671 absurdum
695 2644 767 2672 enim
785 2652 867 2679 supra
887 2642 998 2670 modum
1013 2644 1039 2671 id
1059 2644 1171 2677 fuisset.
1187 2654 1248 2681 qum
1267 2647 1340 2674 nulla
1367 2655 1428 2673 cum
1455 2647 1488 2674 iis
1518 2655 1605 2682 neque
1628 2647 1757 2680 instituti,
1789 2654 1879 2680 neque

250 2692 357 2712 morum
377 2686 554 2715 similitudine
575 2689 727 2724 conjuncta
741 2694 843 2723 essent,
863 2690 924 2717 illas
944 2693 1035 2717 tamen
1057 2690 1138 2718 unius
1154 2691 1333 2726 ejusdemque
1348 2699 1410 2719 cum
1424 2691 1492 2726 ipsis
1509 2692 1626 2720 nominis
1653 2692 1782 2720 societate
1811 2698 1878 2719 cono

247 2730 335 2765 jungL
