2060 3213
234 177 241 183 ’
292 189 345 217 255

630 187 764 216 EUSEBII
784 184 1024 215 CESARIENSIS
1043 183 1119 211 OPP.
1138 182 1229 210 PARS
1247 182 1278 210 ll.
1292 198 1326 202 ——
1341 181 1596 210 APOLOGETICA.

1868 181 1920 207 27.6

293 252 380 279 aliove
397 251 478 279 sortis
490 259 587 286 genere
611 251 744 278 utentium
765 250 947 282 nmltitndine,
960 249 1013 276 duo
1027 247 1077 274 ali—

1132 247 1282 282 περιελθεῖν
1298 245 1422 281 ἀριθμόν.
1440 245 1518 271 υῦτω
1534 244 1588 279 γὰρ
1605 243 1676 278 ἔχειν
1696 243 1724 269 τὺ
1746 242 1800 269 ἀπὸ
1814 241 1919 277 μυρὶων

294 298 340 332 qui
353 297 394 324 vel
417 297 501 324 semel
521 301 625 324 tantum
653 297 679 323 iu
693 297 787 323 eadem
803 303 867 323 casu
884 296 1054 322 incurrerent
1070 314 1078 325 ,

294 342 395 370 factum
410 341 565 374 miraretur,
581 341 660 376 quasi
670 349 700 367 ex
714 340 880 368 divinatione
892 340 1010 375 quadam
1024 346 1080 366 sor-

295 388 384 423 tisque
410 387 506 415 futura:
523 387 648 416 scientia.
676 394 748 414 unus
767 391 849 421 atque
872 386 942 413 idem
971 385 1080 421 utrique

293 442 424 461 numerus
440 433 591 469 obtigisset.
604 433 733 460 Eamdem
749 433 823 460 enim
843 432 904 467 ejus
919 439 980 459 esse
996 432 1080 459 ratio-

293 487 365 511 nem,
383 480 455 513 quod
472 486 557 505 unum
574 486 607 506 ex
626 478 740 506 inﬁnitis
755 483 847 506 vatum
862 477 1020 512 responsis,
1048 485 1080 504 ac

292 525 363 552 circa
377 533 422 552 res
441 531 556 553 numero
576 524 698 553 inﬁnitas
714 525 807 559 editis,
825 525 895 553 forte
912 525 1020 552 fortuna
1037 532 1080 553 se-

291 571 344 598 mel
354 571 474 599 evenerit
488 579 496 598 :
512 571 539 598 id
555 571 629 606 quod
647 571 693 598 ubi
703 571 773 605 iquis
788 571 972 603 intellexerit,
1000 571 1080 606 cujus

290 617 399 645 animus
410 617 478 644 nihil
488 617 563 644 intus
577 617 669 649 solidi.
699 618 768 644 nihil
783 618 934 646 constantis
960 618 1058 645 habeat
1071 639 1079 651 ,

290 669 347 691 tum
363 671 427 691 vero
444 664 582 692 hominem
598 663 702 691 oraculi
728 664 919 692 certitudinem
948 665 1078 700 obstupe-

290 717 385 742 scere;
399 717 480 744 quem
494 717 561 738 sane
577 710 658 746 longe
673 715 825 745 praestaret,
837 711 963 738 vecordia
976 712 1078 746 posita,

290 762 382 782 secum
396 754 554 789 diligentius
571 759 715 790 reputare,
741 763 824 790 quam
843 756 937 783 multis
951 757 1013 784 aliis
1036 758 1078 785 vel

289 801 440 832 interitum,
453 801 494 828 vel
509 800 696 829 dissensiones
709 807 736 829 et
755 801 825 829 bella
846 809 932 836 genus
947 802 973 829 id
990 803 1080 829 humi-

290 855 354 875 num
365 846 540 880 consciverit,
551 854 584 874 ac
599 851 720 875 veterum
730 847 907 875 historiarum
917 848 1078 875 memoriam

289 892 455 927 cogitatione
467 893 623 928 repetendo,
640 894 872 926 animadvertere,
897 901 931 921 ne
946 899 1002 921 tum
1017 896 1078 929 qui-

290 940 350 966 dem
366 939 451 966 ullum
465 940 500 967 ab
510 939 543 966 iis
556 939 656 967 divinas
665 940 776 968 virtutis
783 948 852 976 opus
864 941 966 968 editum
979 940 1076 974 fuisse,

289 993 351 1012 cum
369 990 396 1013 et
421 993 465 1013 res
481 985 592 1014 Graeciae
615 986 734 1014 maxime
761 987 899 1019 ﬂorerent,
925 991 951 1014 et
975 988 1077 1023 jactata

289 1031 429 1066 quondam
442 1032 563 1062 oracula.
591 1040 653 1067 quae
680 1033 732 1060 hoc
752 1038 874 1068 tempore
890 1033 965 1061 nulla
989 1039 1055 1062 sunt
1068 1054 1076 1066 ,

290 1078 401 1113 integrae
429 1078 602 1106 auctoritatis
616 1084 708 1106 essent
720 1099 729 1112 ,
751 1085 778 1106 et
798 1080 833 1106 ab
849 1079 986 1115 indigenis
1001 1082 1076 1108 omni

289 1124 380 1152 studio
391 1131 514 1160 curaque
526 1123 631 1157 hab'ita,
643 1125 740 1160 patriis
765 1125 864 1154 ritibus
876 1131 958 1160 atque
974 1132 1077 1162 myste-

291 1171 339 1198 riis
357 1170 483 1205 religiose
499 1171 646 1199 admodum
657 1171 822 1200 colerentur.
836 1172 869 1200 Et
881 1180 948 1201 sane
959 1173 1013 1200 vim
1028 1182 1076 1202 eo-

287 1224 349 1244 rum
365 1217 467 1244 nullam
489 1224 549 1245 esse
566 1221 623 1245 tum
642 1218 777 1252 praecipue
803 1219 926 1246 constitit
946 1227 979 1247 ex
993 1220 1077 1247 bello-

288 1271 350 1290 rum
377 1262 598 1291 calamitatibus:
621 1263 701 1299 134
729 1264 755 1290 in
783 1264 893 1299 quibus,
917 1266 990 1300 quod
1008 1266 1077 1292 nihil

291 1307 352 1342 opis
365 1312 392 1336 et
402 1307 496 1335 auxilii
511 1306 636 1335 conferre
649 1312 760 1342 possent
779 1308 879 1344 egregii
903 1307 1022 1336 fatorum
1035 1309 1077 1335 in-

288 1359 430 1388 terpretes.
454 1361 649 1388 responsorum
671 1353 848 1389 ambiguitate
876 1354 988 1382 clientes
1012 1363 1077 1382 suos

287 1399 416 1428 fefellisse
425 1399 542 1428 convicti
554 1404 628 1432 sunt.
643 1400 876 1436 quemadmodum
891 1409 942 1429 suo
956 1401 1018 1428 loco
1033 1401 1077 1429 de-

287 1446 502 1473 monstrabimus
514 1465 522 1477 ,
543 1453 605 1473 cum
636 1446 759 1474 omnium
775 1446 952 1481 subjiciemus
967 1447 1054 1474 oculis
1068 1467 1075 1479 ,

287 1499 342 1528 quo
356 1497 437 1527 pacto
451 1499 510 1525 em,
528 1493 575 1528 qui
592 1492 734 1519 oraculum
747 1492 936 1526 consulebant,
950 1498 1075 1520 mutuum

288 1538 315 1565 in
331 1538 432 1566 bellum
445 1538 586 1572 aeuerint;
601 1546 650 1566 nec
665 1538 698 1566 de
711 1538 791 1566 seriis
803 1545 912 1573 quoque
928 1539 1011 1566 rebus
1033 1547 1077 1566 ne-

288 1585 423 1620 gotiisque
433 1585 551 1613 consulti
570 1585 771 1620 responderint,
786 1585 833 1612 sed
849 1585 940 1619 potius
956 1586 1077 1614 oraculis
1090 1599 1113 1630 ο

288 1628 346 1656 suis
363 1629 570 1657 consulentibus
586 1629 737 1661 illuserint,
755 1630 795 1657 sic
813 1633 904 1657 tamen
915 1651 922 1662 ,
941 1634 970 1657 ut
986 1631 1076 1658 dubiae

287 1674 496 1710 signiﬁcationis
514 1674 680 1702 obscuritate
701 1682 778 1703 suam
803 1675 924 1710 ipsorum
948 1676 1076 1712 ignoran—

288 1720 352 1748 tiam
364 1721 542 1748 occultarent.
568 1720 663 1756 Cogita
684 1729 749 1749 vero
765 1721 824 1757 ipse
841 1727 930 1750 tecum
951 1725 1074 1759 exempla

287 1771 378 1794 vetera
393 1768 548 1802 repetendo,
565 1775 646 1803 quam
667 1767 711 1795 isti
725 1776 806 1803 saepe,
820 1776 884 1796 cum
906 1768 1009 1797 affectae
1028 1778 1076 1798 va-

288 1812 415 1840 letudinis
426 1812 583 1840 horninibus
597 1813 690 1845 robur,
711 1813 811 1847 vitam,
828 1815 1001 1851 salutemque
1014 1825 1076 1852 pro-

288 1858 438 1891 misissent,
451 1858 540 1893 iisque
554 1863 647 1894 postea
666 1867 719 1887 non
734 1867 814 1888 secus
825 1869 857 1889 ac
871 1861 924 1890 dlis
945 1862 1011 1891 ﬁdes
1027 1865 1076 1890 ha-

289 1905 406 1937 beretur,
433 1905 515 1940 paulo
548 1909 609 1940 post
637 1905 740 1941 ingenti
768 1907 891 1941 pecuniae
915 1908 942 1936 vi
963 1916 996 1936 ex
1023 1909 1076 1937 hoc

287 1949 383 1978 uitiata:
393 1949 526 1978 divinitus
541 1956 701 1979 mercaturae
713 1960 812 1987 genere
832 1958 992 1989 corrogata,
1008 1962 1076 1990 qua-

287 1997 326 2023 les
345 1997 452 2024 tandem
476 2002 578 2029 essent,
597 1997 742 2025 manifeste
760 1999 956 2034 reprehensum
982 2000 1075 2032 fuerit,

286 2042 449 2078 impostores
462 2044 566 2072 scilicet
581 2051 614 2072 ac
626 2045 815 2078 circulatores,
837 2053 891 2073 non
912 2051 1003 2074 autem
1025 2048 1075 2080 dii,

286 2090 471 2126 cumdecepti
490 2090 524 2118 ab
538 2091 572 2118 iis
590 2091 715 2118 homines
737 2091 888 2119 infaustum
907 2093 1009 2120 exitum
1026 2093 1075 2121 lia-

287 2139 419 2166 bnissent.
436 2137 507 2171 Quid
522 2145 603 2173 porro
618 2138 714 2165 attinet
728 2137 828 2171 dicere,
849 2147 882 2166 ne
896 2139 1075 2174 popularibus

287 2184 397 2218 quidem
414 2184 482 2216 suis,
497 2188 524 2211 et
539 2183 661 2218 ejusdem
684 2191 778 2211 secum
797 2184 916 2212 civitatis
939 2186 1074 2221 indigenis

287 2235 363 2258 vates
377 2231 502 2265 egregios
520 2230 669 2265 quidquam
689 2230 808 2264 praesidii
824 2232 866 2258 vel
883 2232 943 2267 opis
964 2232 1070 2266 afferre,

1132 293 1177 318 ἐπὶ
1202 291 1308 328 μυρίοις
1330 291 1510 327 χρησθέντων,
1536 290 1609 322 ἅπαξ
1631 289 1694 315 ποτὲ
1723 288 1830 324 συμϐὰν
1851 288 1920 314 κατά

1131 338 1223 373 τύχην·
1245 338 1259 364 ὂ
1275 337 1322 364 καὶ¹
1341 336 1477 363 συνιδόντα
1495 336 1539 363 τὸν
1558 336 1640 371 μηδὲν
1665 334 1777 370 στερρὸν
1800 335 1830 360 ὲν
1844 333 1920 368 βάθει

1131 383 1219 418 ψυχῆς
1230 382 1397 417 κεκτημένον
1414 380 1682 417 ὑπερεκπλήττεσθαι
1699 381 1730 406 τὺ
1746 380 1919 416 χρηστήριον,

1131 425 1153 463 ᾧ
1170 429 1236 455 πολὺ
1249 430 1374 464 κρεῖττον
1388 426 1422 464 ἦν
1433 429 1463 455 τὸ
1480 429 1518 464 μὴ
1529 429 1565 463 ἀφ
1571 428 1683 463 ραίνειν,
1702 426 1921 462 συλλογισαμένῳ

1131 476 1202 508 ὅσοις
1220 475 1309 507 ἄλλοις
1331 475 1446 501 Θανάτου
1468 475 1612 509 γεγόνασιν
1633 474 1724 505 αἴτιοι,
1751 472 1873 504 στάσεώς
1891 481 1920 498 τε

1131 522 1178 549 καὶ
1195 522 1319 557 πολέμων
1341 523 1365 548 οἱ
1381 521 1567 557 δεδηλωμένον
1584 519 1735 555 σκέψασθαι
1750 528 1779 546 τε
1798 519 1852 546 τῶν
1869 528 1920 546 πα-

1131 568 1215 595 λαιῶν
1230 568 1280 600 τὰς
1297 568 1426 603 ἱστορίας,
1451 569 1498 594 καὶ
1524 567 1639 594 συνιδεῖν
1660 567 1697 598 ὡς
1720 566 1781 593 οὐδὲ
1801 566 1832 592 τδ
1846 575 1920 601 τηνι-

1131 614 1196 641 κάδε
1222 614 1322 649 ἀρετῆς
1344 622 1370 640 τι
1394 613 1469 645 Θείας
1492 613 1571 649 ἔργον
1594 612 1778 645 ἀπεδείξαντο,
1802 613 1920 647 ὁπηνίκα

1130 659 1205 695 ἦνθει
1233 659 1282 694 μὲν
1307 659 1341 686 τὰ
1369 659 1528 695 Ἑλληνικὰ,
1556 660 1725 694 συνειστήκει
1750 658 1778 684 δὲ
1798 657 1833 684 τά
1855 658 1919 693 πρὶν

1131 705 1270 741 βοώμενα,
1297 705 1344 731 νῦν
1375 705 1402 731 δὲ
1429 705 1525 740 μηκέτ’
1548 705 1612 731 ὄντα
1639 705 1802 740 χρηστήρια,
1830 705 1919 739 πάσης

1130 752 1259 787 προνοίας
1277 752 1323 778 καὶ
1350 751 1466 787 σπουδῆς
1489 751 1629 786 ἠξιωμένα
1653 751 1720 787 πρὸς
1741 751 1794 777 τῶν
1818 751 1918 785 ἐπιχω-

1130 799 1212 834 ρίων,
1231 798 1284 825 τῶν
1308 798 1340 834 δὴ
1357 801 1494 833 πατρῴοις
1518 798 1610 833 νόμοις
1636 806 1665 824 τε
1689 797 1737 824 καὶ
1761 798 1920 833 μυστηρίοις

1130 844 1262 872 σεϐόντιιιν
1284 853 1314 871 τε
1335 845 1404 871 αὐτὰ
1422 845 1468 871 καὶ
1485 844 1700 880 Θεραπευόντων,
1717 843 1764 870 καὶ
1779 844 1839 870 τότε
1854 843 1920 878 γοῦν

1132 891 1248 926 μάλιστα
1270 891 1300 917 τὸ
1326 891 1407 927 μηδὲν
1426 890 1555 918 δύνασθαι
1579 890 1790 926 ἀπηλέγχθησαν
1807 891 1835 917 ὲν
1859 891 1920 921 ταῖς

1128 936 1183 963 τῶν
1197 936 1320 972 πολέμων
1333 938 1494 972 συμφοραῖς·
1506 937 1534 962 ὲν
1547 935 1590 969 αἷς
1605 936 1711 971 βοηθεῖν
1726 935 1920 967 ἀδυνατοῦντες

1128 983 1153 1009 οἱ
1169 984 1286 1018 γενναῖοι
1304 982 1461 1018 θεσπιῳΰοὶ,
1479 982 1511 1008 δι’
1525 982 1690 1017 ἀμφιϐολίας
1714 982 1767 1008 τῶν
1787 981 1920 1018 χρησμῶν

1128 1030 1237 1065 ἥλωσαν
1271 1030 1446 1065 σοφισάμενοι
1470 1029 1533 1060 τοὺς
1561 1029 1734 1063 πρόσφυγας·
1756 1027 1849 1063 ὥσπερ
1872 1025 1919 1053 οὖν

1129 1076 1200 1103 κατὰ
1223 1076 1269 1102 τὸν
1288 1075 1383 1102 δέοντα
1410 1075 1504 1109 καιρὸν
1529 1074 1714 1106 ἐπιδείξομεν,
1735 1073 1919 1110 παριστῶντες

1128 1122 1202 1154 ὅπως
1223 1121 1270 1148 καὶ
1291 1121 1331 1152 είς
1353 1120 1399 1147 τὸν
1421 1120 1481 1146 κατ’
1499 1119 1619 1155 ἀλλήλων
1636 1119 1753 1154 πόλεμον
1767 1119 1830 1150 τοὺς
1845 1127 1917 1154 χρω-

1131 1167 1229 1203 μένους
1252 1166 1426 1201 παρώξυνον.
1453 1165 1502 1192 sui.
1526 1165 1562 1197 ὡς
1589 1165 1648 1192 οὐδὲ
1674 1166 1739 1201 περὶ
1766 1164 1918 1191 σπουδαίων

1130 1213 1300 1249 πραγμάτων
1314 1213 1362 1244 τὰς
1377 1212 1536 1247 ἀποκρίσεις
1557 1211 1707 1241 ἐποιοῦντο,
1722 1211 1769 1237 καὶ
1783 1209 1822 1242 ὡς
1836 1209 1918 1236 ἐπλά-

1130 1267 1182 1285 νων
1208 1258 1251 1284 διὰ
1271 1257 1328 1284 τῶν
1346 1257 1477 1293 χρησμῶν
1498 1256 1640 1288 παίζοντες
1663 1256 1727 1288 τοὺς
1747 1255 1916 1292 ἐρωτῶντας,

1129 1306 1175 1332 καὶ
1196 1305 1232 1336 ὡς
1255 1304 1294 1339 τῷ
1310 1305 1359 1340 τῆς
1382 1303 1515 1338 ἀσαφείας
1539 1303 1627 1338 σκότῳ
1647 1302 1696 1337 τὴν
1716 1301 1790 1336 σφῶν
1806 1301 1917 1336 ἄγνοιαν

1129 1351 1346 1387 ἀπεκρύπτοντο.
1371 1349 1472 1384 Σκέῷαι
1497 1349 1524 1376 δὲ
1544 1349 1590 1375 καὶ
1605 1348 1684 1379 αὐτὸς
1700 1347 1859 1383 πυθόμενος,
1878 1347 1917 1378 ὡς

1128 1398 1175 1424 καὶ
1195 1396 1346 1434 ἀρρώστοις
1361 1396 1489 1428 πολλάκις
1513 1395 1597 1431 ρὦιν
1612 1395 1658 1422 καὶ
1673 1395 1745 1430 ζωὴν
1766 1394 1812 1421 καὶ
1829 1402 1917 1428 σωτη-

1129 1442 1190 1478 ρίαν
1206 1442 1397 1478 ὑποσχόμενοι,
1411 1442 1528 1468 κᾶπειτα
1545 1440 1734 1471 πιστευθέντες
1746 1440 1784 1472 ὡς
1799 1440 1832 1475 δὴ
1846 1439 1914 1469 θεοὶ.

1129 1489 1174 1515 καὶ
1190 1489 1238 1524 τῆς
1251 1488 1344 1515 ἐνθέου
1361 1488 1462 1524 ταύτης
1483 1487 1617 1523 ἐμπορίας
1639 1486 1771 1522 μεγάλους
1787 1486 1850 1518 τοὺς
1873 1494 1917 1521 μι-

1129 1534 1209 1567 σθοὺς
1226 1534 1449 1571 εἰσπραξάμενοι,
1460 1534 1490 1560 οὐ
1508 1533 1576 1569 μετὰ
1594 1532 1717 1560 πλεῖστον
1736 1532 1833 1564 οἵτινες
1845 1529 1918 1567 ἦσαν

1128 1581 1320 1618 ἐφωράθησαν,
1335 1581 1432 1616 γόητες
1451 1579 1556 1616 ἄνδρες,
1569 1579 1625 1606 ἀλλ’
1637 1580 1667 1606 οὺ
1685 1579 1741 1606 θεοὶ
1750 1578 1918 1614 διελεγχθέν-

1127 1637 1184 1660 τες,
1197 1627 1246 1654 οὑκ
1260 1627 1350 1659 αἰσίας
1363 1626 1553 1662 καταστροφῆς
1573 1626 1636 1657 τοὺς
1649 1625 1842 1661 ἠπατημένους
1857 1624 1917 1651 δια-

1127 1671 1272 1706 λαϐούοης.
1286 1671 1318 1697 Τί
1341 1671 1372 1707 δὴ
1386 1671 1490 1706 λέγειν,
1507 1671 1544 1702 ὡς
1565 1670 1626 1696 οὐδὲ
1643 1671 1698 1702 τοῖς
1713 1670 1816 1696 ἑαυτῶν
1831 1669 1918 1696 συνοί-

1128 1726 1196 1749 κοις,
1207 1718 1264 1749 τοῖς
1275 1717 1306 1752 δὴ
1330 1717 1398 1743 κατά
1414 1717 1463 1752 τὴν
1486 1716 1570 1752 αὐτὴν
1585 1715 1661 1742 πόλιν
1679 1715 1873 1751 διατρίϐουσιν,
1891 1716 1917 1742 ut

1128 1763 1274 1799 θαυμάσιοι
1297 1763 1409 1798 μάντεις
1425 1763 1474 1794 τὰς
1493 1762 1523 1794 ὲξ
1543 1762 1633 1789 αὐτῶν
1655 1762 1791 1797 παρέσχον
1805 1761 1916 1788 smmu-

1128 1811 1199 1847 ρίας,
1223 1810 1291 1838 ἀλλὰ
1309 1810 1357 1837 καὶ
1378 1809 1523 1841 νοσοῦντας
1540 1809 1572 1836 ἂν
1594 1809 1658 1840 ἴδοις
1676 1808 1771 1835 αὐτόσε
1788 1808 1835 1834 καὶ
1852 1808 1918 1850 ἀνα-

1128 1857 1242 1891 πήρους,
1265 1855 1311 1882 καὶ
1332 1855 1386 1881 πᾶν
1405 1854 1435 1880 τὸ
1457 1854 1535 1889 σῶμα
1557 1853 1762 1889 λελωϐημένους
1787 1854 1918 1890 μυρίους;

1127 1901 1160 1927 Τί
1176 1900 1207 1936 δή
1226 1909 1290 1926 ποτε
1304 1897 1350 1926 οὖν
1363 1900 1421 1931 τοῖς
1437 1899 1486 1935 μὲν
1502 1899 1554 1932 ἔξω
1575 1899 1622 1925 καὶ
1643 1898 1782 1934 πόρρωθεν
1795 1898 1825 1931 ἐξ
1841 1898 1920 1925 ἀλλο-

1127 1945 1215 1981 δαπῆς
1235 1945 1442 1981 ἀφικνουμένοις
1463 1944 1512 1976 τὰς
1528 1943 1649 1980 χρηστὰς
1671 1944 1826 1980 ὑπέγραφον
1843 1943 1919 1970 ἐλπί-

1126 1991 1184 2024 δας,
1197 1991 1247 2018 οὺκ
1259 1991 1299 2018 ἔτι
1311 1992 1339 2018 δὲ
1354 1991 1400 2018 καὶ
1414 1993 1469 2022 τοῖς
1484 1991 1554 2018 κατὰ
1575 1991 1606 2017 τὸ
1628 1991 1693 2017 αὐτὸ
1715 1991 1857 2023 συνοίκοις.
1877 1988 1919 2023 οἷς

1127 2037 1159 2074 δὴ
1173 2038 1220 2064 καὶ
1236 2038 1290 2073 πρὸ
1309 2038 1417 2064 πάντων
1437 2038 1529 2073 ἐχρῆν,
1542 2038 1579 2069 ὠς
1595 2037 1627 2064 ἂν
1642 2037 1752 2069 οἰκείοις
1767 2037 1855 2072 φίλοις
1870 2037 1919 2064 καὶ⁸

1129 2084 1318 2120 συμπολίταις,
1331 2085 1362 2110 τὸ
1385 2085 1417 2110 ἐκ
1430 2084 1480 2119 τῆς
1496 2083 1549 2111 τῶν
1566 2084 1634 2111 θεῶν
1651 2084 1802 2120 παρουσίας
1815 2083 1918 2118 ἀγαθὸν

1128 2130 1267 2167 παρέχειν·
1282 2129 1339 2157 ἀλλ’
1353 2129 1394 2156 ὅτι
1417 2129 1479 2160 τοὺς
1502 2129 1551 2164 μὲν
1577 2129 1682 2163 ξένους,
1698 2129 1822 2164 ἀγνῶτας
1840 2129 1919 2161 ὄντας

1127 2177 1176 2212 τῆς
1198 2176 1389 2212 ῥᾳδιουργίας,
1412 2176 1476 2211 ῥᾷον
1493 2175 1525 2202 ἂν
1548 2175 1595 2202 καὶ
1620 2177 1798 2211 ἁπατὴσαιεν,
1826 2176 1918 2202 οὐκέτι

1129 2222 1158 2249 δὲ
1180 2222 1243 2254 τοὺς
1258 2221 1392 2257 συνήθεις,
1410 2221 1448 2252 ὡς
1467 2221 1500 2248 ἂν
1523 2221 1573 2256 τῆς
1594 2221 1691 2256 τέχνης
1711 2222 1760 2247 οὑκ
1777 2221 1918 2257 ἀπείρους,

287 2284 349 2303 eum
379 2275 502 2303 inﬁnitus
524 2275 623 2303 ibidem
646 2276 739 2304 videas
770 2277 874 2305 morbis
899 2266 1074 2311 laborantes.

1130 2268 1288 2304 συνίστορας
1298 2267 1325 2294 δὲ
1337 2267 1416 2298 ὄντας
1427 2267 1476 2302 τῆς
1486 2267 1697 2302 ἐπιτελουμένης
1710 2266 1827 2299 παιδιᾶς
1839 2267 1920 2294 Οὕτω

286 2321 410 2353 claudos,
437 2329 525 2349 caecos
549 2329 582 2348 ac
604 2326 660 2349 toto
686 2329 757 2357 saepe
780 2330 896 2358 corpore
916 2324 1076 2352 mutilatos?

287 2367 358 2402 Quid
374 2375 438 2395 vero
458 2367 485 2395 in
499 2375 582 2394 causa
605 2367 704 2399 fuerit,
722 2375 772 2395 cur
795 2369 945 2404 peregrinis
964 2370 1075 2406 quidem

287 2414 460 2446 hominibus,
483 2418 510 2441 et
533 2421 565 2441 ex
590 2413 738 2448 longinqua
770 2414 882 2450 regione
903 2416 1075 2446 venientibus

287 2467 378 2487 rerum
402 2460 546 2486 meliorum
564 2466 626 2494 spes
648 2459 782 2493 quasdam
804 2460 963 2489 umbratiles
980 2470 1013 2489 ac
1033 2462 1076 2490 lu-

288 2511 363 2533 catas
386 2506 577 2538 ostenderent,
596 2506 702 2534 civibus
726 2511 816 2534 autem
844 2508 1076 2544 popularibusque

288 2552 345 2579 suis
359 2559 412 2579 non
437 2553 510 2584 item,
527 2552 692 2587 quibuscum
705 2557 796 2581 tamen
810 2561 857 2581 eos
869 2559 962 2589 utpote
982 2555 1076 2582 dome-

288 2597 366 2624 sticis
385 2597 497 2629 amicis,
514 2604 547 2624 ac
566 2597 672 2624 civibus
700 2598 852 2625 derivatum
874 2606 907 2626 ex
930 2600 1074 2627 numinum

288 2645 430 2680 praesentia
445 2644 546 2672 bonum
556 2645 760 2672 communicare
772 2650 924 2680 oporteret;
937 2647 990 2673 nisi
1002 2647 1076 2682 quod

287 2696 431 2719 extraneos
454 2691 577 2718 homines
593 2692 764 2719 veteratorie
788 2692 944 2720 calliditatis
967 2693 1076 2729 ignaros

324 2779 378 2815 (22)
399 2778 577 2815 Δωδωναῖος.
597 2778 635 2815 ita
653 2787 809 2813 omnes,nee
826 2784 933 2807 mutare
947 2788 1007 2808 sum
1024 2788 1076 2807 au—

287 2813 345 2842 sus.
361 2815 401 2841 An
417 2814 581 2842 Dorlonmum
593 2813 686 2841 Jovem
697 2815 821 2850 pluribus
834 2816 966 2850 Apollinis
977 2823 1077 2850 cogno-

287 2823 345 2842 sus.
361 2822 401 2841 An
417 2822 581 2842 nouom-eum
593 2822 686 2841 Jovem
717 2822 821 2842 lurtDus
834 2822 966 2850 Apolllllls
977 2823 1075 2848 cogno-

287 2850 407 2877 minibus
431 2850 550 2885 inserere
573 2849 678 2877 voluit?
689 2822 729 2877 £0
745 2850 842 2885 Apollo
858 2851 991 2885 quispiam
1011 2848 1075 2882 fuit,

287 2890 468 2920 cognomento
489 2884 660 2920 Dodonatus?
676 2884 777 2920 Legere
802 2894 845 2912 mc
867 2884 926 2913 non
950 2886 1074 2913 memini.

288 2919 360 2948 Sane
379 2919 511 2956 Διδεέμεὺς
525 2922 616 2956 potius
630 2919 773 2956 legeretur,
788 2921 858 2948 idem
881 2921 927 2956 qui
950 2926 977 2949 et
1000 2920 1075 2949 Mile-

1128 2314 1156 2341 δὲ
1172 2314 1202 2340 τὸ
1219 2314 1272 2340 πᾶν
1285 2314 1315 2339 οὐ
1333 2312 1414 2345 θεῖον,
1429 2313 1489 2339 οὐδὲ
1504 2312 1676 2348 ἀνθρωπίνης
1694 2313 1815 2344 ἐπινοίας
1832 2314 1920 2348 κρεῖτ-

1128 2369 1173 2387 τον
1189 2357 1239 2395 ἦν·
1263 2358 1332 2386 ὥστε
1352 2359 1405 2386 κάν
1429 2359 1490 2390 ταῖς
1515 2359 1657 2393 μεγίσταις
1679 2360 1841 2395 συμφοραῖς,
1858 2360 1919 2390 ταῖς

1127 2406 1160 2441 δὴ
1187 2405 1289 2432 ἄνωθεν
1319 2405 1350 2431 ὲκ
1373 2404 1420 2432 τοῦ
1453 2404 1646 2440 παμϐασιλέως
1673 2403 1741 2431 Θεοῦ
1769 2404 1839 2430 κατὰ
1863 2404 1919 2430 τῶν

1127 2451 1233 2478 ἀσεϐῶν
1258 2450 1512 2486 ὲπαιωρουμέναις,
1539 2449 1630 2481 αὐτοῖς
1659 2448 1832 2486 ἀφιερώμασι
1872 2451 1919 2476 καὶ

1129 2497 1231 2530 ξοάνοις
1258 2497 1360 2533 φθορὰν
1378 2497 1495 2532 ἐσχάτην
1519 2497 1566 2523 καὶ
1591 2496 1711 2528 πτώσεις
1728 2496 1829 2532 ἁθρόας
1854 2497 1918 2528 τοὺς

1127 2543 1195 2576 νεὼς
1217 2543 1307 2570 αὐτῶν
1324 2544 1478 2579 ὑπομεῖναι.
1495 2543 1550 2570 Ποῦ
1572 2543 1626 2579 γάρ
1647 2551 1688 2569 σοι
1704 2542 1734 2569 τὸ
1757 2543 1784 2568 ὲν
1807 2542 1918 2577 Δελφοῖς

1128 2590 1200 2626 ἱερὸν
1224 2590 1299 2626 παρά
1324 2590 1407 2617 πᾶσιν
1422 2589 1549 2625 Ἕλλησιν
1565 2588 1594 2621 ἐξ
1615 2588 1712 2620 αἰῶνος
1735 2587 1917 2624 βεὸσημένον;

1128 2636 1179 2662 ποῦ
1199 2637 1213 2662 ὁ
1236 2636 1353 2668 Πύθιος;
1379 2636 1394 2662 ὁ
1414 2635 1553 2671 Κλάριος;
1579 2634 1630 2661 ποῦ
1654 2635 1701 2661 καὶ
1725 2635 1739 2661 ὁ
1764 2634 1918 2666 Δωδωναῖος

1129 2681 1202 2717 (2‘2);
1223 2682 1252 2708 τὸ
1277 2681 1325 2717 μέν
1344 2690 1376 2716 γε
1399 2681 1528 2716 Δελφικὸν
1551 2681 1734 2716 χρηστήριον,
1755 2680 1846 2716 τρίτον
1865 2681 1918 2707 ὑπὸ

1127 2779 1196 2811 sius.
1216 2784 1242 2808 et
1266 2780 1442 2810 Branchides.
1459 2784 1489 2807 ut
1508 2779 1682 2807 notissimum
1696 2784 1749 2807 est.
1765 2779 1797 2807 Et
1813 2787 1918 2815 cogno-

1128 2820 1219 2843 menta
1236 2816 1286 2844 ista
1301 2817 1381 2850 vulgo
1400 2815 1647 2850 eonjungebantur.
1665 2815 1749 2842 Clem.
1768 2816 1915 2842 Alexandr.

1129 2851 1155 2877 in
1173 2850 1317 2892 Prolrf‘p‘tq
1330 2859 1358 2892 pi
1372 2851 1387 2876 7
1400 2860 1406 2877 :
1419 2851 1553 2892 Διήγησαι
1563 2850 1631 2892 ¹ᾐμῖν
1643 2850 1748 2885 καὶτῆς
1761 2850 1843 2892 ἄλλης
1855 2859 1919 2892 μαν-

1127 2886 1215 2920 τικῆς,
1226 2885 1363 2921 μᾶλλονδὲ
1378 2885 1504 2921 μανικῆς,
1513 2885 1546 2912 τὰ
1558 2885 1682 2921 ἀχρηστα
1695 2886 1800 2921 χρηστή
1806 2885 1859 2921 pter
1872 2886 1919 2912 τὸν

1129 2921 1258 2958 Κλάριον,
1273 2921 1318 2948 τδν
1335 2920 1443 2955 Πύθιον,
1465 2920 1508 2947 τὸν
1521 2920 1650 2955 Διδυμέα.
1663 2920 1749 2953 Quem
1765 2920 1855 2948 lucrum
1873 2929 1920 2948 su—
