2060 3213
270 192 322 221 259

596 188 732 218 EUSEBII
751 185 992 215 C/ESABIENSIS
1013 184 1087 213 OPP.
1107 182 1197 211 PARS
1216 182 1248 209 ll.
1270 198 1304 202 -—
1319 180 1571 209 APOLOGETlCA.

1852 181 1907 208 Et!)

270 253 430 285 cvulgarunt
443 272 449 282 ,
466 258 581 286 quaeque
594 255 686 277 nostra
703 248 825 275 oratione
839 247 991 282 produntur
1003 265 1011 278 ,
1028 253 1047 272 e:

1113 244 1266 278 ἐθαύμασα,
1282 243 1355 273 ὅπως
1372 243 1400 267 ἐν
1416 243 1471 273 τοῖς
1497 240 1629 275 Ἑλλήνων
1655 239 1731 274 ἤθεσι
1756 241 1910 275 τραφέντες

271 299 352 325 rebus
377 298 444 332 ipsis
467 298 493 323 in
518 296 640 323 omnium
667 296 725 322 luce
748 293 972 328 comprobarunt.
995 291 1058 323 Sed,

269 344 364 378 quales
379 343 453 369 enim
472 343 515 369 isti
542 341 636 368 erant?
655 341 726 367 Cave
749 344 776 366 tu
793 339 859 365 mihi
877 339 999 372 abjectos
1015 345 1061 363 ne—

270 390 327 416 scio
342 397 412 424 quos
425 393 451 415 et
463 389 596 415 obscuros
613 387 727 421 cogites.
757 385 808 411 Alii
827 384 926 419 quippe
941 392 973 409 cx
992 391 1061 417 pra:-

270 436 342 462 elara
360 435 403 461 illa
420 434 560 468 nobilique
583 432 754 468 philosophia
776 431 950 465 prodierant,
974 429 1060 455 homi-

269 490 332 509 num
348 489 441 508 eorum
467 488 500 508 ex
521 487 615 515 grege,
637 480 683 514 qui
698 479 811 513 pallium
825 477 934 504 assidue
957 480 1058 506 terunt,

268 536 298 555 ac
312 529 418 555 sublato
431 527 577 562 supercilio
599 530 752 561 ceteroque
766 532 827 551 cum
846 523 917 551 fastu
934 522 1059 549 inambu-

267 575 323 601 lant
339 584 345 600 :
362 574 407 601 alii
421 582 451 601 ex
466 573 531 608 ipsis
545 572 722 600 Antiochena:
747 570 865 598 civitatis
891 568 1055 603 magistrati-

266 623 318 649 bus
335 629 366 648 ac
381 619 548 655 primoribus
562 622 651 649 erant,
669 617 715 651 qui
731 615 868 643 sa:vieutis
886 615 912 641 in
931 622 978 641 nos
994 621 1056 648 per-

267 667 415 694 seculionis
439 671 561 700 tempore
582 663 685 691 nostris
707 670 740 690 ex
761 662 869 696 injuriis
888 659 1058 688 auctoritatis

265 715 411 751 plurimum
427 722 459 740 ac
475 712 627 748 splendoris
641 710 816 745 quaesieram.
832 707 912 742 136
929 706 1057 733 Philoso-

264 762 347 796 phum
383 764 513 794 przetcrea
555 758 699 791 quemdam
736 755 885 787 novimus,
922 753 1057 787 simulque

265 807 436 841 prophetam,
451 805 493 836 iis,
507 811 568 838 quze
579 803 709 833 diximus,
722 800 820 828 similia
835 798 917 825 Mileti
928 798 1054 825 subiisse.

264 852 310 879 llis
329 852 410 887 igitur
423 850 544 878 collectis
560 849 677 883 aliisque
691 847 835 882 pluribus,
857 845 953 871 merito
979 849 1057 877 neget

264 898 401 932 quispiam
426 901 481 923 tam
504 896 640 922 daemones
658 901 739 928 quam
755 892 821 919 deos
835 896 992 924 sparsorum
1009 896 1056 922 per

1113 290 1182 322 ἐξέτι
1199 289 1252 315 τῶν
1270 289 1445 324 σπαργάνων,
1463 289 1526 318 παῖς
1541 286 1616 322 παρὰ
1632 286 1734 321 πατρὸς
1749 286 1825 317 om;
1838 284 1908 313 εἶναι

1112 338 1173 368 τοὺς
1199 336 1378 371 δηλουμένους
1402 334 1617 369 παρειληφότες,
1652 333 1708 359 οὗθ’
1729 333 1810 368 ἕτερα
1836 334 1906 368 (25)

1112 382 1208 417 ληπτοὶ
1223 382 1365 416 γεγόνασιν
1375 389 1381 395 ·
1398 380 1466 407 ἀλλὰ
1477 380 1547 407 κατὰ
1563 381 1662 415 κράτος
1675 380 1722 406 καὶ
1734 379 1767 405 τὰ
1781 379 1907 414 βοώμενα

1111 429 1275 464 χρηστήρια,
1294 428 1341 454 καὶ
1358 427 1392 454 τὰ
1407 427 1482 462 παρὰ
1502 428 1567 453 πᾶσι
1592 426 1814 461 μεταδιωκόμενα
1840 435 1909 460 μαν-

1113 476 1168 500 τεῖα
1187 474 1262 500 οὐδὲν
1287 473 1380 508 φέρειν
1408 473 1506 508 ἀληθὲς
1529 472 1704 507 ἀπήλεγξαν,
1728 471 1852 506 ἀνωφελῆ
1878 479 1907 497 τε

1111 518 1180 546 εἶναι
1197 520 1389 555 ἀπεφήναντο,
1408 519 1454 545 καὶ
1473 518 1572 554 μᾶλλον
1596 518 1730 552 ὲπιϐλαϐἧ
1748 519 1905 553 τυγχάνειν.

1109 565 1222 601 Μυρίων
1234 565 1261 591 δὲ
1276 565 1370 597 ὄντων,
1382 566 1428 592 καὶ
1446 565 1488 591 διὰ
1502 565 1630 591 πλειόνων
1644 565 1694 600 τὴν
1706 565 1759 590 τῶν
1772 565 1906 599 μαντείων

1110 610 1265 646 ἀνατροπὴν
1282 619 1315 636 πε
1320 619 1382 644 ποι-η
1387 610 1473 645 μένων
1478 631 1484 641 ,
1501 611 1513 635 ὲ
1518 610 1548 642 ξα
1553 611 1627 645 ρκεῐν
1642 609 1735 644 ἔμοιγε
1753 618 1789 644 μα
1794 618 1840 644 ρτυ
1846 609 1905 644 ρὶας

1110 656 1189 691 χάριν
1204 655 1258 681 τῶν
1271 655 1425 691 εἰρημένων
1441 656 1487 681 ἐπὶ
1503 655 1549 681 τοῦ
1566 655 1700 690 παρόντος
1722 654 1841 690 ἡγοῦμαι
1859 654 1905 680 καὶ

1111 700 1176 734 μίαν
1197 701 1256 732 ἑνὸς
1285 700 1387 727 τούτων
1412 700 1564 736 παράθεσιν
1589 700 1754 727 ὰπαντῶσαν
1781 700 1848 735 πρὸς
1870 700 1905 726 τὰ

1109 746 1264 782 Χρυσίππῳ
1290 747 1353 782 περὶ
1373 747 1542 782 εἱμαρμένης
1559 747 1612 772 ἀπὸ
1633 746 1682 781 τῆς
1700 746 1753 771 τῶν
1771 745 1905 780 μαντείων

1109 794 1289 829 προρρήσεως
1317 792 1584 819 κατασκευασθέντα.
1611 792 1713 827 Γράφει
1735 792 1757 818 δ’
1774 789 1819 818 οὖν
1836 791 1904 826 πρὸς

1108 839 1188 865 αὑτὸν
1205 840 1218 864 ὁ
1234 839 1419 874 συγγραφεὺς,
1437 838 1607 873 ἀπελέγχων,
1629 839 1671 864 ὅτι
1690 837 1782 869 κακῶς
1801 838 1833 863 ἐκ
1849 837 1903 863 τῶν

1109 885 1243 920 μαντείων
1259 885 1419 920 σημειοῦται
1436 884 1484 920 τὴν
1497 885 1679 920 εἱμαρμένην,
1693 884 1740 911 καὶ
1753 884 1793 910 ὅτι
1803 884 1831 910 ὲν
1848 886 1903 915 τοῖς

264 944 345 971 nrbes
367 943 540 970 oraculorum
568 945 694 968 auctores
710 939 812 970 fuisse,
840 943 953 971 remque
970 940 1047 962 tolair

1108 931 1242 963 πλείστοις
1257 932 1291 958 τὰ
1306 931 1360 958 τῶν
1376 932 1509 966 Ἑλλήνων
1523 933 1635 967 μαντεῖα
1646 931 1842 966 διαψεύδονται,
1856 931 1903 957 καὶ

264 992 290 1017 in
302 997 423 1017 errorem
439 989 510 1023 vulgi
530 995 561 1015 ac
574 986 767 1014 circulator-um
792 984 927 1011 fallaciam
944 980 1050 1016 prmsti-

263 1036 374 1070 giasque
385 1033 516 1062 conferat.
540 1032 570 1059 Et
591 1039 655 1059 vero
667 1032 777 1065 integra:
794 1036 918 1064 quoque,
935 1035 966 1054 ac
980 1034 1050 1061 prae--

263 1082 334 1115 eipui
350 1080 468 1108 nominis
482 1078 707 1114 philosophorum
728 1081 809 1104 sectae
821 1075 903 1109 hujus
914 1073 1052 1108 opinionis

1104 978 1143 1004 ὅτι
1157 978 1276 1009 σπανίως
1287 978 1378 1009 αὐτοῖς
1392 979 1423 1004 ὲκ
1436 978 1581 1013 συντυχίας
1593 978 1656 1004 ποτέ
1671 987 1732 1005 τινα
1748 977 1901 1013 συμϐαίνει,

1103 1025 1144 1050 ὅτι
1159 1033 1187 1050 τε
1204 1025 1337 1060 ἄχρηστος
1356 1025 1446 1051 αὐτῶν
1463 1025 1510 1051 καὶ
1532 1025 1681 1060 ὲπιϐλαϐὴς
1703 1026 1719 1060 ἡ
1736 1025 1899 1060 πρόρρησις.

1109 1073 1209 1098 Ἀκουε
1226 1071 1247 1097 δ’
1266 1069 1323 1103 οὖν,
1337 1071 1354 1098 ἆ
1368 1080 1434 1106 φησι
1451 1072 1521 1098 κατὰ
1537 1071 1619 1104 λέξιν.

261 1129 344 1155 duces
359 1136 391 1155 ac
405 1127 528 1154 vindices
552 1126 692 1156 exstitere,
710 1129 774 1159 puta
797 1123 842 1158 qui
860 1131 893 1150 ex
921 1121 1075 1149 Aristotelis
1101 1120 1242 1154 disciplina
1259 1120 1434 1154 prodierant,
1452 1125 1478 1147 et
1494 1124 1630 1154 quotquot
1644 1120 1772 1154 deinceps
1792 1119 1897 1153 Peripa-

261 1175 334 1202 tetici
356 1173 487 1202 nominati
510 1178 593 1204 sunt,
625 1178 675 1198 nec
696 1178 749 1197 non
771 1169 866 1205 Cynici
879 1173 906 1196 et
925 1168 1061 1202 Epicurei,
1090 1174 1159 1201 quos
1181 1166 1306 1201 equidem
1324 1166 1417 1193 mirari
1450 1174 1482 1193 co
1502 1167 1612 1193 nomine
1634 1167 1782 1202 plurimum
1812 1166 1899 1195 soleo,

260 1221 331 1257 quod
347 1228 409 1248 cum
426 1219 585 1247 Graecorum
603 1219 628 1245 in
647 1218 769 1245 moribus
782 1218 816 1244 ab
843 1217 908 1251 ipsis
931 1215 1103 1243 incunabulis
1138 1216 1244 1243 educati
1277 1215 1410 1246 fuissent,
1428 1222 1459 1241 ac
1473 1215 1538 1242 deos
1552 1222 1612 1242 esse
1624 1235 1630 1246 ,
1654 1222 1723 1249 quos
1750 1219 1812 1241 ante
1830 1214 1899 1240 dixi-

261 1275 333 1299 mus,
352 1266 428 1300 pueri
452 1273 466 1292 a
489 1265 546 1293 suis
563 1265 664 1299 quique
698 1262 855 1298 parentibus
879 1262 1056 1296 accepissent,
1086 1269 1225 1295 nunquam
1250 1265 1338 1287 tamen
1359 1260 1500 1286 erroribus
1520 1259 1579 1286 istis
1608 1260 1708 1286 irretiri
1730 1260 1785 1286 ullo
1817 1260 1899 1288 modo

260 1313 409 1347 potuerint,
429 1312 475 1340 sed
490 1311 591 1347 potius,
607 1318 668 1345 qua:
678 1309 779 1345 passim
789 1308 974 1342 jactabantur,
998 1308 1118 1340 oracula,
1151 1315 1266 1342 qumque
1292 1307 1415 1333 omnium
1437 1314 1573 1334 concursu
1605 1306 1767 1341 populorum
1801 1307 1898 1334 vatici-

261 1361 305 1388 nia
324 1359 540 1392 celebrabantur,
567 1366 596 1385 ea
624 1365 677 1384 non
694 1357 773 1384 modo
787 1355 915 1383 vanitatis
929 1362 960 1381 ac
974 1354 1107 1381 mendacii
1121 1354 1304 1389 coarguerint,
1327 1353 1373 1380 sed
1390 1353 1472 1380 etiam
1501 1353 1576 1380 exitii
1604 1354 1695 1388 potius
1731 1361 1812 1388 quam
1841 1354 1898 1380 uli-

260 1406 343 1433 litatis
357 1406 440 1432 ullius
468 1412 566 1432 causas
589 1412 650 1432 esse
665 1403 888 1431 demonstrarint.
909 1402 1043 1429 Caeterum
1061 1409 1122 1428 cum
1149 1401 1269 1428 sexcenti
1291 1400 1482 1427 vaticiniorum
1509 1400 1624 1427 istorum
1660 1401 1807 1427 vanitatem
1838 1401 1897 1435 plu-

260 1453 335 1479 ribus
357 1451 535 1483 coufutarint,
559 1450 625 1477 mihi
639 1455 730 1477 tamen
758 1449 790 1476 ad
814 1448 924 1483 aliquod
940 1456 1110 1483 corum,qua3
1137 1448 1212 1479 dixi,
1249 1447 1435 1474 testimonium
1470 1447 1538 1474 satis
1559 1446 1617 1474 fore
1651 1447 1896 1481 impraasentiarum

259 1497 369 1534 putavi,
388 1497 410 1524 si
433 1497 516 1524 unius
534 1502 638 1524 tantum
656 1496 737 1523 exiis
750 1495 964 1530 disputationem
977 1514 983 1526 ,
1000 1494 1132 1521 adversus
1141 1501 1185 1525 ca,
1216 1501 1277 1528 quae
1299 1501 1349 1528 pro
1380 1492 1435 1520 fato
1463 1493 1632 1528 Chrysippus
1664 1501 1696 1520 ex
1724 1494 1896 1521 oraculorum

259 1544 432 1580 praedictione
456 1543 622 1576 confecerat,
638 1547 797 1577 argumenta
821 1545 987 1576 susceptam,
1009 1540 1062 1567 hoc
1086 1540 1147 1567 loco
1160 1539 1335 1574 subjicercm.
1369 1538 1414 1566 Sic
1438 1539 1510 1565 enim
1542 1540 1673 1566 adversus
1694 1539 1769 1566 illum
1804 1544 1895 1567 auctor

260 1591 311 1618 iste
329 1590 443 1623 scribit,
468 1594 497 1616 ut
520 1597 583 1616 eum
609 1597 642 1616 ex
665 1589 785 1616 oraculis
805 1595 946 1623 perperam
963 1587 1049 1614 fatum
1080 1587 1225 1614 observare
1236 1594 1268 1613 ac
1281 1586 1396 1620 probare
1416 1592 1559 1620 coarguat,
1596 1586 1718 1621 adeoque
1739 1586 1895 1614 Graecorum

257 1639 370 1666 oracula
388 1638 415 1664 in
433 1637 569 1672 plerisque
583 1636 711 1663 omnibus
723 1636 789 1663 falsa
806 1636 990 1669 respondisse,
1007 1642 1124 1669 raroque
1142 1634 1301 1667 admodum,
1321 1634 1402 1668 idque
1425 1641 1479 1660 non
1508 1634 1560 1660 nisi
1594 1641 1658 1660 casu
1672 1654 1679 1666 ,
1709 1639 1835 1661 eventum
1864 1635 1899 1660 iis

259 1684 441 1720 respondisse,
455 1688 659 1718 postremonon
672 1684 759 1710 solum
773 1683 894 1715 inutiles,
914 1682 961 1709 Sed
994 1682 1074 1709 etiam
1110 1682 1280 1716 perniciosas
1303 1688 1398 1708 eorum
1433 1680 1622 1715 praedictiones
1646 1688 1706 1707 esse
1741 1681 1896 1711 contendat.

257 1732 327 1759 Audi
352 1737 437 1765 ergo,
462 1729 693 1764 quemadmodum
718 1729 776 1764 ipse
801 1728 836 1755 ad
863 1728 974 1755 verbum
1004 1729 1142 1762 loquatur.

558 1798 673 1828 CAPUT
699 1798 745 1826 lii.

1367 1796 1566 1823 ΚΕΦᾹΛΑΙΟΝ
1591 1797 1628 1822 Γ’.

258 1849 300 1875 lia:
319 1848 474 1883 Diagem’ani
490 1847 610 1882 scriptis,
622 1846 757 1883 divinandi
774 1850 857 1883 artem
878 1846 984 1872 minime
995 1844 1046 1871 sibi

1104 1845 1153 1883 Ἐξ
1169 1843 1228 1870 τῶν
1243 1842 1433 1883 meq-smeret")
1451 1842 1585 1883 (ΞΨΖ-ὅτι
1601 1843 1774 1883 ἀιζύσζατος
1794 1844 1892 1883 αρτῷν

293 1881 429 1916 mustine,
447 1885 474 1910 in
490 1881 620 1918 plerisque
636 1882 739 1908 mentiri
748 1890 757 1913 ;
772 1881 942 1916 inutilemque
956 1886 1046 1907 uatum

293 1928 323 1946 ac
338 1920 513 1954 perniciosum
528 1926 584 1945 esse
599 1918 807 1952 praedictionem.

294 2006 304 2023 ί
321 1996 418 2029 Aliud,
442 1996 548 2031 inquit,
571 2000 700 2031 praeterea
720 1995 804 2022 citato
825 1994 895 2021 libro
909 1994 1044 2029 ejusmodi

256 2048 444 2079 argumentum
469 2042 637 2078 Chrysippus
659 2041 746 2069 aﬂert.
776 2040 861 2076 Negat
875 2041 947 2067 enim
966 2048 1044 2067 veras

255 2091 409 2117 divinorum
435 2089 513 2124 137
536 2093 628 2115 vatum
656 2087 845 2122 praedictiones
870 2085 987 2119 futuras,
1005 2086 1045 2113 ni-

256 2137 279 2164 si
293 2136 384 2163 omnia
406 2134 452 2161 l'ati
481 2134 642 2161 necessitate
669 2138 836 2160 tenerentur.
858 2132 884 2159 ιιι
898 2132 970 2167 quod
988 2140 1042 2159 non

256 2182 370 2209 minoris
390 2180 511 2215 profecto
532 2180 653 2207 stultitia:
676 2184 737 2213 est,
761 2187 843 2213 quam
861 2184 968 2206 cetera.
986 2177 1043 2205 Hoc

254 2227 327 2254 enim
347 2226 459 2261 perinde
471 2225 567 2258 sumit,
586 2233 618 2252 ac
632 2225 654 2252 si
673 2225 715 2251 vel
736 2225 862 2256 istorum,
885 2232 955 2258 quos
967 2228 1041 2251 vates

255 2272 409 2304 nominant,
434 2271 561 2306 pnedieta
586 2270 678 2297 omnia
701 2270 810 2297 evenire
832 2273 978 2302 constaret,
997 2270 1040 2296 vel

253 2319 346 2354 potius
361 2318 418 2345 l'alo
437 2321 534 2344 cuncta
553 2317 610 2344 lieri
624 2324 785 2344 concessum
804 2323 817 2342 a
830 2315 959 2350 quopiam
973 2314 1042 2342 fuis-

252 2370 294 2392 sel.
310 2374 317 2392 :
336 2372 369 2392 ac
384 2371 439 2391 non
457 2364 482 2391 id
498 2363 624 2390 similiter
637 2362 704 2389 falso
717 2362 862 2394 diceretur,
874 2368 935 2388 cum
950 2367 1041 2388 tamen

250 2410 421 2438 contrarium
433 2430 440 2442 ,
457 2411 509 2437 hoc
525 2414 567 2437 est
582 2417 635 2436 non
657 2408 766 2441 omnia,
783 2415 844 2442 qua;
861 2408 896 2434 ab
917 2407 952 2434 iis
971 2414 1041 2441 prm-

291 2498 345 2533 (25)
368 2499 433 2525 Οῦο¹
449 2498 544 2532 ἕτερα.
565 2497 721 2533 Legendum
737 2497 885 2529 videretur,
900 2496 1038 2532 οὐδετέρᾳ.

255 2533 321 2566 ρυλε
344 2541 408 2564 vox,
435 2533 555 2566 tametsi,
579 2537 686 2563 neutra.
706 2536 784 2559 sonet
808 2533 908 2566 potius,
935 2540 1039 2566 quam,

256 2568 330 2595 nulla
349 2577 355 2594 :
372 2576 419 2602 per
432 2576 491 2595 sese
506 2575 595 2594 tamen
608 2568 682 2595 reddi
696 2568 838 2594 commode
853 2572 953 2602 potest,
966 2567 1040 2594 nullo

255 2604 347 2638 modo.
361 2602 493 2630 Themist.
509 2608 580 2630 orat.
595 2603 640 2634 l0,
658 2610 684 2637 p.
697 2603 761 2636 256,
781 2602 902 2636 καίτοιγε
922 2603 1041 2638 προήγο-

256 2646 302 2672 ρον
318 2637 389 2673 εἶχον
403 2638 531 2674 οὐδετέρᾳ
542 2637 653 2674 ληπτόν,
672 2638 748 2674 quasi
763 2638 843 2674 omni
853 2645 884 2664 ex
903 2644 977 2674 parte
1000 2642 1040 2664 te-

255 2679 329 2700 ctum
356 2672 502 2708 patronum
519 2672 602 2700 illum
626 2673 712 2700 fuisse
725 2673 807 2700 dicat.
824 2672 922 2708 Verum
939 2673 986 2699 alt.
1006 2680 1040 2699 ex

257 2707 393 2736 manuscr.
401 2708 465 2743 legit
478 2708 507 2734 οὺ
520 2707 631 2743 θάτερα.
638 2708 779 2741 Quomodo
787 2712 880 2734 noster
888 2707 1038 2743 Demonstr.

320 2751 358 2784 iv,
374 2742 435 2784 eap.
449 2743 479 2784 βλ
492 2742 627 2784 ρεαδβιξι,
643 2745 676 2770 de
692 2744 815 2784 dtemone
827 2743 952 2784 loquens,
966 2742 1040 2784 ξεινὰ

254 2779 282 2806 δὲ
295 2778 366 2806 κατὰ
379 2777 433 2805 τῶν
448 2778 530 2804 ἐθνῶν
547 2778 672 2805 ἁπάντων
687 2778 845 2813 ἀπειλήσας,
858 2777 959 2813 θάτερα
975 2777 1040 2804 λεπ-

253 2815 316 2846 τοὺς
337 2815 392 2845 τοῖς
418 2813 587 2848 προδουλίοις
609 2812 897 2848 ἀνθρώπουςεῦρατο,
924 2812 968 2839 ubi
997 2814 1036 2840 le-

253 2849 370 2882 gendum
390 2847 495 2875 videtur
511 2847 674 2884 προϐολίοις.
689 2848 716 2874 ld
731 2853 791 2876 est:
808 2847 840 2874 At
852 2847 969 2884 qentibus
981 2856 1036 2884 oni-

253 2885 329 2912 nibus
344 2884 436 2919 gravia
460 2885 574 2910 minatus
600 2892 659 2909 cum
680 2888 757 2915 esset,
779 2884 834 2909 alia
858 2883 1035 2919 rationesuia

252 2921 306 2954 ipse
317 2917 450 2947 venabulis
463 2925 541 2955 captu
552 2919 645 2954 faciles
658 2919 774 2945 homines
790 2919 894 2952 reperit.
910 2917 1035 2952 lntclligit

1132 1880 1151 1913 νὴ
1164 1877 1302 1914 μαντικὴν
1317 1879 1365 1905 καὶ
1386 1877 1422 1904 τὰ
1444 1879 1544 1914 πολλὰ
1566 1878 1736 1912 ψευδομένη
1747 1899 1754 1910 ,
1770 1881 1820 1905 καὶ
1846 1879 1891 1907 ὅτι

1129 1914 1282 1983 ἐχρηστος
1303 1914 1352 1940 καὶ
1371 1913 1535 1947 ἐπιϐλαϐἡς
1558 1914 1578 1947 ἡ
1597 1913 1659 1940 κατ’
1675 1914 1787 1947 αὐτοὺς
1803 1916 1892 1949 προίρλ

1151 1957 1231 1983 ησις.

1151 1957 1231 1983 ησις.

1133 2005 1142 2021 ί
1157 1996 1236 2032 Φέρει
1249 1995 1278 2022 δὲ
1292 1994 1339 2021 καὶ
1352 1994 1435 2029 ἀλλην
1450 1994 1588 2027 ἀπόδειξιν
1603 1995 1631 2020 ὲν
1648 1994 1687 2030 τῷ
1700 1997 1890 2032 προειρημένῳ

1096 2042 1191 2078 βιϐλίῳ
1210 2041 1338 2076 τοιαύτην
1351 2041 1423 2068 τινά.
1441 2041 1486 2076 Μὴ
1503 2041 1555 2077 γὰρ
1577 2041 1610 2068 ἂν
1627 2042 1677 2074 τὰς
1693 2042 1748 2068 τῶν
1767 2043 1890 2078 μάντεων

1095 2088 1260 2123 προρρήσεις
1272 2087 1381 2122 ἀληθεῖς
1403 2083 1472 2113 εἷναί
1498 2095 1591 2122 φησιν,
1614 2087 1639 2113 εἰ
1670 2087 1706 2123 μὴ
1723 2088 1812 2115 πάντα
1838 2089 1889 2115 ὑπὸ

1095 2133 1144 2169 τῆς
1156 2133 1327 2169 εἱμαρμένης
1341 2133 1520 2169 περιείχοντο·
1539 2133 1553 2158 ὂ
1567 2132 1614 2159 καὶ
1631 2133 1696 2160 αὐτὸ
1714 2133 1815 2168 πολλῆς
1829 2135 1888 2170 εὑη-

1096 2180 1171 2211 Θείας
1187 2179 1285 2215 μεστόν
1299 2179 1382 2206 ἐστιν.
1409 2179 1454 2210 Ὡς
1468 2177 1523 2214 γὰρ
1536 2179 1669 2215 ἐναργοῦς
1682 2179 1757 2211 ὄντος
1771 2181 1818 2207 τοῦ
1834 2183 1887 2208 πά-

1096 2235 1146 2258 σας
1161 2226 1319 2252 ἀποὸαενειν
1334 2224 1384 2256 τὰς
1400 2225 1454 2251 τῶν
1471 2224 1645 2260 καλουμένων
1663 2225 1785 2261 μάντεων
1803 2229 1887 2264 προῤ-

1095 2272 1200 2308 ῥήσεις,
1217 2271 1234 2306 ἦ
1249 2271 1286 2303 ὡς
1302 2270 1402 2306 μᾶλλον
1417 2270 1449 2297 ἂν
1466 2271 1519 2297 ὑπό
1533 2280 1605 2303 τινος
1621 2272 1715 2299 τούτου
1742 2282 1885 2310 συγχωρη-

1093 2317 1194 2350 θέντος,
1217 2317 1264 2344 τοῦ
1287 2317 1376 2344 πάντα
1396 2316 1520 2351 γίνεσθαι
1546 2317 1607 2344 καθ’
1633 2319 1814 2355 εἱμαρμένην,
1839 2321 1886 2347 καὶ

1092 2364 1152 2398 οὐχὶ
1169 2364 1270 2399 ὁμοίως
1292 2363 1325 2390 ἂν
1339 2363 1454 2398 ψευδοῦς
1477 2363 1604 2398 ῥηθέντος
1620 2365 1667 2391 καὶ
1681 2365 1774 2398 αὐτοῦ,
1791 2366 1884 2402 ἐπειδὴ

1093 2409 1181 2436 καὶτὸ
1195 2409 1327 2443 ἐναντιον,
1345 2409 1417 2443 λέγω
1433 2409 1461 2436 δὲ
1474 2410 1503 2436 τὺ
1520 2409 1557 2445 μὴ
1575 2410 1663 2437 πάντα
1678 2411 1835 2438 ἀποϐαίνειν
1850 2413 1884 2439 τὰ

1093 2504 1184 2536 autem
1199 2499 1347 2534 toluptatis
1362 2500 1532 2536 illecebram,
1553 2501 1587 2528 de
1601 2508 1655 2536 qua
1671 2502 1736 2529 ibid.

1130 2534 1186 2572 (26)
1206 2535 1405 2572 Διογενιανοῦ.
1435 2534 1684 2572 An__liiogenianus
1707 2537 1772 2569 ille,
1798 2544 1881 2572 quem

1095 2570 1194 2606 Suidas
1211 2578 1259 2604 per
1276 2579 1301 2596 ει
1314 2571 1418 2604 scribit,
1434 2576 1459 2597 et
1481 2570 1666 2606 Heracleotem
1689 2571 1774 2599 fuisse
1788 2570 1881 2606 tradit,

1095 2605 1284 2640 insignemque
1307 2606 1533 2639 grammaticum?
1557 2605 1644 2640 Hujus
1660 2612 1769 2634 exstant
1781 2607 1882 2635 Graeca:

1095 2639 1248 2679 Parauniae;
1268 2640 1404 2679 Medicum
1416 2641 1538 2679 ejusdem
1554 2639 1673 2679 nominis
1697 2642 1879 2679 clarissimum

1094 2675 1165 2701 idem
1182 2675 1280 2703 Suidas
1292 2676 1381 2709 habet,
1398 2676 1489 2703 itidem
1504 2676 1700 2706 Heracleotenl.
1718 2678 1765 2705 sed
1778 2686 1810 2704 ex
1825 2677 1879 2705 He-

1094 2710 1183 2746 raclea
1199 2710 1295 2746 Cariae,
1308 2718 1370 2738 cum
1383 2711 1504 2746 plerique
1516 2712 1723 2746 grammaticum
1739 2713 1814 2739 illum
1826 2713 1878 2739 lle-

1095 2745 1191 2782 racleaz
1204 2745 1281 2782 Ponti
1301 2751 1394 2782 natum
1412 2745 1769 2782 creilere’ntflutarchusin
1782 2756 1876 2782 opusc.

1094 2779 1134 2815 pe
1146 2779 1251 2815 Pythia:
1266 2781 1367 2808 oracul.
1393 2787 1420 2809 et
1442 2781 1488 2808 lib.
1507 2781 1544 2808 De
1560 2782 1659 2808 conviv.
1678 2779 1808 2815 alterum,
1830 2784 1877 2810 sed

1094 2813 1303 2855 {ergamenum
1327 2817 1353 2843 in
1372 2817 1537 2855 colloquium
1554 2817 1673 2855 adhibet.
1690 2813 1877 2855 Theodoretus

1091 2849 1170 2892 lib.’x_
1188 2851 1227 2891 pe
1239 2851 1390 2879 ercorum
1401 2849 1500 2886 uli‘ect.,
1526 2859 1586 2886 pag.
1603 2852 1665 2886 158,
1684 2853 1769 2880 nostri
1794 2853 1877 2887 hujus

1090 2892 1223 2914 meminit.
