2060 3213
164 190 212 218 ΞΗ

738 188 900 219 PREPAR.
921 190 1047 218 EVANG.
1068 190 1132 218 LIB.
1152 190 1195 218 IV.

1739 189 1793 217 ειε

166 247 418 283 πῳαγορευθέντα,
429 247 528 283 μᾶλλον
539 247 567 274 δὲ
578 247 613 274 τὰ
627 247 738 274 πλεῖστα
752 248 841 275 αὐτῶν
856 249 872 283 ἡ
885 249 940 284 ὲνέε

991 250 1135 277 tnuntiata
1160 253 1234 282 sunt,
1261 248 1380 281 evenire,
1403 248 1458 275 imo
1481 256 1560 276 secus
1573 248 1681 275 evenire
1697 256 1793 283 quam-

167 302 224 328 γεια
238 293 294 328 ('27)
303 293 453 320 δείκνυσιν.
463 292 541 320 Οὕτω
547 293 597 329 τὴν
609 292 745 325 ἀπόδειξιν
761 295 825 329 ἡμῖν
835 294 956 329 Χρύσιπ-

164 348 213 371 πος
234 339 379 374 κεκόμικε,
403 339 437 366 δι’
453 339 573 375 ἀλλήλων
590 340 801 371 κατασκευάζων
826 339 954 375 ἑκάτερα.

164 386 200 412 Τὸ
216 385 265 420 μὶν
278 385 334 421 γὰρ
347 385 438 412 πάντα
453 385 576 419 γίνεσθαι
598 385 661 412 καθ’
677 385 846 420 εἱμαρμένην
861 386 893 411 ἐκ
908 385 955 412 τοῦ

164 431 298 467 μαντικὴν
311 429 382 458 εἶναι
394 431 530 458 δεικνύναι
547 431 669 466 βούλεται
682 440 687 446 ·
704 431 733 458 τὸ
748 431 776 458 δὲ
799 429 868 458 εἶναι
886 440 953 466 μαν-

161 476 241 512 τικὴν
255 477 307 504 οὐκ
320 477 355 504 ἂν
371 477 459 509 ἄλλως
471 477 611 511 ἀποδεῖξαι
624 477 741 510 δύναιτο,
757 478 780 504 εἰ
801 477 838 513 μὴ
853 477 953 513 προλά-

162 523 204 549 ϐοι
225 522 257 549 ἰδ
280 523 369 550 πάντα
386 523 544 559 συμϐαίνειν
561 523 622 550 καθ’
644 524 824 559 εἱμαρμένην.
842 525 918 556 Heio;
931 524 953 550 δ’

162 567 196 594 ἂν
212 567 415 604 μοχθηρότερος
433 568 533 605 τρόπος
545 567 708 599 ἀποδείξεως
722 567 816 594 τούτου
829 568 952 602 γένοιτο;

161 614 199 640 Τὸ
213 614 270 650 γὰρ
281 613 438 642 ἀποϐαίνειν
453 614 514 641 τινὰ
529 613 600 641 κατὰ
614 614 662 650 τὴν
679 614 818 650 ἐνέργειαν
836 611 873 641 ὧν
887 623 953 650 προ-

160 659 285 694 λέγουσιν
297 660 322 686 ot
335 659 455 695 μάντεις,
465 659 496 686 οὐ
507 659 553 686 τοῦ
570 659 703 694 μαντικὴν
716 659 812 694 ὲπιστή
817 667 871 694 μην
882 657 952 686 εἶναι

160 707 275 741 σημεῖον
299 705 330 733 ἂν
353 705 408 742 εἴη,
426 705 495 733 ἀλλὰ
515 705 562 732 τοῦ
578 706 696 740 τυχικῶς
711 706 876 741 συμπίπτειν
892 707 951 738 ταῖς

159 751 379 787 προαγορεύσεσι
396 751 558 786 συμφώνους
571 751 621 783 τὰς
637 751 779 782 ἐκϐάσεις·
797 751 865 787 ὅπερ
880 752 951 778 οὐδε-

160 797 228 832 μιαν
242 798 309 833 ἡμῖν
329 798 486 833 ἐπιστήμην
501 797 698 824 ὑποδείκνυσιν.
717 797 784 824 Οὐδὲ
807 798 861 833 γὰρ
876 798 950 830 τοξό-

157 852 208 879 την
224 843 258 870 ἂν
271 844 395 880 εἴποιμεν
409 845 580 879 ἐπιστήμονα
595 844 640 871 τὸν
659 843 733 876 ἅπαξ
749 844 814 870 ποτὲ
834 845 948 880 τυχόντα

157 888 207 916 τοῦ
225 889 340 923 σκοποῦ,
362 889 494 922 πολλάκις
517 889 546 916 δὲ
569 890 792 926 ἀποτυγχάνοντα
804 898 811 905 ο
827 890 886 916 οὐδὲ
905 891 946 916 ἰα-

1009 295 1125 330 plurima
1147 295 1234 323 oculis
1253 295 1320 330 ipsis
1342 294 1462 329 quotidie
1484 294 1633 322 videamus.
1663 293 1707 321 Sic
1727 302 1792 330 ergo

1009 341 1087 368 nobis
1101 349 1180 368 suum
1195 340 1259 367 illud
1273 340 1440 375 Chrysippus
1459 344 1648 375 argumentum
1659 340 1791 372 obtrudit,

1008 392 1037 414 ut
1050 387 1165 414 alterum
1188 385 1306 413 vicissim
1322 393 1353 413 ex
1369 385 1454 412 altero
1470 385 1589 420 colligat.
1617 384 1684 412 Nam
1697 390 1724 412 et
1737 386 1792 412 fato

1007 438 1104 461 cuncta
1120 432 1177 460 ﬁeri
1190 440 1223 460 ex
1238 439 1280 463 eo,
1302 431 1373 466 quod
1391 431 1521 459 divinatio
1541 431 1587 463 sit,
1614 431 1729 466 probare
1745 440 1791 458 co—

1006 485 1096 511 natur,
1113 487 1163 506 nec
1177 483 1265 506 tamen
1280 477 1473 504 divinationem
1496 484 1558 504 esse
1577 469 1655 504 aliter
1670 485 1789 512 unquam

1006 526 1121 560 probare
1136 524 1232 560 possit,
1249 523 1300 551 nisi
1315 524 1390 558 prius
1402 523 1478 555 illud,
1496 523 1586 550 omnia
1601 523 1655 550 fato
1669 523 1788 556 evenire,

1005 576 1104 600 sumat.
1120 571 1185 604 Quae
1200 575 1288 598 autem
1312 569 1519 604 argumentandi
1534 569 1603 596 ratio
1615 569 1656 596 vel
1670 569 1790 604 iniquior

1004 617 1045 644 vel
1058 617 1172 652 ineptior
1195 623 1256 643 esse
1270 615 1371 650 queat?
1387 614 1454 641 Nam
1472 615 1544 649 quod
1563 622 1596 642 ex
1610 614 1654 648 iis,
1676 623 1737 650 quae
1749 615 1790 642 di-

1003 663 1058 690 vini
1076 663 1268 698 praenuntiant,
1286 661 1414 689 nonnulla
1429 661 1592 696 quandoque
1607 668 1637 688 re
1652 660 1709 695 ipsa
1724 669 1790 689 con-

1004 711 1118 745 tingant,
1128 710 1154 737 id
1165 717 1219 736 non
1232 709 1288 744 jam
1304 707 1479 735 divinationis
1496 711 1581 734 artem
1597 707 1716 742 aliquam
1728 715 1789 736 esse

1002 760 1163 793 argumento
1177 761 1218 784 est
1229 776 1236 789 ,
1262 755 1307 783 sed
1322 755 1412 790 potius
1431 762 1494 781 casu
1511 754 1567 781 ﬁeri
1579 774 1586 786 ,
1604 754 1627 781 si
1643 754 1705 789 quis
1719 762 1788 782 nou-

1002 811 1141 839 nunquam
1159 807 1274 830 eventus
1290 810 1350 830 eum
1363 808 1457 828 eorum
1478 800 1652 836 praedictione
1670 807 1787 827 consen-

1002 849 1060 876 tiat.
1080 848 1109 876 Id
1124 848 1195 884 quod
1210 848 1310 875 nullam
1335 855 1400 875 sane
1425 846 1565 874 scientiam
1580 853 1641 872 esse
1656 845 1785 873 declarat.

999 894 1054 923 Nec
1064 895 1136 923 enim
1149 915 1157 927 ,
1182 896 1278 930 opinor
1290 914 1297 926 ,
1319 894 1448 922 scientem
1464 893 1539 920 illum
1555 892 1725 927 peritumque
1740 900 1785 920 sa-

155 934 222 970 τρδν
237 934 284 962 τὸν
306 934 470 971 ἀναιροῦντα
490 936 553 967 τοὺς
569 936 678 968 πλείους
692 935 746 963 τῶν
763 935 940 971 θεραπευομέ-

998 941 1137 976 gittarium
1155 940 1315 971 dixerimus,
1334 939 1380 974 qui
1395 947 1457 966 cum
1472 938 1554 966 semel
1567 937 1714 973 aliquando
1727 938 1785 965 col-

157 989 210 1007 νων
223 980 269 1007 ὑπ’
282 979 375 1010 αὑτοῦ.
386 981 435 1008 Eva
447 981 474 1008 δέ
490 991 555 1008 ποτε
566 981 698 1009 διασῶσαι
711 981 873 1017 δυνηθέντα·
888 982 947 1009 οὐδὲ

154 1026 224 1058 ὅλως
249 1027 405 1062 ἐπιστήμην
428 1027 543 1063 λέγομεν
565 1027 614 1063 τὴν
641 1028 678 1063 μὴ
702 1027 831 1063 πάντα,ἦ
858 1027 892 1054 τά
914 1036 946 1061 γε

154 1072 271 1099 πλεῖστα
293 1072 347 1100 τῶν
369 1073 478 1100 οἰκείων
501 1073 590 1109 ἔργων
611 1073 806 1109 κατορθοῦσαν.
834 1073 894 1100 ’Ότι
918 1073 946 1099 δὲ

153 1118 374 1154 ἀποτυγχάνεται
389 1118 424 1146 τὰ
438 1119 523 1146 πολλὰ
538 1121 595 1151 τοῖς
611 1119 789 1155 καλουμένοις
806 1119 944 1155 μάντεσιν,

152 1165 168 1192 ὁ
182 1165 238 1197 πᾶς
251 1165 306 1192 τῶν
320 1164 470 1201 ἀνθρώπων
487 1165 543 1200 βίος
563 1166 666 1201 μάρτυς
693 1165 727 1192 άν
740 1165 794 1201 εἴη,
813 1166 859 1192 καὶ
874 1163 945 1192 οὗτοί

151 1219 182 1238 τε
207 1212 294 1244 αὐτοὶ,
311 1212 336 1238 οἱ
359 1211 408 1247 τὴν
435 1211 566 1247 μαντικὴν
593 1211 820 1247 ἐπαγγελλόμενοι
837 1211 944 1247 τέχνην,

150 1256 214 1292 οὐχὶ
225 1256 272 1284 διὰ
282 1257 504 1292 rationeEx-etot;
522 1256 680 1291 βοηθοῦντες
696 1258 725 1284 ὲν
739 1259 799 1290 ταῖς
814 1257 885 1284 κατὰ
899 1256 943 1283 τὸν

152 1302 209 1337 βίον
225 1302 343 1338 χρείαις,
355 1302 423 1329 ἀλλὰ
434 1302 531 1338 γνώμῃ
547 1310 577 1328 τε
593 1302 646 1338 ἰδίᾳ
659 1303 724 1330 ποτὲ
741 1302 885 1338 χρώμενοι,
898 1304 944 1329 καὶ

151 1347 291 1384 ωμὸουλῇ
303 1348 351 1374 καὶ
370 1348 512 1384 συνεργείᾳ
525 1348 579 1375 τῶν
596 1350 625 1375 ὲν
640 1348 764 1380 ἑκάστοις
791 1348 845 1375 τῶν
873 1357 930 1384 τερα

148 1393 266 1429 γμάτων
284 1393 434 1430 ἀμπειρέαν
457 1394 607 1429 κεκτῆσθαι
621 1394 832 1430 νενομισμένων.
865 1394 943 1420 Ἀλλά

149 1438 214 1474 περὶ
229 1438 280 1474 μὲν
296 1438 344 1465 τοῦ
368 1440 406 1475 μὴ
423 1440 582 1466 συνεστάναι
597 1439 685 1472 τοῦτο,
702 1439 716 1465 ὃ
737 1438 942 1474 προειλήφαμεν

150 1484 284 1519 μαντικὴν
297 1483 399 1517 καλεῖν,
412 1485 441 1511 ὲν
453 1485 542 1517 ἄλλοις
555 1484 731 1520 ἀποδώσομεν
746 1484 940 1521 πληρέστερον,

148 1530 362 1568 παρατιθέμενοι
387 1531 421 1558 τὰ
450 1531 603 1567 Ἐπικούρῳ
627 1531 673 1557 καὶ
695 1530 760 1567 περὶ
780 1530 877 1556 τούτου
899 1530 942 1556 δο-

148 1577 263 1604 κοῦντα·
281 1578 343 1605 νυνι⁵
356 1578 384 1605 δὲ
400 1576 526 1604 τοσοῦτον
546 1578 601 1609 τοῖς
618 1577 773 1612 εἰρημένοις
791 1575 941 1612 προσθήσο-

149 1633 209 1659 μεν,
224 1622 267 1651 ὅτι
292 1623 410 1660 μάλιστα
433 1624 488 1660 (28)
516 1624 565 1659 μὲν
578 1623 609 1650 τὸ
632 1622 774 1658 ἀληθεύειν
791 1622 856 1649 ποτὲ
876 1622 938 1653 τοὺς

147 1670 332 1706 καλουμένους
360 1669 469 1705 μάντεις
481 1670 509 1696 ἐν
531 1671 591 1700 ταῖς
617 1667 859 1704 προαγορεύσεσιν,
888 1667 937 1693 οὐκ

146 1717 314 1753 ἐπιστήμης,
336 1716 405 1743 ἀλλὰ
423 1716 536 1751 πχικῆς
558 1715 647 1747 αἰτίας
672 1715 751 1750 ἔργον
766 1714 799 1741 ἂν
824 1714 876 1749 εἴη.
899 1713 936 1739 (ιὺ

145 1761 199 1797 γὰρ
219 1761 248 1788 τὸ
279 1761 347 1797 μηδὲ
374 1760 483 1787 πώποτε
506 1760 554 1787 τοῦ
575 1761 756 1796 προκειμένου
781 1758 935 1794 τυγχάνειν,

143 1806 212 1833 ἀλλὰ
234 1806 266 1834 τὸ
291 1807 330 1843 μὴ
358 1807 474 1834 πάντοτε
509 1806 569 1842 μηδ’
597 1806 635 1838 ὠς
660 1807 707 1832 ἐπὶ
733 1805 763 1832 τὸ
791 1805 915 1831 πλεῖστον
928 1823 934 1835 ,

145 1853 207 1888 μηδ’
235 1852 266 1885 ἐξ
292 1853 461 1889 ἐπιστήμης,
490 1853 553 1880 ὃταν
569 1861 611 1884 τις
633 1853 679 1879 καί
709 1859 773 1878 ποτε
800 1850 932 1885 τυγχάνῃ,

143 1897 228 1932 τύχης
247 1898 326 1934 ἔργον
336 1897 428 1925 καλεῖν
445 1898 659 1934 προειλήφαμεν,
671 1897 694 1923 οἰ
711 1895 876 1930 διειληφότες
887 1895 935 1925 τὰς

143 1944 190 1978 ὑφ’
202 1943 318 1971 ἕκαστον
332 1943 419 1979 ονομα
432 1944 601 1979 τεταγμένας
618 1944 742 1979 ἐναργεῖς
757 1942 860 1973 ἐννοίας
877 1942 936 1968 ἑαυ-

141 1989 207 2017 τῶν.
232 1991 348 2017 Ἐπειτα
363 1991 387 2017 εἰ
404 1991 451 2017 καὶ
465 1990 525 2017 καθ’
539 1990 666 2017 ὑπόθεσιν
686 1988 720 2025 ἦν
737 1989 844 2024 ἀληθὲς,
858 1987 888 2014 τὸ
903 1987 934 2022 δὴ

141 2037 191 2073 τὴν
209 2037 344 2073 μαντικὴν
359 2037 413 2064 τῶν
436 2037 586 2072 μελλόντων
601 2037 727 2063 ἁπάντων
744 2035 814 2062 εἶναι
831 2035 935 2070 θεωρη-

139 2083 220 2118 τικήν
241 2091 271 2109 τε
286 2083 333 2110 καὶ
352 2084 602 2120 προαγορευτικήν·
629 2082 658 2109 τὺ
690 2081 739 2117 μὲν
759 2081 847 2107 πάντα
874 2079 933 2106 καθ’

139 2128 313 2164 εἱμαρμένην
338 2126 407 2156 εἶναι
439 2130 570 2165 συνήγετο
597 2128 630 2155 ἂν
654 2127 756 2159 οὕτως·
781 2127 811 2153 τὸ
843 2125 934 2161 μέντοι

138 2174 268 2210 χρειιῖιδες
279 2173 365 2208 αὐτῆς
381 2175 428 2202 καὶ
445 2175 575 2210 βιωφελὲς
591 2175 640 2201 οὐκ
651 2175 684 2202 ἄν
702 2182 767 2200 ποτε
783 2172 930 2203 ἐδείκνυτο,

137 2220 181 2246 διὸ
201 2220 250 2246 καὶ
265 2219 384 2256 μάλιστα
403 2221 565 2256 Χρύσιππος
581 2221 654 2248 δοκεῖ
666 2222 759 2257 ὑμνεῖν
775 2220 822 2255 τὴν
840 2226 933 2254 μαντι-

138 2266 200 2301 κήν.
211 2265 244 2292 Τι
254 2265 310 2301 γὰρ
320 2266 416 2300 ὃφελος
431 2267 497 2302 ἡμῖν
513 2264 547 2302 ἦν
559 2267 760 2302 προμανθάνειν
774 2266 808 2292 τὰ
825 2265 932 2293 πάντως

136 2311 255 2347 ἐσόμενα
269 2311 397 2348 δυσχερῆ,
412 2313 430 2339 ὃ.
447 2313 508 2339 οὐδὲ
530 2313 752 2349 προξυλάξασθαι
769 2313 880 2340 δυνατὸν
897 2312 930 2338 ἂν

136 2358 197 2394 εἴης
211 2358 246 2385 τά
261 2358 316 2393 γὰρ
331 2358 392 2385 καθ’
406 2359 574 2395 εἱμαρμένην
592 2365 604 2379 α
620 2359 755 2394 γενέσθαι,
773 2359 831 2391 πῶς
844 2359 876 2386 ἄν
889 2367 930 2390 τις

137 2403 310 2438 φυλάξασθαι
331 2404 457 2437 δόνακος
483 2405 557 2432 Ὢστ’
578 2405 653 2432 οὐδὲν
673 2405 769 2440 ὄφελος
791 2406 856 2440 ἡμῖν
879 2404 929 2439 τῆς

137 2449 283 2486 μαντικῆς,
307 2449 407 2485 μᾶλλον
427 2449 456 2478 δὲ
473 2451 521 2477 καὶ
537 2451 605 2487 πρὸς
630 2452 713 2478 κακοῦ
735 2460 806 2483 τινος
827 2451 930 2485 ἐγένετο

134 2495 169 2522 ἂν
193 2495 274 2532 αὕτη,
297 2495 329 2523 τὸ
358 2496 556 2532 προλυπεωθαι
581 2497 669 2533 μάτην
695 2498 854 2533 παρέχουσα
869 2498 927 2529 τοῖς

134 2541 290 2577 ἀνθρώποις
312 2542 360 2569 ἐπὶ
378 2544 438 2575 ταῖς
458 2543 659 2578 προλαϐούσαις
682 2543 852 2579 δυσχερείαις
869 2545 928 2570 κατ’

134 2587 259 2622 ἀνάγκην
273 2587 427 2623 ἐσομέναις.
447 2588 485 2615 Οὐ
498 2588 552 2624 γὰρ
568 2589 616 2624 τὴν
631 2589 692 2624 ἴσην
709 2589 790 2616 πάλιν
801 2589 929 2625 εὐφροσύ-

134 2641 185 2668 νην
209 2633 339 2669 παρέχειν
355 2642 397 2666 τις
420 2636 501 2671 φήσει
521 2636 569 2672 τὴν
590 2635 643 2662 τῶν
660 2636 798 2670 ἐσομένων
818 2635 928 2670 ἀγαθῶν

130 2678 349 2715 προαγόρευσιν·
362 2680 511 2717 ἐπειδήπερ
524 2683 574 2718 οὐχ
589 2681 675 2713 οὕτως
692 2681 815 2716 πέφυκεν
828 2681 929 2718 ἄνθρω-

169 2749 182 2763 ι
203 2743 267 2770 add.
288 2743 428 2780 μέλλοντα.

169 2809 225 2845 (‘37)
245 2811 354 2848 ᾼρτᾶγν
372 2813 389 2845 ἡ
406 2812 549 2848 ἐνέργεια.
570 2813 672 2841 Pendet
686 2815 926 2848 srntcntia.QuaI'e

131 2851 196 2878 post
221 2847 314 2885 αὐτῶν
337 2848 398 2885 addi
417 2850 503 2882 possit
517 2849 554 2885 μὴ
577 2849 722 2884 ἀποϐῆναι,
749 2851 789 2877 vel
812 2847 925 2878 ἀποϐαί-

129 2888 246 2917 νεινιλ-
259 2881 332 2917 Lege
346 2881 479 2917 ἐνάργεια.
518 2881 523 2884 ’
548 2881 554 2885 ’
601 2885 604 2890 “

169 2915 224 2952 (28)
247 2915 312 2944 Ὀτῐ
332 2915 465 2952 metu:
487 2921 554 2954 μέν.
578 2920 657 2949 I-‘orte
685 2921 791 2954 melius,
812 2921 926 2956 μάλιστα

999 986 1107 1014 linearit
1130 986 1156 1012 in
1179 992 1310 1020 scopum,
1331 983 1367 1012 ab
1386 983 1481 1012 eodem
1507 982 1607 1018 saepius
1633 982 1783 1015 aberrarit;

998 1038 1045 1060 aut
1058 1033 1192 1060 medicum
1210 1040 1282 1064 eum.
1297 1031 1343 1066 qui
1357 1039 1426 1066 quos
1441 1030 1498 1066 ipse
1513 1034 1600 1061 curet,
1611 1033 1715 1064 partem
1727 1037 1784 1056 ma-

998 1080 1098 1107 ximam
1118 1086 1179 1106 cum
1204 1078 1356 1109 interimat,
1383 1085 1466 1104 unum
1496 1075 1612 1103 fortasse
1627 1075 1783 1110 quempiam

997 1133 1106 1153 servare
1128 1124 1246 1160 potuerit
1271 1134 1277 1151 :
1304 1132 1354 1151 nec
1375 1123 1487 1151 omnino
1503 1122 1644 1150 scientiam
1659 1121 1785 1148 nomina-

997 1179 1058 1199 mus
1070 1171 1152 1198 ullam
1162 1191 1169 1204 ,
1187 1170 1239 1198 nisi
1253 1178 1314 1205 quae
1324 1190 1332 1202 ,
1344 1170 1368 1197 si
1384 1177 1437 1196 non
1456 1168 1547 1196 omnia
1559 1188 1566 1201 ,
1591 1175 1652 1203 qua:
1662 1167 1704 1195 sui
1719 1171 1784 1195 sunt

996 1217 1137 1249 muneris,
1166 1220 1194 1243 at
1217 1215 1343 1251 pleraque
1365 1215 1432 1242 scite
1453 1213 1622 1248 feliciterque
1648 1213 1780 1248 perﬁciat.

994 1262 1054 1291 Jam
1076 1270 1141 1290 vero
1157 1270 1206 1290 sua
1228 1266 1302 1289 vales
1323 1262 1389 1289 istos
1411 1261 1438 1287 in
1463 1260 1590 1295 plurimis
1614 1259 1782 1287 divinatione

995 1308 1070 1342 falli,
1090 1315 1145 1335 non
1161 1307 1242 1335 modo
1263 1308 1317 1334 vita
1339 1305 1494 1333 mortalium
1510 1305 1653 1338 universa,
1675 1305 1721 1332 scd
1742 1304 1780 1331 illi

993 1354 1074 1381 etiam
1090 1353 1160 1388 ipsi,
1179 1352 1225 1387 qui
1241 1351 1379 1379 divinandi
1395 1354 1480 1377 artem
1496 1349 1672 1384 profitentur,
1698 1353 1780 1376 testes

994 1406 1055 1426 esse
1068 1398 1191 1433 possint,
1209 1397 1309 1432 quippe
1331 1395 1378 1430 qui
1394 1395 1428 1422 ab
1441 1402 1473 1422 ea
1494 1394 1563 1421 nihil
1584 1394 1643 1429 opis
1659 1394 1692 1421 ad
1713 1401 1781 1421 usus

993 1445 1055 1471 vita:
1068 1443 1243 1479 quotidianus
1264 1442 1414 1476 accipiant,
1430 1440 1475 1468 sed
1493 1444 1604 1468 utantur
1621 1439 1719 1475 partim
1734 1439 1779 1474 ju-

993 1490 1065 1517 dicio
1086 1496 1154 1521 suo,
1173 1488 1271 1523 partim
1295 1487 1410 1515 aliorum
1435 1487 1550 1514 consilio
1573 1486 1674 1521 pariter
1698 1491 1779 1521 atquo

992 1535 1113 1568 auxilio,
1132 1535 1178 1570 qui
1200 1542 1290 1561 rerum
1319 1534 1486 1568 singularum
1508 1533 1678 1567 experientes
1700 1540 1778 1560 com-

992 1581 1067 1608 muni
1081 1580 1209 1615 opinione
1221 1579 1382 1607 habeantur.
1403 1577 1503 1606 Verum
1522 1578 1588 1605 nihil
1602 1578 1681 1613 plane
1693 1577 1778 1604 firmi-

952 1620 973 1648 ε
991 1626 1053 1654 tatis
1075 1626 1193 1659 habere,
1215 1632 1297 1660 quam
1322 1624 1401 1659 vulgo
1427 1623 1619 1650 divinationem
1642 1623 1777 1658 appellare

988 1672 1179 1700 consuevimus
1191 1692 1198 1703 ,
1225 1670 1287 1698 alibi
1313 1669 1399 1697 fusius
1423 1670 1596 1697 ostendemus
1608 1689 1616 1701 ,
1633 1669 1677 1695 ubi
1694 1669 1775 1696 etiam

987 1717 1096 1752 Epicuri
1118 1717 1169 1744 hac
1193 1717 1227 1744 de
1246 1724 1275 1743 re
1301 1715 1464 1743 sententiam
1487 1714 1665 1750 proferemus.
1698 1713 1776 1741 Nunc

987 1769 1076 1790 autem
1095 1771 1179 1790 unum
1194 1763 1282 1790 solum
1298 1766 1346 1789 aut
1361 1762 1476 1790 alterum
1500 1761 1534 1788 ad
1550 1769 1581 1788 ea
1593 1781 1600 1792 ,
1627 1768 1688 1796 quae
1703 1761 1774 1788 dicta

987 1814 1067 1841 sunt,
1093 1809 1290 1844 adjnngemus;
1312 1814 1394 1844 atque
1417 1809 1468 1835 hoc
1489 1808 1515 1834 in
1539 1807 1651 1843 primis,
1667 1807 1738 1842 quod
1755 1806 1772 1833 ii

987 1862 1182 1890 nonnunquam
1195 1863 1258 1882 vera
1272 1855 1468 1890 przcuuntient,
1483 1854 1528 1890 qui
1544 1858 1618 1881 vates
1632 1854 1773 1880 nominan-

987 1907 1031 1929 tur
1044 1922 1051 1932 ,
1068 1902 1093 1929 id
1110 1910 1164 1930 non
1181 1901 1300 1929 scientia:
1312 1922 1319 1933 ,
1338 1901 1385 1929 sed
1399 1902 1475 1928 casui
1495 1901 1688 1936 assignandum
1702 1907 1771 1927 esse.

986 1947 1041 1975 Nec
1052 1948 1124 1975 enim
1139 1947 1199 1983 ejus
1210 1947 1260 1979 rei,
1274 1955 1354 1982 quam
1368 1947 1534 1981 propositam
1546 1946 1682 1978 habueris,
1698 1953 1774 1972 com-

986 1997 1074 2028 potem
1093 1993 1149 2019 lieri
1164 2000 1315 2027 nunquam,
1334 1991 1414 2027 138
1425 1991 1471 2019 sed
1489 1999 1576 2026 neque
1594 1999 1710 2026 semper,
1725 1998 1768 2018 ne-

986 2046 1039 2073 que
1057 2043 1085 2065 ut
1100 2038 1248 2073 plurimum
1260 2058 1268 2071 ,
1283 2045 1370 2073 neque
1382 2058 1390 2071 ,
1409 2038 1431 2065 si
1453 2037 1562 2072 quando
1581 2044 1693 2072 compos
1711 2038 1770 2068 tias,

985 2084 1098 2112 scientia
1113 2084 1188 2116 ﬁeri;
1207 2084 1259 2112 hoc
1273 2084 1380 2112 dentom
1395 2090 1436 2113 cst
1447 2105 1453 2116 ,
1472 2085 1544 2120 quod
1556 2084 1671 2112 fortunae
1685 2085 1770 2111 tribu~

985 2131 1084 2158 endum
1098 2132 1194 2159 merito
1209 2136 1340 2164 censent,
1364 2132 1411 2167 qui
1434 2137 1540 2167 apertas
1559 2131 1771 2167 significationes

985 2177 1042 2205 suis
1057 2185 1180 2213 quasque
1193 2178 1305 2206 vocibus
1322 2178 1467 2206 attributas
1482 2178 1648 2212 distinguere
1661 2177 1711 2205 rite
1726 2186 1771 2204 no-

984 2228 1057 2249 runt.
1086 2222 1189 2250 Deinde
1202 2223 1283 2250 etiam
1302 2222 1366 2250 illud
1380 2244 1387 2256 ,
1406 2223 1513 2250 tametsi
1527 2223 1653 2250 daremus
1675 2231 1768 2249 verum

983 2276 1055 2301 esse,
1069 2268 1141 2303 quod
1157 2276 1172 2295 a
1183 2268 1334 2304 Chrysippo
1346 2269 1481 2301 sumitur,
1506 2268 1664 2296 divinationi
1679 2269 1769 2295 futura

985 2316 1075 2343 omnia
1094 2316 1283 2351 prmsentiendi
1309 2324 1339 2343 ac
1364 2315 1525 2350 praedicendi
1543 2315 1598 2342 vim
1614 2315 1719 2348 inesse;
1736 2323 1768 2342 ex

981 2369 1014 2388 eo
1029 2362 1137 2396 quidem
1159 2362 1221 2396 jure
1245 2362 1370 2389 concludi
1393 2369 1472 2396 posse
1483 2381 1489 2392 ,
1512 2361 1569 2388 fato
1582 2366 1678 2388 cuncta
1692 2361 1748 2388 fieri
1761 2369 1767 2392 ;

982 2415 1036 2434 non
1053 2412 1143 2434 tamen
1163 2408 1245 2442 hujus
1261 2408 1328 2435 artis
1349 2407 1568 2435 commoditatem
1580 2407 1612 2434 ad
1626 2407 1686 2434 vita:
1703 2414 1768 2433 usus

981 2453 1100 2488 aliquam
1111 2454 1165 2481 ullo
1178 2454 1259 2480 modo
1268 2453 1462 2487 demonstrari,
1471 2453 1550 2488 cujus
1560 2453 1677 2480 maxime
1686 2461 1768 2480 causa

980 2498 1175 2527 divinationem
1200 2500 1347 2534 praedicare
1371 2499 1540 2535 Chrysippus
1558 2500 1674 2526 videtur.
1700 2499 1766 2527 Nam

980 2545 1045 2579 quid
1070 2545 1149 2573 nobis
1175 2546 1280 2573 tandem
1307 2553 1341 2573 ex
1362 2553 1395 2573 eo
1419 2545 1593 2580 compendii,
1621 2545 1694 2580 quod
1721 2553 1768 2573 eas

980 2591 1091 2617 omnino
1108 2591 1277 2619 calamitates
1292 2591 1395 2619 fulturas
1411 2592 1639 2626 praesentiremus,
1651 2600 1721 2627 quas
1734 2601 1768 2619 ne

979 2645 1076 2665 cavere
1096 2638 1205 2672 quidem
1225 2638 1277 2665 ulla
1301 2639 1406 2665 ratione
1432 2639 1596 2673 possemus"!
1619 2646 1680 2673 qua:
1695 2638 1766 2666 enim

979 2684 1035 2710 fato
1047 2683 1181 2717 eveniant,
1199 2684 1261 2719 quis
1276 2685 1430 2712 mortalium
1448 2692 1544 2712 cavere
1554 2685 1663 2721 possit?
1677 2684 1768 2718 Quare

981 2820 1029 2854 μὲν
1047 2820 1096 2846 ὅτι.
1115 2819 1215 2854 Estque
1240 2820 1304 2846 illud
1320 2821 1446 2855 μάλιστα,
1470 2821 1542 2855 quod
1572 2820 1660 2848 Latini
1684 2821 1764 2856 vulgo

979 2855 1083 2886 dicunt,
1117 2855 1257 2888 principia,
1281 2861 1309 2882 nt
1326 2856 1429 2886 pridem
1459 2856 1573 2882 [indutus
1599 2855 1762 2883 observavit.

980 2889 1107 2925 Sequitur
1123 2890 1194 2917 enim
1211 2891 1262 2917 sub
1279 2898 1337 2925 pag.
1357 2897 1479 2926 sequent.
1496 2892 1744 2925 initium,"E7::na.
