2060 3213
293 206 347 233 2ιῦ

615 202 748 230 EUSEBII
768 201 1009 230 CESARIENSIS
1030 200 1103 228 OPP.
1124 201 1213 228 PARS
1230 201 1261 228 ll.
1283 217 1317 222 —-
1334 200 1586 229 APOLOGETICA.

1856 203 1910 232 2H

286 268 390 291 tantum
413 262 489 289 abest
514 266 543 288 ut
566 261 644 289 nobis
664 261 794 288 divinatio
811 260 934 288 utilitatis
961 259 1066 286 aﬂ'erret

1121 269 1170 291 πος
1185 260 1291 295 χαίρειν
1307 260 1353 287 ἐπὶ
1365 261 1420 291 τοῖς
1433 260 1665 295 προσδοκωμένοις
1679 260 1798 295 ἀγαθοῖς,
1816 262 1853 293 ὡς
1865 263 1912 289 ἐπὶ

285 309 404 344 aliquid,
428 313 456 336 ut
477 309 566 343 potius
588 308 639 334 hoc
651 307 709 342 ipso
723 307 802 334 nobis
817 307 924 334 cederet
938 307 964 333 in
977 305 1067 341 perni-

285 355 366 387 ciem,
381 354 453 389 quod
467 354 549 381 animi
562 353 748 388 aegritudinem
766 360 798 379 ac
814 352 965 379 molestiam
977 359 1009 378 ex
1027 351 1068 385 ip-

285 401 563 429 sametcalamitatum
575 399 731 426 nccassario
741 399 894 426 futurarum
907 399 1070 434 przesensio-

284 456 329 479 ne,
345 448 426 475 etiam
439 452 586 481 antequam
599 445 765 476 acciderent,
779 445 936 472 hominibus
952 449 1065 472 crearet.

284 493 338 522 Nec
351 495 423 522 enim
438 493 569 528 aequalem
578 497 670 520 contra
680 492 799 519 laetitiam
812 491 964 518 futurorum
973 491 1070 526 praedi-

285 540 515 568 ctionelionorum
525 539 672 566 excitatura
683 538 715 565 iri
727 538 788 572 quis
798 537 978 570 dixerit;cum
989 537 1069 564 homo

283 595 337 614 non
349 591 453 614 tantum
468 585 599 613 bonorum
613 584 814 619 exspectatione
833 583 966 618 gaudere,
980 591 1070 618 quan-

283 637 340 660 tum
352 637 423 659 metu
437 632 570 659 malorum
585 631 675 658 dolere
686 630 866 657 consueverit.
880 629 980 656 Deinde
991 637 1070 657 nemo

283 678 339 706 fere
352 683 403 711 est,
418 678 465 713 qui
480 678 514 705 ab
527 686 587 705 sese
603 677 673 704 mala
687 676 798 711 propius
810 676 915 708 abesse,
925 679 1069 710 antequam

282 724 415 758 audierit,
431 723 576 751 admodum
593 727 696 757 speret;
715 723 783 749 bona
803 729 881 754 vero,
901 721 972 756 quod
990 720 1017 747 in
1038 728 1070 747 ea

282 774 379 804 sponte
394 777 444 797 sua
456 773 552 796 natura
569 768 743 803 propendeat,
769 775 875 799 omnes,
891 771 920 794 ut
933 767 1017 794 verbo
1029 766 1070 793 di-

282 823 353 847 cam,
363 815 456 850 potius
471 819 674 850 exspectamus.
700 813 767 841 Nam
782 818 808 840 et
821 813 941 848 plerique
953 812 1070 847 majores

282 869 353 894 sese,
371 869 452 896 quam
466 861 523 888 ﬁeri
540 860 657 895 possint,
672 860 779 887 futuros
793 866 901 894 sperare
912 859 1009 886 solent.
1030 857 1069 885 Ex

282 915 338 943 quo
363 907 429 935 illud
446 907 561 940 accidit,
588 912 617 934 ut
641 907 774 934 bonorum
800 905 909 941 quidem
931 905 1069 940 praedictio

283 953 404 980 laetitiam
418 953 459 980 vel
471 953 617 981 admodum
632 961 686 980 non
699 957 807 987 augeat,
819 952 892 987 quod
906 952 987 979 etiam
1002 951 1069 977 citra

281 999 484 1034 praedictionem
496 998 609 1033 quilibet
624 998 735 1026 meliora
746 1005 861 1033 quaeque
876 1005 923 1032 per
937 1004 966 1024 se
980 997 1069 1031 ipsum

281 1049 437 1079 exspectet;
456 1046 495 1072 vel
510 1053 571 1073 raro
590 1045 684 1072 saltem
701 1053 744 1077 ca,
761 1052 814 1080 qua
829 1044 891 1079 quis
904 1043 973 1070 forte
984 1047 1069 1078 putet,

282 1099 344 1119 cum
372 1091 499 1119 ﬁrmitate
522 1097 637 1126 augeat;
656 1093 711 1118 imo
733 1098 804 1126 saepe
828 1098 936 1126 quoque
954 1090 1068 1121 minuat,

282 1138 347 1165 dum
361 1145 409 1172 spe
422 1138 513 1164 minus
530 1137 632 1173 aliquid
651 1137 829 1172 respondetur
845 1145 852 1163 :
871 1136 1005 1162 malorum
1021 1142 1070 1161 au-

281 1190 334 1211 tem
354 1183 510 1218 praedictio,
533 1183 630 1218 partim
656 1183 727 1218 quod
749 1183 784 1210 ab
799 1183 831 1210 iis
854 1186 957 1209 naturae
972 1189 1069 1208 sensus

282 1228 438 1261 abhorreat,
462 1229 561 1264 partim
578 1230 651 1264 quod
666 1238 696 1257 ea
711 1233 807 1264 praeter
832 1236 906 1263 spem
924 1227 1070 1262 aliquando

283 1273 474 1307 praedicantur,
488 1282 597 1309 gravem
617 1274 700 1301 animi
717 1273 947 1308 perturbationem
964 1272 1067 1299 aﬂ'erat.

282 1317 456 1353 Quanquam,
472 1319 494 1346 si
508 1319 642 1353 ejusmodi
658 1318 725 1345 nihil
739 1319 882 1350 accideret,
900 1318 1008 1345 inanem
1027 1322 1068 1344 ta—

283 1370 344 1390 men
361 1362 563 1398 praedictionem
580 1363 655 1396 fore,
680 1363 781 1396 cuivis,
808 1363 921 1397 opinor,
943 1368 1069 1390 constare

281 1413 356 1438 certo
371 1410 465 1444 possit.
485 1408 553 1436 Nam
568 1410 592 1437 si
608 1410 670 1444 quis
686 1409 828 1436 utilitatem
841 1409 1002 1436 divinationi
1016 1409 1068 1436 ali-

281 1462 363 1490 quam
381 1455 432 1482 hoc
447 1456 506 1490 ipso
520 1461 653 1483 assereret
668 1461 750 1491 atque
765 1455 931 1488 defenderet,
941 1455 1013 1490 quod
1030 1463 1069 1482 eae

281 1500 449 1528 calamitates
460 1500 651 1536 praedicantur,
665 1509 726 1536 quae
737 1501 866 1532 omnino,
884 1501 936 1528 nisi
952 1501 1068 1533 caveris,

281 1551 416 1574 eventura:
429 1547 497 1580 sint;
515 1546 538 1575 is
556 1546 678 1582 profecto
704 1554 758 1573 non
781 1546 872 1573 omnia
888 1546 944 1573 fato
960 1545 1067 1573 evenire

281 1593 492 1625 demonstraret,
504 1601 566 1620 cum
579 1592 606 1619 in
623 1597 715 1619 nostra
729 1597 861 1626 potestate
875 1595 946 1619 esset
964 1597 1010 1618 aut
1022 1599 1068 1618 ca-

281 1647 354 1670 vere,
372 1638 452 1674 139
463 1644 509 1666 aut
527 1647 579 1665 non
596 1646 701 1665 cavere.
730 1638 777 1665 Sin
794 1644 883 1665 autem
901 1637 952 1665 hoc
976 1638 1065 1672 ipsum

281 1684 376 1712 cadent
391 1684 553 1711 necessitate
563 1683 696 1711 contineri
711 1684 819 1717 dixerit,
830 1688 859 1710 ut
869 1683 902 1710 ad
918 1691 960 1710 res
972 1691 1067 1710 omnes

280 1730 322 1756 vis
340 1729 388 1756 fati
404 1729 546 1764 pertineat,
556 1737 665 1757 rursum
675 1729 851 1756 divinationis
865 1729 966 1756 utilitas
978 1730 1067 1756 omnis

281 1775 395 1808 tollitur;
414 1781 488 1803 certo
506 1776 589 1807 enim,
604 1776 627 1803 si
648 1775 733 1802 fatum
756 1775 834 1802 nobis
853 1783 949 1803 cavere
963 1775 1008 1806 sit,
1023 1783 1069 1802 ca-

282 1822 423 1856 vebimus;
448 1823 489 1850 sin
506 1826 596 1849 autem
612 1821 698 1848 fatum
718 1829 771 1848 non
794 1821 892 1853 fuerit,
911 1821 1067 1848 nullomodo

282 1867 449 1899 cavebimus,
475 1867 581 1894 tametsi
599 1872 673 1893 vates
687 1874 799 1897 omnes.
825 1866 890 1901 quid
907 1871 1065 1892 eventurum

281 1914 361 1941 nobis
378 1914 423 1948 sit,
441 1913 657 1948 praenuntiarint.
686 1913 850 1944 Enimvero,
866 1921 928 1940 cum
957 1913 1065 1947 OEdipi,

281 1966 339 1989 tum
354 1960 500 1987 Alexandri
508 1959 608 1987 Priami
621 1960 668 1986 lilii
684 1959 782 1987 eadem
798 1958 873 1986 omni
886 1963 943 1985 arte
957 1958 1066 1985 molitos

281 2007 425 2042 utriusque
441 2010 567 2042 parentes
583 2004 684 2036 fuisse,
707 2009 735 2031 ut
748 2005 820 2039 quod
837 2004 994 2039 praedictum
1008 2008 1064 2031 erat

280 2053 315 2079 ab
339 2053 372 2080 iis
393 2052 445 2081 sibi
461 2051 573 2079 exilium
591 2051 749 2083 imminere,
763 2050 947 2081 declinarent,
962 2057 1011 2076 nec
1024 2054 1066 2075 la-

280 2106 342 2124 men
356 2106 403 2126 eos
418 2098 472 2124 voti
487 2101 626 2131 compotes
647 2103 708 2123 esse
724 2104 841 2130 unquam
859 2095 980 2130 pcluisse
992 2116 1000 2128 ,
1025 2095 1066 2121 vel

279 2142 447 2180 Chrysippus
467 2143 524 2178 ipse
541 2143 684 2170 conﬁtetur
699 2151 705 2168 :
724 2141 844 2176 adeoque
859 2142 981 2175 agnoscit
999 2141 1066 2168 nihil

279 2190 361 2216 etiam
376 2189 442 2224 ipsis
458 2189 591 2216 lnalorum
606 2196 718 2215 suorum
740 2188 942 2222 praedictionem
957 2191 1065 2222 propter

279 2235 328 2263 fati
343 2236 395 2262 vim
411 2243 444 2263 ac
460 2235 647 2262 necessitatem
662 2234 807 2270 profuisse.
821 2234 908 2268 Atque
923 2234 979 2260 luet:
990 2242 1004 2260 a
1018 2242 1065 2259 no-

1120 308 1175 338 τοῖς
1198 308 1292 338 κακοῖς
1312 306 1447 333 ἀνιᾶσθαι.
1468 306 1572 338 ’Λλλως
1591 315 1620 332 τε
1643 307 1690 333 καὶ
1706 306 1791 333 ταῦτα
1807 308 1857 342 μὲν
1878 309 1910 334 οὺ

1121 352 1190 379 πάνυ
1213 361 1239 379 τι
1263 353 1327 388 περὶ
1345 353 1457 384 ἑαυτοὺς
1473 352 1581 379 ἔσεσθαι
1599 354 1663 388 πρὶν
1681 353 1796 380 ἀκοῦσαι
1812 355 1911 380 κατελ-

1121 398 1249 434 πίζομεν·
1275 399 1309 425 τὰ
1331 399 1353 424 δ’
1373 398 1464 432 ἀγαθὰ
1484 399 1583 434 μᾶλλον
1605 399 1734 430 ἅπαντες,
1752 399 1790 431 ὡς
1812 401 1910 431 εἰπεῖν,

1120 444 1314 480 προσδοκῶμεν
1330 444 1373 470 διὰ
1389 444 1437 479 τὴν
1451 445 1568 480 φυσικὴν
1584 445 1720 471 οἰκείωσιν
1737 446 1804 481 πρὸς
1821 446 1891 473 αὑτά
1902 455 1908 460 ’

1119 492 1143 517 οἱ
1159 491 1207 526 μὲν
1222 491 1276 526 γὰρ
1288 490 1379 516 πολλοὶ
1392 490 1439 517 καὶ
1455 491 1563 526 μείζους
1576 491 1630 517 τῶν
1646 491 1766 517 δυνατῶν
1784 492 1908 525 γενέσθα-

1121 537 1320 572 κατηλπίκασιν
1330 547 1336 552 ·
1356 537 1386 570 ἐξ
1398 533 1428 564 οὗ
1443 538 1586 573 συμϐαίνει
1603 538 1633 564 τὸ
1651 538 1699 574 μὲν
1715 538 1764 573 τὴν
1776 538 1831 564 τῶν
1842 539 1910 571 ἀγα-

1121 582 1174 609 θῶν
1192 584 1391 619 προαγόρευσιν
1405 584 1441 619 μὴ
1459 584 1604 611 ἐπιτείνειν
1622 585 1692 611 πάνυ
1710 593 1735 610 τι
1747 584 1795 619 τὴν
1810 584 1909 619 χαρὰν,

1119 629 1163 655 διὰ
1179 629 1209 655 τὸ
1228 630 1274 655 καὶ
1288 630 1372 665 χωρὶς
1387 630 1436 664 τῆς
1450 630 1674 666 προαγορεύσεως
1686 630 1799 657 ἕκαστον
1811 629 1841 662 ἐξ
1853 631 1903 657 ὲαυ

1120 675 1166 701 τοῦ
1179 675 1213 701 τὰ
1235 676 1351 711 κρείττω
1368 676 1530 712 προσδοκᾷν,
1591 678 1634 703 ἐπ’
1650 677 1739 712 ὀλίγον
1761 678 1910 705 ἐπιτείνειν

1121 723 1152 756 τῇ
1165 721 1280 757 δοκούσῃ
1297 722 1465 758 βεΰαιότητι·
1488 723 1616 755 πολλάκις
1632 723 1660 750 δὲ
1682 724 1728 750 καὶ
1745 724 1838 759 μειοῦν
1859 724 1910 759 τὴν

1120 768 1217 804 χαρὰν,
1237 770 1300 795 ὅταν
1317 769 1419 795 ἐλάττω
1439 769 1493 795 τῶν
1509 769 1689 796 ἐλπισθέντων
1702 770 1822 805 ἀκουσθῇ
1834 778 1841 785 ’
1860 771 1911 806 τὴν

1120 815 1148 841 δὲ
1161 815 1215 841 τῶν
1229 815 1321 842 κακῶν
1336 815 1545 851 προαγόρευσιν,
1563 815 1610 842 καὶ
1623 816 1702 842 διὰτο
1719 815 1910 851 ἁπόστρεπτον

1121 861 1209 888 αὐτῶν
1227 861 1315 896 φύσει,
1334 862 1380 888 καὶ
1397 862 1441 888 διὰ
1454 861 1484 888 τὸ
1499 862 1562 897 παρ’
1577 862 1689 893 ἐλπίδας
1705 862 1789 888 ἐνίοτε
1810 862 1909 897 προλέ-

1122 908 1216 941 γεσθαι
1240 907 1364 943 μεγάλως
1385 908 1536 943 ταράττειν.
1562 907 1630 934 Ἀλλ’
1651 907 1736 942 ὅμως,
1753 908 1776 933 εἰ
1798 908 1845 934 καὶ
1871 908 1910 943 μὴ

1087 942 1107 969 Β
1121 953 1198 980 τοῦτο
1214 953 1364 985 συνέϐαινε,
1379 953 1408 980 τό
1423 962 1454 987 γε
1469 954 1578 988 ἀχρεῖον
1593 953 1702 980 ἔσεσθαι
1724 953 1774 989 τὴν
1790 954 1911 988 προαγὸ-

1122 1009 1212 1036 ρευσιν
1230 1000 1309 1026 παντί
1332 1008 1383 1026 που
1407 999 1485 1034 δῆλον
1506 999 1538 1026 ἂν
1560 999 1612 1035 εἴη.
1631 999 1662 1025 Εἰ
1686 999 1739 1034 γὰρ
1762 1000 1841 1034 φήσει
1867 1008 1911 1030 τις

1122 1045 1290 1081 σωθήσεσθαι
1307 1045 1338 1072 τὸ
1356 1046 1489 1081 χρήσιμον
1506 1045 1554 1080 τῆς
1579 1045 1720 1080 μαντικῆς,
1735 1045 1779 1072 διὰ
1790 1046 1820 1071 τὸ
1842 1054 1913 1080 προ-

1120 1091 1247 1125 λέγεσθαι
1278 1090 1308 1116 τὺ
1336 1089 1445 1121 πάντως
1475 1089 1604 1124 ἐσόμενον
1633 1089 1782 1125 δυσχερὲς,
1810 1091 1834 1117 εἰ
1870 1090 1912 1126 μὴ

1121 1136 1318 1172 φυλαξαίμεθα,
1346 1137 1397 1162 οὐκ
1429 1136 1469 1162 ἔτι
1500 1135 1590 1162 πάντα
1605 1136 1686 1168 δείξει
1714 1136 1910 1172 συμϐησόμενα

1120 1181 1181 1208 καθ’
1207 1182 1390 1218 εἱμαρμένην,
1415 1182 1457 1216 ἐφ’
1483 1183 1548 1217 ἡμῖν
1574 1182 1649 1213 ὖντος
1671 1181 1718 1208 τοῦ
1740 1181 1910 1216 φυλάξασθαί

1120 1237 1149 1254 τε
1162 1228 1207 1254 καὶ¹
1226 1227 1262 1264 μὴ
1275 1228 1452 1262 φυλάξαςθαι.
1467 1229 1499 1254 Εἰ
1512 1228 1566 1264 γὰρ
1583 1228 1630 1254 καὶ
1644 1228 1721 1254 τοῦτο
1734 1229 1910 1264 κατηναγκά-

1121 1273 1181 1300 σθαι
1202 1275 1282 1310 φήσει
1298 1283 1350 1306 τις,
1367 1275 1404 1306 ὡς
1418 1275 1458 1306 εἰς
1471 1274 1559 1301 πάντα
1572 1274 1606 1301 τὰ
1622 1273 1686 1309 ὅντα
1698 1274 1840 1301 διατείνειν

1121 1319 1300 1354 εἱμαρμένην,
1316 1320 1397 1345 πάλιν
1412 1319 1442 1345 τὸ
1463 1319 1511 1354 τῆς
1530 1318 1661 1353 μαντικῆς
1676 1318 1811 1354 χρήσιμον
1829 1318 1906 1344 ἁναι⁴

1121 1367 1205 1401 ρείται
1217 1373 1225 1379 ·
1246 1365 1418 1400 φυλαξόμεθα
1436 1364 1490 1400 γὰρ
1504 1366 1529 1391 εἰ
1547 1364 1737 1399 καθείμαρται,
1752 1364 1799 1390 καὶ
1812 1364 1841 1390 οὺ
1857 1372 1910 1398 φυ-

1119 1410 1254 1446 λαξόμεθα
1270 1411 1350 1446 δῆλον
1365 1411 1412 1442 ὡς,
1430 1411 1455 1437 εἰ
1472 1410 1508 1446 μὴ
1532 1409 1714 1445 καθείμαρται
1729 1409 1907 1444 φυλάξασθαι,

1119 1456 1170 1482 κᾶν
1187 1457 1288 1488 πάντες
1305 1457 1328 1483 οἱ
1352 1457 1463 1492 μάντεις
1483 1456 1514 1482 τὸ
1536 1456 1663 1492 ἐσόμενον
1686 1455 1908 1492 προαγορεύωσιν

1120 1504 1193 1538 ἡμῖν.
1219 1503 1270 1529 Τὸν
1288 1503 1352 1537 γοῦν
1373 1502 1512 1533 υἰδίποδα,
1537 1501 1583 1528 καὶ
1602 1501 1647 1528 τὸν
1669 1501 1841 1536 Ἀλέξανδρον
1860 1500 1908 1526 τὸν

1118 1548 1165 1575 τοῦ
1179 1549 1313 1585 Πριάμου,
1327 1549 1373 1576 καὶ
1387 1549 1468 1580 αὐτὸς
1482 1548 1667 1583 ὸΧρὺσιππός
1679 1556 1744 1583 φησι
1761 1547 1843 1574 πολλὰ
1858 1555 1908 1582 μηδ

1119 1596 1314 1631 χανησαμὲνων
1328 1596 1382 1622 τῶν
1402 1596 1513 1630 γονέων,
1535 1595 1606 1622 ὥστε
1626 1596 1793 1626 ἀποκτεῖναι,
1814 1594 1858 1620 ἵνα
1875 1594 1908 1620 τὸ

1118 1641 1165 1668 ἀπ’
1183 1641 1272 1668 αὐτῶν
1289 1641 1443 1678 προρρηθὲν
1459 1642 1548 1673 αὐτοῖς
1571 1641 1654 1667 κακὸν
1669 1640 1850 1674 φυλάξωνται,
1867 1640 1905 1674 μὴ

1118 1687 1274 1724 δυνηθῆναι.
1296 1687 1387 1718 Οὕτως
1405 1687 1480 1713 οὐδὲν
1494 1686 1589 1721 ὄφελος
1607 1686 1667 1712 οὐδὲ
1685 1686 1775 1718 αὐτοῖς
1788 1686 1837 1721 τῆς
1851 1685 1907 1712 τῶν

1119 1732 1210 1759 κακῶν
1225 1731 1449 1768 προαγορεύσεὼς
1462 1740 1544 1767 φησιν
1559 1729 1628 1757 εἶναι
1639 1730 1682 1757 διὰ
1695 1731 1744 1766 τὴν
1759 1733 1790 1757 ἐκ
1806 1731 1856 1766 τῆς
1869 1732 1909 1757 εἰ-

1120 1780 1262 1814 μαρμένης
1285 1779 1384 1805 αἰτίαν.
1403 1778 1488 1805 Τοῦτο
1505 1779 1553 1814 μὲν
1573 1776 1619 1804 οὖν
1641 1779 1674 1804 ὲκ
1692 1777 1848 1813 περιουσίας
1864 1779 1907 1805 5.!—

1119 1825 1209 1860 ρήσθω
1245 1826 1313 1860 πρὸς
1333 1826 1363 1852 τὸ
1386 1825 1423 1860 μὴ
1448 1825 1526 1860 μόνον
1551 1825 1745 1855 ἀνυπόστατον,
1771 1823 1837 1850 ἀλλὰ
1861 1823 1908 1850 καὶ

1119 1870 1226 1905 ἀχρεῖον
1239 1870 1290 1905 τῆς
1309 1871 1450 1905 μαντικῆς.
1471 1880 1478 1895 ι
1499 1870 1590 1896 Ταῦτα
1606 1871 1654 1905 μὲν
1669 1871 1682 1896 ὁ
1696 1869 1855 1904 φιλόσοφος·
1872 1870 1905 1896 σύ

1118 1924 1148 1949 γε
1167 1916 1221 1952 μὴν
1241 1915 1316 1951 παρὰ
1337 1916 1428 1950 σαυτῷ
1451 1916 1558 1950 σκέψαι,
1577 1915 1645 1947 πῶς,
1666 1915 1794 1950 Ἕλληνες
1818 1915 1905 1947 ὄντες⁸

1118 1962 1164 1988 και⁸
1176 1961 1224 1996 τὴν
1248 1961 1380 1996 Ἑλλήνων
1394 1961 1542 1996 σύντροφον
1557 1963 1589 1988 ἐκ
1602 1962 1664 1993 νέας
1680 1961 1786 1996 ἡλικίας
1803 1962 1907 1996 κτησά-

1119 2016 1192 2042 μενοι
1207 2007 1339 2039 παιδείαν,
1354 2008 1388 2034 τὰ
1399 2016 1429 2034 τε
1445 2008 1545 2043 πάτρια
1558 2007 1623 2043 περὶ
1634 2006 1701 2033 θεῶν
1717 2007 1824 2033 πάντων
1836 2006 1905 2041 μᾶλ-

1117 2055 1161 2080 λον
1176 2054 1361 2088 διεγνωκότες,
1383 2054 1591 2090 Ἀριστοτελικοὶ
1609 2053 1718 2084 πάντες,
1734 2052 1847 2079 Κυνικοί
1874 2060 1904 2078 τε

1117 2100 1163 2126 καὶ
1182 2099 1373 2135 Ἐπικούρειοι,
1388 2100 1434 2126 καὶ
1450 2100 1506 2125 ὅσοι.
1517 2099 1620 2130 τούτοις
1637 2098 1788 2134 ἐφρόνησαν
1804 2097 1838 2124 τὰ
1852 2106 1905 2123 πα-

1119 2145 1265 2181 ραπλήσια,
1286 2145 1339 2172 τῶν
1356 2146 1421 2181 παρ’
1435 2145 1526 2176 αὐτοῖς
1541 2145 1653 2179 Ἕλλησι
1669 2143 1812 2179 βοωμένων
1834 2152 1896 2178 μαν-

1117 2191 1196 2217 τείιιιν
1220 2191 1416 2225 κατεγέλασαν.
1444 2191 1497 2216 Καὶ
1524 2190 1576 2225 μὴν
1600 2190 1677 2225 εἴπερ
1697 2187 1731 2224 ἦν
1755 2188 1843 2224 ἀληθῆ
1869 2188 1904 2214 τὰ

1118 2237 1131 2264 0
1135 2238 1301 2274 ρυλλούμενα
1326 2237 1390 2274 περὶ
1413 2237 1461 2272 τῆς
1477 2236 1531 2262 τῶν
1556 2236 1729 2272 χρηστηρίων
1752 2234 1903 2270 παραδοξο-

280 2281 322 2308 his
336 2286 430 2308 contra
443 2281 617 2308 divinationis
631 2280 727 2316 partim
744 2279 963 2306 incertitudinem
974 2300 980 2311 ,
999 2287 1063 2313 par-

1118 2283 1215 2315 ποιίας1
1233 2284 1305 2314 εἰκὸς
1319 2280 1352 2318 ἦν
1369 2283 1415 2309 καὶ
1435 2282 1530 2308 τούσδε
1545 2281 1754 2316 καταπλαγῆναι
1769 2281 1902 2316 Ἕλληνας

279 2329 328 2355 tim
344 2328 514 2355 inutilitatem
525 2348 532 2360 ,
556 2327 695 2354 liberalius
717 2326 844 2361 quidem,
860 2334 941 2360 qualn
959 2335 1000 2354 res
1015 2335 1064 2361 po-

279 2373 399 2401 stulabat
411 2394 418 2406 ,
435 2373 507 2401 dicta
525 2377 616 2401 sunto.
634 2382 643 2398 ι
666 2371 802 2398 Hactenus
817 2372 860 2399 ille
875 2373 1063 2407 philosophus.

280 2419 319 2446 'l‘u
334 2427 397 2446 vero
415 2424 504 2447 tecum
520 2419 577 2454 ipse
602 2418 690 2453 cogita
703 2439 711 2451 ,
735 2419 964 2452 quemadmodum
980 2420 1064 2446 Graeci

281 2467 414 2498 homines.
439 2467 485 2501 qui
509 2475 562 2495 non
583 2467 663 2493 modo
680 2467 836 2494 Graecorum
853 2466 1023 2501 disciplinam
1039 2471 1063 2493 et

280 2513 400 2541 instituta
416 2513 451 2540 ab
463 2514 572 2540 ineunte
587 2518 665 2540 aetate
680 2520 742 2540 cum
759 2513 819 2547 ipso
834 2520 916 2548 prope
931 2513 999 2540 lacte
1012 2521 1063 2539 nu-

280 2559 354 2586 tricis
372 2560 551 2592 imbiberant,
575 2561 621 2587 sed
646 2561 727 2587 etiam
752 2560 854 2594 patrias
869 2560 983 2586 deorum
1000 2559 1062 2586 reli—

279 2605 373 2640 giones
387 2606 508 2633 omnium
524 2606 730 2633 accuratissime
747 2606 936 2641 pervidcrant,
956 2605 1062 2632 Aristo—

279 2650 350 2678 telici
366 2658 461 2677 omnes
471 2671 478 2682 ,
504 2658 599 2677 omnes
611 2659 672 2677 cum
686 2650 798 2686 Cynici,
815 2654 871 2676 tum
886 2648 1020 2684 Epicurei,
1037 2652 1060 2675 et

277 2701 410 2730 quotquot
423 2696 455 2722 ad
467 2703 560 2723 eorum
574 2704 635 2724 sese
648 2696 803 2731 opinionem
818 2700 1009 2731 aggregarant,
1021 2694 1058 2729 ja-

277 2746 349 2768 ctata
361 2742 432 2776 apud
445 2741 553 2769 Graecos
569 2743 642 2776 ipsos
657 2747 748 2769 vatum
764 2750 893 2776 responsa
907 2741 1059 2769 deriserint.

278 2789 353 2821 Quos
369 2793 470 2820 tamen,
490 2789 512 2815 si
525 2797 585 2823 qua:
599 2790 631 2816 de
644 2790 819 2816 oraculorum
835 2789 950 2816 istorum
969 2789 1060 2824 prodi-

1115 2329 1203 2360 ὂντας,
1217 2330 1264 2356 καὶ
1273 2329 1307 2355 τὰ
1320 2329 1421 2365 πάτρια
1436 2328 1556 2364 ἀκριϐῶς
1569 2327 1806 2363 ὲξεπισταμένους,
1820 2327 1903 2363 μηδέν

1114 2385 1142 2402 τε
1167 2375 1220 2402 τῶν
1243 2375 1396 2410 γνωσθῆναι
1423 2374 1506 2407 ἀξίων
1530 2375 1559 2400 ἐν
1582 2374 1700 2409 δευτέρῳ
1718 2373 1901 2408 τεθειμένους.

1115 2423 1206 2449 Ταῦτα
1226 2422 1274 2457 μὲν
1298 2420 1344 2448 οὖν
1367 2422 1415 2448 καὶ
1439 2422 1488 2448 ὅσα
1507 2422 1619 2448 τοιαῦτα
1640 2421 1766 2455 συνάγειν
1778 2422 1820 2452 εἰς
1838 2421 1903 2447 ἁνα-

1117 2469 1214 2503 σκευὴν
1226 2469 1273 2503 τῆς
1291 2468 1354 2504 περὶ
1369 2468 1422 2494 τῶν
1435 2468 1607 2504 χρηστηρίων
1620 2467 1774 2499 ὑποθέσεως
1788 2467 1901 2502 πλείστη

1113 2524 1155 2547 τις
1177 2513 1209 2550 ἦν
1226 2516 1383 2550 περιουσία·
1403 2515 1458 2541 ἀλλ’
1478 2515 1508 2540 οὔ
1528 2514 1612 2550 ταύτῃ
1635 2523 1678 2549 μοι
1698 2514 1771 2540 δοκεῖ
1786 2514 1831 2540 τὸν
1851 2523 1903 2540 πα-

1118 2559 1198 2594 ρόντα
1213 2559 1371 2594 μεθοδεῦσαι
1382 2559 1469 2593 λόγον,
1484 2559 1541 2585 ἀλλ’
1558 2557 1629 2595 ᾗπερ
1640 2558 1809 2594 ὡρμήθημεν
1820 2559 1903 2594 ἀρξά-

1119 2613 1202 2639 μενοι,
1216 2605 1304 2640 ἀληθῆ
1317 2605 1405 2640 λέγειν
1418 2605 1508 2637 δόντες
1521 2606 1583 2636 τοὺς
1596 2605 1665 2640 ὑπὲρ
1676 2603 1766 2632 αὐτῶν
1779 2606 1904 2640 προῖστα‹

1119 2652 1224 2686 μένους,
1249 2653 1285 2682 ὡς
1300 2652 1332 2678 ἂν
1354 2652 1386 2677 ἐκ
1409 2651 1462 2678 τῶν
1478 2652 1542 2686 παρ’
1559 2651 1649 2682 αὐτοῖς
1669 2650 1902 2686 ὁμολογουμένων,

1118 2698 1232 2732 μαντεῐά
1247 2706 1275 2723 τε
1293 2695 1362 2724 εἶναι.
1377 2697 1464 2733 ἀληθῆ
1486 2698 1532 2724 καὶ
1555 2697 1730 2732 πυθόχρηστα
1751 2696 1903 2731 θεοπρόπια

1116 2744 1150 2770 τὰ
1171 2743 1322 2778 δηλούμενα
1337 2744 1504 2778 φασκόντων,
1520 2743 1567 2778 τὴν
1581 2742 1681 2778 ἀκριῦἧ
1695 2742 1749 2769 τῶν
1768 2742 1898 2777 δηλουμέι

1114 2798 1167 2816 νων
1186 2789 1314 2824 ἕκφανσιν
1331 2790 1545 2824 καταμάθωμεν.

278 2835 328 2868 giis
352 2835 473 2862 omnium
501 2844 547 2863 ore
569 2835 758 2866 celebrantur,
790 2843 852 2861 vera
880 2835 1057 2871 putavissent,
1078 2837 1219 2870 oportebat
1233 2844 1298 2863 sane
1311 2844 1365 2863 non
1381 2837 1471 2863 minus
1482 2843 1563 2870 quam
1593 2840 1705 2862 (‘tBlL‘l'OS
1728 2842 1823 2860 eorum
1847 2834 1900 2859 vim

278 2881 478 2915 ohstupesecre,
497 2883 594 2916 quippe
611 2883 657 2917 qui
674 2887 699 2908 et
714 2881 801 2909 Gl'iBCi
813 2886 903 2908 essent
915 2901 921 2912 ,
938 2882 1060 2916 ritusque
1080 2883 1182 2916 patrios
1195 2882 1307 2910 omnino
1321 2882 1460 2913 callerem,
1474 2889 1504 2908 ac
1518 2881 1585 2908 nihil
1608 2888 1713 2912 eorum,
1741 2888 1801 2913 qua:
1831 2880 1901 2906 scitu

278 2927 356 2962 digna
372 2927 469 2960 fm'cnt,
487 2929 539 2955 ullu
556 2937 674 2964 unquam
694 2928 774 2955 modo
789 2928 980 2962 neglexissent.
1010 2928 1061 2955 Ista
1081 2928 1189 2963 quidem
1206 2928 1312 2964 aliaque
1341 2927 1450 2961 similia,
1477 2928 1523 2962 qui
1545 2927 1595 2955 hoc
1624 2928 1651 2954 in
1679 2931 1833 2962 arguiucult
1856 2933 1899 2961 ge-
