2060 3213
262 144 316 172 ΞΠ

598 144 733 173 EUSEBll
748 144 987 172 CAESARIENSIS
1006 144 1081 172 OPP.
1100 145 1189 172 PARS
1203 144 1235 172 ΙΙ.
1254 160 1289 165 -
1301 144 1553 173 APOLOGETICA.

1822 143 1876 171 258

263 205 414 238 parentem.
440 209 473 230 ac
499 209 590 237 regem
612 209 672 230 sese
694 208 842 237 agnoscere
857 203 1045 237 proﬁtentur:

1099 202 1129 229 τὸ
1142 202 1210 229 θεῶν
1233 202 1366 238 ὑπάρχειν
1387 202 1523 237 δεύτερον,
1543 202 1674 237 ἑπόμενον
1694 202 1723 228 δὲ
1744 201 1775 228 τὸ
1794 201 1889 236 δαιμῶ-

263 249 413 277 secundum
437 256 530 283 quem,
553 248 666 275 alterum
688 247 802 274 deorum
827 256 922 283 genus,
937 250 1046 276 tertium

262 296 436 325 daemonum,
462 299 589 329 quartum
613 294 731 328 denique
756 294 869 322 heroum
895 295 1046 330 assignant.

262 340 365 368 Deinde
377 348 453 370 vero.
467 348 636 375 quacunque
650 340 676 367 in
692 345 795 375 partem
809 341 879 375 ejus,
895 342 966 376 quod
979 342 1048 376 opti-

262 394 336 412 mum
358 390 410 418 est,
427 386 494 412 ideae
519 385 652 418 venerint,
673 393 705 413 ea
720 385 818 420 partim
836 394 926 420 agere,
948 387 1047 421 partim

261 432 315 466 agi,
332 435 359 458 et
372 430 501 465 quiequid
513 430 646 465 ejusmodi
660 435 712 464 est,
727 432 799 466 quod
812 431 923 459 luminis
938 432 973 460 sit
987 441 1048 468 par-

262 477 357 511 ticeps,
376 477 467 503 lumen
492 476 622 511 appellari
636 481 760 504 statuunt
782 486 788 503 :
805 477 933 505 deteriori
952 483 1047 505 contra

261 525 365 548 naturai
382 522 482 548 malum
502 522 591 556 ipsum
615 522 760 557 imperare,
777 523 850 558 quod
865 524 974 558 quidem
993 532 1047 552 non

260 567 333 593 aliud
346 574 428 601 quam
445 567 632 601 improborum
652 568 807 595 daemonum
821 576 907 603 genus
927 576 988 596 esse
1000 577 1048 596 vo-

261 613 330 645 lunt,
345 612 418 647 quod
437 620 500 640 cum
520 621 563 646 eo,
585 614 657 648 quod
677 614 779 641 bonum
794 618 845 646 est,
863 615 952 642 amico
977 624 1048 642 nun-

260 665 341 693 quam
355 662 458 691 utatur,
473 663 530 685 tum
543 659 597 686 vim
611 659 638 686 in
651 659 780 687 universa
791 668 898 693 eorum,
908 669 969 696 qua:
978 662 1049 688 bono

259 703 397 730 contraria
416 708 482 731 sunt
497 709 606 737 natura,
624 705 735 740 perinde
751 713 783 733 ac
796 705 868 734 Deus
884 706 911 733 in
926 712 983 734 toto
998 709 1048 735 bu-

260 756 358 776 norum
373 756 481 785 genere,
502 750 652 786 principem
672 751 809 785 obtineat;
831 752 961 788 quidquid
984 761 1049 780 vero

259 796 313 823 tale
336 801 388 830 est,
410 796 438 823 id
461 804 542 824 omne
557 797 683 825 tenebras
704 798 795 825 vocari
810 799 929 826 tradunt.
944 799 1048 832 Quibus

259 842 296 868 ita
310 841 468 869 constitutis
482 846 566 877 atque
578 842 725 875 distinctis,
740 843 838 870 calum
858 843 967 878 quidem
984 851 1046 871 cum

259 895 293 914 eo
310 887 359 922 qui
371 887 404 914 ad
417 887 510 914 lunam
525 888 610 923 ipsam
634 888 761 923 pertinet,
785 888 885 916 aethere
907 889 970 921 diis,
987 897 1047 924 qua:
1065 881 1084 908 Β

259 933 331 961 circa
354 933 445 960 lunam
458 941 604 968 acremque
617 939 773 968 versantur,
788 935 966 968 daemonibus,
987 944 1048 970 quae

261 979 333 1005 circa
354 986 470 1013 quaque
495 979 547 1007 sub
571 984 689 1011 terram,
716 980 860 1008 animabus
885 981 1046 1008 attribuunt.

261 1025 317 1053 llac
339 1027 483 1061 partitione
499 1028 651 1062 assignato,
667 1028 792 1056 caelestes
810 1029 876 1056 deos
898 1030 923 1056 in
940 1030 1046 1064 primis,

259 1071 356 1099 deinde
376 1072 463 1100 bonos
479 1072 628 1105 dazmones,
647 1072 727 1100 tertio
749 1073 862 1100 heroum
879 1074 984 1101 animas
1000 1082 1047 1101 co-

258 1117 324 1150 lere,
345 1122 486 1152 postremo
502 1118 590 1146 malos
602 1119 685 1146 etiam
700 1119 896 1154 improbosque
910 1120 1046 1147 daemones

258 1165 366 1200 placare
377 1173 408 1194 ac
421 1165 536 1194 delinire
547 1172 674 1201 oportere
683 1167 791 1195 docent.
803 1166 903 1195 Verum
916 1167 973 1195 haec
983 1175 1045 1194 cum

258 1209 296 1238 it'a
307 1211 390 1238 verbo
402 1216 481 1239 tenus
489 1212 579 1239 omnia
594 1212 772 1248 distinguant,
792 1216 848 1239 tum
865 1220 894 1239 re
908 1212 965 1247 ipsa
983 1220 1048 1239 cun-

257 1260 301 1282 cta
322 1255 504 1289 confundunt,
522 1256 661 1291 improbas
679 1261 784 1284 tantum
801 1258 914 1284 virtutes
929 1257 1044 1284 aliorum

257 1302 380 1329 omnium
403 1303 463 1330 loco
475 1303 639 1336 venerando,
655 1311 770 1338 seseque
796 1307 868 1330 totos
885 1303 919 1330 iis
944 1303 1046 1330 inanei-

257 1347 357 1381 pando,
372 1348 602 1382 quemadmodum
619 1348 702 1384 hujus
722 1349 749 1376 in
763 1356 908 1383 progressu
925 1349 1045 1384 disputa-

257 1393 339 1420 tionis
355 1393 540 1422 ostendemus.
560 1394 648 1422 Tuum
665 1401 755 1422 autem
770 1396 831 1426 erit,
847 1395 936 1427 exiis,
954 1403 1015 1430 quae
1029 1404 1044 1422 a

256 1438 336 1466 nobis
350 1437 377 1465 in
390 1439 509 1466 medium
521 1439 678 1473 κατι-θυίαν,
692 1440 793 1473 videre,
805 1440 900 1475 quales
913 1448 971 1472 eas,
984 1448 1045 1475 qua:

255 1492 334 1511 suam
352 1491 400 1519 per
422 1484 569 1513 simulacra
585 1486 639 1512 vim
663 1491 787 1519 exerunt,
809 1486 924 1514 virtutes
944 1486 1045 1513 habere

257 1534 392 1566 oporteat,
417 1530 527 1564 deosne,
555 1539 588 1558 an
614 1532 767 1565 daemones;
793 1537 821 1559 et
845 1533 868 1559 si
894 1533 1042 1564 daemones,

257 1577 391 1610 malosue,
406 1586 440 1605 an
457 1586 522 1606 vero
537 1578 632 1605 bonos.
646 1577 714 1605 Nam
735 1578 834 1605 divina:
847 1577 955 1612 quidem
973 1578 1044 1611 apud

256 1631 307 1651 nos
320 1623 428 1650 Littera:
443 1631 578 1658 nusquam
589 1624 702 1651 omnino
715 1623 865 1650 daemonem
883 1623 982 1650 bonum
997 1631 1045 1650 vo—

257 1677 320 1696 care
338 1670 436 1701 solent,
456 1670 556 1704 quippe
570 1677 631 1704 qua:
647 1670 750 1703 optime
762 1669 864 1701 norint,
879 1669 1042 1703 quibuscum

258 1715 284 1741 id
298 1714 423 1742 vocabuli
441 1716 613 1750 nominisque
628 1715 706 1750 152
722 1722 867 1742 commune
883 1715 928 1746 sit,
944 1714 1045 1748 impro-

256 1760 307 1787 bos
325 1767 386 1787 esse
409 1767 523 1792 omnes;
546 1760 774 1794 quemadmodum
798 1767 851 1786 non
877 1759 960 1786 alium
980 1759 1045 1793 ipsa:

259 1805 343 1832 Deum
362 1813 425 1833 vere
446 1805 610 1840 proprieque
635 1805 787 1837 nominant,
807 1810 902 1839 praeter
915 1812 1001 1831 unum
1015 1804 1045 1831 il-

255 1853 324 1885 lum,
336 1853 381 1888 qui
392 1861 482 1881 rerum
496 1853 618 1880 omnium
627 1858 722 1882 auctor
735 1858 787 1881 est.
804 1853 941 1881 Liberales
951 1858 1043 1880 autem

258 1899 319 1927 illas
331 1900 472 1936 bonasque
486 1899 610 1934 virtutes,
621 1902 694 1936 quod
710 1906 806 1928 natura
819 1908 867 1927 sua
878 1900 1042 1935 principium

257 1950 335 1973 ortus
347 1946 475 1979 habeant,
491 1951 572 1981 atque
586 1951 614 1974 ut
626 1947 706 1981 longo
726 1946 809 1973 Deum
830 1947 905 1973 illum
925 1951 951 1973 et
966 1951 1043 1973 ortus

254 1995 390 2026 expertem
415 1996 454 2022 οι,
472 1993 513 2020 sui
536 1993 705 2020 conditorem
728 1992 1041 2026 sequunturintervallo,

255 2037 295 2064 sic
307 2041 334 2064 ct
348 2038 383 2065 ab
400 2038 525 2073 improbo
539 2039 692 2067 daemonum
704 2046 802 2073 genere
817 2043 966 2073 segregata:
976 2038 1041 2071 sint,

255 2090 343 2118 neque
357 2084 423 2112 deos
451 2092 539 2119 neque
565 2085 703 2112 daemones
725 2085 859 2119 appellare
883 2085 1041 2116 voluerunt;

255 2129 312 2161 sed,
327 2130 399 2163 quod
413 2130 533 2157 medium
557 2131 703 2165 quemdam
729 2130 781 2157 illa:
796 2131 851 2157 sint
872 2130 954 2157 Deum
973 2131 1043 2157 inter

255 2181 287 2200 ac
309 2173 446 2202 daemones
465 2177 568 2203 sortitae
591 2176 724 2210 gradum,
752 2176 839 2203 media
856 2177 973 2210 quadatn
995 2184 1043 2204 cas

1099 256 1162 280 νων,
1179 248 1209 274 τὰ
1219 248 1247 274 δὲ
1265 248 1362 283 ἡρώων
1377 248 1514 285 τέταρτοψ
1542 249 1658 278 ἅπαντα.
1675 248 1722 283 si:
1734 248 1779 274 τοῦ
1796 248 1888 283 κρείτ-

1098 303 1173 326 τονος
1191 294 1264 326 ἰδέας
1289 294 1466 329 μετασχόντα.
1487 295 1524 329 rr‘q
1548 295 1596 330 μὲν
1614 294 1700 328 ἄγειν,
1724 294 1760 328 πὴ
1774 293 1802 319 δὲ
1825 294 1889 327 ἁγε-

1100 339 1171 371 σθαι,
1186 340 1233 366 καὶ
1245 339 1302 374 φῶς
1314 340 1385 366 ἅπαν
1404 339 1652 375 προσαγορεύεσθαι
1669 339 1698 365 τὸ
1714 339 1817 365 τοιόνδε
1830 347 1886 372 qur

1097 385 1142 417 τὸς
1157 387 1266 421 μετοχῇ.
1285 385 1365 412 Ἀλλὰ
1374 385 1420 412 καὶ
1426 385 1474 420 τῆς
1483 385 1527 411 τοῦ
1535 386 1654 421 χείρονος
1666 385 1757 416 οὐσίας
1765 384 1794 410 τὺ
1805 384 1888 411 κακὸν

1098 431 1222 466 ἡγεῖσθαί
1247 440 1323 466 φασι.
1342 431 1427 458 Τοῦτο
1445 432 1474 458 δε
1493 429 1563 458 εἷναι
1589 431 1731 467 μοχθηρῶν
1754 430 1887 465 δαιμόνων

1098 477 1184 511 γένος,
1199 477 1269 512 ψιλῷ
1292 478 1341 513 μὲν
1361 477 1485 513 οὐδαμῶς
1502 477 1640 513 χρώμενον
1662 475 1783 510 τάγαθῷ,
1806 475 1887 502 δύνα-

1100 523 1144 557 μίν
1159 531 1190 557 γε
1209 523 1262 558 μὴν
1287 524 1316 550 ὲν
1337 525 1370 559 τῇ
1381 523 1434 550 τῶν
1469 523 1595 550 ἐναντίων
1618 523 1697 557 φύσει
1720 521 1888 555 κεκτημένον

1099 570 1222 606 πρώτην.
1237 569 1362 606 καθάπερ
1381 570 1410 596 ἐν
1426 571 1483 601 τοῖς
1500 570 1652 605 κρείττοσιν
1667 569 1681 595 ὁ
1697 567 1772 599 Θεὸς·
1794 568 1848 594 πᾶν
1859 568 1887 594 δὲ

1098 616 1128 642 τδ
1148 616 1248 642 τοιόνδε
1269 616 1362 648 σκότος
1379 615 1640 652 προσαγορεύεσθαι.
1671 614 1763 642 Ταῦτα
1793 615 1888 642 τοῦτον

1098 661 1313 697 διαστειλάμενοι
1333 662 1379 688 τὸν
1401 662 1511 698 τρόπον,
1538 661 1607 693 θεοῖς
1636 661 1684 696 μὲν
1705 662 1817 698 οὐρανὸν
1840 661 1888 687 καὶ

1098 708 1143 734 τὸν
1169 708 1232 743 ἄχρι
1254 708 1368 744 σελήνης
1390 708 1486 745 αἰθέρα
1509 708 1590 742 φασὶν
1611 708 1803 743 ὑποτετάχθαι”
1831 707 1889 734 δαί-

1100 763 1162 789 μοσι
1173 754 1245 780 δὲτὰ
1256 753 1320 791 περὶ
1334 754 1447 789 σελήνην
1461 753 1508 780 καὶ
1521 754 1598 788 ἀέρα·
1616 753 1715 788 ψυχαῖς
1727 753 1758 780 δὲ
1773 753 1807 780 τὰ
1822 753 1886 788 περὶ

1099 800 1149 834 γῆν
1162 800 1207 826 καὶ
1221 800 1343 834 ὑπόγεια.
1364 800 1482 835 Τοιοὺτῳ
1496 800 1517 826 δ’
1541 799 1685 835 ἁφορισμῴ
1711 800 1885 835 κεχρημένοι,

1098 847 1205 881 πρῶτον
1219 846 1345 872 ἁπάντων
1362 846 1428 881 φασὶ
1440 847 1502 877 τοὺς
1514 846 1654 881 οὐρανίους
1674 846 1728 872 δεῖν
1750 847 1797 873 καὶ
1813 846 1888 873 αἰθε-

1099 892 1173 928 ρίους
1187 892 1264 922 θεοὺς
1281 891 1451 926 θεραπεύειν,
1470 891 1605 927 δεύτερον,
1620 893 1682 923 τοὺς
1694 892 1812 926 ἀγαθοὺς
1830 893 1888 920 δαί-

1099 946 1193 973 μονας,
1205 938 1307 973 τρίτον.
1322 937 1371 969 τὰς
1389 937 1443 963 τῶν
1456 937 1553 973 ἡρώων
1565 938 1663 972 ψυχὰς,
1681 938 1808 975 τέταρτον
1824 941 1887 971 τοὺς

1098 983 1214 1018 φαύλους
1243 984 1289 1010 καὶ
1315 984 1449 1019 πονηροὺς
1484 983 1724 1018 ἁπομειλίσσεσθαι
1747 985 1885 1020 δαίμονας.

1098 1029 1190 1056 Ταῦτα
1213 1029 1242 1055 δὲ
1266 1029 1340 1063 λόγῳ
1363 1029 1547 1063 διαιροῦντες,
1575 1029 1648 1064 ἔργῳ
1682 1030 1825 1065 συγχέουσι
1853 1031 1888 1058 τὰ

1097 1075 1196 1105 πάντα,
1214 1075 1297 1109 μόνας
1315 1075 1376 1100 ἀντὶ
1394 1074 1449 1100 τῶν
1469 1074 1620 1109 εἰρημένων
1640 1075 1748 1102 πάντων
1767 1076 1815 1107 τὰς
1839 1084 1887 1102 πο-

1096 1120 1181 1156 νηρὰς
1192 1120 1319 1156 δυνάμεις
1335 1120 1540 1154 θεραπεύοντες,
1554 1122 1599 1147 καὶ
1612 1120 1667 1147 ὅλοι
1679 1120 1788 1152 ταύταις
1804 1131 1888 1149 κατα-

1095 1165 1279 1200 δουλούμενοι,
1292 1166 1329 1197 ὡς
1346 1167 1360 1192 ὁ
1376 1166 1454 1200 λόγος
1471 1166 1572 1201 προῖὼν
1592 1166 1743 1200 ἀπελέγξει.
1767 1167 1886 1202 Πάρεστι

1096 1212 1161 1245 γοῦν
1178 1220 1219 1238 σοι
1232 1212 1281 1243 τὰς
1300 1212 1343 1238 διὰ
1358 1212 1412 1239 τῶν
1435 1212 1536 1244 ξοάνων
1558 1212 1719 1248 ἐνεργούσας
1745 1213 1884 1248 δυνάμεις,

1095 1258 1190 1290 ὁποίας
1204 1259 1273 1294 χρῆν
1287 1259 1494 1293 ἀποφαίνεσθαι,
1516 1261 1637 1290 σκοπεῖν,
1658 1260 1758 1295 πότερα
1776 1259 1855 1292 Θεοὺς
1868 1261 1884 1296 ἢ

1095 1305 1234 1340 δαίμονας,
1262 1306 1309 1331 καὶ
1331 1306 1386 1331 εἴτε
1406 1305 1533 1339 φαύλους,
1561 1305 1615 1332 εἴτε
1639 1305 1768 1339 ἀγαθοὺς,
1783 1306 1816 1333 ὲκ
1830 1306 1886 1332 τῶν

1096 1350 1370 1386 παρατεθησομένων.
1388 1351 1428 1377 Τὰ
1444 1352 1493 1386 μὲν
1514 1351 1568 1386 γὰρ
1591 1352 1655 1386 παρ’
1674 1352 1741 1386 ἡμῖν
1755 1351 1815 1378 θεῖα
1834 1352 1886 1378 Λό-

1095 1405 1142 1430 για
1155 1396 1208 1422 οὐδ’
1224 1396 1292 1428 ὅλως
1304 1397 1402 1430 ἀγαθὸν
1413 1395 1482 1423 οἶδεν
1496 1396 1638 1431 ὀνομάζειν
1647 1397 1771 1432 δαίμονα,
1782 1397 1885 1429 πάντας

1095 1442 1122 1468 δὲ
1141 1443 1274 1478 πονηροὺς
1290 1440 1358 1468 εἶναι
1378 1443 1440 1474 τοὺς
1458 1443 1508 1477 τῆς
1526 1442 1623 1475 λέξεως
1639 1442 1750 1478 ταύτης,
1775 1444 1822 1469 καὶ
1851 1443 1884 1478 δὴ

1095 1488 1142 1514 καὶ
1156 1488 1206 1523 τῆς
1223 1488 1408 1524 προσηγορίας
1433 1488 1637 1523 μετειληχότας,
1653 1488 1691 1520 ὡς
1712 1489 1767 1515 οὐδ’
1790 1489 1884 1524 ἕτερον

1095 1533 1161 1561 Θεδν
1174 1533 1282 1568 ἀληθῶς
1299 1535 1345 1560 καὶ
1365 1534 1476 1569 κυρίως,
1498 1534 1567 1569 πλὴν
1585 1534 1634 1561 ἕνα
1650 1534 1704 1560 τῶν
1720 1535 1825 1561 πάντων
1840 1534 1883 1561 αἵ-

1095 1587 1162 1606 τιον·
1182 1579 1231 1612 τὰς
1248 1579 1276 1606 δὲ
1292 1580 1403 1611 ἀστείας
1427 1581 1474 1606 καὶ
1492 1580 1596 1614 ἀγαθὰς
1616 1580 1753 1615 δυνάμεις,
1789 1588 1817 1606 τε
1833 1580 1884 1615 τὴν

1095 1625 1176 1659 φύσιν
1190 1626 1307 1661 γενητὰς
1323 1625 1416 1658 οὔσας,
1442 1627 1488 1652 καὶ
1506 1626 1595 1661 πολλῷ
1620 1626 1664 1652 τὸν
1675 1626 1822 1660 ἀγέννητον
1836 1626 1883 1652 καὶ

1097 1671 1172 1706 σφῶν
1191 1671 1280 1698 αὐτῶν
1303 1672 1418 1707 ποιητὴν
1439 1672 1505 1698 Θεὸν
1526 1672 1742 1707 ἁςρυστερούσας,
1767 1671 1797 1698 οὗ
1829 1670 1884 1706 μὴν

1095 1717 1163 1744 ἀλλὰ
1181 1718 1229 1744 καὶ
1247 1717 1293 1744 τοῦ
1311 1716 1366 1744 τῶν
1386 1717 1520 1753 δαιμόνων
1538 1717 1674 1753 μοχθηροῦ
1693 1718 1787 1752 γένους
1810 1717 1884 1752 ἀφω-

1097 1762 1238 1799 ρισμένας,
1255 1763 1317 1789 οὗτε
1327 1762 1467 1795 θεοὺς,οὖτ
1495 1763 1624 1798 δαίμονας
1640 1763 1786 1790 ἀποκαλεῖν
1800 1762 1882 1795 dite?

1097 1810 1181 1845 μέσας
1200 1809 1229 1836 δὲ
1249 1809 1331 1841 οὔσας
1347 1809 1413 1836 Θεοῦ
1440 1811 1486 1837 καὶ
1506 1810 1650 1845 δαιμόνων,
1677 1810 1813 1845 εὐθυὸόλῳ
1835 1811 1883 1837 καὶ

1096 1856 1166 1893 μέσῃ
1190 1856 1379 1892 προσηγορίᾳ,
1404 1857 1535 1890 ἀγγέλους
1563 1857 1630 1883 Θεοῦ
1661 1857 1708 1883 καὶ
1741 1857 1883 1891 πνεύματα

1094 1894 1277 1937 λειτουργικὰ,
1293 1902 1421 1937 δυνάμεις
1434 1911 1462 1929 τε
1477 1902 1552 1934 θείας
1566 1903 1612 1930 καὶ
1624 1903 1817 1939 ἀρχαγγέλους,
1834 1903 1882 1928 καί

1094 1956 1164 1973 τισιν
1184 1947 1278 1979 ἄλλαις
1297 1949 1466 1983 ἐπωνυμίαις
1488 1948 1655 1983 ’,ςερωνύμως
1673 1950 1728 1979 τοῖς
1742 1947 1875 1980 ἐπιτηδεύ-

1096 2002 1175 2028 μασιν
1187 1994 1277 2020 αὐτῶν
1289 1994 1430 2030 ὀνομάζειν
1443 1994 1531 2021 sibi)?
1549 1995 1611 2025 τοὺς
1625 1994 1652 2021 δὲ
1666 1994 1794 2029 δαίμονας
1803 1994 1838 2029 (εἰ
1848 1993 1880 2028 δὴ

1094 2040 1141 2066 καὶ
1155 2040 1257 2066 τούτων
1266 2041 1338 2076 ἡμᾶς
1348 2041 1479 2076 προσήκει
1493 2041 1541 2075 τὴν
1556 2040 1731 2075 ἐτυμολογίαν
1742 2040 1880 2073 ἐξειπεῖν’)

1093 2088 1142 2123 οὐχ
1157 2085 1228 2124 ᾗπερ
1245 2089 1357 2123 Ἕλλησι
1371 2089 1454 2120 δοκεῖ,
1469 2089 1543 2125 παρὰ
1559 2089 1590 2115 τὸ
1599 2089 1736 2123 δαήμονας
1750 2086 1819 2115 εἶναι
1833 2089 1881 2115 καὶ

1093 2134 1289 2169 ἐπιστήμονας,
1307 2134 1364 2161 ἀλλ’
1386 2135 1402 2169 ἢ
1422 2135 1496 2170 παρὰ
1516 2135 1546 2160 τὸ
1566 2134 1725 2169 δειμαίνειν,
1744 2135 1812 2169 ὅπερ
1823 2135 1881 2160 ἐστὶ

1095 2180 1235 2215 φοϐεῖσθαι
1251 2180 1299 2206 καὶ
1320 2180 1456 2215 ἐκφοϐεῖν,
1480 2180 1609 2215 δαίμονάς
1635 2189 1712 2211 τινας
1734 2180 1880 2215 προσφυῶς

254 2219 451 2255 nptissimaque
462 2222 649 2257 appellatione,
662 2222 742 2249 modo
758 2223 868 2258 angelos
882 2222 928 2250 Dei
941 2231 973 2250 ac
987 2225 1042 2258 spi-

1096 2226 1283 2261 όνομὰζεσθαι·
1298 2227 1347 2258 τάς
1357 2226 1388 2260 γέ
1409 2235 1450 2252 τοι
1466 2226 1541 2257 θείας
1557 2226 1603 2252 καὶ
1618 2225 1722 2260 ἀγαθὰς
1741 2226 1879 2260 δυνάμεις,

253 2268 322 2294 titus
338 2267 527 2299 administros,
553 2269 633 2296 modo
655 2274 769 2296 virtutes
785 2269 892 2297 divinas
903 2277 984 2304 atque
997 2278 1042 2296 ar-

251 2314 407 2348 changelos,
424 2315 505 2342 modo
518 2314 579 2342 aliis
593 2315 726 2350 ejusmodi
747 2315 902 2342 nominibus
917 2323 978 2342 cum
993 2324 1039 2342 va—

251 2359 300 2386 riis
309 2367 404 2387 carum
415 2359 512 2388 olliciis
522 2369 588 2388 voce
601 2362 658 2396 ipsa
671 2362 868 2389 cohaerentibus
883 2369 1040 2396 nuncupare

254 2411 464 2434 consueverunt.
481 2407 623 2435 Daemones
650 2416 715 2435 vero
730 2408 802 2442 quod
820 2409 926 2439 attinet,
943 2408 975 2442 (si
997 2413 1039 2435 la-

252 2458 312 2477 men
327 2451 424 2480 horum
441 2453 522 2480 etiam
540 2453 658 2481 nominis
671 2458 794 2488 oporteat
814 2453 979 2481 notationem
991 2462 1039 2481 ex-

1092 2272 1186 2308 ὦσπερ
1201 2271 1248 2299 οὖν
1264 2272 1310 2299 τοῦ
1326 2272 1438 2308 τρόπου,
1454 2273 1552 2298 οὑτωσὶ
1570 2272 1598 2298 δὲ
1617 2272 1723 2306 καὶτῆς
1743 2279 1880 2306 προσηγο-

1093 2318 1154 2355 ρίας
1171 2319 1221 2354 τῆς
1240 2319 1400 2354 δαιμονικῆς
1423 2319 1564 2355 ἀλλοτρίας
1585 2318 1738 2353 τυγχάνειν·
1755 2317 1816 2344 ἐπεὶ
1833 2318 1880 2344 καὶ

1092 2365 1200 2391 πάντων
1213 2365 1246 2392 ἂν
1259 2365 1301 2399 εἴη
1316 2364 1554 2400 παραλογώτατον,
1575 2365 1623 2396 τὰς
1638 2365 1706 2400 μήτε
1717 2364 1765 2399 τὴν
1782 2364 1880 2399 προαί-

1092 2419 1176 2445 ρεσιν,
1195 2411 1263 2446 μήτε
1278 2411 1328 2446 τὴν
1353 2412 1385 2437 ὲκ
1405 2410 1450 2437 τοῦ
1467 2410 1566 2446 τρόπου
1585 2410 1665 2445 φύσιν
1688 2409 1794 2446 ὁμοίας,
1815 2410 1880 2445 μιᾶς

1092 2456 1139 2482 καὶ
1153 2456 1203 2491 τῆς
1219 2457 1304 2492 αὐτῆς
1323 2457 1481 2492 ἐπωνυμίας
1494 2457 1596 2490 ἀξιοῦν.

251 2495 432 2531 plicare,)non
443 2499 511 2533 jam,
527 2504 557 2526 ut
570 2499 671 2528 Graecis
686 2500 784 2535 placet,
801 2499 875 2535 παρὰ
890 2500 920 2526 τὸ
929 2500 1045 2535 δαήμονα

1096 2499 1160 2534 ἶναι,
1177 2503 1249 2537 quod
1263 2503 1425 2530 scicnlcsilli
1439 2504 1504 2535 sint,
1515 2503 1562 2531 sed
1575 2503 1650 2538 παρὰ
1670 2502 1701 2528 τδ
1719 2499 1881 2537 δειμαίνειν,

251 2541 302 2569 hoc
318 2548 371 2573 est.
385 2545 457 2579 quod
472 2545 585 2573 timeant
599 2546 682 2574 simul
694 2555 726 2574 ac
740 2551 870 2579 terreant,
886 2547 1040 2573 dwmonum
1054 2547 1104 2582 ipsi
1125 2555 1235 2582 nomen,
1247 2550 1320 2583 quod
1338 2558 1416 2578 suam
1433 2550 1459 2577 in
1486 2554 1610 2577 naturam
1632 2550 1699 2577 belle
1709 2548 1884 2579 conveniret,

250 2587 412 2616 habuerunt.
430 2589 496 2618 Nam
514 2592 620 2620 divinas
637 2593 730 2628 utiquc
746 2593 886 2627 bonasque
909 2594 1033 2625 virtutes,
1054 2599 1084 2620 ut
1095 2595 1228 2628 moribus,
1249 2596 1289 2623 sic
1311 2597 1392 2623 etiam
1407 2597 1518 2624 nomine
1543 2597 1679 2632 sejunctas
1705 2603 1720 2622 a
1746 2595 1881 2622 dmmoni-

247 2634 300 2662 itus
322 2643 382 2663 eSSe
401 2637 506 2671 decuit;
529 2638 677 2667 absurdum
694 2640 766 2667 enim
785 2647 867 2674 supra
887 2638 997 2666 modum
1012 2640 1038 2666 id
1058 2639 1170 2672 fuisset,
1186 2649 1247 2676 qua:
1266 2641 1339 2668 nulla
1365 2649 1426 2668 cum
1454 2641 1487 2669 iis
1518 2649 1604 2675 neque
1627 2640 1755 2673 instituti,
1788 2648 1879 2674 neque

250 2688 356 2708 morum
377 2682 554 2711 similitudine
575 2685 726 2720 conjuncta:
741 2689 843 2719 essent,
862 2685 923 2712 illas
943 2689 1034 2713 tamen
1056 2686 1136 2713 unius
1153 2686 1331 2721 ejusdemque
1347 2694 1408 2714 cum
1423 2686 1491 2721 ipsis
1508 2686 1625 2714 nominis
1651 2685 1781 2714 sacietate
1810 2692 1878 2712 con-

247 2726 335 2762 jungL
