2060 3213
257 179 310 207 235

577 177 712 206 lZUSEBll
726 177 968 205 CxESARlENSlS
991 176 1066 204 Ol'P.
1086 176 1176 202 PARS
1195 175 1225 203 ll.
1242 191 1276 195 —
1295 175 1547 204 APOLOGETICA.

1831 173 1886 200 ἓῧῦ

257 239 345 267 Acriis
361 242 451 265 autem
466 238 624 265 numinibus
644 238 824 265 innnolandas
841 238 974 268 volucres,
1001 242 1043 263 to-

1097 236 1158 268 Τοῖς
1172 236 1200 262 δὲ
1217 236 1319 272 ἀερίοις
1337 236 1425 271 πτηνὰ
1447 236 1520 263 θύειν
1544 234 1757 271 παρακελεύεται
1775 233 1886 260 ὁλοκαυ-

257 290 354 320 tasque
371 284 488 311 flammis
512 283 735 315 eoneremandas,
761 291 910 318 earumque
936 282 1047 318 sangui-

256 339 318 359 nem
335 331 437 358 circum
460 330 545 356 altare
563 329 728 356 fundendum
746 337 806 356 esse
825 335 932 361 tnnnet;
948 334 975 355 at
991 337 1048 355 ma-

256 378 334 407 rinis,
352 377 477 402 volucres
488 375 608 410 quidem,
624 375 670 402 sed
684 383 744 410 quae
760 380 819 402 atro
836 376 926 402 colore
939 376 1003 405 sint.
1016 383 1047 402 ac

256 423 360 450 inedios
369 423 394 449 in
407 423 578 449 llnctusviva:
593 422 682 448 adhuc
693 422 882 457 spirantCSque
895 422 1047 457 porriciun-

255 475 314 502 tur;
334 470 373 496 sic
386 470 457 495 enim
477 469 532 495 ait:

257 515 384 542 Omnibus
401 515 470 541 hisce
486 515 541 541 duis
560 514 683 547 volucris,
698 515 743 541 sed
759 515 835 550 nigra
853 514 974 542 marinis.

252 589 309 616 hiis
322 587 432 622 quidem
451 592 589 625 omnibus,
617 593 638 619 si
654 596 796 620 terrestres
819 592 950 626 excipias,
970 592 1046 619 volu-

253 646 315 666 cres
330 639 483 673 assignans,
507 639 627 673 solisque
645 639 757 666 marinis
776 638 854 673 1&7
879 643 968 673 atras;
995 646 1047 666 eae-

255 684 320 711 teris
346 684 429 719 igitur
453 685 593 712 candidas.
621 684 679 710 Jam
704 692 767 711 vero
791 684 950 710 etelestibus
964 684 1047 710 athe-

255 730 359 764 riisque
386 731 546 758 numinibus
569 738 692 757 summas
714 730 848 756 duntaxat
868 729 1044 756 eandidarum

253 777 427 804 victimarum
455 781 546 811 partes
567 776 770 803 consecrandus
783 798 789 809 ,
821 776 893 810 quod
912 781 1045 810 superest,

254 823 450 851 comedendum
467 831 527 850 esse
538 823 635 850 docet:
652 822 703 850 hoc
712 822 783 849 enim
797 830 829 849 ex
847 822 906 849 solo
924 822 1047 849 victima-

254 878 314 897 rum
341 877 439 906 genere
463 869 536 896 vesci
557 868 597 896 fas
621 869 668 896 tibi
691 876 762 900 esse,
781 876 834 895 non
852 876 884 895 ex
898 868 960 894 alio.
985 868 1046 895 Cae—

254 919 355 946 terum,
371 922 440 948 quos
468 914 494 941 in
513 914 571 948 ipsa
588 913 722 941 divisione
751 913 855 940 caelites
880 913 1045 944 nominarat,

255 961 367 988 eosdem
386 961 430 987 hic
452 965 565 988 astrmos
587 964 675 987 vocat.
703 959 805 994 Ecquid
832 967 912 989 porro
934 967 1045 986 necesse

254 1005 337 1033 fuerit
370 1005 568 1032 sacriﬁciorum
599 1005 713 1032 istorum
748 1005 870 1040 symbola
899 1005 1043 1039 explicare,

254 1051 380 1086 prudenti
409 1052 511 1078 homini
537 1051 603 1078 satis
624 1059 670 1085 per
698 1059 758 1078 sese
781 1050 868 1079 nuta?
899 1049 1044 1077 Enimvero

253 1098 444 1134 quadrupedes
457 1098 567 1133 quidem
593 1105 686 1132 eaeque
710 1102 854 1124 terrestres
878 1096 931 1124 diis
961 1100 1044 1123 terre-

253 1145 356 1172 atrihus
374 1145 569 1177 immolantur;
587 1144 669 1172 simili
688 1144 761 1171 enim
775 1144 863 1171 simile
877 1143 1041 1171 delectatur:

252 1197 336 1225 {eccs
356 1195 448 1217 autem
465 1197 533 1216 sane
559 1193 687 1217 terrestre
708 1194 760 1223 est,
775 1195 862 1224 eoque
872 1189 964 1218 Cereri
987 1191 1044 1224 pla-

251 1241 306 1267 cet,
323 1239 406 1270 atque
428 1236 454 1262 in
468 1236 537 1263 coelo
553 1235 662 1270 frugum
681 1235 802 1270 ipsarum
822 1243 854 1262 ex
866 1239 944 1263 terra:
957 1235 1043 1263 visee-

250 1281 329 1309 ribus
347 1281 518 1308 eductionem
537 1289 589 1308 una
616 1289 678 1308 cum
699 1281 756 1308 sole
787 1281 912 1316 parturil.
936 1280 1042 1308 Eaedem

252 1327 322 1362 nigri
338 1327 439 1354 coloris
459 1334 519 1354 esse
548 1327 659 1359 debent,
677 1327 749 1361 quod
775 1331 845 1353 terra
872 1331 967 1353 natura
993 1334 1041 1354 sua

251 1374 368 1401 obseura
390 1374 441 1406 sit;
468 1381 582 1400 numero
600 1378 664 1405 tres,
684 1374 756 1407 quod
782 1374 919 1400 ternarius
942 1381 1040 1407 corpo-

251 1426 324 1446 ream
341 1425 532 1454 terrenamque
547 1423 673 1446 naturam
696 1423 880 1453 repratsentet.
900 1418 959 1445 Jam
987 1424 1042 1445 ter-

252 1465 386 1493 restribus
404 1465 513 1500 quidem
527 1473 648 1497 sursum,
671 1465 723 1493 hoc
737 1469 790 1498 est,
809 1465 941 1492 altaribus
956 1465 1042 1500 impo-

251 1513 310 1540 sita:
327 1511 423 1539 hostia:
451 1516 615 1543 mactantur,
640 1512 715 1546 quod
741 1511 757 1538 ii
774 1519 856 1545 supra
874 1515 975 1538 terram
993 1512 1040 1538 de—

253 1566 314 1593 gere
327 1560 538 1590 consueverint;
554 1557 741 1584 subterraneis
766 1562 869 1588 autem,
900 1557 925 1583 in
952 1556 1040 1584 foveis

251 1610 283 1630 ac
299 1603 441 1637 sepulcris,
469 1603 514 1629 ubi
547 1603 715 1629 volutantur.
740 1603 775 1629 At
801 1610 866 1630 vero
879 1602 1039 1629 numinibus

252 1649 365 1683 reliquis
379 1669 386 1681 ,
398 1648 468 1683 quod
483 1648 574 1675 omnia
599 1653 730 1682 perpetuo
751 1647 874 1675 ferantur
884 1657 977 1681 cursu,
994 1657 1042 1676 vo-
1064 1660 1069 1664 -

253 1695 341 1725 lucres
357 1694 535 1721 immolantur
551 1703 557 1721 :
574 1702 637 1721 nam
650 1694 755 1721 marina
771 1695 881 1729 quidem
895 1703 966 1730 aqua
993 1703 1043 1723 nec

251 1745 356 1768 motum
372 1747 490 1774 unquam
508 1740 672 1774 intermittit,
694 1744 721 1767 et
738 1740 846 1777 nigrum
871 1741 903 1768 ad
923 1741 1041 1768 colorem

252 1786 366 1817 accedit,
387 1793 443 1820 quo
462 1786 505 1818 lit,
535 1790 564 1812 ut
587 1786 647 1820 ejus
661 1787 772 1813 mnnina
799 1787 903 1814 similes
926 1788 1044 1816 victima:

1097 282 1220 314 τοῦντας,
1245 282 1292 309 καὶ
1307 283 1337 309 τὸ
1351 279 1420 318 αἷμα
1435 283 1482 308 ἐπὶ
1497 281 1552 309 τῷν
1572 281 1671 317 βωμῶν
1688 281 1867 317 περιάγοντας
1878 289 1884 295 ·

1095 329 1151 360 τοῖς
1167 328 1195 354 δὲ
1211 328 1375 359 θαλασσίοις,
1393 328 1482 364 πτηνὰ
1497 328 1557 363 μὲν,
1576 327 1664 359 ζῶντα
1680 326 1708 353 δὲ
1723 326 1831 360 ἀφιέναι
1845 327 1885 358 εἰς

1096 374 1129 401 τὰ
1145 374 1264 410 κύματα,
1290 375 1391 410 μέλανα
1407 375 1456 410 τὴν
1476 375 1558 410 χρόαν
1574 374 1649 400 ὄντα.
1674 373 1742 409 Φησὶ
1761 371 1830 408 γάρ’

1099 509 1163 541 Τοῖς
1185 508 1219 534 δὲ
1240 508 1294 544 (54)
1315 507 1394 540 θεοῖς
1416 507 1452 533 τὰ
1471 506 1601 539 πετεινὰ,
1628 505 1827 575 θιῖλσίῖσαξρις
1851 505 1885 531 δὲ

1667 550 1711 568 κε.
1723 549 1771 567 um
1794 561 1800 567 .

1667 549 1800 568 κενιαινα.

1099 587 1168 614 Πᾶσι
1190 589 1239 625 μὲν
1264 589 1351 624 λέγων
1376 590 1432 621 τοῖς
1459 588 1530 621 θεοῖς
1550 589 1618 624 πλὴν
1641 588 1695 614 τῶν
1718 587 1831 623 χθονίων
1852 586 1886 613 τὰ

1096 636 1217 668 πετεινὰ,
1249 637 1338 672 μόνοις
1369 636 1397 662 δὲ
1423 637 1479 667 τοῖς
1506 635 1660 667 θαλασσίοις
1687 634 1722 660 τὰ
1752 633 1882 660 κελαινὰ·

1096 681 1193 708 οὐκοῦν
1219 684 1274 714 τοῖς
1300 681 1390 713 ἄλλοις
1417 681 1511 708 λευκά.
1540 682 1602 711 Τοῖς
1628 680 1762 717 οὖρανίοις
1790 680 1818 706 δὲ
1839 679 1886 706 καὶ

1097 729 1226 764 αἰθερίοις
1264 729 1297 755 τὰ
1329 729 1401 764 ἄκρα
1431 728 1483 755 τῶν
1521 727 1625 764 ἱερείων
1664 726 1768 754 λευκῶν
1800 727 1886 753 ὄντων

1095 775 1235 810 ἁφιεροῦν,
1255 774 1289 801 τὰ
1305 775 1333 801 δὲ
1348 774 1430 801 λοιπά
1451 775 1522 810 μέρη
1544 774 1655 800 ἐσθίειν·
1676 774 1708 799 ἐκ
1725 773 1812 808 μόνων
1833 772 1886 807 γὰρ

1096 821 1198 848 τούτων
1222 821 1339 857 βρωτέον
1363 829 1414 852 σοι,
1440 821 1472 847 ἐκ
1490 820 1519 847 δὲ
1543 821 1596 847 τῶν
1614 820 1700 846 ἄλλων
1724 819 1772 854 μή.
1790 818 1844 850 Οὖς
1857 819 1886 845 δὲ

1097 868 1206 903 εἴρηκεν
1222 868 1251 893 ὲν
1268 868 1301 902 τῇ
1317 867 1450 903 διαιρέσει
1467 865 1619 902 οὐρανίους,
1636 865 1747 897 τούτους
1766 864 1885 891 ἐνταῦθα

1062 914 1082 941 Β
1097 913 1251 949 ἁστραίους.
1272 911 1334 949 ’Δρ”
1347 912 1393 940 οὖν
1407 913 1498 948 δεήσει
1512 911 1696 948 ἐξηγήσασθαι
1714 910 1767 938 τῶν
1787 911 1886 937 θυσιῶν

1095 958 1128 986 τὰ
1143 959 1263 994 σύμϐολα
1276 959 1314 994 τῷ
1332 959 1468 993 εὑσονέτῳ
1483 958 1566 993 δῆλα;
1587 958 1747 993 Τετράποδα
1765 957 1813 992 μὲν
1828 956 1885 992 γὰρ

1094 1006 1150 1036 τοῖς
1165 1004 1279 1040 χθονίαις
1300 1005 1347 1031 καὶ
1367 1006 1496 1040 χερσαῖα·
1519 1003 1558 1039 τῷ
1575 1004 1628 1039 γὰρ
1647 1004 1732 1038 ὁμοίῳ
1753 1003 1841 1038 χαίρει
1856 1002 1887 1029 τὸ

1094 1053 1186 1087 ὅμοιον
1197 1059 1203 1066 ·
1220 1051 1325 1086 χθόνιον
1335 1051 1363 1077 δὲ
1380 1051 1410 1077 τὸ
1424 1050 1568 1086 πρόϐατον,
1583 1051 1630 1077 καὶ
1642 1050 1686 1077 διὰ
1698 1049 1776 1078 τοῦτο
1793 1050 1829 1085 Δή
1834 1058 1886 1085 μη-

1094 1107 1138 1134 τρι
1158 1098 1244 1133 φίλον,
1265 1098 1313 1124 καὶ
1329 1098 1358 1124 ὲν
1373 1097 1481 1133 οὐρανῷ
1498 1097 1548 1133 τὴν
1562 1097 1693 1132 ἐκφανσιν
1714 1098 1746 1123 ὲκ
1762 1096 1812 1131 τῆς
1834 1096 1887 1131 γῆς

1094 1144 1149 1171 τῶν
1173 1143 1288 1180 καρπῆν
1313 1144 1370 1179 μεθ’
1387 1143 1464 1179 ἡλίου
1484 1142 1606 1178 λοχεύει·
1639 1143 1742 1176 μέλανα
1763 1141 1818 1178 (55)
1839 1142 1884 1168 δέ·

1093 1189 1205 1225 τοιαύτη
1221 1189 1275 1226 γὰρ
1289 1192 1305 1224 ἡ
1323 1189 1358 1225 γῆ
1375 1190 1456 1224 φύσει
1478 1190 1602 1225 σκοτεινή
1615 1198 1621 1204 ·
1634 1190 1697 1225 τρία
1708 1189 1751 1216 δέ·
1768 1188 1815 1215 τοῦ
1831 1187 1885 1223 γὰρ

1096 1235 1252 1272 σωματικοῦ
1272 1236 1319 1262 καὶ
1337 1235 1454 1270 γεώδους
1466 1235 1500 1262 τὰ
1519 1236 1582 1271 τρία
1598 1235 1718 1271 σύμϐολα
1736 1235 1801 1270 (36).
1822 1236 1885 1266 Τοῖς

1096 1283 1144 1317 μὲν
1159 1280 1206 1309 οὖν
1232 1281 1394 1317 ἐπιχθονίοις
1415 1282 1471 1308 ἄνω
1489 1282 1534 1307 ἐπὶ
1553 1281 1643 1316 βωμὸν
1659 1282 1700 1308 δεῖ
1716 1280 1811 1308 Θῦσαι·
1837 1281 1884 1307 ἐπὶ

1093 1328 1147 1364 γὰρ
1159 1328 1209 1363 τῆς
1224 1328 1276 1363 γῆς
1299 1327 1513 1363 ἀναστρέφονται
1536 1323 1608 1354 οὗτοι
1621 1335 1628 1343 ·
1649 1328 1705 1358 τοῖς
1724 1326 1745 1353 δ’
1768 1325 1884 1361 ὑποχθο-

1093 1374 1159 1404 νίοις
1173 1374 1201 1400 ὲν
1226 1373 1315 1409 βόθρῳ
1331 1374 1378 1400 καὶ
1398 1374 1427 1399 ὲν
1450 1374 1533 1408 ταφῇ,
1554 1372 1618 1399 ἔνθα
1639 1371 1826 1407 διατρίϐουσι·
1851 1371 1886 1397 τὶι

1093 1420 1181 1454 πτηνὰ
1204 1419 1232 1446 δὲ
1255 1421 1312 1451 τοῖς
1328 1419 1430 1452 ἄλλοις,
1455 1421 1495 1446 ὅτι
1519 1419 1607 1446 πάντα
1631 1419 1690 1445 θεῖ·
1708 1419 1754 1445 καὶ
1776 1418 1831 1454 γὰρ
1854 1422 1885 1444 τ’)

1093 1465 1164 1501 ὕδωρ
1178 1466 1332 1501 ἀεικίνητον
1349 1467 1397 1502 τῆς
1410 1466 1558 1501 θαλάσσης,
1575 1466 1658 1501 μέλαν
1673 1465 1701 1492 δέ
1711 1474 1717 1480 ·
1731 1465 1771 1492 διὸ
1787 1464 1833 1491 καὶ
1849 1463 1884 1490 τὰ

1092 1511 1205 1539 τοιαῦτα
1236 1514 1322 1548 ἱερεῖα
1348 1512 1501 1548 πρόσφορα·
1525 1513 1583 1544 τοῖς
1606 1511 1634 1538 δὲ
1657 1512 1761 1547 ἀερίοις
1788 1510 1882 1537 λευκά·

1093 1557 1260 1593 πεφώτισται
1281 1558 1335 1594 γὰρ
1356 1559 1403 1584 καί
1425 1558 1438 1584 ὁ
1460 1558 1514 1594 ἀὴρ
1537 1558 1644 1592 φύσεως
1657 1556 1696 1583 ὦν
1718 1555 1882 1591 διαφανοῦς·

1092 1604 1228 1639 οὐρανίοις
1243 1604 1272 1630 δὲ
1292 1605 1338 1631 καὶ
1355 1604 1486 1640 αἰθερίοις
1502 1604 1536 1630 τὰ
1553 1605 1599 1630 ἐπὶ
1617 1604 1669 1630 τῶν
1691 1603 1767 1636 ζώων
1784 1603 1884 1637 κουφὸ-

1093 1659 1170 1686 τερα,
1198 1651 1269 1686 ἅπερ
1298 1651 1371 1678 ἐστὶν
1396 1651 1479 1686 ἄκρα,
1501 1648 1541 1682 οἷς
1566 1651 1703 1677 κοινωνεῖν
1725 1650 1774 1685 τῆς
1790 1650 1883 1681 θυσίας

1093 1697 1134 1724 δεῖ
1144 1706 1150 1712 ·
1167 1698 1279 1734 δοτῆρες
1297 1699 1350 1734 γὰρ
1365 1696 1437 1725 οὗτοι
1451 1698 1577 1733 ἀγαθῶν·
1594 1700 1618 1725 οἱ
1633 1699 1661 1725 δὲ
1676 1698 1751 1725 ἄλλοι
1762 1699 1816 1725 τῶν
1832 1707 1882 1725 λα-

1095 1743 1150 1769 κῶν
1170 1743 1334 1781 κωλυτῆρες.
1357 1755 1365 1770 ι
1385 1745 1503 1771 Τοιαῦτα
1521 1745 1569 1780 μὲν
1585 1745 1619 1772 τᾶι
1639 1745 1693 1771 ἀπὸ
1714 1745 1764 1780 τῆς
1781 1743 1815 1770 ἐκ
1827 1745 1879 1768 λυ-

1093 1787 1164 1821 γίων
1173 1789 1354 1823 Φιίοσνφιάς
1360 1790 1406 1817 τοῦ
1413 1790 1569 1827 θαυμαστοῦ
1585 1789 1725 1825 θεοσόφον.

251 1833 364 1860 deceant
381 1833 473 1860 :aeria
492 1841 567 1866 vero,
596 1833 728 1864 candidze.
744 1835 816 1869 quod
843 1843 889 1862 aer
909 1836 1050 1870 pellucidae
1071 1841 1175 1864 natura:
1207 1845 1269 1864 cum
1288 1838 1333 1870 sit,
1364 1838 1467 1866 lumine
1491 1839 1570 1867 facile
1598 1839 1784 1876 perfundatur.
1810 1838 1883 1865 Prat-

252 1886 320 1909 terca
336 1882 491 1909 caelestibus
514 1883 690 1918 aitheriisquc
711 1883 764 1910 diis
789 1891 904 1911 summae
928 1885 1108 1912 animantium
1137 1890 1238 1920 partes,
1268 1891 1360 1921 utpote
1382 1887 1504 1914 omnium
1530 1888 1675 1915 levissima:
1710 1887 1877 1917 oﬂ‘eruntur;

250 1934 278 1956 et
293 1937 355 1971 eum
374 1929 407 1956 iis
423 1929 450 1956 iu
478 1930 605 1957 sacrificii
624 1930 782 1957 societatem
815 1932 941 1959 homines
973 1939 1117 1965 vocantur,
1142 1934 1213 1968 quod
1233 1934 1283 1969 ipsi
1301 1934 1435 1961 bonorum
1465 1940 1591 1963 auctores
1624 1937 1688 1966 sint.
1715 1936 1810 1969 reliqui
1835 1935 1880 1961 tit"

251 1977 376 2012 ptlsores
414 1977 560 2006 malorum.
581 1988 590 2004 ›
615 1977 752 2007 Hactenus
781 1980 906 2014 egregius
932 1981 1029 2008 divinw
1058 1982 1198 2017 sapientia:
1218 1987 1319 2018 mystes
1338 1983 1363 2010 in
1386 1983 1418 2010 iis
1441 1991 1502 2018 quae
1522 1984 1558 2010 De
1583 1979 1749 2007 ονιιειιιιιηιηι
1763 1979 1880 2014 Phila-£0-

253 2027 314 2059 p/n'a
334 2026 456 2062 scripsit.

560 2072 675 2101 CAPUT
699 2073 731 2100 Χ.

252 2129 320 2156 Deos
334 2137 385 2156 non
402 2137 467 2164 esse,
489 2134 616 2166 quotquot
645 2131 802 2157 animalium
827 2132 969 2166 sacriﬁciis
997 2133 1043 2160 de-

577 2165 717 2192 luctantur.

287 2221 364 2249 Nunc
380 2226 483 2253 autem,
504 2230 563 2257 qu:e
581 2223 650 2249 idem
670 2223 751 2250 habet
786 2223 812 2250 in
829 2232 879 2251 suo
909 2224 946 2251 De
957 2224 1041 2251 absti-

252 2268 341 2295 nentia
358 2276 373 2294 a
389 2268 465 2294 rebus
490 2268 616 2295 animatis
629 2276 721 2303 opere,
737 2277 799 2296 cum
823 2269 957 2304 superiori
977 2277 1040 2297 ora»

252 2314 325 2341 tione
342 2313 491 2341 committe.
503 2313 540 2340 Ibi
557 2314 630 2340 enim
656 2319 730 2341 recto
755 2315 836 2349 plane
852 2323 974 2350 salthue
995 2315 1042 2342 ad-

252 2360 350 2387 ductus
365 2359 491 2392 consilio,
515 2367 566 2387 nec
591 2359 675 2386 Deum
693 2365 898 2394 praepotentem,
923 2369 973 2388 nec
998 2369 1041 2389 se—

252 2406 356 2433 cundas
380 2406 415 2433 ab
442 2413 475 2432 eo
499 2406 626 2433 ewlestes
645 2406 806 2440 divinasqne
835 2407 957 2439 virtutes,
986 2407 1042 2435 ullo

253 2460 365 2486 prorsus
379 2456 427 2479 aut
446 2452 552 2479 sullitus
581 2456 628 2479 aut
655 2452 780 2479 sacriﬁcii
797 2461 896 2486 genere
914 2454 1042 2481 colendas

253 2506 323 2529 esse,
342 2498 468 2526 universe
494 2503 557 2526 ante
571 2499 661 2526 omnia
689 2500 840 2534 profitetur.
861 2499 962 2527 Deinde
980 2509 1043 2535 pro-

253 2552 366 2578 gressus
389 2544 513 2576 ulterius,
538 2545 609 2579 vulgi
626 2546 768 2580 opiniones
797 2546 833 2573 ita
855 2545 953 2573 refellit
966 2554 1044 2574 ever-

254 2589 350 2624 titque,
368 2593 395 2615 ut
414 2597 462 2616 eos
477 2597 528 2624 pro
542 2590 594 2617 diis
608 2591 747 2618 habendos
774 2599 835 2618 esse
857 2595 946 2626 neget,
960 2596 1041 2626 quot-

253 2640 320 2670 quot
333 2635 493 2662 animalinm
520 2637 664 2664 sacritieiis
678 2637 846 2664 delectentur
860 2646 866 2663 :
889 2646 952 2664 cum
970 2638 1041 2664 enim

254 2684 374 2706 mactare
396 2679 476 2715 148
494 2680 656 2713 animantia,
683 2689 724 2708 res
741 2682 908 2709 sitomnium
925 2682 1042 2716 iniquis-

291 2790 347 2823 (51)
374 2790 436 2824 Τοῖς
451 2790 494 2818 δέ.
516 2790 605 2817 Malim
620 2792 776 2825 coniuncte,
794 2793 890 2819 τοῖσδε.

293 2825 350 2858 (55)
370 2826 506 2860 Αοχεύδι·
528 2826 651 2853 Μέλανα
678 2826 720 2853 δέ.
743 2827 779 2853 Ita
806 2833 878 2854 recte
902 2828 1042 2862 distinguit

257 2860 324 2886 altrr
338 2869 352 2886 ιι
372 2869 520 2898 niamtser.;
539 2863 584 2888 sal
603 2862 670 2888 idem
685 2862 788 2897 χολεύει
807 2870 854 2896 pro
867 2863 971 2897 λοχεύει
983 2860 1042 2898 per-

259 2903 348 2928 param
373 2896 445 2932 legit.
467 2896 583 2924 Arietem
608 2906 706 2931 porro,
730 2898 870 2931 signorum
888 2896 913 2924 in
932 2896 1042 2926 zodian

1360 2073 1558 2100 ΚΕΦΑΛΑῘΟΝ
1588 2074 1615 2100 l’.

1096 2121 1160 2147 Ὀτι
1181 2120 1237 2146 οὐκ
1260 2118 1298 2146 ἂν
1317 2117 1380 2146 εἷεν
1407 2119 1478 2150 θεοὶ,
1505 2120 1571 2152 ταῖς
1595 2120 1643 2147 διὰ
1662 2119 1739 2150 ζώων
1760 2119 1880 2152 θυσίαις

1398 2155 1564 2189 χαίροντες.

1125 2211 1192 2247 Φέρε
1207 2211 1246 2242 δὲ,
1259 2210 1341 2238 αὑτοῦ
1357 2211 1408 2243 τὰς
1419 2212 1543 2244 ἐναντίας
1554 2212 1648 2239 τούτου
1661 2212 1755 2247 φωνὰς
1770 2212 1879 2248 σύγκρι-

1094 2266 1148 2288 νον,
1165 2257 1198 2289 ἃς
1210 2257 1328 2284 τέθειται
1342 2257 1370 2283 ὲν
1385 2254 1424 2288 οἷς
1442 2258 1581 2293 ἐπέγραψε
1602 2259 1672 2292 Περὶ
1692 2258 1746 2292 τῆς
1758 2258 1817 2285 τῶν
1833 2259 1881 2293 ἐμ-

1094 2303 1201 2338 ψύχων
1211 2301 1339 2337 ἀποχῆς.
1355 2303 1440 2330 Ἔνθα
1451 2303 1482 2338 δὴ
1497 2303 1570 2340 ὀρθῷ
1581 2304 1702 2340 λογισμῷ
1713 2305 1881 2340 κινούμενος,

1094 2349 1201 2385 πρῶτον
1215 2349 1341 2376 ἁπάντων
1357 2349 1482 2384 ὁμολογεῖ
1498 2350 1534 2385 μὴ
1552 2350 1607 2377 δεῖν
1623 2350 1653 2377 τὸ
1668 2351 1782 2377 καθόλου
1798 2351 1881 2386 μηδὲν

1095 2396 1162 2431 μήτε
1183 2395 1293 2431 θυμιᾷν,
1321 2396 1389 2431 μήτε
1418 2396 1490 2423 θύειν
1512 2396 1550 2432 τῷ
1566 2398 1612 2424 ἐπὶ
1637 2397 1702 2424 πᾶσι
1726 2397 1794 2433 Θεῷ⁸
1815 2397 1882 2423 ἀλλὰ

1095 2442 1161 2476 μηδὲ
1173 2443 1233 2473 ταῖς
1249 2441 1307 2477 μετ’
1322 2442 1403 2468 αὑτὸν
1418 2443 1502 2474 θείαις
1513 2443 1561 2470 καὶ
1573 2444 1712 2479 οὐρανίαις
1725 2443 1881 2479 δυνάμεσιν,

1093 2485 1159 2513 Εἶτα
1181 2487 1209 2513 δὲ
1235 2487 1349 2520 ἐπεξιὼν
1372 2488 1421 2520 τὰς
1442 2488 1495 2515 τῶν
1519 2489 1623 2526 πολλιῦν
1646 2489 1804 2524 ὑπολήψεις,
1818 2489 1882 2515 ἀνα-

1094 2533 1230 2566 σκευάζει,
1255 2533 1291 2569 μὴ
1317 2534 1415 2570 χρῆναι
1441 2535 1553 2569 φάσκων
1577 2535 1654 2567 θεοὺς
1681 2535 1882 2570 ὑπολαμϐάνειν

1093 2579 1155 2611 τοὺς
1172 2581 1229 2611 ταῖς
1252 2579 1295 2607 διὰ
1317 2579 1393 2612 ζώων
1417 2581 1522 2613 θυσίαις
1549 2581 1709 2617 χαίροντας’
1737 2580 1805 2608 εἶναι
1828 2580 1882 2616 γάρ

1094 2634 1160 2660 φησι
1177 2626 1285 2652 πάντων
1310 2625 1475 2653 ἀδικώτατον
1489 2627 1519 2653 τὸ
1541 2626 1693 2659 ζωοθυτεῖν,
1711 2627 1756 2654 καὶ
1776 2626 1882 2653 ἀνόσιον

1094 2672 1140 2698 καὶ
1165 2672 1296 2708 μυσαρὸν,
1322 2672 1367 2698 καὶ
1394 2672 1534 2709 βλαϐερὸν,
1560 2674 1606 2699 καὶ
1633 2671 1676 2698 διὰ
1709 2672 1788 2699 τοῦτο
1815 2671 1883 2707 μηδὲ

1094 2793 1255 2828 principem,
1269 2793 1367 2820 innuit.

1129 2829 1184 2863 (56)
1208 2828 1245 2855 Τὰ
1262 2829 1326 2862 τρία
1342 2830 1488 2864 σύμϐολα.
1509 2829 1549 2855 An
1575 2830 1648 2864 quod
1674 2830 1809 2857 tcrnarins
1830 2838 1881 2855 nn-

1094 2872 1185 2926 melrus
1199 2864 1316 2917 solidum
1330 2863 1443 2898 aliquid,
1454 2863 1648 2899 communique
1659 2865 1768 2893 vinculo
1781 2874 1879 2893 ne.\u.n

1095 2907 1131 2926 vu
1141 2904 1218 2926 eatur
1228 2920 1234 2926 .

1105 2907 1234 2926 'Iueatur:
