2060 3213
171 178 219 205 257

735 177 896 206 ΡΠΑΞΡΑΒ.
918 178 1042 206 EVANG.
1062 177 1126 205 LIB.
1145 177 1189 205 IV.

1735 181 1788 209 258

169 238 238 269 θεοῖς
262 238 421 273 προσφιλές.
444 238 535 265 Ταῦτα
555 237 651 272 λέγων,
677 237 755 273 δῆλος
780 237 813 264 ἂν
839 237 881 273 εῐη
911 237 950 263 τδι

1007 237 1088 269 sima,
1100 245 1237 272 quamque
1255 241 1284 264 ut
1309 238 1455 273 impietatis
1478 245 1505 267 et
1528 239 1602 267 exitii
1618 240 1724 275 plenam
1742 241 1791 268 de-

169 284 266 311 ἑαυτοῦ
286 284 354 311 Θεὸν
374 284 548 319 ἀπελέγχων·
572 283 749 319 προστάττειν
771 283 825 318 γὰρ
854 282 957 318 ἀρτίως

169 333 253 366 ἔφησε
279 330 326 357 τὸν
359 331 483 367 χρησμὸν
513 331 549 366 μὴ
580 330 659 365 μόνον
697 331 752 361 τοῖς
789 329 956 364 ὑποχθονίοις

169 376 251 408 θεοῖς,
265 376 334 413 ἀλλᾴ
354 378 401 403 καὶ
419 379 476 408 τοῖς
496 376 607 412 ἀερίοις,
623 376 757 411 οὐρανίοις
773 384 801 401 τε
816 376 862 402 καὶ
882 375 955 401 αἰθε-

171 422 239 456 ρίοις
253 421 310 454 ζῶα
323 421 408 449 θύειν.
425 422 478 448 Kal.
490 422 504 447 ὁ
518 422 566 457 μὲν
593 421 726 447 Ἀπόλλων
746 420 857 447 τοιαῦτα
868 428 874 434 ·
893 420 907 445 ὁ
926 419 954 445 δὲ

171 467 216 494 τὸν
237 466 410 502 Θεόφραστον
435 466 649 502 μαρτυρόμενος,
672 466 742 497 θεοῖς
759 466 807 501 μὲν
821 465 852 491 οὗ
872 474 954 499 φησιν

169 511 299 548 ἁρμόζειν
319 511 368 548 τὴν
382 511 426 538 διὰ
449 511 525 544 ζώων
542 511 648 542 Θυσίαν,
672 511 780 546 δαίμοσι
800 511 828 537 δὲ
851 512 950 545 μόνοις·

169 557 239 583 ὥστε
254 556 326 584 κατὰ
340 556 386 583 τὸν
401 556 483 583 αὑτοῦ
501 557 547 583 καὶ
562 556 735 591 Θεοφράστου
750 555 827 589 λόγον
840 555 953 590 δαίμονα

169 601 250 635 εἶναι,
265 603 323 630 ἀλλ’
336 603 367 630 οὐ
386 602 446 629 θεὸν
462 603 507 629 τὸν
527 602 680 629 Ἀπόλλωνα
692 611 698 617 ·
713 602 743 628 οὐ
757 602 810 637 μὴν
824 601 891 628 ἀλλὰ
907 602 953 628 καὶ

169 649 274 680 πάντας
296 649 359 680 τοὺς
380 648 456 684 παρὰ
473 649 538 675 πᾶσι
556 650 612 679 τοῖς
634 648 722 674 ἔθνεσι
745 648 952 683 νενομισμένους

168 695 257 727 θεοὺς,
269 694 310 727 οἷς
321 695 370 726 τὰς
380 695 424 721 διὰ
441 694 516 727 ζώων
533 694 628 726 Θυσίας
643 694 776 729 πανδημεὶ
793 695 892 725 πάντες
903 694 952 729 ἆρ-

168 741 262 776 χοντὲς
276 749 307 767 τε
323 740 370 766 καὶ
387 739 532 775 ἀρχόμενοι
548 740 619 766 κατὰ
635 748 664 765 τε
682 739 774 770 πόλεις
792 740 838 765 καὶ
860 738 952 774 χώρας

167 785 323 813 ἐκτελοῦσι·
341 786 451 817 τούτους
463 787 516 821 γὰρ
531 785 584 811 οὐδ’
597 785 660 812 ἄλλο
673 794 698 811 τι
718 785 860 820 τυγχάνειν
875 786 951 820 ἡγεῖ-

168 830 230 857 σθαι
249 830 302 866 χρὴ
319 830 389 857 κατὰ
409 830 472 862 τοὺς
488 830 648 865 εἰρημένους
668 830 684 865 ἢ
710 830 846 865 δαίμονας.
871 830 901 855 Εἰ
923 830 950 856 δὲ

167 875 285 909 ἀγαθοὺς
299 873 366 902 εἷναι
381 884 462 909 φασιν
477 875 585 906 αὐτοὺς,
603 875 649 901 καὶ
664 874 731 906 πῶς,
750 874 827 909 εἴπερ
846 875 950 906 ἀνόσιος

165 920 199 957 ἦν
215 922 261 948 καὶ
284 920 393 956 μυσαρὰ
415 921 462 948 καὶ
476 920 623 956 ἐπιὸλαῢὴς
643 922 659 956 ἡ
677 921 710 947 δι’
721 920 843 955 αἱμάτων
858 920 947 951 θυσία,

166 967 264 1001 ἀγαθοὶ
280 967 312 994 ἃν
327 964 380 993 εἷεν
396 968 420 993 οἱ
436 968 491 998 τοῖς
507 966 618 992 τοιοῖσδε
635 966 774 1001 χαίροντες
787 975 794 998 ς
813 966 843 992 Εἰ
861 966 888 992 δὲ
904 967 950 992 καὶ

168 1013 206 1049 μὴ
228 1013 323 1048 μόναις
339 1014 400 1044 ταῖς
416 1012 551 1044 τοιαύταις
565 1012 597 1048 δὴ
613 1011 729 1044 θυσίαις,
752 1011 811 1037 καθ’
835 1011 951 1047 ὑπερϐο-

166 1059 215 1094 λὴν
233 1059 262 1085 δὲ
275 1058 414 1094 ὠμότητος
429 1058 476 1085 καὶ
488 1058 684 1093 ἀπανθρωπίας
700 1059 792 1092 φανεῖν
803 1057 950 1092 ἀνδροκτα-

167 1103 238 1135 σὲαις
254 1103 302 1130 καὶ
322 1103 557 1139 ἀνθρωποθυσίας
575 1102 711 1138 ἡδόμενοι,
735 1102 793 1134 πῶς
810 1103 859 1128 οὑκ
879 1102 951 1128 ἄντι-

165 1156 233 1183 κρυς
259 1146 313 1175 εἷεν
335 1148 368 1175 ἂν
394 1148 539 1183 μιαιφόνοι,
564 1147 610 1173 καὶ
634 1147 723 1182 πάσης
742 1147 882 1182 ὠμότητος
903 1146 950 1172 καὶ

164 1195 361 1231 ἀπανθρωπίας
374 1196 478 1226 οἰκεῖοι,
493 1195 539 1221 καὶ
555 1194 629 1221 οὐδὲν
646 1193 710 1219 ἄλλο
724 1194 740 1228 ἢ
761 1194 874 1228 πονηροὶ
891 1193 949 1219 δαί-

167 1250 265 1276 μονες;
290 1241 398 1268 Τούτων
424 1241 452 1267 δὲ
474 1242 539 1276 ἡμῖν
561 1240 610 1276 τὴν
634 1239 772 1273 ἀπόδειξιν
792 1239 948 1274 εἰληχότων,

165 1285 242 1323 οἶμαι
253 1286 300 1323 τῆς
313 1287 449 1323 ἡμετέρας
461 1288 492 1313 ἐκ
503 1285 556 1312 τῶν
567 1286 738 1321 δηλουμένων
751 1285 950 1321 ἀναχωρήσεως

164 1334 197 1360 τὸ
219 1333 330 1368 εὔλογον
349 1333 534 1361 ἀποδεδόσθαι.
552 1333 597 1369 Μὴ
617 1333 671 1368 γὰρ
697 1330 766 1358 εἶναι
783 1332 866 1363 ὅσιον,
888 1331 949 1366 μηδ’

165 1380 287 1412 εὐσεϐὲς,
298 1379 334 1415 μὴ
344 1379 385 1406 ὅτι
397 1379 446 1415 τὴν
459 1380 505 1406 τοῦ
517 1379 582 1406 Θεοῦ
596 1379 741 1413 σεϐάσμιον
752 1377 948 1413 προσηγορίαν,

167 1425 215 1452 καὶ
233 1425 283 1461 τὴν
306 1425 435 1452 ἁνωσάτω
455 1424 537 1459 τιμὴν
558 1425 604 1450 ἐπὶ
622 1423 657 1450 τὰ
678 1423 784 1459 πονηρὰ
806 1422 948 1457 πνεύματα

166 1469 355 1502 καταϐάλλειν,
380 1470 447 1496 ἀλλὰ
471 1469 538 1505 μηδὲ
564 1469 611 1496 τοῦ
633 1469 698 1503 παρ’
724 1467 877 1504 ἀνθρώποις
899 1468 948 1503 τὴν

167 1515 301 1552 βασίλειον
316 1516 470 1551 ἐπιειμένον
484 1515 560 1548 ἀξίαν
572 1515 684 1552 λῃσταῖς
701 1514 747 1540 καὶ
758 1513 948 1549 τυμϐωρύχοις

167 1561 346 1597 περιτιθέναι,
371 1560 451 1587 Ὅθεν
470 1561 549 1595 ἡμεῖς
565 1560 644 1595 μόνον
656 1558 701 1584 τὸν
717 1557 762 1583 ἐπὶ
781 1557 890 1583 πάντων
903 1557 949 1583 σε·
963 1577 983 1605 C

167 1609 225 1635 σειν
238 1607 424 1643 δεδιδαγμένοι
441 1606 517 1638 Θεὸν,
536 1607 617 1641 τιμᾷν
638 1614 666 1631 τε
685 1605 754 1631 κατὰ
767 1603 796 1630 τὺ
812 1603 950 1639 προσῆκον

167 1655 214 1681 καὶ
228 1654 279 1686 τὰς
292 1654 359 1689 ἀμφ’
372 1653 452 1680 αὐτὸν
471 1651 603 1686 θεοφιλεῖς
615 1660 644 1677 τε
661 1651 707 1677 καὶ
722 1651 858 1685 μακαρίας
872 1649 950 1676 δυνά-

168 1709 240 1736 μεις,
255 1699 330 1727 οὐδὲν
345 1700 394 1735 μὲν
410 1698 510 1733 γεῶδες
522 1698 568 1724 καὶ
581 1697 686 1732 νεκρὸν,
702 1696 762 1722 οὐδὲ
775 1695 897 1730 λύθρους
904 1697 947 1722 καὶ

165 1748 279 1782 αἵματα,
298 1746 357 1773 οὐδέ
367 1755 393 1772 τι
405 1746 455 1780 τῆς
468 1745 588 1780 φθαρτῆς
605 1744 653 1770 καὶ
666 1743 761 1778 ὑλικῆς
773 1743 866 1774 οὐσίας
883 1744 950 1769 ἐπα-

165 1793 279 1828 γόμεθα·
295 1792 334 1827 νῷ
351 1792 379 1818 δὲ
395 1792 484 1826 πάσης
501 1790 698 1825 κεκαθαρμένῳ
717 1788 816 1820 κακίας
835 1789 881 1815 καὶ
896 1787 948 1813 σώ-

165 1848 233 1874 ματι
248 1839 294 1865 τὸν
307 1838 335 1872 ἐξ
348 1838 457 1872 ἁγνείας
473 1838 518 1864 καὶ
538 1836 714 1871 σωφροσύνης
729 1836 841 1870 κόσμον,
859 1835 949 1868 πάσης

164 1885 355 1921 λαμπρότερον
376 1884 440 1910 ὄντα
462 1883 556 1918 στολῆς
578 1881 812 1917 περιϐεϐλημένῳ,
834 1879 948 1915 δόγμασί

163 1940 196 1958 τε
210 1931 299 1967 ὀρθοῖς
315 1931 362 1958 καὶ
375 1924 536 1965 θεοττρεπέσι
555 1929 602 1956 καὶ
621 1928 668 1955 ἐπὶ
686 1930 754 1955 πᾶσι
768 1927 873 1959 τούτοις
886 1927 950 1956 ηδια-

164 1977 241 2004 θέσει
258 1977 357 2012 γνησίᾳ
377 1975 426 2011 τὴν
448 1975 500 2002 ὑπὸ
518 1974 564 2001 τοῦ
582 1974 709 2010 Σωτῆρος
730 1973 808 2008 ἡμῶν
829 1972 948 2008 παραδο-

163 2024 259 2050 θεῖσαν
271 2022 409 2049 εὐσέϐειαν
427 2021 506 2057 μέχρι
527 2021 573 2048 καὶ
588 2021 703 2047 θανάτου
719 2019 862 2054 φυλάττειν
874 2017 949 2052 εὐχά-

166 2069 247 2105 μεθα.
283 2067 362 2095 Ἀλλὰ
384 2068 439 2104 γρνρ
463 2067 565 2094 τούτων
587 2068 651 2102 ἡμῖν
675 2063 947 2100 προδιηρθρωμὲνων,

163 2116 225 2150 ὥρα
246 2114 315 2151 πρὸς
333 2114 384 2146 τὰς
411 2113 559 2145 ἀποδείξεις
582 2112 637 2138 τῶν
660 2111 811 2147 εἰρημένων
840 2111 946 2145 χωρεῖν.

164 2161 267 2197 Πρῶτα
284 2161 312 2188 δὲ
327 2161 435 2188 πάντων
454 2159 567 2186 διελθεῖν
579 2157 697 2192 εὓλογον,
718 2157 750 2183 δι’
771 2153 808 2182 ὧν
823 2157 837 2182 ὁ
857 2164 950 2191 προει-

166 2209 285 2245 ρημένος
303 2207 487 2243 συγγραφεὺς,
502 2207 530 2233 ὲν
543 2203 583 2237 οἷς
598 2203 736 2239 ἐπέγραψε
750 2202 815 2236 Περὶ
827 2201 880 2235 τῆς
891 2200 949 2227 τῶν

1006 283 1098 309 testari
1124 290 1219 310 omnes
1249 284 1439 319 exsecrarique
1462 285 1595 319 debeant;
1624 286 1703 320 longe
1727 294 1791 321 pro-

1005 328 1075 355 fecto
1097 329 1202 360 abesse.
1222 329 1274 356 diis
1291 334 1321 356 ut
1337 330 1442 364 placere
1468 337 1559 366 queat.
1584 331 1650 365 Qum
1666 332 1730 358 dum
1746 333 1790 359 ille

1006 375 1172 409 pronuntiat,
1188 383 1267 401 sntun
1296 376 1329 402 ab
1342 377 1400 410 ipso
1418 376 1500 403 Deum
1520 378 1679 412 reprehendi
1697 386 1728 405 ac
1748 387 1790 405 rc—

1004 420 1097 455 dargui
1110 428 1189 446 nemo
1202 429 1254 447 non
1273 421 1361 454 videt;
1381 430 1442 448 cum
1473 424 1585 450 oraculo
1604 423 1693 458 juberi
1708 424 1789 458 paulo

1004 471 1065 491 ante
1077 465 1187 496 dixerit,
1215 466 1251 492 uti
1268 474 1320 492 non
1344 467 1530 495 subterraneis
1555 469 1634 495 modo
1653 469 1790 496 terrestri-

1004 510 1108 544 busque
1134 511 1196 541 diis.
1214 512 1260 538 sed
1286 513 1367 539 etiant
1395 513 1486 547 aeriis,
1508 515 1674 545 cmlestibus,
1704 515 1788 542 aethe-

1004 554 1107 588 riisque
1121 555 1278 582 numinibus
1292 556 1441 583 animantes
1451 557 1633 586 immolentur.
1651 559 1684 586 Et
1694 559 1789 594 Apollo

1003 600 1112 634 quidem
1126 600 1177 627 ista
1190 602 1310 635 praecipit
1328 611 1334 628 :
1348 607 1441 628 contra
1462 611 1525 630 vero
1537 604 1714 639 philosophus
1726 606 1787 632 lau-

1002 646 1066 673 dato
1100 647 1180 673 etiam
1202 646 1381 682 Theophrasti
1411 650 1574 679 testimonio.
1601 652 1653 679 diis
1683 654 1787 678 anima‘

1003 690 1067 716 lium
1083 691 1216 718 sacrilicia
1233 693 1376 719 convenire
1398 699 1486 728 negat,
1501 694 1548 721 sed
1566 700 1669 722 tantum
1685 696 1786 723 daemo-

1003 737 1097 770 nibus;
1114 745 1146 764 ex
1170 746 1224 772 quo
1237 738 1330 773 utique
1344 739 1466 773 sequitur
1480 740 1629 774 Apollinem
1646 742 1786 777 utriusque

1002 784 1134 809 sententia
1165 792 1217 810 non
1252 784 1332 811 deum
1355 792 1433 816 esse,
1461 785 1507 811 sed
1539 785 1708 820 dtcmoncm;
1737 795 1786 815 nec

1001 827 1152 863 Apollinem
1180 830 1271 862 modo,
1285 830 1331 856 sed
1344 830 1424 856 etiam
1441 835 1574 865 quotquot
1598 832 1668 866 apud
1692 837 1786 867 gentes

1002 875 1143 902 universas
1169 879 1299 909 putantur
1313 876 1361 907 dii.
1378 876 1477 911 quibus
1499 877 1600 910 passim
1622 885 1716 904 omnes
1730 883 1784 904 tam

1002 921 1139 956 principes
1150 929 1230 956 quam
1253 922 1344 956 populi
1377 930 1424 956 per
1437 923 1518 950 urbes
1534 931 1636 958 perque
1653 931 1735 958 pagos
1752 931 1784 950 ex

1001 966 1166 993 auitnalibus
1196 967 1329 994 sacriﬁcia
1344 966 1458 994 faciunt.
1487 967 1554 994 Nam
1579 968 1645 994 istos
1664 975 1784 1002 quoque,

1000 1012 1023 1038 si
1043 1016 1188 1045 utrumque
1220 1013 1411 1047 philosophum
1443 1014 1598 1044 audiamus.
1627 1014 1699 1041 aliud
1725 1023 1786 1042 esse

1001 1058 1066 1084 nihil
1083 1058 1239 1085 existimare
1251 1066 1300 1085 nos
1313 1063 1428 1093 oportet,
1445 1066 1525 1092 quam
1537 1059 1683 1096 daamqnes.
1693 1060 1785 1086 Enim-

1001 1111 1065 1129 vero
1082 1103 1104 1130 si
1119 1104 1204 1130 bonos
1219 1104 1328 1131 eosdem
1344 1112 1404 1131 esse
1423 1105 1552 1137 dixerint,
1565 1105 1782 1139 quandoquidem

1001 1148 1099 1176 infecta
1111 1150 1242 1184 sanguine
1257 1150 1402 1182 sacriﬁcia,
1427 1151 1585 1185 impietatis,
1605 1151 1738 1183 horroris.
1754 1157 1781 1177 ct.

1000 1195 1075 1222 exitii
1110 1196 1188 1230 plena
1204 1201 1277 1228 sunt,
1293 1196 1392 1230 quibus
1418 1197 1468 1223 ista
1495 1197 1628 1231 placeant,
1647 1196 1709 1224 boni
1724 1205 1784 1224 esse

1000 1241 1047 1275 qui
1063 1241 1187 1275 possint?
1207 1241 1285 1273 Quod
1302 1242 1324 1268 si
1344 1250 1396 1268 non
1413 1243 1548 1277 ejusmodi
1566 1248 1670 1270 tantum
1699 1245 1785 1272 sacrio

1001 1287 1081 1319 ﬁciis,
1095 1295 1187 1314 verum
1205 1289 1285 1315 etiam
1300 1288 1333 1315 ad
1351 1288 1519 1316 crudelitatis
1541 1289 1631 1317 omnis
1646 1294 1672 1317 et
1689 1290 1785 1318 imma-

1001 1334 1098 1362 nitatis
1126 1337 1277 1367 cumulum,
1304 1336 1424 1362 virorum
1452 1336 1554 1369 pariter
1585 1343 1616 1363 ac
1640 1336 1784 1363 mulierum

998 1379 1119 1406 czedibus
1132 1380 1280 1406 delectatos
1302 1387 1350 1407 eos
1365 1386 1425 1407 esse
1450 1380 1644 1412 ostendemus;
1659 1380 1723 1415 quid
1738 1388 1784 1407 su-

1002 1428 1100 1457 perest,
1116 1423 1166 1450 nisi
1184 1428 1214 1450 ut
1226 1424 1306 1450 iidem
1321 1428 1347 1450 et
1360 1424 1514 1458 parricidiis
1529 1424 1654 1455 infames,
1667 1429 1692 1451 et
1708 1426 1781 1452 omni

1001 1469 1108 1496 diritate
1123 1469 1264 1502 teterrimi,
1282 1469 1397 1504 denique
1412 1469 1479 1495 nihil
1501 1470 1575 1496 aliud
1599 1469 1652 1496 nisi
1668 1470 1780 1504 pessimi

1001 1516 1137 1542 dzemones
1153 1515 1211 1542 luce
1221 1515 1309 1550 palam
1333 1515 1503 1543 habeantur?
1516 1515 1575 1542 Jam
1588 1523 1652 1542 vero
1667 1523 1728 1542 cum
1745 1516 1785 1542 ita

1001 1569 1030 1587 se
1049 1568 1106 1588 rem
1125 1560 1223 1587 habere
1240 1561 1381 1595 probatum
1396 1567 1410 1586 a
1427 1561 1505 1588 nobis
1526 1569 1557 1587 ac
1569 1561 1784 1587 demonstratum

1001 1606 1093 1639 fuerit,
1109 1606 1190 1633 simul
1208 1608 1290 1633 etiam
1314 1608 1440 1634 omnibus
1456 1612 1583 1634 constare
1599 1606 1694 1633 debere
1709 1607 1778 1633 arbi-

1001 1658 1058 1680 tror
1072 1657 1171 1680 nostrae
1185 1653 1220 1679 al)
1238 1653 1289 1680 isto
1319 1653 1391 1680 cultu
1418 1652 1594 1679 discessionis
1616 1652 1779 1686 aequitatem.

1000 1698 1081 1726 Nefas
1103 1699 1174 1725 enim
1194 1699 1361 1733 impiumque
1388 1698 1455 1725 foret
1471 1707 1523 1725 non
1544 1698 1632 1725 dicam
1650 1705 1783 1725 veneran-

1000 1744 1063 1770 dum
1074 1744 1137 1770 illud
1152 1744 1197 1771 Dei
1207 1752 1316 1775 nomen,
1336 1745 1520 1779 honoremque
1528 1752 1666 1771 summum
1683 1745 1716 1771 ad
1731 1744 1783 1771 im—

999 1790 1099 1826 probos
1127 1791 1238 1824 spiritus
1261 1791 1392 1825 abjieere:
1407 1791 1453 1818 sed
1476 1792 1516 1818 vel
1540 1799 1601 1818 eum
1622 1792 1721 1826 ipsum,
1735 1791 1781 1825 qui

1000 1837 1104 1864 homini
1128 1837 1200 1872 regia
1222 1836 1354 1870 dignitate
1380 1837 1517 1870 praestanti
1542 1836 1683 1867 debeatur,
1697 1836 1781 1862 latro-

1000 1882 1079 1909 nibus
1109 1890 1140 1909 ac
1164 1882 1350 1917 sepulcrorum
1373 1881 1552 1908 eﬂ'ossoribus
1572 1881 1700 1908 tribucre.
1727 1880 1782 1908 Nos

1000 1929 1091 1963 igitur,
1106 1928 1151 1963 qui
1168 1936 1252 1955 unum
1270 1928 1344 1954 illum
1358 1927 1439 1961 hujus
1449 1927 1570 1954 universi
1584 1926 1725 1960 praesidem
1750 1934 1783 1952 ac

999 1974 1195 2000 moderatorem
1226 1972 1309 2000 Deum
1339 1973 1445 2005 colere,
1474 1977 1501 1999 et
1526 1971 1697 1999 convenienti
1717 1971 1781 2002 ritu,

999 2018 1121 2052 adeoque
1135 2018 1185 2052 ipsi
1197 2018 1422 2044 charissimarum
1442 2018 1638 2051 beatarumque
1650 2017 1781 2044 virtutum

998 2062 1121 2097 exemplo
1134 2064 1257 2089 venerari
1271 2064 1426 2095 didicimus,
1443 2071 1493 2090 nec
1508 2063 1608 2090 terreni
1631 2062 1780 2097 quidquam

999 2113 1045 2135 aut
1060 2109 1171 2140 mortui,
1189 2116 1239 2135 nec
1251 2109 1355 2135 saniem
1370 2113 1417 2136 aut
1428 2116 1564 2140 cruorem,
1594 2117 1643 2136 nec
1657 2108 1684 2135 id
1697 2116 1783 2143 genus

998 2153 1050 2180 alia
1070 2153 1239 2187 corruptioni
1253 2153 1383 2183 obnoxia,
1403 2153 1469 2179 etin
1495 2152 1634 2179 materiam
1651 2152 1782 2178 immersa

999 2199 1189 2231 ohtrudimus;
1220 2199 1265 2226 sed
1293 2199 1384 2233 potius
1414 2199 1466 2226 hoc
1494 2199 1520 2225 in
1552 2199 1621 2225 votis
1651 2198 1783 2224 habemus

163 2252 442 2289 ἑμψύχωνάποχῆς,
453 2250 670 2287 μὴιχρῆναιφησι
682 2250 749 2284 μήτε
770 2247 809 2282 τῷ
821 2247 865 2273 ἐπὶ
879 2247 947 2272 πάνθ

1001 2253 1096 2277 unum,
1111 2250 1140 2272 ut
1152 2249 1240 2272 mente
1252 2246 1286 2272 ab
1300 2245 1374 2272 omni
1393 2245 1565 2279 improbitate
1590 2245 1707 2276 sincera,
1722 2252 1783 2271 cor-

164 2309 221 2327 ἰων
247 2299 317 2335 Θεῷ,
343 2301 411 2335 μήτε
434 2296 494 2329 ταῖς
519 2297 577 2332 μετ’
603 2295 682 2322 αὐτὸν
707 2294 793 2325 θείαις
819 2292 948 2327 δυνάμεσι

163 2346 266 2381 γεῶδες
285 2345 378 2381 μηδὲν,
405 2344 473 2380 μήτε
497 2343 606 2377 θυμιᾷν,
625 2341 692 2376 μήτε
709 2339 794 2366 θύειν·
822 2337 948 2373 ἀλλότρια

165 2392 221 2429 γὰρ
232 2392 268 2418 τὰ
281 2391 396 2418 τοιαῦτα
409 2391 425 2425 ἢ
441 2389 512 2417 κατὰ
526 2389 576 2415 τὴν
609 2387 766 2423 πρέπουσαν
796 2384 945 2411 εὐσέϐειαν.

1001 2300 1065 2326 pore
1088 2292 1221 2319 castitatis
1250 2299 1281 2319 ac
1308 2292 1494 2326 temperantiae
1522 2291 1609 2321 cultu,
1629 2291 1675 2325 qui
1704 2291 1783 2324 longe

1001 2345 1108 2364 onmem
1124 2337 1239 2364 vestium
1260 2343 1385 2364 ornatum
1415 2342 1534 2371 superat,
1551 2337 1693 2366 deaurato,
1716 2343 1782 2361 saua

1003 2382 1110 2417 Deoque
1134 2383 1214 2418 digna
1234 2383 1367 2415 doctrina,
1399 2383 1525 2417 quodque
1548 2382 1670 2409 omnium
1688 2380 1784 2415 praeci-

166 2448 249 2477 puum
259 2445 313 2472 est,
327 2447 397 2475 puro
413 2439 572 2473 integroque
599 2435 682 2463 animi
707 2441 799 2464 sensu,
816 2432 944 2460 traditam
965 2438 979 2457 a
996 2429 1139 2457 Servatnre
1152 2435 1245 2458 nostro
1259 2431 1384 2465 pietatem
1417 2430 1497 2465 149
1522 2430 1555 2456 ad
1570 2436 1684 2456 mortem
1697 2437 1784 2464 usque

167 2475 302 2514 tueamur.
318 2484 373 2512 Sed
387 2483 461 2510 enim
476 2483 520 2509 his
543 2482 578 2508 ita
595 2480 712 2507 breviter
731 2477 867 2510 indicatis,
900 2480 1007 2509 tempus
1025 2479 1077 2507 est,
1107 2479 1136 2501 ut
1163 2476 1195 2501 ad
1217 2484 1311 2502 eorum
1342 2475 1575 2503 continuationem
1611 2476 1782 2503 accedamus.

167 2534 207 2560 Ac
220 2532 339 2569 primum
365 2529 475 2565 quidem
501 2535 532 2556 ea
564 2524 689 2561 persequi
716 2531 805 2559 operae
832 2521 947 2557 pretium
968 2520 1058 2553 fuerit,
1088 2522 1188 2556 quibus
1205 2521 1275 2548 idem
1300 2521 1476 2556 Porphyrius,
1503 2521 1529 2547 in
1547 2521 1581 2547 iis
1597 2529 1657 2554 qua}
1681 2521 1714 2548 de
1739 2529 1784 2549 re-

168 2567 230 2608 rum
241 2579 426 2607 animatarum
437 2574 598 2603 abstinentia
611 2572 728 2607 scripsit,
743 2578 830 2606 neque
842 2577 950 2597 summo
967 2567 1087 2600 Numiui,
1105 2577 1192 2604 neque
1203 2568 1331 2596 secundis
1348 2569 1381 2595 ah
1408 2576 1441 2594 eo
1454 2567 1608 2602 divinisque
1638 2568 1784 2595 virtutibus

168 2628 304 2656 terrestris
320 2625 470 2661 quidquam
495 2628 541 2651 aut
574 2622 747 2654 adolendum,
779 2624 828 2647 aut
851 2618 1046 2646 immolandum
1071 2625 1132 2646 esse
1146 2618 1275 2650 defendit,
1293 2618 1365 2652 quod
1390 2617 1524 2651 ejusmodi
1553 2617 1642 2644 cultus
1672 2625 1784 2644 ommuo

168 2678 200 2704 sit
214 2685 228 2704 a
241 2675 389 2704 sanctitate
406 2672 544 2709 religionis
559 2672 675 2698 alienus.
