2060 3213
149 179 202 208 215

730 177 889 205 PREPAR.
911 177 1038 206 EVANG.
1057 176 1122 205 LIB.
1141 176 1183 204 IV.
1739 176 1791 204 ττι

153 247 194 274 ρι-
214 238 339 274 μνήμης,
359 237 496 273 ἐμφύλιον
516 239 558 265 ἀει
578 236 646 274 αἷμα
669 239 791 275 ῥαίνουσι
808 240 876 274 πρὸς
893 240 945 266 τοίη

1008 241 1128 266 humano
1144 238 1276 271 sanguine
1289 237 1419 270 litavisse,
1438 237 1582 265 Philarcho
1598 237 1731 265 referente
1745 246 1791 265 ac-

154 282 270 319 βωμούς.
284 293 294 309 ι
308 283 408 310 Ταῦτα
426 284 475 319 μὲν
489 282 534 310 οὖν
551 285 582 310 ἐκ
595 284 646 319 τῆς
662 284 879 320 προδηλωθείσης
894 283 950 310 κεί-

158 329 210 356 σθω
223 329 333 365 γραφῆς
344 337 351 344 ⁸
367 330 399 356 ὲκ
415 329 444 356 δὲ
465 329 510 356 τοῦ
531 329 639 365 πρώτου
664 330 878 366 συγγράμματος
900 330 950 366 τῆς

156 375 268 407 Φίλωνος
290 376 452 411 Φοινικικῆς
480 376 598 412 ἱστορίας
629 376 824 412 παραθήσομαι
854 375 948 403 ταῦτα.

1004 285 1138 320 cepimus.
1167 283 1304 316 Thracas,
1333 283 1502 318 Scythasque
1531 288 1672 319 praetereo,
1693 292 1790 318 quem-

1004 330 1150 357 admodum
1167 328 1344 356 Atheuicnses
1367 328 1520 361 Erechthei,
1539 329 1742 364 Praxitliemque
1762 329 1791 356 tl-

1005 376 1070 403 liam
1083 376 1240 412 ceciderim,
1257 377 1324 405 nihil
1340 376 1412 403 dico.
1426 375 1492 403 lllud
1512 382 1602 403 autem
1617 376 1680 411 quis
1691 376 1788 407 nescit,

157 422 250 458 Magna
269 423 297 450 in
321 422 408 456 Urbe,
449 423 602 464 hominem.
623 423 696 451 circa
719 423 794 451 Jovis
817 423 934 450 Latiaris
971 422 1053 451 ferias
1079 424 1214 459 hodieque
1240 424 1373 452 mactari?
1389 434 1398 450 ι
1426 425 1457 452 lit
1480 431 1582 452 rursus:
1600 433 1607 451 :
1624 433 1633 449 ι
1659 423 1696 450 Ex
1721 431 1786 458 quo,

156 471 254 506 inquit,
272 471 304 498 ad
327 476 435 498 aetatem
452 479 539 507 usque
556 476 688 505 nostram,
706 480 759 499 nou
777 477 881 499 tantum
899 471 940 498 vel
961 471 987 498 in
1005 472 1122 500 Arcadia
1155 473 1270 500 solemni
1287 473 1475 508 Lupercalium
1510 473 1590 505 festo,
1607 473 1648 500 vel
1665 472 1780 499 Cartha-

156 519 218 554 gine
237 518 358 546 Saturno
391 519 508 554 populus
526 519 672 547 universus
688 519 814 547 homines
849 518 983 550 immolat,
1005 519 1051 546 scd
1070 520 1152 547 etiam
1178 524 1253 547 certo
1278 524 1403 555 stathue
1429 520 1567 547 redeuntis
1585 519 1648 546 anui
1675 519 1786 551 circulo,

156 565 190 592 ad
207 564 412 600 usurpationem
432 565 530 592 veteris
544 565 659 600 ﬁxaeque
690 565 794 600 legibus
827 565 974 596 memoria»,
994 573 1055 593 aras
1087 566 1160 594 civili
1189 574 1296 601 semper
1321 574 1354 593 ac
1380 566 1531 593 domestico
1557 573 1654 593 cruore
1674 565 1787 601 perfun-

155 611 235 639 dunt.
255 620 265 637 ι
298 610 436 639 Hactenus
455 619 489 639 ex
511 611 671 648 Porphyrio.
690 611 750 639 Jam
778 620 811 639 ex
838 611 926 647 primo
952 611 1075 641 Philonis
1098 613 1131 641 de
1149 612 1309 640 Phoenicum
1333 613 1446 640 historia
1467 612 1603 639 volumine
1623 614 1679 639 lucc
1701 619 1787 647 pauca

155 658 314 692 subjiciam.

190 714 202 730 ‹
221 703 302 736 Ἐθος
325 702 359 739 ἦν
372 705 429 736 τοῖς
444 704 564 737 παλαιοῖς
580 705 609 732 ὲν
627 706 687 736 ταῖς
703 704 834 740 μεγάλαις
848 713 952 740 συμφο-

154 752 217 787 ραῖς
231 750 286 776 τῶν
306 750 435 777 κινδύνων
449 751 509 778 ἀντὶ
525 751 574 786 τῆς
591 751 699 778 πάντων
714 751 816 787 φθορᾶς
838 752 868 778 τὸ
880 752 946 786 ἠγα-

154 797 278 832 πημένον
295 796 348 823 τῶν
377 797 480 823 τέκνων
499 798 561 829 τοὺς
580 797 747 832 κρατοῦντας
765 798 781 832 ἢ
805 798 907 830 πόλεως
929 798 944 833 ἦ

152 843 247 875 ἔθνους
267 844 308 874 είς
327 843 433 878 σφαγὴν
453 843 596 870 ἐπιδιδόναι
621 843 717 879 λύτρον
737 845 793 876 τοῖς
815 846 945 880 τιμωροῖς

152 887 274 922 δαίμοσι.
292 887 515 922 Κατεσφάττοντο
543 888 571 914 δὲ
594 888 618 914 οἱ
640 888 771 923 διδόμενοι
797 888 943 925 μυστικῶς.

154 934 259 970 Κρόνος
277 933 376 966 τοίνυν,
390 934 419 960 ὃν
441 933 465 961 οἱ
490 933 612 966 Φοῖνικες
630 934 738 970 Ἰσραὴλ
763 935 945 972 προσαγορεύ-
963 929 983 956 υ

153 989 223 1011 ουσι,
235 980 384 1014 βασιλεύων
393 980 443 1015 τῆς
456 979 556 1015 χώρας,
569 981 615 1007 καὶ
627 980 739 1017 ὕστερον
753 981 821 1017 μετὰ
831 982 880 1017 τὴν
898 981 944 1008 τοῦ

154 1027 212 1062 βίου
227 1026 354 1062 τελευτὴν
362 1027 402 1058 είς
412 1027 457 1052 τδν
473 1026 519 1053 τοῦ
536 1028 638 1063 Κρόνου
648 1028 749 1062 ἀστέρα
758 1028 943 1064 καθιερωθεὶς,

153 1074 181 1106 ἐξ
198 1072 347 1108 ἐπιχωρίας
369 1071 476 1108 νύμφης
492 1073 626 1109 Ἀνωϐρὲτ
642 1073 789 1109 λεγομένης
805 1074 861 1100 υἱον
878 1074 945 1110 ἔχων

153 1117 296 1153 μονογενῆ,
307 1117 336 1143 ὃν
350 1117 394 1144 διὰ
406 1117 484 1144 τοῦτο
499 1118 581 1144 Ὶεοὺδ
591 1118 715 1150 ἐκάλουν,
726 1119 773 1145 τοῦ
787 1120 945 1154 μονογενοῦς

151 1162 237 1194 οὕτως
249 1162 289 1189 ἔτι
303 1162 349 1188 καὶ
363 1162 410 1188 νῦν
425 1162 592 1197 καλουμένου
608 1163 683 1199 παρὰ
698 1164 754 1195 τοῖς
767 1163 876 1197 Φοίνιξι,
889 1172 945 1190 κιν-

150 1209 236 1236 δύνων
253 1211 285 1236 ἐκ
295 1209 412 1245 πολέμου
426 1209 561 1245 μεγίστων
572 1210 773 1245 κατειληφότων
786 1210 834 1245 τὴν
844 1210 944 1246 χώραν,

153 1255 286 1291 βασιλικῷ
300 1256 442 1291 κοσμήσας
458 1256 575 1291 σχήματι
589 1255 634 1282 τὸν
651 1255 707 1281 υἱὸν
717 1275 724 1287 ,
747 1255 838 1290 βωμόν
853 1264 883 1282 τε
896 1264 946 1282 κα-

151 1300 392 1335 τασκευασάμενος
416 1300 558 1327 κατέθυσε.
586 1310 594 1326 ι
615 1299 708 1327 Ταῦτα
725 1301 774 1335 μὲν
792 1298 838 1327 οὖν
853 1301 946 1327 τοῦτον

152 1344 208 1382 εἶχε
220 1346 267 1372 τὸν
276 1346 389 1382 τρόπον.
402 1346 521 1378 Εἰκότως
532 1345 586 1382 ἄρα
600 1347 614 1372 ὁ
627 1346 776 1381 θαυμάσιος
792 1347 904 1382 Κλήμης
916 1349 945 1374 ὲν

151 1393 190 1428 τῷ
205 1394 275 1428 πρὸς
288 1392 421 1428 Ἕλληνας
436 1393 652 1427 Προτρεπτικῷ,
662 1393 730 1420 αὐτὰ
744 1393 776 1428 δὴ
789 1393 875 1420 ταῦτα
889 1394 946 1421 ἐπι-

153 1439 340 1475 μεμφόμενος,
358 1438 446 1465 τοιάδε
462 1439 508 1465 καὶ
524 1438 604 1471 αὐτὸς
622 1439 671 1475 τὴν
695 1439 799 1474 πλάνην
822 1439 875 1466 τῶν
899 1441 944 1467 ἁν-

151 1485 269 1521 θρώπων
298 1485 498 1521 ἀπολοφύρεται
521 1485 622 1519 λέγων·
652 1495 661 1511 ι
687 1486 750 1521 Φέρ⁸
767 1483 812 1513 οὖν
827 1487 872 1521 δὴ,
898 1486 946 1514 καὶ

151 1531 231 1558 τοῦτο
248 1531 424 1567 προσθῶμεν,
441 1531 479 1563 ὡς
496 1531 675 1567 ἀπάνθρωποι
689 1532 735 1558 καὶ
759 1531 944 1568 μισάνθρωποι

151 1577 278 1612 δαίμονες
290 1574 343 1603 εἷεν
362 1577 426 1612 ὑμῖν
442 1578 466 1603 οἱ
479 1577 545 1609 θεοὶ,
564 1577 611 1604 καὶ
623 1578 684 1612 οὐχὶ
697 1578 777 1613 μόνον
792 1578 945 1614 ἐπιχαίρον-

150 1632 196 1655 τες
212 1625 246 1658 τῇ
264 1623 458 1659 φρενοϐλαϐείᾳ
474 1624 526 1650 τῶν
539 1624 702 1659 ἀνθρώπων,
720 1625 788 1663 τερος
802 1625 829 1651 δὲ
841 1626 888 1652 καὶ
902 1626 946 1652 ἁν-

151 1667 356 1702 θρώποκτονίας
370 1668 569 1701 ἀπολαύοντες·
585 1669 643 1696 νυνὶ
657 1670 706 1704 μὲν
718 1670 766 1702 τὰς
783 1671 811 1696 ἐν
827 1671 944 1703 σταδίοις

151 1713 281 1745 ἐνόπλους
298 1714 473 1748 φιλονεικίας,
486 1715 543 1741 νυνὶ
559 1715 587 1741 δὲ
606 1716 656 1746 τὰς
667 1716 695 1742 ἐν
707 1716 837 1752 πολέμοις
847 1717 943 1753 ἀναρί-

152 1759 238 1794 θμους
254 1759 421 1795 φιλοτιμίας,
437 1761 562 1796 ἀφορμὰς
586 1761 677 1795 σφισιν
689 1760 785 1796 ἡδονῆς
797 1761 943 1798 ποριζόμε-

151 1813 203 1837 νοι,
228 1805 302 1836 ὃπως
331 1806 371 1832 ὅτι
394 1806 510 1841 μάλιστα
530 1807 616 1842 ἔχοιεν
635 1806 812 1843 ἀνθρωπείων
833 1808 943 1843 ἀναίδην

152 1851 331 1886 ἐμφορεῖσθαι
354 1851 451 1886 φόνων.
472 1852 540 1888 ’Πδη
564 1853 592 1879 δὲ
616 1853 685 1880 κατὰ
712 1853 803 1885 πόλεις
816 1854 863 1880 καὶ
879 1854 942 1890 ἔθνη

153 1897 234 1925 οἱονεὶ
242 1897 330 1933 λοιμοὶ
344 1898 556 1934 ἐπισκήψαντες,
573 1899 688 1930 σπονδὰς
713 1899 856 1935 ἀπῄτησαν
878 1900 943 1936 ἀνη-

154 1943 264 1979 μέρους.
297 1944 491 1980 Ἀριστομένης
514 1944 579 1978 γοῦν
600 1946 614 1971 ὁ
636 1946 789 1981 Μεσσήνιος
809 1946 848 1982 τῷ
870 1946 943 1973 Ἰθω-

155 1989 221 2025 μίτῃ
243 1988 295 2023 (96)
311 1989 353 2016 Διὶ
364 1989 534 2025 τριακοσίους
549 1989 704 2024 ἀπέσφαξε³
723 1991 856 2023 τοσαύτας
876 1991 942 2027 ὀμοῦ

153 2035 201 2061 καὶ
217 2034 345 2066 τοιαύτας
359 2035 509 2070 καλλιερεῖν
525 2036 646 2071 οἰόμενος
663 2036 817 2072 ἑκατόμϐας
827 2046 834 2052 ·
857 2038 886 2064 ἐν
903 2035 942 2070 οἷς

154 2081 201 2106 καὶ
215 2080 375 2116 Θεόπομπος
384 2079 418 2116 ἦν
433 2082 447 2107 ὁ
458 2081 677 2117 Λακεδαιμονίων
693 2082 828 2117 βασιλεὺς,
847 2084 943 2118 ἱερεῖον

155 2126 277 2160 εὐγενές,
289 2126 391 2162 Ταῦροι
412 2126 440 2153 δὲ
459 2126 489 2152 τὸ
502 2127 590 2159 ἔθνος,
603 2128 629 2154 οι
648 2129 712 2163 περὶ
738 2128 786 2163 τὴν
805 2129 942 2164 Ταυρικὴν

154 2171 328 2208 Χερρόνησον
340 2172 540 2205 κατοικοῦντες,
558 2173 605 2206 οὒς
617 2173 650 2200 ἂν
663 2173 718 2200 τῶν
728 2173 810 2207 ξένων
820 2175 883 2210 παρ’
896 2175 944 2201 αὺ-

124 2242 128 2246 ,
153 2220 211 2250 τοῖς
228 2219 318 2250 ἕλωσι,
333 2218 436 2245 τούτων
457 2218 488 2254 δὴ
502 2219 556 2246 τῶν
572 2220 641 2247 κατὰ
662 2219 796 2249 θάλατταν
817 2220 944 2247 ἐπταικό-

152 2272 219 2295 των,
241 2263 338 2293 αὐτίκα
362 2263 433 2299 μάλα
456 2265 489 2300 τῇ
507 2264 629 2300 Ταυρικῇ
648 2264 827 2292 καταθύουσιν
852 2265 942 2301 Ἀρτέ-
959 2277 981 2304 ι)

154 2310 223 2344 μιδι.
235 2309 342 2341 Ταύτας
356 2318 402 2335 σου
416 2316 429 2330 ﬂ
443 2309 492 2341 τὰς
507 2309 600 2342 θυσίας
624 2311 669 2337 ὲπὶ
690 2312 792 2346 σκηνῆς
811 2311 944 2347 τραγῳδεῖ

152 2357 168 2382 ό
186 2355 345 2391 Εὐριπίδης.
359 2355 480 2390 Μόνιμος
493 2355 547 2391 (97)
559 2356 587 2382 δὲ
601 2356 700 2391 ἱστορεῖ
711 2357 739 2382 ὲν
754 2358 786 2392 τῇ
803 2357 862 2383 Τῶν
871 2358 951 2387 0av-,

151 2400 271 2435 μασίων
284 2399 444 2434 συναγωγῇ
457 2401 485 2426 ὲν
501 2400 590 2436 Πέλλῃ
606 2400 656 2435 τῆς
666 2401 813 2433 Θετταλίας
836 2402 942 2436 Ἀχαιὸν

156 2446 299 2482 ἄνθρωπον
311 2446 396 2481 Πηλεῖ
408 2446 454 2473 καὶ
471 2446 585 2482 Χείρωνι
603 2447 795 2474 καταθύεσθαι.
811 2447 942 2479 Λυκτίους

155 2493 211 2527 (98)
226 2493 291 2528 γὰρ,
306 2492 422 2528 Κρητῶν
437 2492 465 2519 δὲ
484 2492 560 2524 ἔθνος
575 2493 641 2520 είσὶν
654 2490 736 2524 οὗτοι,
764 2492 942 2528 Ἀντικλείδης

155 2539 184 2563 ἐν
198 2538 326 2570 Νόστοις
341 2537 394 2572 (99)
403 2537 582 2571 ἀποφαίνεται
591 2537 748 2573 ἀνθρώπους
760 2537 942 2572 ἀποσφὰττειν

155 2584 194 2620 τῷ
211 2584 261 2611 Διί.
276 2584 331 2610 Καὶ
345 2584 474 2616 Λεσϐίους
492 2584 609 2620 Διονύσῳ
626 2584 673 2620 τὴν
688 2584 783 2621 ὁμοίαν
795 2585 942 2620 προσάγειν

143 2661 147 2665 .
192 2647 205 2661 ι
227 2641 270 2667 ῖσ.
287 2649 338 2667 σοι.

144 2679 250 2735 ίω(96)
268 2695 492 2735 ,Ἄριοςτοᾳέένης
523 2695 563 2728 τῷ
591 2696 736 2735 ἰρωμζτῃ.
764 2695 870 2735 Melius,
899 2695 940 2735 vel

163 2729 364 2776 ἶὲβξνμαέφνηνει
382 2730 542 2776 seum.
557 2734 586 2776 us
605 2730 754 2776 seven.
777 2735 804 2773 es
817 2731 873 2776 ειίίν
899 2731 940 2776 νει

156 2760 249 2801 etiam,
262 2760 291 2792 ut
308 2760 467 2796 Pausanias:
482 2760 632 2801 βιθῶμάτῃ,
645 2760 691 2792 aut
710 2760 853 2801 tempere,
867 2760 941 2800 quod

159 2799 298 2832 Doricum,
311 2800 445 2835 planeque
465 2799 646 2828 Messenicu’m
663 2805 705 2828 est
728 2809 734 2826 ε
767 2799 801 2828 ab
825 2799 939 2833 lthdtua,

158 2834 416 2866 Messeniaeiuoute.
443 2836 488 2862 ubi
514 2836 641 2870 oppidum
665 2836 786 2871 ejusdem
811 2836 940 2870 nominis,

158 2871 364 2907 situ__opereqne
379 2870 602 2907 munitissimum.

193 2904 252 2941 (97)?
265 2904 414 2941 Μόνιμος.
431 2904 468 2934 De
482 2905 531 2935 hoc
544 2906 683 2942 scriptore,
696 2905 807 2941 ejusque
820 2906 941 2941 Ἀνθρω-

1043 713 1052 729 ι
1068 703 1145 738 Apud
1162 708 1276 735 veteres,
1291 702 1388 736 inquit,
1403 702 1428 728 iu
1448 709 1522 729 more
1536 702 1652 736 positum
1672 707 1740 735 erat,
1757 706 1787 730 ut

1006 758 1032 777 In
1059 749 1175 777 sununis
1195 748 1351 783 reipublicae
1377 747 1589 779 calamitatibus,
1615 755 1696 783 penes
1718 757 1787 784 quos

1001 802 1048 824 aut
1064 795 1185 824 :ivitatis
1202 799 1250 822 aut
1273 794 1360 829 gentis
1378 794 1519 829 imperium
1542 799 1624 827 esset,
1641 795 1658 821 ii
1685 795 1786 822 libero-

999 850 1059 869 rum
1077 849 1191 869 suorum
1209 840 1376 873 charissimi,
1399 839 1534 867 uitulibus
1558 841 1726 868 daemonibus
1742 841 1786 875 ju.

1000 887 1095 923 gulati,
1117 887 1249 922 sanguine
1274 887 1353 922 quasi
1380 886 1484 922 pretio,
1511 885 1648 921 publicum
1673 886 1784 914 exitium

999 935 1193 969 interitumque
1214 934 1387 961 redimereut.
1409 932 1461 966 Qui
1476 940 1542 960 vero
1556 937 1612 959 tum
1633 932 1666 960 ad
1681 932 1785 960 sacriﬁ-

998 981 1069 1008 cium
1092 980 1305 1012 devovebautur,
1332 987 1379 1007 eos
1393 979 1516 1015 mysticis
1531 978 1694 1014 quibusdam
1715 980 1784 1006 ceri-

998 1026 1097 1053 moniis
1110 1026 1283 1061 jugulabant.
1299 1024 1446 1052 Enimvero
1459 1024 1604 1058 Saturnus,
1617 1033 1696 1059 quem
1708 1024 1786 1052 Phin-

997 1071 1071 1099 uices
1085 1071 1213 1099 lsraelem
1231 1071 1386 1102 nominant,
1405 1078 1541 1106 quemque
1559 1075 1620 1105 post
1634 1071 1738 1098 obitum
1757 1070 1784 1098 iu

997 1122 1101 1144 astrum
1129 1117 1252 1152 ejusdem
1280 1116 1400 1144 nominis
1423 1120 1633 1149 consecrarunt,
1664 1124 1725 1144 cum
1752 1117 1785 1143 iis

997 1164 1024 1191 in
1054 1164 1121 1191 locis
1153 1168 1294 1200 regnaret.
1323 1172 1355 1190 ac
1385 1164 1469 1191 tiliurn
1501 1163 1610 1190 unicum
1642 1170 1674 1190 ex
1705 1171 1784 1198 nym-

997 1210 1049 1244 pha
1075 1210 1194 1245 quadam
1223 1210 1369 1245 indigena,
1398 1217 1480 1244 quam
1510 1210 1677 1236 Anobretten
1706 1216 1785 1235 voca-

996 1255 1071 1287 bant,
1093 1254 1276 1289 suscepisset,
1297 1262 1414 1289 eumque
1437 1258 1579 1289 propterea
1599 1253 1708 1281 leudem
1734 1262 1782 1288 ap-

997 1301 1139 1335 pellatum,
1160 1300 1233 1335 quod
1246 1307 1277 1327 ea
1300 1307 1354 1326 vox
1377 1300 1448 1335 apud
1472 1299 1616 1328 Phoenices
1636 1299 1782 1334 uuigenam

999 1345 1077 1381 157
1094 1346 1244 1373 etiamnum
1259 1345 1412 1380 signiticet;
1427 1353 1546 1380 cumque
1566 1345 1702 1372 teterrima
1722 1345 1782 1372 belli

996 1392 1086 1419 clades
1102 1392 1257 1418 universam
1283 1391 1310 1418 in
1327 1391 1465 1426 regionem
1492 1391 1671 1424 incubuisset,
1704 1390 1780 1417 illum

997 1438 1086 1474 ipsum
1107 1437 1181 1472 regio
1193 1438 1267 1464 cultu
1282 1442 1408 1464 ornatum
1424 1437 1457 1464 ad
1473 1445 1548 1464 aram
1572 1437 1621 1464 abs
1634 1445 1694 1465 sese
1706 1437 1782 1472 prius

995 1488 1115 1511 erectam
1133 1489 1160 1511 et
1177 1484 1339 1512 instructam
1357 1483 1517 1511 immolavit.
1546 1493 1555 1510 ι
1581 1483 1646 1516 Quae
1658 1491 1720 1511 cum
1745 1482 1780 1510 ita

995 1539 1026 1559 se
1034 1531 1177 1562 haberent,
1190 1531 1251 1566 jure
1266 1537 1331 1558 sane
1343 1538 1375 1557 ac
1389 1530 1486 1556 merito
1499 1529 1633 1562 Clemens,
1650 1529 1689 1556 vir
1703 1528 1782 1563 plano

997 1577 1154 1612 singularis.
1172 1577 1198 1604 iu
1209 1585 1250 1610 ea,
1261 1584 1342 1612 quam
1359 1576 1505 1612 gentilibus
1519 1575 1668 1610 inscripsit,
1680 1574 1784 1603 Cohor-

998 1624 1108 1656 tatioue,
1126 1623 1221 1651 eadem
1238 1623 1289 1650 ista
1306 1630 1432 1657 carpens,
1455 1622 1596 1649 hominum
1610 1621 1718 1648 illorum
1731 1629 1782 1648 cae-

996 1669 1105 1696 citatem
1124 1668 1167 1696 his
1183 1668 1275 1696 verbis
1304 1667 1503 1695 lamentaturu
1524 1666 1601 1694 Nunc
1623 1671 1725 1699 autem,
1739 1666 1782 1693 iu-

995 1715 1067 1749 quit,
1086 1714 1277 1749 superioribus
1293 1714 1360 1741 illud
1385 1714 1466 1741 etiam
1493 1714 1684 1748 adjungamus,
1698 1720 1781 1748 quam

995 1760 1129 1788 immanes
1145 1760 1182 1787 dii
1198 1760 1280 1787 vestri
1295 1759 1434 1787 daemones
1455 1759 1566 1793 fuerint,
1583 1767 1720 1795 quamque
1735 1767 1781 1786 ca-

994 1806 1069 1842 pitali
1090 1798 1231 1833 hominum
1255 1807 1318 1834 odio
1333 1806 1516 1842 ﬂagraverint,
1543 1806 1590 1841 qui
1612 1813 1707 1833 eorum
1725 1813 1778 1834 non

993 1852 1121 1880 vecordia
1139 1853 1220 1880 modo
1233 1853 1396 1888 iusauiaque
1409 1853 1620 1886 delectarentur,
1638 1849 1685 1880 sed
1697 1852 1778 1879 etiam

993 1899 1152 1927 carnilicina
1180 1898 1356 1933 cacdibusque
1384 1898 1548 1926 fruerentur.
1571 1897 1676 1934 Quippe
1699 1898 1780 1925 modo

993 1946 1066 1973 enim
1085 1949 1205 1973 armatas
1220 1946 1247 1972 in
1263 1945 1351 1972 stadio
1375 1949 1403 1971 et
1425 1945 1583 1973 ambitiosas
1611 1945 1780 1972 commissio-

995 1999 1054 2024 nes,
1071 1991 1152 2018 modo
1168 1990 1288 2018 inﬁnitas
1302 1990 1364 2018 belli
1374 1991 1561 2018 contentiones
1574 1991 1686 2018 honoris
1697 1999 1779 2019 causa

994 2037 1141 2072 glorireque
1166 2040 1318 2070 susceptas,
1344 2037 1491 2071 voluptatis
1515 2036 1567 2064 sibi
1590 2038 1732 2065 materiam
1747 2045 1780 2064 ac

994 2087 1111 2118 segetem
1129 2082 1315 2113 accersebant,
1337 2086 1366 2109 ut
1392 2082 1431 2109 sic
1446 2083 1587 2118 indignum
1612 2083 1639 2110 iu
1667 2083 1777 2110 modum

995 2128 1115 2155 humano
1130 2135 1228 2156 cruore
1242 2128 1334 2155 satiari
1349 2133 1470 2164 possent.
1487 2128 1546 2156 Jam
1560 2136 1623 2156 vero
1636 2136 1682 2163 per
1697 2129 1778 2156 urbes

994 2172 1095 2207 passim
1110 2179 1141 2200 ac
1152 2172 1267 2207 populos
1279 2176 1408 2207 tanquam
1424 2174 1570 2200 teterrimae
1592 2178 1682 2208 pestes
1703 2181 1779 2208 gras-

995 2217 1058 2249 sati,
1074 2217 1199 2245 crudeles
1213 2217 1341 2252 dirasque
1357 2217 1502 2245 libationes
1517 2218 1688 2253 expetebant.
1708 2217 1779 2246 Sane

994 2262 1181 2290 Aristomenes
1196 2262 1241 2290 ille
1252 2262 1403 2290 Messenius
1419 2261 1553 2290 lthomitae
1568 2262 1627 2291 ,Ιονί
1644 2266 1778 2290 trecentos

992 2308 1137 2343 juguiavit,
1154 2313 1230 2336 ratus
1246 2309 1353 2344 egregie
1368 2316 1428 2336 sese
1441 2312 1482 2336 tot
1506 2313 1616 2344 tamque
1632 2308 1708 2336 lectis
1729 2309 1778 2335 he-

994 2355 1128 2382 catombis
1145 2355 1247 2388 litasse,
1263 2363 1380 2390 quorum
1408 2362 1423 2382 e
1448 2362 1562 2382 numero
1586 2354 1778 2389 Theopompus

994 2406 1063 2435 erat,
1078 2400 1348 2429 Lacedaemoniorum
1365 2408 1422 2432 rex,
1441 2400 1554 2427 illustris
1578 2399 1672 2434 utique
1700 2400 1779 2426 nubi-

993 2448 1082 2483 lisque
1097 2448 1216 2475 victima.
1239 2446 1321 2474 Tauri
1337 2454 1400 2474 vero
1426 2447 1529 2481 populi,
1555 2446 1601 2481 qui
1617 2447 1689 2474 circa
1706 2445 1779 2473 Tau-

993 2494 1078 2521 ricam
1091 2493 1290 2522 Chersonesum
1308 2493 1440 2526 habitant,
1454 2497 1588 2528 quotquot
1606 2493 1677 2528 apud
1691 2501 1720 2520 se
1733 2501 1778 2527 pe-

993 2540 1118 2574 regrinos
1133 2547 1166 2567 eo
1184 2544 1240 2566 tum
1255 2547 1358 2571 errore,
1377 2543 1434 2566 tum
1449 2539 1474 2565 vi
1493 2539 1661 2574 tempestatis
1679 2539 1777 2574 appul-

993 2592 1039 2613 sos
1052 2585 1255 2621 intercipereut,
1271 2585 1409 2620 evestigio
1427 2584 1550 2612 Taurica:
1565 2584 1658 2612 Diana:
1675 2585 1777 2612 immu-

992 2695 1125 2728 ποθυσιᾳ
1138 2695 1204 2721 nihil
1215 2694 1277 2729 legi.
1294 2693 1375 2721 Forte
1389 2694 1416 2721 in
1438 2694 1550 2722 Achillis
1563 2695 1708 2722 immaturo
1723 2694 1777 2722 fato

993 2730 1062 2763 rapti
1079 2730 1248 2761 memoriam,
1259 2729 1339 2756 Peleo
1354 2729 1413 2764 ejus
1425 2730 1540 2764 parenti,
1556 2735 1583 2757 et
1595 2730 1708 2758 Chiroui
1726 2738 1778 2757 nn-

993 2765 1067 2792 tritio
1083 2765 1172 2792 scelus
1184 2765 1235 2791 hoc
1251 2765 1405 2792 institutum
1431 2765 1521 2792 fuerit.

1031 2800 1087 2834 (98)
1103 2800 1261 2832 Λυκτίους.
1278 2798 1375 2835 Recte;
1393 2808 1532 2835 perperam
1548 2800 1619 2827 enim
1634 2800 1704 2835 apud
1717 2799 1777 2827 Cie-

993 2833 1075 2862 me’ut.
1083 2856 1089 2867 ,
1104 2835 1218 2861 habetur
1245 2833 1371 2866 Λυκίους.

1027 2869 1086 2903 (99)
1105 2869 1306 2903 Ἀντικλείδης
1319 2870 1352 2895 ἐν·
1374 2871 1511 2903 Νόστοις.
1541 2869 1652 2902 Suidas,
1691 2869 1776 2898 Ἀντι-

995 2902 1111 2943 κλείδης,
1126 2904 1223 2940 inquit,
1241 2902 1316 2937 οὗτος
1331 2904 1433 2941 ἔγραψε
1451 2906 1513 2942 ¹κερ).
1527 2905 1636 2933 νόστων.
