2060 3213
278 207 330 235 279

598 206 733 235 EUSEBII
750 206 993 234 CIESARlENSIS
1015 206 1079 234 OPP
1112 206 1202 234 PARS
1221 205 1252 233 ll.
1269 221 1303 226 —
1319 204 1570 237 APOLOGETICA.

1847 201 1902 229 280

278 272 324 294 tea
347 274 440 294 rerum
455 265 580 293 omnium
597 265 739 293 sterilitate
765 269 963 300 premerentur,
990 264 1060 297 .lovi,

1113 265 1143 290 οὐ
1162 264 1317 298 Πελασγοὺς
1336 263 1415 290 καλεῖ
1437 264 1499 295 τοὺς
1520 261 1688 297 ἀνθρώπους,
1707 260 1774 288 ἀλλὰ
1791 260 1900 296 Tegea;

277 311 407 347 Apollini,
427 316 455 339 et
467 310 574 338 Cabiris
590 317 697 342 eorum,
712 317 773 344 quze
795 309 847 337 sibi
872 314 1060 342 nascerentur,

277 359 400 386 omnium
420 358 541 385 decimas
559 360 705 388 voverant;
728 355 842 390 ideoque
871 355 910 383 rei
936 361 1061 382 votorum

278 403 376 436 eil'ecti,
391 403 506 430 eximias
521 401 658 429 fructuum
672 408 704 428 ac
728 408 857 436 pecorum
872 401 1062 428 universorum

279 449 399 477 decimas
414 448 467 476 diis
480 451 685 479 consecrarant,
702 446 781 482 quasi
798 447 856 474 suis
877 455 923 474 eas
946 451 1061 479 tantum,

280 495 402 529 nihilque
424 498 553 529 praeterea
583 492 654 520 votis
682 492 868 520 inclusissent.
899 493 986 527 Atque
1007 493 1064 521 hzec

280 539 391 567 totidem
407 546 476 574 pene
487 538 578 566 verbis
605 545 621 565 a
649 537 759 574 Myrsilo
782 538 880 566 Lesbio
897 546 1064 566 commemo-

279 590 386 618 rantur,
411 585 464 612 nisi
479 585 554 620 quod
577 585 734 621 Tyrrhenos
761 585 819 620 ipse
843 585 958 620 populos
984 585 1063 617 istos,

279 640 335 659 non
351 631 480 667 Pelasgos
498 631 626 666 appellat,
641 631 720 666 cujus
736 630 774 658 rei
792 638 874 658 causa
890 630 1062 666 postmodum

278 685 293 705 a
306 677 385 705 nobis
401 677 540 705 aﬂ'eretur.
556 676 690 704 Caeterum
707 684 769 704 cum
800 677 834 704 de
863 676 940 703 relati
961 676 1063 703 oraculi

279 727 369 750 mente
386 722 461 750 nullo
477 722 560 749 modo
572 722 708 757 conjicere
733 726 854 757 possent,
881 721 971 748 dubiis
1004 721 1064 748 ani-

279 767 372 802 mique
386 767 578 802 pendentibus,
603 775 618 794 e
641 767 794 794 senioribus
809 774 879 793 unus
890 766 987 801 aliquis
1003 774 1062 795 eam

279 813 394 840 solerter
408 817 562 846 assecutus,
583 820 631 840 eos
655 812 814 847 gravissime
840 811 897 841 falli
921 812 1064 839 denuntia-

279 859 328 891 vit,
357 859 380 886 si
408 859 547 886 immerito
571 859 622 886 sibi
649 866 810 886 succensere
832 858 897 885 deos
912 862 1061 893 putarent:

279 913 343 932 nam
359 913 450 932 rerum
465 907 575 940 quidem
588 913 621 933 ac
633 904 802 933 fortunarum
813 904 946 939 primitias
963 904 1012 931 rite
1023 910 1064 931 at-

1115 309 1195 342 νούςο
1211 310 1260 345 τὴν
1274 309 1295 336 δ’
1312 309 1402 336 αἰτίαν
1417 309 1471 344 (l5)
1488 308 1577 343 ὀλίγον
1598 308 1710 344 ὕστερον
1727 306 1791 342 ὲρῶ.
1815 307 1858 338 Ὡς
1873 306 1901 333 δὲ

1115 355 1297 391 ἀπενεχθέντα
1316 355 1362 381 τὸν
1380 354 1502 390 χρησμὸν
1524 353 1634 389 ἔμαθον,
1651 353 1701 379 οὐκ
1718 350 1789 387 εἶχον
1806 352 1841 379 τὰ
1859 351 1902 378 λε-

1115 402 1218 436 γόμενα
1247 401 1405 438 συμϐαλεῖν.
1439 400 1620 436 ’Δμηχανοῦσι
1657 399 1685 425 δὲ
1722 399 1813 430 αὐτοῖς
1847 397 1902 424 τῶν

1115 447 1283 484 γεραιτέρων
1298 456 1339 480 τις
1356 447 1439 482 λέγει,
1459 445 1604 482 συμϐαλὼν
1623 445 1654 471 τὸ
1676 446 1776 480 λόγιον,
1797 444 1838 470 ὅτι
1854 443 1901 470 τοῦ

1116 492 1216 524 παντὸς
1234 493 1435 528 ἡμαρτήκασιν,
1458 492 1481 518 εἰ
1500 491 1603 518 οἴονται
1623 490 1685 521 τοὺς
1705 489 1782 520 θεοὺς
1802 487 1902 519 ἀδίκως

1116 539 1207 570 αὐτοῖς
1221 539 1354 572 ἐγκαλεῖν·
1370 538 1518 573 χρημάτων
1537 537 1585 571 μὲν
1599 535 1653 572 γὰρ
1670 533 1902 565 ἀποδεδόσθαιτὰυς

1116 584 1242 620 ἀπαρχὰς
1259 584 1349 616 αὐτοῖς
1365 584 1473 614 ἁπάσας
1489 582 1576 617 ὀρθῶς
1589 590 1618 608 τε
1635 581 1682 608 καὶ
1699 581 1746 608 σὺν
1762 580 1823 615 δίκῃ
1835 588 1841 594 ο
1856 579 1903 606 ἀν-

1117 630 1232 667 θρώπων
1252 631 1280 657 δὲ
1301 631 1381 666 γονῆς
1396 630 1426 657 τὸ
1448 630 1539 665 λάχος,
1557 629 1651 665 χρῆμα
1673 627 1771 658 παντὸς
1787 626 1903 662 μάλιστα

1117 677 1187 709 θεοῖς
1202 676 1379 712 τιμιώτατον,
1403 675 1573 710 ὀφείλεσθαιθ
1597 675 1621 700 εἰ
1641 674 1669 700 δὲ
1693 673 1724 708 δὴ
1741 671 1902 699 καὶτούτων

1116 723 1223 750 λάϐοιεν
1242 723 1291 758 τὴν
1304 722 1410 748 δικαίαν
1425 723 1532 757 μοῖραν,
1549 720 1624 751 τέλος
1642 719 1713 752 ἕξειν
1727 719 1801 753 σφίσι
1814 718 1845 744 τὸ
1859 717 1903 743 λό-

1116 777 1185 802 γιον.
1204 769 1267 800 Τοῖς
1284 768 1333 803 μὲν
1346 767 1378 802 δὴ
1395 766 1481 803 ὀρθῶς
1496 766 1581 795 ἐδόκει
1596 764 1720 799 λέγεσθαι
1734 763 1817 790 ταῦτα
1827 771 1834 778 ’
1847 764 1903 794 ’.οῖς

1116 815 1138 841 δ’
1155 814 1184 847 ἐξ
1207 814 1351 848 ἐπιϐουλῆς
1369 812 1526 847 συγκεῖσθαι
1543 813 1558 838 ὁ
1572 811 1659 846 λόγος.
1677 809 1902 845 Εἰσηγησαμένου

1116 860 1143 886 δέ
1156 868 1228 892 τινος
1242 860 1291 895 τὴν
1307 858 1420 894 γνώμην
1431 859 1475 885 τὸν
1488 858 1547 885 θεὸν
1572 856 1728 892 ὲπὲρεσθαι,
1742 857 1766 882 εἰ
1778 854 1851 890 αὑτῴ
1864 854 1904 889 φί-

1116 905 1160 934 λον
1182 905 1332 940 ἀνθρώπων
1351 905 1465 936 δεκάτας
1483 903 1696 938 ἀπολαμϐάνειν,
1715 902 1854 937 πέμπουσι
1872 900 1903 927 τὸ

280 958 334 985 que
351 950 390 978 uti
403 959 510 986 aequum
524 956 584 979 erat
599 951 750 986 persolutas
765 958 860 978 omnes
884 950 937 978 diis
961 950 1062 982 fuisse;

1115 952 1239 988 δεύτερον
1251 952 1432 988 θεοπρόπους·
1446 952 1494 978 καὶ
1507 952 1521 977 ὀ
1530 950 1593 982 θεὸς
1607 949 1709 977 ἀνεῖλεν
1721 948 1791 975 οὕτω
1805 949 1902 975 ποιεῖν.

280 1001 308 1024 ιιι
328 1001 454 1024 natorum
481 1005 530 1032 per
549 997 576 1024 id
595 1002 702 1031 tempus
720 996 859 1024 hominum
875 1002 988 1029 sortem,
1004 1005 1064 1031 qua:

280 1043 391 1071 maximi
405 1043 528 1070 omnium
548 1043 583 1072 ab
609 1043 643 1070 iis
658 1043 743 1075 ﬁeret,
765 1043 846 1071 etiam
877 1047 934 1069 tum
961 1043 1062 1071 deberi.

279 1088 370 1120 Quare
385 1088 408 1116 si
423 1096 520 1116 eorum
534 1094 662 1123 praeterea
675 1088 777 1122 justam
804 1088 842 1115 dii
866 1096 975 1123 quoque
1001 1096 1063 1123 par-

279 1140 332 1162 tem
349 1135 513 1169 acciperent,
533 1140 590 1161 tum
605 1135 715 1162 demum
731 1134 872 1162 oraculum
887 1135 992 1162 felicem
1006 1134 1065 1161 exi-

279 1187 337 1208 tum
351 1181 519 1208 habiturum.
534 1180 610 1208 Hanc
624 1181 699 1208 senis
715 1180 864 1207 orationem
881 1181 996 1215 probare
1006 1180 1062 1213 alii,

279 1227 326 1254 alii
341 1232 436 1255 contra
450 1233 606 1262 suspectam
621 1225 730 1258 habere,
745 1227 822 1260 quasi
840 1226 934 1253 fraude
947 1226 1064 1261 doloque

279 1273 469 1308 compositam.
487 1273 548 1300 Mox
573 1277 662 1300 tamen
690 1276 827 1299 auctorem
845 1280 860 1300 e
876 1272 955 1299 turba
968 1280 1064 1307 quem-

280 1319 352 1353 piam
368 1319 480 1352 sccutis,
499 1319 602 1354 placuit
615 1319 716 1353 denuo,
743 1320 921 1346 hominumne
943 1318 1064 1346 decimas

278 1370 427 1399 expeteret,
443 1373 545 1392 numen
558 1366 702 1392 consulere
724 1375 730 1392 :
747 1365 819 1400 quod
840 1365 887 1392 ubi
903 1365 943 1393 sic
958 1364 1063 1392 facien-

278 1413 343 1439 dum
372 1412 464 1440 missis
482 1413 686 1440 consultoribus
711 1412 906 1448 respondisset,
930 1412 1062 1441 continuo

277 1458 375 1485 seditio
389 1458 521 1492 exoritur,
539 1458 611 1493 quod
631 1459 702 1486 inter
716 1466 764 1486 eos
780 1458 814 1486 de
841 1459 993 1486 decimandi
1019 1465 1063 1486 ra-

278 1504 353 1531 tione
369 1504 515 1532 convenire
532 1512 587 1532 non
610 1509 712 1539 posset.
731 1504 770 1532 Ae
785 1504 873 1539 primo
889 1505 999 1539 quidem
1017 1504 1061 1531 in-

279 1555 318 1577 ter
333 1550 407 1585 ipsos
419 1551 560 1578 civitatum
576 1551 713 1586 principes
727 1551 830 1578 turbari
846 1555 977 1585 coeptum,
998 1558 1060 1579 mox

277 1601 374 1623 extera
386 1604 495 1632 quoque
509 1597 655 1624 multitudo
676 1596 710 1624 de
732 1597 901 1631 principibus
926 1597 997 1625 male
1015 1605 1062 1625 su-

280 1642 411 1676 spicatur.
429 1642 500 1677 Ergo
527 1642 602 1669 nullo
620 1642 715 1669 ordine
732 1642 902 1675 tumultuari,
928 1644 1061 1678 sedesque

279 1691 394 1720 mutare,
414 1687 461 1715 sed
478 1687 517 1714 uti
533 1695 581 1722 par
596 1692 654 1714 erat
671 1687 794 1714 homines
812 1687 923 1714 deorum
944 1687 1062 1716 stimulis

278 1741 310 1761 ac
325 1733 412 1768 pCBlliS
434 1732 560 1769 agitatus.
585 1731 646 1765 Quo
672 1732 785 1765 factum,
812 1737 841 1759 ut
858 1733 930 1760 aedes
953 1733 1063 1768 integra:

279 1777 402 1806 luriditus
416 1778 582 1810 delerentur,
601 1781 677 1812 parte
693 1785 786 1804 eorum
801 1778 855 1805 alio
877 1779 1062 1814 commigrau—

279 1829 315 1856 te,
330 1831 392 1851 cum
411 1824 556 1859 propinqui
571 1823 769 1852 discedentium
784 1823 862 1851 nel‘as
876 1829 1012 1858 putarent,
1037 1829 1063 1852 et

281 1871 372 1897 divelli
389 1878 404 1897 ιι
417 1871 590 1903 necessariis,
604 1874 704 1898 etcum
720 1869 918 1897 inimicissimis
931 1871 1061 1898 residere.

280 1914 400 1942 Primum
413 1914 496 1950 igitur
513 1915 557 1942 isti
577 1922 684 1947 omnes,
701 1914 796 1942 relicta
813 1914 901 1947 Italia,
918 1916 1018 1950 partim
1034 1917 1061 1943 in

279 1960 422 1993 Graeciam,
439 1961 536 1995 partim
552 1961 579 1988 in
604 1961 682 1996 160
707 1961 838 1988 barbaras
862 1962 1005 1996 plerasque
1019 1970 1062 1989 re-

279 2005 374 2039 giones
386 2005 509 2040 dissipati
523 2012 588 2035 sunt
601 2015 607 2033 :
622 2007 770 2034 secundum
785 2015 853 2042 quos
873 2007 918 2035 alii
935 2007 1063 2043 deinceps

279 2051 401 2078 eamdem
417 2051 524 2079 subiere
537 2051 682 2084 fortunam,
696 2060 757 2080 cum
778 2053 803 2080 id
815 2053 902 2088 ipsum
917 2055 1063 2089 quotannis

279 2096 410 2124 eveniret.
430 2095 485 2124 Nec
500 2097 573 2124 enim
600 2098 760 2126 desinebant
775 2098 915 2126 civitatum
939 2101 1063 2128 modera-

280 2147 354 2170 tores
368 2143 451 2171 leetas
471 2143 587 2170 subinde
608 2143 820 2171 adolescentium
847 2145 982 2179 primitias
1005 2147 1064 2173 exi-

279 2195 365 2220 mere,
383 2188 480 2222 partim
493 2193 522 2215 ut
538 2195 598 2219 sese
613 2189 756 2216 numinum
772 2190 902 2224 religione
913 2192 1062 2226 solverent,

280 2235 378 2269 partim
391 2235 464 2269 quod
480 2235 513 2261 ab
530 2235 574 2268 iis,
597 2236 643 2270 qui
663 2235 830 2270 ell‘ugissent,
848 2244 932 2264 novas
948 2238 1062 2266 seditio-

1120 998 1168 1024 Ἐκ
1184 997 1213 1025 δὲ
1225 997 1320 1024 τούτου
1338 997 1431 1029 στάσις
1448 996 1545 1028 αὐτοὺς
1560 994 1762 1030 καταλαμϐάνει
1779 992 1902 1028 περὶτοῦ

1113 1043 1213 1078 τρόπου
1230 1043 1279 1078 τῆς
1300 1041 1475 1073 δεκατώσεως
1491 1049 1515 1068 δ.
1533 1041 1587 1068 Καὶ
1607 1042 1636 1068 ὲν
1654 1039 1777 1075 ἀλλήλοις
1792 1040 1816 1065 οἱ
1833 1047 1903 1074 προ-

1114 1087 1259 1124 εστηκότες
1285 1087 1340 1114 τῶν
1361 1087 1465 1114 πόλεων
1484 1087 1545 1114 τότε
1567 1087 1674 1122 πρῶτον
1696 1085 1901 1122 ἐταράχθησαν

1114 1136 1208 1161 ἔπειτα
1230 1134 1277 1160 καὶ
1289 1133 1320 1161 τὸ
1338 1133 1429 1160 λοιπὸν
1443 1133 1543 1168 πλῆθος
1557 1132 1590 1158 δι’
1608 1130 1725 1166 ὑποψίας
1741 1131 1803 1162 τοὺς
1817 1131 1845 1156 ὲν
1859 1129 1904 1156 τὲ-

1113 1180 1153 1206 λει
1166 1179 1326 1215 ἐλάμϐανεν.
1351 1179 1486 1214 Ἐγένοντο
1502 1178 1529 1204 δὲ
1543 1178 1630 1204 οὐδενὶ
1646 1177 1741 1212 κόσμῳ
1757 1177 1784 1203 αἱ
1806 1177 1904 1202 ἐπανα-

1115 1226 1222 1258 στάσεις
1233 1226 1337 1261 (16-17)
1349 1234 1355 1240 “
1370 1225 1425 1252 ἀλλ’
1435 1225 1528 1260 ὥσπερ
1537 1224 1618 1256 εἰκὸς,
1628 1224 1727 1259 οἴστρῳ
1735 1223 1780 1249 καὶ
1794 1222 1904 1249 θεοϐλα-

1114 1272 1173 1308 ϐείᾳ
1186 1272 1411 1308 ἀπελαυνομένων
1423 1271 1488 1307 (18),
1503 1271 1549 1297 καὶ
1561 1270 1645 1297 πολλὰ
1658 1270 1768 1304 ἐφέστια
1781 1269 1827 1295 ὅλα
1841 1268 1903 1304 ἑξη-

1113 1319 1220 1354 λείξθη,
1249 1318 1349 1354 μέρους
1372 1317 1461 1344 αὐτῶν
1482 1317 1697 1352 μεθισταμένου·
1723 1316 1753 1342 οὐ
1773 1314 1828 1351 γὰρ
1850 1314 1903 1342 ἐδι-

1113 1365 1206 1392 καίουν
1230 1366 1254 1392 οἱ
1280 1365 1463 1401 προσήκοντες
1486 1365 1541 1395 τοῖς
1565 1363 1682 1395 ἐξιοῦσιν
1707 1360 1902 1389 ἀπολείπεσθαι

1112 1412 1166 1439 τῶν
1179 1411 1325 1446 φιλτάτων,
1340 1411 1387 1437 καὶ
1400 1412 1427 1437 ἐν
1443 1412 1498 1442 τοῖς
1512 1410 1645 1445 ἐχθίστοις
1657 1409 1810 1444 ὑπομένειν.
1825 1408 1903 1444 Πρῶ-

1111 1467 1158 1486 τον
1179 1458 1227 1493 μὲν
1244 1458 1275 1493 δὴ
1293 1454 1365 1484 οὗτοι
1387 1457 1498 1488 πάντες.
1519 1456 1700 1491 μεταστάντες
1723 1454 1754 1487 ἐξ
1776 1454 1901 1488 Ἰταλίας,

1113 1503 1152 1534 εἷς
1164 1512 1194 1530 τε
1214 1503 1263 1538 τὴν
1289 1502 1401 1529 Ἐλλάδα
1416 1502 1463 1528 καὶ
1476 1502 1525 1537 τὴν
1541 1500 1678 1537 βάρϐαρον
1701 1500 1801 1535 πολλὴν
1818 1500 1901 1526 ἐπλα-

1112 1550 1232 1586 νήθησαν
1243 1559 1249 1565 ”
1268 1550 1337 1585 μετὰ
1352 1549 1380 1576 δὲ
1395 1549 1456 1580 τοὺς
1475 1548 1596 1584 πρώτους
1613 1548 1701 1584 ἕτεροι
1716 1547 1745 1574 τὸ
1760 1547 1824 1574 αὐτὸ
1837 1547 1903 1574 ἑπα-

1113 1597 1168 1627 θον,
1193 1595 1332 1623 καὶτοῦτο
1351 1595 1463 1622 διετέλει
1485 1594 1625 1629 γινόμενον
1645 1593 1691 1620 ἐπὶ
1713 1593 1772 1629 ἔτη.
1793 1594 1829 1620 Οὐ
1847 1593 1902 1628 γὰρ

1112 1642 1222 1671 ἀνίεσαν
1233 1643 1257 1668 οἱ
1271 1642 1476 1672 δυναστεύοντες
1490 1642 1518 1667 ὲν
1531 1642 1591 1671 ταῖς
1608 1640 1710 1671 πόλεσι,
1727 1640 1776 1675 τῆς
1790 1640 1903 1675 ἀνδρουο

1113 1690 1195 1725 μένης
1212 1689 1267 1716 αἰεὶ
1282 1689 1411 1724 νεότητος
1429 1686 1617 1722 ἐξαιρούμενοι
1630 1685 1679 1718 τὰς
1692 1685 1830 1721 ἀπαρχὰς,
1847 1687 1902 1717 τοῖς

1110 1745 1140 1763 τε
1155 1737 1225 1768 θεοῖς
1242 1736 1277 1763 τὰ
1297 1735 1388 1762 δίκαια
1406 1735 1551 1770 ὑπουργεῖν
1572 1733 1709 1766 ἀξιοῦντες
1724 1734 1770 1760 καὶ
1791 1741 1903 1759 στασια-

1112 1783 1197 1818 σμοὺς
1214 1783 1246 1808 ἐκ
1260 1781 1314 1809 τῶν
1331 1781 1509 1808 διαλαθόντων
1521 1780 1647 1811 δεδιότες.
1661 1778 1715 1806 'llv
1730 1780 1758 1806 δὲ
1774 1779 1840 1806 πολὺ
1855 1780 1902 1806 καὶ

1110 1828 1141 1855 τὸ
1154 1828 1221 1864 πρὸς
1233 1827 1341 1863 ἔχθραν,
1359 1827 1406 1853 σὺν
1423 1827 1699 1862 προςάσειεὺπρεπεῖ
1716 1825 1901 1861 ἀπελαυνόμε-

1112 1885 1152 1902 νοι
1166 1876 1179 1895 1³
1192 1874 1245 1901 ὑπὸ
1258 1874 1312 1901 τῶν
1326 1873 1472 1909 διαφόρων.
1489 1873 1570 1898 Ὥστε
1588 1872 1683 1901 πολλαὶ
1699 1872 1728 1897 αἱ
1747 1872 1902 1898 ἐπαναστά-

1113 1931 1169 1954 σεις
1183 1927 1194 1941 ε
1210 1922 1340 1955 ἐγίνοντο,
1358 1921 1403 1947 καὶ
1420 1919 1466 1945 ἐπὶ
1480 1919 1603 1945 πλεῖστον
1622 1919 1673 1954 γῆς
1687 1918 1717 1944 τὸ
1734 1918 1902 1952 Πελασγικὸν

1112 1969 1189 2003 γένος
1201 1967 1357 2003 διεφορήθη,
1371 1976 1380 1992 1
1394 1966 1449 1993 Καὶ
1463 1964 1531 2001 μετὰ
1545 1964 1648 2000 βραχέα
1661 1964 1726 1999 φησὶ
1736 1973 1743 1979 ⁸
1759 1973 1768 1989 ι
1786 1964 1901 1998 Λέγουσι

1112 2013 1141 2040 δὲ
1156 2013 1211 2048 (19)
1227 2012 1274 2039 καὶ
1290 2012 1339 2043 τὰς
1352 2011 1445 2042 θυσίας
1463 2009 1595 2038 ἐπιτελεῖν
1612 2009 1650 2044 τῷ
1667 2010 1763 2045 Κρόνῳ
1779 2009 1901 2041 καὶτοὺς

1114 2059 1256 2090 παλαιοὺᾳ
1278 2057 1372 2092 ὥσπερ
1393 2058 1421 2083 ὲν
1444 2055 1597 2091 Καρχηδόνι
1619 2055 1688 2086 τέως
1710 2055 1764 2090 (20)
1782 2056 1798 2090 ὴ
1824 2054 1902 2086 πόλις

1113 2106 1243 2141 διέμεινε,
1258 2104 1305 2130 καὶ
1322 2103 1396 2138 παρὰ
1416 2102 1526 2134 Κελτοῖς
1539 2103 1579 2133 εἰς
1598 2101 1657 2128 τάδε
1674 2101 1770 2137 χρόνου
1784 2101 1899 2135 γίνεται,

1114 2151 1160 2176 καὶ
1177 2150 1206 2176 ὲν
1222 2148 1310 2179 ἄλλοις
1326 2147 1382 2174 τισὶ
1394 2147 1448 2173 τῶν
1464 2146 1531 2182 πρὸς
1555 2146 1704 2182 Ἐσπερὶων
1715 2145 1798 2173 ἐθνῶν
1810 2146 1902 2182 ἀνδρο-

1115 2195 1249 2230 φονοῦσιν.
1265 2193 1399 2229 Ἠρακλέα
1412 2201 1441 2220 τε
1457 2193 1559 2220 παῦσαι
1573 2193 1618 2220 τὸν
1632 2193 1712 2228 νόμον
1729 2192 1779 2227 τῆς
1793 2191 1898 2224 θυσίας,

1115 2242 1279 2278 βουληθέντα
1296 2241 1340 2268 τόν
1356 2249 1386 2267 τε
1403 2239 1493 2275 βωμὸν
1511 2239 1668 2275 ἱδρύσασθαι
1679 2239 1725 2265 τὸν
1741 2238 1786 2264 ἐπὶ
1802 2238 1840 2274 τῷ
1853 2238 1901 2265 Σα-

279 2290 328 2312 ncs
343 2286 504 2309 metuerent.
519 2281 596 2311 Multi
609 2289 718 2317 quoque
727 2282 790 2309 odio
808 2290 840 2310 ac
855 2283 996 2312 simultate
1016 2293 1062 2319 per

1115 2289 1211 2326 τορνίῳ
1234 2288 1300 2323 (21),
1322 2287 1368 2314 καὶ
1391 2285 1576 2322 κατάρξασθαι
1599 2285 1726 2320 θυμάτων
1748 2284 1838 2318 ἁγνῶν
1854 2284 1900 2311 ἐπὶ

325 2372 337 2389 σι
362 2365 404 2398 D.,
428 2365 622 2396 δεκατεύσεως.
686 2365 700 2385 ι’
731 2365 809 2392 Dion.
836 2365 1061 2402 ἀπελαυνόμενον.

314 2443 371 2478 (15)
394 2442 454 2476 Τὴν
470 2442 606 2478 δἀὶτίᾳν.
621 2441 658 2469 De
669 2449 751 2478 causa
765 2442 810 2468 illa
828 2442 952 2478 pluribus
973 2442 1064 2477 dispu-

279 2477 324 2505 tat'
339 2477 535 2513 Dionys.,p:tg;.
549 2477 594 2508 90.
617 2478 662 2510 21,
687 2477 733 2509 22,
758 2477 802 2504 ‘25.
827 2477 983 2513 Concludit,
1002 2486 1062 2505 meo

276 2512 390 2548 judicio,
406 2512 557 2541 verissime,
571 2518 665 2547 gentes
690 2513 774 2540 fuisse
786 2513 863 2548 duas,
882 2512 1009 2547 Pelasgos
1022 2518 1063 2540 at~

279 2556 332 2581 que
351 2547 518 2583 Tyrrhenos,
534 2548 574 2575 sic
591 2553 680 2583 tamen
693 2553 722 2574 ut
736 2556 797 2574 cum
817 2547 933 2582 Pelasgi.
951 2549 986 2574 ab
1000 2548 1063 2576 Hel-

279 2582 386 2609 lenibus
411 2583 497 2618 patria
515 2583 598 2618 pulsi,
622 2582 826 2618 Tyrrhenorum
848 2583 875 2610 in
896 2584 956 2610 solo
966 2591 1063 2611 conse-

277 2618 393 2649 dissent,
419 2626 472 2645 non
492 2622 596 2645 tantum
611 2619 717 2652 generis
743 2618 883 2652 utriusque
909 2618 980 2645 facta
1001 2626 1063 2653 per-

278 2652 371 2680 mistio
388 2653 434 2684 sit,
452 2660 544 2679 verum
573 2654 655 2680 etiam
682 2653 802 2680 nominis
831 2653 953 2687 ejusdem
968 2652 1061 2681 secuta

277 2687 446 2719 communio,
462 2692 492 2714 ut
504 2687 636 2722 Tyrrheni
660 2695 756 2715 omnes
771 2688 805 2715 ab
840 2688 911 2720 aliis,
941 2689 975 2716 ab
1001 2689 1062 2717 aliis

278 2722 382 2757 Pelasgi
396 2723 550 2756 promiscue
566 2723 728 2758 dici-rentur.
754 2723 800 2750 Sic
823 2729 896 2754 ante,
912 2723 1060 2758 Phrygum,

278 2758 456 2786 Teucrorum.
470 2764 551 2792 atque
567 2757 748 2792 Trojanorum
776 2758 880 2790 luceat;
909 2759 949 2786 sic
965 2757 1062 2786 {tiam-

278 2792 425 2827 pumviget
445 2791 613 2820 Francorum
632 2792 829 2828 Gallorumque
848 2802 992 2821 commune
1013 2803 1062 2821 no-

276 2836 350 2856 men.

312 2863 414 2898 (16-17)
432 2862 678 2895 Ἐπαιάστάσεις.
690 2863 875 2898 Conjiciebam
891 2864 1060 2899 μεταναστὰ-

277 2906 344 2930 σιις.
362 2899 396 2926 At
410 2905 522 2934 uterque
535 2906 674 2926 tnannser.
689 2899 890 2931 ἀπαναστάσεις
903 2900 991 2930 habet,
1007 2908 1059 2926 non

278 2934 426 2968 luudOJllC,
455 2935 502 2962 sed
526 2936 608 2962 etiam
627 2942 688 2970 pag.
705 2939 843 2970 sequente.
872 2936 938 2969 Quae
965 2942 1014 2964 vos
1034 2940 1060 2967 et

1115 2372 1126 2386 ε
1150 2367 1192 2392 τσ.
1212 2364 1432 2401 μεταναστάσεις.

1114 2444 1183 2471 idem
1196 2444 1340 2478 signiﬁcat.
1356 2449 1382 2470 et
1394 2443 1487 2471 leviori
1506 2443 1654 2470 mutatione
1667 2442 1809 2470 sullicitur.

1149 2480 1206 2514 (In)
1223 2477 1405 2512 Θεοϐλαὸειᾳ
1425 2478 1687 2512 ἀπελαυνομένων.
1710 2478 1786 2514 Dion.
1799 2497 1807 2509 ,
1829 2477 1898 2514 ᾇπε-

1113 2512 1286 2549 λαυνὸμεναι,
1301 2515 1372 2548 quod
1385 2515 1582 2540 diuriusculum
1603 2514 1718 2540 videtur.
1739 2513 1830 2540 Genus
1845 2512 1896 2539 hoc

1114 2549 1254 2576 hominum
1267 2549 1348 2576 iidem
1363 2549 1449 2577 Grteci
1463 2549 1621 2585 ποινήλατον
1644 2549 1830 2584 signiﬁcanter
1848 2555 1897 2574 vo-

1113 2593 1175 2611 care
1193 2585 1290 2611 solent.

1148 2619 1347 2656 (1θ1Λέγουσςι
1357 2618 1399 2656 δέ.
1415 2618 1613 2656 ldemDionys.
1628 2620 1688 2647 eod.
1711 2621 1770 2653 lib.,
1788 2629 1814 2656 p.
1832 2623 1878 2651 50.

1148 2654 1204 2689 (20)
1222 2654 1306 2687 Τέως.
1324 2654 1420 2682 Melius
1431 2654 1579 2689 quadraret
1593 2654 1655 2686 ἕως.

1148 2689 1204 2724 (2i)
1223 2690 1285 2716 Ἐπὶ
1300 2689 1340 2722 τῷ
1351 2691 1509 2724 Σατορνίῳ.
1525 2689 1627 2716 Collem
1650 2690 1833 2725 Capitolinum
1855 2695 1898 2720 in-

1113 2725 1218 2758 telligit.
1231 2733 1310 2759 quem
1326 2725 1484 2751 Saturnium
1498 2725 1647 2759 antiquitus
1662 2727 1803 2754 vocabant.
1825 2727 1895 2755 ldcm

1112 2760 1217 2802 pagg?
1235 2761 1335 2802 diserte
1348 2768 1355 2786 :
1372 2760 1463 2802 ⁵Λόφον
1474 2760 1626 2802 εῗτῂδειον
1638 2761 1772 2802 ειῖρόντες,
1788 2771 1898 2802 τριστα-

1112 2795 1160 2832 an...
1175 2795 1202 2832 δε
1215 2795 1330 2832 μαλιστα
1346 2796 1427 2832 μήκει
1440 2795 1487 2821 τοῦ
1496 2795 1644 2832 Παλαντίου
1659 2795 1853 2832 διειργόμενον,
1869 2799 1897 2830 ὃς

1112 2831 1158 2857 νῦν
1175 2830 1224 2865 μὲν
1242 2830 1430 2861 Καπιτωλῖνος
1450 2831 1613 2866 ὀνομάζεται
1624 2852 1631 2863 ,
1645 2831 1696 2857 ὑπὸ
1712 2830 1742 2858 δὲ
1765 2830 1820 2858 τῶν
1836 2833 1897 2859 τότε

1112 2865 1261 2906 ανθρῲξιων
1289 2866 1431 2906 ξατόρνιος
1454 2866 1570 2900 ἐλέγετο,
1598 2865 1691 2902 ὥτπερ
1718 2867 1749 2894 ἂν
1770 2868 1896 2901 efﬂatur,

1118 2901 1221 2928 Ἐλλάδι
1236 2903 1320 2935 φωνῇ,
1342 2902 1476 2934 Kpc’wcc.
