2060 3213
153 194 202 221 231

739 194 900 223 ΡΒΛΕΡΑΚ.
917 193 1043 222 ΕνΑΝιι.
1063 194 1127 222 LIB.
1148 195 1191 223 IV.

1724 197 1779 225 289.
1815 172 1825 176 —

157 251 266 287 καθαρῷ
281 252 349 287 πυρὶ
362 251 566 288 ἁγιαζομένων.
583 252 641 278 Ἵνα
657 251 685 277 δὲ
705 251 787 287 μηδὲν
803 251 888 288 ᾗτοῖς
902 252 943 277 ἀν-

998 252 1145 279 honestam~
1153 260 1265 280 causam
1284 260 1316 279 ac
1333 253 1450 287 speciem
1467 253 1502 280 ab
1518 254 1630 281 adversa
1662 253 1780 282 factione

157 296 272 332 θρώποις
290 295 369 329 δέους
384 296 524 333 ἐνθύμιον,
544 296 581 328 ὡς
601 296 723 332 πατρίων
739 296 868 332 ὴλογήκει
888 297 942 332 (22)

157 341 254 369 θυσιῶν
272 342 378 376 διδάξαι
401 343 466 375 τοὺς
484 343 647 378 ἐπιχωρίους
669 343 943 378 ἁπομειλισσομένους

156 387 204 423 τὴν
220 386 266 415 τοῦ
283 387 345 415 θεοῦ
361 387 453 424 μῆνιν,
470 388 529 416 ἀντὶ
542 387 595 414 τῶν
608 387 769 423 ἀνθρώπων,
782 388 828 420 οὓς
844 397 944 423 συμπο-

155 433 282 466 δίζοντες,
300 434 348 461 κα)⁵
363 434 418 460 τῶν
438 434 536 470 χειρῶν
555 435 683 469 ἀκρατεῖς
702 434 851 466 ποιοῦντες,
868 434 943 469 ἐρρι-

155 487 221 506 πτον
238 480 278 511 είς
292 479 324 506 τὺ
340 480 387 507 τοῦ
402 481 539 517 Τιϐέρεως
560 479 676 516 ῥεῖθρον,
693 480 789 507 εἴδωλα
804 481 944 511 ποιοῦντες

154 525 325 561 ἀνδρείκελα,
339 527 533 563 κεκοσμημένα
549 526 595 553 τὸν
609 527 689 554 αὑτὸν
704 528 816 558 ἐκείνοις
832 527 941 562 τρόπον,

155 571 301 606 ἐμϐάλλειν
320 573 360 604 εἰς
379 572 424 599 τὸν
438 573 569 608 ποταμὸν,
585 572 678 601 ἴνα’τὸ
699 573 748 608 τῆς
764 573 869 604 ὀττείας
888 573 902 598 ὃ
917 581 943 600 τι

154 618 185 653 δή
204 627 270 644 ποτε
282 616 316 655 ἦν
328 620 356 645 ἐν
372 620 432 651 ταῖς
444 620 572 647 ἁπάντων
584 620 683 655 ψυχαῖς
702 619 858 655 παραμένον
872 617 943 651 ἐξαι-

156 663 234 700 ρεθῇ,
251 663 307 690 τῶν
329 665 440 692 εἰκόνων
455 665 501 691 τοῦ
519 665 632 692 παλαιοῦ
648 665 750 696 πάθους
773 664 812 690 ἔτι
827 664 944 698 σωζομέ‹

154 718 219 737 νων.
235 709 322 736 Τοῦτο
342 710 370 736 δὲ
395 711 441 737 καὶ
458 711 553 747 μέχρις
577 710 643 746 ἐμοῦ
666 711 706 737 ἐτι
729 710 860 736 διετέλουν
882 709 944 736 Ῥω-

156 756 232 789 μαῖοι
251 755 378 788 δρῶντες,
399 755 440 782 ἔτι
460 763 473 776 ι
491 757 586 792 μικρὸν
601 757 712 793 ὕστερον
727 757 836 791 ἐαρινῆς
853 757 944 791 ἰσημε-

156 800 226 836 ρίας,
239 802 268 827 ὲν
284 802 349 837 μηνὶ
362 802 442 838 Μαΐῳ
456 803 516 834 ταῖς
532 803 713 837 καλουμέναις
726 802 818 834 εἰδοῖς,
836 802 944 838 διχομή-

154 846 213 873 νιδα
226 846 382 883 βουλόμενοι
395 848 496 883 ταύτην
509 845 579 875 εἶναι
591 849 640 884 τὴν
657 848 762 884 ἡμέραν
773 857 779 863 ·
797 849 825 874 ὲν
875 857 942 884 προ-

155 890 288 924 θύσαντες
311 892 395 928 ἱερεῖα
412 892 446 919 τὰ
460 893 529 920 κατὰ
548 894 610 925 τοὺς
625 893 722 934 νόμους
743 895 767 919 οί
783 893 942 928 καλούμενοι

997 298 1079 333 pulsi,
1095 299 1241 333 multaeque
1263 303 1407 333 propterea
1431 299 1619 334 migrationes,
1645 308 1706 335 qua:
1732 299 1781 328 Pe-

997 345 1099 380 lasgam
1118 350 1223 379 gentem
1239 345 1327 383 varias
1342 345 1369 372 in
1394 350 1480 372 terras
1496 346 1574 381 longe
1599 346 1708 381 lateque
1731 346 1780 374 de-

997 394 1151 424 portarunt.
1172 399 1181 415 ›
1202 391 1239 416 Ac
1254 390 1348 424 paucis
1365 389 1525 424 interiectis,
1545 400 1554 416 ι
1572 389 1673 418 Ferunt
1685 391 1779 424 etiam,

997 434 1095 469 inquit,
1114 433 1233 460 Saturno
1247 439 1351 461 veteres
1364 435 1605 469 (quemadmodum
1618 441 1645 462 ct
1666 435 1782 463 Cartha-

997 480 1058 516 gine
1068 479 1132 506 dum
1147 483 1285 514 superstes
1295 485 1377 512 esset,
1391 485 1417 507 et
1430 480 1499 515 apud
1514 479 1604 507 Gallos
1619 480 1779 512 etiamnum,

998 526 1122 560 aliosque
1149 526 1297 553 nonnullos
1315 525 1470 553 Occidentis
1494 526 1609 561 populos
1625 526 1681 553 ﬁeri
1699 526 1780 561 solet)

997 573 1121 601 homines
1142 574 1299 601 immolasse
1317 583 1323 600 :
1338 573 1385 607 qui
1404 581 1464 600 mos
1475 573 1599 600 sublatus
1615 572 1649 601 ab
1667 571 1782 599 Hercule

997 619 1087 652 fuerit,
1100 627 1161 647 cum
1179 620 1236 654 ipse
1251 619 1377 655 princeps
1392 624 1418 646 et
1436 627 1510 645 aram
1527 618 1554 645 in
1572 618 1640 645 colle
1653 617 1781 645 Saturnio

997 667 1111 701 erigere,
1129 670 1156 692 et
1168 672 1299 700 purarum
1315 664 1468 691 hostiarum
1485 663 1620 700 primitias
1634 670 1702 698 puro
1725 662 1780 697 igni

997 719 1158 739 consecrare
1176 711 1319 738 voluisset.
1335 710 1423 744 Atque
1433 709 1468 742 is,
1484 714 1513 736 ut
1530 710 1603 744 ipsos
1614 709 1689 736 omni
1707 714 1780 735 metu

997 766 1029 785 ac
1045 757 1176 791 religione
1191 756 1318 788 solveret,
1339 756 1361 783 si
1389 763 1442 789 qua
1469 754 1539 782 forte
1566 763 1634 787 sese,
1651 759 1780 789 tanquam

997 804 1092 839 patriis
1108 803 1194 830 sacris
1221 802 1360 837 neglectis,
1391 801 1525 838 obligatos
1549 805 1687 836 putarent,
1711 802 1782 828 hanc

996 857 1043 877 eos
1059 849 1183 885 placandi
1199 849 1319 876 numinis
1335 848 1468 875 rationem
1482 848 1585 879 docuit,
1601 852 1631 874 ut
1646 848 1672 874 iu
1691 848 1780 875 locum

997 896 1150 927 hominum,
1179 903 1249 930 quos
1275 895 1402 922 manibus
1429 898 1491 922 ante
1508 894 1676 929 pedibus-que
1693 894 1766 920 revin

155 936 330 971 Ποντίιρικες,
346 937 440 973 ἱερέων
461 939 486 965 οἱ
508 939 721 974 διαφανέστατοι,
735 940 780 966 καὶ
792 940 838 966 σὺν
856 940 943 971 αὐτοῖς

998 943 1048 970 etis
1062 943 1089 969 in
1106 941 1225 969 Tiberim
1246 941 1436 976 projiciebant,
1466 940 1608 967 hominum
1635 939 1782 967 simulacra

155 984 182 1011 αι
198 985 229 1011 τὸ
245 983 378 1011 ἀθάνατον
393 985 448 1020 πῦρ
464 985 688 1020 διαφυλάττουσαι
708 986 847 1022 παρθένοι,
864 995 945 1022 στρα-

155 1030 233 1066 τηγοί
249 1038 279 1057 τι
309 1030 354 1056 καὶ
367 1029 421 1057 τῶν
433 1030 520 1057 ἄλλων
537 1030 663 1063 πολιτῶν,
681 1031 727 1062 οὓς
746 1032 873 1066 παρεῖναι
886 1032 945 1062 ταῖς

157 1076 323 1112 ἱερουργίαις
337 1076 426 1112 θέμις,
448 1077 545 1104 εἴδωλα
560 1078 600 1108 εἰς
621 1077 726 1114 μορφὴν
746 1076 897 1113 ἀνθρώπων
912 1078 946 1103 εί-

155 1122 280 1157 κασμένα
295 1122 442 1158 τριάκοντα
458 1122 502 1149 τὸν
516 1123 630 1159 ἀριθμὸν
645 1123 698 1149 ἀπὸ
713 1123 761 1157 τῆς
777 1124 851 1158 ἱερᾶς
864 1123 946 1158 γεφύ-

157 1176 206 1203 ρας
219 1167 362 1203 βάλλουσιν
380 1168 421 1200 εἰς
437 1168 467 1194 τὸ
483 1168 569 1203 ῥεῦμα
582 1168 629 1194 τοῦ
645 1168 790 1204 Τιϐέρεως,
808 1168 945 1204 Ἀργείους

154 1213 225 1242 αὐτὰ
236 1213 392 1245 καλοῦντες.
410 1223 419 1239 ι
439 1213 562 1240 Τοσαῦτα
580 1214 630 1249 μὲν
646 1214 678 1250 δὴ
686 1214 782 1242 ταῦτα.
792 1214 845 1241 Καὶ
862 1215 875 1240 ό
888 1214 946 1240 Διό-

153 1260 239 1295 δωρος
251 1260 280 1287 δὲ
291 1259 325 1289 τὰ
338 1261 418 1295 ὃμοια
429 1259 533 1292 τούτοις
548 1262 576 1287 ὲν
589 1261 698 1296 εἰκοστῇ
713 1260 796 1295 βίϐλῳ
806 1261 946 1296 τῆςΊστο-

151 1303 240 1339 ρικῆς
251 1305 451 1339 Βιϐλιοθήκης
462 1307 571 1342 ἱστορεῖ.
583 1306 650 1342 μετὰ
661 1308 710 1341 τὴν
719 1306 889 1343 Ἀλεξάνδρου
899 1307 945 1333 τοῦ

152 1351 310 1383 Μακεδόνος
330 1351 468 1388 τελευτὴν,
494 1352 541 1379 ἐπὶ
558 1351 605 1378 τοῦ
626 1351 734 1388 πρώτου
762 1353 942 1387 Πτολεμαίου,

153 1398 218 1433 περὶ
231 1397 424 1433 Καρχηδονίων
436 1397 488 1424 ὑπὸ
496 1398 689 1432 Ἀγαθοκλέους
703 1399 758 1433 (‘25)
767 1399 813 1425 τοῦ
822 1399 945 1431 Σικελίας

153 1443 286 1479 τυράννου
302 1443 546 1480 πολιορκουμένων,
560 1444 644 1474 ταῦτα
660 1444 727 1480 πρὸς
738 1444 808 1478 λέξιν
821 1446 943 1482 γράφων·

156 1500 165 1515 ι
187 1490 320 1526 ᾘτιῶντο
333 1490 388 1526 (⁵26)
405 1490 434 1517 δὲ
451 1492 498 1518 καὶ
512 1491 557 1517 τὸν
579 1491 682 1527 Κρόνον
697 1493 787 1523 αὐτοῖς
811 1491 947 1518 ἐναντιοῦ-

154 1537 233 1568 σθαι,
261 1536 376 1563 καθόσον
403 1539 432 1564 ὲν
456 1539 511 1570 τοῖς
535 1537 688 1573 ἔμπροσθεν
716 1538 820 1574 χρόνοις
838 1538 946 1571 θύοντες

152 1583 243 1619 τούτῳ
264 1582 305 1618 τῷ
325 1582 379 1618 θεῷ
394 1582 448 1610 τῶν
470 1583 535 1609 υἱῶν
557 1584 620 1615 τοὺς
637 1579 798 1619 κρατίστους
809 1604 816 1615 ,
833 1584 945 1622 ὕστερον

153 1629 304 1665 ὠνούμενοι
316 1629 403 1666 λάθρα
417 1630 524 1661 παῖδας,
539 1630 585 1656 καὶ
598 1629 745 1665 θρέψαντες
759 1630 881 1666 ἔπεμπον
899 1631 945 1658 ἐπὶ

153 1675 203 1711 τὴν
215 1675 321 1707 θυσίαν,
333 1676 380 1702 καὶ
392 1674 530 1711 ζητήσεως
542 1676 700 1711 γενομένης,
714 1676 863 1713 εὑρέθησάν
874 1687 946 1710 τινες

153 1721 208 1748 τῶν
221 1721 495 1757 καθιερουργημένων
511 1721 699 1756 ὑποϐολιμαῖοι
709 1723 860 1756 γεγονότες.
875 1723 944 1750 Τού-

152 1776 208 1794 των
224 1768 254 1795 δὲ
273 1767 402 1800 λαϐόντες
418 1767 536 1800 ἔννοιαν,
561 1768 608 1794 καὶ
632 1769 695 1800 τοὺς
717 1769 862 1804 πολεμίους
877 1770 945 1806 πρὸς

153 1813 211 1844 τοῖς
229 1812 349 1848 τείχεσιν
366 1812 484 1848 ὁρῶντες
510 1813 787 1848 στρατοπεδεύοντας,
806 1815 945 1841 ἐδεισιδαι-

155 1858 254 1894 μόνουν
277 1857 314 1890 ὼς
339 1858 552 1889 καταλελυκότες
577 1859 627 1890 τὰς
646 1860 776 1894 πατρίους
797 1860 850 1886 τῶν
876 1861 944 1887 θεῶν

152 1905 247 1940 τιμάς.
271 1903 476 1939 Διοροὼσασθαι
501 1904 529 1930 δὲ
554 1904 602 1935 τὰς
627 1905 737 1939 ἀγνοίας
762 1906 942 1939 σπεύδοντες,

152 1950 308 1982 διακοσίους
325 1950 375 1986 μὲν
392 1949 446 1977 τῶν
468 1951 690 1985 ἐπιφανεστάτων
711 1952 813 1978 παίδων
829 1953 943 1989 προκρίε

152 2000 261 2028 ναντες,
277 1995 376 2023 ἔθυσαν
387 1996 519 2032 δημοσίᾳ·
535 1996 609 2023 ἄλλοι
625 1997 658 2028 δ’,
671 1998 698 2022 ὲν
709 1997 844 2030 διαϐολαῖς
857 1998 942 2030 ὅντες1

152 2042 287 2074 ἑκουσίως
305 2041 420 2074 ἑαυτοὺς
434 2041 541 2073 ἔδοσαν,
556 2042 605 2068 οὐκ
627 2042 755 2074 ἐλάττους
773 2043 847 2074 ὄντες
866 2052 943 2079 τρια-

153 2087 265 2114 κοσίων.
278 2085 332 2114 Ἦν
342 2087 371 2115 δὲ
387 2088 451 2123 παρ’
466 2088 558 2119 αὐτοῖς
574 2088 685 2123 ἀνδριὰς
698 2088 802 2123 Κρόνου
817 2089 942 2124 χαλκοῦς,

152 2132 310 2165 ἐκτετακὼς
332 2133 384 2164 τὰς
406 2134 500 2168 χεῖρας
519 2133 618 2165 ὑπτίας
638 2134 821 2169 ἐκτεταμένας
839 2135 883 2161 ἐπὶ
895 2135 945 2170 τῆς

152 2180 224 2215 γῆς,
239 2178 309 2206 ὥστε
333 2178 380 2205 τὸν
404 2178 559 2205 συντιθέντα
581 2178 635 2205 τῶν
659 2179 760 2205 παίδων
787 2180 942 2207 ἀποκωλύε-

153 2225 218 2252 σθαι
238 2224 312 2260 (25),
337 2224 384 2251 καὶ
411 2224 518 2250 πίπτειν
545 2225 584 2255 εἴς
600 2233 624 2250 τι
648 2225 739 2260 χάσμα
764 2225 866 2261 πλῆρες
892 2236 944 2253 πυ-

154 2270 241 2307 ρός.)

996 989 1090 1016 codetn
1107 993 1204 1015 ornata
1220 989 1304 1020 cultu,
1319 988 1469 1022 eodemque
1483 987 1537 1013 ritu
1554 987 1579 1012 in
1593 986 1703 1014 lluvium
1721 985 1781 1012 mit-

996 1035 1075 1062 tenda
1090 1034 1259 1067 subicerent;
1289 1034 1328 1060 uti
1357 1034 1379 1060 si
1403 1032 1469 1067 quid
1496 1032 1584 1058 adhuc
1598 1030 1737 1066 religionis
1753 1031 1782 1057 in

995 1080 1157 1115 cujusquam
1173 1079 1265 1106 animo
1279 1078 1421 1110 resideret,
1438 1083 1523 1105 totum
1539 1077 1564 1104 id
1586 1076 1720 1108 funditus,
1738 1083 1782 1103 re-

996 1132 1068 1154 tenta
1085 1127 1126 1154 vel
1141 1126 1231 1161 specie
1245 1130 1323 1153 tenus
1336 1124 1462 1153 sacriﬁcii
1476 1123 1575 1151 veteris
1593 1123 1781 1157 usurpatione,

995 1174 1147 1200 tolleretur.
1164 1172 1253 1207 Atque
1268 1172 1341 1199 hunc
1356 1179 1460 1198 morem
1484 1170 1634 1197 etiamnum
1664 1168 1782 1195 Romani

996 1224 1116 1252 servant,
1132 1219 1213 1254 paulo
1228 1222 1289 1253 post
1314 1225 1428 1245 vernum
1458 1215 1664 1251 aequinoctium,
1691 1213 1781 1244 Maiis,

995 1274 1064 1299 quas
1081 1262 1226 1300 appellarit,
1240 1263 1343 1297 Idibus,
1359 1264 1399 1291 sic
1419 1263 1549 1290 nimirum
1574 1266 1603 1288 ut
1625 1269 1657 1288 eo
1677 1260 1721 1287 die
1741 1259 1783 1287 di-

996 1311 1126 1337 midiatus
1143 1310 1214 1337 luna:
1226 1309 1301 1336 orbis
1316 1313 1454 1343 appareat.
1481 1307 1550 1334 Tum
1574 1305 1783 1341 vero‘solemni-

996 1356 1047 1382 bus
1065 1355 1163 1382 hostiis
1185 1355 1236 1382 rite
1261 1354 1397 1385 mactatis,
1425 1353 1568 1388 pontiliccs
1596 1351 1679 1387 (quod
1705 1358 1782 1378 sum-

996 1409 1070 1428 mum
1085 1400 1156 1435 apud
1172 1408 1219 1428 eos
1234 1399 1416 1427 sacerdotium
1439 1398 1490 1427 est)
1514 1397 1651 1431 simulque
1667 1396 1783 1423 vestales

995 1447 1125 1482 virgines,
1140 1446 1241 1482 quibus
1256 1445 1418 1473 immortalis
1444 1444 1515 1479 ignis
1540 1444 1644 1471 credita
1658 1443 1783 1470 custodia

995 1497 1036 1520 est
1054 1501 1107 1520 una
1132 1500 1195 1520 cum
1209 1491 1370 1527 praetoribus
1385 1491 1544 1525 ueterisque
1570 1489 1685 1521 civibus,
1715 1496 1783 1523 quos

995 1538 1105 1573 quidem
1129 1538 1215 1565 sacris
1239 1537 1371 1564 interesse
1399 1536 1440 1563 fas
1459 1540 1512 1568 est,
1529 1533 1639 1570 triginta
1654 1534 1679 1561 id
1697 1541 1783 1568 genus

997 1584 1138 1612 hominum
1167 1584 1193 1610 in
1225 1583 1343 1618 speciem
1368 1582 1552 1609 conformalas
1570 1581 1703 1616 imagines
1719 1580 1783 1613 (Ar—

996 1639 1062 1668 geos
1092 1631 1142 1666 ipsi
1170 1630 1278 1664 vocant)
1302 1630 1329 1656 in
1354 1628 1473 1656 Tiberim
1497 1627 1608 1654 ﬂuvium
1640 1627 1673 1654 de
1699 1626 1783 1654 Sacro

996 1680 1078 1712 ponte
1096 1676 1237 1711 dejiciunt.
1260 1685 1268 1701 ι
1288 1674 1424 1702 Hactenus
1448 1674 1603 1709 Dionysius.
1633 1672 1686 1700 Nec
1709 1672 1783 1699 absi-

996 1723 1069 1751 milia
1089 1728 1162 1754 sntit,
1179 1730 1239 1757 quae
1254 1730 1268 1749 a
1285 1721 1404 1748 Diodoro
1421 1720 1513 1748 Siculo
1529 1723 1686 1750 narrantur,
1712 1719 1782 1746 libro

992 1770 1137 1797 Historiae
1150 1769 1320 1796 Bibliotheca
1333 1767 1473 1799 vicesimo,
1493 1767 1537 1793 ubi
1558 1771 1619 1801 post
1632 1766 1777 1793 Alexandri

997 1814 1154 1843 Macedonis
1169 1815 1285 1846 obitum,
1300 1814 1373 1842 circa
1399 1813 1537 1840 Plolentmi
1553 1813 1632 1847 primi
1649 1817 1781 1846 tempora,

996 1861 1029 1888 de
1057 1860 1320 1895 Cat‘tltaginensibus
1345 1861 1379 1887 ab
1405 1860 1552 1894 Agatliocle
1579 1859 1678 1886 Siciliae
1704 1857 1780 1892 161

996 1913 1110 1940 tyranno
1131 1908 1252 1935 obsessis
1278 1908 1311 1935 ad
1338 1907 1449 1934 verbum
1469 1907 1505 1933 ita
1519 1907 1628 1934 scribit:
1641 1916 1649 1931 ι
1668 1905 1780 1936 Iratum,

996 1954 1093 1988 inquit,
1110 1954 1160 1980 sibi
1176 1959 1305 1988 praeterea
1323 1953 1471 1981 Saturnum
1488 1961 1549 1980 esse
1576 1954 1627 1979 hac
1643 1953 1676 1979 de
1700 1959 1782 1979 causa

995 2000 1166 2031 dictitabant,
1184 1999 1255 2034 quod
1268 2007 1329 2026 cum
1349 1999 1399 2033 ipsi
1412 2004 1490 2026 antea
1504 1999 1652 2025 liberorum
1667 2005 1781 2024 suorum

995 2047 1088 2073 llorem
1104 2046 1286 2077 immolarent,
1303 2045 1430 2080 deinceps
1446 2053 1498 2071 non
1515 2045 1566 2071 nisi
1581 2051 1680 2079 pueros
1699 2051 1782 2078 quos-

996 2093 1056 2119 dam
1085 2091 1178 2119 furtim
1201 2096 1340 2126 coemptos
1364 2096 1445 2126 atque
1460 2091 1510 2117 abs
1527 2098 1587 2118 sese
1606 2089 1735 2116 educatos
1748 2089 1782 2116 ad

996 2137 1159 2165 sacrilieium
1186 2137 1385 2165 submitterent.
1413 2136 1505 2171 Itaque
1531 2136 1582 2163 bac
1601 2135 1634 2162 de
1663 2142 1692 2161 re
1707 2141 1782 2168 quae-

997 2184 1086 2211 stione
1102 2183 1205 2215 habita,
1220 2182 1365 2210 nonnullos
1380 2191 1413 2210 ex
1439 2182 1483 2215 iis,
1503 2182 1549 2217 qui
1573 2189 1652 2208 sacro
1680 2188 1712 2207 ac
1738 2187 1783 2207 so-

996 2229 1078 2256 lemni
1097 2230 1150 2256 ritu
1162 2229 1224 2257 cmsi
1238 2235 1326 2261 erant,
1352 2228 1542 2264 supposititios
1566 2227 1651 2255 fuisse
1676 2234 1783 2261 repere-

960 2272 982 2300 D
999 2279 1072 2302 runt.
1090 2275 1156 2308 Qua:
1169 2283 1230 2302 cum
1249 2282 1341 2302 secum
1356 2274 1406 2307 ipsi
1424 2277 1590 2308 reputarent,
1610 2271 1784 2305 hostiumque

152 2324 243 2347 castra
268 2318 407 2347 moenibus
424 2318 482 2345 suis
505 2318 648 2345 imminere
670 2324 822 2351 cernerent,
847 2328 944 2356 magna
965 2325 1018 2352 illis
1034 2324 1132 2359 injecta
1164 2324 1259 2359 religio
1275 2328 1327 2355 est,
1343 2323 1421 2357 quasi
1436 2322 1537 2357 patrios
1554 2322 1666 2348 deorum
1696 2321 1783 2347 hono—

152 2373 198 2393 res
233 2366 421 2395 sustulissent.
440 2366 528 2400 Atque
554 2365 627 2392 hunc
653 2373 773 2394 erroretn
805 2372 834 2394 ut
859 2374 964 2398 mature
992 2377 1181 2406 procurarent,
1208 2372 1325 2407 primum
1353 2371 1463 2406 quidem
1486 2370 1603 2398 eximios
1630 2368 1784 2396 communi-

152 2412 260 2447 basque
295 2414 382 2441 lectos
406 2413 543 2448 sull'ragiis
560 2413 746 2441 adolescentes
776 2416 888 2444 omnino
917 2418 1049 2447 ducentos
1082 2421 1188 2454 publice
1220 2418 1527 2447 inunolaruntzdeinde
1552 2423 1615 2443 vero
1638 2415 1684 2442 alii
1716 2421 1784 2449 pree-

153 2464 239 2494 terea,
258 2459 307 2495 qui
320 2459 430 2487 violatae
465 2459 609 2494 religionis
634 2461 752 2494 suspecti
769 2462 849 2496 vulgo
881 2470 982 2498 essent,
1004 2467 1074 2493 ultro
1106 2475 1169 2494 sese
1191 2474 1222 2494 ac
1252 2470 1349 2500 sponte
1375 2465 1542 2496 obtulerunt,
1564 2462 1692 2489 trecentis
1711 2459 1784 2487 haud

154 2506 310 2540 pauciores.
339 2505 406 2533 Erat
435 2510 526 2533 autem
568 2506 640 2541 apud
668 2515 716 2535 eos
744 2509 922 2537 simulacrum
951 2512 1061 2542 Saturni
1085 2522 1198 2546 :ereum,
1227 2513 1332 2548 supinis
1357 2520 1389 2540 ac
1417 2510 1598 2546 pendentibus
1625 2509 1652 2535 in
1683 2513 1783 2536 terram

154 2553 293 2586 manibus,
318 2557 349 2580 ut
369 2553 514 2597 impositus
529 2554 596 2588 ipsis
611 2555 770 2583 adolescens
792 2558 941 2592 subjectam
960 2561 986 2588 in
1022 2562 1128 2590 foveam
1142 2562 1252 2597 ignique
1283 2561 1389 2596 plenam
1419 2560 1572 2587 volveretur
1592 2566 1624 2585 ac
1639 2561 1741 2585 rueret.
1771 2567 1779 2582 ι

188 2597 308 2625 Τοιαῦτα
322 2598 355 2634 δὴ
375 2599 422 2625 καὶ
439 2595 516 2631 οὗτος
531 2599 575 2626 διὰ
600 2601 648 2636 τῆς
674 2602 777 2634 οἰκείας
802 2603 944 2639 Ἱστορίας

155 2644 324 2681 παρέδωκεν.
343 2645 462 2678 Εἰκότως
476 2646 529 2682 ἄρα
546 2647 619 2682 καὶὴ
640 2649 704 2683 παρ’
722 2648 858 2683 Ἑϐραίοις
874 2651 945 2687 Γρα-

155 2691 192 2727 φὴ
206 2692 418 2727 καταμέμφεται
432 2694 489 2724 τοῖς
504 2692 538 2719 τὰ
555 2693 667 2720 τοιαῦτα
686 2694 823 2730 ζηλώσασι
841 2696 895 2724 τῶν
911 2699 944 2725 ἐκ

191 2743 206 2758 ι
225 2737 289 2764 ὅσον
305 2745 330 2764 τι
345 2737 376 2764 D.

190 2783 249 2854 (22;
265 2783 452 2819 Ἠλογηκόσι.
467 2784 558 2817 Dion.,
569 2786 614 2820 qui
628 2786 708 2820 paulo
718 2791 779 2813 ante
790 2795 844 2814 om.
855 2787 941 2820 δέους.

190 2819 238 2853 (25
272 2819 490 2854 Ἀγαθοκλέους.
508 2820 579 2849 Fuse
593 2821 703 2848 Diodor.
721 2821 804 2849 Sicul.
817 2823 835 2849 l.
849 2831 894 2850 ιιιιι
909 2824 941 2851 ab

156 2853 162 2860 _
184 2819 249 2860 £15)
272 2819 490 2860 ‘A-mooxléovc.
508 2819 703 2849 Fuse’Diodor.
721 2821 804 2849 Sicul.
817 2823 835 2849 l.
849 2831 894 2850 ιιιιι
909 2819 943 2851 ab

155 2854 244 2886 initio,
259 2860 287 2881 et
305 2854 352 2881 lib.
374 2862 421 2883 xx.

191 2889 248 2924 126)
260 2889 423 2927 -ᾞτιῶνεο,
436 2895 487 2927 etc.
504 2890 612 2919 Diodor.
628 2891 645 2918 Ι.
663 2900 708 2923 xx.
726 2900 753 2927 p.
772 2893 822 2919 756
836 2893 867 2920 Ι).
877 2894 941 2921 edit.

156 2923 250 2958 Greco
260 2923 303 2959 ις,
316 2929 375 2961 post
392 2925 558 2959 luculentam
568 2927 642 2955 illam
657 2923 814 2964 Agatlioclis
827 2930 859 2957 de
875 2929 941 2957 Car-

1033 2608 1095 2636 llmc
1109 2608 1167 2636 suis
1183 2609 1210 2636 in
1225 2607 1353 2634 Historiis
1370 2606 1514 2633 Diodorus.
1528 2605 1711 2638 Quamobrem
1725 2605 1788 2639 jure

996 2663 1062 2683 sane
1090 2663 1125 2682 ae
1140 2654 1237 2681 merito
1256 2653 1431 2681 Hebraeorum
1451 2652 1549 2678 litteris
1571 2655 1722 2685 carpuntur
1748 2650 1786 2676 illi

996 2706 1077 2736 atque
1088 2700 1332 2735 reprehenduntur,
1341 2699 1386 2734 qui
1393 2706 1426 2726 ex
1435 2697 1660 2726 circumeisorum
1670 2704 1787 2724 numero

997 2789 1215 2817 thaginicnslbus
1230 2789 1381 2816 victoriam.

1419 2823 1656 2859 ἁποκωλύεᾳοαι.
1683 2821 1782 2859 Facilis

997 2865 1056 2888 erat
1075 2860 1242 2894 conjectura,
1261 2859 1402 2894 legendum
1413 2867 1483 2892 esse,
1496 2858 1664 2894 ἐπιτεθέντα,
1679 2862 1705 2884 et
1716 2858 1782 2894 ἀπο-

998 2891 1147 2929 κυλίεςοαὶ,
1163 2896 1235 2930 quod
1250 2891 1395 2930 utrumque
1412 2900 1506 2930 postea
1520 2895 1547 2922 in
1557 2893 1675 2922 Diodoro
1684 2891 1781 2929 reperi.
