2060 3213
280 183 331 212 28⁵1

595 179 732 209 EUSEBll
754 177 991 207 CESARIENSIS
1006 176 1081 205 OPP.
1100 173 1191 203 PARS
1207 172 1284 200 ιι.-
1300 168 1551 199 APOLOGETICA.

1847 163 1902 193 288

279 247 410 278 tanquam
437 242 585 270 sceleratos
601 240 713 275 spiritus
739 238 889 266 abominati
910 237 1079 273 ejicerentz.

1131 241 1143 260 ε
1151 231 1286 265 νεὼς,καὶ
1297 230 1347 263 τὰς
1359 230 1485 264 ἅνιέρους
1499 227 1548 254 καὶ
1562 226 1720 257 ἀτελέστους
1735 223 1886 260 θρησκείας
1895 242 1902 254 ,

279 289 415 326 iussitque
426 291 556 323 praeterea
570 293 664 314 eorum
677 284 777 319 templa
793 283 908 319 expiari,
920 290 1066 311 exsecran-

281 336 332 363 das
346 334 530 370 profanasque
549 332 709 367 religiones,
724 330 886 358 memoriam
902 329 981 364 quasi
1001 328 1068 356 deo-

283 389 344 408 rum
361 381 527 410 universam,
543 376 622 412 164
638 376 810 410 honoresque
825 375 960 402 solemnes
973 382 1006 401 ex
1018 374 1067 400 ho-

283 428 388 455 minum
403 426 526 453 funditus
540 424 671 451 societate
692 423 787 450 deleri.
812 422 908 448 Merito
925 428 1001 453 sane,
1017 428 1067 447 nec

285 475 358 502 enim
376 473 515 508 improbos
533 472 567 499 ab
581 471 679 507 iis,qui
699 471 833 497 bonorum
849 477 914 496 cura
926 468 1068 502 providen-

284 520 377 554 tiaque
402 518 575 553 regebantur,
599 516 741 544 conciliari
766 515 923 550 placarique
941 514 982 540 l'as
998 517 1066 541 erat.

285 564 345 592 Tibi
362 572 438 595 vero,
453 571 500 590 seu
516 562 679 590 Philarchus
702 562 747 589 ille
769 566 821 594 est,
841 569 888 588 seu
912 560 1069 595 quicunque

285 611 366 642 alius,
382 611 428 645 qui
441 609 550 637 Graecos
568 610 669 644 passim
688 609 840 639 universos,
865 607 1024 641 priusquam
1042 606 1069 632 in

285 657 389 683 hostem
414 660 566 688 moverent,
581 655 705 682 homines
734 653 877 680 immolare
899 652 995 680 solitos
1010 659 1071 679 esse

286 702 393 733 scribit,
408 709 461 736 qua
478 701 610 728 deemonis
625 700 768 736 tyrannide
790 698 913 734 oppressi
932 698 977 725 ille
994 703 1070 725 lene-

288 752 393 778 renlur,
411 747 494 782 hujus
509 747 592 774 etiam
615 747 668 774 lide
691 745 901 779 testimoniaque
924 744 1070 771 constabit.

285 793 358 826 Quin
384 794 466 820 etiam
486 794 568 821 Afros
596 794 668 825 illos,
682 798 709 820 et
732 791 863 823 Thraces,
890 795 917 818 et
943 790 1070 825 Scythas,

287 843 422 873 quotquot
436 839 572 866 similibus
587 838 684 865 ritibus
700 843 851 870 uterentur,
869 836 951 864 simili
968 836 1071 863 daemo-

288 893 353 918 num
373 885 465 913 l'urore
489 891 565 912 actos
588 884 766 920 pronuntiare
789 892 821 910 ac
847 883 964 917 probare
981 882 1071 909 liceat.

289 930 395 963 Quibus
423 931 613 962 Athenienses,
631 930 760 964 ipsosque
786 929 854 955 adeo
878 928 951 956 cives
971 927 1074 962 Magna:

293 975 376 1004 Urbis
388 976 517 1012 adjunge,
533 984 594 1004 cum
611 976 682 1003 circa
700 974 787 1009 Magni
801 973 876 1001 Jovis
891 973 973 1000 ferias
986 973 1074 1000 homi-

292 1031 341 1050 nes
355 1024 405 1058 ipsi
419 1031 529 1058 quoque
543 1023 710 1057 jugularent.
725 1022 781 1049 lmo
795 1028 870 1052 vero,
883 1021 906 1048 si
921 1021 1074 1047 universam

290 1077 397 1103 eorum,
415 1078 476 1105 qua:
489 1070 570 1104 paulo
590 1075 653 1096 ante
674 1068 958 1100 commemoravimus,
976 1067 1074 1094 seriem

292 1116 343 1143 sub
368 1121 509 1150 aspectum
535 1123 620 1143 unum
647 1115 808 1150 subjeceris,
836 1114 959 1141 invenies
989 1117 1074 1140 totam

291 1170 375 1197 prope
388 1161 670 1197 ﬁctorumagentibus
684 1162 827 1188 numinum
844 1160 1012 1187 molitionem
1023 1158 1076 1185 illis

292 1208 359 1243 ipsis
381 1208 522 1242 spiritibus
545 1207 686 1234 hominum
708 1206 900 1237 carniﬁcibus,
923 1204 1077 1232 sceleratis-

293 1262 346 1288 que
361 1254 531 1281 dzemonibus
544 1261 605 1281 esse
620 1253 802 1280 tribuendam.
814 1251 918 1278 Etenim
931 1251 954 1278 si
968 1250 1078 1278 eviden-

294 1300 367 1327 tibus
384 1299 520 1334 certisque
536 1300 711 1330 testimoniis,
726 1298 797 1333 apud
816 1297 947 1330 Rhodios,
962 1295 1078 1325 Salami-

293 1354 354 1379 nos,
374 1354 406 1373 ae
418 1351 531 1373 caeteros
545 1346 690 1378 insnlares,
707 1346 827 1380 itemque
853 1343 924 1379 apud
948 1342 1077 1376 lleliopo-

294 1391 394 1419 Iitanos
419 1390 539 1426 Egypti,
562 1391 656 1423 Chios,
679 1390 823 1422 Tenedios,
841 1388 1077 1421 Lacedaemonios,

294 1438 424 1471 Arcadas,
437 1437 591 1469 Phcenices,
607 1437 708 1472 Libyae,
724 1436 809 1472 Syriae
828 1441 855 1464 et
867 1435 974 1463 Arabi:e
989 1442 1078 1469 popu-

294 1486 345 1516 los,
363 1484 485 1519 adeoque
513 1484 584 1519 apud
607 1484 787 1511 Athenienses
812 1483 898 1518 ipsos,
912 1482 958 1517 qui
971 1481 1080 1509 Graeco-

295 1540 353 1558 rum
370 1531 492 1558 omnium
509 1531 646 1566 principes
658 1538 689 1558 ac
703 1530 785 1557 veluti
810 1529 899 1563 capita
927 1529 1079 1555 etiamnum

296 1578 387 1606 haberi
401 1577 501 1609 solent,
515 1583 626 1603 necnon
640 1575 712 1610 apud
727 1574 978 1609 Carthaginienses,
988 1572 1078 1606 Afros,
1093 1576 1114 1604 C

296 1624 416 1650 Thraces
443 1628 524 1658 atque
541 1622 668 1658 Scythas,
687 1622 829 1648 hominum
856 1621 921 1647 olim
947 1620 1081 1647 sacriﬁcia

297 1668 433 1696 diabolico
446 1668 538 1696 furore
554 1674 684 1703 usurpata
696 1675 758 1695 esse
773 1666 953 1697 ostendimus,
970 1666 1082 1701 impios-

298 1723 351 1750 que
363 1716 432 1743 ritus
447 1715 479 1742 ad
492 1715 645 1741 Servatoris
663 1721 749 1747 usque
766 1712 853 1739 nostri
872 1718 994 1746 tempora
1020 1719 1082 1746 pro-

298 1768 410 1795 pagatos
429 1770 435 1787 :
451 1760 546 1795 quidni
560 1760 667 1787 tandem
682 1759 743 1794 jure
760 1758 911 1792 meritoque
924 1757 1081 1789 concludas,

300 1807 362 1834 illos
378 1811 434 1833 tum
445 1806 560 1841 populos
577 1805 707 1840 improbis
717 1811 812 1831 omnes
826 1803 995 1830 daemonibus
1006 1811 1082 1830 man-

299 1853 404 1887 cipalos
418 1852 514 1884 fuisse,
531 1859 580 1879 nec
594 1856 655 1878 ante
675 1859 760 1886 genus
777 1851 927 1879 humanum
945 1854 1082 1876 tantorum

299 1898 445 1926 acerbitate
462 1897 596 1924 malorum
612 1897 704 1924 vexari
718 1897 844 1928 desiisse,
859 1903 940 1930 quam
957 1894 1084 1922 Servato-

301 1943 338 1970 ris
352 1943 436 1970 nostri
454 1942 578 1969 doctrina
595 1942 697 1978 passim
711 1941 863 1968 illuxisset?
876 1939 943 1967 Nam
959 1940 1003 1967 illa
1021 1940 1083 1975 qui-

300 1990 360 2016 dem
371 1989 403 2015 ad
421 1988 564 2023 imperium
579 1987 691 2015 Adriani
704 1987 835 2022 viguisse,
849 1994 880 2013 ac
889 1986 996 2013 sublata
1008 1985 1085 2012 dein-
1109 2000 1112 2002 -

299 2043 363 2070 ceps
380 2034 464 2062 fuiSse
483 2038 591 2062 constat
604 2041 638 2061 ex
657 2033 782 2064 historia,
795 2041 849 2067 quo
868 2033 999 2059 nimirum
1015 2035 1084 2058 tem-

301 2090 366 2116 pore
381 2081 508 2108 salutaris
527 2080 609 2114 hujus
625 2079 761 2107 doctrinm
775 2079 817 2106 vis
832 2078 904 2112 apud
914 2085 1009 2105 omnes
1027 2077 1084 2112 jam

301 2128 354 2154 late
381 2127 495 2161 populos
518 2131 665 2160 gentesque
676 2129 814 2159 regnaret.
833 2123 926 2159 Neque
942 2131 1007 2151 vero
1034 2124 1084 2150 hoc

303 2173 364 2200 istis
395 2172 524 2207 eﬂ‘ugium
554 2175 687 2206 superest,
710 2175 739 2198 ut
771 2178 825 2197 non
848 2170 901 2197 nisi
931 2170 1011 2196 malis
1031 2170 1087 2197 da:-

303 2222 431 2250 monibus
462 2221 569 2247 litatum
598 2219 725 2246 humanis
749 2218 870 2245 victimis
897 2226 958 2246 esse
981 2219 1084 2252 dicant,

1116 279 1164 306 καὶ
1186 278 1303 313 πάμπαν
1325 276 1356 309 ἐξ
1375 275 1527 312 ἀνθρώπων
1548 271 1688 308 ἀφανίζειν
1709 271 1758 306 τὴν
1778 270 1815 302 ὡς
1838 269 1903 305 περὶ

1117 324 1187 352 θεῶν
1206 323 1297 351 αὐτῶν
1313 323 1439 358 μνήμην,
1456 321 1504 348 καὶ
1520 320 1570 355 τὴν
1586 317 1794 353 ἀπονεμομένην
1812 315 1904 346 αὐτοῖς

1117 371 1199 406 τιμὴν
1214 368 1417 405 ἐνομοθέτησεν.
1431 366 1497 393 Οὐδὲ
1510 365 1564 400 γὰρ
1580 365 1642 395 τοὺς
1656 363 1772 397 φαύλους
1789 361 1904 395 ἀπομει-

1118 416 1256 443 λίσσεσθαι
1273 416 1346 442 ὅσιον
1362 412 1395 449 ἦν
1406 414 1468 445 τοὺς
1484 414 1539 443 τοῖς
1557 410 1668 445 ἀγαθοῖς
1688 407 1903 444 μεμελημένους.

1118 462 1181 489 Εἴτε
1195 462 1223 488 δὲ
1239 461 1287 488 καὶ
1303 461 1434 496 Φίλαρχος
1446 480 1453 491 ,
1469 459 1523 485 εἴτε
1546 457 1669 485 ὁστισοῦν
1684 456 1785 490 ἱστορεῖ
1800 453 1905 485 πάντας

1118 509 1180 539 τοὺς
1197 506 1330 541 Ἕλληνας
1340 525 1347 537 ,
1364 505 1428 540 πρὶν
1441 505 1487 531 ἐπὶ
1501 505 1564 535 τοὺς
1578 502 1711 537 πολέμους
1727 500 1826 532 ἐξιέναι
1837 520 1844 531 ,
1859 499 1906 525 ἀν-

1120 554 1332 590 θρωποκτονεῖν⁷
1363 552 1409 578 καὶ
1433 549 1526 577 τοῦτον
1554 549 1678 584 μάρτυρα
1700 547 1750 581 τῆς
1775 545 1908 581 Ἐλλήνων

1120 599 1280 634 δαιμονικῆς
1305 597 1450 633 ἐπιληψίας
1469 597 1505 632 μὴ
1521 596 1594 623 ὕκνει
1610 592 1852 630 παραλαμϐάνειν·
1870 590 1908 626 μὴ

1121 646 1238 682 παρίδῃς
1254 644 1320 680 μηδὲ
1337 645 1399 675 τοὺς
1414 642 1483 669 κατὰ
1499 642 1547 676 τὴν
1566 639 1707 675 Ἀφρικὴν,
1723 638 1785 670 τούς
1795 646 1824 663 τε
1834 637 1907 673 Θρᾷ-

1122 700 1173 723 κας
1195 690 1314 721 καὶτοὺς
1329 688 1434 719 Σκύθας
1448 687 1482 714 τὰ
1498 688 1578 722 ὃμοια
1595 686 1773 721 πράττοντας,
1788 685 1847 714 ταῖς
1860 683 1908 709 αύ-

1121 738 1182 768 ταῖς
1194 736 1248 762 τῶν
1261 735 1394 770 δαιμόνων
1407 732 1525 767 ὑπῆχθαι
1538 731 1646 767 μανίαις
1662 727 1910 764 ἀποφαίνεσθαι-ὼς

1123 783 1169 809 καὶ
1188 781 1361 816 Ἀθηναίους,
1379 780 1425 805 καὶ
1442 779 1504 810 τοὺς
1518 777 1589 804 κατὰ
1608 777 1656 812 τὴν
1673 775 1802 810 Μεγάλην
1818 774 1910 805 πόλιν,

1124 831 1148 856 εί
1158 829 1189 864 δὴ
1203 829 1250 855 καὶ
1262 825 1333 855 οὗτοι
1345 826 1414 853 κατὰ
1427 825 1474 851 τοῦ
1490 824 1615 858 Μεγάλου
1625 823 1684 854 Διὸς
1700 821 1795 858 ἑορτὰς
1805 819 1912 855 ἀνθρώ-

1125 884 1191 907 πούς
1209 873 1336 908 ἔσφαζον.
1358 872 1438 898 Ἀλλὰ
1454 871 1508 907 γὰρ
1526 869 1686 904 συναγαγὼν
1700 867 1768 902 ὁμοῦ
1782 867 1828 893 τὸν
1842 866 1911 892 πάν-

1091 908 1110 934 B
1124 931 1178 948 των
1192 921 1245 947 τῶν
1260 919 1466 956 προειρημένων
1482 917 1640 950 κατάλογον,
1659 915 1748 950 εὕροις
1763 914 1805 946 ἂν,
1819 912 1912 948 σχεδὸν

1125 969 1228 999 εἰπεῖν,
1250 968 1339 993 πᾶσαν
1355 966 1404 1000 τὴν
1423 964 1477 991 τῶν
1494 964 1577 990 ἐθνῶν
1594 963 1729 989 θεοποιίαν
1743 960 1847 991 τούτοις
1863 960 1914 986 αὗ-

1124 1016 1179 1046 τοῖς
1188 1015 1244 1045 τοῖς
1253 1013 1300 1039 ἀνθ
1307 1012 1486 1047 ρωποκτόνοις
1501 1010 1638 1045 πνεύμασι
1655 1009 1702 1035 καὶ
1717 1009 1773 1039 τοῖς
1785 1007 1914 1042 πονηροῖς

1125 1059 1271 1094 δαιμονίοις
1293 1057 1485 1093 ἀνακειμένην.
1511 1057 1543 1083 Εἰ
1566 1056 1620 1092 γὰρ
1642 1056 1670 1082 ὲν
1699 1054 1798 1089 Ῥόδῳ,
1817 1053 1864 1080 καὶ
1887 1054 1915 1079 ἐν

1127 1105 1273 1139 Σαλαμῖνι,
1290 1104 1336 1130 καὶ
1355 1105 1415 1135 ταῖς
1431 1103 1524 1134 ἄλλαις
1541 1104 1633 1138 νήσοις
1645 1123 1651 1133 ,
1670 1101 1698 1128 ἕν
1711 1109 1740 1127 τε
1761 1100 1851 1126 Ἠλίου
1864 1099 1914 1125 πό-

1127 1151 1167 1177 λει
1190 1152 1222 1185 τῇ
1250 1151 1310 1177 κατ’
1326 1150 1460 1183 Αἴγυπτον
1471 1169 1477 1180 ,
1493 1149 1521 1175 ἓν
1537 1157 1567 1174 τε
1582 1148 1639 1182 Χίῳ
1649 1168 1656 1179 ,
1671 1147 1716 1173 καὶ
1730 1145 1851 1180 Τενέδῳ,
1869 1145 1915 1171 καὶ

1127 1196 1324 1230 Λακεδαίμονι,
1340 1195 1385 1221 καὶ
1405 1194 1549 1229 Ἀρκαδίᾳ,
1567 1192 1677 1227 Φοινίκῃ
1693 1200 1722 1217 τε
1747 1191 1793 1217 καὶ
1816 1189 1914 1226 Λιϐύῃ,

1128 1243 1174 1268 καὶ
1187 1242 1254 1278 πρὸς
1272 1241 1377 1272 τούτοις
1394 1241 1494 1267 ἅπασιν
1509 1242 1538 1267 ὲν
1557 1240 1642 1275 Συρίᾳ
1659 1239 1706 1265 καὶ
1725 1237 1856 1273 Ἀραϐίᾳ,
1871 1237 1917 1263 καὶ

1129 1289 1205 1324 παρά
1218 1297 1248 1323 γε
1263 1290 1319 1320 τοῖς
1333 1288 1499 1322 Πανέλλησιν
1528 1285 1681 1320 Ἀθηναίοις
1702 1285 1775 1319 (‘29),
1800 1284 1847 1310 καὶ
1871 1283 1917 1309 ἐπὶ

1128 1335 1230 1362 τούτων
1242 1337 1297 1366 τοῖς
1313 1333 1535 1370 κορυφαιοτάτοις
1545 1353 1552 1365 ,
1574 1332 1644 1359 κατα
1672 1338 1723 1366 γε·
1737 1330 1898 1367 Καρχηδόνα
1909 1350 1916 1360 ,

1129 1382 1176 1408 καὶ
1189 1382 1238 1417 τὴν
1253 1381 1395 1417 Ἀφρικὴν,
1409 1380 1456 1407 καὶ
1468 1380 1543 1415 παρὰ
1556 1378 1641 1415 Θρᾳξὶ
1657 1378 1704 1405 καὶ
1717 1377 1834 1408 Σκύθαις
1850 1377 1918 1403 ἀπο-

1128 1427 1261 1453 δέδεικται
1284 1427 1318 1453 τὰ
1339 1427 1389 1461 τῆς
1414 1424 1573 1461 δαιμονικῆς
1595 1423 1830 1459 ὰνθρωποκτονίας
1849 1421 1919 1448 κατὰ

1130 1474 1192 1505 τοὺς
1212 1473 1343 1504 παλαιοὺς
1357 1473 1469 1508 χρόνους
1486 1470 1691 1505 ἐπιτελούμενα,
1710 1470 1756 1495 καὶ
1774 1468 1856 1504 μέχρι
1870 1467 1917 1494 τοῦ

1130 1517 1256 1554 Σωτῆρος
1268 1518 1346 1553 ἡμῶν
1359 1517 1560 1552 παρατείναντα
1571 1524 1576 1529 ·
1593 1514 1652 1546 πῶς
1664 1514 1713 1540 οὐκ
1728 1514 1847 1546 εὐλόγως
1858 1514 1919 1544 τοὺς

1132 1564 1234 1596 πάντας
1253 1564 1340 1594 εἴποις
1360 1563 1392 1589 ἂν
1411 1563 1471 1589 τότε
1487 1563 1542 1593 τοῖς
1562 1562 1689 1596 πονηροῖς
1707 1560 1816 1594 δαίμοσι
1831 1558 1917 1585 δεδού-

1132 1609 1233 1636 λῶσθαι
1243 1628 1251 1640 ,
1271 1609 1300 1635 ού
1315 1608 1445 1644 πρότερον
1459 1616 1489 1634 τε
1506 1607 1611 1634 παῦλαν
1627 1606 1680 1633 τῶν
1695 1605 1828 1631 τοσούτων
1845 1605 1921 1638 γενέ-

1134 1655 1193 1681 σθαι
1206 1655 1244 1691 τῷ
1260 1655 1309 1690 βίῳ
1321 1654 1413 1681 κακῶν
1424 1675 1430 1685 ,
1446 1654 1461 1689 ἢ
1478 1654 1526 1688 τὴν
1541 1653 1587 1680 τοῦ
1607 1653 1730 1687 Σωτῆρος
1744 1653 1760 1686 ἡ
1766 1651 1823 1686 μῶν
1839 1659 1921 1677 κατα-

1133 1699 1237 1734 λάμψαι
1253 1698 1445 1730 διδασκαλίαν;
1467 1698 1527 1724 ’Ὁτι
1549 1697 1580 1732 δὴ
1604 1697 1684 1731 μέχρι
1703 1695 1756 1722 τῶν
1782 1694 1921 1730 Ἀδριανοῦ

1133 1746 1235 1781 χρὸνων
1249 1745 1383 1780 διαμεῖναι
1399 1744 1484 1770 ταῦτα
1494 1743 1635 1769 ’λελύσθαι
1649 1743 1670 1768 δ’
1686 1741 1715 1774 ἐξ
1732 1742 1835 1768 ἐκείνου
1852 1750 1922 1776 παρ-

1137 1792 1249 1827 έστησεν
1278 1792 1291 1817 ὁ
1307 1791 1354 1825 τῆς
1372 1790 1491 1826 ἱστορίας
1504 1790 1590 1824 λόγος.
1608 1787 1690 1820 Οὗτος
1713 1788 1745 1824 δὴ
1762 1787 1877 1823 μάλιστα
1889 1785 1923 1823 ἦν

1134 1838 1148 1864 ὀ
1161 1837 1269 1872 χρόνος,
1284 1836 1344 1862 καθ’
1360 1836 1389 1861 ὂν
1403 1837 1418 1871 ἡ
1436 1836 1567 1871 σωτήριος
1582 1834 1622 1865 εἰς
1639 1833 1742 1864 πάντας
1763 1831 1924 1868 ἀνθρώπους

1135 1884 1242 1918 ἧκμασε
1258 1881 1424 1908 διδασκαλία.
1439 1881 1494 1907 Καὶ
1512 1881 1564 1916 μὴν
1575 1880 1635 1906 οὐδὲ
1646 1879 1757 1906 δυνατὸν
1777 1879 1868 1909 αὐτοῖς
1885 1879 1922 1904 εἱ-

1135 1929 1209 1959 πεῐν,
1229 1928 1266 1959 ὼς
1284 1929 1339 1958 τοῖς
1360 1928 1486 1962 πονηροῖς
1508 1926 1631 1961 δαίμοσιν
1652 1925 1745 1951 ἔθυον·
1760 1924 1852 1955 αὐτοῖς
1869 1923 1921 1959 γὰρ

1137 1973 1254 2008 μάλιστα
1271 1975 1326 2004 τοῖς
1347 1973 1485 2007 μεγίστοις
1501 1972 1570 2003 Θεοῖς
1589 1972 1604 2007 ἡ
1630 1971 1734 2006 ἱστορία
1749 1970 1799 2001 τὰς
1819 1969 1923 2005 ἀνθρω-

1136 2019 1266 2050 ποθυσίας
1281 2018 1414 2054 ἐδήλωσεν
1430 2017 1620 2044 ἐπιτελεῖσθαι.
1646 2016 1762 2043 Θύεσθαι
1775 2015 1829 2051 γὰρ
1840 2015 1922 2051 ἔφησε

1136 2066 1168 2100 τῇ
1187 2065 1260 2100 Ἦρα
1279 2065 1324 2090 καὶ
1346 2065 1378 2099 τῇ
1401 2064 1509 2099 Ἀθηνᾷ,
1528 2064 1623 2098 Κρόνῳ
1647 2071 1675 2088 τε
1696 2063 1742 2089 καὶ
1758 2063 1854 2098 Ἀρει,
1877 2062 1923 2089 καὶ

1136 2109 1272 2144 Διονύσῳ,
1296 2110 1342 2135 καὶ
1362 2108 1435 2143 αύτῷ
1451 2117 1482 2142 γε
1504 2108 1544 2143 τῷ
1558 2108 1603 2134 ἐπὶ
1621 2108 1728 2134 πάντων
1744 2108 1801 2139 Διὶ,
1823 2108 1870 2134 καὶ
1885 2107 1923 2142 τῷ

1136 2156 1239 2191 Φοίϐῳ,
1264 2156 1302 2190 τῷ
1324 2156 1355 2190 δὴ
1378 2155 1532 2191 σεμνοτάτῳ
1561 2155 1669 2181 πάντων
1699 2154 1745 2180 καὶ
1779 2153 1923 2188 σοφωτάτῳ

1145 2201 1293 2229 Ἀπόλλωνι
1302 2210 1308 2216 ·
1316 2201 1426 2232 τούτους
1436 2200 1463 2226 δὲ
1476 2201 1529 2235 (50)
1542 2201 1588 2226 καί
1601 2200 1659 2226 οὐδὲ
1670 2199 1766 2231 ἄλλους
1777 2200 1839 2230 τοὺς
1851 2199 1923 2234 μεγίο

303 2276 364 2296 cum
379 2267 505 2294 maximis
519 2266 667 2301 praesertim
675 2265 828 2300 quibusque
836 2265 889 2291 diis
899 2269 1031 2291 mactatos
1041 2264 1079 2290 ho-

1140 2257 1218 2279 στους
1231 2256 1259 2273 τε
1274 2248 1319 2274 καὶ
1335 2247 1452 2281 ἀγαθοὺς
1468 2246 1592 2282 σωτῆρας
1607 2246 1683 2278 θεοὺς
1702 2246 1921 2281 ἀναγορεύουσιν.

1146 2295 1151 2301 ι
1166 2294 1171 2301 ι
1208 2294 1213 2301 ς
1232 2294 1251 2301 με
1269 2293 1279 2301 ιι
1348 2292 1360 2301 ν
1415 2293 1425 2301 η
1486 2293 1491 2300 I
1623 2292 1629 2301 ι
1667 2291 1678 2301 δ
1700 2292 1706 2301 Ι
1733 2300 1738 2301 γ
1764 2300 1770 2301 α
1784 2300 1787 2301 ν
1825 2291 1854 2301 F1
1871 2291 1900 2301 .,l
1914 2299 1920 2301 .

304 2315 391 2342 mines
405 2313 490 2340 fuisse
506 2320 538 2340 ex
553 2312 662 2339 illorum
677 2311 798 2338 historiis
813 2311 975 2338 habeamus.
993 2310 1087 2338 Testes

303 2363 375 2390 enim
391 2367 430 2386 ea:
446 2363 521 2390 sunt.
538 2356 639 2384 Juuoni
653 2366 685 2384 ae
698 2356 833 2390 Minervae,
861 2356 990 2388 Saturno,
1009 2355 1087 2383 Marti

303 2389 385 2440 at’lue
412 2404 531 2437 Baccho,
552 2402 667 2437 Jovique
693 2402 761 2428 adeo
783 2406 944 2428 cwterorum
967 2401 1087 2428 omnium

306 2451 436 2487 principi,
453 2459 502 2478 nec
529 2457 583 2476 non
609 2448 660 2483 ipsi
688 2447 802 2480 thbo,
814 2447 946 2482 Apollini,
966 2447 1087 2482 inquam,

303 2497 356 2530 .lli,
371 2498 418 2532 qui
431 2501 536 2524 tantum
551 2495 685 2530 gravitate
703 2494 815 2528 reliquis
832 2501 863 2520 ac
886 2493 1017 2528 sapientia
1038 2501 1088 2519 an-

304 2542 399 2573 teibat.
412 2550 496 2577 genus
512 2541 538 2568 id
555 2540 706 2567 hostiarum
723 2539 869 2573 placuisse,
887 2546 957 2573 quos
978 2537 1082 2572 utique,

342 2615 356 2631 ι
377 2609 419 2636 ῑσ.
433 2617 473 2635 τε.

343 2687 602 2724 (29)Haré.l.1n¢nr
619 2688 790 2724 Ἀθηναίοις.
805 2685 923 2724 Itatnss.
933 2685 1023 2718 ambo,
1036 2684 1088 2724 nisi

309 2720 505 2756 quod-habent
521 2723 561 2750 ἔτι
577 2731 625 2756 pro
639 2723 696 2755 ὲπί,
714 2728 796 2750 recte.
823 2722 898 2748 Alter
919 2728 983 2756 vero
994 2741 1002 2753 ,
1024 2720 1089 2756 παρ’

310 2732 381 2756 quoa
407 2732 505 2750 Habent
521 2732 561 2750 ετι
596 2732 625 2750 ro
639 2732 696 2755 επι,
714 2732 796 2750 recte.
823 2732 898 2748 Alter
920 2732 1002 2753 vctu,
1024 2732 1080 2755 Imp

310 2758 446 2794 Ἕλλησιν,
457 2766 504 2793 pro
511 2732 687 2794 Πανέλλησιν.
699 2757 826 2794 Montac_..
835 2757 899 2794 παρ’
909 2755 1033 2794 Ἕλλησι,
1044 2755 1090 2781 καὶ

310 2793 349 2819 ἔτι
363 2791 418 2825 τοῖς
436 2791 537 2820 τούτων
560 2791 784 2829 κορυφαιοτάτοις
804 2791 966 2829 ⁸έθηναίοις.
983 2791 1065 2829 Recte
1080 2799 1088 2816 :

312 2824 519 2864 malimitamen.
537 2828 584 2856 καὶ
597 2824 675 2864 ’παρά
685 2836 717 2864 γε
727 2828 794 2864 γτοῖς
807 2824 972 2864 Πανέλλησιν·
987 2826 1034 2852 xu).
1049 2824 1089 2864 ἔτι

311 2863 411 2899 τούτων
425 2872 451 2891 τ.
461 2873 488 2892 κ.
512 2860 672 2899 ’Δθηναίοίς.
689 2860 780 2899 lsthue
790 2863 861 2889 enim
877 2860 1044 2899 Πανέλληνες
1055 2860 1089 2899 ad

312 2897 481 2927 Philarchum
503 2895 634 2937 pertinet,
651 2898 697 2933 qui
716 2897 797 2933 paulo
821 2901 883 2926 ante
910 2896 1013 2928 πάντας
1026 2895 1088 2928 τοὺς

1140 2294 1219 2320 Αὐτοὶ
1230 2294 1251 2320 δ’
1266 2293 1318 2329 ἄρα
1336 2292 1390 2320 εἷεν
1413 2293 1445 2319 ἂν
1469 2293 1492 2318 οἱ
1522 2292 1634 2327 πονηροὶ
1664 2291 1798 2326 δαίμονες.
1825 2291 1855 2317 Εἰ
1870 2291 1923 2326 γὰρ

1138 2339 1192 2365 οἵδε
1212 2338 1350 2369 τοιαύταις
1365 2336 1599 2372 ἁνθρωποῡυσίαις
1620 2336 1666 2363 καὶ
1678 2335 1923 2371 ἁνθρωποκτονίαις

1139 2385 1255 2420 ἔχαιρον,
1272 2384 1329 2416 πῶς
1343 2384 1392 2410 οὐκ
1417 2383 1449 2410 ἂν
1476 2383 1573 2414 αὐτοὺς
1587 2383 1698 2414 εἰκότως
1717 2384 1750 2417 τῇ
1774 2382 1827 2408 τῶν
1844 2390 1923 2416 πονη-

1141 2431 1194 2466 ρῶν
1212 2431 1373 2466 πνευμάτων
1388 2429 1528 2465 μιαιφονίᾳ
1543 2429 1793 2464 καταριθμήσειας;
1809 2428 1864 2455 εἴτε
1878 2429 1925 2455 αύ-

1138 2478 1179 2503 τοὶ
1195 2477 1299 2512 χαίρειν
1316 2476 1435 2510 λέγοιντο
1447 2476 1503 2506 τοῖς
1520 2474 1660 2506 τοιούτοις,
1687 2474 1741 2500 εἴτε
1763 2476 1925 2510 συγχωρεῖν,

1140 2524 1186 2550 καὶ
1197 2524 1327 2559 περιορᾷν
1347 2522 1450 2558 ἑτέροις
1476 2522 1614 2557 γινόμενα.
1636 2522 1667 2547 Τί
1698 2521 1751 2556 γὰρ
1774 2521 1842 2556 χρῆν
1861 2521 1927 2553 ὅλως

1141 2688 1273 2724 Ἕλληνας
1287 2688 1338 2715 hac
1348 2687 1491 2724 impietate
1511 2687 1648 2724 laborasse
1672 2686 1809 2724 narrabat.
1834 2686 1927 2723 Itaque

1139 2721 1298 2751 vertendum
1315 2723 1378 2755 erit,
1392 2721 1451 2750 Ima
1463 2726 1488 2749 et
1503 2723 1573 2758 apud
1586 2721 1690 2749 ercm
1711 2723 1850 2750 uniuersos
1861 2744 1868 2756 ,
1886 2721 1927 2758 ip-

1139 2766 1233 2793 sosque
1242 2758 1306 2785 adeo
1316 2758 1498 2793 Atheuienses,
1515 2757 1560 2792 qui
1575 2765 1665 2784 eorum
1677 2757 1823 2793 principes,
1842 2763 1894 2786 etc.

1175 2792 1232 2828 (δυ)
1252 2793 1380 2826 Τούτους
1394 2792 1437 2819 δέ.
1455 2792 1509 2819 Alt.
1526 2800 1541 2819 e
1556 2799 1694 2828 manuscr.
1715 2792 1789 2828 legit,
1810 2793 1927 2826 Τούτους

1139 2827 1240 2861 eam
1257 2828 1307 2864 οὐκ
1322 2827 1428 2864 ἄλλους,
1439 2828 1502 2864 τοὺς
1517 2827 1660 2864 μεγῳτους
1673 2827 1768 2862 θεοὺς,
1797 2828 1926 2864 ἀγαθοὺς,

1140 2865 1187 2892 καὶ
1199 2863 1325 2901 σωτῆρας
1336 2861 1555 2900 ἀναγορεύουσιν,
1574 2861 1666 2892 Recte.
