2060 3213
159 160 210 188 239

747 161 904 189 PREPAR.
925 161 1049 189 EVANG.
1072 161 1136 188 L'B.
1153 161 1197 188 lV.

1735 162 1788 189 290

159 220 314 257 ἐπιτρέπειν
328 222 486 258 ἀνθρώποις
505 222 660 249 ἱλάσκεσθαι
685 222 719 249 τὰ
747 222 852 258 πονηρὰ
871 223 947 249 πνεύ-

1003 231 1055 249 ιιοιι
1073 223 1150 254 alios,
1168 222 1217 258 ipsi
1239 229 1300 249 cum
1316 222 1450 249 maximos
1474 221 1618 257 bonosque
1633 222 1708 254 deos,
1728 227 1784 249 tum

163 275 247 303 ματας
261 267 293 293 Τί
304 267 333 294 δὲ
361 268 490 294 τοσοῦτον
508 268 666 300 πλανᾶσθαι,
684 268 720 300 ὡς
732 265 891 303 θεραπεύειν
906 268 952 294 καὶ

161 313 317 340 κολακεύειν
334 314 398 345 τοὺς
412 314 548 348 meum
567 314 599 340 Τί
614 314 642 341 δὲ
653 315 710 346 τοῖς
725 315 851 350 πονηροῖς
866 322 951 341 κατα-

161 359 335 391 δο·)λοῦσθαι;
355 360 416 386 δέον
433 361 551 394 ἀγαθοὺς
567 360 646 392 ὄντας
672 360 719 387 καὶ
742 360 952 399 θεοὺςυπορρω-

166 406 232 432 ιάτω
247 405 298 440 τῆς
315 405 469 442 ἀνθρώπων
497 405 648 441 διατριϐῆς,
678 407 731 432 πᾶν
759 406 773 432 ὃ
797 415 823 432 τι
850 405 951 440 φαῦλον

163 451 207 477 καὶ
225 451 343 487 πονηρὸν
354 452 467 486 δυνάμει
481 451 614 487 κρείττονι
633 452 680 478 καὶ
696 451 818 488 θειοτέρα
834 452 952 478 ἀπελαύ-

162 506 226 523 νειν.
238 495 278 524 Ἦ
294 497 385 532 πατὴρ
399 497 448 532 μὲν
464 495 564 531 ἀγαθὸς
583 497 633 524 οὐκ
661 497 694 524 ἃν
711 497 762 524 ὑπὸ
784 497 894 532 φαύλοις
906 499 952 525 ἀν-

161 543 238 578 δράσι
257 542 434 578 φθειρόμενον
452 543 565 579 περιίδοι
579 542 611 569 ἆν
627 543 672 569 τὸν
689 543 770 570 αὐτοῦ
789 544 878 571 παῖδα·
892 544 950 571 οὐδὲ

160 587 205 614 τδν
221 588 331 623 οἰκέτην
347 588 462 623 σώφρων
473 587 607 623 δεσπότης
621 588 673 614 ὑπὸ
696 590 753 618 τοῖς
769 588 875 624 ἐχθροῖς
887 589 951 623 ἀγό-

163 643 242 670 μενον
256 634 425 670 περιόψεταν
442 634 502 661 οὺδέ
523 643 555 669 γε
575 634 727 670 στρατηγὸς
741 634 806 670 (51),
832 635 950 670 πολέμου

161 680 296 716 παρόντος
312 681 374 712 τοὺς
383 679 500 711 οἰκείους
527 678 721 712 διασώσασθαι,
736 681 793 711 τοῖς
813 680 951 716 πολεμίοις

161 726 352 761 αἰχμαλώτους
366 726 471 761 ἀνήσει·
491 725 550 753 οὐδὲ
568 725 668 761 ποιμὴν
685 725 718 752 τὰ
737 725 882 762 Θρέμματα
895 727 951 758 τοῖς

161 771 263 803 λύκοις·
282 771 338 798 θεοὶ
365 771 393 797 δὲ
418 771 473 806 ἄρα
499 771 545 798 καὶ
562 770 659 805 ἀγαθοὶ
674 771 798 806 δαίμονες
820 771 872 797 ὑπὸ
895 773 950 804 τοῖς

164 819 310 854 μοχθηροῖς
327 818 373 845 καὶ
390 817 502 853 φαύλοις
527 818 656 854 ἀνήσουσι
672 817 701 844 τὸ
724 817 778 844 τῶν
801 817 951 854 ἀνθρώπων

163 863 240 896 γένος
250 871 258 896 ;

1005 274 1158 295 servatores
1173 268 1254 295 etiam
1272 276 1304 294 ac
1315 268 1435 295 vindices
1455 268 1591 303 appellare
1602 269 1699 295 solent.
1712 268 1789 304 165

1006 313 1056 340 Sed
1073 314 1202 340 nimirum
1217 314 1336 348 improbi
1354 314 1491 341 dzemones
1508 319 1587 340 erant
1607 314 1652 341 isti
1668 322 1788 349 quoque.

1005 358 1071 385 Nam
1089 359 1111 386 si
1130 359 1250 386 humano
1276 360 1356 386 etiam
1385 367 1482 386 cruore
1504 364 1645 394 tantopere
1671 361 1791 387 delecta-

1004 404 1113 437 bantur,
1137 404 1231 439 quidni
1255 405 1380 432 similiter
1396 413 1490 431 verum
1511 406 1604 432 siteos
1621 405 1647 432 in
1665 405 1789 432 eamdem

1004 459 1065 478 cum
1096 450 1235 478 sceleratis
1261 458 1294 477 ac
1327 451 1418 478 tinctis
1450 451 1582 485 sanguine
1619 451 1791 479 damonibus

1005 497 1119 524 classem
1137 495 1358 529 conjicere?Nec
1373 504 1439 524 sane
1462 497 1585 528 interest.
1605 497 1791 532 gauderentno

1006 542 1055 577 ipsi
1077 542 1129 569 hoc
1145 543 1341 570 sacriﬁciorum
1359 550 1468 578 genere,
1480 550 1513 569 an
1528 543 1589 570 aliis
1605 543 1659 569 isto
1677 543 1730 569 ritu
1746 543 1791 569 ﬁe-

1004 589 1025 615 ri
1040 593 1204 623 pati-rentur.
1227 587 1382 621 Enimvero,
1402 588 1528 616 dccuitne
1554 589 1727 621 mortalibus,
1751 591 1789 616 uti

1004 633 1122 661 nefarios
1137 635 1248 669 spiritus
1266 635 1419 669 placarent,
1439 633 1494 660 ullo
1512 635 1593 661 modo
1609 635 1765 669 permittere
1779 638 1789 662 ί

1004 680 1134 707 Decuitne
1150 685 1254 707 tantum
1270 681 1296 707 in
1309 681 1342 707 iis
1356 687 1476 706 errorem
1488 679 1672 710 dissimulare.
1689 686 1718 708 ut
1731 681 1789 708 cul-

1004 731 1032 753 tu
1045 731 1068 753 el
1084 725 1215 760 obsequio
1231 727 1370 761 improbos
1384 725 1547 752 delinirent?
1563 725 1704 757 Decuitne,
1725 735 1788 754 eum

1004 771 1149 806 impiorum
1165 780 1225 800 sese
1240 772 1375 807 tyrannidi
1394 771 1570 805 subjicerent,
1585 771 1656 799 ferre
1669 772 1762 800 leviter
1775 773 1789 800 ?

1004 824 1066 844 cum
1094 816 1154 845 illos
1179 817 1279 852 potius,
1303 818 1326 845 si
1352 818 1461 853 quidem
1478 820 1504 843 ct
1517 815 1619 844 boniet
1632 817 1668 845 dii
1686 817 1788 850 forent,

969 860 990 887 Β
1005 863 1164 898 longissime
1187 869 1324 899 oporteret
1346 865 1381 891 ah
1409 865 1529 892 humana
1557 865 1695 897 societate,
1711 865 1790 899 quid-

162 908 226 943 quid
244 908 320 943 pravi
335 908 455 943 malique
478 911 559 941 esset,
584 907 728 943 potentiori
752 915 784 935 ac
811 907 938 935 diviniori
958 907 1074 937 Numine
1091 911 1354 944 propulsare?Quid
1370 912 1462 938 enim?
1484 911 1573 945 Pater,
1586 912 1608 939 si
1638 912 1719 939 modo
1740 913 1790 940 bo.

164 962 215 982 nus
239 953 333 986 fuerit,
356 962 495 990 nunquam
511 963 526 982 a
539 955 651 989 perditis
673 954 829 982 hominibus
847 956 917 983 male
951 956 1035 983 ﬁlium
1072 957 1165 985 haberi
1198 959 1317 993 patiatur
1333 968 1340 986 :
1356 966 1450 994 aequus
1470 959 1645 994 prudeusque
1661 959 1789 987 dominus

165 1010 274 1029 servum
296 1002 331 1030 ab
354 1003 473 1030 inimicis
488 1003 580 1030 vexari
598 1003 729 1031 abducive
749 1011 890 1038 nunquam
925 1003 1016 1032 ferat:
1034 1005 1180 1040 imperator
1202 1014 1315 1033 suorum
1346 1006 1374 1033 in
1404 1006 1475 1034 bello
1498 1007 1614 1034 salutem
1639 1006 1785 1034 defendere

163 1058 194 1077 ac
213 1050 284 1076 tueri
318 1050 341 1077 si
361 1050 469 1084 poterit,
490 1049 517 1077 in
542 1050 660 1078 hostium
690 1058 737 1078 eos
768 1042 931 1086 potestatem
951 1053 1043 1080 venire
1066 1061 1120 1080 non
1143 1054 1215 1081 sinat
1231 1063 1237 1080 :
1253 1059 1347 1089 pastor
1367 1062 1402 1081 ne
1422 1062 1486 1082 oves
1512 1054 1621 1089 quidem
1637 1062 1701 1082 suas
1717 1055 1788 1090 lupis

162 1098 293 1133 objieiat:
308 1102 335 1125 et
346 1098 382 1125 dii
397 1104 485 1126 tamen
500 1098 618 1133 bonique
639 1099 776 1126 daemones
789 1099 937 1127 humanum
957 1108 1041 1135 genus
1075 1101 1236 1136 gravissimo
1268 1102 1472 1129 teterrimorum
1497 1102 1651 1130 daemonum
1666 1103 1733 1139 jugo
1743 1111 1789 1138 op-

162 1152 274 1180 pressos
286 1144 379 1179 jacere
392 1146 548 1180 patientur?
566 1145 597 1173 Et
608 1147 730 1174 sexcenti

160 1194 216 1220 Kal
239 1196 266 1221 οἱ
291 1194 458 1229 τρισμύριοι
488 1195 622 1231 φύλακες
649 1194 705 1231 (52)
741 1196 880 1230 μερόπων
899 1196 952 1223 ἀν-

514 1230 645 1264 θρώπων,

158 1286 184 1312 οἱ
198 1285 232 1322 δὴ
243 1286 372 1322 ποιμένες
391 1286 438 1314 καὶ
455 1287 587 1322 σωτῆρες,
613 1287 732 1322 βασιλεῖς
748 1296 776 1314 τε
792 1289 839 1315 καὶ
863 1289 949 1315 πατέ-

160 1339 217 1366 ρες,
234 1333 281 1359 καὶ
309 1332 409 1368 κύριοι,
430 1334 485 1365 τοῖς
515 1333 621 1369 ἐχθροῖς
650 1334 698 1361 καὶ
723 1333 873 1370 πολεμίοις,
905 1335 951 1362 καὶ

157 1376 267 1412 ἀγρίοις
287 1377 384 1414 θηρσὶν
397 1378 517 1411 ἀνηλεῶς
528 1378 615 1411 οὕτως
639 1379 686 1406 καὶ
709 1379 791 1414 ὠμῶς
815 1379 891 1414 ἄγειν
903 1380 950 1407 καὶ

159 1423 255 1458 φέρειν
267 1423 301 1450 τὰ
316 1424 431 1458 φίλτατα
444 1425 652 1460 παραδώσουσι;
681 1425 748 1461 Οὐχὶ
763 1426 792 1452 δὲ
816 1426 949 1462 προπολε-

159 1471 292 1506 μήσουσιν
309 1470 540 1506 ὑπερασπίζοντες
555 1471 609 1497 τῶν
635 1471 810 1507 προσφύγων,
828 1472 874 1499 καὶ
887 1473 949 1505 τοὺς

159 1517 209 1552 μὲν
226 1516 339 1552 ἐχθροὺς
352 1517 400 1543 καὶ
414 1517 548 1552 πονηροὺς
567 1517 697 1552 δαίμονας
727 1517 776 1553 τῆς
797 1517 948 1553 ἀνθρώπων

1102 1191 1228 1221 Custodes
1236 1194 1382 1228 hominum,
1399 1203 1463 1230 quos
1479 1196 1571 1231 lingua
1586 1196 1702 1229 diremit,

1005 1288 1140 1319 pastores,
1156 1283 1279 1318 inquam,
1294 1283 1343 1315 illi,
1359 1282 1491 1314 vindices,
1507 1290 1594 1318 reges,
1610 1286 1747 1318 parentes,
1756 1288 1789 1310 ac

1002 1328 1115 1361 domini,
1131 1337 1200 1363 quos
1211 1329 1289 1363 longe
1300 1328 1478 1356 charissimus
1495 1328 1622 1361 habeant,
1637 1336 1684 1355 eos
1700 1327 1790 1355 infen-

1004 1376 1121 1404 sissimis
1139 1376 1275 1408 hostibus,
1288 1383 1320 1402 ac
1336 1375 1498 1402 truculentis
1515 1375 1613 1402 belluis
1625 1375 1699 1402 omni
1721 1383 1788 1402 cru-

1002 1422 1111 1449 delitate
1124 1429 1156 1449 ac
1169 1422 1277 1449 diritate
1292 1421 1429 1449 vexandos
1439 1421 1656 1456 cruciandosquc
1664 1421 1789 1449 tradent?

1001 1469 1070 1499 Imo.
1086 1475 1139 1494 non
1152 1467 1310 1502 pugnabant
1324 1467 1376 1501 ipsi
1397 1475 1446 1502 pro
1461 1467 1623 1494 clientibus!
1650 1475 1704 1494 non
1729 1468 1788 1495 suis

1000 1522 1048 1542 eos
1068 1514 1152 1541 armis
1179 1521 1212 1541 ac
1238 1513 1398 1540 defensione
1425 1514 1530 1548 tegent!
1554 1521 1608 1540 non
1624 1513 1738 1541 infestos
1755 1521 1788 1541 ac

157 1561 271 1596 ἀγέλης,
285 1561 394 1597 μακρὰν
405 1561 499 1596 ὥσπερ
511 1561 586 1594 τινας
600 1562 757 1598 ὼμοϐὀρους
773 1563 820 1589 καὶ
836 1563 947 1599 ἀγρίους

1001 1561 1146 1588 sceleratos
1162 1560 1300 1587 daemones
1311 1559 1406 1594 procul
1418 1559 1452 1586 al)
1468 1559 1609 1586 hominum
1622 1567 1712 1594 grege,
1727 1564 1788 1587 tan-

158 1607 246 1642 θῆρας
261 1607 450 1640 ἁποδιώξουσι,
481 1607 616 1640 διδάξουσι
641 1607 670 1634 δὲ
688 1609 777 1636 πάντα
804 1609 948 1645 ἄνθρωπον

158 1653 264 1689 μυρίων
277 1653 346 1680 θεῶν
359 1654 407 1680 καὶ
423 1653 556 1689 δαιμόνων
585 1655 695 1689 ἀγαθῶν
718 1655 816 1691 πλήθει
842 1665 949 1692 προσῳ-

157 1699 317 1734 κειωμένον,
331 1699 530 1736 ὲπιθαρσοῠντα
547 1701 602 1732 τοῖς
623 1701 653 1727 οὐ
684 1701 763 1737 μόνον
784 1701 948 1737 κρείττοσιν,

157 1745 226 1772 ἀλλὰ
242 1746 289 1772 καὶ
298 1746 418 1772 πλείοσιν
429 1746 476 1773 καὶ
492 1747 629 1782 μεγίστοις
641 1747 710 1779 θεοῖς
727 1747 946 1783 καθωσιωμένον,

158 1792 273 1828 σμικρὰ,
293 1792 392 1827 μᾶλλον
406 1792 435 1818 δὲ
447 1792 477 1819 τὸ
494 1792 578 1828 μηθὲν
605 1793 814 1829 ἐπιστρέφεσθαι
829 1795 879 1829 τῆς
893 1795 948 1821 τῶν

157 1837 285 1873 πονηρῶν
311 1837 446 1873 δαιμόνων
476 1839 633 1872 ἀσθενείας;
653 1840 717 1866 Ὅτε
746 1840 774 1866 δὲ
806 1840 885 1867 τοῦτο
909 1840 947 1876 μὴ

156 1883 301 1919 ἔπραττον,
317 1885 466 1920 συνήργουν
479 1884 500 1910 δ’
517 1884 634 1920 ἔμπαλιν
643 1886 698 1917 τοῖς
715 1887 843 1922 πονηροῖς
859 1887 946 1919 αὐτοὶ,

155 1929 201 1956 διὰ
217 1929 272 1956 τῶν
284 1930 416 1966 χρησμῶν
429 1930 478 1963 τὰς
489 1931 653 1967 δηλωθείσας
674 1931 792 1964 ἀνιέντες
805 1933 947 1969 ἀνθρωπο-

157 1973 265 2006 Θυσίας,
277 1974 415 2010 χαίροντές
431 1984 461 2002 τε
476 1976 758 2012 αἰσχρορρημοσύναις
771 1977 890 2009 ἁπάσαις
901 1978 947 2004 καὶ

155 2022 218 2053 ταῖς
233 2020 335 2047 τούτων
349 2021 505 2054 ἀκολούθοις
524 2022 665 2058 πράξεσιν,
691 2021 774 2057 ἔργῳ,
798 2023 874 2056 φασὶ.
900 2023 944 2057 δῆ-

155 2067 214 2098 λον,
231 2066 270 2099 ὼς
283 2067 357 2093 οὐδέν
370 2076 396 2093 τι
409 2067 456 2093 καὶ
472 2067 548 2093 αὐτοὶ
565 2066 674 2101 φαύλων
686 2066 820 2102 δαιμόνων
833 2067 880 2102 τὴν
897 2067 947 2102 φύ-

156 2119 200 2138 σιν
216 2111 336 2139 διέλαθον
345 2118 368 2133 ι·
380 2111 478 2147 μᾶλλον
491 2111 519 2138 δὲ
534 2112 598 2147 μιᾶς
611 2112 658 2138 καὶ
671 2112 721 2146 τῆς
730 2112 814 2147 αὐτῆς
824 2112 947 2147 ὑπῆρχον

155 2158 343 2194 προαιρέσεως
355 2158 403 2186 καὶ
416 2157 536 2194 γνώμης·
551 2159 598 2186 καὶ
615 2157 654 2184 ἔτι
673 2157 771 2194 μᾶλλον
797 2160 893 2190 εἰπεῖν,
909 2159 946 2191 ὡς

154 2204 218 2231 οὐδὲ
231 2205 299 2237 ὅλως
310 2205 370 2237 θεός
395 2213 436 2236 τις
464 2202 509 2240 ἦν,
527 2204 587 2231 οὐδέ
610 2213 651 2236 τις
671 2204 773 2238 ἀγαθὸς
791 2204 907 2240 δαίμων,
928 2205 943 2230 ὁ

1001 1613 1082 1640 quam
1103 1605 1236 1632 immanes
1252 1609 1279 1632 et
1300 1604 1460 1632 erudivoras
1484 1605 1616 1632 arcehunt
1630 1605 1716 1632 feras!
1733 1605 1788 1632 De-

1000 1652 1082 1686 nique
1103 1659 1157 1678 non
1178 1655 1293 1678 cunctos
1322 1651 1447 1678 homines
1473 1651 1636 1684 edocebunt,
1653 1651 1700 1686 qui
1724 1659 1786 1678 cum

1000 1698 1136 1725 sexcentis
1149 1697 1203 1724 diis
1217 1697 1352 1732 bonisque
1365 1697 1537 1725 demonibus
1554 1705 1648 1724 amore
1669 1698 1788 1724 benevo-

1000 1744 1137 1778 lentiaque
1147 1743 1289 1778 conjuncti
1307 1743 1371 1776 sint,
1401 1743 1436 1771 iis
1465 1743 1541 1778 parvi
1558 1743 1717 1776 admodum,
1731 1743 1786 1771 imo

1000 1790 1077 1818 nihili
1098 1790 1178 1824 plane
1194 1789 1382 1824 improbOrum
1401 1789 1555 1816 daemonum
1570 1789 1785 1817 imbecillitatem

999 1835 1151 1863 faciendam
1164 1843 1234 1867 esse,
1252 1835 1352 1870 quippe
1368 1843 1437 1870 quos
1454 1842 1508 1862 non
1521 1836 1604 1863 modo
1620 1836 1784 1871 potentiori-

999 1881 1061 1914 bus,
1073 1890 1167 1909 verum
1180 1883 1261 1910 etiam
1277 1883 1402 1918 pluribus
1418 1882 1506 1918 iisque
1521 1882 1648 1909 maximis
1663 1883 1786 1909 numini-

999 1927 1245 1962 busconsccratos,
1258 1936 1354 1955 eorum
1377 1936 1428 1963 ope
1449 1936 1480 1955 ac
1497 1928 1623 1963 praesidio
1650 1929 1785 1956 conﬁdere

999 1975 1104 2010 nitique
1128 1976 1267 2010 oporteat!
1281 1975 1340 2002 Jam
1363 1983 1427 2002 vero
1440 1983 1502 2003 cum
1518 1975 1552 2002 ab
1568 1982 1601 2002 eo
1616 1979 1720 2002 tantum
1736 1975 1785 2002 ab-

999 2021 1110 2054 fuerint,
1127 2026 1157 2048 ut
1174 2029 1251 2049 suam
1267 2021 1318 2056 ipsi
1332 2028 1443 2056 quoque
1459 2021 1598 2048 sceleratis
1610 2028 1720 2055 operam
1736 2028 1784 2046 na-

998 2072 1103 2100 varent,
1123 2068 1226 2102 partim‘
1244 2068 1386 2102 responsis
1407 2067 1549 2094 hominum
1573 2066 1707 2094 sacriﬁcia
1722 2074 1783 2100 per-

999 2114 1149 2146 mittendo,
1171 2114 1270 2149 partim
1287 2113 1467 2141 obscaanitate
1490 2113 1644 2145 verborum,
1670 2120 1785 2147 qumque

998 2159 1050 2195 ipsi
1065 2160 1230 2188 comitantur
1241 2159 1398 2187 libidinibus
1409 2167 1441 2186 ac
1453 2159 1554 2193 stupris
1568 2159 1600 2186 ad
1616 2158 1782 2193 voluptatem

999 2206 1113 2239 fruendo
1125 2215 1132 2239 ;
1144 2214 1188 2234 res
1206 2206 1286 2241 plane
1308 2206 1365 2240 ipsa
1383 2205 1514 2240 loquitur,
1534 2205 1601 2232 nihil
1619 2212 1732 2240 prorsus
1748 2205 1784 2231 ab

154 2251 242 2278 πάλαι
257 2251 326 2288 πρὸς
338 2251 391 2278 τῶν
406 2250 490 2278 ὲθνῶν
520 2251 646 2278 ἁπάντων
661 2250 732 2277 κατὰ
753 2250 843 2282 πόλεις
857 2260 886 2277 τε
898 2250 944 2277 καὶ

999 2253 1182 2288 improborum
1194 2253 1347 2279 daemonum
1363 2251 1505 2279 deﬂexisse
1518 2256 1626 2284 natura,
1636 2251 1681 2278 sed
1700 2259 1781 2277 unam

153 2297 249 2333 χώρας
263 2297 508 2333 προσκυνούμενος.
526 2297 589 2328 Πῶς
621 2296 674 2332 γὰρ
699 2295 732 2323 ἂν
749 2296 854 2331 γένοιτό
877 2305 944 2323 ποτε

154 2343 195 2379 τῷ
211 2342 308 2378 ἀγαθῷ
317 2343 348 2370 τδ
373 2342 474 2378 φαῦλον
496 2342 590 2378 φίλον;
614 2343 638 2368 εί
663 2342 700 2378 μὴ
715 2342 762 2368 καὶ
774 2342 872 2377 φωτὸς,
898 2343 946 2369 καὶ

156 2388 270 2420 σκάτους
281 2389 379 2424 κρᾶσιν
393 2388 522 2415 δύνασθαι
541 2386 605 2423 μίαν
620 2387 686 2422 φαίη
702 2396 743 2418 τις
758 2386 791 2414 ἂν
808 2387 943 2421 γενέσθαι.

154 2434 235 2470 Πόσῳ
245 2434 273 2461 δὲ
286 2434 417 2470 κρείττων
439 2435 454 2460 ὁ
480 2434 546 2468 παρ’
569 2432 721 2468 ἀνθρώποις
738 2432 866 2467 λογισμὸς
890 2432 945 2459 τῶν

153 2479 357 2515 νενομισμένων
385 2478 465 2510 θεῶν,
497 2478 564 2514 μηδὲ
592 2477 703 2512 φαύλοις
724 2477 832 2512 δαίμοσι
847 2477 945 2512 χρῆναι

189 2540 203 2556 ι
218 2544 264 2570 πρ.
280 2534 448 2570 διήλλαττον.

190 2581 248 2615 (51)
266 2581 444 2615 Στρατηγός,
469 2584 521 2608 etc.
552 2579 688 2607 Manuscr.
716 2579 807 2615 alter,
827 2578 944 2615 πολέμου

156 2613 310 2651 στρατηγὸς
331 2613 394 2648 τοὺς
415 2615 531 2647 οἰκείους
550 2616 660 2651 παρὼνΔ
676 2613 852 2641 διασώσαθαι,
874 2613 942 2642 Vera

156 2649 286 2685 lectio.'Si
307 2651 402 2685 παρών
416 2655 535 2677 mutetur
547 2651 575 2677 in
591 2649 689 2685 ιταρόν.

191 2683 247 2721 (52)
264 2683 435 2724 Τριςηὶύριοι
454 2685 598 2724 φύλακες.
617 2683 942 2724 Montu'yptcttaxdptot.

158 2718 298 2762 Utrumvis
316 2718 434 2762 legatur,
454 2718 700 2762 crediderimjllos
724 2718 833 2762 Hesiodi
847 2718 944 2747 versus

157 2757 265 2791 respici.
294 2754 365 2791 quos
391 2756 471 2791 vulgo
485 2754 633 2783 Christiani
645 2755 726 2781 etiam
745 2754 885 2787 doctores,
915 2759 945 2781 ut

156 2790 316 2818 Lactantius
332 2790 452 2818 Institut.
469 2799 500 2823 ιι,
515 2791 560 2823 15,
576 2791 608 2817 ad
623 2788 842 2852 persuadendum
860 2797 944 2824 ange-

157 2825 245 2852 lorum
260 2826 384 2852 tutelam.
400 2826 496 2852 aﬂ‘erre
507 2826 606 2852 solent.
646 2828 736 2852 xstant
755 2831 782 2851 In
803 2824 879 2852 Ἵιργ.
900 2825 922 2851 Α
935 2844 943 2852 .

157 2825 245 2854 lorum
260 2826 384 2858 tutelam,
400 2826 496 2854 aﬂ‘erre
507 2826 606 2853 solent.
623 2824 736 2853 Exstant
755 2824 782 2851 in
803 2824 879 2858 Ἐργ.
900 2825 922 2851 Α
935 2844 943 2857 ,

156 2862 425 2932 Ὲῗρέἓὲαιμονές
439 2897 508 2931 εισι,
525 2895 591 2930 Διὸς
602 2895 736 2932 μεγάλου
753 2895 801 2922 διὰ
814 2894 942 2928 βουλὰς,

996 2300 1096 2334 potius,
1112 2303 1139 2326 et
1151 2299 1273 2325 eamdem
1289 2303 1370 2333 atque
1384 2298 1458 2332 ipsos
1473 2298 1639 2325 voluntatem
1661 2304 1692 2324 ac
1706 2304 1783 2323 men-

995 2349 1051 2372 tem
1065 2345 1217 2372 habuisse:
1241 2344 1323 2379 166
1347 2343 1514 2378 proindcque
1544 2343 1649 2370 nullum
1670 2342 1783 2369 omnino

996 2391 1054 2418 sive
1069 2391 1161 2423 deum,
1176 2390 1233 2417 sive
1249 2391 1351 2417 bonum
1368 2389 1519 2417 daemonem
1540 2389 1635 2420 fuisse,
1655 2388 1793 2423 quisquis.1

995 2435 1060 2461 olim
1078 2435 1112 2461 ab
1127 2434 1264 2462 universis
1281 2435 1407 2470 gentibus
1421 2442 1468 2468 per
1487 2434 1569 2461 urbes
1583 2434 1683 2468 passim
1701 2437 1782 2467 atque

996 2489 1082 2517 pagos
1099 2481 1151 2509 hoc
1167 2481 1276 2509 nomine
1290 2482 1435 2509 coleretur.
1448 2480 1515 2508 Nam
1527 2481 1562 2513 ei,
1573 2480 1619 2515 qui
1634 2480 1723 2507 bonus
1734 2479 1780 2512 sit,

1001 2581 1129 2613 Ἐσθλοὶ,
1145 2581 1319 2615 ἐπιχθόνιοι,
1336 2580 1472 2615 φύλακες
1482 2579 1598 2614 θνητῶν
1608 2579 1780 2613 ἀνθρώπιον,

996 2617 1030 2643 ΟΖ
1042 2618 1079 2650 ρα
1092 2617 1289 2651 φυλάσσουσί
1301 2625 1333 2643 τε
1344 2616 1439 2648 δίκας,
1451 2616 1500 2642 καὶ
1512 2616 1637 2650 σχέτλια
1652 2616 1734 2649 ἔργα.

996 2662 1127 2697 Synesius
1139 2663 1157 2689 Ι.
1175 2663 1212 2689 De
1228 2661 1392 2694 Provident.,
1412 2662 1485 2696 p.99
1504 2661 1542 2688 D:
1565 2662 1643 2688 Ἔστι
1662 2662 1710 2697 μὲν
1727 2661 1781 2697 γὰρ

994 2696 1056 2733 τῇδε
1079 2697 1126 2724 καὶ
1147 2698 1245 2733 ἡρώων
1267 2698 1357 2733 φῦλον,
1370 2697 1451 2732 ἱερὸν,
1467 2696 1780 2733 ὲπιμελὲςλὰνθρώπων,

994 2731 1041 2759 κάι
1057 2733 1091 2760 τὰ
1106 2731 1210 2768 σμικρὰ
1221 2731 1337 2768 ὠφελεῖν
1348 2731 1505 2768 δυνάμενον,
1521 2732 1566 2758 καὶ
1586 2731 1615 2758 τὸ
1632 2731 1781 2768 πρεσϐέτε-

995 2777 1040 2803 ρον
1054 2766 1164 2802 ἀγαθόν.
1177 2766 1299 2795 Consule
1313 2767 1342 2794 P.
1361 2766 1464 2795 Petavii
1482 2772 1585 2798 notam,
1600 2767 1646 2801 qui
1656 2766 1697 2794 ex
1720 2766 1781 2793 Pla-

996 2802 1066 2830 tonis
1080 2808 1105 2830 et
1121 2803 1258 2830 Plutarchi
1270 2803 1359 2829 verbis
1376 2803 1473 2830 merito
1491 2803 1611 2836 coniicit,
1624 2802 1701 2829 aliter
1716 2803 1781 2830 olim

994 2847 1089 2901 Bersus
1108 2838 1175 2867 istos
1198 2839 1282 2866 lectos
1298 2846 1360 2866 esse
1384 2846 1466 2873 quam
1487 2838 1567 2873 vulgo
1586 2837 1709 2873 cortCepti
1734 2839 1780 2865 ba-

1012 2879 1119 2901 cantur.

1012 2879 1119 2902 cantur.
