2060 3213
291 205 324 232 79
591 203 726 232 EUSEBII
743 203 987 231 CIESARIENSIS
1008 203 1072 231 Ol’P
1106 203 1195 231 PARS
1214 203 1245 230 ll.
1262 218 1297 222 —
1312 201 1564 234 APOLOGETICA.

1841 198 1895 226 280

271 269 318 292 tea
341 271 433 292 rerum
448 262 573 291 omnium
590 262 733 291 sterilitate
759 267 956 297 premerentur,
983 261 1054 294 Jovi,

1106 261 1136 287 οὗ
1155 261 1310 295 Πελασγοὺς
1330 261 1408 287 καλεί
1430 261 1492 292 τοὺς
1513 258 1681 294 ἀνθρώπους,
1701 257 1768 285 ἀλλὰ
1784 257 1893 293 Τυρρη‹

271 308 400 344 Apollini,
421 313 448 336 et
460 307 567 335 Cabiris
583 314 690 339 eorutn,
705 314 766 341 qua:
789 307 840 334 sibi
865 311 1054 339 nasceremur,

271 355 393 383 omnium
413 354 534 382 decimas
552 357 698 386 voveram;
721 352 836 387 ideoque
865 353 903 380 rei
930 358 1054 380 votorum

271 400 370 433 ell'ecti,
384 400 499 428 eximias
515 398 650 426 fructuum
666 405 698 425 ac
721 405 850 432 pecorum
866 397 1055 425 universorum

272 446 392 474 decimas
408 445 460 473 diis
473 449 678 476 consecrarant,
696 444 774 478 quasi
792 443 849 471 suis
871 451 917 471 eas
940 447 1055 476 tantum,

273 492 396 526 nihilque
417 495 546 526 praeterea
576 489 648 517 votis
675 489 862 518 inclusissent.
893 490 980 525 Atque
1000 490 1057 519 lucc

272 537 384 564 totidem
400 543 470 571 pene
480 535 571 563 verbis
598 542 614 562 a
642 534 752 571 Myrsilo
775 535 874 563 Lesbio
891 543 1057 563 commemo-

273 587 379 615 rantur,
405 582 459 609 nisi
473 582 547 618 quod
570 581 727 618 Tyrrhenos
755 582 812 616 ipse
837 582 951 617 populos
977 582 1056 614 istos,

273 637 328 656 non
345 628 474 664 Pelasgos
492 628 620 663 appellat.
634 628 714 663 cujus
730 627 768 655 rei
786 635 868 655 causa
883 627 1056 664 postmodum

271 683 287 702 a
300 674 378 702 nobis
394 674 533 702 all'eretur.
549 673 684 701 Caeterum
701 681 763 701 cum
794 673 828 701 de
856 673 933 700 relati
954 673 1056 700 oraculi

272 724 362 748 mente
379 719 455 747 nullo
471 720 553 746 modo
566 719 701 754 conjicere
726 723 848 754 possent,
875 718 965 746 dubiis
998 718 1058 745 ani-

272 764 366 800 mique
380 764 571 799 pendentibus,
597 772 612 791 e
634 764 788 791 senioribus
802 771 873 790 unus
884 763 981 798 aliquis
997 771 1056 791 eam

272 810 388 837 solerter
402 814 555 843 assecutus,
576 817 624 837 eos
648 809 808 844 gravissime
834 808 890 836 falli
915 809 1058 836 denuntia-

273 856 321 888 vit,
350 856 374 884 si
402 855 540 883 immerito
564 855 616 882 sibi
643 863 804 882 succensere
826 855 891 882 deos
906 859 1055 890 putarent:

273 910 336 930 nam
353 910 444 929 rerum
459 904 568 937 quidem
582 909 614 929 ac
627 901 796 930 fortunarum
806 900 940 936 primitias
957 901 1006 928 rite
1017 907 1058 928 at-

273 955 328 982 que
345 947 383 975 uti
396 956 503 983 aequum
518 953 578 976 erat
592 947 744 983 persolutas
759 955 854 974 omnes
878 947 931 975 diis
955 947 1056 980 fuisse;

274 998 301 1021 at
321 999 448 1022 natorum
474 1003 523 1029 per
542 995 569 1022 id
589 999 695 1028 tempus
714 993 853 1021 hominum
869 998 981 1026 sortem,
998 1002 1058 1028 qua:

274 1040 384 1069 maximi
399 1040 521 1067 omnium
543 1040 577 1069 ab
603 1040 637 1067 iis
651 1040 737 1072 ﬁeret,
759 1039 840 1068 etiam
871 1043 927 1066 tum
955 1039 1056 1068 deberi.

273 1086 363 1118 Quare
379 1085 401 1112 si
417 1093 514 1113 eorum
527 1091 656 1120 praetcrea
669 1085 771 1119 justam
797 1085 835 1112 dii
860 1092 969 1120 quoque
994 1093 1057 1120 par-

273 1137 326 1158 tem
344 1132 506 1166 acciperent,
527 1137 583 1159 tum
599 1132 708 1159 demum
725 1131 866 1159 oraculum
880 1132 986 1158 felicem
999 1131 1059 1158 cxi-

273 1184 330 1205 tnm
344 1178 512 1206 habiturum.
527 1177 603 1205 Hanc
618 1178 692 1205 senis
709 1177 858 1204 orationem
875 1177 989 1211 probare
1000 1177 1056 1210 alii,

273 1224 319 1251 alii
334 1229 429 1252 contra
443 1229 599 1259 suspectam
614 1223 724 1254 habere,
738 1224 816 1258 quasi
834 1222 928 1250 fraude
941 1223 1057 1258 doloque

272 1270 463 1305 compositam.
480 1269 542 1297 Mox
566 1275 655 1297 tamen
683 1273 821 1296 auctorem
838 1277 853 1296 e
869 1269 949 1296 turba
961 1276 1058 1303 quem-

274 1316 346 1350 piam
361 1316 472 1349 secutis,
493 1316 595 1351 placuit
608 1317 709 1350 deuuo,
736 1317 915 1343 hominumne
937 1315 1057 1343 decimas

272 1367 420 1397 expeteret,
437 1370 538 1390 numen
551 1363 696 1390 consulere
717 1371 724 1389 :
741 1362 813 1398 quod
834 1362 880 1389 ubi
897 1363 937 1390 sic
951 1361 1056 1389 facien-

271 1410 337 1436 dum
365 1409 457 1437 missis
475 1410 679 1437 consultoribus
704 1409 899 1445 respondisset,
924 1409 1056 1438 continuo

271 1455 369 1482 Seditio
382 1455 514 1489 exoritur,
532 1455 604 1490 quod
625 1456 695 1484 inter
710 1463 757 1483 eos
774 1455 807 1483 de
834 1455 987 1483 decimandi
1013 1462 1057 1483 ra-

272 1501 347 1528 tione
362 1501 509 1528 convenire
525 1509 581 1529 non
604 1506 706 1536 posset.
724 1501 764 1528 Ac
778 1501 867 1536 primo
883 1501 993 1536 quidem
1011 1501 1055 1528 in-

272 1552 311 1574 ter
327 1547 401 1582 ipsos
412 1548 554 1575 civitatum
570 1548 706 1583 principes
720 1548 823 1574 turbari
840 1551 971 1583 emptum,
992 1555 1054 1576 mox

271 1597 368 1620 cattera
380 1601 489 1628 quoque
503 1593 649 1620 multitudo
670 1593 703 1620 de
726 1593 895 1628 principibus
920 1594 990 1622 male
1009 1602 1056 1621 su—

273 1639 405 1673 spicatur.
423 1638 493 1674 Ergo
521 1639 596 1666 nullo
614 1639 709 1666 ordine
726 1639 896 1672 tumultuari,
922 1640 1054 1674 sedesque

273 1689 388 1717 mutare,
408 1684 455 1711 sed
472 1684 511 1711 uti
526 1691 575 1718 par
590 1688 648 1710 erat
665 1683 788 1711 homines
806 1683 917 1712 deorum
938 1684 1056 1712 stimulis

272 1738 304 1758 ac
319 1729 407 1764 pceuis
428 1729 554 1765 agitatus.
579 1728 639 1761 Quo
666 1728 778 1761 factum,
806 1733 834 1756 ut
852 1729 924 1757 aedes
947 1730 1057 1765 integrae

273 1774 396 1802 inliditus
410 1774 576 1806 delerentur,
595 1778 670 1808 parte
687 1782 781 1801 eorum
795 1775 848 1802 alio
871 1775 1055 1810 connnigran—

273 1825 309 1852 te,
324 1828 387 1847 cum
405 1820 550 1855 propinqui
565 1820 763 1848 discedentium
779 1819 855 1847 nefas
870 1825 1006 1855 putarent,
1030 1826 1057 1848 et

275 1867 366 1894 divelli
383 1874 399 1894 a
412 1867 584 1899 necessariis,
599 1870 625 1893 et
637 1875 698 1894 cum
714 1866 912 1894 inimicissimis
925 1867 1054 1894 residere.

273 1911 393 1938 Primum
407 1911 491 1946 igitur
507 1911 551 1938 isti
571 1919 678 1943 omnes,
695 1911 790 1938 relicta
807 1911 894 1944 Italia,
912 1912 1011 1946 partim
1028 1913 1056 1939 in

273 1957 416 1990 Graeciam,
432 1957 529 1992 partim
546 1957 573 1984 in
597 1957 676 1993 160
701 1957 831 1985 barbaras
855 1958 998 1993 plerasque
1013 1967 1056 1986 re-

272 2002 367 2036 giones
380 2002 502 2036 dissipati
517 2009 581 2031 sunt
594 2012 601 2030 :
616 2003 765 2030 secundum
779 2011 846 2038 quos
867 2004 912 2032 alii
929 2004 1057 2040 deinceps

272 2048 394 2075 eamdem
411 2048 517 2075 subiere
531 2047 676 2081 fortunam,
690 2056 751 2076 cum
771 2049 798 2076 id
809 2050 896 2084 ipsum
910 2052 1057 2085 quotannis

272 2093 403 2121 eveniret.
423 2092 479 2122 Nec
493 2094 566 2122 enim
594 2094 754 2122 desinebant
769 2095 909 2122 civitatum
933 2098 1057 2124 modera-

273 2144 347 2167 tores
361 2140 444 2168 lectas
464 2139 580 2167 subinde
602 2139 814 2167 adolescentium
841 2142 976 2176 primitias
999 2144 1057 2170 exi-

273 2193 358 2218 mere,
376 2186 474 2220 partim
486 2191 515 2212 ut
531 2192 592 2216 sese
606 2186 749 2213 numinum
766 2187 895 2222 religione
907 2188 1055 2222 solverent,

273 2232 370 2266 partim
384 2232 457 2267 quod
473 2232 507 2258 ab
524 2232 568 2265 iis,
590 2233 636 2267 qui
657 2232 823 2268 ellugissent,
841 2242 925 2260 novas
941 2235 1055 2262 seditio-

1109 307 1188 338 νούςο
1204 307 1254 342 τὴν
1267 306 1288 332 δ’
1306 306 1395 333 αἰτίαν
1411 306 1465 341 (15)
1482 305 1570 340 ὀλίγον
1591 304 1703 341 ὕστερον
1721 303 1785 338 ἐρῶ.
1809 304 1852 334 Ὠς
1866 303 1894 329 δὲ.

1108 352 1290 387 ἀπενεχθέντα
1310 351 1354 378 τὸν
1373 350 1496 387 χρησμὸν
1518 350 1627 386 ἔμαθον,
1644 350 1694 380 οὐκ
1711 347 1782 384 εἶχον
1799 349 1834 375 τὰ
1852 349 1895 375 λε-

1109 399 1211 434 γόμενα
1241 398 1397 434 συμϐαλεῖν.
1433 396 1614 434 Ἀμηχανοῦσι
1650 396 1678 422 δὲ
1715 395 1806 426 αὐτοῖς
1840 394 1895 420 τῶν

1108 444 1276 480 γεραιτέρων
1291 453 1332 476 τις
1350 444 1433 479 λέγει,
1453 442 1597 478 συμϐαλὼν
1617 442 1647 468 τὸ
1669 443 1769 477 λόγιον,
1791 441 1830 467 ὅτι
1847 439 1894 467 τοῦ

1110 489 1210 521 παντὸς
1228 490 1429 525 ἡμαρτήκασιν,
1451 489 1475 515 εἰ
1494 488 1596 515 οἴονται
1617 487 1678 518 τοὺς
1699 485 1776 517 θεοὺς
1795 485 1896 516 ἀδίκως

1110 536 1200 567 αὐτοῖς
1215 535 1347 570 ἐγκαλεῖν·
1363 535 1511 570 χρημάτων
1530 534 1578 568 μὲν
1593 532 1646 569 γὰρ
1663 531 1837 559 ἀποδεδόσθαι
1847 530 1895 562 τὰς

1109 581 1235 617 ἀπαρχὰς
1252 581 1342 612 αὐτοῖς
1359 580 1466 611 ἁπάσας
1482 579 1569 614 ὀρθῶς
1582 587 1611 604 τε
1629 578 1676 605 καὶ
1692 579 1739 604 σὺν
1755 577 1816 612 δίκῃ
1828 585 1835 591 ·
1849 577 1896 603 ἁν-

1110 628 1226 664 θρώτιων
1245 628 1274 654 δὲ
1293 628 1374 663 γονῆς
1389 627 1419 654 τὸ
1442 626 1532 662 λάχος,
1550 626 1644 662 χρῆμα
1667 623 1764 656 παντὸς
1780 623 1896 659 μάλιστα

1110 674 1180 706 Θεοῖς
1196 673 1372 709 τιμιώτατον,
1397 672 1566 707 ὀφείλεσθαι·
1591 672 1615 697 εἰ
1635 671 1662 697 δὲ
1686 670 1717 706 δὴ
1735 668 1896 696 καὶτούτων

1109 720 1216 747 λάϐοιεν
1235 719 1284 756 τὴν
1298 719 1404 746 δικαίαν
1419 720 1525 754 μοῖραν,
1543 717 1617 748 τέλος
1636 716 1706 749 ἕξειν
1720 715 1794 750 σφίσι
1808 714 1839 741 τὸ
1853 714 1896 740 λό-

1110 774 1179 800 γιον.
1198 766 1260 797 Τοῖς
1277 764 1326 800 μὲν
1340 764 1372 800 δὴ
1388 763 1475 800 ὀρθῶς
1489 763 1574 793 ἐδόκει
1589 761 1714 796 λέγεσθαι
1727 760 1811 787 ταῦτα
1821 769 1828 774 ·
1840 761 1896 791 ’.οἷς

1109 811 1132 838 δ’
1149 811 1178 844 ἐξ
1201 811 1345 846 ὲπιῦουλῆς
1363 809 1520 844 συγκεῖσθαι
1537 809 1551 835 ὁ
1565 808 1652 842 λόγος.
1671 806 1896 842 Εἰσηγησαμένου

1109 857 1137 883 δέ
1150 865 1221 888 τινος
1235 857 1284 892 τὴν
1300 855 1413 892 γνώμην
1424 856 1469 882 τὸν
1481 855 1541 882 θεὸν
1566 853 1721 889 ὲπέρεσθαι,
1736 853 1760 879 ει
1771 851 1844 887 αὐτῷ
1858 851 1898 886 φί-

1109 902 1154 931 λον
1175 902 1326 937 ἀνθρώπων
1344 902 1458 933 δεκάτας
1476 900 1689 935 ἀπολαμϐάνειν,
1708 899 1847 934 πέμπουσι
1865 897 1896 924 τὺ

1074 945 1094 972 Β
1108 949 1232 984 δεύτερον
1245 948 1487 985 θεοπρόπους-ικαὶ
1500 949 1514 974 ὀ
1523 947 1587 979 θεὸς
1601 946 1702 973 ἀνεῖλεν
1715 945 1784 972 οὕτω
1798 946 1895 972 ποιεῖν.

1114 995 1161 1021 Ἐκ
1178 994 1206 1022 δὲ
1219 994 1314 1021 τούτου
1332 994 1425 1025 στάσις
1441 993 1539 1024 αὐτοὺς
1553 991 1756 1026 καταλαμϐάνει
1772 989 1896 1026 περὶτοῦ

1107 1040 1207 1075 τρόπου
1224 1040 1272 1075 τῆς
1294 1038 1469 1070 δεκατώσεως
1485 1045 1509 1065 α.
1526 1038 1580 1065 Καὶ
1600 1039 1629 1064 ὲν
1648 1036 1771 1072 ἀλλήλοις
1786 1036 1810 1062 οἱ
1827 1044 1896 1071 προ-

1108 1084 1252 1121 εστηκότες
1279 1084 1333 1111 τῶν
1355 1084 1458 1111 πολεων
1478 1084 1538 1111 τότε
1560 1083 1668 1119 πρῶτον
1691 1081 1894 1121 ἐταράχθησαν·

1107 1133 1202 1158 ἔπειτα
1223 1131 1270 1158 καὶ
1282 1129 1314 1158 τὸ
1332 1129 1423 1156 λοιπὸν
1437 1129 1536 1165 πλῆθος
1551 1129 1583 1155 δι’
1602 1127 1718 1162 ὑποψίας
1735 1127 1796 1159 τοὺς
1811 1128 1839 1152 ὲν
1852 1126 1897 1152 τέ-

1106 1176 1147 1203 λει
1160 1176 1320 1212 ἐλάμϐανεν.
1345 1176 1480 1210 Ἐγένοντο
1496 1175 1523 1201 δὲ
1537 1175 1624 1201 οὐδενὶ
1640 1174 1735 1208 κόσμῳ
1750 1173 1777 1200 αἱ
1800 1173 1897 1199 ἐπανα-

1109 1224 1216 1254 στάσεις
1227 1222 1330 1258 (16-17)
1343 1231 1349 1237 ·
1364 1222 1419 1249 ἀλλ’
1428 1222 1522 1257 ὥσπερ
1531 1221 1611 1252 εἰκὸς,
1622 1221 1721 1256 οἴστρῳ
1729 1219 1774 1246 καὶ
1787 1219 1898 1246 Θεοϐλα-

1107 1269 1167 1305 σείᾳ
1180 1269 1404 1305 ἀπελαυνομένων
1417 1268 1481 1304 (18),
1496 1267 1542 1294 καὶ
1555 1267 1639 1294 πολλὰ
1652 1267 1762 1301 ἐφέστια
1775 1266 1820 1292 ὅλα
1835 1265 1897 1301 ἐξη-

1106 1315 1214 1350 λείςςθη,
1242 1315 1342 1351 μέρους
1366 1314 1455 1341 αὐτῶν
1476 1313 1690 1349 μεθισταμένου·
1717 1313 1746 1338 οὗ
1767 1311 1821 1348 γὰρ
1844 1311 1897 1338 ὲδι-

1106 1362 1199 1389 καίουν
1224 1363 1248 1388 οἱ
1273 1362 1457 1398 προσήκοντες
1479 1362 1534 1392 τοῖς
1559 1360 1675 1392 ἐξιοῦσιν
1701 1358 1896 1386 ἀπολείπεσθαι

1106 1409 1160 1436 τῶν
1173 1409 1318 1444 φιλτάτων,
1334 1408 1380 1434 καὶ
1393 1409 1421 1434 ἐν
1438 1409 1492 1439 τοῖς
1506 1407 1638 1442 ἐχθίστοις
1650 1405 1804 1442 ὑπομένειν.
1819 1405 1896 1441 Πρῶ-

1105 1464 1151 1483 τον
1172 1455 1221 1490 μὲν
1237 1455 1269 1490 δὴ
1286 1451 1359 1480 οὗτοι
1381 1454 1492 1484 πάντες,
1513 1453 1693 1488 μεταστάντες
1717 1451 1747 1484 ἐξ
1769 1451 1894 1485 Ἰταλίας,

1106 1500 1145 1531 εἴς
1158 1509 1187 1526 τε
1208 1500 1256 1535 τὴν
1282 1499 1395 1526 Ἐλλάδα
1410 1499 1457 1525 καὶ
1470 1499 1518 1534 τὴν
1535 1498 1671 1534 βάρϐαρον
1695 1497 1795 1532 πολλὴν
1812 1497 1895 1523 ἐπλα-

1106 1547 1242 1583 νήθησαν·
1262 1546 1331 1581 μετὰ
1346 1546 1374 1572 δὲ
1389 1546 1450 1577 τοὺς
1468 1545 1590 1580 πρώτους
1607 1545 1695 1581 ἕτεροι
1709 1544 1739 1570 τὸ
1754 1544 1817 1570 αὐτὸ
1830 1544 1896 1570 ἐπα-

1107 1593 1162 1624 θον,
1187 1592 1326 1620 καὶτοῦτο
1345 1592 1457 1618 διετέλει
1479 1591 1618 1626 γινόμενον
1639 1590 1684 1617 ἐπὶ
1707 1590 1766 1626 ἔτη.
1787 1591 1823 1617 Οὑ
1841 1590 1896 1625 γὰρ

1106 1639 1216 1668 ἀνίεσαν
1227 1639 1251 1664 οἱ
1265 1638 1470 1669 δυναστεύοντες
1484 1639 1512 1664 ὲν
1525 1639 1584 1668 ταῖς
1601 1637 1704 1668 πόλεσι,
1721 1637 1770 1671 τῆς
1784 1636 1897 1672 ἀνδρου-

1107 1686 1189 1722 μένης
1206 1686 1260 1712 αἰεὶ
1276 1685 1404 1721 ,νεότητος
1423 1683 1610 1719 ἐξαιρούμενοι
1624 1683 1673 1714 τὰς
1686 1682 1823 1718 ἀπαρχὰς,
1840 1684 1896 1714 τοῖς

1104 1742 1134 1760 τε
1149 1733 1219 1764 Θεοῖς
1236 1732 1270 1760 τὰ
1291 1732 1382 1759 δίκαια
1399 1731 1545 1767 ὑπουργεῖν
1566 1730 1702 1763 ἀξιοῦντες
1718 1730 1764 1756 καὶ
1786 1738 1896 1756 στασια-

1107 1780 1191 1814 σμοὺς
1207 1779 1240 1805 ἐκ
1254 1778 1308 1805 τῶν
1324 1777 1503 1804 διαλαθόντων
1515 1777 1641 1808 δεδιότες.
1655 1775 1708 1803 Ἦν
1723 1777 1752 1803 δὲ
1767 1776 1834 1803 πολὺ
1848 1776 1895 1803 καὶ

1104 1825 1135 1851 τὸ
1148 1825 1215 1861 πρὸς
1227 1824 1334 1860 ἔχθραν,
1353 1823 1400 1850 σὺν
1417 1823 1692 1859 προφάσειεὺπρεπεί
1710 1822 1895 1858 ἀπελαυνόμε-

1105 1882 1146 1899 νοι
1160 1873 1173 1892 b
1186 1871 1238 1898 ὑπὸ
1252 1870 1306 1898 τῶν
1319 1870 1465 1906 διαφόρων.
1483 1870 1563 1895 "(ista
1581 1869 1676 1898 πολλαὶ
1694 1869 1721 1894 αἱ
1741 1869 1895 1895 ἐπαναστά-

1107 1927 1163 1950 σεις
1177 1924 1189 1938 ο
1204 1918 1333 1952 ἐγίνοντο,
1352 1918 1397 1944 καὶ
1413 1916 1459 1942 ἐπὶ
1473 1916 1597 1942 πλεῖστον
1616 1915 1667 1950 γῆς
1681 1915 1710 1941 τὸ
1728 1915 1896 1949 Πελασγικὸν

1106 1965 1183 2000 γένος
1195 1963 1351 2000 διειρορήθη.
1365 1972 1374 1989 ι
1388 1963 1443 1989 Καὶ
1457 1961 1525 1998 μετὰ
1539 1961 1642 1997 βραχέα
1655 1961 1719 1996 φησί
1730 1969 1736 1976 ·
1753 1969 1762 1986 α
1779 1961 1895 1995 Λέγουσι

1106 2010 1135 2036 δὲ
1150 2010 1205 2045 (19)
1220 2009 1268 2036 καὶ
1284 2009 1332 2040 τὰς
1346 2008 1439 2039 θυσίας
1457 2006 1589 2034 ἐπιτελεῖν
1605 2006 1644 2041 τῷ
1660 2006 1756 2042 Κρόνῳ
1773 2007 1819 2032 καὶ
1832 2007 1894 2038 τοὺς

1107 2056 1250 2087 παλαιοὺς,
1272 2054 1366 2089 ὥσπερ
1386 2055 1414 2080 ἐν
1438 2052 1591 2088 Καρχηδόνι
1613 2052 1681 2083 τέως
1703 2052 1757 2087 (20)
1776 2053 1792 2087 ἡ
1818 2051 1896 2083 πόλις

1107 2103 1236 2137 διέμεινε,
1252 2101 1299 2128 καὶ
1315 2100 1389 2135 παρὰ
1409 2099 1520 2130 Κελτοῖς
1534 2100 1573 2130 εἰς
1592 2098 1651 2125 τόδε
1669 2098 1764 2134 χρόνον
1778 2098 1892 2132 γίνεται,

1108 2147 1154 2173 καὶ
1171 2147 1199 2172 ὲν
1216 2145 1304 2176 ἄλλοις
1320 2144 1375 2170 τισὶ
1388 2143 1442 2170 τῶν
1457 2143 1525 2178 πρὸς
1549 2143 1697 2178 Ἐσπερίων
1709 2143 1792 2170 ἐθνῶν
1803 2143 1895 2178 ἀνδρο-

1108 2192 1242 2227 φονοῦσιν.
1259 2190 1393 2226 Ἠρακλέα
1407 2198 1435 2216 τε
1451 2190 1553 2217 παῦσαι
1566 2190 1611 2217 τὸν
1626 2189 1705 2225 νόμον
1723 2189 1773 2224 τῆς
1787 2188 1892 2221 θυσίας,

1110 2239 1272 2274 βουληθέντα
1289 2239 1334 2264 τὸν
1349 2246 1379 2264 τε
1397 2237 1487 2272 βωμὸν
1504 2235 1662 2272 ἱδρύσασθαι
1673 2236 1718 2262 τὸν
1734 2235 1780 2261 ἐπὶ
1796 2234 1834 2270 τῷ
1846 2235 1895 2261 Σα-

272 2287 321 2310 nes
337 2283 498 2306 metuerent.
512 2278 589 2309 Multi
603 2287 710 2314 quoque
721 2279 783 2306 odio
801 2287 834 2307 ac
849 2280 990 2309 simultate
1009 2289 1055 2317 per

1109 2286 1205 2322 τορνίῳ
1228 2285 1293 2320 (21),
1315 2284 1362 2311 καὶ
1384 2281 1570 2318 κατάρξασθαι
1593 2282 1719 2318 θυμάτων
1741 2281 1831 2316 ἁγνῶν
1848 2281 1894 2308 ἐπὶ

318 2369 331 2385 ι
355 2363 397 2395 D.,
421 2361 616 2393 δεκατεύσεως.
680 2362 693 2382 b
724 2362 803 2390 Dion.
829 2362 1054 2398 ἀπελαυνόμενον.

308 2440 364 2475 ([5)
388 2439 447 2474 Τὴν
464 2439 599 2466 δἀὶτίαν.
614 2438 651 2466 De
662 2446 744 2475 causa
759 2439 803 2466 illa
821 2439 945 2475 pluribus
967 2439 1057 2474 dispu-

273 2479 317 2510 tat
333 2474 455 2510 Dionys,
468 2482 528 2510 pag.
542 2474 588 2505 20,
610 2475 655 2507 21,
681 2474 726 2506 22,
752 2474 796 2501 9.3.
821 2474 977 2510 Concludit,
995 2483 1056 2502 meo

269 2509 384 2544 judicio,
399 2509 550 2538 verissime.
564 2514 658 2544 gentes
683 2510 768 2536 fuisse
780 2510 857 2541 duas,
875 2509 1003 2544 Pelasgos
1016 2515 1056 2537 at—

273 2552 326 2578 que
345 2543 512 2579 Tyrrhenos,
528 2543 575 2572 δῖοί
584 2550 674 2571 tamen
687 2549 716 2571 ut
729 2553 790 2572 cum
811 2544 927 2579 Pelasgi.
945 2543 979 2572 ab
994 2545 1056 2572 Hel-

272 2579 380 2606 lenibus
405 2580 491 2614 patria
509 2580 591 2614 pulsi,
616 2579 819 2615 Tyrrhenorum
842 2580 869 2606 in
890 2580 949 2607 solo
960 2588 1056 2608 conse-

271 2614 387 2650 dissent,
413 2622 466 2642 non
486 2619 589 2643 tantum
605 2615 711 2649 generis
736 2615 877 2649 utriusque
903 2615 973 2642 facta
995 2623 1056 2650 per-

272 2649 364 2679 mistio
381 2649 427 2681 sit,
445 2657 538 2676 verum
567 2650 648 2677 etiam
675 2650 796 2677 nominis
825 2650 947 2684 ejusdem
962 2649 1054 2678 secuta

271 2684 439 2720 communio,
455 2689 485 2711 ut
497 2683 629 2720 Tyrrheni
654 2692 750 2712 omnes
765 2685 799 2712 ab
834 2685 905 2717 aliis,
934 2686 969 2712 ab
994 2686 1056 2713 aliis

272 2719 376 2754 Pelasgi
390 2719 543 2753 promiscue
560 2720 722 2755 diei-rentur.
747 2721 794 2747 Sic
817 2725 890 2751 ante,
906 2720 1054 2755 Phrygum,

271 2755 544 2789 'l'eucrorumiatque
561 2754 742 2789 Trojanorum
770 2755 874 2786 luctat;
903 2756 942 2783 sic
959 2754 1055 2782 (tiam-

271 2798 335 2819 uum
347 2789 420 2824 viget
438 2788 606 2816 Francorum
625 2789 822 2825 Gallorumque
841 2798 986 2818 commune
1007 2800 1055 2817 no-

270 2833 343 2852 111811-

306 2859 408 2894 (16ν17)
426 2859 671 2893 Ἐπαναστάσεις.
684 2860 869 2895 Conjicieham
885 2861 1053 2896 μεταναστά-

271 2903 337 2926 σεις.
356 2895 390 2922 At
404 2901 516 2930 uterque
529 2903 667 2923 manuscr.
683 2896 884 2927 ἀπαναστάσεις
896 2897 985 2926 habet,
1000 2904 1053 2923 non

271 2931 420 2964 mudodtic,
450 2931 496 2959 sed
520 2932 601 2959 etiam
621 2939 681 2967 pag.
699 2936 837 2967 sequente.
866 2933 931 2965 Qua:
958 2939 1008 2961 vox
1028 2937 1054 2963 et

1109 2369 1120 2382 ε
1143 2363 1186 2389 ῖσ.
1205 2360 1426 2397 μεταναστάσεις.

1107 2441 1176 2468 idem
1190 2441 1333 2475 signiﬁcat.
1350 2445 1376 2467 et
1388 2440 1480 2468 leviori
1499 2440 1647 2467 mutatione
1661 2439 1802 2467 sullicitur.

1143 2476 1199 2511 (its)
1216 2473 1398 2509 V6806Jd6€1g1
1418 2475 1680 2509 ἀπελαυνομένων.
1703 2475 1780 2502 Dion.
1792 2494 1800 2506 ,
1823 2473 1891 2511 αττε-

1106 2509 1280 2546 λαυνόμεναι,
1295 2512 1366 2545 quod
1379 2511 1575 2537 diuriusculum
1596 2511 1711 2537 videtur.
1732 2510 1824 2538 Genus
1838 2509 1890 2536 hoc

1107 2545 1247 2573 hominum
1260 2546 1341 2573 iidem
1356 2545 1442 2573 Graeci
1456 2546 1614 2582 ποινήλατον
1638 2546 1823 2580 signiﬁcanter
1842 2552 1890 2571 vo-

1107 2589 1169 2608 care
1187 2582 1284 2608 solent.

1141 2616 1197 2649 (19)
1209 2616 1340 2652 Λέγουσι
1350 2615 1393 2643 δέ.
1408 2615 1480 2644 Idem
1497 2616 1606 2652 Dionys.
1621 2617 1682 2644 eod.
1705 2617 1764 2650 lib.,
1781 2625 1808 2652 p.
1826 2620 1871 2648 50.

1141 2651 1197 2686 (20)
1216 2651 1300 2684 Τέως.
1317 2651 1413 2678 Helius
1425 2651 1572 2686 quadraret
1586 2651 1648 2683 ἓως.

1141 2686 1198 2721 (21)
1217 2687 1278 2712 Ἐπὶ
1293 2686 1333 2718 τῷ
1344 2688 1502 2720 Σατορνίῳ.
1518 2687 1620 2713 Collem
1643 2687 1827 2721 Capitolinum
1849 2691 1892 2717 in-

1107 2722 1211 2756 telligit,
1224 2730 1304 2756 quem
1319 2721 1477 2748 Saturnium
1491 2722 1640 2756 antiquitus
1654 2724 1797 2750 vocabant.
1818 2724 1889 2752 idem

1125 2757 1211 2792 35.27
1229 2758 1329 2784 diserte
1341 2765 1348 2783 :
1369 2757 1456 2792 Λόφον
1467 2757 1618 2796 ἐπιτήδειον
1631 2758 1766 2793 εὑρόντες,
1781 2768 1892 2794 τριττα-

1125 2793 1153 2826 ίῳ
1168 2792 1196 2818 δὲ
1209 2792 1324 2826 μάλιστα
1339 2792 1420 2826 μήκει
1434 2801 1480 2818 του
1490 2791 1636 2818 Παλαντίου
1652 2792 1846 2826 διειργόμενον,
1862 2795 1890 2826 ὃς

1105 2795 1153 2827 δίῳ
1168 2795 1196 2818 δὲ
1209 2795 1324 2827 μάλιστα
1339 2795 1420 2827 μήκει
1434 2795 1480 2818 τοι)
1490 2795 1636 2818 Παλαντίου
1652 2795 1846 2828 διειργόμενον,
1862 2795 1890 2827 ὃς

1106 2827 1152 2854 νῦν
1169 2827 1217 2862 μὲν
1235 2827 1423 2858 Καπιτωλῖνος
1443 2827 1624 2862 ὀνομάζεται,
1638 2828 1689 2854 ὑπὸ
1707 2829 1736 2855 δὲ
1759 2829 1813 2855 τῶν
1830 2830 1890 2856 τότε

1106 2862 1255 2905 alpini):er
1283 2863 1424 2905 Σατόρνιος
1448 2862 1564 2897 ἐλέγετο,
1591 2862 1683 2898 ὥτπερ
1711 2864 1743 2891 ἂν
1763 2865 1890 2898 εἷποιτις

1112 2899 1214 2925 Ἐλλάδι
1229 2900 1314 2932 φωνῇ,
1336 2899 1469 2932 Κρόνιος.
