2060 3213
161 187 204 214 ‘23!

742 186 903 215 PREPAR.
920 186 1046 214 EVANG.
1066 187 1130 214 LIB.
1151 187 1194 215 IV.

1727 189 1782 216 282

161 243 269 279 καθαρῷ
285 245 355 279 πυρὶ
369 244 569 280 ἁγιαζομένων.
586 244 644 270 Ἵνα
660 243 688 270 δὲ
707 243 790 279 μηδὲν
806 243 891 280 ᾖτοῖς
905 244 946 270 ἀν-

1001 244 1148 272 honestam‘
1156 253 1268 272 causam
1287 252 1318 272 ac
1336 245 1453 280 speciem
1471 245 1505 272 ab
1521 245 1634 273 adversa
1665 245 1783 274 factione

160 288 276 324 θρώποις
295 289 374 321 δέους
390 289 526 325 ἐνθύμιον,
547 289 584 321 ὡς
603 289 725 324 πατρίων
742 289 871 324 ὴλογήκει
891 289 945 324 (2'2)

159 334 257 362 θυσιῶν
276 335 382 369 διδάξαι
405 336 468 368 τοὺς
487 335 650 371 ἐπιχωρίους
672 336 946 370 ἁπομειλιασομένους

158 379 207 415 τὴν
223 379 269 406 τοῦ
285 380 349 407 θεοῦ
365 380 455 416 μῆνιν,
473 381 532 407 ἀντὶ
545 380 597 407 τῶν
611 379 771 415 ἀνθρώπων,
785 380 831 412 οὒς
847 389 946 415 συμπο-

156 425 284 458 δίζοντες,
303 427 351 453 καὶ
366 426 421 453 τῶν
441 426 539 462 χειρῶν
557 427 686 461 ἀκρατεῖς
705 426 854 458 ποιοῦντες.
871 426 945 461 59;}:-

156 479 224 498 πτον
241 473 280 503 εις
295 471 326 498 τδ
343 472 389 499 τοῦ
405 473 542 508 Τιϐέρεως
563 472 679 508 ῥεῖθρον,
696 473 792 499 εἴδωλα
807 473 946 503 ποιοῦντες

155 517 328 553 ἀνδρείκελα,
342 520 536 555 κεκοσμημένα
552 518 598 545 τὸν
612 519 691 546 αὑτὸν
707 520 819 551 ἐκείνοις
835 519 944 554 τρόπον,

155 563 304 598 ἐμϐάλλειν
323 565 362 596 εἰς
381 565 427 591 τὸν
442 566 571 600 ποταμὸν,
587 564 681 593 ἴνα’τὸ
702 565 751 600 τῆς
767 565 872 597 ὀττείας
892 565 905 591 ὅ
920 573 946 592 τι

154 609 187 645 δὴ
208 619 272 636 ποτε
284 608 318 647 ἦν
330 612 359 638 ἐν
374 612 434 643 ταῖς
447 612 575 639 ἁπάντων
586 612 687 647 ψυχαῖς
706 611 861 647 παραμένον
875 609 946 643 ἐξαι-

156 656 237 692 ρεθῇ,
254 655 310 683 τῶν
330 657 442 684 εἰκόνων
458 657 504 684 τοῦ
522 658 634 684 παλαιοῦ
651 657 752 688 πάθους
776 656 815 682 ἔτι
830 656 948 691 σωζομέ-

154 710 222 729 νων.
239 701 324 728 Τοῦτο
343 702 373 728 δὲ
397 703 444 729 καὶ
461 703 556 739 μέχρις
580 703 646 738 ἐμοῦ
669 703 708 729 ἔτι
732 702 862 728 διετέλουν
885 702 947 728 Ῥω-

156 748 235 781 μαῖοι
254 747 380 780 δρῶντες,
402 747 442 775 ἔτι
463 755 476 769 ιι
493 749 589 785 μικρὸν
604 749 715 785 ὕστερον
730 749 839 783 ἐαρινῆς
856 749 947 783 [σημε-

155 793 229 828 ρίας,
242 794 271 819 ἐν
287 794 352 829 μηνὶ
365 795 445 830 Μαΐῳ
459 796 518 826 ταῖς
535 795 715 829 καλουμέναις
729 795 821 826 εἰδοῖς,
839 794 947 830 διχομή-

153 838 216 865 νιδα
229 838 384 875 βουλόμενοι
397 840 498 875 ταύτην
512 838 581 867 εἶναι
594 841 643 876 τὴν
660 841 765 876 ἡμέραν
776 849 782 855 ·
800 841 828 866 ἐν
878 849 945 876 προ-

154 881 289 916 θύσαντες
313 885 398 920 ἱερεῖα
415 885 448 911 τὰ
463 885 532 912 κατὰ
551 886 613 917 τοὺς
628 886 725 921 νόμους
746 887 769 912 οἱ
785 885 945 920 καλούμενοι

154 929 331 963 Ποντίφικες,
349 929 443 966 ἱερέων
464 932 488 957 οἱ
510 922 723 966 διαφανέστατοι,
738 932 783 958 καὶ
795 932 841 958 σὺν
859 932 948 963 αὐτοῖς

153 977 185 1003 αἱ
201 977 232 1003 τὸ
248 976 380 1004 ἀθάνατον
395 977 450 1012 πῦρ
467 978 691 1012 διαφυλάττουσαι
711 978 850 1014 παρθένοι,
866 987 948 1014 στρα-

154 1022 236 1058 τηγοί
252 1030 281 1049 τε
311 1022 356 1048 καὶ
369 1022 423 1049 τῶν
436 1022 522 1049 ἄλλων
540 1022 666 1054 πολιτῶν,
684 1023 730 1054 οὓς
749 1024 876 1058 παρεῖναι
889 1024 948 1054 ταῖς

155 1068 325 1105 ἱερουργίαις
340 1068 428 1104 θέμις,
451 1069 548 1095 εἴδωλα
563 1071 603 1101 εἰς
624 1069 729 1105 μορφὴν
749 1069 900 1105 ἀνθρώπων
915 1070 949 1095 εἰ-

154 1115 282 1150 κασμένα
298 1114 445 1150 τριάκοντα
461 1115 505 1141 τὺν
518 1115 633 1151 ἀριθμὸν
648 1115 701 1141 ἀπὸ
715 1115 764 1149 τῆς
780 1116 854 1150 ἱερᾶς
867 1115 949 1149 γεφύ-

156 1168 209 1195 ρας
222 1159 364 1195 βάλλουσιν
383 1161 424 1192 εἰς
440 1160 470 1186 τὸ
485 1160 572 1195 ῥεῦμα
584 1160 632 1186 τοῦ
648 1160 793 1196 Τιϐέρεως,
811 1160 948 1196 Ἀργείους

153 1205 228 1234 αὐτὰ
239 1205 394 1238 καλοῦντες.
413 1215 422 1231 ι
442 1205 565 1232 Τοσαῦτα
583 1207 633 1241 μὲν
649 1206 681 1241 δὴ
689 1206 848 1235 ταῦτα.Κα“ι
865 1207 878 1232 ὀ
891 1206 949 1232 Διό-

152 1251 242 1287 δωρος
254 1252 283 1279 δὲ
295 1252 327 1279 τὰ
340 1253 421 1287 ὃμοια
432 1252 536 1285 τούτοις
551 1254 579 1279 ὲν
592 1253 701 1288 εἰκοστῇ
717 1253 799 1287 βίϐλῳ
808 1253 855 1288 τῆς
864 1253 949 1280 Ἰστο-

150 1295 244 1331 ρικῆς
254 1297 454 1331 Βιϐλιοθήκης
464 1299 574 1334 ἱστορεῖ,
586 1299 654 1333 μετὰ
664 1300 712 1334 τὴν
722 1298 892 1334 Ἀλεξάνδρου
902 1299 948 1325 τοῦ

152 1342 312 1375 Μακεδόνος
333 1343 471 1381 τελευτὴν,
497 1345 544 1371 ἐπὶ
560 1344 607 1370 τοῦ
629 1344 737 1380 πρώτου
764 1345 945 1380 Πτολεμαίου,

152 1390 222 1425 περὶ
235 1389 426 1425 Καρχηδονίων
438 1390 490 1416 ὑπὸ
499 1391 692 1425 Ἀγαθοκλέους
707 1391 760 1426 (‘25)
770 1391 815 1417 τοῦ
825 1391 948 1423 Σικελίας

152 1435 289 1470 τυράννου
305 1436 549 1472 πολιορκουμένων,
563 1437 647 1465 ταῦτα
663 1436 730 1473 πρὸς
741 1437 811 1470 λέξιν
824 1438 946 1473 γράφων·

156 1492 166 1507 ι
191 1482 323 1518 ᾙτιῶντο
336 1482 391 1518 (24)
408 1483 437 1509 δὲ
454 1484 501 1510 καὶ
515 1484 560 1510 τὸν
583 1484 686 1519 Κρόνον
700 1485 790 1515 αὐτοῖς
814 1483 949 1510 ἐναντιοῦ-

155 1528 236 1561 σθαι,
264 1528 380 1555 καθόσον
406 1531 435 1556 ἐν
459 1531 514 1562 τοῖς
537 1529 691 1565 ἔμπροσθεν
719 1530 823 1566 χρόνοις
841 1530 949 1563 θύοντες

153 1575 245 1611 τούτῳ
267 1574 308 1610 τῷ
329 1575 382 1610 θεῷ
397 1575 450 1602 τῶν
472 1575 537 1602 υἱῶν
560 1576 623 1607 τοὺς
640 1571 800 1611 κρατίστους
812 1596 819 1607 ,
836 1576 948 1613 ὕστερον

154 1621 306 1657 ὠνούμενοι
320 1621 406 1658 λάθρα
420 1621 527 1653 παῖδας,
543 1622 588 1648 καὶ
601 1621 748 1657 θρέψαντες
762 1623 884 1658 ἔπεμπον
902 1624 948 1651 ἐπὶ

154 1667 205 1703 τὴν
217 1667 324 1699 Θυσίαν,
336 1669 384 1694 καὶ
395 1667 534 1703 ζητήσεως
545 1668 703 1703 γενομένης,
717 1668 866 1705 εὑρέθησάν
877 1678 948 1701 τινες

154 1713 211 1740 τῶν
224 1714 497 1750 καθιερουργημένων
514 1713 701 1748 ὑποϐολιμαῖοι
712 1715 862 1748 γεγονότες.
878 1715 947 1742 Τού-

153 1768 210 1786 των
227 1755 256 1786 δὲ
276 1759 404 1791 λαϐόντες
421 1760 539 1792 ἔννοιαν,
565 1760 611 1786 καὶ
635 1760 698 1792 τοὺς
720 1761 864 1796 πολεμίους
880 1762 948 1798 πρὸς

155 1806 213 1836 τοῖς
232 1804 352 1840 τείχεσιν
369 1804 487 1840 ὁρῶντες
512 1805 790 1840 στρατοπεδεύοντας,
809 1807 947 1833 ἐδεισιδαι-

157 1850 256 1885 μόνουν
281 1849 318 1882 ὡς
343 1850 555 1881 καταλελυκότες
580 1851 629 1882 τὰς
649 1851 779 1886 πατρίους
799 1852 853 1878 τῶν
879 1853 947 1880 θεῶν

155 1896 249 1932 τιμάς.
275 1895 479 1931 Διορθὼσασοοιι
504 1896 532 1922 δὲ
557 1896 605 1927 τὰς
630 1897 740 1931 ἀγνοίας
765 1897 924 1930 σπεύδοντες
939 1919 945 1931 ,

155 1942 311 1974 διακοσίους
330 1942 378 1977 μὲν
395 1942 448 1969 τῶν
471 1943 693 1977 ἐπιφανεστάτων
714 1944 816 1970 παίδων
831 1945 946 1980 προκρί-

155 1992 264 2020 ναντες,
281 1987 379 2014 ἔθυσαν
390 1988 522 2024 δημοσίῳ
538 1988 612 2014 ἄλλοι
628 1989 660 2020 δ’,
674 1989 701 2014 ἐν
712 1989 847 2021 διαϐολαῖς
860 1990 945 2022 ὄντες,

155 2034 290 2066 ἑκουσίως
309 2033 422 2065 ἑαυτοὺς
437 2033 544 2064 ἔδοσαν,
559 2034 608 2060 οὐκ
631 2034 758 2065 ἐλάττους
776 2035 850 2066 ὄντες
869 2044 946 2071 τρια-

156 2079 268 2106 κοσίων.
281 2077 336 2106 τΗν
347 2079 374 2107 δὲ
390 2080 454 2115 παρ’
469 2080 562 2110 αὐτοῖς
577 2080 688 2115 ἀνδριὰς
701 2080 804 2115 Κρόνου
819 2081 945 2115 χαλκοῦς,

156 2124 314 2156 ἐκτετακὼς
336 2124 386 2156 τὰς
409 2126 502 2160 χεῖρας
522 2125 620 2156 ὑπτίας
641 2126 824 2160 ἐκτεταμέναις
841 2127 886 2153 ἐπὶ
898 2127 948 2161 τῆς

156 2171 226 2206 γῆς,
242 2170 314 2197 ὣστε
338 2170 383 2196 τὸν
407 2170 562 2197 συντιθέντα
585 2170 638 2197 τῶν
663 2171 763 2197 παίδων
790 2172 945 2199 ἀποκωλύε-

158 2217 221 2244 σθαι
242 2216 317 2251 (25),
341 2216 388 2242 καὶ
413 2215 521 2242 πίπτειν
548 2217 587 2247 εἴς
603 2225 627 2242 τι
651 2217 743 2252 χάσμα
767 2217 869 2253 πλῆρες
896 2228 946 2245 πυ-

158 2263 216 2298 ρός-
235 2271 244 2288 ι

965 926 985 953 Β

960 1596 984 1626 C

963 2265 985 2292 D

1000 290 1082 325 pulsi,
1098 291 1244 325 multaeque
1266 295 1409 325 propterea
1434 291 1622 326 migrationes,
1648 300 1709 327 qua:
1734 292 1784 320 Pe-

1000 337 1102 372 lasgam
1121 342 1226 371 gentem
1242 337 1330 375 varias
1345 337 1372 364 in
1397 342 1483 364 terras
1500 339 1577 373 longe
1603 338 1711 373 lateque
1734 339 1783 366 de-

999 386 1154 416 portarunt.
1175 391 1185 407 »
1204 383 1242 408 Ac
1256 382 1351 416 paucis
1368 382 1528 416 interjectis,
1547 392 1556 408 ι
1575 382 1676 410 Ferunt
1688 383 1782 416 etiam,

1000 426 1098 461 inquit,
1117 425 1236 452 Saturno
1250 431 1354 454 veteres
1367 427 1608 462 (quemadmodum
1622 433 1647 455 et
1669 428 1784 455 Cartha-

999 472 1060 508 gine
1071 472 1134 498 dum
1150 476 1288 506 superstes
1298 477 1380 504 esset,
1394 477 1420 499 et
1432 472 1502 507 apud
1517 472 1607 500 Gallos
1622 472 1782 505 etiamnum,

1001 518 1125 552 aliosque
1152 519 1300 546 nonnullos
1318 517 1472 545 Occidentis
1496 519 1611 553 populos
1627 518 1684 545 ﬂeri
1702 519 1783 553 solet)

1000 565 1124 593 homines
1145 566 1302 593 immolasse
1320 575 1326 593 :
1341 565 1387 600 qui
1407 573 1466 592 mos
1477 565 1601 592 sublatus
1618 565 1651 591 ab
1670 563 1784 592 Hercule

1000 612 1090 645 fuerit,
1103 620 1164 638 cum
1182 612 1239 646 ipse
1254 612 1380 647 princeps
1395 616 1421 638 ct
1439 619 1513 638 aram
1530 611 1557 637 in
1575 611 1642 637 colle
1656 610 1784 638 Saturnio

999 659 1114 693 erigere,
1132 662 1158 684 et
1172 665 1302 692 purarum
1319 657 1471 683 hostiarum
1488 656 1623 693 primitias
1637 663 1705 690 puro
1727 655 1783 689 igni

1000 711 1161 731 consecrare
1179 703 1322 730 voluisset.
1339 702 1426 736 Atque
1436 701 1471 734 is,
1487 706 1516 728 ut
1533 702 1606 736 ipsos
1617 701 1692 728 omni
1710 706 1783 728 metu

1000 758 1031 776 ac
1048 749 1178 783 religione
1194 748 1320 780 solveret,
1342 747 1364 775 si
1392 755 1445 781 qua
1472 746 1542 775 forte
1569 755 1638 780 sese,
1654 751 1783 782 tanquam

1000 796 1095 831 patriis
1111 795 1197 823 sacris
1224 794 1364 829 neglectis,
1394 794 1528 830 obligatos
1552 798 1690 828 putarent,
1714 793 1784 821 hanc

1000 849 1046 869 eos
1062 841 1186 876 placandi
1202 841 1322 867 numinis
1339 840 1471 867 rationem
1485 840 1588 871 docuit,
1604 844 1633 866 ut
1649 839 1675 866 iu
1693 840 1783 866 locum

1000 888 1153 919 hominum,
1182 895 1252 922 quos
1278 887 1405 914 manibus
1432 890 1494 914 ante
1511 886 1679 922 pedibusque
1695 886 1769 912 reviu

1001 935 1051 962 clis
1064 935 1092 961 in
1109 934 1228 961 Tiberim
1249 933 1439 968 projiciebaut,
1469 932 1611 959 hominum
1639 931 1785 959 simulacra

999 981 1093 1008 eodem
1111 985 1207 1007 ornata
1223 980 1307 1012 cultu,
1322 980 1472 1014 eodemque
1487 978 1540 1005 ritu
1557 979 1582 1004 in
1596 978 1706 1006 ﬂuvium
1724 977 1784 1003 mit<

999 1027 1078 1054 tenda
1093 1027 1262 1058 sufﬁcerent;
1292 1026 1331 1052 uti
1360 1026 1383 1051 si
1407 1024 1471 1059 quid
1499 1024 1588 1050 adhuc
1601 1023 1740 1058 religionis
1756 1022 1785 1049 in

999 1072 1160 1107 cujusquam
1176 1072 1268 1098 animo
1282 1071 1423 1102 resideret,
1441 1074 1526 1097 totum
1542 1069 1567 1096 id
1589 1068 1723 1101 funditus,
1741 1074 1785 1095 τοο

999 1124 1071 1146 tenta
1088 1119 1129 1146 vel
1144 1119 1234 1153 specie
1248 1122 1326 1145 tenus
1339 1116 1465 1145 sacriﬁcii
1478 1115 1578 1143 veteris
1596 1115 1784 1149 usurpatione,

999 1166 1150 1192 tolleretur.
1167 1165 1256 1199 Atque
1271 1164 1344 1191 hunc
1359 1170 1463 1190 morem
1487 1162 1637 1189 etiamnum
1667 1160 1785 1187 Romani

999 1216 1119 1244 servant,
1136 1211 1215 1246 paulo
1230 1214 1292 1245 post
1318 1218 1431 1237 vernum
1461 1207 1667 1243 aequinoctium,
1694 1205 1784 1236 Maiis.

998 1266 1067 1292 quas
1084 1253 1228 1292 appellarit,
1243 1256 1346 1288 Idibus,
1362 1255 1401 1283 sic
1422 1255 1552 1282 nimirum
1577 1257 1606 1280 ut
1628 1261 1660 1280 eo
1680 1252 1724 1279 die
1744 1251 1786 1279 di-

999 1303 1129 1330 midiatus
1146 1303 1218 1329 luna;
1229 1301 1304 1328 orbis
1319 1304 1457 1336 appareat.
1484 1299 1553 1326 Tum
1576 1306 1642 1326 vero
1657 1297 1786 1325 solemni—

999 1348 1050 1375 bus
1068 1347 1166 1374 hostiis
1187 1348 1239 1374 rite
1264 1347 1400 1377 mactatis,
1428 1346 1571 1380 pantilices
1599 1343 1682 1379 (quod
1708 1351 1786 1370 sum-

999 1401 1073 1420 mum
1088 1392 1159 1427 apud
1175 1400 1222 1419 eos
1237 1391 1419 1419 sacerdotium
1442 1390 1493 1419 est)
1517 1389 1654 1424 simulque
1670 1388 1787 1416 vestales

998 1439 1128 1474 virgines,
1143 1439 1244 1473 quibus
1259 1437 1421 1465 immortalis
1447 1436 1518 1471 ignis
1543 1435 1647 1463 credita
1662 1435 1786 1462 custodia

998 1489 1038 1512 est
1057 1493 1110 1512 una
1136 1492 1198 1512 eum
1212 1483 1373 1519 praetoribus
1387 1483 1547 1517 ueterisque
1573 1481 1688 1513 civibus,
1718 1488 1786 1515 quos

998 1530 1108 1565 quidem
1132 1529 1218 1556 sacris
1241 1529 1374 1556 interesse
1402 1528 1443 1556 fas
1463 1532 1514 1560 est,
1532 1525 1642 1562 triginta
1657 1526 1682 1553 id
1700 1533 1786 1560 genus

999 1576 1141 1604 hominum
1170 1576 1196 1602 in
1227 1575 1346 1611 speciem
1371 1574 1555 1601 conformatas
1572 1573 1706 1608 imagines
1722 1572 1786 1605 (Ar-

999 1631 1065 1660 geos
1095 1623 1145 1658 ipsi
1173 1623 1281 1656 vocant)
1305 1622 1332 1648 in
1357 1621 1475 1648 Tiberim
1500 1620 1611 1647 ﬂuvium
1643 1619 1676 1646 de
1702 1618 1786 1646 Sacro

999 1673 1081 1704 ponte
1099 1668 1241 1703 dejiciunt.
1263 1677 1271 1694 ι
1291 1666 1427 1694 Hactenus
1450 1666 1606 1701 Dionysius.
1636 1664 1689 1692 Nec
1712 1664 1785 1691 absi-

1000 1715 1072 1743 milia
1092 1719 1166 1747 sunt,
1182 1722 1242 1749 qua:
1257 1722 1271 1740 a
1288 1713 1407 1740 Diodoro
1424 1712 1516 1740 Siculo
1532 1715 1688 1742 narrantur,
1714 1710 1785 1738 libro

995 1762 1140 1789 Historiae
1153 1761 1323 1788 Bibliotheca:
1336 1759 1475 1791 vicesimo,
1496 1759 1540 1786 ubi
1561 1762 1622 1793 post
1635 1758 1781 1785 Alexandri

1000 1806 1158 1834 Macedonis
1172 1807 1288 1838 obitum,
1303 1806 1375 1834 circa
1403 1805 1540 1832 Ptolenuei
1556 1805 1635 1839 primi
1652 1809 1784 1838 tempora,

998 1853 1032 1880 de
1060 1852 1323 1888 Carthaginiensibus
1347 1853 1382 1879 ab
1408 1852 1556 1886 Agathocle
1582 1851 1681 1878 Sicilire
1707 1849 1783 1884 161

998 1905 1113 1932 tyranno
1134 1900 1254 1927 obsessis
1280 1900 1314 1926 ad
1341 1899 1452 1926 verbum
1472 1899 1507 1925 ita
1523 1899 1652 1926 scribitzi
1671 1897 1784 1928 Iratum,

999 1947 1096 1980 inquit,
1113 1945 1163 1972 sibi
1179 1950 1308 1980 praeterea
1326 1945 1474 1974 Saturnum
1491 1952 1552 1972 esse
1579 1946 1630 1971 hac
1646 1944 1679 1971 de
1703 1951 1785 1970 causa

998 1992 1170 2023 dictitabant,
1187 1991 1259 2026 quod
1271 1999 1333 2018 cum
1352 1991 1402 2025 ipsi
1415 1996 1493 2018 antea
1507 1991 1655 2017 liberorum
1670 1997 1784 2016 suorum

998 2038 1092 2065 ﬂorem
1107 2038 1289 2070 inunolarent,
1306 2037 1433 2072 deinceps
1449 2045 1501 2064 non
1518 2037 1569 2063 nisi
1584 2043 1683 2071 pueros
1702 2043 1785 2070 quos-

999 2085 1059 2111 dam
1087 2083 1181 2111 l'urtim
1204 2088 1343 2118 coemptos
1368 2088 1449 2118 atque
1463 2083 1513 2109 abs
1530 2090 1590 2110 sese
1609 2081 1738 2108 educatos
1751 2080 1785 2107 ad

999 2129 1162 2156 sacriﬁcium
1189 2129 1389 2157 submitterent.
1415 2128 1508 2162 Itaque
1534 2128 1585 2155 hac
1604 2127 1637 2154 de
1666 2134 1695 2153 re
1710 2132 1785 2160 qua:-

1000 2176 1090 2203 stioue
1104 2175 1208 2207 habita,
1222 2175 1368 2202 nonnullos
1383 2182 1416 2202 ex
1442 2174 1487 2207 iis,
1506 2174 1552 2208 qui
1576 2180 1655 2200 sacro
1683 2180 1715 2199 ac
1741 2179 1786 2199 so-

999 2222 1082 2248 lemni
1100 2222 1153 2248 ritu
1165 2221 1227 2248 caesi
1241 2227 1329 2253 erant,
1355 2220 1545 2256 supposititios
1569 2219 1655 2246 fuisse
1679 2226 1786 2253 repere-

1001 2271 1075 2294 runt.
1093 2267 1159 2300 Qua:
1173 2275 1234 2294 eum
1252 2274 1343 2294 secum
1359 2266 1409 2300 ipsi
1427 2269 1593 2300 reputarent,
1614 2263 1787 2297 hostiumque

157 2315 247 2338 castra
272 2310 409 2339 mmnibus
427 2310 485 2337 suis
508 2310 651 2337 imminere
672 2316 824 2343 cernerent,
850 2320 946 2348 magna
968 2317 1021 2344 illis
1036 2316 1135 2351 injecta
1167 2316 1262 2350 religio
1279 2320 1330 2347 est,
1346 2315 1424 2350 quasi
1439 2314 1540 2349 patrios
1557 2314 1670 2340 deorum
1698 2312 1786 2339 hono-

157 2364 202 2384 res
237 2357 424 2386 sustulissent.
443 2357 531 2391 Atque
556 2357 629 2384 hunc
656 2366 776 2386 errorem
808 2364 837 2386 ut
862 2366 966 2390 mature
996 2369 1184 2398 procurarent,
1211 2364 1329 2399 primum
1356 2363 1466 2398 quidem
1489 2362 1606 2389 eximios
1633 2359 1787 2388 communi-

157 2404 264 2438 husque
300 2405 385 2432 lectos
409 2405 546 2439 suifragiis
564 2405 749 2434 adolescentes
779 2408 891 2436 omnino
920 2410 1052 2439 ducentos
1085 2412 1192 2446 publice
1223 2409 1530 2439 immolaruntzdeinde
1554 2415 1618 2435 vero
1641 2407 1687 2434 alii
1718 2413 1787 2441 prae-

157 2455 244 2485 terea,
263 2450 311 2486 qui
324 2451 434 2478 violata:
469 2451 612 2486 religionis
637 2452 755 2486 suspecti
772 2454 852 2488 vulgo
884 2462 985 2490 essent,
1007 2459 1077 2485 ultro
1109 2467 1170 2485 sese
1194 2466 1226 2486 ac
1255 2461 1352 2492 sponte
1378 2456 1545 2488 obtulerunt,
1567 2453 1695 2481 trecentis
1714 2451 1787 2479 haud

157 2497 314 2531 pauciores.
343 2496 408 2524 Erat
439 2503 529 2524 autem
572 2498 643 2533 apud
671 2507 719 2526 eos
747 2500 925 2529 simulacrum
954 2504 1064 2533 Saturni
1089 2514 1201 2538 :ereum,
1230 2505 1335 2540 supinis
1361 2511 1392 2531 ac
1420 2502 1601 2538 pendentibus
1627 2501 1655 2527 in
1686 2504 1786 2527 terram

157 2544 296 2578 manibus,
322 2549 353 2572 ut
372 2545 517 2588 impositus
533 2545 599 2580 ipsis
615 2547 772 2576 adolescens
795 2550 944 2584 subjectum
963 2553 990 2580 in
1024 2554 1131 2581 ibveam
1146 2554 1255 2588 ignique
1285 2553 1392 2587 plenam
1422 2551 1575 2578 volveretur
1595 2558 1627 2577 ac
1641 2553 1744 2577 rueret.
1773 2559 1782 2574 ι

192 2589 311 2617 Τοιαῦτα
325 2590 358 2625 δὴ
378 2591 425 2617 καὶ
443 2587 519 2622 οὗτος
535 2591 579 2617 διὰ
603 2592 651 2627 τῆς
677 2594 780 2626 οἰκείας
805 2595 947 2631 Ἱστορίας

157 2635 326 2672 παρέδωκεν.
346 2637 465 2669 Εἰκότως
480 2637 532 2674 ἄρα
549 2639 622 2673 καὶὴ
643 2641 707 2675 παρ’
725 2640 861 2675 Ἑϐραίοις
877 2643 948 2679 Γρα-

157 2683 197 2725 φὴ
211 2683 422 2718 καταμέμφεται
436 2686 492 2715 τοῖς
507 2684 541 2711 τὰ
558 2685 670 2712 τοιαῦτα
689 2686 826 2722 ζηλώσασι
844 2688 898 2716 τῶν
915 2691 947 2717 ὲκ

195 2735 209 2749 ι
229 2729 292 2755 ὅσον
308 2737 333 2755 τι
348 2728 380 2756 D.

194 2774 251 2812 (ἐξ)
269 2775 455 2812 ᾞλογηκόιτι.
471 2776 561 2812 Dion.,
572 2777 618 2812 qui
631 2778 710 2811 paulo
720 2783 782 2805 ante
793 2786 847 2806 om.
859 2779 944 2812 δέους.

160 2845 166 2851 _
189 2811 253 2850 i125)
277 2810 493 2851 Ἀγαθοκλέους.
511 2810 587 2840 Ευδο
597 2810 706 2840 Diodor.
724 2812 807 2841 Sicul.
821 2815 838 2841 l.
852 2823 897 2842 XIX
912 2810 946 2842 ab

160 2845 248 2876 initio,
263 2851 290 2872 et
309 2845 356 2872 lib.
378 2854 424 2874 xx.

195 2880 252 2915 (Ἃ)
264 2880 427 2918 -ᾙτιῶντο,
440 2886 491 2910 etc.
507 2882 615 2911 Diodor.
631 2883 649 2910 l.
666 2892 712 2914 xx.
729 2892 756 2918 p.
774 2885 825 2912 756
839 2885 870 2913 D.
880 2885 944 2913 edit.

161 2914 253 2945 Graeco
264 2914 307 2951 Lf,
319 2921 380 2952 post
397 2916 561 2950 luculentam
571 2919 645 2947 illam
659 2914 817 2956 Agatiioclis
830 2921 862 2949 de
878 2920 944 2949 Car-

1037 2600 1098 2627 Hiec
1112 2600 1170 2628 suis
1186 2600 1214 2627 in
1228 2599 1357 2626 Historiis
1373 2597 1517 2625 Diodorus.
1531 2597 1714 2630 Quamobrem
1728 2596 1791 2632 jure

999 2655 1066 2675 sane
1093 2654 1128 2673 act
1143 2645 1240 2673 merito
1259 2645 1434 2672 Hebraeorum
1453 2643 1552 2670 litteris
1574 2647 1725 2677 carpuntur
1751 2642 1789 2668 illi

999 2698 1080 2728 atque
1091 2691 1335 2727 reprehenduntur,
1344 2690 1429 2725 quiex
1438 2689 1662 2717 circumcisorum
1673 2696 1790 2716 numero

1000 2781 1218 2809 thaginiensibus
1233 2780 1384 2807 victoriam.

1037 2791 1045 2808 Β
1068 2791 1218 2808 ΙΙΙΙίῗΠΞΙΒΙΙΒ
1234 2791 1384 2807 νιυιυῐΊυιιι.

1037 2791 1093 2851 (ἓδ)
1109 2816 1288 2844 Συντιθέγτα
1313 2825 1338 2842 τ.
1365 2824 1396 2842 π.
1422 2815 1659 2851 ἀποκωλύεσριιι.
1685 2812 1785 2851 Facilis

1000 2849 1059 2880 erat
1078 2849 1245 2886 conjectura,
1264 2851 1405 2886 legendum
1416 2858 1486 2883 esse,
1500 2849 1667 2886 ἐπιτεθέντα,
1682 2853 1708 2876 et
1719 2849 1785 2886 ἀπο-

1001 2883 1150 2921 κυλίεσθαὶ,
1166 2888 1238 2923 quod
1253 2883 1398 2922 utr-umque
1415 2891 1511 2922 postea
1523 2886 1550 2914 in
1560 2885 1677 2913 Diodoro
1687 2883 1784 2922 reperi.
