2060 3213
270 180 321 209 287

584 176 722 205 EUSEBII
743 173 981 203 CESABIENSIS
996 172 1071 201 OPP.
1089 169 1181 199 PARS
1196 168 1229 196 ll.
1239 183 1274 189 —
1290 163 1541 194 APOLOGETICA.

1837 157 1892 187 288

269 243 400 275 tanquam
427 238 575 266 sceleratos
590 236 703 271 spiritus
729 234 879 262 abominati
900 233 1071 269 ejicerent:.

1121 227 1220 260 ενεὼς,
1228 226 1275 254 καὶ
1287 225 1337 258 τὰς
1349 225 1475 259 ἀνιέρους
1489 222 1537 249 καὶ
1552 221 1711 251 ἀτελέστους
1725 217 1875 255 θρησκείας
1885 236 1892 249 ,

1206 273 1210 275 .
1317 271 1345 275 .-
1371 272 1376 275 .
1401 270 1412 275 -
1444 270 1450 275 .
1542 269 1549 275 .
1613 266 1637 275 ,,
1719 265 1729 275 ι
1830 263 1890 275 ΨΑ,

270 286 405 323 iussitque
416 287 546 320 prtem-ea
560 290 654 310 eorum
667 281 767 316 templa
783 279 898 315 expiari,
910 286 1056 307 exsecran-

271 333 322 360 das
337 331 520 367 profanasque
540 328 699 363 religiones,
715 326 876 354 memoriam
892 325 971 360 quasi
991 324 1057 351 deo-

274 386 335 405 rum
351 377 517 407 universam,
533 373 612 409 164
627 373 800 406 honoresque
815 371 950 399 solemnes
963 377 995 397 ex
1007 369 1057 396 ho-

273 425 378 452 minum
394 422 516 450 funditus
531 420 661 448 societate
682 419 777 446 deleri.
802 418 898 444 Merito
915 424 991 449 sane,
1007 423 1057 443 nec

275 472 348 499 enim
366 470 506 505 improbos
523 469 557 496 ab
571 468 669 503 iis.qui
689 467 823 494 bonomm
839 473 904 492 cura
916 463 1059 498 providen-

275 517 368 551 tiaque
392 515 565 550 regebantur,
589 513 731 540 conciliari
756 510 913 546 placarique
931 509 972 536 fas
988 513 1056 536 erat.

275 561 336 589 Tibi
353 569 429 592 vero,
444 568 491 587 seu
507 559 670 586 Philarchus
693 559 737 586 ille
760 562 812 590 est,
831 565 878 584 seu
902 556 1059 591 quicunque

276 608 356 639 alius,
373 607 419 642 qui
432 606 541 633 Grtecos
559 606 660 640 passim
679 605 830 635 universos,
855 603 1014 637 priusquam
1032 602 1059 628 in

276 653 380 680 hostem
405 657 556 685 moverem,
571 651 696 679 homines
725 649 868 677 immolare
889 648 986 675 solitos
1000 655 1061 674 esse

277 698 384 730 scribit,
399 706 452 732 qua
469 698 601 725 daemonis
615 696 759 732 tyrannide
781 694 905 730 oppressi
922 694 968 721 ille
984 698 1061 721 lene—

279 749 384 775 rentur,
402 744 485 778 hujus
501 743 583 770 etiam
606 743 659 770 ﬁde
682 741 892 775 testimoniaque
915 740 1060 767 constabit.

277 789 349 823 Quin
375 791 457 817 etiam
477 791 558 818 Afros
587 790 659 821 illos,
673 793 700 816 et
723 787 854 819 Thraces,
881 791 909 814 et
934 786 1061 820 Scythas,

279 840 412 870 quotquot
427 836 563 863 similibus
578 835 675 862 ritibus
690 839 842 866 uterentur,
860 832 942 860 simili
959 832 1062 859 daemo-

279 890 344 915 num
364 881 456 909 furore
480 887 556 909 actos
579 880 758 916 pronuntiare
780 888 813 906 ac
838 879 956 913 probare
973 878 1062 905 liceat.

281 927 386 960 Quibus
414 927 605 958 Athenienses,
623 926 751 960 ipsosque
777 925 845 951 adeo
870 924 942 952 cives
962 923 1065 958 Magna:

285 972 367 1001 Urbis
380 973 508 1009 adjunge,
524 981 585 1000 cum
603 972 674 999 circa
691 970 779 1006 Magni
792 969 867 997 Jovis
882 969 964 996 ferias
977 968 1065 995 homi-

284 1028 332 1047 nes
346 1020 396 1054 ipsi
410 1027 520 1055 quoque
534 1019 701 1054 jugularent.
717 1018 773 1045 lmo
786 1024 861 1049 vero,
875 1017 898 1044 si
912 1016 1065 1043 universam

282 1074 388 1099 eorum,
407 1074 468 1102 quae
481 1066 562 1101 paulo
582 1071 645 1093 ante
665 1064 949 1096 commemoravimus,
968 1063 1066 1090 seriem

284 1112 335 1140 sub
360 1117 501 1147 aspectum
527 1120 612 1140 unum
639 1112 800 1146 subjeeeris,
828 1110 950 1138 invenies
980 1113 1065 1136 totam

283 1166 367 1194 prope
380 1158 662 1193 ﬁetorumagentibus
675 1158 818 1185 numinum
835 1156 1004 1183 molitionem
1014 1154 1068 1181 illis

284 1205 351 1239 ipsis
373 1205 515 1239 spiritibus
537 1204 678 1231 hominum
700 1202 892 1233 carniﬁcibus,
914 1200 1069 1228 sceleratis-

285 1259 338 1284 que
353 1250 523 1278 daemonibus
536 1258 597 1277 esse
612 1249 794 1276 tribuendam.
806 1247 910 1274 Etenim
923 1247 946 1274 si
959 1246 1069 1273 eviden-

287 1297 359 1324 tibus
376 1296 512 1331 certisque
527 1296 702 1327 testimoniis,
718 1294 789 1329 apud
807 1293 939 1326 Rhodios,
954 1291 1070 1321 Salami-

286 1350 346 1376 nos,
366 1350 398 1370 ac
410 1347 523 1370 caeteros
537 1343 682 1374 insulares,
700 1342 820 1376 itemque
845 1339 916 1374 apud
940 1338 1069 1372 Heliopo-

286 1388 386 1415 litanos
412 1387 531 1422 Egypti,
554 1387 648 1419 Chios,
671 1386 815 1418 Tenedios,
833 1384 1069 1416 Lacedaemonios,

286 1434 417 1468 Arcadas,
429 1433 583 1465 Phtenices,
600 1433 700 1468 Libym,
716 1432 801 1468 Syriae
820 1437 847 1460 et
859 1431 966 1458 Arabia:
981 1438 1070 1465 popu-

287 1482 338 1514 los,
355 1481 478 1515 adeoque
505 1481 576 1516 apud
599 1480 779 1507 Athenienses
805 1479 890 1513 ipsos,
904 1478 951 1513 qui
963 1477 1072 1504 Grazco-

287 1536 346 1555 rum
362 1528 485 1555 omnium
502 1527 638 1562 principes
650 1534 681 1554 ac
695 1525 778 1553 veluti
803 1525 891 1559 capita
919 1524 1070 1551 etiamnum

289 1575 379 1602 haberi
394 1574 493 1605 solent,
507 1579 619 1600 necnon
633 1571 704 1606 apud
719 1570 970 1605 Carthaginienses,
980 1568 1070 1601 Afros,
1085 1571 1107 1600 C

289 1620 408 1647 Thraces
436 1624 516 1654 atque
533 1618 660 1654 Scythas,
679 1618 821 1645 hominum
848 1617 913 1643 olitn
939 1616 1073 1643 sacriﬁcia

289 1665 425 1692 diabolica
439 1665 531 1692 furore
546 1670 677 1698 usurpata
689 1671 750 1690 esse
766 1662 945 1693 ostendimus,
963 1662 1075 1696 impios-

291 1720 343 1747 que
356 1713 425 1739 ritus
440 1712 472 1738 ad
485 1711 637 1738 Servatoris
655 1717 742 1743 usque
759 1708 846 1735 nostri
865 1714 986 1742 tempora
1012 1714 1075 1742 pro-

291 1764 402 1792 pagatos
421 1767 427 1784 :
444 1756 538 1792 quidni
553 1756 660 1783 tandem
675 1755 736 1790 jure
752 1753 903 1788 meritoque
916 1753 1073 1785 concludas,

293 1804 354 1831 illos
370 1808 426 1830 tum
438 1802 552 1837 populos
570 1801 700 1836 improbis
710 1807 804 1827 omnes
819 1799 987 1827 daemonibus
999 1807 1075 1825 man-

292 1850 397 1884 cipatos
411 1849 506 1880 fuisse,
523 1856 572 1875 nec
587 1852 648 1874 ante
668 1855 752 1882 genus
770 1847 919 1874 humanutn
938 1850 1074 1872 tantorum

292 1895 438 1923 acerbitate
455 1894 589 1921 malorum
604 1893 697 1920 vexari
711 1892 836 1924 desiisse,
852 1899 933 1926 quam
949 1890 1076 1917 Servato-

293 1940 331 1967 ris
345 1939 429 1966 nostri
447 1938 570 1966 doctrina
588 1938 690 1974 passim
704 1937 856 1965 illuxisset?
870 1935 936 1962 Nam
952 1936 996 1962 illa
1014 1935 1076 1970 qui—

293 1986 353 2013 dem
363 1985 396 2012 ad
414 1984 557 2019 imperium
573 1983 685 2011 Adriani
697 1982 828 2017 viguisse,
842 1989 873 2009 ac
882 1981 989 2008 sublata
1001 1980 1078 2007 dein-
1102 1995 1105 1998 ν

292 2040 356 2067 ceps
373 2031 457 2059 fuisse
476 2034 584 2058 constat
597 2037 631 2057 ex
650 2029 774 2060 historia,
788 2037 842 2063 quo
861 2028 992 2055 nimirum
1008 2031 1077 2053 tem-

294 2087 359 2113 pore
374 2077 501 2105 salutaris
519 2075 602 2110 hujus
618 2075 754 2103 doctrinae
768 2074 810 2101 vis
826 2074 897 2108 apud
907 2081 1003 2100 omnes
1020 2072 1077 2107 jam

295 2125 347 2150 late
374 2123 488 2158 populos
511 2127 658 2157 gentesque
669 2125 808 2155 regnaret.
826 2119 919 2154 Neque
935 2127 1000 2146 vero
1027 2120 1078 2146 hoc

297 2170 357 2197 istis
388 2169 517 2203 eil‘ugium
547 2171 680 2202 superest,
703 2171 732 2193 ut
764 2166 895 2193 nonnisi
925 2166 1004 2192 malis
1025 2165 1080 2192 dte-

297 2219 424 2246 monibus
455 2217 562 2243 litatum
591 2215 718 2242 humanis
743 2214 863 2241 victimis
890 2222 951 2241 esse
975 2214 1077 2247 dicant,

1107 274 1154 302 καὶ
1176 273 1293 309 πάμπαν
1315 271 1346 304 ἐξ
1365 270 1517 307 ἀνθρώπων
1537 266 1678 302 ἀφανίζειν
1700 265 1748 301 τὴν
1768 264 1806 296 ὡς
1829 263 1893 299 περὶ

1107 320 1176 347 θεῶν
1197 319 1286 346 αὐτῶν
1304 318 1429 354 μνήμην,
1447 316 1494 342 καλ⁴
1511 315 1559 350 τὴν
1576 311 1783 348 ὰπονεμομένην
1802 310 1894 341 αὐτοῖς

1107 367 1189 402 τιμὴν
1204 364 1407 400 ἐνομοθέτησεν.
1421 361 1487 388 Οὐδὲ
1500 360 1554 395 γὰρ
1570 359 1632 390 τοὺς
1647 357 1763 392 φαύλους
1778 355 1894 389 ἀπομει-

1108 411 1247 438 λίσσεσθαι
1263 411 1336 437 ὅσιον
1353 407 1386 445 ἦν
1396 409 1458 440 τοὺς
1475 409 1530 438 τοῖς
1547 405 1659 440 ἀγαθοῖς
1679 412 1710 439 με
1716 401 1894 438 μελημένους.

1108 458 1171 485 Εἴτε
1185 458 1213 483 δὲ
1230 457 1278 483 καὶ
1293 456 1425 491 Φιλαρχος
1437 475 1443 487 ,
1460 454 1514 480 εἴτε
1537 451 1659 479 ὁστισοῦν
1675 450 1775 484 ἱστορεῖ
1791 447 1896 479 πάντας

1109 504 1171 535 τοὺς
1188 502 1337 537 Ἕλληνας,
1354 500 1418 536 πρὶν
1431 499 1477 526 ἐπὶ
1491 499 1554 530 τοὺς
1569 497 1702 532 πολέμους
1717 495 1834 527 ἐξιέναι,
1849 493 1896 519 ἁν-

1111 549 1322 585 θρωποκτονεῖν,
1353 547 1399 573 καὶ
1423 544 1516 572 τοῦτον
1545 544 1668 579 μάρτυρα
1691 541 1741 576 τῆς
1765 540 1898 575 Ἑλλήνων

1110 594 1270 630 δαιμονικῆς
1296 592 1440 628 ἐπιληψίας
1460 591 1496 627 μὴ
1512 591 1585 618 ἔικνει
1601 586 1842 624 παραλαμὸάνειν·
1861 585 1898 620 μὴ

1112 642 1228 677 παρίδῃς
1244 639 1311 675 μηδὲ
1328 640 1390 670 τοὺς
1404 637 1474 664 κατὰ
1490 637 1538 671 τὴν
1557 633 1698 670 Ἀφρικὴν,
1714 632 1776 664 τούς
1786 641 1815 658 τε
1825 631 1898 667 Θρᾷ-

1112 696 1163 718 κας
1185 686 1305 717 καὶτοὺς
1320 683 1425 714 Σκύθας
1439 682 1473 709 τὰ
1489 683 1569 717 ὃμοια
1586 680 1764 715 πράττοντας,
1779 679 1838 709 ταῖς
1851 677 1899 704 αύ-

1112 733 1173 763 ταῖς
1184 732 1238 757 τῶν
1252 730 1385 765 δαιμόνων
1398 727 1516 762 ὑπῆχθαι
1529 726 1637 762 μανίαις
1652 721 1901 758 ἀποφαίνεσθαι’ὡς

1114 779 1160 805 καὶ
1179 776 1352 812 Ἀθηναίους,
1369 775 1416 801 καὶ
1432 774 1494 805 τοὺς
1509 772 1580 799 κατὰ
1599 772 1647 806 τὴν
1664 769 1792 805 Μεγάλην
1809 768 1901 799 πόλιν,

1114 826 1139 852 εἰ
1149 825 1180 860 δὴ
1194 824 1241 851 καὶ
1253 820 1324 850 οὗτοι
1335 821 1405 848 κατὰ
1418 820 1465 846 τοῦ
1481 819 1606 854 Μεγάλου
1616 818 1675 848 Διὸς
1691 816 1786 852 ἑορτὰς
1796 813 1903 850 ἀνθρώ-

1116 879 1182 902 πούς
1200 868 1327 903 ἔσφαζον.
1349 867 1428 893 Ἀλλὰ
1445 866 1499 902 γὰρ
1517 863 1678 899 συναγαγὼν
1691 862 1759 897 ὁμοῦ
1773 861 1819 888 τὸν
1833 860 1902 887 πάν-

1115 926 1169 943 των
1183 916 1236 942 τῶν
1251 914 1457 951 προειρημένων
1474 912 1631 945 κατάλογον,
1651 909 1740 945 εὕροις
1754 908 1796 940 ἂν,
1810 907 1904 942 σχεδὸν

1116 964 1219 994 εἰπεῖν,
1241 963 1330 988 πᾶσαν
1346 961 1395 995 τὴν
1415 959 1468 986 τῶν
1485 959 1568 985 ὲθνῶν
1585 957 1720 984 θεοποιίαν
1735 955 1838 986 τούτοις
1854 954 1905 980 αὗ·-

1115 1011 1171 1041 τοῐς
1180 1010 1235 1040 τοῖς
1245 1008 1292 1034 ἀνθ
1298 1006 1477 1042 ρωποκτόνοις
1492 1004 1629 1039 πνεύμασι
1646 1004 1694 1030 καί
1708 1004 1764 1033 τοῖς
1777 1001 1905 1036 πονηροῖς

1116 1054 1263 1090 δαιμονίοις
1285 1052 1477 1087 ἀνακειμένην.
1503 1052 1534 1078 Εἰ
1557 1051 1612 1086 γὰρ
1634 1050 1662 1076 ὲν
1691 1049 1790 1083 Ῥόδῳ,
1809 1047 1856 1074 καὶ
1878 1049 1907 1073 ἐν

1118 1100 1264 1135 Σαλαμῖνι,
1281 1099 1328 1126 καὶ
1346 1100 1406 1130 ταῖς
1423 1098 1515 1129 ἄλλαις
1533 1099 1624 1132 νήσοις
1637 1117 1643 1129 ,
1662 1096 1689 1122 ἓν
1702 1104 1731 1122 τε
1753 1095 1842 1121 Ἡλίου
1856 1094 1906 1120 πό-

1118 1147 1158 1172 λει
1182 1147 1214 1181 τῇ
1242 1145 1301 1172 κατ’
1318 1145 1452 1178 Αἴγυπτον
1462 1164 1469 1174 ,
1485 1144 1512 1169 ἕν
1529 1152 1558 1169 τε
1574 1142 1631 1177 Χίῳ
1641 1162 1648 1173 ,
1662 1142 1708 1168 καὶ
1722 1140 1825 1175 Τενέδῳ
1835 1160 1842 1171 ,
1861 1140 1908 1166 καὶ

1119 1191 1297 1226 Λακεδαίμονι
1309 1210 1315 1221 ,
1332 1190 1377 1216 καὶ
1396 1189 1541 1224 Ἀρκαδίᾳ,
1559 1187 1669 1222 Φοινίκῃ
1685 1195 1714 1212 τε
1739 1186 1785 1212 καὶ
1808 1184 1906 1220 Λιϐύῃ,

1120 1238 1166 1264 καὶ
1179 1237 1246 1273 πρὸς
1264 1236 1369 1267 τούτοις
1385 1236 1486 1263 ἅπασιν
1501 1237 1530 1262 ὲν
1549 1235 1634 1269 Συρίᾳ
1651 1233 1698 1259 καὶ
1717 1231 1849 1268 Ἀραϐίᾳ,
1863 1232 1909 1258 καὶ

1121 1285 1196 1320 παρὰ
1210 1293 1240 1318 γε
1255 1285 1311 1315 τοῖς
1324 1283 1492 1317 Πανέλλησιν
1520 1280 1673 1315 Ἀθηναίοις
1694 1279 1767 1314 (29),
1792 1278 1839 1305 καὶ
1863 1277 1910 1303 ἐπὶ

1120 1331 1221 1358 τούτων
1234 1332 1289 1362 τοίς
1306 1328 1527 1365 κορυφαιοτάτοις
1537 1348 1544 1360 ,
1566 1327 1636 1354 κατὰ
1664 1332 1715 1360 γε·
1729 1324 1890 1362 Καρχηδόνα
1902 1345 1909 1355 ,

1121 1377 1168 1404 καὶ
1180 1377 1230 1413 τὴν
1245 1377 1387 1412 Ἀφρικὴν,
1401 1375 1447 1402 καὶ
1460 1374 1535 1410 παρὰ
1548 1373 1634 1410 Θρᾳξὶ
1649 1373 1696 1399 καὶ
1710 1372 1827 1402 Σκύθαις
1842 1371 1911 1397 ἀπο-

1120 1422 1253 1449 δέδεικται
1276 1422 1310 1448 τὰ
1331 1422 1382 1456 τῆς
1406 1419 1566 1456 δαιμονικῆς
1588 1417 1823 1453 ὰνθρωποκτονίας
1842 1416 1912 1443 κατὰ

1122 1469 1184 1501 τοὺς
1204 1468 1334 1499 παλαιοὺς
1349 1468 1461 1503 χρόνους
1479 1465 1684 1500 ἐπιτελούμενα,
1702 1464 1749 1490 καὶ
1767 1463 1847 1498 μέχρι
1862 1461 1910 1488 τοῦ

1123 1513 1248 1549 Σωτῆρος
1260 1512 1338 1548 ὴμῶν
1351 1512 1553 1547 παρατείναντα
1563 1518 1569 1524 ·
1585 1509 1644 1541 πῶς
1656 1509 1706 1535 οὑκ
1721 1508 1839 1541 εὐλόγως
1849 1508 1912 1538 τοὺς

1124 1559 1226 1590 πάντας
1245 1559 1332 1589 εἴποις
1352 1558 1384 1584 ἂν
1403 1559 1463 1583 τότε
1480 1558 1535 1589 τοῖς
1555 1556 1682 1591 πονηροῖς
1700 1554 1808 1589 δαίμοσι
1824 1552 1909 1579 6:60a-

1124 1604 1225 1631 λῶσθαι
1236 1624 1243 1636 ,
1263 1605 1292 1630 οὺ
1307 1603 1437 1639 πρότερον
1451 1611 1481 1629 τε
1499 1602 1603 1629 παῦλαν
1620 1601 1673 1628 τῶν
1688 1600 1821 1626 τοσούτων
1838 1599 1914 1633 γενέ-

1126 1650 1185 1676 σθαι
1198 1650 1237 1686 τῷ
1253 1650 1301 1685 βίῳ
1314 1649 1405 1676 κακῶν
1416 1670 1422 1681 ,
1438 1649 1454 1684 ἦ
1471 1649 1518 1683 τὴν
1533 1648 1580 1674 τοῦ
1599 1647 1723 1682 Σωτῆρος
1737 1645 1816 1681 ἡμῶν
1831 1653 1915 1671 κατα-

1125 1694 1229 1730 λάμψαι
1245 1693 1437 1725 διδασκαλίανς
1460 1694 1520 1718 Ὄτι
1541 1692 1573 1727 δὴ
1597 1691 1676 1726 μέχρι
1695 1690 1749 1717 τῶν
1775 1689 1914 1725 Ἀδριανοῦ

1126 1741 1228 1777 χρόνιον
1241 1740 1376 1775 διαμεῖναι
1392 1739 1476 1765 ταῦτα
1487 1738 1628 1764 ’λελύσθαι
1642 1737 1663 1763 δ’
1679 1736 1708 1769 ἐξ
1725 1736 1828 1762 ἐκείνου
1845 1744 1916 1771 παρ-

1130 1787 1242 1822 έστησεν
1271 1787 1284 1812 ὁ
1299 1786 1347 1820 τῆς
1365 1785 1483 1821 ἱστορίας
1497 1785 1583 1819 λόγος.
1600 1781 1683 1815 Οὗτος
1706 1783 1738 1818 δὴ
1755 1782 1870 1818 μάλιστα
1882 1780 1916 1818 ἦν

1127 1833 1141 1859 ὁ
1153 1832 1262 1867 χρόνος,
1277 1831 1337 1857 καθ’
1353 1831 1382 1857 ὃν
1395 1832 1411 1866 ἡ
1429 1831 1560 1866 σωτήριος
1575 1829 1615 1860 εἰς
1631 1829 1735 1859 πάντας
1756 1826 1918 1863 ἀνθρώπους

1127 1879 1234 1913 ἤκμασε
1251 1876 1416 1903 διδασκαλία.
1432 1876 1486 1903 Καὶ
1505 1876 1557 1911 μὴν
1568 1875 1627 1901 οὐδὲ
1639 1874 1750 1901 δυνατὸν
1770 1874 1861 1904 αὐτοῖς
1878 1874 1916 1899 εἰ-

1128 1925 1202 1954 πεῖν,
1222 1923 1259 1954 ὠς
1278 1924 1332 1954 τοῖς
1353 1923 1479 1957 πονηροῖς
1501 1921 1624 1956 δαίμοσιν
1645 1920 1738 1946 ἔθυσεν
1753 1919 1844 1950 αύτοῖς
1861 1918 1915 1954 γὰρ

1130 1968 1247 2004 μάλιστα
1264 1970 1319 1999 τοῖς
1340 1968 1478 2003 μεγίστοις
1494 1967 1563 1998 θεοῖς
1582 1967 1598 2002 ἡ
1623 1966 1727 2001 ἱστορία
1742 1964 1792 1996 τὰς
1812 1964 1917 2000 ἀνθρω-

1129 2014 1259 2046 ποθυσίας
1274 2014 1407 2049 ἐδήλωσεν
1423 2012 1614 2039 ἐπιτελεῖσθαι.
1639 2011 1755 2037 Θύεσθαι
1768 2010 1822 2046 γὰρ
1833 2010 1917 2046 ἔφησε

1129 2062 1161 2096 τῇ
1180 2061 1253 2095 Ἥρᾳ
1272 2060 1317 2086 καὶ
1338 2061 1371 2095 τῇ
1394 2059 1502 2094 Ἀθηνᾷ,
1521 2059 1617 2093 Κρόνῳ
1640 2066 1669 2084 τε
1690 2058 1735 2084 καὶ
1751 2058 1847 2093 Ἄρει,
1871 2058 1918 2084 καὶ

1129 2104 1265 2139 Διονύσῳ,
1289 2105 1335 2131 καὶ
1355 2103 1428 2139 αύτῷ
1445 2112 1476 2137 γε
1498 2103 1537 2138 τῷ
1552 2104 1597 2129 ἐπὶ
1614 2103 1721 2129 πάντων
1738 2103 1795 2135 Διἰ,
1816 2102 1863 2129 καὶ
1879 2101 1918 2137 τῷ

1129 2152 1233 2187 Φοίϐῳ,
1257 2151 1295 2186 τῷ
1317 2151 1348 2186 δὴ
1371 2150 1526 2186 σεμνοτάτῳ
1554 2150 1662 2176 πάντων
1692 2149 1738 2175 καὶ
1772 2148 1918 2183 σοφωτάτῳ

1138 2197 1301 2224 Ἀπόλλωνι·
1309 2196 1420 2227 τούτους
1429 2196 1456 2222 δὲ
1469 2196 1523 2230 (50)
1536 2196 1581 2222 καὶ
1594 2195 1652 2221 οὐδὲ
1664 2194 1759 2226 ἄλλους
1770 2195 1832 2225 τοὺς
1844 2194 1918 2229 μεγί-

296 2273 358 2293 cum
373 2263 498 2291 maximis
512 2261 821 2297 prsesertimquibusque
829 2261 882 2287 diis
892 2264 1024 2287 mactatos
1034 2260 1071 2286 ho.

1133 2253 1211 2275 στους
1224 2252 1252 2269 τε
1267 2243 1313 2269 καὶ
1328 2242 1445 2276 ἀγαθοὺς
1462 2242 1586 2277 σωτῆρας
1600 2242 1677 2273 θεοὺς
1696 2240 1917 2276 ἀναγορεύουσιν.

1139 2290 1164 2297 ιε
1202 2290 1207 2297 ι
1225 2289 1245 2297 ξι
1263 2289 1273 2297 ﬂ
1342 2287 1354 2297 Υ
1408 2288 1418 2297 η
1479 2288 1484 2294 ¹
1592 2287 1624 2297 .,\
1660 2287 1733 2297 E,,I,_
1756 2295 1782 2297 AA
1819 2286 1847 2297 nl
1864 2286 1916 2297 -.λ--

298 2312 385 2339 mines
399 2310 483 2337 fuisse
499 2317 531 2336 ex
546 2309 655 2335 illorum
670 2307 791 2334 historiis
806 2307 968 2334 habeamus.
986 2306 1081 2334 Testes

296 2359 369 2386 enim
385 2363 423 2383 eae
439 2359 514 2386 sunt,
531 2352 632 2380 Junoni
646 2362 678 2380 ac
691 2352 827 2385 Minervae,
855 2352 983 2384 Saturno,
1003 2351 1080 2378 lllarti

297 2397 379 2436 atque
406 2400 525 2433 Baccho,
545 2398 660 2433 Iovique
687 2398 755 2424 adeo
777 2401 938 2424 cancrorum
960 2397 1080 2423 omnium

300 2447 429 2483 principi,
447 2455 496 2474 nec
523 2453 576 2472 non
603 2445 654 2479 ipsi
682 2443 795 2476 Pbtebo,
808 2443 940 2478 Apollini,
959 2443 1080 2477 inquam,

298 2494 350 2526 ηιιι.
365 2494 411 2529 qui
425 2497 530 2520 tantum
544 2491 678 2526 gravitate
697 2490 808 2524 reliquis
826 2497 857 2516 ac
880 2489 1011 2523 sapientia
1032 2496 1082 2515 an-

298 2538 394 2570 teibat,
406 2546 490 2573 genus
506 2536 532 2564 id
549 2536 700 2563 hostiarum
716 2535 863 2570 placuisse,
881 2542 951 2568 quos
973 2533 1076 2568 utique,

336 2611 350 2627 ι
371 2605 413 2632 ῑσ.
427 2613 467 2631 τε.

337 2684 393 2720 (29)
404 2683 597 2720 Πανέλλησιν
613 2683 784 2720 Ἀθηναίοις.
799 2681 917 2720 namss.
927 2680 1017 2714 ambo,
1030 2680 1082 2720 nisi

303 2715 375 2754 quod
386 2715 389 2718 ’
402 2719 500 2746 habent.
516 2718 620 2780 ἔτιέτο
634 2715 690 2750 ὲπί,
708 2715 790 2745 recte.
817 2718 893 2743 Alter
914 2723 977 2742 vero
989 2737 996 2748 ,
1019 2715 1083 2751 παρ’

303 2754 441 2780 ’Έλλησιν.
451 2762 499 2780 pro
506 2755 564 2780 Παν
580 2753 682 2780 λλησιν.
694 2753 821 2780 Montac..
830 2753 893 2780 παρ’
906 2751 1027 2780 Ἕλλησι.
1039 2751 1083 2777 καὶ

303 2751 441 2789 Ἕλλησιν,
451 2762 499 2788 pro
506 2751 682 2789 Πανέλλησιν.
694 2753 821 2784 Montac..
830 2753 893 2789 παρ’
904 2751 1027 2789 Ἕλλησι,
1039 2751 1084 2777 καὶ

303 2790 343 2816 ἐτι
356 2787 412 2821 τοῖς
431 2787 532 2815 τούτων
556 2787 778 2824 κορυφαιοτάτοις
799 2787 960 2824 ’έθηναιοιᾳ
977 2787 1059 2824 Recte
1075 2795 1082 2812 :

305 2825 396 2852 malim
414 2829 515 2852 tamen.
532 2823 580 2850 καὶ
592 2820 670 2859 ’παρὰ
680 2832 712 2859 γε
732 2825 788 2855 τοῖς
802 2820 965 2859 memet,
982 2821 1029 2848 καὶ.
1044 2820 1083 2859 ἔτι

304 2860 405 2887 τούτων
420 2868 446 2886 τ.
456 2868 483 2887 κ.
507 2856 666 2895 Ἀθηναίοις.
684 2856 774 2895 lsthuc
784 2859 856 2885 enim
871 2856 1038 2895 Πανέλληνες
1049 2856 1083 2895 ad

305 2895 476 2925 Philarchum
498 2891 629 2932 pertinet,
646 2894 692 2929 qui
711 2893 792 2929 paulo
815 2897 878 2922 aute
904 2891 1007 2925 πάντας
1021 2891 1083 2924 τοὺς

1133 2290 1213 2316 Αὐτοὶ
1223 2289 1245 2315 δ’
1259 2289 1312 2324 ἄρα
1329 2287 1383 2315 εἷεν
1406 2288 1438 2314 ἂν
1462 2288 1486 2314 οἱ
1515 2287 1628 2322 πονηροὶ
1658 2287 1791 2321 δαίμονες.
1818 2286 1848 2312 Et
1864 2286 1918 2321 γὰρ

1131 2335 1185 2361 οἵδε
1206 2333 1343 2364 τοιαύταις
1359 2332 1593 2367 ἁνθρωποῡυσίαις
1613 2331 1660 2358 καὶ
1672 2330 1918 2367 ἁνθρωποκτονίαις

1132 2380 1248 2415 ἔχαιρον,
1265 2379 1323 2411 πῶς
1337 2379 1386 2405 οὐκ
1411 2378 1443 2405 ἂν
1469 2378 1567 2409 αὐτοὺς
1581 2378 1692 2409 εἰκότως
1711 2378 1744 2413 τῇ
1768 2377 1821 2403 τῶν
1837 2385 1917 2411 πονη-

1135 2426 1187 2461 ρῶν
1205 2426 1367 2461 πνευμάτων
1382 2424 1522 2460 μιαιφονίᾳ
1536 2423 1787 2459 καταριθμήσειας;
1802 2422 1857 2450 εἴτε
1872 2424 1920 2450 αὺ-

1131 2473 1173 2498 τοὶ
1188 2473 1293 2507 χαίρειν
1310 2471 1429 2505 λέγοιντο
1441 2471 1497 2501 τοῖς
1514 2469 1653 2501 τοιούτοις,
1681 2469 1735 2495 εἴτε
1757 2471 1920 2505 συγχωρεῖν,

1134 2519 1180 2546 καὶ
1191 2519 1321 2554 περιορᾷν
1341 2517 1444 2553 ἑτέροις
1470 2518 1608 2553 γινόμενα,
1630 2517 1662 2542 Τί
1691 2516 1744 2551 γὰρ
1768 2517 1836 2551 χρῆν
1855 2516 1922 2548 ὅλως

1135 2684 1267 2719 Ἕλληνας
1281 2683 1332 2711 hac
1347 2683 1485 2719 impietate
1505 2682 1642 2719 laborasse
1666 2682 1803 2709 narrabat.
1827 2681 1922 2718 Itaque

1133 2716 1292 2746 vertendum
1309 2718 1372 2750 erit,
1386 2716 1446 2745 Ima
1458 2722 1482 2744 et
1497 2718 1567 2751 apud
1579 2716 1684 2743 Graecos
1705 2718 1844 2745 universos
1854 2739 1862 2750 ,
1880 2716 1922 2752 ip-

1133 2762 1226 2790 sasque
1236 2753 1301 2790 adeo
1310 2753 1492 2790 Athenienses,
1510 2752 1554 2787 qui
1568 2760 1630 2779 eam
1635 2759 1659 2778 ιη
1670 2752 1825 2790 principes,
1835 2758 1889 2790 etc.

1169 2787 1226 2825 (30)
1246 2789 1374 2825 Τούτους
1389 2787 1431 2815 δέ.
1449 2787 1504 2825 Alt.
1520 2795 1535 2814 e
1550 2794 1688 2825 manuser.
1709 2788 1783 2825 legit,
1798 2788 1922 2825 Are-37m;

1134 2822 1234 2857 δὲ,’καὶ
1252 2824 1301 2851 οὐκ
1317 2823 1422 2855 ἄλλους,
1434 2823 1496 2859 τοὺς
1511 2822 1654 2859 μεγίστους
1668 2822 1763 2857 θεοὺς,
1792 2823 1922 2859 ἀγαθοὺς,

1135 2856 1181 2888 καὶ
1193 2859 1319 2897 σωτῆρας
1330 2856 1549 2895 ἀναγορεύουσιν.
1568 2856 1660 2887 Recte.
