2060 3213
174 169 222 196 289

755 169 912 197 PREPAR.
932 169 1056 197 EVANG.
1080 169 1143 196 L'B.
1161 169 1205 196 ιν.

1742 171 1795 198 290

172 228 325 266 ἐπιτρέπειν
340 230 493 266 ἀνθρώποις
511 229 668 257 ἱλάσκεσθαι
693 230 726 257 τὰ
754 230 860 266 πονηρὰ
878 231 954 257 πνεύ-

1010 238 1062 257 non
1080 231 1158 261 alios,
1175 230 1225 266 ipsi
1247 237 1307 258 cum
1324 230 1457 257 maximos
1481 230 1625 265 honosque
1640 230 1715 263 deos,
1736 236 1791 258 tum

172 283 257 311 ματα;
271 275 304 301 Τί
314 275 344 302 δὲ
371 275 497 302 τοσοῦτον
514 275 673 308 πλανᾶσθαι,
691 275 728 307 ὡς
739 272 898 311 θεραπεύειν
913 276 960 302 καὶ

170 321 327 348 κολακεύειν
343 322 407 353 τοὺς
420 321 556 356 φαύλονς;
574 322 606 348 Τί
622 321 649 349 δὲ
661 323 717 354 τοῖς
732 323 859 358 πονηροῖς
874 330 958 348 κατα-

168 367 344 399 δουλοῦσθαι;
364 367 424 394 δέον
440 368 558 402 ἀγαθοὺς
574 368 654 399 ὄντας
679 368 726 395 καὶ
749 368 959 408 θεοὺςηπορρω-

173 414 240 439 ritu)
255 413 307 448 τῆς
323 413 476 449 ἀνθρώπων
503 413 655 449 διατριεῆς,
685 414 738 440 πᾶν
766 414 780 440 ὃ
804 422 830 440 τι
857 412 958 448 φαῦλον

170 459 214 485 καὶ
232 459 350 494 πονηρὸν
361 459 474 494 δυνάμει
487 459 622 495 κρείττονι
641 459 687 486 καὶ
703 459 826 496 θειοτέρα
841 459 959 486 ἀπελαύ-

168 513 233 531 νειν.
245 502 284 531 Ἦ
301 505 392 540 πατὴρ
406 505 454 540 μὲν
470 503 570 539 ἀγαθὸς
590 504 640 531 οὐκ
668 505 701 532 ἂν
718 505 770 532 ὑπὸ
791 505 901 540 φαύλοις
914 507 959 532 ἁν-

167 549 246 585 δράσι
264 550 441 586 φθειρόμενον
459 550 572 587 περιίδοι
586 550 618 577 ἂν
634 551 679 577 τὸν
696 551 778 578 αὑτοῦ
796 552 886 578 παῖδα·
899 552 958 578 οὐδὲ

165 594 212 621 τὸν
228 595 337 630 οἰκέτην
353 596 468 631 σώφρων
480 595 614 631 δεσπότης
629 596 680 622 ὑπὸ
704 598 760 626 τοῖς
776 596 882 632 ἐχθροῖς
895 597 958 631 ἀγό-

168 651 248 677 μενον
262 642 432 678 περιόψεται·
448 642 509 669 οὐδέ
530 651 561 676 γε
582 642 734 677 στρατηγὸς
748 642 813 678 (3i),
840 643 957 678 πολέμου

167 688 302 723 παρόντος
318 688 380 719 τοὺς
390 687 507 719 οἰκείους
534 686 728 719 διασώσασθαι,
743 689 800 719 τοῖς
820 688 958 724 πολεμίοις

166 733 359 769 αἰχμαλώτους
372 733 477 768 ἀνήσει·
496 733 557 760 οὐδὲ
575 733 675 769 ποιμὴν
692 733 726 760 τὰ
744 733 890 769 θρέμματα
902 735 958 766 τοῖς

165 779 269 810 λύκοις-
288 779 345 805 θεοὶ
371 779 400 805 δὲ
424 779 479 814 ἄρα
506 779 552 806 καὶ
569 778 666 813 ἀγαθοὶ
681 779 806 814 δαίμονες
827 779 879 806 ὑπὸ
902 780 957 811 τοῖς

168 825 316 861 μοχθηροῖς
333 826 379 852 καὶ
397 825 508 860 φαύλοις
533 826 663 862 ἀνήσουσι
679 825 709 852 τὸ
731 825 785 851 τῶν
807 825 958 862 ἀνθρώπων

167 879 246 904 γενος
256 879 264 903 ;

1013 281 1165 303 servatores
1180 276 1262 303 etiam
1279 284 1312 303 ac
1323 276 1442 303 vindices
1462 277 1598 311 appellare
1609 278 1706 304 solent.
1719 277 1796 312 165

1014 321 1064 348 Sed
1080 322 1209 348 nimirum
1224 322 1343 356 improbi
1361 322 1498 349 daemones
1515 328 1595 349 erant
1615 323 1659 349 isti
1675 331 1795 357 quoque.

1012 366 1078 393 Nam
1097 367 1119 394 si
1137 367 1257 394 humano
1283 368 1363 394 etiam
1393 375 1490 395 cruore
1511 372 1652 403 tantopere
1679 369 1798 396 delecta-

1011 412 1120 444 bantur,
1144 412 1239 447 quidni
1262 413 1388 440 similiter
1403 420 1497 439 verum
1518 413 1611 441 siteos
1628 414 1654 440 in
1672 414 1796 441 eamdem

1011 466 1073 486 cum
1103 458 1242 486 sceleratis
1269 467 1301 486 ac
1334 459 1426 486 tinctis
1457 459 1590 494 sanguine
1627 460 1798 488 dmmonibus

1012 505 1126 532 classem
1145 503 1365 537 conjicere?Nee
1380 512 1446 532 sane
1469 505 1593 536 interest,
1612 506 1798 540 gauderentne

1013 550 1063 585 ipsi
1084 551 1136 577 hoc
1153 550 1348 578 sacrificiorum
1366 558 1474 585 genere.
1487 558 1520 577 an
1535 551 1596 578 aliis
1612 552 1666 578 isto
1684 552 1737 578 ritu
1753 552 1798 578 ﬁe-

1012 596 1033 623 ri
1047 601 1211 631 paterentur.
1235 596 1390 629 Enimvero,
1409 596 1536 623 decuitne
1562 597 1734 630 mortalibus,
1758 599 1796 624 uti

1012 642 1130 670 nefarios
1144 643 1256 678 <piritus
1273 643 1427 677 placarent,
1446 642 1501 668 ullo
1519 643 1600 669 modo
1617 644 1796 677 permittere!

1011 688 1141 716 Deeuitne
1157 694 1261 716 tantum
1277 689 1303 715 in
1317 688 1349 715 iis
1363 695 1483 715 errorem
1495 688 1680 719 dissimulare,
1696 694 1725 716 ut
1738 689 1796 716 cul-

1011 738 1039 761 tu
1052 740 1076 761 et
1091 734 1222 769 obsequio
1238 735 1377 769 improbos
1391 733 1554 761 delinirent?
1570 734 1711 765 Deeuitne.
1732 743 1795 762 cum

1011 780 1156 814 impiorum
1172 788 1232 808 sese
1247 780 1382 815 tyrannidi
1401 780 1577 814 snbjieerent,
1593 779 1664 807 ferre
1676 780 1769 808 leviter
1782 782 1796 808 τ

1011 832 1073 852 cutn
1101 824 1161 853 illos
1186 825 1286 861 potius,
1310 826 1333 853 si
1360 826 1468 861 quidem
1485 828 1511 851 et
1524 824 1587 852 boni
1600 831 1626 852 et
1639 825 1675 853 dii
1693 826 1794 859 forent,

977 868 997 894 Β
1012 871 1171 906 longissime
1193 877 1330 907 oporteret
1353 873 1388 900 ab
1416 873 1536 901 humana
1564 873 1702 905 societate,
1718 873 1798 908 quid-

166 915 233 950 quid
250 915 326 950 pravi
342 916 461 951 malique
484 919 566 949 esset,
591 914 735 951 potentiori
759 923 791 943 ac
817 915 945 943 diviniori
964 915 1081 944 Numine
1099 919 1361 952 propulsare?Quid
1377 920 1470 947 enim?
1491 919 1580 954 Pater,
1593 920 1615 947 si
1645 921 1726 947 modo
1747 921 1797 949 bo-

167 969 223 989 nus
246 961 339 994 fuerit,
361 970 501 997 nunquam
518 970 533 989 a
546 962 658 997 perditis
680 962 836 990 hominibus
854 964 924 991 male
958 964 1042 991 filium
1078 965 1172 993 haberi
1205 966 1324 1001 patiatur
1340 976 1347 994 :
1364 975 1458 1002 aequus
1477 967 1652 1002 prudensque
1668 967 1796 996 dominus

169 1018 280 1037 servum
302 1010 337 1037 ab
360 1010 479 1038 inimicis
494 1010 586 1038 vexari
605 1011 736 1038 abducive
756 1019 897 1046 nunquam
932 1011 1023 1040 ferat:
1041 1013 1187 1048 imperator
1209 1022 1322 1042 suorum
1353 1015 1381 1042 in
1411 1014 1482 1042 bello
1505 1015 1621 1042 salutem
1646 1014 1792 1042 defendere

166 1065 201 1084 ac
221 1058 290 1084 tueri
324 1058 348 1085 si
366 1058 475 1092 poterit,
497 1057 523 1084 in
548 1058 666 1085 hostium
697 1066 744 1086 eos
775 1050 938 1094 potestatem
958 1061 1050 1088 venire
1073 1069 1126 1088 non
1149 1062 1243 1089 sinat:
1260 1067 1354 1097 pastor
1374 1070 1409 1089 ne
1429 1070 1493 1091 oves
1520 1063 1628 1097 quidem
1644 1071 1708 1091 suas
1724 1063 1795 1098 lupis

165 1105 299 1140 objiciet:
314 1110 341 1133 et
351 1106 389 1132 dii
403 1112 492 1133 tamen
506 1106 624 1140 bonique
646 1107 783 1134 daemones
796 1107 944 1135 humanum
963 1116 1048 1143 genus
1082 1109 1243 1144 gravissimo
1275 1110 1479 1137 teterrimorum
1503 1110 1658 1138 daemonum
1673 1111 1740 1147 jugo
1750 1119 1796 1147 op-

167 1160 280 1187 pressos
293 1152 385 1186 jacere
398 1153 555 1187 patientur?
573 1153 604 1180 Et
614 1155 736 1182 sexcenti

165 1201 222 1228 Kal
247 1203 272 1228 οἱ
298 1201 465 1236 τρισμύριοι
495 1202 629 1236 φύλακες
656 1202 711 1238 (52)
748 1204 887 1237 μερόπων
906 1204 958 1231 ἀν-

520 1237 652 1271 θρώπων,

163 1294 191 1319 οἱ
205 1293 238 1329 δὴ
250 1293 379 1329 ποιμένες
398 1294 445 1321 καὶ
461 1294 593 1330 σωτῆρες,
620 1295 738 1330 βασιλεῖς
755 1305 783 1322 τε
799 1296 846 1323 καὶ
870 1297 956 1323 πατέ-

166 1340 287 1373 petam!
316 1340 415 1376 κύριοι,
436 1342 491 1373 τοῖς
522 1341 628 1377 ἐχθροῖς
657 1342 704 1369 καὶ
730 1342 880 1378 πολεμίοις,
912 1343 957 1369 καὶ

164 1384 274 1420 ἀγρίοις
293 1384 391 1421 θηρσὶν
404 1386 524 1418 ἀνηλεῶς
535 1386 621 1418 οὕτως
645 1387 692 1413 καὶ
715 1387 798 1422 ὠμῶς
821 1387 898 1422 ἄγειν
910 1388 957 1414 καὶ

165 1430 261 1466 φέρειν
274 1431 308 1458 τὰ
323 1432 437 1466 φίλτατα
451 1432 640 1468 παραδώσουσι
652 1441 658 1465 ;
688 1433 755 1469 Οὐχὶ
769 1433 798 1460 δὲ
822 1434 956 1470 προπολε-

165 1478 298 1513 μήσουσιν
316 1478 546 1514 ὑπερασπίζοντες
561 1479 615 1505 τῶν
641 1479 816 1514 προσφύγων,
834 1480 881 1507 καὶ
894 1480 956 1512 τοὺς

165 1524 216 1558 μὲν
232 1523 346 1559 ἐχθροὺς
359 1525 406 1551 καὶ
421 1525 554 1560 πονηροὺς
574 1524 704 1560 δαίμονας
733 1525 782 1561 τῆς
804 1525 955 1562 ἀνθρώπων

1109 1199 1235 1228 Custodes
1243 1202 1389 1236 hominum,
1406 1211 1470 1238 quas
1486 1204 1578 1239 lingua
1592 1204 1709 1238 diremit,

1012 1295 1147 1327 pastores,
1163 1291 1285 1326 inquam,
1301 1291 1350 1323 illi,
1366 1290 1499 1323 vindices,
1514 1299 1601 1326 reges,
1617 1295 1754 1326 parentes,
1763 1297 1796 1318 ac

1009 1336 1122 1369 domini,
1137 1345 1207 1371 quos
1218 1337 1296 1371 longe
1307 1337 1485 1364 charissimos
1501 1336 1628 1369 habeant,
1643 1344 1691 1364 eos
1707 1336 1797 1364 infen-

1011 1384 1128 1411 sissimis
1146 1384 1282 1416 hostibus,
1295 1391 1327 1411 ac
1343 1384 1505 1410 truculentis
1522 1383 1620 1410 belluis
1631 1384 1706 1411 omni
1728 1392 1795 1410 cru-

1009 1430 1118 1457 delitate
1130 1437 1162 1457 ac
1175 1430 1284 1456 diritate
1298 1429 1436 1457 vexandos
1445 1429 1662 1464 cruciandosque
1671 1430 1796 1458 tradent?

1007 1476 1077 1507 Imo,
1092 1483 1146 1502 non
1159 1475 1317 1510 pugnabant
1332 1475 1382 1509 ipsi
1403 1483 1452 1510 pro
1468 1475 1630 1502 clientibus!
1657 1483 1711 1503 non
1736 1476 1795 1503 suis

1007 1530 1055 1550 eos
1074 1522 1158 1549 armis
1186 1529 1219 1549 ac
1245 1521 1405 1548 defensione
1431 1522 1537 1556 tegent!
1561 1529 1616 1548 non
1630 1521 1744 1549 infestos
1761 1530 1794 1549 ac

163 1569 277 1604 ἀγέλης,
291 1568 401 1605 μακρὰν
411 1569 505 1604 ὥσπερ
517 1570 592 1601 τινὰς
607 1569 764 1606 ὼμοὸὀρους
779 1571 826 1597 καὶ
843 1571 954 1607 ἀγρίους

1008 1569 1152 1596 sceleratos
1169 1568 1306 1595 daemones
1317 1567 1412 1602 procul
1425 1567 1458 1594 ab
1474 1567 1615 1594 hominum
1629 1575 1719 1602 grege,
1734 1572 1794 1595 tan-

164 1614 252 1649 θῆρας
267 1614 456 1647 ἁποδιώξουσι,
487 1615 622 1648 διδάξουσι
647 1615 676 1642 δὲ
695 1617 784 1644 πάντα
811 1617 954 1653 ἄνθρωπον

164 1661 270 1696 μυρίων
284 1660 353 1687 θεῶν
366 1662 414 1688 καὶ
429 1661 562 1697 δαιμόνων
591 1662 702 1696 ἀγαθῶν
725 1663 823 1699 πλήθει
848 1673 955 1700 προσῳ-

163 1707 323 1742 κειωμένον,
338 1707 537 1743 ἐπιθαρσοῦντα
552 1709 608 1740 τοῖς
629 1709 659 1735 οὐ
691 1709 769 1744 μόνον
791 1710 954 1745 κρείττοσιν,

163 1753 232 1780 ἀλλὰ
247 1753 295 1780 καὶ
305 1753 424 1780 πλείοσιν
435 1754 482 1780 καὶ
498 1754 636 1789 μεγίστοις
647 1754 716 1787 θεοῖς
734 1755 953 1791 καθωσιωμένον,

164 1799 280 1835 σμικρὰ,
299 1799 398 1835 μᾶλλον
413 1799 441 1826 δὲ
453 1799 483 1826 τὸ
499 1800 584 1836 μηθὲν
611 1801 821 1836 ἐπιστρέφεσθαι
835 1802 886 1837 τῆς
899 1802 954 1829 τῶν

163 1845 291 1881 πονηρῶν
318 1845 451 1880 δαιμόνων
481 1846 640 1879 ἀσθενείας;
659 1848 723 1874 "Ore
752 1848 780 1874 δὲ
812 1848 891 1875 τοῦτο
916 1848 954 1884 μὴ

162 1890 308 1927 ἔπραττον,
324 1892 472 1928 συνήργουν
484 1891 506 1918 δ’
523 1892 640 1928 ἔμπαλιν
650 1894 704 1925 τοῖς
721 1895 849 1929 πονηροῖς
865 1895 952 1927 αὐτοὶ,

161 1937 207 1964 διὰ
223 1937 277 1963 τῶν
290 1938 422 1974 χρησμῶν
435 1938 483 1971 τὰς
495 1939 659 1974 δηλωθείσας
679 1939 798 1972 ἀνιέντες
811 1940 953 1976 ἀνθρωπο-

163 1982 270 2014 θυσίας,
282 1982 422 2018 χαίροντές
437 1992 466 2010 τε
482 1984 764 2019 αίσχροῤῥημοσύναις
777 1985 896 2016 ἁπάσαις
906 1985 954 2012 κού⁸

161 2030 223 2060 ταῖς
238 2028 341 2055 τούτων
355 2029 511 2061 ἀκολούθοις
530 2030 671 2065 πράξεσιν,
697 2029 780 2065 ἔργῳ,
804 2030 880 2064 φασὶ.
906 2031 950 2065 δῆ-

161 2074 219 2106 λον,
236 2074 275 2107 ὡς
288 2074 363 2101 οὐδέν
376 2083 402 2101 τι
415 2075 461 2101 καὶ
478 2075 554 2101 αὐτοὶ
571 2074 680 2109 φαύλων
693 2074 826 2109 δαιμόνων
839 2074 887 2111 τὴν
904 2074 953 2110 φύ-

163 2126 205 2146 σιν
221 2119 342 2146 διέλαθον
351 2126 374 2141 ι·
385 2119 484 2155 μᾶλλον
497 2119 525 2145 δὲ
540 2120 603 2154 μιᾶς
618 2120 664 2146 καὶ
677 2119 727 2154 τῆς
736 2120 820 2155 αὐτῆς
830 2119 953 2156 ὑπῆρχον

162 2166 349 2202 προαιρέσεως
361 2166 409 2193 καὶ
421 2166 542 2202 γνώμης·
557 2167 604 2193 καὶ
621 2166 660 2192 ἔτι
680 2165 778 2202 μᾶλλον
802 2168 899 2198 εἰπεῖν,
914 2167 952 2198 ὠς

161 2212 223 2239 οὐδὲ
236 2212 305 2245 ὅλως
317 2212 376 2244 θεός
400 2221 442 2244 τις
470 2210 514 2248 ἦν,
533 2212 594 2238 οὐδέ.
616 2221 657 2244 τις
677 2212 779 2246 ἀγαθὸς
797 2212 913 2248 δαίμων,
935 2213 949 2239 ὁ

1008 1621 1089 1648 quam
1109 1613 1242 1640 immanes
1258 1617 1285 1640 et
1307 1612 1466 1640 crudivoras
1491 1613 1622 1640 areebunt
1637 1613 1722 1641 feras!
1740 1613 1795 1640 De-

1006 1660 1088 1694 nique
1109 1667 1164 1686 non
1185 1663 1300 1687 cunctos
1329 1659 1454 1686 homines
1479 1659 1642 1692 edocebunt,
1660 1660 1706 1694 qui
1730 1667 1793 1686 cum

1006 1706 1143 1733 sexcentis
1156 1705 1209 1732 diis
1223 1705 1359 1740 bonisque
1371 1705 1544 1733 daemonibus
1561 1713 1655 1733 amore
1676 1706 1794 1733 benevo—

1006 1751 1143 1787 lentiaque
1153 1751 1296 1786 conjuncti
1313 1751 1378 1785 sint,
1408 1752 1442 1779 iis
1472 1751 1548 1786 parvi
1565 1751 1723 1784 admodum,
1737 1752 1793 1779 imo

1006 1797 1083 1825 nihili
1105 1798 1185 1832 plane
1201 1797 1388 1832 improborum
1407 1797 1561 1825 daimonum
1577 1798 1791 1825 imbecillitatem

1006 1843 1157 1870 faciendam
1170 1850 1241 1876 esse,
1258 1843 1358 1878 quippe
1374 1851 1444 1878 quos
1461 1851 1515 1870 non
1528 1844 1610 1871 modo
1627 1844 1791 1879 potentiori-

1005 1889 1067 1922 bus,
1079 1897 1174 1917 verum
1186 1891 1267 1918 etiam
1283 1891 1408 1926 pluribus
1424 1891 1512 1926 iisque
1527 1891 1656 1917 maximis
1670 1891 1792 1918 numini-

1005 1935 1251 1970 busconsecratoa,
1264 1944 1359 1963 eorum
1383 1944 1434 1971 ope
1455 1944 1486 1964 ac
1503 1937 1629 1972 praesidio
1656 1937 1792 1964 conﬁdere

1005 1983 1110 2018 nitique
1135 1984 1274 2018 oporteat!
1287 1983 1346 2010 Jam
1369 1991 1433 2010 vero
1446 1991 1508 2011 cum
1524 1983 1558 2010 ab
1574 1990 1607 2010 eo
1623 1987 1727 2010 tantum
1742 1983 1791 2010 ab-

1004 2029 1116 2062 fuerint,
1133 2033 1164 2056 ut
1180 2037 1258 2057 suam
1273 2029 1324 2064 ipsi
1339 2036 1449 2064 quoque
1465 2029 1605 2056 sceleratis
1616 2037 1726 2063 operam
1742 2036 1790 2055 na-

1004 2080 1109 2108 varent,
1130 2076 1228 2110 partim
1250 2076 1392 2110 responsis
1414 2076 1555 2102 hominum
1579 2075 1713 2102 sacrificia
1728 2082 1790 2109 per—

1005 2121 1155 2154 mittendo,
1177 2121 1277 2156 partim
1294 2121 1473 2149 obscoenitate
1496 2122 1650 2153 verborum,
1676 2128 1791 2155 quaeque

1004 2168 1056 2203 ipsi
1071 2168 1236 2196 comitantur
1248 2167 1404 2195 libidinibus
1415 2175 1447 2194 ac
1459 2167 1560 2201 stupris
1574 2167 1606 2194 ad
1623 2167 1788 2202 voluptatem

1004 2213 1119 2247 fruendo
1131 2223 1138 2247 ;
1150 2222 1194 2241 res
1212 2214 1292 2249 plane
1315 2214 1372 2248 ipsa
1389 2213 1520 2248 loquitur,
1540 2213 1608 2240 nihil
1626 2221 1738 2248 prorsus
1754 2213 1789 2239 ab

161 2259 247 2285 πάλαι
263 2259 332 2295 πρὸς
344 2259 397 2286 τῶν
411 2258 496 2286 ὲθνῶν
526 2259 652 2286 ἁπάντων
667 2258 738 2285 κατὰ
759 2258 850 2290 πόλεις
863 2268 892 2286 τε
904 2259 950 2286 καὶ

1006 2261 1188 2296 improborum
1200 2261 1354 2288 dzemonum
1369 2259 1511 2287 deﬂexisse
1523 2264 1632 2292 natura,
1642 2259 1687 2286 sed
1706 2267 1787 2286 unam

160 2304 255 2340 χώρας
268 2305 514 2340 προσκυνούμενος.
531 2304 595 2335 Πῶς
627 2304 681 2340 γὰρ
705 2303 738 2331 ἂν
755 2303 860 2339 γένοιτό
883 2313 950 2331 ποτε

161 2350 201 2386 τῷ
217 2350 313 2386 ἀγαθῷ
323 2351 354 2377 τὺ
379 2350 479 2385 φαῦλον
502 2349 596 2385 φίλον;
620 2351 645 2376 εί
669 2349 706 2385 μὴ
722 2350 768 2376 καὶ
780 2350 878 2384 φωτὸς,
903 2351 952 2377 καὶ

163 2395 276 2428 σκότους
287 2397 385 2432 κρᾶσιν
399 2395 528 2422 δύνασθαι
547 2394 611 2430 μίαν
626 2394 693 2429 φαίη
709 2403 749 2426 τις
764 2394 797 2422 ἂν
813 2395 949 2428 γενέσθαι.

161 2441 241 2477 Πόσῳ
251 2441 279 2468 δὲ
291 2441 423 2477 κρείττων
445 2442 460 2468 ὁ
486 2442 552 2476 παρ’
575 2440 728 2476 ἀνθρώποις
743 2440 872 2475 λογισμὸς
896 2440 951 2467 τῶν

160 2486 363 2522 νενομισμένων
391 2485 470 2518 θεῶν,
503 2485 570 2521 μηδὲ
598 2485 709 2520 φαύλοις
730 2484 838 2520 δαίμοσι
853 2485 951 2520 χρῆναι

195 2547 210 2563 ι
225 2551 270 2577 γρ.
286 2541 454 2578 διήλλαττον.

197 2587 449 2622 (51)Στρατητός,
474 2591 526 2615 etc.
557 2586 694 2615 Manuscr.
722 2586 800 2622 alter,
833 2586 950 2622 πολέμου

161 2621 315 2658 στρατηγὸς
337 2621 399 2655 τοὺς
420 2623 537 2655 οἰκείους
555 2624 652 2658 παρὼν
682 2621 858 2649 διασώσαθαι.
880 2621 948 2650 Vera

161 2657 293 2693 lectio,'si
313 2659 407 2693 παρών
422 2662 542 2685 mutetur
553 2658 581 2684 in
596 2657 695 2693 παρόν.

197 2689 254 2729 (52)
271 2689 441 2727 Τρισῂύριοι
460 2694 604 2728 φύλακες.
622 2689 947 2729 Μοηι..-τρισμακάριοι.

163 2725 304 2767 Utrumvis
322 2725 440 2767 legatur,
460 2725 622 2767 crediderim
634 2728 707 2767 .illos
729 2725 839 2767 Hesiodi
854 2725 950 2755 vci'sus

161 2764 272 2798 respici.
300 2762 371 2798 quos
397 2763 476 2799 vulgo
492 2762 639 2790 Christiani
652 2763 732 2789 etiam
752 2762 891 2795 doctores,
922 2767 951 2789 ut

161 2797 322 2824 Lactantius
337 2798 458 2824 Ιιιειὶιιιι.
476 2807 505 2824 n.
521 2798 566 2824 15-
581 2799 614 2824 ad
631 2796 848 2824 persuadendum
866 2805 950 2824 anae—

161 2797 322 2826 Lactantius
337 2797 458 2826 Institui.
475 2807 505 2831 η,
521 2798 566 2831 15,
581 2799 614 2825 ad
650 2797 848 2824 ersuadendum
866 2805 949 2832 ange-

161 2833 251 2861 lorum
267 2834 390 2865 tutelam,
405 2834 502 2862 aﬂ‘erre
513 2834 612 2861 solent.
629 2806 742 2860 Exstant
761 2831 788 2858 in
809 2832 885 2866 Ἔργ.
906 2833 929 2859 Α
941 2852 949 2865 ,

161 2869 431 2940 ξῗὶιὲἓὲαίμονές
444 2905 514 2939 εισι,
530 2903 597 2938 Διὸς
607 2903 741 2940 μεγάλου
759 2902 807 2930 διὰ
819 2902 948 2936 βουλὰς,

1002 2307 1102 2342 potius,
1118 2311 1145 2334 et
1157 2307 1280 2334 eamdem
1295 2311 1376 2341 atque
1391 2306 1464 2340 ipsos
1479 2306 1645 2333 voluntatem
1667 2312 1698 2332 ac
1712 2312 1789 2332 men-

1001 2356 1056 2380 tem
1071 2352 1223 2380 habuisse:
1247 2352 1329 2387 166
1353 2352 1520 2386 proindeque
1549 2351 1654 2378 nullum
1676 2351 1789 2377 omnino

1002 2399 1060 2426 sive
1074 2399 1167 2432 deum,
1182 2399 1239 2425 sive
1256 2399 1356 2425 bonum
1374 2398 1525 2425 damonem
1546 2397 1641 2428 fuisse,
1661 2396 1799 2431 quisquisi

1001 2443 1066 2469 olim
1084 2443 1118 2470 ab
1132 2443 1269 2470 universis
1287 2443 1413 2477 gentibus
1426 2450 1474 2476 per
1493 2443 1574 2469 urbes
1588 2443 1688 2477 passim
1706 2446 1788 2476 atque

1001 2497 1088 2525 pagos
1105 2490 1157 2517 hoc
1173 2490 1282 2517 nomine
1296 2490 1441 2517 coleretur.
1453 2488 1520 2516 Nam
1532 2489 1567 2521 ei,
1578 2488 1625 2524 qui
1640 2488 1729 2515 bonus
1740 2488 1786 2520 sit,

1007 2589 1135 2621 Ἐσθλοὶ,
1151 2589 1324 2624 ἐπιχθόνιοι,
1342 2589 1477 2623 φύλακες
1487 2587 1603 2621 θνητῶν
1613 2587 1785 2621 ἀνθρώπων,

1002 2625 1036 2651 ΟΖ
1048 2625 1085 2658 ῥα
1098 2625 1295 2659 φυλάσσουσί
1307 2633 1338 2651 τε
1350 2624 1444 2657 δίκας,
1457 2624 1505 2650 καὶ
1517 2623 1643 2658 σχέτλια
1657 2624 1739 2658 ἔργα.

1001 2670 1133 2705 Synesius
1145 2671 1163 2697 l.
1181 2670 1218 2697 De
1234 2669 1397 2702 Providenl.,
1417 2670 1490 2704 p.99
1509 2669 1530 2695 D
1542 2679 1558 2706 :7
1571 2670 1649 2706 Ἔστι
1667 2670 1715 2706 μὲν
1732 2670 1787 2706 γὰρ

1000 2706 1062 2741 τῇδε
1085 2706 1132 2732 καὶ
1154 2705 1251 2741 ἡρώων
1273 2706 1354 2740 φῦλον
1375 2706 1456 2741 ἱερὸν,
1472 2705 1785 2741 ὲπιμελὲςγάνθρώτεων1

1000 2742 1047 2768 καὶ
1063 2741 1096 2767 τὰ
1112 2740 1216 2776 σμικρὰ
1228 2740 1342 2776 ὠφελεῖν
1354 2740 1510 2776 δονάμενον,
1526 2741 1571 2767 καὶ
1591 2740 1620 2766 τὸ
1638 2740 1787 2776 πρεσϐυτε-

1001 2785 1046 2811 ρον
1060 2776 1170 2810 ἀγαθόν.
1186 2776 1305 2803 Consule
1319 2775 1348 2802 P.
1367 2775 1469 2803 Petavii
1487 2781 1590 2807 notam,
1605 2776 1651 2810 qui
1662 2775 1703 2802 ex
1726 2775 1786 2802 Pla-

1001 2812 1072 2838 tonis
1086 2816 1112 2838 et
1127 2811 1264 2838 Plutarchi
1275 2811 1365 2838 verbis
1381 2812 1479 2838 merito
1496 2812 1616 2845 conjicit,
1629 2811 1707 2837 aliter
1721 2812 1786 2839 olim

1000 2855 1095 2909 Lersus
1114 2847 1182 2875 istos
1205 2847 1288 2874 lectos
1304 2853 1365 2873 esse
1390 2853 1471 2881 quam
1492 2847 1572 2882 vulgo
1591 2846 1714 2881 concepti
1740 2847 1785 2874 ba-

1018 2887 1124 2909 eantur.

1018 2887 1124 2909 cantur.
