  <div class='ocr_page' id='page_1' title='image "/cluster/home/n/w/nwhite01/storage/ocr_20150623/21/njp.32101077772489/169.png"; bbox 0 0 2060 3213; ppageno 0'>
   <div class='ocr_carea' id='block_1_1' title="bbox 282 157 332 186">
    <p class='ocr_par' dir='ltr' id='par_1_1' title="bbox 282 157 332 186">
     <span class='ocr_line' id='line_1_1' title="bbox 282 157 332 186; baseline 0 -1"><span class='ocrx_word' id='word_1_1' title='bbox 282 157 332 186; x_wconf 73' lang='grc'><strong>291</strong></span> 
     </span>
    </p>
   </div>
   <div class='ocr_carea' id='block_1_2' title="bbox 618 157 1571 188">
    <p class='ocr_par' dir='ltr' id='par_1_2' title="bbox 618 157 1571 188">
     <span class='ocr_line' id='line_1_2' title="bbox 618 157 1571 188; baseline 0 -2"><span class='ocrx_word' id='word_1_2' title='bbox 618 159 753 188; x_wconf 78' lang='lat' dir='ltr'><strong>EUSEBH</strong></span> <span class='ocrx_word' id='word_1_3' title='bbox 768 158 1009 187; x_wconf 68' lang='lat' dir='ltr'><strong>CESABlENSIS</strong></span> <span class='ocrx_word' id='word_1_4' title='bbox 1027 157 1102 187; x_wconf 83' lang='lat' dir='ltr'><strong>OPP.</strong></span> <span class='ocrx_word' id='word_1_5' title='bbox 1125 157 1215 185; x_wconf 79' lang='lat' dir='ltr'><strong>PARS</strong></span> <span class='ocrx_word' id='word_1_6' title='bbox 1225 157 1258 185; x_wconf 79' lang='grc'><strong>11,</strong></span> <span class='ocrx_word' id='word_1_7' title='bbox 1271 173 1306 178; x_wconf 83' lang='lat'><strong>——</strong></span> <span class='ocrx_word' id='word_1_8' title='bbox 1318 157 1571 187; x_wconf 82' lang='lat' dir='ltr'><strong>APOLOGETICA.</strong></span> 
     </span>
    </p>
   </div>
   <div class='ocr_carea' id='block_1_3' title="bbox 1856 160 1909 187">
    <p class='ocr_par' dir='ltr' id='par_1_3' title="bbox 1856 160 1909 187">
     <span class='ocr_line' id='line_1_3' title="bbox 1856 160 1909 187; baseline 0.019 -1"><span class='ocrx_word' id='word_1_9' title='bbox 1856 160 1909 187; x_wconf 72' lang='lat'><strong>292</strong></span> 
     </span>
    </p>
   </div>
   <div class='ocr_carea' id='block_1_4' title="bbox 283 215 1049 254">
    <p class='ocr_par' dir='ltr' id='par_1_4' title="bbox 283 217 1049 252">
     <span class='ocr_line' id='line_1_4' title="bbox 283 217 1049 252; baseline 0 -8"><span class='ocrx_word' id='word_1_10' title='bbox 283 218 385 244; x_wconf 85' lang='lat' dir='ltr'><strong>malum</strong></span> <span class='ocrx_word' id='word_1_11' title='bbox 398 217 536 252; x_wconf 89' lang='lat' dir='ltr'><strong>quomodo</strong></span> <span class='ocrx_word' id='word_1_12' title='bbox 549 217 674 252; x_wconf 85' lang='lat' dir='ltr'><strong>placeat?</strong></span> <span class='ocrx_word' id='word_1_13' title='bbox 687 218 738 244; x_wconf 84' lang='lat' dir='ltr'><strong>nisi</strong></span> <span class='ocrx_word' id='word_1_14' title='bbox 759 217 829 245; x_wconf 83' lang='lat' dir='ltr'><strong>forte</strong></span> <span class='ocrx_word' id='word_1_15' title='bbox 847 218 934 244; x_wconf 84' lang='lat' dir='ltr'><strong>lucem</strong></span> <span class='ocrx_word' id='word_1_16' title='bbox 953 225 1014 245; x_wconf 90' lang='lat' dir='ltr'><strong>cum</strong></span> <span class='ocrx_word' id='word_1_17' title='bbox 1026 221 1049 244; x_wconf 86' lang='lat' dir='ltr'><strong>te</strong></span> 
     </span>
    </p>
   </div>
   <div class='ocr_carea' id='block_1_5' title="bbox 1100 215 1906 254">
    <p class='ocr_par' dir='ltr' id='par_1_5' title="bbox 1100 215 1906 254">
     <span class='ocr_line' id='line_1_5' title="bbox 1100 215 1906 254; baseline 0.005 -12"><span class='ocrx_word' id='word_1_18' title='bbox 1100 245 1103 251; x_wconf 68' lang='lat'><em>_</em></span> <span class='ocrx_word' id='word_1_19' title='bbox 1117 217 1191 243; x_wconf 80' lang='grc' dir='ltr'>θύειν</span> <span class='ocrx_word' id='word_1_20' title='bbox 1205 216 1462 251; x_wconf 78' lang='grc' dir='ltr'><strong>παρακελευόμενος</strong></span> <span class='ocrx_word' id='word_1_21' title='bbox 1475 226 1482 250; x_wconf 81' lang='lat'><strong>;</strong></span> <span class='ocrx_word' id='word_1_22' title='bbox 1506 217 1587 252; x_wconf 83' lang='grc' dir='ltr'>Λέγει</span> <span class='ocrx_word' id='word_1_23' title='bbox 1603 217 1624 244; x_wconf 79' lang='grc' dir='ltr'><strong>δ’</strong></span> <span class='ocrx_word' id='word_1_24' title='bbox 1639 215 1684 245; x_wconf 74' lang='grc' dir='ltr'>οὖν</span> <span class='ocrx_word' id='word_1_25' title='bbox 1695 219 1708 244; x_wconf 76' lang='grc' dir='ltr'><strong>ὁ</strong></span> <span class='ocrx_word' id='word_1_26' title='bbox 1728 218 1844 254; x_wconf 82' lang='grc' dir='ltr'><strong>πρόσθεν</strong></span> <span class='ocrx_word' id='word_1_27' title='bbox 1867 221 1906 246; x_wconf 81' lang='grc' dir='ltr'><strong>εὶ-</strong></span> 
     </span>
    </p>
   </div>
   <div class='ocr_carea' id='block_1_6' title="bbox 282 262 1065 298">
    <p class='ocr_par' dir='ltr' id='par_1_6' title="bbox 282 262 1065 298">
     <span class='ocr_line' id='line_1_6' title="bbox 282 262 1065 298; baseline -0.001 -8"><span class='ocrx_word' id='word_1_28' title='bbox 282 263 508 297; x_wconf 75' lang='lat' dir='ltr'><strong>nehrisconjungi</strong></span> <span class='ocrx_word' id='word_1_29' title='bbox 523 271 555 290; x_wconf 88' lang='lat' dir='ltr'><strong>ac</strong></span> <span class='ocrx_word' id='word_1_30' title='bbox 571 264 677 290; x_wconf 85' lang='lat' dir='ltr'><strong>misceri</strong></span> <span class='ocrx_word' id='word_1_31' title='bbox 690 271 769 298; x_wconf 87' lang='lat' dir='ltr'><strong>posse</strong></span> <span class='ocrx_word' id='word_1_32' title='bbox 780 263 842 298; x_wconf 88' lang='lat' dir='ltr'><strong>quis</strong></span> <span class='ocrx_word' id='word_1_33' title='bbox 852 263 959 290; x_wconf 81' lang='lat' dir='ltr'><strong>dixerit.</strong></span> <span class='ocrx_word' id='word_1_34' title='bbox 973 262 1065 296; x_wconf 83' lang='lat' dir='ltr'><strong>Quan-</strong></span> 
     </span>
    </p>
   </div>
   <div class='ocr_carea' id='block_1_7' title="bbox 281 308 1063 343">
    <p class='ocr_par' dir='ltr' id='par_1_7' title="bbox 281 308 1063 343">
     <span class='ocr_line' id='line_1_7' title="bbox 281 308 1063 343; baseline 0.001 -9"><span class='ocrx_word' id='word_1_35' title='bbox 281 313 338 335; x_wconf 79' lang='lat' dir='ltr'><strong>tum</strong></span> <span class='ocrx_word' id='word_1_36' title='bbox 354 316 419 336; x_wconf 92' lang='lat' dir='ltr'><strong>vero</strong></span> <span class='ocrx_word' id='word_1_37' title='bbox 434 308 537 335; x_wconf 80' lang='lat' dir='ltr'><strong>ﬁctitiis</strong></span> <span class='ocrx_word' id='word_1_38' title='bbox 552 309 710 335; x_wconf 88' lang='lat' dir='ltr'><strong>numinibus</strong></span> <span class='ocrx_word' id='word_1_39' title='bbox 729 309 848 336; x_wconf 89' lang='lat' dir='ltr'><strong>humana</strong></span> <span class='ocrx_word' id='word_1_40' title='bbox 869 309 941 335; x_wconf 87' lang='lat' dir='ltr'><strong>ratio</strong></span> <span class='ocrx_word' id='word_1_41' title='bbox 956 308 1063 343; x_wconf 62' lang='lat' dir='ltr'><strong>praesti-</strong></span> 
     </span>
    </p>
   </div>
   <div class='ocr_carea' id='block_1_8' title="bbox 280 353 1064 388">
    <p class='ocr_par' dir='ltr' id='par_1_8' title="bbox 280 353 1064 388">
     <span class='ocr_line' id='line_1_8' title="bbox 280 353 1064 388; baseline 0.001 -9"><span class='ocrx_word' id='word_1_42' title='bbox 280 354 323 386; x_wconf 88' lang='lat' dir='ltr'><strong>tit,</strong></span> <span class='ocrx_word' id='word_1_43' title='bbox 339 362 400 388; x_wconf 66' lang='lat' dir='ltr'><strong>quae</strong></span> <span class='ocrx_word' id='word_1_44' title='bbox 429 362 462 381; x_wconf 84' lang='lat' dir='ltr'><strong>ne</strong></span> <span class='ocrx_word' id='word_1_45' title='bbox 487 354 619 388; x_wconf 86' lang='lat' dir='ltr'><strong>improbis</strong></span> <span class='ocrx_word' id='word_1_46' title='bbox 645 354 754 388; x_wconf 81' lang='lat' dir='ltr'><strong>quidem</strong></span> <span class='ocrx_word' id='word_1_47' title='bbox 769 354 940 381; x_wconf 70' lang='lat' dir='ltr'><strong>daemonibus</strong></span> <span class='ocrx_word' id='word_1_48' title='bbox 957 353 1064 381; x_wconf 78' lang='lat' dir='ltr'><strong>sacriﬁ-</strong></span> 
     </span>
    </p>
   </div>
   <div class='ocr_carea' id='block_1_9' title="bbox 1118 261 1908 300">
    <p class='ocr_par' dir='ltr' id='par_1_9' title="bbox 1118 261 1908 300">
     <span class='ocr_line' id='line_1_9' title="bbox 1118 261 1908 300; baseline 0.004 -12"><span class='ocrx_word' id='word_1_49' title='bbox 1118 262 1236 298; x_wconf 81' lang='grc' dir='ltr'>ρημὲνος</span> <span class='ocrx_word' id='word_1_50' title='bbox 1259 262 1443 298; x_wconf 73' lang='grc' dir='ltr'><strong>συγγραφεὺς,</strong></span> <span class='ocrx_word' id='word_1_51' title='bbox 1465 264 1495 289; x_wconf 83' lang='grc' dir='ltr'>ὲν</span> <span class='ocrx_word' id='word_1_52' title='bbox 1521 261 1562 296; x_wconf 65' lang='grc' dir='ltr'><strong>οἷς</strong></span> <span class='ocrx_word' id='word_1_53' title='bbox 1583 264 1664 298; x_wconf 75' lang='grc' dir='ltr'>ἔφυσε</span> <span class='ocrx_word' id='word_1_54' title='bbox 1684 265 1721 300; x_wconf 80' lang='grc' dir='ltr'>μὴ</span> <span class='ocrx_word' id='word_1_55' title='bbox 1736 265 1790 291; x_wconf 76' lang='grc' dir='ltr'>δεῖν</span> <span class='ocrx_word' id='word_1_56' title='bbox 1808 265 1908 297; x_wconf 56' lang='lat' dir='ltr'><strong>{mae-.—</strong></span> 
     </span>
    </p>
   </div>
   <div class='ocr_carea' id='block_1_10' title="bbox 1117 307 1907 345">
    <p class='ocr_par' dir='ltr' id='par_1_10' title="bbox 1117 307 1907 345">
     <span class='ocr_line' id='line_1_10' title="bbox 1117 307 1907 345; baseline 0.006 -11"><span class='ocrx_word' id='word_1_57' title='bbox 1117 310 1182 340; x_wconf 77' lang='grc' dir='ltr'>τεῖν,</span> <span class='ocrx_word' id='word_1_58' title='bbox 1212 308 1253 335; x_wconf 79' lang='grc' dir='ltr'>ὅτι</span> <span class='ocrx_word' id='word_1_59' title='bbox 1276 307 1343 343; x_wconf 77' lang='grc' dir='ltr'><strong>μηδὲ</strong></span> <span class='ocrx_word' id='word_1_60' title='bbox 1371 308 1484 343; x_wconf 77' lang='grc' dir='ltr'>φαύλοις</span> <span class='ocrx_word' id='word_1_61' title='bbox 1499 310 1607 345; x_wconf 83' lang='grc' dir='ltr'>δαίμοσι</span> <span class='ocrx_word' id='word_1_62' title='bbox 1625 310 1728 342; x_wconf 79' lang='grc' dir='ltr'>θυτέον,</span> <span class='ocrx_word' id='word_1_63' title='bbox 1754 310 1846 338; x_wconf 82' lang='grc' dir='ltr'>τοῦτον</span> <span class='ocrx_word' id='word_1_64' title='bbox 1860 311 1907 340; x_wconf 76' lang='grc' dir='ltr'>τὸν</span> 
     </span>
    </p>
   </div>
   <div class='ocr_carea' id='block_1_11' title="bbox 1116 355 1226 390">
    <p class='ocr_par' dir='ltr' id='par_1_11' title="bbox 1116 355 1226 390">
     <span class='ocr_line' id='line_1_11' title="bbox 1116 355 1226 390; baseline 0 -9"><span class='ocrx_word' id='word_1_65' title='bbox 1116 355 1226 390; x_wconf 79' lang='grc' dir='ltr'><strong>τρόπον.</strong></span> 
     </span>
    </p>
   </div>
   <div class='ocr_carea' id='block_1_12' title="bbox 279 398 1904 439">
    <p class='ocr_par' dir='ltr' id='par_1_12' title="bbox 279 398 1904 439">
     <span class='ocr_line' id='line_1_12' title="bbox 279 398 1904 439; baseline 0.004 -13"><span class='ocrx_word' id='word_1_66' title='bbox 279 400 352 426; x_wconf 87' lang='lat' dir='ltr'><strong>cium</strong></span> <span class='ocrx_word' id='word_1_67' title='bbox 373 399 456 432; x_wconf 84' lang='lat' dir='ltr'><strong>ullum</strong></span> <span class='ocrx_word' id='word_1_68' title='bbox 487 399 542 426; x_wconf 84' lang='lat' dir='ltr'><strong>lieri</strong></span> <span class='ocrx_word' id='word_1_69' title='bbox 556 399 658 426; x_wconf 84' lang='lat' dir='ltr'><strong>voluit?</strong></span> <span class='ocrx_word' id='word_1_70' title='bbox 680 398 746 426; x_wconf 83' lang='lat' dir='ltr'><strong>Nam</strong></span> <span class='ocrx_word' id='word_1_71' title='bbox 763 399 788 426; x_wconf 87' lang='lat' dir='ltr'><strong>id</strong></span> <span class='ocrx_word' id='word_1_72' title='bbox 806 407 871 426; x_wconf 82' lang='lat' dir='ltr'><strong>sane</strong></span> <span class='ocrx_word' id='word_1_73' title='bbox 895 403 968 426; x_wconf 86' lang='lat' dir='ltr'><strong>vetat</strong></span> <span class='ocrx_word' id='word_1_74' title='bbox 1001 399 1072 426; x_wconf 89' lang='lat' dir='ltr'><strong>idem</strong></span> <span class='ocrx_word' id='word_1_75' title='bbox 1093 399 1151 434; x_wconf 91' lang='lat' dir='ltr'><strong>ipse</strong></span> <span class='ocrx_word' id='word_1_76' title='bbox 1166 400 1334 438; x_wconf 82' lang='lat' dir='ltr'><strong>Porphyrius</strong></span> <span class='ocrx_word' id='word_1_77' title='bbox 1350 411 1383 432; x_wconf 89' lang='lat' dir='ltr'><strong>eo</strong></span> <span class='ocrx_word' id='word_1_78' title='bbox 1416 405 1496 437; x_wconf 83' lang='lat' dir='ltr'><strong>libro,</strong></span> <span class='ocrx_word' id='word_1_79' title='bbox 1528 404 1556 431; x_wconf 89' lang='lat' dir='ltr'><strong>in</strong></span> <span class='ocrx_word' id='word_1_80' title='bbox 1569 411 1624 439; x_wconf 89' lang='lat' dir='ltr'><strong>quo</strong></span> <span class='ocrx_word' id='word_1_81' title='bbox 1638 404 1673 432; x_wconf 92' lang='lat' dir='ltr'><strong>ab</strong></span> <span class='ocrx_word' id='word_1_82' title='bbox 1687 404 1848 432; x_wconf 77' lang='lat' dir='ltr'><strong>animalium</strong></span> <span class='ocrx_word' id='word_1_83' title='bbox 1860 412 1904 432; x_wconf 86' lang='lat' dir='ltr'><strong>sa-</strong></span> 
     </span>
    </p>
   </div>
   <div class='ocr_carea' id='block_1_13' title="bbox 278 445 1260 482">
    <p class='ocr_par' dir='ltr' id='par_1_13' title="bbox 278 445 1260 482">
     <span class='ocr_line' id='line_1_13' title="bbox 278 445 1260 482; baseline 0.003 -10"><span class='ocrx_word' id='word_1_84' title='bbox 278 445 388 472; x_wconf 81' lang='lat' dir='ltr'><strong>criliciis</strong></span> <span class='ocrx_word' id='word_1_85' title='bbox 412 445 602 472; x_wconf 86' lang='lat' dir='ltr'><strong>abstinendum</strong></span> <span class='ocrx_word' id='word_1_86' title='bbox 619 453 680 472; x_wconf 88' lang='lat' dir='ltr'><strong>esse</strong></span> <span class='ocrx_word' id='word_1_87' title='bbox 698 446 788 478; x_wconf 84' lang='lat' dir='ltr'><strong>docet,</strong></span> <span class='ocrx_word' id='word_1_88' title='bbox 804 446 848 473; x_wconf 87' lang='lat' dir='ltr'><strong>ubi</strong></span> <span class='ocrx_word' id='word_1_89' title='bbox 863 445 935 473; x_wconf 90' lang='lat' dir='ltr'><strong>hunc</strong></span> <span class='ocrx_word' id='word_1_90' title='bbox 949 446 977 472; x_wconf 93' lang='lat' dir='ltr'><strong>in</strong></span> <span class='ocrx_word' id='word_1_91' title='bbox 996 445 1107 473; x_wconf 84' lang='lat' dir='ltr'><strong>modum</strong></span> <span class='ocrx_word' id='word_1_92' title='bbox 1130 446 1260 482; x_wconf 82' lang='lat' dir='ltr'><strong>loquitur.</strong></span> 
     </span>
    </p>
   </div>
   <div class='ocr_carea' id='block_1_14' title="bbox 551 491 782 520">
    <p class='ocr_par' dir='ltr' id='par_1_14' title="bbox 551 491 782 520">
     <span class='ocr_line' id='line_1_14' title="bbox 551 491 782 520; baseline 0.004 -2"><span class='ocrx_word' id='word_1_93' title='bbox 551 491 665 519; x_wconf 78' lang='lat' dir='ltr'><strong>CAPUT</strong></span> <span class='ocrx_word' id='word_1_94' title='bbox 686 492 782 520; x_wconf 71' lang='lat' dir='ltr'><strong>XVIII.</strong></span> 
     </span>
    </p>
   </div>
   <div class='ocr_carea' id='block_1_15' title="bbox 276 536 1066 573">
    <p class='ocr_par' dir='ltr' id='par_1_15' title="bbox 276 536 1066 573">
     <span class='ocr_line' id='line_1_15' title="bbox 276 536 1066 573; baseline 0.004 -10"><span class='ocrx_word' id='word_1_95' title='bbox 276 536 388 563; x_wconf 79' lang='lat' dir='ltr'><strong>Nullum</strong></span> <span class='ocrx_word' id='word_1_96' title='bbox 411 539 533 571; x_wconf 73' lang='lat' dir='ltr'><strong>improbis</strong></span> <span class='ocrx_word' id='word_1_97' title='bbox 552 539 714 565; x_wconf 74' lang='lat' dir='ltr'><strong>dwmonibus</strong></span> <span class='ocrx_word' id='word_1_98' title='bbox 738 540 900 573; x_wconf 70' lang='lat' dir='ltr'><strong>sacriﬁcium</strong></span> <span class='ocrx_word' id='word_1_99' title='bbox 917 539 1066 570; x_wconf 78' lang='lat' dir='ltr'><strong>faciendum</strong></span> 
     </span>
    </p>
   </div>
   <div class='ocr_carea' id='block_1_16' title="bbox 640 582 706 600">
    <p class='ocr_par' dir='ltr' id='par_1_16' title="bbox 640 582 706 600">
     <span class='ocr_line' id='line_1_16' title="bbox 640 582 706 600; baseline 0.015 -1"><span class='ocrx_word' id='word_1_100' title='bbox 640 582 706 600; x_wconf 66' lang='grc'><strong>8356-</strong></span> 
     </span>
    </p>
   </div>
   <div class='ocr_carea' id='block_1_17' title="bbox 312 617 1064 657">
    <p class='ocr_par' dir='ltr' id='par_1_17' title="bbox 312 617 1064 657">
     <span class='ocr_line' id='line_1_17' title="bbox 312 617 1064 657; baseline 0.007 -13"><span class='ocrx_word' id='word_1_101' title='bbox 312 627 321 643; x_wconf 81' lang='grc'><strong>(</strong></span> <span class='ocrx_word' id='word_1_102' title='bbox 335 617 528 651; x_wconf 81' lang='lat' dir='ltr'><strong>Quamobrem,</strong></span> <span class='ocrx_word' id='word_1_103' title='bbox 540 619 637 653; x_wconf 82' lang='lat' dir='ltr'><strong>inquit,</strong></span> <span class='ocrx_word' id='word_1_104' title='bbox 647 620 688 646; x_wconf 89' lang='lat' dir='ltr'><strong>vir</strong></span> <span class='ocrx_word' id='word_1_105' title='bbox 698 628 792 655; x_wconf 59' lang='lat' dir='ltr'><strong>xquus</strong></span> <span class='ocrx_word' id='word_1_106' title='bbox 801 629 832 648; x_wconf 87' lang='lat' dir='ltr'><strong>ac</strong></span> <span class='ocrx_word' id='word_1_107' title='bbox 840 622 960 657; x_wconf 87' lang='lat' dir='ltr'><strong>prudens</strong></span> <span class='ocrx_word' id='word_1_108' title='bbox 967 622 1017 649; x_wconf 85' lang='lat' dir='ltr'><strong>sibi</strong></span> <span class='ocrx_word' id='word_1_109' title='bbox 1030 621 1064 649; x_wconf 84' lang='lat' dir='ltr'><strong>ab</strong></span> 
     </span>
    </p>
   </div>
   <div class='ocr_carea' id='block_1_18' title="bbox 283 663 1059 703">
    <p class='ocr_par' dir='ltr' id='par_1_18' title="bbox 283 663 1059 703">
     <span class='ocr_line' id='line_1_18' title="bbox 283 663 1059 703; baseline 0.008 -14"><span class='ocrx_word' id='word_1_110' title='bbox 283 663 337 690; x_wconf 89' lang='lat' dir='ltr'><strong>isto</strong></span> <span class='ocrx_word' id='word_1_111' title='bbox 360 664 556 691; x_wconf 81' lang='lat' dir='ltr'><strong>sacrificiorum</strong></span> <span class='ocrx_word' id='word_1_112' title='bbox 575 673 672 700; x_wconf 77' lang='lat' dir='ltr'><strong>genere</strong></span> <span class='ocrx_word' id='word_1_113' title='bbox 694 667 844 694; x_wconf 88' lang='lat' dir='ltr'><strong>cavendum</strong></span> <span class='ocrx_word' id='word_1_114' title='bbox 872 668 1059 703; x_wconf 86' lang='lat' dir='ltr'><strong>putabit,quo</strong></span> 
     </span>
    </p>
   </div>
   <div class='ocr_carea' id='block_1_19' title="bbox 272 710 1056 747">
    <p class='ocr_par' dir='ltr' id='par_1_19' title="bbox 272 710 1056 747">
     <span class='ocr_line' id='line_1_19' title="bbox 272 710 1056 747; baseline 0.01 -13"><span class='ocrx_word' id='word_1_115' title='bbox 272 716 418 743; x_wconf 88' lang='lat' dir='ltr'><strong>pravorum</strong></span> <span class='ocrx_word' id='word_1_116' title='bbox 443 710 596 737; x_wconf 82' lang='lat' dir='ltr'><strong>d:emonum</strong></span> <span class='ocrx_word' id='word_1_117' title='bbox 613 712 727 745; x_wconf 81' lang='lat' dir='ltr'><strong>gratiam</strong></span> <span class='ocrx_word' id='word_1_118' title='bbox 749 719 909 747; x_wconf 86' lang='lat' dir='ltr'><strong>aucupetur.</strong></span> <span class='ocrx_word' id='word_1_119' title='bbox 928 715 1056 742; x_wconf 83' lang='lat' dir='ltr'><strong>Animum</strong></span> 
     </span>
    </p>
   </div>
   <div class='ocr_carea' id='block_1_20' title="bbox 272 754 1057 794">
    <p class='ocr_par' dir='ltr' id='par_1_20' title="bbox 272 754 1057 794">
     <span class='ocr_line' id='line_1_20' title="bbox 272 754 1057 794; baseline 0.009 -13"><span class='ocrx_word' id='word_1_120' title='bbox 272 754 329 789; x_wconf 88' lang='lat' dir='ltr'><strong>ipse</strong></span> <span class='ocrx_word' id='word_1_121' title='bbox 346 755 437 789; x_wconf 85' lang='lat' dir='ltr'><strong>potius</strong></span> <span class='ocrx_word' id='word_1_122' title='bbox 452 756 526 782; x_wconf 93' lang='lat' dir='ltr'><strong>omni</strong></span> <span class='ocrx_word' id='word_1_123' title='bbox 540 757 644 784; x_wconf 76' lang='lat' dir='ltr'><strong>ratione</strong></span> <span class='ocrx_word' id='word_1_124' title='bbox 661 766 692 785; x_wconf 85' lang='lat' dir='ltr'><strong>ac</strong></span> <span class='ocrx_word' id='word_1_125' title='bbox 709 759 799 786; x_wconf 85' lang='lat' dir='ltr'><strong>studio</strong></span> <span class='ocrx_word' id='word_1_126' title='bbox 815 767 932 794; x_wconf 80' lang='lat' dir='ltr'><strong>purgare</strong></span> <span class='ocrx_word' id='word_1_127' title='bbox 945 761 1057 788; x_wconf 86' lang='lat' dir='ltr'><strong>conabi-</strong></span> 
     </span>
    </p>
   </div>
   <div class='ocr_carea' id='block_1_21' title="bbox 1373 498 1645 525">
    <p class='ocr_par' dir='ltr' id='par_1_21' title="bbox 1373 498 1645 525">
     <span class='ocr_line' id='line_1_21' title="bbox 1373 498 1645 525; baseline 0.004 -1"><span class='ocrx_word' id='word_1_128' title='bbox 1373 498 1571 525; x_wconf 76' lang='grc' dir='ltr'><strong>ΚΕΦΑΔΑΙΟΝ</strong></span> <span class='ocrx_word' id='word_1_129' title='bbox 1592 498 1645 525; x_wconf 73' lang='grc' dir='ltr'><strong>ιη’.</strong></span> 
     </span>
    </p>
   </div>
   <div class='ocr_carea' id='block_1_22' title="bbox 1183 542 1836 579">
    <p class='ocr_par' dir='ltr' id='par_1_22' title="bbox 1183 542 1836 579">
     <span class='ocr_line' id='line_1_22' title="bbox 1183 542 1836 579; baseline 0.005 -10"><span class='ocrx_word' id='word_1_130' title='bbox 1183 542 1246 569; x_wconf 78' lang='grc' dir='ltr'><strong>’Ότι</strong></span> <span class='ocrx_word' id='word_1_131' title='bbox 1256 543 1300 578; x_wconf 76' lang='grc' dir='ltr'><strong>μὴ</strong></span> <span class='ocrx_word' id='word_1_132' title='bbox 1315 544 1363 570; x_wconf 80' lang='grc' dir='ltr'><strong>δεῖ</strong></span> <span class='ocrx_word' id='word_1_133' title='bbox 1382 545 1444 578; x_wconf 83' lang='grc' dir='ltr'>τοῖς</span> <span class='ocrx_word' id='word_1_134' title='bbox 1460 544 1602 578; x_wconf 75' lang='grc' dir='ltr'><strong>πονηροῖς</strong></span> <span class='ocrx_word' id='word_1_135' title='bbox 1614 543 1734 579; x_wconf 82' lang='grc' dir='ltr'>δαίμοσι</span> <span class='ocrx_word' id='word_1_136' title='bbox 1746 545 1836 572; x_wconf 71' lang='grc' dir='ltr'>θύειν.</span> 
     </span>
    </p>
   </div>
   <div class='ocr_carea' id='block_1_23' title="bbox 1155 632 1901 671">
    <p class='ocr_par' dir='ltr' id='par_1_23' title="bbox 1155 632 1901 671">
     <span class='ocr_line' id='line_1_23' title="bbox 1155 632 1901 671; baseline 0.007 -15"><span class='ocrx_word' id='word_1_137' title='bbox 1155 640 1165 656; x_wconf 87' lang='grc'><em>‹</em></span> <span class='ocrx_word' id='word_1_138' title='bbox 1185 632 1230 657; x_wconf 81' lang='grc' dir='ltr'>Διὺ</span> <span class='ocrx_word' id='word_1_139' title='bbox 1243 633 1350 665; x_wconf 77' lang='grc' dir='ltr'>συνετὸς</span> <span class='ocrx_word' id='word_1_140' title='bbox 1368 633 1423 669; x_wconf 69' lang='grc'><strong>(55)</strong></span> <span class='ocrx_word' id='word_1_141' title='bbox 1441 633 1510 669; x_wconf 79' lang='grc' dir='ltr'>ἀνὴρ</span> <span class='ocrx_word' id='word_1_142' title='bbox 1527 633 1572 660; x_wconf 76' lang='grc' dir='ltr'>καὶ</span> <span class='ocrx_word' id='word_1_143' title='bbox 1590 633 1704 669; x_wconf 79' lang='grc' dir='ltr'>σώφρων</span> <span class='ocrx_word' id='word_1_144' title='bbox 1720 634 1901 671; x_wconf 75' lang='grc' dir='ltr'><strong>εὐλαϐηθήσε-</strong></span> 
     </span>
    </p>
   </div>
   <div class='ocr_carea' id='block_1_24' title="bbox 1112 677 1901 715">
    <p class='ocr_par' dir='ltr' id='par_1_24' title="bbox 1112 677 1901 715">
     <span class='ocr_line' id='line_1_24' title="bbox 1112 677 1901 715; baseline -0.006 -2"><span class='ocrx_word' id='word_1_145' title='bbox 1112 686 1156 704; x_wconf 65' lang='grc' dir='ltr'><strong>ται</strong></span> <span class='ocrx_word' id='word_1_146' title='bbox 1167 678 1304 711; x_wconf 68' lang='grc' dir='ltr'>τοιαύταις</span> <span class='ocrx_word' id='word_1_147' title='bbox 1325 680 1442 715; x_wconf 80' lang='grc' dir='ltr'>χρῆσθαι</span> <span class='ocrx_word' id='word_1_148' title='bbox 1460 680 1575 712; x_wconf 77' lang='grc' dir='ltr'><strong>θυσίαις,</strong></span> <span class='ocrx_word' id='word_1_149' title='bbox 1601 681 1635 707; x_wconf 75' lang='grc' dir='ltr'>δι’</span> <span class='ocrx_word' id='word_1_150' title='bbox 1658 677 1695 707; x_wconf 83' lang='grc' dir='ltr'>ὧν</span> <span class='ocrx_word' id='word_1_151' title='bbox 1721 682 1901 709; x_wconf 69' lang='grc' dir='ltr'><strong>ἐπισπάσεται</strong></span> 
     </span>
    </p>
   </div>
   <div class='ocr_carea' id='block_1_25' title="bbox 1113 724 1900 762">
    <p class='ocr_par' dir='ltr' id='par_1_25' title="bbox 1113 724 1900 762">
     <span class='ocr_line' id='line_1_25' title="bbox 1113 724 1900 762; baseline 0.005 -13"><span class='ocrx_word' id='word_1_152' title='bbox 1113 724 1180 759; x_wconf 66' lang='grc' dir='ltr'>πρὸς</span> <span class='ocrx_word' id='word_1_153' title='bbox 1195 725 1291 750; x_wconf 78' lang='grc' dir='ltr'>ἑαυτὸν</span> <span class='ocrx_word' id='word_1_154' title='bbox 1303 725 1365 757; x_wconf 78' lang='grc' dir='ltr'>τοὺς</span> <span class='ocrx_word' id='word_1_155' title='bbox 1382 725 1528 757; x_wconf 77' lang='grc' dir='ltr'><strong>τοιούτους·</strong></span> <span class='ocrx_word' id='word_1_156' title='bbox 1545 726 1688 752; x_wconf 76' lang='grc' dir='ltr'><strong>σπουδάσει</strong></span> <span class='ocrx_word' id='word_1_157' title='bbox 1707 725 1735 752; x_wconf 81' lang='grc' dir='ltr'><strong>δὲ</strong></span> <span class='ocrx_word' id='word_1_158' title='bbox 1760 726 1900 762; x_wconf 76' lang='grc' dir='ltr'>καθαίρειν</span> 
     </span>
    </p>
   </div>
   <div class='ocr_carea' id='block_1_26' title="bbox 1110 769 1901 808">
    <p class='ocr_par' dir='ltr' id='par_1_26' title="bbox 1110 769 1901 808">
     <span class='ocr_line' id='line_1_26' title="bbox 1110 769 1901 808; baseline 0.006 -14"><span class='ocrx_word' id='word_1_159' title='bbox 1110 769 1158 804; x_wconf 74' lang='grc' dir='ltr'>τὴν</span> <span class='ocrx_word' id='word_1_160' title='bbox 1173 769 1260 805; x_wconf 69' lang='grc' dir='ltr'>ψυχὴν</span> <span class='ocrx_word' id='word_1_161' title='bbox 1276 771 1418 802; x_wconf 79' lang='grc' dir='ltr'>παντοὶως·</span> <span class='ocrx_word' id='word_1_162' title='bbox 1434 771 1541 807; x_wconf 72' lang='grc' dir='ltr'>καθαρᾷ</span> <span class='ocrx_word' id='word_1_163' title='bbox 1552 772 1606 807; x_wconf 73' lang='grc' dir='ltr'><strong>γὰρ</strong></span> <span class='ocrx_word' id='word_1_164' title='bbox 1621 772 1692 808; x_wconf 62' lang='grc' dir='ltr'>ψυχῇ</span> <span class='ocrx_word' id='word_1_165' title='bbox 1706 772 1756 799; x_wconf 80' lang='grc' dir='ltr'><strong>οὐκ</strong></span> <span class='ocrx_word' id='word_1_166' title='bbox 1769 773 1901 800; x_wconf 80' lang='grc' dir='ltr'>ἐπιτίθεν-</span> 
     </span>
    </p>
   </div>
   <div class='ocr_carea' id='block_1_27' title="bbox 272 803 1049 852">
    <p class='ocr_par' dir='ltr' id='par_1_27' title="bbox 272 803 1049 840">
     <span class='ocr_line' id='line_1_27' title="bbox 272 803 1049 840; baseline 0.012 -14"><span class='ocrx_word' id='word_1_167' title='bbox 272 803 326 833; x_wconf 91' lang='lat' dir='ltr'><strong>tur,</strong></span> <span class='ocrx_word' id='word_1_168' title='bbox 347 807 437 828; x_wconf 81' lang='lat' dir='ltr'><strong>certus</strong></span> <span class='ocrx_word' id='word_1_169' title='bbox 456 811 503 830; x_wconf 89' lang='lat' dir='ltr'><strong>eos</strong></span> <span class='ocrx_word' id='word_1_170' title='bbox 521 812 660 839; x_wconf 82' lang='lat' dir='ltr'><strong>nunquam</strong></span> <span class='ocrx_word' id='word_1_171' title='bbox 677 813 751 840; x_wconf 76' lang='lat' dir='ltr'><strong>purae</strong></span> <span class='ocrx_word' id='word_1_172' title='bbox 766 814 798 833; x_wconf 87' lang='lat' dir='ltr'><strong>ae</strong></span> <span class='ocrx_word' id='word_1_173' title='bbox 821 807 934 834; x_wconf 78' lang='lat' dir='ltr'><strong>sincerze</strong></span> <span class='ocrx_word' id='word_1_174' title='bbox 957 810 1049 835; x_wconf 77' lang='lat' dir='ltr'><strong>menti:</strong></span> 
     </span>
    </p>
   </div>
   <div class='ocr_carea' id='block_1_28' title="bbox 1100 803 1897 852">
    <p class='ocr_par' dir='ltr' id='par_1_28' title="bbox 1109 815 1897 852">
     <span class='ocr_line' id='line_1_28' title="bbox 1109 815 1897 852; baseline 0.006 -12"><span class='ocrx_word' id='word_1_175' title='bbox 1109 822 1153 840; x_wconf 78' lang='grc' dir='ltr'><strong>ται</strong></span> <span class='ocrx_word' id='word_1_176' title='bbox 1169 815 1212 842; x_wconf 67' lang='grc' dir='ltr'>διὰ</span> <span class='ocrx_word' id='word_1_177' title='bbox 1228 815 1258 841; x_wconf 87' lang='grc' dir='ltr'>τὸ</span> <span class='ocrx_word' id='word_1_178' title='bbox 1272 816 1362 847; x_wconf 83' lang='grc' dir='ltr'>αὐτοῖς</span> <span class='ocrx_word' id='word_1_179' title='bbox 1379 817 1512 852; x_wconf 83' lang='grc' dir='ltr'>ἀνόμοιον.</span> <span class='ocrx_word' id='word_1_180' title='bbox 1530 818 1560 843; x_wconf 76' lang='grc' dir='ltr'><strong>Εἰ</strong></span> <span class='ocrx_word' id='word_1_181' title='bbox 1576 817 1602 843; x_wconf 79' lang='grc' dir='ltr'><strong>δὲ</strong></span> <span class='ocrx_word' id='word_1_182' title='bbox 1614 819 1672 849; x_wconf 78' lang='grc' dir='ltr'>ταῖς</span> <span class='ocrx_word' id='word_1_183' title='bbox 1689 817 1797 844; x_wconf 80' lang='grc' dir='ltr'>πόλεσιν</span> <span class='ocrx_word' id='word_1_184' title='bbox 1813 819 1897 852; x_wconf 76' lang='grc' dir='ltr'><strong>ἀναγ-</strong></span> 
     </span>
    </p>
   </div>
   <div class='ocr_carea' id='block_1_29' title="bbox 271 845 1058 884">
    <p class='ocr_par' dir='ltr' id='par_1_29' title="bbox 271 845 1058 884">
     <span class='ocr_line' id='line_1_29' title="bbox 271 845 1058 884; baseline 0.01 -12"><span class='ocrx_word' id='word_1_185' title='bbox 271 845 409 873; x_wconf 75' lang='lat' dir='ltr'><strong>hominem</strong></span> <span class='ocrx_word' id='word_1_186' title='bbox 425 849 546 883; x_wconf 77' lang='lat' dir='ltr'><strong>aggredi,</strong></span> <span class='ocrx_word' id='word_1_187' title='bbox 561 855 672 884; x_wconf 84' lang='lat' dir='ltr'><strong>propter</strong></span> <span class='ocrx_word' id='word_1_188' title='bbox 690 859 796 878; x_wconf 88' lang='lat' dir='ltr'><strong>morum</strong></span> <span class='ocrx_word' id='word_1_189' title='bbox 814 859 845 879; x_wconf 89' lang='lat' dir='ltr'><strong>ac</strong></span> <span class='ocrx_word' id='word_1_190' title='bbox 858 857 961 880; x_wconf 77' lang='lat' dir='ltr'><strong>natura:</strong></span> <span class='ocrx_word' id='word_1_191' title='bbox 975 853 1058 880; x_wconf 89' lang='lat' dir='ltr'><strong>dissi-</strong></span> 
     </span>
    </p>
   </div>
   <div class='ocr_carea' id='block_1_30' title="bbox 270 892 1055 927">
    <p class='ocr_par' dir='ltr' id='par_1_30' title="bbox 270 892 1055 927">
     <span class='ocr_line' id='line_1_30' title="bbox 270 892 1055 927; baseline 0.011 -9"><span class='ocrx_word' id='word_1_192' title='bbox 270 892 463 921; x_wconf 83' lang='lat' dir='ltr'><strong>militudinem.</strong></span> <span class='ocrx_word' id='word_1_193' title='bbox 479 894 557 927; x_wconf 83' lang='lat' dir='ltr'><strong>Quod</strong></span> <span class='ocrx_word' id='word_1_194' title='bbox 573 896 595 923; x_wconf 86' lang='lat' dir='ltr'><strong>si</strong></span> <span class='ocrx_word' id='word_1_195' title='bbox 608 896 677 924; x_wconf 82' lang='lat' dir='ltr'><strong>forte</strong></span> <span class='ocrx_word' id='word_1_196' title='bbox 692 905 706 924; x_wconf 89' lang='lat' dir='ltr'><strong>a</strong></span> <span class='ocrx_word' id='word_1_197' title='bbox 722 897 877 926; x_wconf 90' lang='lat' dir='ltr'><strong>civitatibus</strong></span> <span class='ocrx_word' id='word_1_198' title='bbox 892 900 959 927; x_wconf 90' lang='lat' dir='ltr'><strong>istos</strong></span> <span class='ocrx_word' id='word_1_199' title='bbox 975 901 1055 927; x_wconf 84' lang='lat' dir='ltr'><strong>etiam</strong></span> 
     </span>
    </p>
   </div>
   <div class='ocr_carea' id='block_1_31' title="bbox 270 938 1054 976">
    <p class='ocr_par' dir='ltr' id='par_1_31' title="bbox 270 938 1054 976">
     <span class='ocr_line' id='line_1_31' title="bbox 270 938 1054 976; baseline 0.013 -12"><span class='ocrx_word' id='word_1_200' title='bbox 270 938 377 966; x_wconf 84' lang='lat' dir='ltr'><strong>deliniri</strong></span> <span class='ocrx_word' id='word_1_201' title='bbox 400 940 556 976; x_wconf 86' lang='lat' dir='ltr'><strong>placarique</strong></span> <span class='ocrx_word' id='word_1_202' title='bbox 573 950 684 970; x_wconf 83' lang='lat' dir='ltr'><strong>necesse</strong></span> <span class='ocrx_word' id='word_1_203' title='bbox 709 944 754 976; x_wconf 83' lang='lat' dir='ltr'><strong>sit.</strong></span> <span class='ocrx_word' id='word_1_204' title='bbox 778 946 845 972; x_wconf 92' lang='lat' dir='ltr'><strong>nihil</strong></span> <span class='ocrx_word' id='word_1_205' title='bbox 858 947 890 972; x_wconf 91' lang='lat' dir='ltr'><strong>ad</strong></span> <span class='ocrx_word' id='word_1_206' title='bbox 909 954 969 973; x_wconf 88' lang='lat' dir='ltr'><strong>nos.</strong></span> <span class='ocrx_word' id='word_1_207' title='bbox 988 946 1054 973; x_wconf 79' lang='lat' dir='ltr'><strong>Nam</strong></span> 
     </span>
    </p>
   </div>
   <div class='ocr_carea' id='block_1_32' title="bbox 271 984 1053 1026">
    <p class='ocr_par' dir='ltr' id='par_1_32' title="bbox 271 984 1053 1026">
     <span class='ocr_line' id='line_1_32' title="bbox 271 984 1053 1026; baseline 0.012 -16"><span class='ocrx_word' id='word_1_208' title='bbox 271 984 326 1012; x_wconf 87' lang='lat' dir='ltr'><strong>illis</strong></span> <span class='ocrx_word' id='word_1_209' title='bbox 345 986 455 1020; x_wconf 85' lang='lat' dir='ltr'><strong>quidem</strong></span> <span class='ocrx_word' id='word_1_210' title='bbox 473 995 548 1022; x_wconf 83' lang='lat' dir='ltr'><strong>opes,</strong></span> <span class='ocrx_word' id='word_1_211' title='bbox 567 990 682 1024; x_wconf 71' lang='lat' dir='ltr'><strong>quaeque</strong></span> <span class='ocrx_word' id='word_1_212' title='bbox 707 989 772 1017; x_wconf 83' lang='lat' dir='ltr'><strong>foris</strong></span> <span class='ocrx_word' id='word_1_213' title='bbox 793 995 866 1023; x_wconf 82' lang='lat' dir='ltr'><strong>sunt,</strong></span> <span class='ocrx_word' id='word_1_214' title='bbox 887 1000 1000 1026; x_wconf 66' lang='lat' dir='ltr'><strong>quaeque</strong></span> <span class='ocrx_word' id='word_1_215' title='bbox 1021 994 1053 1020; x_wconf 83' lang='lat' dir='ltr'><strong>ad</strong></span> 
     </span>
    </p>
   </div>
   <div class='ocr_carea' id='block_1_33' title="bbox 270 1033 1055 1071">
    <p class='ocr_par' dir='ltr' id='par_1_33' title="bbox 270 1033 1055 1071">
     <span class='ocr_line' id='line_1_33' title="bbox 270 1033 1055 1071; baseline 0.01 -14"><span class='ocrx_word' id='word_1_216' title='bbox 270 1038 372 1065; x_wconf 74' lang='lat' dir='ltr'><strong>eoi-pus</strong></span> <span class='ocrx_word' id='word_1_217' title='bbox 394 1033 506 1060; x_wconf 92' lang='lat' dir='ltr'><strong>omnino</strong></span> <span class='ocrx_word' id='word_1_218' title='bbox 530 1034 676 1068; x_wconf 84' lang='lat' dir='ltr'><strong>pertinent,</strong></span> <span class='ocrx_word' id='word_1_219' title='bbox 702 1035 772 1062; x_wconf 86' lang='lat' dir='ltr'><strong>bona</strong></span> <span class='ocrx_word' id='word_1_220' title='bbox 796 1036 880 1063; x_wconf 87' lang='lat' dir='ltr'><strong>videri</strong></span> <span class='ocrx_word' id='word_1_221' title='bbox 911 1038 1008 1071; x_wconf 84' lang='lat' dir='ltr'><strong>solent,</strong></span> <span class='ocrx_word' id='word_1_222' title='bbox 1024 1043 1055 1065; x_wconf 90' lang='lat' dir='ltr'><strong>ut</strong></span> 
     </span>
    </p>
   </div>
   <div class='ocr_carea' id='block_1_34' title="bbox 1109 861 1897 900">
    <p class='ocr_par' dir='ltr' id='par_1_34' title="bbox 1109 861 1897 900">
     <span class='ocr_line' id='line_1_34' title="bbox 1109 861 1897 900; baseline 0.006 -14"><span class='ocrx_word' id='word_1_223' title='bbox 1109 861 1184 886; x_wconf 79' lang='grc' dir='ltr'>καῖον</span> <span class='ocrx_word' id='word_1_224' title='bbox 1200 861 1247 887; x_wconf 70' lang='grc' dir='ltr'><strong>καὶ</strong></span> <span class='ocrx_word' id='word_1_225' title='bbox 1260 862 1370 893; x_wconf 74' lang='grc' dir='ltr'>τούτους</span> <span class='ocrx_word' id='word_1_226' title='bbox 1382 862 1629 898; x_wconf 74' lang='grc' dir='ltr'>ἀπομειλίττεσθαι,</span> <span class='ocrx_word' id='word_1_227' title='bbox 1644 864 1720 891; x_wconf 78' lang='grc' dir='ltr'>οὐδὲν</span> <span class='ocrx_word' id='word_1_228' title='bbox 1734 863 1802 899; x_wconf 79' lang='grc' dir='ltr'>πρὸς</span> <span class='ocrx_word' id='word_1_229' title='bbox 1811 865 1897 900; x_wconf 78' lang='grc' dir='ltr'><strong>ἡμᾶς.</strong></span> 
     </span>
    </p>
   </div>
   <div class='ocr_carea' id='block_1_35' title="bbox 1109 907 1898 944">
    <p class='ocr_par' dir='ltr' id='par_1_35' title="bbox 1109 907 1898 944">
     <span class='ocr_line' id='line_1_35' title="bbox 1109 907 1898 944; baseline 0.008 -12"><span class='ocrx_word' id='word_1_230' title='bbox 1109 907 1226 940; x_wconf 76' lang='grc' dir='ltr'><strong>Ταύταις</strong></span> <span class='ocrx_word' id='word_1_231' title='bbox 1241 908 1295 944; x_wconf 79' lang='grc' dir='ltr'>γὰρ</span> <span class='ocrx_word' id='word_1_232' title='bbox 1307 909 1353 936; x_wconf 76' lang='grc' dir='ltr'><strong>καὶ</strong></span> <span class='ocrx_word' id='word_1_233' title='bbox 1367 909 1490 942; x_wconf 76' lang='grc' dir='ltr'>πλοῦτος,</span> <span class='ocrx_word' id='word_1_234' title='bbox 1504 911 1550 936; x_wconf 80' lang='grc' dir='ltr'><strong>καὶ</strong></span> <span class='ocrx_word' id='word_1_235' title='bbox 1571 911 1604 937; x_wconf 73' lang='grc' dir='ltr'><strong>τὰ</strong></span> <span class='ocrx_word' id='word_1_236' title='bbox 1626 911 1713 943; x_wconf 77' lang='grc' dir='ltr'>ἐκτὸς,</span> <span class='ocrx_word' id='word_1_237' title='bbox 1731 911 1778 937; x_wconf 72' lang='grc' dir='ltr'><strong>καὶ</strong></span> <span class='ocrx_word' id='word_1_238' title='bbox 1792 911 1826 938; x_wconf 82' lang='grc' dir='ltr'><strong>τὰ</strong></span> <span class='ocrx_word' id='word_1_239' title='bbox 1844 919 1898 938; x_wconf 87' lang='grc' dir='ltr'>σω-</span> 
     </span>
    </p>
   </div>
   <div class='ocr_carea' id='block_1_36' title="bbox 1109 953 1896 991">
    <p class='ocr_par' dir='ltr' id='par_1_36' title="bbox 1109 953 1896 991">
     <span class='ocr_line' id='line_1_36' title="bbox 1109 953 1896 991; baseline 0.006 -12"><span class='ocrx_word' id='word_1_240' title='bbox 1109 953 1221 987; x_wconf 77' lang='grc' dir='ltr'>ματικὰ,</span> <span class='ocrx_word' id='word_1_241' title='bbox 1247 955 1337 989; x_wconf 65' lang='grc' dir='ltr'>ἀγαθὰ</span> <span class='ocrx_word' id='word_1_242' title='bbox 1363 954 1431 982; x_wconf 71' lang='grc' dir='ltr'>εἶναι</span> <span class='ocrx_word' id='word_1_243' title='bbox 1458 956 1623 991; x_wconf 82' lang='grc' dir='ltr'>νενόμισται,</span> <span class='ocrx_word' id='word_1_244' title='bbox 1649 958 1696 983; x_wconf 75' lang='grc' dir='ltr'><strong>καὶ</strong></span> <span class='ocrx_word' id='word_1_245' title='bbox 1723 957 1757 984; x_wconf 79' lang='grc' dir='ltr'><strong>τὰ</strong></span> <span class='ocrx_word' id='word_1_246' title='bbox 1777 957 1896 990; x_wconf 69' lang='grc' dir='ltr'>ἐναντία,</span> 
     </span>
    </p>
   </div>
   <div class='ocr_carea' id='block_1_37' title="bbox 1108 998 1897 1039">
    <p class='ocr_par' dir='ltr' id='par_1_37' title="bbox 1108 998 1897 1039">
     <span class='ocr_line' id='line_1_37' title="bbox 1108 998 1897 1039; baseline 0.009 -16"><span class='ocrx_word' id='word_1_247' title='bbox 1108 998 1190 1024; x_wconf 81' lang='grc' dir='ltr'>κακά·</span> <span class='ocrx_word' id='word_1_248' title='bbox 1203 999 1293 1033; x_wconf 77' lang='grc' dir='ltr'>ὀλίγον</span> <span class='ocrx_word' id='word_1_249' title='bbox 1307 1000 1335 1026; x_wconf 80' lang='grc' dir='ltr'><strong>δὲ</strong></span> <span class='ocrx_word' id='word_1_250' title='bbox 1350 1001 1378 1027; x_wconf 79' lang='grc' dir='ltr'>ὲν</span> <span class='ocrx_word' id='word_1_251' title='bbox 1392 1001 1486 1032; x_wconf 75' lang='grc' dir='ltr'><strong>αὑταῖς</strong></span> <span class='ocrx_word' id='word_1_252' title='bbox 1503 1001 1532 1027; x_wconf 73' lang='grc' dir='ltr'>τὸ</span> <span class='ocrx_word' id='word_1_253' title='bbox 1548 1002 1597 1036; x_wconf 80' lang='grc' dir='ltr'><strong>τῆς</strong></span> <span class='ocrx_word' id='word_1_254' title='bbox 1613 1002 1702 1038; x_wconf 67' lang='grc' dir='ltr'>ψυχῆς</span> <span class='ocrx_word' id='word_1_255' title='bbox 1714 1003 1897 1039; x_wconf 61' lang='grc' dir='ltr'><strong>ἐπιμελούμει</strong></span> 
     </span>
    </p>
   </div>
   <div class='ocr_carea' id='block_1_38' title="bbox 1107 1045 1609 1081">
    <p class='ocr_par' dir='ltr' id='par_1_38' title="bbox 1107 1045 1609 1081">
     <span class='ocr_line' id='line_1_38' title="bbox 1107 1045 1609 1081; baseline 0.01 -12"><span class='ocrx_word' id='word_1_256' title='bbox 1107 1051 1179 1070; x_wconf 81' lang='grc' dir='ltr'>νον.)</span> <span class='ocrx_word' id='word_1_257' title='bbox 1196 1045 1307 1078; x_wconf 78' lang='grc' dir='ltr'>Τούτοις</span> <span class='ocrx_word' id='word_1_258' title='bbox 1327 1046 1389 1081; x_wconf 77' lang='grc' dir='ltr'><strong>ἑξῆς</strong></span> <span class='ocrx_word' id='word_1_259' title='bbox 1402 1047 1499 1081; x_wconf 78' lang='grc' dir='ltr'>ἐπάγει</span> <span class='ocrx_word' id='word_1_260' title='bbox 1514 1047 1609 1080; x_wconf 83' lang='grc' dir='ltr'>λέγων,</span> 
     </span>
    </p>
   </div>
   <div class='ocr_carea' id='block_1_39' title="bbox 269 1079 1732 1128">
    <p class='ocr_par' dir='ltr' id='par_1_39' title="bbox 269 1079 1732 1128">
     <span class='ocr_line' id='line_1_39' title="bbox 269 1079 1732 1128; baseline 0.012 -25"><span class='ocrx_word' id='word_1_261' title='bbox 269 1079 351 1109; x_wconf 84' lang='lat' dir='ltr'><strong>:nala,</strong></span> <span class='ocrx_word' id='word_1_262' title='bbox 364 1085 424 1112; x_wconf 62' lang='lat' dir='ltr'><strong>quae</strong></span> <span class='ocrx_word' id='word_1_263' title='bbox 440 1079 576 1106; x_wconf 83' lang='lat' dir='ltr'><strong>contraria</strong></span> <span class='ocrx_word' id='word_1_264' title='bbox 591 1088 597 1106; x_wconf 91' lang='lat'>:</span> <span class='ocrx_word' id='word_1_265' title='bbox 616 1080 662 1114; x_wconf 88' lang='lat' dir='ltr'><strong>qui</strong></span> <span class='ocrx_word' id='word_1_266' title='bbox 677 1088 741 1107; x_wconf 86' lang='lat' dir='ltr'><strong>vero</strong></span> <span class='ocrx_word' id='word_1_267' title='bbox 753 1081 836 1109; x_wconf 91' lang='lat' dir='ltr'><strong>animi</strong></span> <span class='ocrx_word' id='word_1_268' title='bbox 853 1090 946 1110; x_wconf 90' lang='lat' dir='ltr'><strong>curam</strong></span> <span class='ocrx_word' id='word_1_269' title='bbox 960 1091 992 1111; x_wconf 88' lang='lat' dir='ltr'><strong>ac</strong></span> <span class='ocrx_word' id='word_1_270' title='bbox 1005 1085 1136 1115; x_wconf 89' lang='lat' dir='ltr'><strong>rationem</strong></span> <span class='ocrx_word' id='word_1_271' title='bbox 1155 1089 1281 1119; x_wconf 82' lang='lat' dir='ltr'><strong>habeant.</strong></span> <span class='ocrx_word' id='word_1_272' title='bbox 1295 1079 1395 1126; x_wconf 88' lang='lat' dir='ltr'><strong>oppido</strong></span> <span class='ocrx_word' id='word_1_273' title='bbox 1406 1079 1496 1126; x_wconf 76' lang='lat' dir='ltr'><strong>pauci.</strong></span> <span class='ocrx_word' id='word_1_274' title='bbox 1518 1102 1528 1119; x_wconf 77' lang='grc' dir='ltr'><strong>ι</strong></span> <span class='ocrx_word' id='word_1_275' title='bbox 1542 1079 1580 1120; x_wconf 72' lang='lat' dir='ltr'><strong>Ac</strong></span> <span class='ocrx_word' id='word_1_276' title='bbox 1595 1092 1732 1128; x_wconf 86' lang='lat' dir='ltr'><strong>deinceps.</strong></span> 
     </span>
    </p>
   </div>
   <div class='ocr_carea' id='block_1_40' title="bbox 553 1145 760 1173">
    <p class='ocr_par' dir='ltr' id='par_1_40' title="bbox 553 1145 760 1173">
     <span class='ocr_line' id='line_1_40' title="bbox 553 1145 760 1173; baseline 0.005 -1"><span class='ocrx_word' id='word_1_277' title='bbox 553 1145 668 1173; x_wconf 77' lang='lat' dir='ltr'><strong>CAPUT</strong></span> <span class='ocrx_word' id='word_1_278' title='bbox 691 1145 760 1173; x_wconf 73' lang='lat' dir='ltr'><strong>XIX.</strong></span> 
     </span>
    </p>
   </div>
   <div class='ocr_carea' id='block_1_41' title="bbox 320 1190 1000 1229">
    <p class='ocr_par' dir='ltr' id='par_1_41' title="bbox 320 1190 1000 1229">
     <span class='ocr_line' id='line_1_41' title="bbox 320 1190 1000 1229; baseline 0.007 -12"><span class='ocrx_word' id='word_1_279' title='bbox 320 1190 481 1225; x_wconf 71' lang='lat' dir='ltr'><strong>Prmpotenli</strong></span> <span class='ocrx_word' id='word_1_280' title='bbox 498 1192 545 1218; x_wconf 83' lang='lat' dir='ltr'><strong>uni</strong></span> <span class='ocrx_word' id='word_1_281' title='bbox 570 1192 623 1219; x_wconf 87' lang='lat' dir='ltr'><strong>Deo</strong></span> <span class='ocrx_word' id='word_1_282' title='bbox 645 1194 780 1220; x_wconf 82' lang='lat' dir='ltr'><strong>addiclum</strong></span> <span class='ocrx_word' id='word_1_283' title='bbox 801 1202 858 1221; x_wconf 84' lang='lat' dir='ltr'><strong>esse</strong></span> <span class='ocrx_word' id='word_1_284' title='bbox 873 1200 1000 1229; x_wconf 81' lang='lat' dir='ltr'><strong>oportere.</strong></span> 
     </span>
    </p>
   </div>
   <div class='ocr_carea' id='block_1_42' title="bbox 300 1235 1055 1272">
    <p class='ocr_par' dir='ltr' id='par_1_42' title="bbox 300 1235 1055 1272">
     <span class='ocr_line' id='line_1_42' title="bbox 300 1235 1055 1272; baseline 0.011 -11"><span class='ocrx_word' id='word_1_285' title='bbox 300 1245 309 1261; x_wconf 82' lang='grc' dir='ltr'><strong>ι</strong></span> <span class='ocrx_word' id='word_1_286' title='bbox 322 1235 513 1270; x_wconf 78' lang='lat' dir='ltr'><strong>Nohisautem,</strong></span> <span class='ocrx_word' id='word_1_287' title='bbox 521 1238 617 1272; x_wconf 85' lang='lat' dir='ltr'><strong>inquit,</strong></span> <span class='ocrx_word' id='word_1_288' title='bbox 627 1239 753 1267; x_wconf 88' lang='lat' dir='ltr'><strong>omnibus</strong></span> <span class='ocrx_word' id='word_1_289' title='bbox 763 1240 921 1268; x_wconf 78' lang='lat' dir='ltr'><strong>hocviribus</strong></span> <span class='ocrx_word' id='word_1_290' title='bbox 931 1242 1055 1269; x_wconf 89' lang='lat' dir='ltr'><strong>laboran-</strong></span> 
     </span>
    </p>
   </div>
   <div class='ocr_carea' id='block_1_43' title="bbox 266 1281 1052 1322">
    <p class='ocr_par' dir='ltr' id='par_1_43' title="bbox 266 1281 1052 1322">
     <span class='ocr_line' id='line_1_43' title="bbox 266 1281 1052 1322; baseline 0.01 -15"><span class='ocrx_word' id='word_1_291' title='bbox 266 1282 330 1308; x_wconf 88' lang='lat' dir='ltr'><strong>dum</strong></span> <span class='ocrx_word' id='word_1_292' title='bbox 343 1281 404 1314; x_wconf 75' lang='lat' dir='ltr'><strong>erit,</strong></span> <span class='ocrx_word' id='word_1_293' title='bbox 422 1282 489 1309; x_wconf 86' lang='lat' dir='ltr'><strong>nihil</strong></span> <span class='ocrx_word' id='word_1_294' title='bbox 504 1288 534 1309; x_wconf 91' lang='lat' dir='ltr'><strong>ut</strong></span> <span class='ocrx_word' id='word_1_295' title='bbox 548 1284 630 1310; x_wconf 83' lang='lat' dir='ltr'><strong>rebus</strong></span> <span class='ocrx_word' id='word_1_296' title='bbox 641 1284 712 1317; x_wconf 75' lang='lat' dir='ltr'><strong>istis,</strong></span> <span class='ocrx_word' id='word_1_297' title='bbox 726 1293 795 1320; x_wconf 87' lang='lat' dir='ltr'><strong>quas</strong></span> <span class='ocrx_word' id='word_1_298' title='bbox 813 1286 850 1313; x_wconf 93' lang='lat' dir='ltr'><strong>illi</strong></span> <span class='ocrx_word' id='word_1_299' title='bbox 866 1288 1052 1322; x_wconf 86' lang='lat' dir='ltr'><strong>suppeditant,</strong></span> 
     </span>
    </p>
   </div>
   <div class='ocr_carea' id='block_1_44' title="bbox 265 1329 1049 1366">
    <p class='ocr_par' dir='ltr' id='par_1_44' title="bbox 265 1329 1049 1366">
     <span class='ocr_line' id='line_1_44' title="bbox 265 1329 1049 1366; baseline 0.009 -13"><span class='ocrx_word' id='word_1_300' title='bbox 265 1335 395 1363; x_wconf 78' lang='lat' dir='ltr'><strong>egeamus</strong></span> <span class='ocrx_word' id='word_1_301' title='bbox 413 1337 419 1354; x_wconf 89' lang='lat'>:</span> <span class='ocrx_word' id='word_1_302' title='bbox 436 1329 481 1355; x_wconf 93' lang='lat' dir='ltr'><strong>sed</strong></span> <span class='ocrx_word' id='word_1_303' title='bbox 495 1329 585 1364; x_wconf 88' lang='lat' dir='ltr'><strong>potius</strong></span> <span class='ocrx_word' id='word_1_304' title='bbox 602 1334 632 1356; x_wconf 89' lang='lat' dir='ltr'><strong>ut</strong></span> <span class='ocrx_word' id='word_1_305' title='bbox 644 1331 736 1357; x_wconf 85' lang='lat' dir='ltr'><strong>animo</strong></span> <span class='ocrx_word' id='word_1_306' title='bbox 746 1331 828 1358; x_wconf 88' lang='lat' dir='ltr'><strong>simul</strong></span> <span class='ocrx_word' id='word_1_307' title='bbox 845 1339 876 1359; x_wconf 88' lang='lat' dir='ltr'><strong>ac</strong></span> <span class='ocrx_word' id='word_1_308' title='bbox 888 1333 1004 1366; x_wconf 60' lang='lat' dir='ltr'><strong>caeteris,</strong></span> <span class='ocrx_word' id='word_1_309' title='bbox 1017 1333 1049 1360; x_wconf 92' lang='lat' dir='ltr'><strong>ad</strong></span> 
     </span>
    </p>
   </div>
   <div class='ocr_carea' id='block_1_45' title="bbox 266 1373 1049 1413">
    <p class='ocr_par' dir='ltr' id='par_1_45' title="bbox 266 1373 1049 1413">
     <span class='ocr_line' id='line_1_45' title="bbox 266 1373 1049 1413; baseline 0.008 -13"><span class='ocrx_word' id='word_1_310' title='bbox 266 1373 313 1400; x_wconf 79' lang='lat' dir='ltr'><strong>Dei</strong></span> <span class='ocrx_word' id='word_1_311' title='bbox 326 1374 446 1409; x_wconf 88' lang='lat' dir='ltr'><strong>quidem,</strong></span> <span class='ocrx_word' id='word_1_312' title='bbox 463 1379 607 1408; x_wconf 87' lang='lat' dir='ltr'><strong>eteorum,</strong></span> <span class='ocrx_word' id='word_1_313' title='bbox 620 1377 666 1411; x_wconf 91' lang='lat' dir='ltr'><strong>qui</strong></span> <span class='ocrx_word' id='word_1_314' title='bbox 685 1376 739 1404; x_wconf 88' lang='lat' dir='ltr'><strong>Deo</strong></span> <span class='ocrx_word' id='word_1_315' title='bbox 756 1378 964 1413; x_wconf 90' lang='lat' dir='ltr'><strong>propinquiores</strong></span> <span class='ocrx_word' id='word_1_316' title='bbox 975 1383 1049 1413; x_wconf 77' lang='lat' dir='ltr'><strong>sunt,</strong></span> 
     </span>
    </p>
   </div>
   <div class='ocr_carea' id='block_1_46' title="bbox 265 1418 1050 1458">
    <p class='ocr_par' dir='ltr' id='par_1_46' title="bbox 265 1418 1050 1458">
     <span class='ocr_line' id='line_1_46' title="bbox 265 1418 1050 1458; baseline 0.01 -14"><span class='ocrx_word' id='word_1_317' title='bbox 265 1418 444 1447; x_wconf 84' lang='lat' dir='ltr'><strong>imitationem</strong></span> <span class='ocrx_word' id='word_1_318' title='bbox 463 1428 495 1448; x_wconf 86' lang='lat' dir='ltr'><strong>ac</strong></span> <span class='ocrx_word' id='word_1_319' title='bbox 518 1421 738 1456; x_wconf 85' lang='lat' dir='ltr'><strong>similitudinem,</strong></span> <span class='ocrx_word' id='word_1_320' title='bbox 761 1430 894 1458; x_wconf 85' lang='lat' dir='ltr'><strong>quanlum</strong></span> <span class='ocrx_word' id='word_1_321' title='bbox 918 1425 944 1451; x_wconf 94' lang='lat' dir='ltr'><strong>in</strong></span> <span class='ocrx_word' id='word_1_322' title='bbox 970 1426 1050 1453; x_wconf 89' lang='lat' dir='ltr'><strong>nohis</strong></span> 
     </span>
    </p>
   </div>
   <div class='ocr_carea' id='block_1_47' title="bbox 1363 1152 1628 1180">
    <p class='ocr_par' dir='ltr' id='par_1_47' title="bbox 1363 1152 1628 1180">
     <span class='ocr_line' id='line_1_47' title="bbox 1363 1152 1628 1180; baseline 0.008 -2"><span class='ocrx_word' id='word_1_323' title='bbox 1363 1152 1561 1180; x_wconf 77' lang='grc' dir='ltr'><strong>ΚΕΦΑΛΛῙΟΝ</strong></span> <span class='ocrx_word' id='word_1_324' title='bbox 1578 1154 1628 1180; x_wconf 86' lang='grc' dir='ltr'><strong>1Θ¹.</strong></span> 
     </span>
    </p>
   </div>
   <div class='ocr_carea' id='block_1_48' title="bbox 1159 1195 1842 1233">
    <p class='ocr_par' dir='ltr' id='par_1_48' title="bbox 1159 1195 1842 1233">
     <span class='ocr_line' id='line_1_48' title="bbox 1159 1195 1842 1233; baseline 0.009 -12"><span class='ocrx_word' id='word_1_325' title='bbox 1159 1195 1258 1229; x_wconf 82' lang='grc' dir='ltr'>Ὅπως</span> <span class='ocrx_word' id='word_1_326' title='bbox 1271 1196 1446 1225; x_wconf 80' lang='grc' dir='ltr'><strong>ἀνακεῖσθαι</strong></span> <span class='ocrx_word' id='word_1_327' title='bbox 1459 1198 1506 1225; x_wconf 76' lang='grc' dir='ltr'><strong>δεῖ</strong></span> <span class='ocrx_word' id='word_1_328' title='bbox 1517 1198 1555 1231; x_wconf 81' lang='grc' dir='ltr'>τῷ</span> <span class='ocrx_word' id='word_1_329' title='bbox 1571 1199 1619 1225; x_wconf 70' lang='grc' dir='ltr'><strong>ἐπὶ</strong></span> <span class='ocrx_word' id='word_1_330' title='bbox 1636 1199 1755 1226; x_wconf 63' lang='grc' dir='ltr'>πάντων</span> <span class='ocrx_word' id='word_1_331' title='bbox 1772 1200 1842 1233; x_wconf 84' lang='grc' dir='ltr'><strong>Θεῷ.</strong></span> 
     </span>
    </p>
   </div>
   <div class='ocr_carea' id='block_1_49' title="bbox 1141 1241 1891 1281">
    <p class='ocr_par' dir='ltr' id='par_1_49' title="bbox 1141 1241 1891 1281">
     <span class='ocr_line' id='line_1_49' title="bbox 1141 1241 1891 1281; baseline 0.011 -15"><span class='ocrx_word' id='word_1_332' title='bbox 1141 1250 1151 1266; x_wconf 72' lang='grc' dir='ltr'><strong>ι</strong></span> <span class='ocrx_word' id='word_1_333' title='bbox 1178 1241 1274 1277; x_wconf 79' lang='grc' dir='ltr'><strong>Ἡμεῖς</strong></span> <span class='ocrx_word' id='word_1_334' title='bbox 1290 1242 1318 1268; x_wconf 84' lang='grc' dir='ltr'><strong>δὲ</strong></span> <span class='ocrx_word' id='word_1_335' title='bbox 1333 1242 1402 1269; x_wconf 82' lang='grc' dir='ltr'>κατὰ</span> <span class='ocrx_word' id='word_1_336' title='bbox 1420 1243 1535 1279; x_wconf 82' lang='grc' dir='ltr'>δύναμιν</span> <span class='ocrx_word' id='word_1_337' title='bbox 1554 1244 1584 1270; x_wconf 80' lang='grc' dir='ltr'>οὐ</span> <span class='ocrx_word' id='word_1_338' title='bbox 1601 1244 1753 1281; x_wconf 76' lang='grc' dir='ltr'><strong>δεησόμεθα</strong></span> <span class='ocrx_word' id='word_1_339' title='bbox 1770 1243 1806 1272; x_wconf 83' lang='grc' dir='ltr'>ὧν</span> <span class='ocrx_word' id='word_1_340' title='bbox 1820 1244 1891 1274; x_wconf 79' lang='grc' dir='ltr'>οὗτοι</span> 
     </span>
    </p>
   </div>
   <div class='ocr_carea' id='block_1_50' title="bbox 1104 1286 1891 1324">
    <p class='ocr_par' dir='ltr' id='par_1_50' title="bbox 1104 1286 1891 1324">
     <span class='ocr_line' id='line_1_50' title="bbox 1104 1286 1891 1324; baseline 0.009 -12"><span class='ocrx_word' id='word_1_341' title='bbox 1104 1286 1278 1322; x_wconf 79' lang='grc' dir='ltr'><strong>παρέχουσιν·</strong></span> <span class='ocrx_word' id='word_1_342' title='bbox 1293 1287 1349 1313; x_wconf 82' lang='grc' dir='ltr'>ἀλλ’</span> <span class='ocrx_word' id='word_1_343' title='bbox 1361 1287 1392 1314; x_wconf 76' lang='grc' dir='ltr'><strong>ἐκ</strong></span> <span class='ocrx_word' id='word_1_344' title='bbox 1404 1297 1434 1314; x_wconf 83' lang='grc' dir='ltr'>τε</span> <span class='ocrx_word' id='word_1_345' title='bbox 1451 1288 1539 1324; x_wconf 73' lang='grc' dir='ltr'>ψυχῆς</span> <span class='ocrx_word' id='word_1_346' title='bbox 1551 1289 1582 1316; x_wconf 79' lang='grc' dir='ltr'><em>ἐκ</em></span> <span class='ocrx_word' id='word_1_347' title='bbox 1593 1298 1621 1316; x_wconf 85' lang='grc' dir='ltr'>τε</span> <span class='ocrx_word' id='word_1_348' title='bbox 1638 1291 1691 1316; x_wconf 83' lang='grc' dir='ltr'>τῶν</span> <span class='ocrx_word' id='word_1_349' title='bbox 1705 1291 1790 1318; x_wconf 85' lang='grc' dir='ltr'>ἄλλων</span> <span class='ocrx_word' id='word_1_350' title='bbox 1802 1293 1891 1319; x_wconf 61' lang='grc' dir='ltr'>πᾶσαν</span> 
     </span>
    </p>
   </div>
   <div class='ocr_carea' id='block_1_51' title="bbox 1104 1332 1890 1372">
    <p class='ocr_par' dir='ltr' id='par_1_51' title="bbox 1104 1332 1890 1372">
     <span class='ocr_line' id='line_1_51' title="bbox 1104 1332 1890 1372; baseline 0.01 -15"><span class='ocrx_word' id='word_1_351' title='bbox 1104 1332 1221 1367; x_wconf 81' lang='grc' dir='ltr'>σπουδὴν</span> <span class='ocrx_word' id='word_1_352' title='bbox 1237 1332 1385 1368; x_wconf 77' lang='grc' dir='ltr'>ποιούμεθα</span> <span class='ocrx_word' id='word_1_353' title='bbox 1401 1340 1425 1366; x_wconf 73' lang='grc' dir='ltr'>η,</span> <span class='ocrx_word' id='word_1_354' title='bbox 1441 1333 1500 1369; x_wconf 81' lang='grc' dir='ltr'>Θεῴ</span> <span class='ocrx_word' id='word_1_355' title='bbox 1520 1335 1569 1369; x_wconf 80' lang='grc' dir='ltr'><strong>μὲν</strong></span> <span class='ocrx_word' id='word_1_356' title='bbox 1586 1336 1697 1368; x_wconf 77' lang='grc' dir='ltr'>καὶτοῖς</span> <span class='ocrx_word' id='word_1_357' title='bbox 1717 1337 1785 1372; x_wconf 82' lang='grc' dir='ltr'><strong>ἀμφ’</strong></span> <span class='ocrx_word' id='word_1_358' title='bbox 1808 1339 1890 1365; x_wconf 73' lang='grc' dir='ltr'>αὐτὸν</span> 
     </span>
    </p>
   </div>
   <div class='ocr_carea' id='block_1_52' title="bbox 1102 1377 1890 1420">
    <p class='ocr_par' dir='ltr' id='par_1_52' title="bbox 1102 1377 1890 1420">
     <span class='ocr_line' id='line_1_52' title="bbox 1102 1377 1890 1420; baseline 0.01 -17"><span class='ocrx_word' id='word_1_359' title='bbox 1102 1377 1270 1413; x_wconf 78' lang='grc' dir='ltr'>ὁμοιοῦσθαι·</span> <span class='ocrx_word' id='word_1_360' title='bbox 1298 1379 1338 1413; x_wconf 87' lang='grc' dir='ltr'><strong>(ὃ</strong></span> <span class='ocrx_word' id='word_1_361' title='bbox 1354 1379 1386 1415; x_wconf 81' lang='grc' dir='ltr'>δὴ</span> <span class='ocrx_word' id='word_1_362' title='bbox 1415 1380 1520 1414; x_wconf 78' lang='grc' dir='ltr'>γίνεται</span> <span class='ocrx_word' id='word_1_363' title='bbox 1550 1381 1584 1407; x_wconf 73' lang='grc' dir='ltr'>δι’</span> <span class='ocrx_word' id='word_1_364' title='bbox 1605 1382 1737 1415; x_wconf 78' lang='grc' dir='ltr'><strong>ἀπαθείας</strong></span> <span class='ocrx_word' id='word_1_365' title='bbox 1762 1385 1810 1410; x_wconf 72' lang='grc' dir='ltr'><strong>καὶ</strong></span> <span class='ocrx_word' id='word_1_366' title='bbox 1839 1386 1890 1420; x_wconf 75' lang='grc' dir='ltr'><strong>τῆς</strong></span> 
     </span>
    </p>
   </div>
   <div class='ocr_carea' id='block_1_53' title="bbox 1101 1424 1887 1466">
    <p class='ocr_par' dir='ltr' id='par_1_53' title="bbox 1101 1424 1887 1466">
     <span class='ocr_line' id='line_1_53' title="bbox 1101 1424 1887 1466; baseline 0.009 -16"><span class='ocrx_word' id='word_1_367' title='bbox 1101 1425 1166 1460; x_wconf 75' lang='grc' dir='ltr'>περὶ</span> <span class='ocrx_word' id='word_1_368' title='bbox 1189 1424 1242 1452; x_wconf 79' lang='grc' dir='ltr'><strong>τῶν</strong></span> <span class='ocrx_word' id='word_1_369' title='bbox 1274 1424 1357 1457; x_wconf 72' lang='grc' dir='ltr'>ὅντως</span> <span class='ocrx_word' id='word_1_370' title='bbox 1378 1425 1463 1452; x_wconf 69' lang='grc' dir='ltr'>ὄντων</span> <span class='ocrx_word' id='word_1_371' title='bbox 1490 1426 1695 1463; x_wconf 77' lang='grc' dir='ltr'>διηρθρωμένης</span> <span class='ocrx_word' id='word_1_372' title='bbox 1722 1429 1887 1466; x_wconf 73' lang='grc' dir='ltr'>διαλήψεως.</span> 
     </span>
    </p>
   </div>
   <div class='ocr_carea' id='block_1_54' title="bbox 264 1464 1049 1520">
    <p class='ocr_par' dir='ltr' id='par_1_54' title="bbox 264 1464 1049 1504">
     <span class='ocr_line' id='line_1_54' title="bbox 264 1464 1049 1504; baseline 0.01 -14"><span class='ocrx_word' id='word_1_373' title='bbox 264 1464 326 1497; x_wconf 59' lang='lat' dir='ltr'><strong>erit,</strong></span> <span class='ocrx_word' id='word_1_374' title='bbox 342 1466 494 1499; x_wconf 74' lang='lat' dir='ltr'><strong>aspiremus</strong></span> <span class='ocrx_word' id='word_1_375' title='bbox 512 1467 549 1502; x_wconf 89' lang='lat' dir='ltr'><strong>(id</strong></span> <span class='ocrx_word' id='word_1_376' title='bbox 565 1469 636 1502; x_wconf 90' lang='lat' dir='ltr'><strong>quod</strong></span> <span class='ocrx_word' id='word_1_377' title='bbox 650 1469 747 1503; x_wconf 85' lang='lat' dir='ltr'><strong>partim</strong></span> <span class='ocrx_word' id='word_1_378' title='bbox 763 1470 941 1504; x_wconf 83' lang='lat' dir='ltr'><strong>cupiditatum</strong></span> <span class='ocrx_word' id='word_1_379' title='bbox 955 1473 1049 1498; x_wconf 83' lang='lat' dir='ltr'><strong>vacui-</strong></span> 
     </span>
    </p>
   </div>
   <div class='ocr_carea' id='block_1_55' title="bbox 1100 1464 1889 1520">
    <p class='ocr_par' dir='ltr' id='par_1_55' title="bbox 1100 1464 1889 1511">
     <span class='ocr_line' id='line_1_55' title="bbox 1100 1464 1889 1511; baseline 0.01 -16"><span class='ocrx_word' id='word_1_380' title='bbox 1100 1470 1146 1496; x_wconf 77' lang='grc' dir='ltr'>κοιὶ</span> <span class='ocrx_word' id='word_1_381' title='bbox 1159 1470 1226 1505; x_wconf 83' lang='grc' dir='ltr'>πρὸς</span> <span class='ocrx_word' id='word_1_382' title='bbox 1235 1470 1304 1497; x_wconf 78' lang='grc' dir='ltr'>αὐτὰ</span> <span class='ocrx_word' id='word_1_383' title='bbox 1312 1471 1357 1497; x_wconf 68' lang='grc' dir='ltr'><strong>καὶ</strong></span> <span class='ocrx_word' id='word_1_384' title='bbox 1379 1472 1440 1498; x_wconf 70' lang='grc' dir='ltr'>κατ’</span> <span class='ocrx_word' id='word_1_385' title='bbox 1454 1473 1523 1499; x_wconf 78' lang='grc' dir='ltr'><strong>αὐτὰ</strong></span> <span class='ocrx_word' id='word_1_386' title='bbox 1533 1473 1605 1509; x_wconf 83' lang='grc' dir='ltr'><strong>ζωῆς</strong></span> <span class='ocrx_word' id='word_1_387' title='bbox 1619 1474 1709 1509; x_wconf 72' lang='grc'><strong>(55⁵)’)</strong></span> <span class='ocrx_word' id='word_1_388' title='bbox 1722 1464 1847 1511; x_wconf 84' lang='grc' dir='ltr'>πονηροῖς</span> <span class='ocrx_word' id='word_1_389' title='bbox 1861 1477 1889 1503; x_wconf 80' lang='grc' dir='ltr'><strong>δὲ</strong></span> 
     </span>
    </p>
   </div>
   <div class='ocr_carea' id='block_1_56' title="bbox 267 1513 1050 1552">
    <p class='ocr_par' dir='ltr' id='par_1_56' title="bbox 267 1513 1050 1552">
     <span class='ocr_line' id='line_1_56' title="bbox 267 1513 1050 1552; baseline 0.013 -17"><span class='ocrx_word' id='word_1_390' title='bbox 267 1515 330 1543; x_wconf 82' lang='lat' dir='ltr'><strong>late,</strong></span> <span class='ocrx_word' id='word_1_391' title='bbox 344 1513 441 1544; x_wconf 86' lang='lat' dir='ltr'><strong>partim</strong></span> <span class='ocrx_word' id='word_1_392' title='bbox 466 1513 572 1539; x_wconf 84' lang='lat' dir='ltr'><strong>sincera</strong></span> <span class='ocrx_word' id='word_1_393' title='bbox 600 1517 627 1540; x_wconf 84' lang='lat' dir='ltr'><strong>et</strong></span> <span class='ocrx_word' id='word_1_394' title='bbox 651 1514 792 1542; x_wconf 85' lang='lat' dir='ltr'><strong>cnucleata</strong></span> <span class='ocrx_word' id='word_1_395' title='bbox 807 1516 840 1542; x_wconf 84' lang='lat' dir='ltr'><strong>de</strong></span> <span class='ocrx_word' id='word_1_396' title='bbox 854 1516 897 1548; x_wconf 89' lang='lat' dir='ltr'><strong>iis,</strong></span> <span class='ocrx_word' id='word_1_397' title='bbox 916 1525 976 1552; x_wconf 71' lang='lat' dir='ltr'><strong>qua:</strong></span> <span class='ocrx_word' id='word_1_398' title='bbox 989 1525 1050 1545; x_wconf 84' lang='lat' dir='ltr'><strong>vere</strong></span> 
     </span>
    </p>
   </div>
   <div class='ocr_carea' id='block_1_57' title="bbox 264 1557 1048 1597">
    <p class='ocr_par' dir='ltr' id='par_1_57' title="bbox 264 1557 1048 1597">
     <span class='ocr_line' id='line_1_57' title="bbox 264 1557 1048 1597; baseline 0.014 -16"><span class='ocrx_word' id='word_1_399' title='bbox 264 1560 337 1588; x_wconf 69' lang='lat' dir='ltr'><strong>sunt,</strong></span> <span class='ocrx_word' id='word_1_400' title='bbox 359 1557 572 1590; x_wconf 79' lang='lat' dir='ltr'><strong>existimatione,</strong></span> <span class='ocrx_word' id='word_1_401' title='bbox 593 1561 691 1594; x_wconf 88' lang='lat' dir='ltr'><strong>partim</strong></span> <span class='ocrx_word' id='word_1_402' title='bbox 719 1562 780 1589; x_wconf 65' lang='lat' dir='ltr'><strong>vim</strong></span> <span class='ocrx_word' id='word_1_403' title='bbox 797 1563 883 1597; x_wconf 87' lang='lat' dir='ltr'><strong>ipsius</strong></span> <span class='ocrx_word' id='word_1_404' title='bbox 900 1564 934 1590; x_wconf 83' lang='lat' dir='ltr'><strong>ad</strong></span> <span class='ocrx_word' id='word_1_405' title='bbox 954 1571 1048 1592; x_wconf 87' lang='lat' dir='ltr'><strong>eorum</strong></span> 
     </span>
    </p>
   </div>
   <div class='ocr_carea' id='block_1_58' title="bbox 262 1603 1049 1644">
    <p class='ocr_par' dir='ltr' id='par_1_58' title="bbox 262 1603 1049 1644">
     <span class='ocr_line' id='line_1_58' title="bbox 262 1603 1049 1644; baseline 0.014 -17"><span class='ocrx_word' id='word_1_406' title='bbox 262 1603 401 1636; x_wconf 78' lang='lat' dir='ltr'><strong>exemplar</strong></span> <span class='ocrx_word' id='word_1_407' title='bbox 412 1603 628 1632; x_wconf 78' lang='lat' dir='ltr'><strong>conformatione</strong></span> <span class='ocrx_word' id='word_1_408' title='bbox 639 1609 828 1642; x_wconf 86' lang='lat' dir='ltr'><strong>assequemur)</strong></span> <span class='ocrx_word' id='word_1_409' title='bbox 840 1617 847 1641; x_wconf 87' lang='lat'><strong>;</strong></span> <span class='ocrx_word' id='word_1_410' title='bbox 862 1609 1049 1644; x_wconf 89' lang='lat' dir='ltr'><strong>improborum</strong></span> 
     </span>
    </p>
   </div>
   <div class='ocr_carea' id='block_1_59' title="bbox 264 1649 1050 1689">
    <p class='ocr_par' dir='ltr' id='par_1_59' title="bbox 264 1649 1050 1689">
     <span class='ocr_line' id='line_1_59' title="bbox 264 1649 1050 1689; baseline 0.013 -16"><span class='ocrx_word' id='word_1_411' title='bbox 264 1652 352 1674; x_wconf 85' lang='lat' dir='ltr'><strong>autem</strong></span> <span class='ocrx_word' id='word_1_412' title='bbox 365 1649 421 1675; x_wconf 88' lang='lat' dir='ltr'><strong>sive</strong></span> <span class='ocrx_word' id='word_1_413' title='bbox 438 1649 590 1681; x_wconf 85' lang='lat' dir='ltr'><strong>hominum,</strong></span> <span class='ocrx_word' id='word_1_414' title='bbox 608 1651 664 1678; x_wconf 79' lang='lat' dir='ltr'><strong>sive</strong></span> <span class='ocrx_word' id='word_1_415' title='bbox 678 1652 841 1684; x_wconf 57' lang='lat' dir='ltr'><strong>diemonum.</strong></span> <span class='ocrx_word' id='word_1_416' title='bbox 858 1659 939 1689; x_wconf 86' lang='lat' dir='ltr'><strong>atque</strong></span> <span class='ocrx_word' id='word_1_417' title='bbox 960 1657 1050 1683; x_wconf 86' lang='lat' dir='ltr'><strong>omni-</strong></span> 
     </span>
    </p>
   </div>
   <div class='ocr_carea' id='block_1_60' title="bbox 263 1695 1049 1732">
    <p class='ocr_par' dir='ltr' id='par_1_60' title="bbox 263 1695 1049 1732">
     <span class='ocr_line' id='line_1_60' title="bbox 263 1695 1049 1732; baseline 0.013 -12"><span class='ocrx_word' id='word_1_418' title='bbox 263 1702 298 1721; x_wconf 89' lang='lat' dir='ltr'><strong>no</strong></span> <span class='ocrx_word' id='word_1_419' title='bbox 313 1695 438 1729; x_wconf 86' lang='lat' dir='ltr'><strong>quisquis</strong></span> <span class='ocrx_word' id='word_1_420' title='bbox 451 1696 566 1721; x_wconf 85' lang='lat' dir='ltr'><strong>mortale</strong></span> <span class='ocrx_word' id='word_1_421' title='bbox 580 1697 727 1732; x_wconf 82' lang='lat' dir='ltr'><strong>quidquam</strong></span> <span class='ocrx_word' id='word_1_422' title='bbox 740 1704 841 1727; x_wconf 92' lang='lat' dir='ltr'><strong>etcum</strong></span> <span class='ocrx_word' id='word_1_423' title='bbox 858 1703 970 1729; x_wconf 88' lang='lat' dir='ltr'><strong>materia</strong></span> <span class='ocrx_word' id='word_1_424' title='bbox 987 1710 1049 1730; x_wconf 90' lang='lat' dir='ltr'><strong>con-</strong></span> 
     </span>
    </p>
   </div>
   <div class='ocr_carea' id='block_1_61' title="bbox 260 1740 1046 1777">
    <p class='ocr_par' dir='ltr' id='par_1_61' title="bbox 260 1740 1046 1777">
     <span class='ocr_line' id='line_1_61' title="bbox 260 1740 1046 1777; baseline 0.011 -11"><span class='ocrx_word' id='word_1_425' title='bbox 260 1740 383 1774; x_wconf 67' lang='lat' dir='ltr'><strong>iunctum</strong></span> <span class='ocrx_word' id='word_1_426' title='bbox 412 1746 503 1775; x_wconf 79' lang='lat' dir='ltr'><strong>amet,</strong></span> <span class='ocrx_word' id='word_1_427' title='bbox 526 1743 586 1777; x_wconf 86' lang='lat' dir='ltr'><strong>ejus</strong></span> <span class='ocrx_word' id='word_1_428' title='bbox 615 1743 762 1772; x_wconf 85' lang='lat' dir='ltr'><strong>dissimiles</strong></span> <span class='ocrx_word' id='word_1_429' title='bbox 788 1753 849 1774; x_wconf 86' lang='lat' dir='ltr'><strong>esse</strong></span> <span class='ocrx_word' id='word_1_430' title='bbox 878 1748 1046 1776; x_wconf 79' lang='lat' dir='ltr'><strong>Studeamus.</strong></span> 
     </span>
    </p>
   </div>
   <div class='ocr_carea' id='block_1_62' title="bbox 265 1786 1031 1829">
    <p class='ocr_par' dir='ltr' id='par_1_62' title="bbox 265 1786 1031 1829">
     <span class='ocr_line' id='line_1_62' title="bbox 265 1786 1031 1829; baseline 0.012 -16"><span class='ocrx_word' id='word_1_431' title='bbox 265 1786 343 1822; x_wconf 75' lang='lat'><strong>167</strong></span> <span class='ocrx_word' id='word_1_432' title='bbox 367 1788 400 1814; x_wconf 80' lang='lat' dir='ltr'><strong>At</strong></span> <span class='ocrx_word' id='word_1_433' title='bbox 424 1796 489 1816; x_wconf 87' lang='lat' dir='ltr'><strong>vero</strong></span> <span class='ocrx_word' id='word_1_434' title='bbox 506 1790 552 1824; x_wconf 89' lang='lat' dir='ltr'><strong>qui</strong></span> <span class='ocrx_word' id='word_1_435' title='bbox 579 1797 595 1816; x_wconf 83' lang='lat' dir='ltr'><strong>a</strong></span> <span class='ocrx_word' id='word_1_436' title='bbox 615 1791 694 1818; x_wconf 89' lang='lat' dir='ltr'><strong>nobis</strong></span> <span class='ocrx_word' id='word_1_437' title='bbox 709 1792 760 1819; x_wconf 87' lang='lat' dir='ltr'><strong>hoc</strong></span> <span class='ocrx_word' id='word_1_438' title='bbox 776 1793 835 1820; x_wconf 92' lang='lat' dir='ltr'><strong>loco</strong></span> <span class='ocrx_word' id='word_1_439' title='bbox 851 1794 1031 1829; x_wconf 86' lang='lat' dir='ltr'><strong>philosophus</strong></span> 
     </span>
    </p>
   </div>
   <div class='ocr_carea' id='block_1_63' title="bbox 262 1833 1043 1869">
    <p class='ocr_par' dir='ltr' id='par_1_63' title="bbox 262 1833 1043 1869">
     <span class='ocr_line' id='line_1_63' title="bbox 262 1833 1043 1869; baseline 0.013 -11"><span class='ocrx_word' id='word_1_440' title='bbox 262 1833 422 1865; x_wconf 74' lang='lat' dir='ltr'><strong>delineatur,</strong></span> <span class='ocrx_word' id='word_1_441' title='bbox 440 1843 454 1861; x_wconf 91' lang='lat' dir='ltr'><strong>a</strong></span> <span class='ocrx_word' id='word_1_442' title='bbox 473 1843 562 1862; x_wconf 86' lang='lat' dir='ltr'><strong>rerum</strong></span> <span class='ocrx_word' id='word_1_443' title='bbox 585 1837 753 1865; x_wconf 81' lang='lat' dir='ltr'><strong>exteriorum</strong></span> <span class='ocrx_word' id='word_1_444' title='bbox 773 1841 940 1867; x_wconf 84' lang='lat' dir='ltr'><strong>commercio</strong></span> <span class='ocrx_word' id='word_1_445' title='bbox 955 1847 981 1868; x_wconf 93' lang='lat' dir='ltr'><strong>et</strong></span> <span class='ocrx_word' id='word_1_446' title='bbox 1000 1850 1043 1869; x_wconf 80' lang='lat' dir='ltr'><strong>SO-</strong></span> 
     </span>
    </p>
   </div>
   <div class='ocr_carea' id='block_1_64' title="bbox 262 1878 1041 1920">
    <p class='ocr_par' dir='ltr' id='par_1_64' title="bbox 262 1878 1041 1920">
     <span class='ocr_line' id='line_1_64' title="bbox 262 1878 1041 1920; baseline 0.013 -16"><span class='ocrx_word' id='word_1_447' title='bbox 262 1878 359 1906; x_wconf 83' lang='lat' dir='ltr'><strong>cietate</strong></span> <span class='ocrx_word' id='word_1_448' title='bbox 371 1880 521 1914; x_wconf 69' lang='lat' dir='ltr'><strong>seiunctus.</strong></span> <span class='ocrx_word' id='word_1_449' title='bbox 537 1883 615 1910; x_wconf 87' lang='lat' dir='ltr'><strong>abeo</strong></span> <span class='ocrx_word' id='word_1_450' title='bbox 633 1890 681 1910; x_wconf 88' lang='lat' dir='ltr'><strong>nec</strong></span> <span class='ocrx_word' id='word_1_451' title='bbox 697 1884 836 1912; x_wconf 68' lang='lat' dir='ltr'><strong>daemones</strong></span> <span class='ocrx_word' id='word_1_452' title='bbox 854 1886 1041 1920; x_wconf 86' lang='lat' dir='ltr'><strong>sollicitatum,</strong></span> 
     </span>
    </p>
   </div>
   <div class='ocr_carea' id='block_1_65' title="bbox 262 1928 1046 1968">
    <p class='ocr_par' dir='ltr' id='par_1_65' title="bbox 262 1928 1046 1968">
     <span class='ocr_line' id='line_1_65' title="bbox 262 1928 1046 1968; baseline 0.013 -17"><span class='ocrx_word' id='word_1_453' title='bbox 262 1933 312 1952; x_wconf 86' lang='lat' dir='ltr'><strong>nec</strong></span> <span class='ocrx_word' id='word_1_454' title='bbox 335 1931 410 1953; x_wconf 87' lang='lat' dir='ltr'><strong>vates</strong></span> <span class='ocrx_word' id='word_1_455' title='bbox 436 1932 484 1954; x_wconf 85' lang='lat' dir='ltr'><strong>aut</strong></span> <span class='ocrx_word' id='word_1_456' title='bbox 501 1928 660 1956; x_wconf 81' lang='lat' dir='ltr'><strong>animalium</strong></span> <span class='ocrx_word' id='word_1_457' title='bbox 678 1937 740 1957; x_wconf 86' lang='lat' dir='ltr'><strong>exta</strong></span> <span class='ocrx_word' id='word_1_458' title='bbox 759 1932 914 1959; x_wconf 86' lang='lat' dir='ltr'><strong>consultum</strong></span> <span class='ocrx_word' id='word_1_459' title='bbox 930 1933 1046 1968; x_wconf 86' lang='lat' dir='ltr'><strong>iri,jure</strong></span> 
     </span>
    </p>
   </div>
   <div class='ocr_carea' id='block_1_66' title="bbox 261 1972 1046 2011">
    <p class='ocr_par' dir='ltr' id='par_1_66' title="bbox 261 1972 1046 2011">
     <span class='ocr_line' id='line_1_66' title="bbox 261 1972 1046 2011; baseline 0.013 -14"><span class='ocrx_word' id='word_1_460' title='bbox 261 1978 294 1998; x_wconf 82' lang='lat' dir='ltr'><strong>ac</strong></span> <span class='ocrx_word' id='word_1_461' title='bbox 305 1972 402 1999; x_wconf 82' lang='lat' dir='ltr'><strong>merito</strong></span> <span class='ocrx_word' id='word_1_462' title='bbox 421 1978 639 2011; x_wconf 64' lang='lat' dir='ltr'><strong>pronuntiamus.</strong></span> <span class='ocrx_word' id='word_1_463' title='bbox 650 1976 772 2008; x_wconf 83' lang='lat' dir='ltr'><strong>Quorum</strong></span> <span class='ocrx_word' id='word_1_464' title='bbox 787 1978 859 2004; x_wconf 84' lang='lat' dir='ltr'><strong>enim</strong></span> <span class='ocrx_word' id='word_1_465' title='bbox 872 1986 954 2006; x_wconf 83' lang='lat' dir='ltr'><strong>causa</strong></span> <span class='ocrx_word' id='word_1_466' title='bbox 966 1980 1046 2007; x_wconf 85' lang='lat' dir='ltr'><strong>insti-</strong></span> 
     </span>
    </p>
   </div>
   <div class='ocr_carea' id='block_1_67' title="bbox 260 2019 1043 2053">
    <p class='ocr_par' dir='ltr' id='par_1_67' title="bbox 260 2019 1043 2053">
     <span class='ocr_line' id='line_1_67' title="bbox 260 2019 1043 2053; baseline 0.013 -9"><span class='ocrx_word' id='word_1_467' title='bbox 260 2022 318 2045; x_wconf 86' lang='lat' dir='ltr'><strong>tuta</strong></span> <span class='ocrx_word' id='word_1_468' title='bbox 332 2019 463 2046; x_wconf 87' lang='lat' dir='ltr'><strong>divinatio</strong></span> <span class='ocrx_word' id='word_1_469' title='bbox 474 2025 526 2052; x_wconf 85' lang='lat' dir='ltr'><strong>est,</strong></span> <span class='ocrx_word' id='word_1_470' title='bbox 541 2021 573 2048; x_wconf 90' lang='lat' dir='ltr'><strong>iis</strong></span> <span class='ocrx_word' id='word_1_471' title='bbox 590 2022 663 2049; x_wconf 91' lang='lat' dir='ltr'><strong>ultro</strong></span> <span class='ocrx_word' id='word_1_472' title='bbox 674 2023 725 2050; x_wconf 89' lang='lat' dir='ltr'><strong>sibi</strong></span> <span class='ocrx_word' id='word_1_473' title='bbox 737 2025 886 2052; x_wconf 87' lang='lat' dir='ltr'><strong>carendum</strong></span> <span class='ocrx_word' id='word_1_474' title='bbox 907 2027 1043 2053; x_wconf 80' lang='lat' dir='ltr'><strong>statuerit.</strong></span> 
     </span>
    </p>
   </div>
   <div class='ocr_carea' id='block_1_68' title="bbox 259 2064 1044 2107">
    <p class='ocr_par' dir='ltr' id='par_1_68' title="bbox 259 2064 1044 2107">
     <span class='ocr_line' id='line_1_68' title="bbox 259 2064 1044 2107; baseline 0.011 -16"><span class='ocrx_word' id='word_1_475' title='bbox 259 2064 314 2092; x_wconf 79' lang='lat' dir='ltr'><strong>Nec</strong></span> <span class='ocrx_word' id='word_1_476' title='bbox 331 2066 404 2092; x_wconf 91' lang='lat' dir='ltr'><strong>enim</strong></span> <span class='ocrx_word' id='word_1_477' title='bbox 421 2067 448 2093; x_wconf 92' lang='lat' dir='ltr'><strong>in</strong></span> <span class='ocrx_word' id='word_1_478' title='bbox 464 2067 631 2095; x_wconf 84' lang='lat' dir='ltr'><strong>matrimonii</strong></span> <span class='ocrx_word' id='word_1_479' title='bbox 650 2077 710 2097; x_wconf 86' lang='lat' dir='ltr'><strong>sese</strong></span> <span class='ocrx_word' id='word_1_480' title='bbox 736 2070 844 2098; x_wconf 86' lang='lat' dir='ltr'><strong>vincula</strong></span> <span class='ocrx_word' id='word_1_481' title='bbox 859 2073 997 2107; x_wconf 87' lang='lat' dir='ltr'><strong>conjicict,</strong></span> <span class='ocrx_word' id='word_1_482' title='bbox 1017 2079 1044 2100; x_wconf 91' lang='lat' dir='ltr'><strong>ut</strong></span> 
     </span>
    </p>
   </div>
   <div class='ocr_carea' id='block_1_69' title="bbox 259 2110 1042 2150">
    <p class='ocr_par' dir='ltr' id='par_1_69' title="bbox 259 2110 1042 2150">
     <span class='ocr_line' id='line_1_69' title="bbox 259 2110 1042 2150; baseline 0.013 -13"><span class='ocrx_word' id='word_1_483' title='bbox 259 2110 293 2137; x_wconf 87' lang='lat' dir='ltr'><strong>de</strong></span> <span class='ocrx_word' id='word_1_484' title='bbox 305 2111 364 2145; x_wconf 73' lang='lat' dir='ltr'><strong>ejus</strong></span> <span class='ocrx_word' id='word_1_485' title='bbox 378 2119 506 2139; x_wconf 80' lang='lat' dir='ltr'><strong>successu</strong></span> <span class='ocrx_word' id='word_1_486' title='bbox 525 2114 645 2141; x_wconf 90' lang='lat' dir='ltr'><strong>divinum</strong></span> <span class='ocrx_word' id='word_1_487' title='bbox 661 2115 830 2150; x_wconf 88' lang='lat' dir='ltr'><strong>interpellet;</strong></span> <span class='ocrx_word' id='word_1_488' title='bbox 845 2126 895 2145; x_wconf 92' lang='lat' dir='ltr'><strong>nec</strong></span> <span class='ocrx_word' id='word_1_489' title='bbox 906 2124 1042 2147; x_wconf 80' lang='lat' dir='ltr'><strong>mercatu—</strong></span> 
     </span>
    </p>
   </div>
   <div class='ocr_carea' id='block_1_70' title="bbox 1099 1515 1889 1558">
    <p class='ocr_par' dir='ltr' id='par_1_70' title="bbox 1099 1515 1889 1558">
     <span class='ocr_line' id='line_1_70' title="bbox 1099 1515 1889 1558; baseline 0.01 -17"><span class='ocrx_word' id='word_1_490' title='bbox 1099 1515 1252 1552; x_wconf 82' lang='grc' dir='ltr'>ἀνθρώποις</span> <span class='ocrx_word' id='word_1_491' title='bbox 1289 1517 1334 1542; x_wconf 78' lang='grc' dir='ltr'><strong>καὶ</strong></span> <span class='ocrx_word' id='word_1_492' title='bbox 1372 1517 1498 1553; x_wconf 81' lang='grc' dir='ltr'><strong>δαίμοσι,</strong></span> <span class='ocrx_word' id='word_1_493' title='bbox 1536 1519 1584 1545; x_wconf 77' lang='grc' dir='ltr'>καὶ</span> <span class='ocrx_word' id='word_1_494' title='bbox 1624 1520 1692 1552; x_wconf 82' lang='grc' dir='ltr'>ὅλως</span> <span class='ocrx_word' id='word_1_495' title='bbox 1729 1522 1811 1548; x_wconf 75' lang='grc' dir='ltr'>παντὶ</span> <span class='ocrx_word' id='word_1_496' title='bbox 1849 1523 1889 1558; x_wconf 83' lang='grc' dir='ltr'>τῷ</span> 
     </span>
    </p>
   </div>
   <div class='ocr_carea' id='block_1_71' title="bbox 1098 1561 1888 1600">
    <p class='ocr_par' dir='ltr' id='par_1_71' title="bbox 1098 1561 1888 1600">
     <span class='ocr_line' id='line_1_71' title="bbox 1098 1561 1888 1600; baseline 0.009 -13"><span class='ocrx_word' id='word_1_497' title='bbox 1098 1562 1218 1597; x_wconf 73' lang='grc' dir='ltr'>χαίροντι</span> <span class='ocrx_word' id='word_1_498' title='bbox 1249 1561 1288 1597; x_wconf 80' lang='grc' dir='ltr'>τῷ</span> <span class='ocrx_word' id='word_1_499' title='bbox 1319 1562 1407 1598; x_wconf 79' lang='grc' dir='ltr'>θνητῷ</span> <span class='ocrx_word' id='word_1_500' title='bbox 1441 1565 1487 1590; x_wconf 75' lang='grc' dir='ltr'><strong>καὶ</strong></span> <span class='ocrx_word' id='word_1_501' title='bbox 1514 1564 1597 1600; x_wconf 75' lang='grc' dir='ltr'>ὑλικῷ</span> <span class='ocrx_word' id='word_1_502' title='bbox 1620 1566 1818 1600; x_wconf 75' lang='grc' dir='ltr'>ἀνομοιοῦσθαι.</span> <span class='ocrx_word' id='word_1_503' title='bbox 1839 1568 1888 1595; x_wconf 88' lang='grc' dir='ltr'>Ὃν</span> 
     </span>
    </p>
   </div>
   <div class='ocr_carea' id='block_1_72' title="bbox 1097 1608 1888 1648">
    <p class='ocr_par' dir='ltr' id='par_1_72' title="bbox 1097 1608 1888 1648">
     <span class='ocr_line' id='line_1_72' title="bbox 1097 1608 1888 1648; baseline 0.006 -15"><span class='ocrx_word' id='word_1_504' title='bbox 1097 1608 1125 1634; x_wconf 78' lang='grc' dir='ltr'><strong>δὲ</strong></span> <span class='ocrx_word' id='word_1_505' title='bbox 1155 1609 1236 1643; x_wconf 83' lang='grc' dir='ltr'>ἡμεῖς</span> <span class='ocrx_word' id='word_1_506' title='bbox 1264 1608 1317 1643; x_wconf 64' lang='grc'><strong>(55)</strong></span> <span class='ocrx_word' id='word_1_507' title='bbox 1345 1609 1540 1645; x_wconf 73' lang='grc' dir='ltr'>ὑπογράφομεν</span> <span class='ocrx_word' id='word_1_508' title='bbox 1570 1611 1712 1645; x_wconf 64' lang='grc' dir='ltr'>φιλόσοφον</span> <span class='ocrx_word' id='word_1_509' title='bbox 1734 1613 1888 1648; x_wconf 47' lang='lat' dir='ltr'><strong>datatim-</strong></span> 
     </span>
    </p>
   </div>
   <div class='ocr_carea' id='block_1_73' title="bbox 1097 1653 1887 1693">
    <p class='ocr_par' dir='ltr' id='par_1_73' title="bbox 1097 1653 1887 1693">
     <span class='ocr_line' id='line_1_73' title="bbox 1097 1653 1887 1693; baseline 0.008 -14"><span class='ocrx_word' id='word_1_510' title='bbox 1097 1662 1141 1680; x_wconf 87' lang='grc' dir='ltr'><strong>νον</strong></span> <span class='ocrx_word' id='word_1_511' title='bbox 1160 1653 1213 1680; x_wconf 85' lang='grc' dir='ltr'>τῶν</span> <span class='ocrx_word' id='word_1_512' title='bbox 1245 1654 1340 1687; x_wconf 76' lang='grc' dir='ltr'>ἐκτὸς,</span> <span class='ocrx_word' id='word_1_513' title='bbox 1359 1655 1471 1686; x_wconf 75' lang='grc' dir='ltr'><strong>εἰκότως</strong></span> <span class='ocrx_word' id='word_1_514' title='bbox 1488 1656 1577 1691; x_wconf 80' lang='grc' dir='ltr'>φαμὲν</span> <span class='ocrx_word' id='word_1_515' title='bbox 1597 1656 1633 1691; x_wconf 82' lang='grc' dir='ltr'><strong>μὴ</strong></span> <span class='ocrx_word' id='word_1_516' title='bbox 1658 1657 1811 1693; x_wconf 78' lang='grc' dir='ltr'>ἐνοχλήσειν</span> <span class='ocrx_word' id='word_1_517' title='bbox 1827 1658 1887 1685; x_wconf 69' lang='grc' dir='ltr'><strong>δαί-</strong></span> 
     </span>
    </p>
   </div>
   <div class='ocr_carea' id='block_1_74' title="bbox 1098 1700 1887 1739">
    <p class='ocr_par' dir='ltr' id='par_1_74' title="bbox 1098 1700 1887 1739">
     <span class='ocr_line' id='line_1_74' title="bbox 1098 1700 1887 1739; baseline 0.008 -14"><span class='ocrx_word' id='word_1_518' title='bbox 1098 1708 1171 1735; x_wconf 77' lang='grc' dir='ltr'>μοσι,</span> <span class='ocrx_word' id='word_1_519' title='bbox 1202 1700 1268 1735; x_wconf 77' lang='grc' dir='ltr'>μηδὲ</span> <span class='ocrx_word' id='word_1_520' title='bbox 1301 1701 1421 1735; x_wconf 76' lang='grc' dir='ltr'>μάντεων</span> <span class='ocrx_word' id='word_1_521' title='bbox 1446 1701 1606 1736; x_wconf 77' lang='grc' dir='ltr'>δεήσεσθαι,</span> <span class='ocrx_word' id='word_1_522' title='bbox 1634 1703 1701 1737; x_wconf 73' lang='grc' dir='ltr'><strong>μηδὲ</strong></span> <span class='ocrx_word' id='word_1_523' title='bbox 1725 1703 1887 1739; x_wconf 73' lang='grc' dir='ltr'>σπλάγχνων</span> 
     </span>
    </p>
   </div>
   <div class='ocr_carea' id='block_1_75' title="bbox 1097 1742 1885 1784">
    <p class='ocr_par' dir='ltr' id='par_1_75' title="bbox 1097 1742 1885 1784">
     <span class='ocr_line' id='line_1_75' title="bbox 1097 1742 1885 1784; baseline 0.006 -14"><span class='ocrx_word' id='word_1_524' title='bbox 1097 1743 1183 1776; x_wconf 80' lang='grc' dir='ltr'>ζώων.</span> <span class='ocrx_word' id='word_1_525' title='bbox 1202 1742 1250 1770; x_wconf 84' lang='grc' dir='ltr'>Ὧν</span> <span class='ocrx_word' id='word_1_526' title='bbox 1267 1744 1320 1780; x_wconf 75' lang='grc' dir='ltr'>γὰρ</span> <span class='ocrx_word' id='word_1_527' title='bbox 1333 1745 1413 1772; x_wconf 73' lang='grc' dir='ltr'>ἕνεκα</span> <span class='ocrx_word' id='word_1_528' title='bbox 1428 1746 1455 1772; x_wconf 85' lang='grc' dir='ltr'><strong>αἱ</strong></span> <span class='ocrx_word' id='word_1_529' title='bbox 1474 1748 1612 1781; x_wconf 64' lang='grc' dir='ltr'>μαντεῖαι,</span> <span class='ocrx_word' id='word_1_530' title='bbox 1629 1747 1730 1773; x_wconf 78' lang='grc' dir='ltr'>τούτων</span> <span class='ocrx_word' id='word_1_531' title='bbox 1743 1746 1819 1780; x_wconf 72' lang='grc' dir='ltr'>οὗτος</span> <span class='ocrx_word' id='word_1_532' title='bbox 1835 1758 1885 1784; x_wconf 67' lang='grc' dir='ltr'><strong>με-</strong></span> 
     </span>
    </p>
   </div>
   <div class='ocr_carea' id='block_1_76' title="bbox 1101 1790 1883 1830">
    <p class='ocr_par' dir='ltr' id='par_1_76' title="bbox 1101 1790 1883 1830">
     <span class='ocr_line' id='line_1_76' title="bbox 1101 1790 1883 1830; baseline 0.008 -15"><span class='ocrx_word' id='word_1_533' title='bbox 1101 1790 1217 1825; x_wconf 80' lang='grc' dir='ltr'>μέληκεν</span> <span class='ocrx_word' id='word_1_534' title='bbox 1232 1790 1405 1825; x_wconf 70' lang='grc' dir='ltr'>ἀφίστασθαι.</span> <span class='ocrx_word' id='word_1_535' title='bbox 1423 1791 1490 1817; x_wconf 67' lang='grc' dir='ltr'><strong>Οὔτε</strong></span> <span class='ocrx_word' id='word_1_536' title='bbox 1507 1791 1560 1827; x_wconf 73' lang='grc' dir='ltr'>γὰρ</span> <span class='ocrx_word' id='word_1_537' title='bbox 1582 1793 1622 1823; x_wconf 76' lang='grc' dir='ltr'><strong>εἰς</strong></span> <span class='ocrx_word' id='word_1_538' title='bbox 1643 1793 1730 1828; x_wconf 83' lang='grc' dir='ltr'>γάμον</span> <span class='ocrx_word' id='word_1_539' title='bbox 1747 1794 1883 1830; x_wconf 66' lang='grc' dir='ltr'>καθίησιν,</span> 
     </span>
    </p>
   </div>
   <div class='ocr_carea' id='block_1_77' title="bbox 1100 1834 1884 1873">
    <p class='ocr_par' dir='ltr' id='par_1_77' title="bbox 1100 1834 1884 1873">
     <span class='ocr_line' id='line_1_77' title="bbox 1100 1834 1884 1873; baseline 0.006 -13"><span class='ocrx_word' id='word_1_540' title='bbox 1100 1834 1142 1860; x_wconf 79' lang='grc' dir='ltr'>ἵνα</span> <span class='ocrx_word' id='word_1_541' title='bbox 1160 1835 1223 1869; x_wconf 83' lang='grc' dir='ltr'>περὶ</span> <span class='ocrx_word' id='word_1_542' title='bbox 1242 1834 1330 1870; x_wconf 83' lang='grc' dir='ltr'>γάμου</span> <span class='ocrx_word' id='word_1_543' title='bbox 1347 1835 1385 1870; x_wconf 82' lang='grc' dir='ltr'>τῷ</span> <span class='ocrx_word' id='word_1_544' title='bbox 1402 1835 1495 1870; x_wconf 77' lang='grc' dir='ltr'>μάντει</span> <span class='ocrx_word' id='word_1_545' title='bbox 1510 1836 1640 1873; x_wconf 73' lang='grc' dir='ltr'>ἐνοχλήσῃ</span> <span class='ocrx_word' id='word_1_546' title='bbox 1651 1845 1657 1852; x_wconf 84' lang='grc'><em>’</em></span> <span class='ocrx_word' id='word_1_547' title='bbox 1676 1838 1725 1864; x_wconf 80' lang='grc' dir='ltr'><strong>οὐχ</strong></span> <span class='ocrx_word' id='word_1_548' title='bbox 1741 1839 1780 1870; x_wconf 75' lang='grc' dir='ltr'><strong>εἰς</strong></span> <span class='ocrx_word' id='word_1_549' title='bbox 1795 1840 1884 1873; x_wconf 79' lang='grc' dir='ltr'>ἐμπο-</span> 
     </span>
    </p>
   </div>
   <div class='ocr_carea' id='block_1_78' title="bbox 1095 1881 1884 1920">
    <p class='ocr_par' dir='ltr' id='par_1_78' title="bbox 1095 1881 1884 1920">
     <span class='ocr_line' id='line_1_78' title="bbox 1095 1881 1884 1920; baseline 0.008 -14"><span class='ocrx_word' id='word_1_550' title='bbox 1095 1881 1165 1916; x_wconf 80' lang='grc' dir='ltr'>ρίαν,</span> <span class='ocrx_word' id='word_1_551' title='bbox 1183 1881 1213 1907; x_wconf 82' lang='grc' dir='ltr'>οὐ</span> <span class='ocrx_word' id='word_1_552' title='bbox 1231 1881 1294 1917; x_wconf 78' lang='grc' dir='ltr'><strong>περὶ</strong></span> <span class='ocrx_word' id='word_1_553' title='bbox 1309 1882 1424 1913; x_wconf 78' lang='grc' dir='ltr'>οἰκέτου,</span> <span class='ocrx_word' id='word_1_554' title='bbox 1441 1882 1469 1908; x_wconf 80' lang='grc' dir='ltr'>οὐ</span> <span class='ocrx_word' id='word_1_555' title='bbox 1484 1883 1546 1918; x_wconf 72' lang='grc' dir='ltr'>περὶ</span> <span class='ocrx_word' id='word_1_556' title='bbox 1560 1883 1662 1918; x_wconf 79' lang='grc' dir='ltr'>κλοπῆς</span> <span class='ocrx_word' id='word_1_557' title='bbox 1674 1884 1698 1915; x_wconf 69' lang='grc' dir='ltr'><strong>ὶι,</strong></span> <span class='ocrx_word' id='word_1_558' title='bbox 1714 1886 1760 1911; x_wconf 76' lang='grc' dir='ltr'><strong>καὶ</strong></span> <span class='ocrx_word' id='word_1_559' title='bbox 1773 1885 1821 1920; x_wconf 82' lang='grc' dir='ltr'><strong>τῆς</strong></span> <span class='ocrx_word' id='word_1_560' title='bbox 1837 1885 1884 1912; x_wconf 70' lang='grc' dir='ltr'><strong>ἄλ·-</strong></span> 
     </span>
    </p>
   </div>
   <div class='ocr_carea' id='block_1_79' title="bbox 1093 1925 1881 1965">
    <p class='ocr_par' dir='ltr' id='par_1_79' title="bbox 1093 1925 1881 1965">
     <span class='ocr_line' id='line_1_79' title="bbox 1093 1925 1881 1965; baseline 0.006 -14"><span class='ocrx_word' id='word_1_561' title='bbox 1093 1925 1141 1960; x_wconf 78' lang='grc' dir='ltr'><strong>λης</strong></span> <span class='ocrx_word' id='word_1_562' title='bbox 1164 1926 1238 1962; x_wconf 73' lang='grc' dir='ltr'>παρὰ</span> <span class='ocrx_word' id='word_1_563' title='bbox 1255 1926 1408 1962; x_wconf 80' lang='grc' dir='ltr'>ἀνθρώποις</span> <span class='ocrx_word' id='word_1_564' title='bbox 1424 1927 1592 1960; x_wconf 80' lang='grc' dir='ltr'>δοξοκοπίας.</span> <span class='ocrx_word' id='word_1_565' title='bbox 1610 1929 1676 1964; x_wconf 78' lang='grc' dir='ltr'>Περὶ</span> <span class='ocrx_word' id='word_1_566' title='bbox 1696 1926 1733 1955; x_wconf 86' lang='grc' dir='ltr'>ὧν</span> <span class='ocrx_word' id='word_1_567' title='bbox 1752 1929 1779 1956; x_wconf 84' lang='grc' dir='ltr'><strong>δὲ</strong></span> <span class='ocrx_word' id='word_1_568' title='bbox 1794 1930 1881 1965; x_wconf 79' lang='grc' dir='ltr'><strong>ζητεῖ,</strong></span> 
     </span>
    </p>
   </div>
   <div class='ocr_carea' id='block_1_80' title="bbox 1095 1972 1882 2010">
    <p class='ocr_par' dir='ltr' id='par_1_80' title="bbox 1095 1972 1882 2010">
     <span class='ocr_line' id='line_1_80' title="bbox 1095 1972 1882 2010; baseline 0.008 -13"><span class='ocrx_word' id='word_1_569' title='bbox 1095 1972 1191 2007; x_wconf 76' lang='grc' dir='ltr'>μάντις</span> <span class='ocrx_word' id='word_1_570' title='bbox 1211 1972 1260 2007; x_wconf 78' lang='grc' dir='ltr'><strong>μὲν</strong></span> <span class='ocrx_word' id='word_1_571' title='bbox 1276 1973 1371 2005; x_wconf 69' lang='grc' dir='ltr'><strong>οὐδεὶς,</strong></span> <span class='ocrx_word' id='word_1_572' title='bbox 1390 1973 1449 1999; x_wconf 68' lang='grc' dir='ltr'><strong>οὐδὲ</strong></span> <span class='ocrx_word' id='word_1_573' title='bbox 1472 1973 1612 2009; x_wconf 77' lang='grc' dir='ltr'>σπλάγχνα.</span> <span class='ocrx_word' id='word_1_574' title='bbox 1628 1973 1703 2005; x_wconf 83' lang='grc' dir='ltr'>ζώων</span> <span class='ocrx_word' id='word_1_575' title='bbox 1720 1975 1834 2010; x_wconf 78' lang='grc' dir='ltr'><strong>μηνύσει</strong></span> <span class='ocrx_word' id='word_1_576' title='bbox 1852 1976 1882 2003; x_wconf 78' lang='grc' dir='ltr'><strong>τὺ</strong></span> 
     </span>
    </p>
   </div>
   <div class='ocr_carea' id='block_1_81' title="bbox 1094 2018 1881 2058">
    <p class='ocr_par' dir='ltr' id='par_1_81' title="bbox 1094 2018 1881 2058">
     <span class='ocr_line' id='line_1_81' title="bbox 1094 2018 1881 2058; baseline 0.008 -15"><span class='ocrx_word' id='word_1_577' title='bbox 1094 2018 1195 2052; x_wconf 64' lang='grc' dir='ltr'>σαφές·</span> <span class='ocrx_word' id='word_1_578' title='bbox 1212 2018 1292 2050; x_wconf 82' lang='grc' dir='ltr'>αὐτὸς</span> <span class='ocrx_word' id='word_1_579' title='bbox 1312 2018 1338 2044; x_wconf 78' lang='grc' dir='ltr'>δὲ</span> <span class='ocrx_word' id='word_1_580' title='bbox 1355 2018 1388 2045; x_wconf 79' lang='grc' dir='ltr'><strong>δι’</strong></span> <span class='ocrx_word' id='word_1_581' title='bbox 1411 2018 1517 2052; x_wconf 76' lang='grc' dir='ltr'>ἑαυτοῦ,</span> <span class='ocrx_word' id='word_1_582' title='bbox 1540 2019 1577 2051; x_wconf 84' lang='grc' dir='ltr'><strong>ὡς</strong></span> <span class='ocrx_word' id='word_1_583' title='bbox 1593 2020 1738 2056; x_wconf 60' lang='grc' dir='ltr'>ἐλέγομεν,</span> <span class='ocrx_word' id='word_1_584' title='bbox 1760 2023 1881 2058; x_wconf 80' lang='grc' dir='ltr'>προσιὼν</span> 
     </span>
    </p>
   </div>
   <div class='ocr_carea' id='block_1_82' title="bbox 1092 2064 1879 2104">
    <p class='ocr_par' dir='ltr' id='par_1_82' title="bbox 1092 2064 1879 2104">
     <span class='ocr_line' id='line_1_82' title="bbox 1092 2064 1879 2104; baseline 0.006 -14"><span class='ocrx_word' id='word_1_585' title='bbox 1092 2064 1129 2099; x_wconf 81' lang='grc' dir='ltr'><strong>τῷ</strong></span> <span class='ocrx_word' id='word_1_586' title='bbox 1143 2064 1212 2100; x_wconf 84' lang='grc' dir='ltr'>Θεῷ,</span> <span class='ocrx_word' id='word_1_587' title='bbox 1224 2065 1252 2096; x_wconf 82' lang='grc' dir='ltr'><strong>ὂς</strong></span> <span class='ocrx_word' id='word_1_588' title='bbox 1269 2066 1297 2092; x_wconf 83' lang='grc' dir='ltr'>ὲν</span> <span class='ocrx_word' id='word_1_589' title='bbox 1311 2067 1366 2097; x_wconf 81' lang='grc' dir='ltr'>τοῖς</span> <span class='ocrx_word' id='word_1_590' title='bbox 1379 2065 1514 2101; x_wconf 75' lang='grc' dir='ltr'>ἀληθινοῖς</span> <span class='ocrx_word' id='word_1_591' title='bbox 1529 2066 1610 2093; x_wconf 73' lang='grc' dir='ltr'>αὐτοῦ</span> <span class='ocrx_word' id='word_1_592' title='bbox 1628 2067 1791 2103; x_wconf 84' lang='grc' dir='ltr'>σπλάγχνοις</span> <span class='ocrx_word' id='word_1_593' title='bbox 1805 2069 1879 2104; x_wconf 78' lang='grc' dir='ltr'>ἵδρυ-</span> 
     </span>
    </p>
   </div>
   <div class='ocr_carea' id='block_1_83' title="bbox 1092 2110 1878 2149">
    <p class='ocr_par' dir='ltr' id='par_1_83' title="bbox 1092 2110 1878 2149">
     <span class='ocr_line' id='line_1_83' title="bbox 1092 2110 1878 2149; baseline 0.006 -13"><span class='ocrx_word' id='word_1_594' title='bbox 1092 2119 1152 2142; x_wconf 79' lang='grc' dir='ltr'>ται,</span> <span class='ocrx_word' id='word_1_595' title='bbox 1172 2110 1296 2146; x_wconf 76' lang='grc' dir='ltr'>περὶτοῦ</span> <span class='ocrx_word' id='word_1_596' title='bbox 1319 2111 1427 2138; x_wconf 78' lang='grc' dir='ltr'>αἰωνίου</span> <span class='ocrx_word' id='word_1_597' title='bbox 1446 2111 1504 2146; x_wconf 77' lang='grc' dir='ltr'>βίου</span> <span class='ocrx_word' id='word_1_598' title='bbox 1519 2111 1632 2148; x_wconf 70' lang='grc' dir='ltr'>λήψεται</span> <span class='ocrx_word' id='word_1_599' title='bbox 1656 2114 1704 2145; x_wconf 77' lang='grc' dir='ltr'><strong>τὰς</strong></span> <span class='ocrx_word' id='word_1_600' title='bbox 1728 2113 1878 2149; x_wconf 68' lang='grc' dir='ltr'>ὑποθήκας,</span> 
     </span>
    </p>
   </div>
   <div class='ocr_carea' id='block_1_84' title="bbox 259 2156 1049 2200">
    <p class='ocr_par' dir='ltr' id='par_1_84' title="bbox 259 2156 1042 2200">
     <span class='ocr_line' id='line_1_84' title="bbox 259 2156 1042 2200; baseline 0.014 -18"><span class='ocrx_word' id='word_1_601' title='bbox 259 2163 317 2183; x_wconf 84' lang='lat' dir='ltr'><strong>ram</strong></span> <span class='ocrx_word' id='word_1_602' title='bbox 333 2156 483 2192; x_wconf 78' lang='lat' dir='ltr'><strong>factitabit;</strong></span> <span class='ocrx_word' id='word_1_603' title='bbox 497 2167 547 2186; x_wconf 90' lang='lat' dir='ltr'><strong>nec</strong></span> <span class='ocrx_word' id='word_1_604' title='bbox 561 2159 594 2186; x_wconf 90' lang='lat' dir='ltr'><strong>de</strong></span> <span class='ocrx_word' id='word_1_605' title='bbox 604 2161 727 2194; x_wconf 89' lang='lat' dir='ltr'><strong>servitio,</strong></span> <span class='ocrx_word' id='word_1_606' title='bbox 743 2170 792 2189; x_wconf 84' lang='lat' dir='ltr'><strong>nec</strong></span> <span class='ocrx_word' id='word_1_607' title='bbox 803 2163 836 2189; x_wconf 91' lang='lat' dir='ltr'><strong>de</strong></span> <span class='ocrx_word' id='word_1_608' title='bbox 850 2171 931 2198; x_wconf 88' lang='lat' dir='ltr'><strong>opum</strong></span> <span class='ocrx_word' id='word_1_609' title='bbox 945 2166 1042 2200; x_wconf 84' lang='lat' dir='ltr'><strong>ampli-</strong></span> 
     </span>
    </p>
   </div>
   <div class='ocr_carea' id='block_1_85' title="bbox 1100 2156 1515 2200">
    <p class='ocr_par' dir='ltr' id='par_1_85' title="bbox 1100 2157 1515 2194">
     <span class='ocr_line' id='line_1_85' title="bbox 1100 2157 1515 2194; baseline 0.005 -12"><span class='ocrx_word' id='word_1_610' title='bbox 1100 2157 1160 2183; x_wconf 71' lang='grc' dir='ltr'>Ξλωε</span> <span class='ocrx_word' id='word_1_611' title='bbox 1176 2157 1231 2193; x_wconf 76' lang='grc'>(55)</span> <span class='ocrx_word' id='word_1_612' title='bbox 1249 2158 1307 2184; x_wconf 81' lang='grc' dir='ltr'><strong>ἐκεῖ</strong></span> <span class='ocrx_word' id='word_1_613' title='bbox 1324 2157 1484 2194; x_wconf 72' lang='grc' dir='ltr'>συρρεύσας.</span> <span class='ocrx_word' id='word_1_614' title='bbox 1505 2167 1515 2184; x_wconf 76' lang='grc' dir='ltr'><strong>ι</strong></span> 
     </span>
    </p>
   </div>
   <div class='ocr_carea' id='block_1_86' title="bbox 260 2201 1043 2240">
    <p class='ocr_par' dir='ltr' id='par_1_86' title="bbox 260 2201 1043 2240">
     <span class='ocr_line' id='line_1_86' title="bbox 260 2201 1043 2240; baseline 0.014 -12"><span class='ocrx_word' id='word_1_615' title='bbox 260 2201 396 2235; x_wconf 79' lang='lat' dir='ltr'><strong>licatioue,</strong></span> <span class='ocrx_word' id='word_1_616' title='bbox 415 2211 464 2230; x_wconf 83' lang='lat' dir='ltr'><strong>uec</strong></span> <span class='ocrx_word' id='word_1_617' title='bbox 477 2205 510 2231; x_wconf 84' lang='lat' dir='ltr'><strong>de</strong></span> <span class='ocrx_word' id='word_1_618' title='bbox 526 2205 631 2240; x_wconf 87' lang='lat' dir='ltr'><strong>reliquo</strong></span> <span class='ocrx_word' id='word_1_619' title='bbox 647 2206 772 2235; x_wconf 75' lang='lat' dir='ltr'><strong>humanze</strong></span> <span class='ocrx_word' id='word_1_620' title='bbox 783 2210 843 2236; x_wconf 75' lang='lat' dir='ltr'><strong>vita:</strong></span> <span class='ocrx_word' id='word_1_621' title='bbox 855 2209 925 2237; x_wconf 77' lang='lat' dir='ltr'><strong>fastu</strong></span> <span class='ocrx_word' id='word_1_622' title='bbox 942 2219 1043 2240; x_wconf 89' lang='lat' dir='ltr'><strong>consu-</strong></span> 
     </span>
    </p>
   </div>
   <div class='ocr_carea' id='block_1_87' title="bbox 258 2249 1878 2298">
    <p class='ocr_par' dir='ltr' id='par_1_87' title="bbox 258 2249 1878 2298">
     <span class='ocr_line' id='line_1_87' title="bbox 258 2249 1878 2298; baseline 0.009 -23"><span class='ocrx_word' id='word_1_623' title='bbox 258 2249 304 2275; x_wconf 79' lang='lat' dir='ltr'><strong>let.</strong></span> <span class='ocrx_word' id='word_1_624' title='bbox 321 2249 426 2282; x_wconf 84' lang='lat' dir='ltr'><strong>Quibus</strong></span> <span class='ocrx_word' id='word_1_625' title='bbox 441 2255 530 2277; x_wconf 85' lang='lat' dir='ltr'><strong>autem</strong></span> <span class='ocrx_word' id='word_1_626' title='bbox 544 2251 576 2278; x_wconf 90' lang='lat' dir='ltr'><strong>de</strong></span> <span class='ocrx_word' id='word_1_627' title='bbox 588 2252 669 2279; x_wconf 84' lang='lat' dir='ltr'><strong>rebus</strong></span> <span class='ocrx_word' id='word_1_628' title='bbox 681 2252 740 2286; x_wconf 85' lang='lat' dir='ltr'><strong>ipse</strong></span> <span class='ocrx_word' id='word_1_629' title='bbox 751 2255 917 2288; x_wconf 65' lang='lat' dir='ltr'><strong>quaasiturus</strong></span> <span class='ocrx_word' id='word_1_630' title='bbox 945 2263 996 2291; x_wconf 87' lang='lat' dir='ltr'><strong>est,</strong></span> <span class='ocrx_word' id='word_1_631' title='bbox 1015 2250 1076 2288; x_wconf 53' lang='grc' dir='ltr'>ἰιεο</span> <span class='ocrx_word' id='word_1_632' title='bbox 1096 2265 1172 2288; x_wconf 83' lang='lat' dir='ltr'><strong>vates</strong></span> <span class='ocrx_word' id='word_1_633' title='bbox 1193 2262 1275 2294; x_wconf 84' lang='lat' dir='ltr'><strong>ultus,</strong></span> <span class='ocrx_word' id='word_1_634' title='bbox 1291 2268 1340 2288; x_wconf 84' lang='lat' dir='ltr'><strong>nec</strong></span> <span class='ocrx_word' id='word_1_635' title='bbox 1355 2260 1536 2288; x_wconf 81' lang='lat' dir='ltr'><strong>animantium</strong></span> <span class='ocrx_word' id='word_1_636' title='bbox 1555 2266 1617 2288; x_wconf 79' lang='lat' dir='ltr'><strong>exta</strong></span> <span class='ocrx_word' id='word_1_637' title='bbox 1638 2261 1704 2289; x_wconf 86' lang='lat' dir='ltr'><strong>certi</strong></span> <span class='ocrx_word' id='word_1_638' title='bbox 1731 2262 1878 2298; x_wconf 86' lang='lat' dir='ltr'><strong>quidquam</strong></span> 
     </span>
    </p>
   </div>
   <div class='ocr_carea' id='block_1_88' title="bbox 258 2296 1880 2343">
    <p class='ocr_par' dir='ltr' id='par_1_88' title="bbox 258 2296 1880 2343">
     <span class='ocr_line' id='line_1_88' title="bbox 258 2296 1880 2343; baseline 0.009 -21"><span class='ocrx_word' id='word_1_639' title='bbox 258 2297 388 2332; x_wconf 85' lang='lat' dir='ltr'><strong>aperient.</strong></span> <span class='ocrx_word' id='word_1_640' title='bbox 410 2296 485 2324; x_wconf 88' lang='lat' dir='ltr'><strong>Unus</strong></span> <span class='ocrx_word' id='word_1_641' title='bbox 508 2298 553 2325; x_wconf 91' lang='lat' dir='ltr'><strong>ille</strong></span> <span class='ocrx_word' id='word_1_642' title='bbox 578 2307 625 2333; x_wconf 89' lang='lat' dir='ltr'><strong>per</strong></span> <span class='ocrx_word' id='word_1_643' title='bbox 648 2301 777 2335; x_wconf 83' lang='lat' dir='ltr'><strong>seipsum,</strong></span> <span class='ocrx_word' id='word_1_644' title='bbox 805 2307 835 2329; x_wconf 86' lang='lat' dir='ltr'><strong>ut</strong></span> <span class='ocrx_word' id='word_1_645' title='bbox 855 2303 988 2338; x_wconf 75' lang='lat' dir='ltr'><strong>diximus,</strong></span> <span class='ocrx_word' id='word_1_646' title='bbox 1003 2307 1036 2334; x_wconf 87' lang='lat' dir='ltr'><strong>ad</strong></span> <span class='ocrx_word' id='word_1_647' title='bbox 1058 2308 1152 2341; x_wconf 91' lang='lat' dir='ltr'><strong>Deum,</strong></span> <span class='ocrx_word' id='word_1_648' title='bbox 1188 2307 1233 2343; x_wconf 83' lang='lat' dir='ltr'><strong>qui</strong></span> <span class='ocrx_word' id='word_1_649' title='bbox 1252 2308 1343 2335; x_wconf 83' lang='lat' dir='ltr'><strong>sedem</strong></span> <span class='ocrx_word' id='word_1_650' title='bbox 1373 2308 1445 2335; x_wconf 86' lang='lat' dir='ltr'><strong>veris</strong></span> <span class='ocrx_word' id='word_1_651' title='bbox 1461 2308 1486 2335; x_wconf 90' lang='lat' dir='ltr'><strong>in</strong></span> <span class='ocrx_word' id='word_1_652' title='bbox 1517 2308 1668 2337; x_wconf 85' lang='lat' dir='ltr'><strong>visceribus</strong></span> <span class='ocrx_word' id='word_1_653' title='bbox 1682 2309 1739 2336; x_wconf 89' lang='lat' dir='ltr'><strong>suis</strong></span> <span class='ocrx_word' id='word_1_654' title='bbox 1753 2309 1820 2342; x_wconf 75' lang='lat' dir='ltr'><strong>fixit,</strong></span> <span class='ocrx_word' id='word_1_655' title='bbox 1839 2309 1880 2336; x_wconf 93' lang='lat' dir='ltr'><strong>ul-</strong></span> 
     </span>
    </p>
   </div>
   <div class='ocr_carea' id='block_1_89' title="bbox 260 2344 1469 2389">
    <p class='ocr_par' dir='ltr' id='par_1_89' title="bbox 260 2344 1469 2389">
     <span class='ocr_line' id='line_1_89' title="bbox 260 2344 1469 2389; baseline 0.009 -19"><span class='ocrx_word' id='word_1_656' title='bbox 260 2349 301 2371; x_wconf 91' lang='lat' dir='ltr'><strong>tro</strong></span> <span class='ocrx_word' id='word_1_657' title='bbox 313 2344 433 2377; x_wconf 75' lang='lat' dir='ltr'><strong>accedet,</strong></span> <span class='ocrx_word' id='word_1_658' title='bbox 448 2352 536 2380; x_wconf 84' lang='lat' dir='ltr'><strong>eoque</strong></span> <span class='ocrx_word' id='word_1_659' title='bbox 550 2350 622 2373; x_wconf 83' lang='lat' dir='ltr'><strong>totus</strong></span> <span class='ocrx_word' id='word_1_660' title='bbox 639 2347 789 2381; x_wconf 86' lang='lat' dir='ltr'><strong>conﬂuens,</strong></span> <span class='ocrx_word' id='word_1_661' title='bbox 806 2349 926 2377; x_wconf 89' lang='lat' dir='ltr'><strong>indidem</strong></span> <span class='ocrx_word' id='word_1_662' title='bbox 939 2357 1046 2382; x_wconf 68' lang='lat' dir='ltr'><strong>aeternae</strong></span> <span class='ocrx_word' id='word_1_663' title='bbox 1064 2356 1126 2382; x_wconf 70' lang='lat' dir='ltr'><strong>vita:</strong></span> <span class='ocrx_word' id='word_1_664' title='bbox 1142 2355 1337 2389; x_wconf 65' lang='lat' dir='ltr'><strong>prmceptiones</strong></span> <span class='ocrx_word' id='word_1_665' title='bbox 1352 2354 1469 2381; x_wconf 82' lang='lat' dir='ltr'><strong>hauriet.</strong></span> 
     </span>
    </p>
   </div>
   <div class='ocr_carea' id='block_1_90' title="bbox 293 2389 1037 2430">
    <p class='ocr_par' dir='ltr' id='par_1_90' title="bbox 293 2389 1037 2430">
     <span class='ocr_line' id='line_1_90' title="bbox 293 2389 1037 2430; baseline 0.013 -15"><span class='ocrx_word' id='word_1_666' title='bbox 293 2389 349 2417; x_wconf 82' lang='lat' dir='ltr'><strong>llac</strong></span> <span class='ocrx_word' id='word_1_667' title='bbox 367 2390 448 2424; x_wconf 77' lang='lat' dir='ltr'><strong>igitur</strong></span> <span class='ocrx_word' id='word_1_668' title='bbox 464 2398 497 2417; x_wconf 74' lang='lat' dir='ltr'><strong>ex</strong></span> <span class='ocrx_word' id='word_1_669' title='bbox 510 2390 651 2426; x_wconf 80' lang='lat' dir='ltr'><strong>Porphyrii</strong></span> <span class='ocrx_word' id='word_1_670' title='bbox 666 2392 848 2427; x_wconf 89' lang='lat' dir='ltr'><strong>disputatione</strong></span> <span class='ocrx_word' id='word_1_671' title='bbox 861 2396 964 2430; x_wconf 86' lang='lat' dir='ltr'><strong>liquido</strong></span> <span class='ocrx_word' id='word_1_672' title='bbox 976 2407 1037 2425; x_wconf 85' lang='lat' dir='ltr'><strong>con-</strong></span> 
     </span>
    </p>
   </div>
   <div class='ocr_carea' id='block_1_91' title="bbox 256 2437 1040 2478">
    <p class='ocr_par' dir='ltr' id='par_1_91' title="bbox 256 2437 1040 2478">
     <span class='ocr_line' id='line_1_91' title="bbox 256 2437 1040 2478; baseline 0.013 -17"><span class='ocrx_word' id='word_1_673' title='bbox 256 2439 320 2466; x_wconf 75' lang='lat' dir='ltr'><strong>stat,</strong></span> <span class='ocrx_word' id='word_1_674' title='bbox 334 2437 434 2470; x_wconf 83' lang='lat' dir='ltr'><strong>quibus</strong></span> <span class='ocrx_word' id='word_1_675' title='bbox 450 2437 560 2464; x_wconf 83' lang='lat' dir='ltr'><strong>tandem</strong></span> <span class='ocrx_word' id='word_1_676' title='bbox 584 2443 611 2464; x_wconf 87' lang='lat' dir='ltr'><strong>et</strong></span> <span class='ocrx_word' id='word_1_677' title='bbox 632 2439 839 2467; x_wconf 85' lang='lat' dir='ltr'><strong>vaticinationes</strong></span> <span class='ocrx_word' id='word_1_678' title='bbox 852 2461 859 2474; x_wconf 93' lang='lat'><strong>,</strong></span> <span class='ocrx_word' id='word_1_679' title='bbox 884 2446 912 2468; x_wconf 84' lang='lat' dir='ltr'><strong>et</strong></span> <span class='ocrx_word' id='word_1_680' title='bbox 931 2445 1040 2478; x_wconf 86' lang='lat' dir='ltr'><strong>aruspi-</strong></span> 
     </span>
    </p>
   </div>
   <div class='ocr_carea' id='block_1_92' title="bbox 257 2480 1041 2520">
    <p class='ocr_par' dir='ltr' id='par_1_92' title="bbox 257 2480 1041 2520">
     <span class='ocr_line' id='line_1_92' title="bbox 257 2480 1041 2520; baseline 0.013 -14"><span class='ocrx_word' id='word_1_681' title='bbox 257 2480 357 2514; x_wconf 80' lang='lat' dir='ltr'><strong>cinam,</strong></span> <span class='ocrx_word' id='word_1_682' title='bbox 374 2487 400 2508; x_wconf 90' lang='lat' dir='ltr'><strong>et</strong></span> <span class='ocrx_word' id='word_1_683' title='bbox 420 2482 479 2510; x_wconf 84' lang='lat' dir='ltr'><strong>illas</strong></span> <span class='ocrx_word' id='word_1_684' title='bbox 496 2490 603 2514; x_wconf 83' lang='lat' dir='ltr'><strong>omnes.</strong></span> <span class='ocrx_word' id='word_1_685' title='bbox 623 2491 692 2518; x_wconf 90' lang='lat' dir='ltr'><strong>quas</strong></span> <span class='ocrx_word' id='word_1_686' title='bbox 708 2486 805 2520; x_wconf 76' lang='lat' dir='ltr'><strong>vulgus</strong></span> <span class='ocrx_word' id='word_1_687' title='bbox 821 2486 973 2515; x_wconf 84' lang='lat' dir='ltr'><strong>admiratur</strong></span> <span class='ocrx_word' id='word_1_688' title='bbox 997 2498 1041 2516; x_wconf 82' lang='lat' dir='ltr'><strong>re-</strong></span> 
     </span>
    </p>
   </div>
   <div class='ocr_carea' id='block_1_93' title="bbox 257 2527 1037 2568">
    <p class='ocr_par' dir='ltr' id='par_1_93' title="bbox 257 2527 1037 2568">
     <span class='ocr_line' id='line_1_93' title="bbox 257 2527 1037 2568; baseline 0.013 -16"><span class='ocrx_word' id='word_1_689' title='bbox 257 2533 318 2552; x_wconf 85' lang='lat' dir='ltr'><strong>rum</strong></span> <span class='ocrx_word' id='word_1_690' title='bbox 339 2527 517 2555; x_wconf 86' lang='lat' dir='ltr'><strong>obscurarum</strong></span> <span class='ocrx_word' id='word_1_691' title='bbox 544 2530 733 2563; x_wconf 66' lang='lat' dir='ltr'><strong>praedictiones</strong></span> <span class='ocrx_word' id='word_1_692' title='bbox 747 2532 886 2566; x_wconf 76' lang='lat' dir='ltr'><strong>assignare</strong></span> <span class='ocrx_word' id='word_1_693' title='bbox 905 2539 1037 2568; x_wconf 83' lang='lat' dir='ltr'><strong>oporteat.</strong></span> 
     </span>
    </p>
   </div>
   <div class='ocr_carea' id='block_1_94' title="bbox 258 2570 1038 2612">
    <p class='ocr_par' dir='ltr' id='par_1_94' title="bbox 258 2570 1038 2612">
     <span class='ocr_line' id='line_1_94' title="bbox 258 2570 1038 2612; baseline 0.012 -15"><span class='ocrx_word' id='word_1_694' title='bbox 258 2570 319 2598; x_wconf 77' lang='lat' dir='ltr'><strong>Haec</strong></span> <span class='ocrx_word' id='word_1_695' title='bbox 341 2572 384 2599; x_wconf 89' lang='lat' dir='ltr'><strong>ille</strong></span> <span class='ocrx_word' id='word_1_696' title='bbox 408 2574 498 2600; x_wconf 89' lang='lat' dir='ltr'><strong>omnia</strong></span> <span class='ocrx_word' id='word_1_697' title='bbox 512 2574 611 2602; x_wconf 79' lang='lat' dir='ltr'><strong>fastum</strong></span> <span class='ocrx_word' id='word_1_698' title='bbox 627 2575 791 2611; x_wconf 83' lang='lat' dir='ltr'><strong>inanemque</strong></span> <span class='ocrx_word' id='word_1_699' title='bbox 807 2586 933 2612; x_wconf 91' lang='lat' dir='ltr'><strong>pompam</strong></span> <span class='ocrx_word' id='word_1_700' title='bbox 950 2580 1038 2606; x_wconf 86' lang='lat' dir='ltr'><strong>nomi-</strong></span> 
     </span>
    </p>
   </div>
   <div class='ocr_carea' id='block_1_95' title="bbox 257 2619 1038 2654">
    <p class='ocr_par' dir='ltr' id='par_1_95' title="bbox 257 2619 1038 2654">
     <span class='ocr_line' id='line_1_95' title="bbox 257 2619 1038 2654; baseline 0.012 -11"><span class='ocrx_word' id='word_1_701' title='bbox 257 2623 334 2648; x_wconf 82' lang='lat' dir='ltr'><strong>nans,</strong></span> <span class='ocrx_word' id='word_1_702' title='bbox 354 2622 483 2652; x_wconf 84' lang='lat' dir='ltr'><strong>tanquam</strong></span> <span class='ocrx_word' id='word_1_703' title='bbox 497 2619 682 2654; x_wconf 87' lang='lat' dir='ltr'><strong>improborum</strong></span> <span class='ocrx_word' id='word_1_704' title='bbox 700 2622 853 2650; x_wconf 66' lang='lat' dir='ltr'><strong>daemonum</strong></span> <span class='ocrx_word' id='word_1_705' title='bbox 867 2628 925 2652; x_wconf 88' lang='lat' dir='ltr'><strong>arte</strong></span> <span class='ocrx_word' id='word_1_706' title='bbox 941 2633 974 2652; x_wconf 89' lang='lat' dir='ltr'><strong>ac</strong></span> <span class='ocrx_word' id='word_1_707' title='bbox 997 2625 1038 2651; x_wconf 90' lang='lat' dir='ltr'><strong>vi-</strong></span> 
     </span>
    </p>
   </div>
   <div class='ocr_carea' id='block_1_96' title="bbox 1129 2399 1879 2436">
    <p class='ocr_par' dir='ltr' id='par_1_96' title="bbox 1129 2399 1879 2436">
     <span class='ocr_line' id='line_1_96' title="bbox 1129 2399 1879 2436; baseline 0.003 -11"><span class='ocrx_word' id='word_1_708' title='bbox 1129 2400 1288 2434; x_wconf 79' lang='grc' dir='ltr'>Σαφέστατα</span> <span class='ocrx_word' id='word_1_709' title='bbox 1309 2399 1340 2435; x_wconf 86' lang='grc' dir='ltr'><strong>δὴ</strong></span> <span class='ocrx_word' id='word_1_710' title='bbox 1360 2399 1404 2426; x_wconf 83' lang='grc' dir='ltr'>διὰ</span> <span class='ocrx_word' id='word_1_711' title='bbox 1420 2399 1521 2426; x_wconf 75' lang='grc' dir='ltr'>τούτων</span> <span class='ocrx_word' id='word_1_712' title='bbox 1534 2400 1548 2426; x_wconf 85' lang='grc' dir='ltr'>ὁ</span> <span class='ocrx_word' id='word_1_713' title='bbox 1564 2400 1640 2434; x_wconf 74' lang='grc' dir='ltr'>λόγος</span> <span class='ocrx_word' id='word_1_714' title='bbox 1661 2401 1784 2436; x_wconf 71' lang='grc' dir='ltr'><strong>ἐξέφηνε,</strong></span> <span class='ocrx_word' id='word_1_715' title='bbox 1800 2401 1879 2428; x_wconf 75' lang='grc' dir='ltr'>τίνων</span> 
     </span>
    </p>
   </div>
   <div class='ocr_carea' id='block_1_97' title="bbox 1092 2445 1880 2481">
    <p class='ocr_par' dir='ltr' id='par_1_97' title="bbox 1092 2445 1880 2481">
     <span class='ocr_line' id='line_1_97' title="bbox 1092 2445 1880 2481; baseline 0.001 -10"><span class='ocrx_word' id='word_1_716' title='bbox 1092 2446 1216 2480; x_wconf 76' lang='grc' dir='ltr'>ἡγεῖσθαι</span> <span class='ocrx_word' id='word_1_717' title='bbox 1238 2445 1291 2481; x_wconf 86' lang='grc' dir='ltr'>χρὴ</span> <span class='ocrx_word' id='word_1_718' title='bbox 1306 2445 1339 2472; x_wconf 71' lang='grc' dir='ltr'>τὰ</span> <span class='ocrx_word' id='word_1_719' title='bbox 1357 2447 1479 2480; x_wconf 74' lang='grc' dir='ltr'><strong>μαντεῖα,</strong></span> <span class='ocrx_word' id='word_1_720' title='bbox 1496 2446 1542 2472; x_wconf 63' lang='grc' dir='ltr'><strong>καὶ</strong></span> <span class='ocrx_word' id='word_1_721' title='bbox 1564 2446 1612 2477; x_wconf 80' lang='grc' dir='ltr'><strong>τὰς</strong></span> <span class='ocrx_word' id='word_1_722' title='bbox 1633 2446 1677 2472; x_wconf 76' lang='grc' dir='ltr'>διὰ</span> <span class='ocrx_word' id='word_1_723' title='bbox 1698 2447 1747 2481; x_wconf 84' lang='grc' dir='ltr'>τῆς</span> <span class='ocrx_word' id='word_1_724' title='bbox 1767 2446 1880 2481; x_wconf 69' lang='grc' dir='ltr'>θυτικῆς</span> 
     </span>
    </p>
   </div>
   <div class='ocr_carea' id='block_1_98' title="bbox 1090 2491 1879 2526">
    <p class='ocr_par' dir='ltr' id='par_1_98' title="bbox 1090 2491 1879 2526">
     <span class='ocr_line' id='line_1_98' title="bbox 1090 2491 1879 2526; baseline 0.001 -9"><span class='ocrx_word' id='word_1_725' title='bbox 1090 2492 1249 2526; x_wconf 76' lang='grc' dir='ltr'>ἐρωτήσεις,</span> <span class='ocrx_word' id='word_1_726' title='bbox 1269 2491 1318 2521; x_wconf 82' lang='grc' dir='ltr'><strong>τάς</strong></span> <span class='ocrx_word' id='word_1_727' title='bbox 1333 2499 1363 2517; x_wconf 82' lang='grc' dir='ltr'>τε</span> <span class='ocrx_word' id='word_1_728' title='bbox 1383 2492 1458 2525; x_wconf 71' lang='grc' dir='ltr'>παρὰ</span> <span class='ocrx_word' id='word_1_729' title='bbox 1475 2492 1530 2522; x_wconf 80' lang='grc' dir='ltr'>τοῖς</span> <span class='ocrx_word' id='word_1_730' title='bbox 1547 2491 1652 2523; x_wconf 78' lang='grc' dir='ltr'>πολλοῖς</span> <span class='ocrx_word' id='word_1_731' title='bbox 1669 2491 1879 2526; x_wconf 64' lang='grc' dir='ltr'>Θαυμαζομένας</span> 
     </span>
    </p>
   </div>
   <div class='ocr_carea' id='block_1_99' title="bbox 1094 2534 1877 2571">
    <p class='ocr_par' dir='ltr' id='par_1_99' title="bbox 1094 2534 1877 2571">
     <span class='ocr_line' id='line_1_99' title="bbox 1094 2534 1877 2571; baseline 0.004 -11"><span class='ocrx_word' id='word_1_732' title='bbox 1094 2535 1157 2570; x_wconf 73' lang='grc' dir='ltr'>περὶ</span> <span class='ocrx_word' id='word_1_733' title='bbox 1173 2535 1226 2560; x_wconf 79' lang='grc' dir='ltr'>τῶν</span> <span class='ocrx_word' id='word_1_734' title='bbox 1243 2535 1347 2570; x_wconf 81' lang='grc' dir='ltr'>ἀδήλων</span> <span class='ocrx_word' id='word_1_735' title='bbox 1363 2534 1539 2570; x_wconf 78' lang='grc' dir='ltr'>προγνώσεις.</span> <span class='ocrx_word' id='word_1_736' title='bbox 1554 2535 1644 2562; x_wconf 82' lang='grc' dir='ltr'>Ταῦτα</span> <span class='ocrx_word' id='word_1_737' title='bbox 1660 2536 1714 2571; x_wconf 74' lang='grc' dir='ltr'>γὰρ</span> <span class='ocrx_word' id='word_1_738' title='bbox 1732 2536 1818 2563; x_wconf 82' lang='grc' dir='ltr'>πάντα</span> <span class='ocrx_word' id='word_1_739' title='bbox 1834 2537 1877 2562; x_wconf 78' lang='grc' dir='ltr'>δο-</span> 
     </span>
    </p>
   </div>
   <div class='ocr_carea' id='block_1_100' title="bbox 1093 2580 1877 2617">
    <p class='ocr_par' dir='ltr' id='par_1_100' title="bbox 1093 2580 1877 2617">
     <span class='ocr_line' id='line_1_100' title="bbox 1093 2580 1877 2617; baseline 0.004 -11"><span class='ocrx_word' id='word_1_740' title='bbox 1093 2580 1222 2614; x_wconf 74' lang='grc' dir='ltr'><strong>ξοκοπίας</strong></span> <span class='ocrx_word' id='word_1_741' title='bbox 1239 2581 1358 2616; x_wconf 73' lang='grc' dir='ltr'>ὀνόματα</span> <span class='ocrx_word' id='word_1_742' title='bbox 1375 2586 1400 2613; x_wconf 75' lang='grc' dir='ltr'><strong>ε,</strong></span> <span class='ocrx_word' id='word_1_743' title='bbox 1422 2580 1459 2612; x_wconf 83' lang='grc' dir='ltr'><strong>ὡς</strong></span> <span class='ocrx_word' id='word_1_744' title='bbox 1480 2581 1512 2608; x_wconf 82' lang='grc' dir='ltr'><strong>ἂν</strong></span> <span class='ocrx_word' id='word_1_745' title='bbox 1532 2581 1583 2609; x_wconf 63' lang='grc' dir='ltr'><strong>ὑπὸ</strong></span> <span class='ocrx_word' id='word_1_746' title='bbox 1599 2582 1732 2616; x_wconf 79' lang='grc' dir='ltr'>δαιμόνων</span> <span class='ocrx_word' id='word_1_747' title='bbox 1753 2583 1877 2617; x_wconf 79' lang='grc' dir='ltr'>πονηρῶν</span> 
     </span>
    </p>
   </div>
   <div class='ocr_carea' id='block_1_101' title="bbox 1092 2626 1877 2664">
    <p class='ocr_par' dir='ltr' id='par_1_101' title="bbox 1092 2626 1877 2664">
     <span class='ocr_line' id='line_1_101' title="bbox 1092 2626 1877 2664; baseline 0.003 -11"><span class='ocrx_word' id='word_1_748' title='bbox 1092 2627 1313 2662; x_wconf 69' lang='grc' dir='ltr'>ἐνεργουμέναςά</span> <span class='ocrx_word' id='word_1_749' title='bbox 1331 2626 1487 2654; x_wconf 72' lang='grc' dir='ltr'>ἀποϐάλλει.</span> <span class='ocrx_word' id='word_1_750' title='bbox 1514 2627 1566 2654; x_wconf 88' lang='grc' dir='ltr'><strong>Τὸν</strong></span> <span class='ocrx_word' id='word_1_751' title='bbox 1590 2627 1654 2662; x_wconf 81' lang='grc' dir='ltr'>γοῦν</span> <span class='ocrx_word' id='word_1_752' title='bbox 1682 2629 1746 2664; x_wconf 78' lang='grc' dir='ltr'>περὶ</span> <span class='ocrx_word' id='word_1_753' title='bbox 1770 2628 1877 2663; x_wconf 77' lang='grc' dir='ltr'>φαύλων</span> 
     </span>
    </p>
   </div>
   <div class='ocr_carea' id='block_1_102' title="bbox 291 2699 1459 2743">
    <p class='ocr_par' dir='ltr' id='par_1_102' title="bbox 291 2699 1459 2743">
     <span class='ocr_line' id='line_1_102' title="bbox 291 2699 1459 2743; baseline 0.009 -20"><span class='ocrx_word' id='word_1_754' title='bbox 291 2703 305 2718; x_wconf 83' lang='grc' dir='ltr'>ι</span> <span class='ocrx_word' id='word_1_755' title='bbox 325 2699 368 2725; x_wconf 67' lang='lat' dir='ltr'><strong>lc.</strong></span> <span class='ocrx_word' id='word_1_756' title='bbox 383 2699 560 2735; x_wconf 78' lang='grc' dir='ltr'><strong>ποιησόμεθα.</strong></span> <span class='ocrx_word' id='word_1_757' title='bbox 598 2703 612 2722; x_wconf 78' lang='lat' dir='ltr'><strong>b</strong></span> <span class='ocrx_word' id='word_1_758' title='bbox 631 2702 694 2730; x_wconf 87' lang='lat' dir='ltr'><strong>Por.</strong></span> <span class='ocrx_word' id='word_1_759' title='bbox 709 2705 859 2740; x_wconf 83' lang='grc' dir='ltr'>προκοπῆς.</span> <span class='ocrx_word' id='word_1_760' title='bbox 899 2710 910 2724; x_wconf 72' lang='grc' dir='ltr'>ε</span> <span class='ocrx_word' id='word_1_761' title='bbox 932 2713 976 2740; x_wconf 67' lang='lat' dir='ltr'><strong>ne.</strong></span> <span class='ocrx_word' id='word_1_762' title='bbox 993 2705 1138 2741; x_wconf 67' lang='grc' dir='ltr'>ὀνομάσας.</span> <span class='ocrx_word' id='word_1_763' title='bbox 1177 2706 1190 2725; x_wconf 71' lang='grc' dir='ltr'><strong><em>ἀ</em></strong></span> <span class='ocrx_word' id='word_1_764' title='bbox 1211 2707 1253 2734; x_wconf 82' lang='grc' dir='ltr'><strong>ἵσ.</strong></span> <span class='ocrx_word' id='word_1_765' title='bbox 1267 2706 1459 2743; x_wconf 78' lang='grc' dir='ltr'>ἐνεργούμενα.</span> 
     </span>
    </p>
   </div>
   <div class='ocr_carea' id='block_1_103' title="bbox 292 2767 1039 2807">
    <p class='ocr_par' dir='ltr' id='par_1_103' title="bbox 292 2767 1039 2807">
     <span class='ocr_line' id='line_1_103' title="bbox 292 2767 1039 2807; baseline 0.008 -13"><span class='ocrx_word' id='word_1_766' title='bbox 292 2767 348 2803; x_wconf 78' lang='lat'><strong>(55)</strong></span> <span class='ocrx_word' id='word_1_767' title='bbox 361 2768 409 2794; x_wconf 86' lang='grc' dir='ltr'><strong>Διὸ</strong></span> <span class='ocrx_word' id='word_1_768' title='bbox 422 2771 558 2807; x_wconf 56' lang='grc' dir='ltr'><strong>(ζυηετός.</strong></span> <span class='ocrx_word' id='word_1_769' title='bbox 571 2770 713 2807; x_wconf 83' lang='lat' dir='ltr'><strong>Porphyrii</strong></span> <span class='ocrx_word' id='word_1_770' title='bbox 736 2773 812 2800; x_wconf 83' lang='lat' dir='ltr'><strong>locus</strong></span> <span class='ocrx_word' id='word_1_771' title='bbox 826 2778 876 2806; x_wconf 91' lang='lat' dir='ltr'><strong>est,</strong></span> <span class='ocrx_word' id='word_1_772' title='bbox 894 2781 913 2800; x_wconf 87' lang='grc' dir='ltr'><strong>ιι</strong></span> <span class='ocrx_word' id='word_1_773' title='bbox 938 2772 974 2799; x_wconf 81' lang='lat' dir='ltr'><strong>De</strong></span> <span class='ocrx_word' id='word_1_774' title='bbox 993 2773 1039 2800; x_wconf 76' lang='lat' dir='ltr'><strong>al)-</strong></span> 
     </span>
    </p>
   </div>
   <div class='ocr_carea' id='block_1_104' title="bbox 254 2804 495 2837">
    <p class='ocr_par' dir='ltr' id='par_1_104' title="bbox 254 2804 495 2837">
     <span class='ocr_line' id='line_1_104' title="bbox 254 2804 495 2837; baseline 0.017 -8"><span class='ocrx_word' id='word_1_775' title='bbox 254 2807 361 2830; x_wconf 78' lang='lat' dir='ltr'><strong>mnent.</strong></span> <span class='ocrx_word' id='word_1_776' title='bbox 368 2823 374 2834; x_wconf 94' lang='lat'><strong>,</strong></span> <span class='ocrx_word' id='word_1_777' title='bbox 388 2811 417 2837; x_wconf 72' lang='lat' dir='ltr'><strong>.p.</strong></span> <span class='ocrx_word' id='word_1_778' title='bbox 432 2804 495 2833; x_wconf 68' lang='grc'><strong>204.</strong></span> 
     </span>
    </p>
   </div>
   <div class='ocr_carea' id='block_1_105' title="bbox 292 2839 1036 2892">
    <p class='ocr_par' dir='ltr' id='par_1_105' title="bbox 292 2839 1036 2892">
     <span class='ocr_line' id='line_1_105' title="bbox 292 2839 1036 2892; baseline -0.007 0"><span class='ocrx_word' id='word_1_779' title='bbox 292 2839 734 2892; x_wconf 59' lang='lat' dir='ltr'><strong>£522,’iﬁii‘fis.°éfezaése‘</strong></span> <span class='ocrx_word' id='word_1_780' title='bbox 745 2844 820 2871; x_wconf 67' lang='grc' dir='ltr'><em>αὐτὰ</em></span> <span class='ocrx_word' id='word_1_781' title='bbox 832 2842 914 2878; x_wconf 59' lang='grc' dir='ltr'><em>ζωῆς-</em></span> <span class='ocrx_word' id='word_1_782' title='bbox 925 2843 1036 2878; x_wconf 65' lang='lat' dir='ltr'><strong>Porph»</strong></span> 
     </span>
    </p>
   </div>
   <div class='ocr_carea' id='block_1_106' title="bbox 259 2874 724 2913">
    <p class='ocr_par' dir='ltr' id='par_1_106' title="bbox 259 2874 724 2913">
     <span class='ocr_line' id='line_1_106' title="bbox 259 2874 724 2913; baseline 0.011 -14"><span class='ocrx_word' id='word_1_783' title='bbox 259 2874 306 2900; x_wconf 72' lang='grc' dir='ltr'><strong>καὶ</strong></span> <span class='ocrx_word' id='word_1_784' title='bbox 319 2874 367 2908; x_wconf 83' lang='grc' dir='ltr'>τῆς</span> <span class='ocrx_word' id='word_1_785' title='bbox 381 2874 447 2910; x_wconf 80' lang='grc' dir='ltr'>πρὸς</span> <span class='ocrx_word' id='word_1_786' title='bbox 460 2875 527 2902; x_wconf 75' lang='grc' dir='ltr'>αὐτὰ</span> <span class='ocrx_word' id='word_1_787' title='bbox 542 2875 626 2903; x_wconf 82' lang='grc' dir='ltr'>ταῦτα</span> <span class='ocrx_word' id='word_1_788' title='bbox 642 2877 724 2913; x_wconf 80' lang='grc' dir='ltr'><strong>ζωῆς.</strong></span> 
     </span>
    </p>
   </div>
   <div class='ocr_carea' id='block_1_107' title="bbox 1127 2774 1875 2812">
    <p class='ocr_par' dir='ltr' id='par_1_107' title="bbox 1127 2774 1875 2812">
     <span class='ocr_line' id='line_1_107' title="bbox 1127 2774 1875 2812; baseline 0.005 -11"><span class='ocrx_word' id='word_1_789' title='bbox 1127 2774 1182 2809; x_wconf 70' lang='grc'><strong>(54)</strong></span> <span class='ocrx_word' id='word_1_790' title='bbox 1204 2776 1258 2802; x_wconf 83' lang='grc' dir='ltr'>⁸ον</span> <span class='ocrx_word' id='word_1_791' title='bbox 1271 2775 1305 2802; x_wconf 85' lang='grc' dir='ltr'><strong>δὲ</strong></span> <span class='ocrx_word' id='word_1_792' title='bbox 1316 2776 1411 2810; x_wconf 77' lang='grc' dir='ltr'><strong>ἡμεῖς.</strong></span> <span class='ocrx_word' id='word_1_793' title='bbox 1428 2777 1509 2804; x_wconf 80' lang='lat' dir='ltr'><strong>Mulla</strong></span> <span class='ocrx_word' id='word_1_794' title='bbox 1528 2778 1709 2811; x_wconf 73' lang='lat' dir='ltr'><strong>praetermittit</strong></span> <span class='ocrx_word' id='word_1_795' title='bbox 1724 2778 1875 2812; x_wconf 81' lang='lat' dir='ltr'><strong>Eusebius;</strong></span> 
     </span>
    </p>
   </div>
   <div class='ocr_carea' id='block_1_108' title="bbox 1092 2813 1530 2846">
    <p class='ocr_par' dir='ltr' id='par_1_108' title="bbox 1092 2813 1530 2846">
     <span class='ocr_line' id='line_1_108' title="bbox 1092 2813 1530 2846; baseline 0.009 -11"><span class='ocrx_word' id='word_1_796' title='bbox 1092 2815 1318 2846; x_wconf 45' lang='lat' dir='ltr'><strong>qugsequuntur</strong></span> <span class='ocrx_word' id='word_1_797' title='bbox 1335 2813 1408 2844; x_wconf 73' lang='lat' dir='ltr'><strong>leges</strong></span> <span class='ocrx_word' id='word_1_798' title='bbox 1419 2821 1445 2846; x_wconf 92' lang='lat' dir='ltr'><strong>p.</strong></span> <span class='ocrx_word' id='word_1_799' title='bbox 1469 2813 1530 2839; x_wconf 74' lang='lat' dir='ltr'><strong>2l8.</strong></span> 
     </span>
    </p>
   </div>
   <div class='ocr_carea' id='block_1_109' title="bbox 1127 2845 1869 2884">
    <p class='ocr_par' dir='ltr' id='par_1_109' title="bbox 1127 2845 1869 2884">
     <span class='ocr_line' id='line_1_109' title="bbox 1127 2845 1869 2884; baseline 0.008 -14"><span class='ocrx_word' id='word_1_800' title='bbox 1127 2845 1182 2880; x_wconf 70' lang='lat'><strong>(33)</strong></span> <span class='ocrx_word' id='word_1_801' title='bbox 1197 2846 1297 2879; x_wconf 75' lang='grc' dir='ltr'><strong>Ὄλως.</strong></span> <span class='ocrx_word' id='word_1_802' title='bbox 1315 2845 1405 2874; x_wconf 85' lang='lat' dir='ltr'><strong>Malim</strong></span> <span class='ocrx_word' id='word_1_803' title='bbox 1419 2845 1480 2879; x_wconf 69' lang='grc' dir='ltr'>ὅλος</span> <span class='ocrx_word' id='word_1_804' title='bbox 1495 2855 1555 2875; x_wconf 91' lang='lat' dir='ltr'><strong>cum</strong></span> <span class='ocrx_word' id='word_1_805' title='bbox 1578 2847 1710 2884; x_wconf 82' lang='lat' dir='ltr'><strong>Porphyr.</strong></span> <span class='ocrx_word' id='word_1_806' title='bbox 1731 2853 1759 2876; x_wconf 89' lang='lat' dir='ltr'><strong>et</strong></span> <span class='ocrx_word' id='word_1_807' title='bbox 1776 2855 1869 2876; x_wconf 83' lang='lat' dir='ltr'><strong>manu-</strong></span> 
     </span>
    </p>
   </div>
   <div class='ocr_carea' id='block_1_110' title="bbox 1090 2886 1143 2906">
    <p class='ocr_par' dir='ltr' id='par_1_110' title="bbox 1090 2886 1143 2906">
     <span class='ocr_line' id='line_1_110' title="bbox 1090 2886 1143 2906; baseline 0.019 -1"><span class='ocrx_word' id='word_1_808' title='bbox 1090 2886 1143 2906; x_wconf 84' lang='lat' dir='ltr'><strong>SCI‘.</strong></span> 
     </span>
    </p>
   </div>
  </div>
