2060 3213
278 149 331 177 295

613 145 747 173 EIISEBll
770 144 1010 172 CAESARlENSiS
1025 143 1101 172 OPP.
1118 143 1208 171 PARS
1225 144 1257 171 ll.
1272 160 1307 166 —
1321 143 1575 173 APOLOGETICA.

1857 146 1910 174 296

276 206 341 241 Haec
361 207 428 233 deus
442 205 575 241 egregius,
589 205 630 231 vel
650 205 740 239 potius
764 204 881 235 daemon,
904 203 1011 231 fraudis
1033 211 1066 230 ac

1121 201 1212 229 Ταῦτα
1234 202 1282 238 μὲν
1305 203 1319 228 ό
1341 202 1492 238 θαυμάσιος
1517 202 1594 235 θεὸς,
1619 203 1719 238 μᾶλλον
1735 202 1763 230 δὲ
1778 203 1808 230 τὸ
1830 204 1911 232 πολυ-

277 253 332 280 doli
373 251 558 283 architectus;
583 251 683 284 quibus
707 250 786 285 plane
810 250 950 277 contraria
986 255 1068 276 natu-

279 299 344 326 ralis
363 298 432 325 ratio
456 297 568 329 statuit,
597 296 662 323 dum
691 300 719 322 et
746 296 866 323 animum
897 295 1070 330 purgareju-

279 345 338 376 bet,
361 349 388 371 et
410 343 552 370 sacrificiis
569 341 755 376 improborum
780 342 933 369 dzemonum
953 342 1068 376 gratiam

278 396 411 424 opemque
442 392 551 422 captare
572 391 655 418 vetat,
682 387 754 422 quod
784 395 880 422 puram
912 387 949 414 illi
976 387 1066 414 since-

279 443 393 470 ramque
414 440 532 461 memem
560 433 670 468 aggredi
698 437 808 468 propter
829 441 936 460 morum
959 433 1064 460 dissen-

280 482 382 508 sionem
403 480 514 507 minime
529 479 643 506 soleant.
665 477 744 512 Quod
764 480 787 506 si
808 480 969 514 prudentem
993 488 1067 510 eum.

282 526 362 562 169
377 525 398 553 si
411 532 495 561 eaquae
509 525 607 552 mentis
621 525 758 552 hominem
774 533 834 553 esse
852 526 949 552 merito
961 525 1069 560 judica-

279 576 353 604 runt,
372 570 418 606 qui
436 578 451 597 a
466 570 618 597 dmmonum
646 569 788 596 sacrificiis
803 569 926 604 religiose
950 570 1069 597 abstine-

279 621 320 643 ret
333 624 338 641 :
352 616 398 651 qui
417 616 474 643 suis
485 616 606 642 oraculis
628 615 660 642 ad
685 615 818 649 improbis
836 616 918 642 etiam
935 615 1067 642 litandum

279 661 415 695 hortatur,
436 661 483 696 qui
506 661 614 688 tandem
632 665 659 688 et
672 661 761 695 qualis
779 661 872 688 haberi
894 661 1000 691 debeat.
1020 661 1068 688 tibi

279 708 453 736 statuendum
468 708 602 742 relinquo.
616 707 748 734 Cirtcrum
763 707 825 734 hinc
840 712 913 734 rctro
927 708 1068 742 superiora

279 755 410 789 repetenti
434 754 481 781 tibi
502 759 577 780 certo
599 754 791 788 evidentcrque
811 754 956 785 constabit,
976 754 1070 788 cujus-

279 800 354 828 modi
371 805 468 827 natura
483 799 660 835 moribusque
675 799 785 831 fuerint,
802 804 859 826 tum
877 800 923 834 qui
942 800 1069 827 immanis

280 847 398 874 victimis
424 847 633 879 delectarentur,
661 851 716 872 tum
742 845 789 880 qui
816 845 966 872 humanum
983 853 1068 881 genus

280 900 374 920 eorum
395 892 530 927 tyrannidi
553 899 586 918 ex
612 891 686 918 omni
713 891 844 917 memoria
868 891 1066 926 manciparant.
1084 883 1105 910 Β

280 939 348 966 Nam
361 939 384 966 si
401 939 452 966 erit
467 938 584 966 fortasse
602 938 748 973 quispiam,
765 938 810 972 qui
830 938 899 965 hanc
924 939 1068 965 immolan-

1121 248 1220 280 πλανὲς
1243 248 1396 283 δαιμόνιον·
1417 249 1452 275 τὰ.
1466 249 1494 275 δὲ
1517 249 1563 275 τοῦ
1587 249 1658 276 κατὰ
1676 249 1756 284 φύσιν
1778 249 1910 284 λογισμοῦ

1120 294 1258 326 τάναντία,
1284 294 1425 330 καοαίρειν
1447 294 1496 330 τὴν
1523 294 1622 330 ψυχὴν,
1647 294 1715 321 ἀλλὰ
1741 294 1777 331 μὴ
1805 295 1912 327 θυσίαις

1120 340 1286 366 ἐπισπᾶσθαι
1314 341 1377 371 τοὺς
1401 340 1536 376 πονηροὺς
1560 341 1700 376 δαίμονας,
1726 341 1912 376 παρακελευό-

1122 394 1199 420 μενα·
1218 386 1326 421 καθαρᾷ
1342 385 1395 421 γὰρ
1415 386 1487 422 ψυχῇ
1513 387 1550 422 μὴ
1572 386 1740 413 ἐπιτίθεσθαι
1758 387 1802 413 διὰ
1814 387 1844 413 τὸ
1862 387 1912 414 αὖ·

1120 433 1175 463 τοῖς
1189 432 1326 467 ἀνόμοιον.
1350 433 1381 458 Et
1398 432 1427 458 δὲ
1451 433 1483 468 δὴ
1504 433 1614 465 συνετὸς
1636 430 1704 460 εἶναι
1725 433 1772 459 καὶ
1795 433 1911 469 σώφρων

1120 478 1188 514 ἀνὴρ
1202 478 1288 514 ὀρθῶς
1306 478 1400 514 ἐκρίθη
1417 488 1446 505 τε
1463 478 1578 514 εὐλαϐὴς
1595 479 1642 505 καὶ
1666 479 1702 514 μὴ
1720 479 1790 505 θύων
1814 479 1910 516 δαίμο-

1121 533 1172 550 σιν⁸
1190 525 1204 550 ὁ
1219 526 1275 556 τοῖς
1293 526 1418 560 πονηροῖς
1435 525 1510 551 θύειν
1525 525 1568 551 διὰ
1591 524 1637 552 τοῦ
1662 525 1785 560 χρησμοῦ
1811 534 1912 561 παραι-

1120 570 1173 597 νῶν
1189 571 1232 602 τίς
1248 570 1281 597 ἂν
1297 571 1416 605 εὐλόγως
1433 572 1480 598 καὶ
1497 571 1615 602 ποδαπὸς
1632 571 1687 606 (57)
1706 571 1856 606 νομισθείη,
1869 571 1912 597 σοὶ

1120 617 1276 643 καταλείπω
1293 619 1413 644 σκοπεῖν.
1437 616 1577 644 Ἐντεῦθεν
1593 617 1621 643 δὲ
1646 617 1827 654 ἀναδραμόντι
1845 627 1912 654 προ-

1120 663 1204 697 φανὲς
1220 662 1305 694 ἕσται,
1329 663 1399 689 ποῖοί
1421 672 1493 695 τινες
1518 663 1640 699 ὑπῆρχον
1661 664 1710 699 τὴν
1736 663 1783 690 τοῦ
1807 664 1911 700 τρόπου

1120 709 1200 743 φύσιν
1223 710 1247 735 οἱ
1268 711 1328 741 ταῖς
1346 710 1581 745 άνθρωποθυσίαις
1607 710 1758 746 χαίροντες,
1776 711 1792 746 ἢ
1809 712 1833 737 οἱ
1849 711 1912 738 τού-

1119 766 1175 788 τοις
1193 757 1245 782 πᾶν
1261 756 1292 782 τὸ
1308 755 1477 791 ἀνθρώπινον
1495 757 1572 791 γένος
1596 757 1678 783 πάλαι
1703 757 1833 792 πρότερον
1858 765 1911 784 κα-

1119 802 1356 837 ταδεδουλωμένοι.
1374 802 1406 828 Εἰ
1422 802 1450 829 δὲ
1466 803 1539 837 λέγοι
1551 811 1592 835 τις
1611 802 1647 838 μὴ
1662 802 1761 837 φαῦλον
1778 801 1846 829 εἶναι
1864 802 1910 829 τὸν

1119 849 1169 883 τῆς
1199 847 1423 883 ἀνθρωποθυσίας
1444 849 1559 884 τρόπον,
1583 848 1716 884 ὀρθότατα
1738 848 1760 874 δ’
1783 848 1835 874 ὑπὸ
1854 848 1910 874 τῶν

1121 894 1243 922 παλαιῶν
1264 894 1409 926 τελεῖσθαι,
1441 894 1501 930 ὥρα
1523 896 1578 927 τοῖς
1604 895 1652 922 νῦν
1681 894 1911 930 καταμέμφεσθαι

1122 941 1214 969 πᾶσιν,
1231 940 1272 966 ὅτι
1292 939 1384 975 μηδεὶς
1401 939 1501 974 ὁμοίως
1516 941 1573 972 τοῖς
1591 939 1724 975 πατράσιν
1741 937 1857 964 εὐσεϐεῖ.

280 988 378 1014 dorum
406 987 547 1014 hominum
566 986 792 1013 consuetudinem
827 985 901 1013 omni
938 987 1039 1014 sociere
1072 988 1208 1022 purgabit,
1236 992 1318 1022 atque
1345 995 1360 1014 a
1385 987 1523 1014 veteribus
1543 986 1714 1013 sanctissime
1739 985 1910 1012 observatam

280 1043 341 1063 esse
357 1033 482 1063 defendet
501 1045 508 1062 :
526 1036 578 1063 erit
598 1042 675 1068 sane,
695 1035 874 1069 quamobrem
906 1035 1036 1062 continuo
1063 1041 1187 1071 posteros
1204 1044 1299 1064 eorum
1317 1036 1460 1063 universos
1480 1035 1669 1070 reprehendat,
1685 1041 1801 1069 quorum
1818 1032 1912 1060 nullus

281 1083 333 1110 hoc
350 1086 470 1117 tempore
481 1082 515 1109 ad
530 1082 647 1116 priscam
660 1081 795 1115 majorum
812 1089 926 1109 suorum
940 1081 1066 1117 pietatem
1086 1083 1256 1111 adhaerescit.

575 1126 688 1154 CAPUT
709 1126 778 1154 ΧΧΙ.

282 1181 420 1210 Neminem
434 1182 465 1209 ab
483 1182 553 1209 omni
563 1189 617 1209 evo
634 1182 724 1216 fuisse,
739 1186 835 1216 prmler
849 1183 956 1209 unicum
973 1183 1068 1211 Serva-

318 1223 400 1255 torem
426 1218 618 1255 Dominumaue
643 1223 773 1255 nostrum,
798 1219 950 1255 quiﬂtatum
988 1228 1068 1255 genus

315 1253 461 1279 humanum
476 1261 492 1279 α
506 1253 655 1279 άωηιοηιιηι
670 1253 817 1286 imposlura
830 1253 960 1281 liberarit.

318 1311 367 1338 Sin
385 1315 475 1338 autem
494 1318 561 1338 sano
583 1316 744 1345 matureque
759 1310 877 1345 judicio,
896 1311 930 1337 ab
956 1311 1068 1338 immani

283 1365 315 1384 ac
337 1356 423 1384 ferina
445 1357 604 1384 crudelitate
623 1356 823 1383 abhorrendum
840 1356 892 1384 sibi
912 1357 962 1383 azvi
983 1357 1069 1384 nostri

283 1404 407 1431 homines
429 1407 576 1438 putarunt;
603 1404 705 1431 nullius
732 1402 853 1438 profecto
873 1403 973 1430 mentis
996 1403 1068 1437 fuit,

282 1450 408 1485 quisquis
422 1457 437 1477 e
452 1449 588 1477 veteribus
617 1450 756 1484 improbos
771 1449 910 1477 dzemones
925 1450 1068 1477 hominum

283 1497 355 1524 caule
369 1496 495 1531 placavit.
512 1496 563 1524 Sed
576 1497 648 1523 enim
663 1496 705 1523 vel
717 1503 817 1528 caecus,
831 1500 861 1523 ut
878 1496 966 1529 aiunt,
980 1495 1069 1522 mani-

283 1542 350 1570 feste
365 1542 463 1575 videat,
477 1549 528 1569 nec
538 1542 614 1574 deos,
629 1549 678 1569 nec
693 1549 756 1568 vero
771 1542 858 1569 bonos
868 1541 1006 1568 dzemones
1022 1548 1069 1568 eos

284 1589 378 1622 fuisse,
394 1592 529 1623 quotquot
552 1595 567 1614 a
588 1587 694 1615 cunctis
721 1587 786 1614 olim
812 1587 938 1622 gentibus
955 1587 1068 1614 deorum

284 1635 344 1662 loco
359 1639 386 1662 et
400 1634 509 1661 nomine
523 1633 703 1660 censebantur
715 1641 721 1658 :
735 1633 781 1660 sed
796 1633 886 1668 potius
900 1633 934 1659 ab
943 1639 986 1662 eo.
997 1633 1069 1666 quod

285 1681 387 1708 bonum
405 1684 456 1712 est,
472 1679 634 1715 longissimo
651 1679 792 1706 intervallo
808 1679 972 1714 disjunctos,
989 1683 1070 1713 atque

283 1726 430 1761 ejusmodi,
451 1733 520 1759 quos
535 1725 597 1759 jure
615 1730 641 1751 et
663 1724 708 1752 Dei
729 1725 832 1756 hostes,
850 1729 876 1752 et
892 1725 990 1760 impios
1005 1732 1070 1759 pro-

284 1777 376 1806 pterea
390 1771 502 1803 dixeris,
520 1771 566 1805 qui
583 1778 667 1806 genus
680 1771 820 1806 vitamque
838 1771 979 1798 hominum
1006 1772 1070 1798 uni-

284 1825 388 1844 versam
406 1817 642 1852 pessuadedcrint.
669 1817 758 1852 Atque
775 1817 890 1844 istorqu
905 1817 995 1853 fugam
1011 1817 1070 1844 0άί-

284 1870 385 1897 umque
411 1870 490 1889 uento
510 1870 624 1898 prorsus
650 1870 683 1890 ex
709 1863 783 1890 omni
808 1863 951 1894 memoria,
974 1867 1070 1897 prxter

285 1917 369 1936 unum
404 1913 567 1937 assertorem
593 1908 793 1944 Dominumque
825 1914 948 1936 nostrum
977 1909 1069 1936 Jesum

283 1955 434 1988 Christum,
453 1954 499 1982 Dei
517 1955 615 1982 Filium
628 1976 636 1988 ,
664 1956 771 1983 cunctis
792 1955 948 1983 hominibus
966 1955 1071 1982 denun-

285 2001 371 2032 tiavit,
384 2002 484 2037 quippe
508 2002 554 2036 qui
579 2001 691 2028 salutari
716 2001 864 2037 Evangelio
887 2002 966 2036 patrii
982 2001 1070 2029 morbi

285 2047 446 2074 medicinam
458 2047 559 2074 Graecis
569 2047 670 2082 pariter
679 2055 711 2074 ac
721 2047 846 2075 barbaris
859 2048 987 2075 omnibus
1000 2052 1071 2074 attu-

284 2094 324 2125 lit,
345 2093 480 2128 simulque
496 2094 531 2120 ab
549 2094 725 2122 acerbissima
747 2094 989 2128 vetustissimaque
1013 2101 1071 2121 scr-

283 2140 369 2166 vitutc
382 2140 543 2171 libertatem,
556 2140 589 2166 ad
600 2148 681 2174 quam
691 2145 819 2167 contento
830 2148 912 2168 cursu
924 2147 1070 2174 properare

283 2193 378 2212 omnes
408 2185 575 2220 Evangelicae
597 2185 838 2213 demonstrationis
866 2190 943 2220 urget
970 2185 1069 2216 oratio,

1374 1129 1572 1156 ΚΕΦΑΛΑΙΟΝ
1591 1128 1656 1154 KA’.

1127 1186 1176 1219 Ὠς
1191 1186 1290 1219 οὐδεὶς
1303 1186 1398 1219 ἄλλος
1416 1185 1475 1212 τῶν
1486 1185 1516 1218 ἐξ
1527 1185 1634 1218 αἰῶνος
1647 1184 1665 1218 ἣ
1675 1184 1795 1219 μόνοςνό
1809 1182 1912 1219 Σωτὴρ

1159 1217 1207 1248 {cal
1220 1217 1326 1255 Κύριος
1341 1217 1425 1255 ἡμῶν
1435 1221 1467 1248 τὸ
1485 1217 1546 1247 πᾶν
1570 1217 1731 1254 ἀνθρώπων
1747 1218 1833 1254 γένος
1856 1217 1908 1253 τῆς

1159 1255 1333 1291 δίιιμονικῆς
1348 1256 1536 1290 ἠλευθέρωσε
1548 1255 1678 1288 πλάνης.

1158 1314 1190 1340 Εἰ
1206 1313 1227 1339 6‘
1253 1313 1395 1348 ἐμφρόνως
1421 1313 1446 1339 οἱ
1464 1313 1524 1339 καθ’
1547 1312 1620 1347 ἡμᾶς
1642 1311 1692 1346 τῆς
1719 1308 1840 1346 ἀπηνοῦς
1863 1309 1911 1336 καὶ

1123 1359 1221 1396 ἀγρίας
1237 1359 1376 1394 ὠμότητος
1392 1359 1442 1395 τὴν
1471 1357 1642 1394 ἀποστροφὴν
1659 1358 1831 1392 ἐποιήσαντο,
1854 1355 1910 1382 τῶν

1122 1403 1244 1430 παλαιῶν
1267 1403 1354 1435 οὐδεὶς
1376 1402 1410 1439 ἦν
1440 1404 1493 1439 ἄρα
1519 1403 1609 1437 σοφὸς,
1627 1403 1690 1434 τοὺς
1707 1402 1840 1437 πονηρους
1853 1401 1911 1427 δαί-

1123 1459 1206 1486 μονας
1231 1451 1290 1482 ταῖς
1314 1449 1557 1486 ἁνθρωποκτονίαις
1585 1449 1796 1484 μειλισσόμενος.
1832 1447 1912 1474 Ἀλλὰ

1122 1495 1176 1530 γὰρ
1201 1495 1248 1522 καὶ
1275 1495 1375 1530 τυφλῷ,
1403 1495 1479 1530 φασὶ,
1496 1494 1585 1530 δῆλον,
1604 1495 1639 1526 ὡς
1656 1493 1717 1520 οὔτε
1736 1493 1791 1520 Θεοὶ
1808 1493 1840 1520 ἂν
1857 1490 1912 1519 εἶεν

1121 1540 1182 1567 οὗτε
1198 1540 1323 1575 δαίμονες
1334 1539 1430 1574 ἀγαθοὶ
1440 1540 1464 1566 οἱ
1476 1539 1558 1566 πάλαι
1571 1539 1638 1574 πρὸς
1654 1538 1707 1564 τῶν
1722 1538 1806 1565 ἐθνῶν
1823 1537 1912 1564 ἁπάν-

1121 1594 1175 1613 των
1192 1585 1404 1621 θεολογούμενοι·
1423 1586 1590 1622 πορρωτάτω
1605 1585 1633 1610 δὲ
1650 1584 1696 1611 τοῦ
1724 1583 1827 1619 ἀγαθοῦ
1845 1583 1911 1618 ἐξῳ-

1123 1632 1255 1668 κισμένοι.
1275 1631 1320 1658 Διὸ
1336 1632 1383 1658 καὶ
1399 1631 1510 1663 ἐνδίκως
1521 1631 1649 1666 θεομάχοι
1659 1631 1729 1662 τινὲς
1743 1631 1789 1657 καὶ
1803 1629 1912 1661 ἀσεϐεῖς

1121 1678 1251 1713 λεχθεῖεν,
1268 1678 1314 1705 τὸν
1331 1678 1419 1704 πάντα
1434 1678 1618 1713 λυμηνάμενοι
1636 1677 1702 1712 βίον,
1720 1673 1757 1703 ὧν
1770 1676 1798 1709 ἐξ
1815 1676 1912 1708 αἰῶνος

1121 1725 1207 1756 οὐδεὶς
1227 1725 1243 1760 ἢ
1271 1725 1349 1760 μόνος
1368 1725 1382 1751 ὁ
1403 1725 1496 1760 Σωτὴρ
1517 1725 1564 1751 καὶ
1583 1723 1683 1759 Κύριος
1708 1723 1786 1759 ἡμῶν
1808 1721 1913 1759 Ἰησοῖς

1123 1771 1238 1806 Χριστὸς
1256 1768 1270 1796 ὀ
1287 1771 1350 1802 Υἱὸς
1366 1771 1413 1797 τοῦ
1430 1770 1497 1796 Θεοῦ
1515 1771 1597 1797 πᾶσιν
1614 1769 1766 1807 ἀνθρώποις
1788 1769 1836 1804 τὴν
1863 1777 1913 1804 φυ-

1122 1817 1173 1852 γὴν
1202 1817 1402 1852 προεκήρυξεν,
1434 1815 1676 1851 εὐαγγελιζόμενος
1713 1814 1781 1850 ὁμοῦ
1808 1815 1912 1847 πάντας

1123 1862 1256 1898 Ἕλληνάς
1272 1871 1301 1888 τε
1317 1863 1363 1889 καὶ
1376 1863 1530 1898 βαρϐάρους
1547 1862 1694 1898 θεραπειαν
1710 1862 1760 1897 τῆς
1777 1862 1913 1898 πατρικῆς

1121 1907 1210 1939 νόσου,
1235 1908 1282 1933 καὶ
1307 1907 1357 1942 τῆς
1387 1908 1487 1944 πικρᾶς
1516 1908 1563 1934 καὶ
1587 1907 1768 1944 παλαιοτάτης
1792 1907 1912 1937 δουλείας

1122 1953 1286 1988 ἐλευθερίαν⁸
1318 1954 1361 1988 ἐφ’
1389 1953 1422 1989 ἢν
1456 1954 1581 1980 σπεύδειν
1611 1955 1626 1980 ὁ
1653 1953 1704 1990 τῆς
1732 1952 1913 1988 εὐαΠελικῆς

1122 2000 1285 2032 ἀποδείξεως
1307 2001 1436 2036 παρορμᾷ
1450 2000 1538 2035 λόγος,
1565 2001 1668 2036 μεγάλῃ
1684 2001 1717 2036 τῇ
1736 2001 1811 2035 φωνῇ
1829 2000 1912 2026 πᾶσιν

1122 2047 1161 2078 εἰς
1172 2047 1332 2080 ἐξάκουστον
1342 2047 1420 2082 βοῶν’
1432 2047 1553 2081 Πνεῦμα
1565 2048 1676 2081 Κυρίου
1688 2047 1744 2083 (58)
1753 2047 1867 2082 ἐπ’ὲμὲ,
1875 2044 1911 2074 οὗ

1121 2092 1226 2119 ἕνεκεν
1238 2092 1342 2128 ἑχρισέ
1352 2102 1401 2128 με.
1423 2094 1673 2128 εὐαγγελίσασθαι
1690 2093 1820 2128 πτωχοῖς
1840 2093 1912 2120 ἀπέ-

1122 2138 1236 2166 στιιλκέ
1247 2148 1296 2174 με,
1311 2139 1436 2173 κηρύξαι
1453 2139 1649 2173 αἰχμαλώτοις
1663 2139 1784 2174 ἄφεσιν,
1801 2139 1850 2166 καὶ
1863 2147 1912 2165 τυ-

1121 2185 1209 2220 φλοῖς
1221 2185 1397 2220 ἀνάϐλεψιν·
1413 2185 1555 2212 ἰάσασθαι
1565 2186 1636 2219 τοὺς
1643 2187 1913 2220 συντετριμμένους

284 2239 381 2267 magna
393 2231 480 2266 palam
495 2239 572 2262 wce,
587 2239 703 2266 quazque
717 2239 733 2258 a
753 2231 862 2258 nemine
877 2238 931 2258 non
946 2231 1069 2258 exaudiri

1121 2230 1179 2264 τὴν
1201 2230 1335 2264 καρδίαν·
1363 2231 1409 2257 καὶ
1435 2230 1525 2257 πάλιν·
1551 2230 1724 2265 Ἐξαγαγεῖν
1740 2231 1796 2266 ('59)
1815 2231 1851 2257 ἐκ
1867 2230 1913 2258 δε-

284 2276 381 2310 possit,
405 2276 576 2303 inclamans:
593 2275 708 2311 Spiritus
730 2276 836 2303 Domini
862 2284 940 2310 super
966 2284 1016 2309 me,
1042 2284 1071 2302 eo

284 2322 354 2356 quod
373 2322 478 2348 unzerit
493 2321 623 2348 Dominus
638 2331 678 2348 me
695 2330 704 2349 :
718 2322 752 2348 ad
767 2322 979 2349 annuntiandum
996 2330 1072 2348 man-

285 2368 368 2394 suetis
379 2368 452 2394 misit
464 2377 514 2401 me,
537 2373 564 2395 ut
582 2369 698 2395 mederer
712 2369 834 2395 contritis
850 2368 938 2400 tarde,
962 2373 988 2394 et
1002 2375 1071 2402 prm-

285 2413 400 2440 dicarem
424 2412 534 2448 captivis
551 2413 752 2448 indulgentiam,
773 2418 797 2440 ει
824 2412 923 2440 clausis
956 2414 1072 2448 apertio—

287 2466 345 2484 nem
353 2459 384 2486 ’°.
393 2458 562 2493 lterutuque:
572 2460 593 2494 1
599 2460 652 2495 7ο
658 2459 773 2487 Educere
780 2466 811 2486 ex
822 2459 932 2486 vinculis
940 2459 1072 2493 compedi-

287 2508 338 2536 tas,
356 2510 380 2532 st
395 2505 426 2532 de
449 2505 525 2532 domo
544 2506 656 2532 carceris
683 2506 799 2532 sedentes
828 2506 855 2531 in
872 2506 995 2533 tenebris.
1010 2505 1072 2532 Htec

286 2548 358 2575 enim
377 2549 467 2576 divina
483 2557 550 2577 sane
566 2549 742 2577 Hebraeorum
760 2550 870 2577 oracula
884 2551 1072 2585 superioribus

288 2600 361 2621 retro
373 2596 480 2622 satculis
491 2596 659 2629 cecinerunt,
675 2596 775 2631 quibus
789 2595 910 2623 futurum
925 2597 1072 2631 aliquando

325 2662 348 2677 "
368 2661 421 2690 lsa.
436 2671 493 2697 ut,
507 2664 520 2691 1
539 2672 615 2700 seqq.

323 2729 648 2768 (δη-Ποδαςτόςχδετίῠθ
663 2734 792 2766 ποταπός.
810 2733 864 2761 Sed
884 2733 996 2768 perinde
1020 2738 1070 2761 est.

287 2763 417 2801 Hesyichq
433 2763 580 2797 ποδαπὸν,
597 2769 728 2801 ποταπὸν,
743 2763 844 2796 ὁποῖον.

322 2800 378 2834 (38)
395 2801 515 2840 ιινεᾷμᾳ
537 2803 657 2840 Κυρίου.
681 2804 874 2840 Septuaginta,
903 2813 973 2840 quos
989 2804 1072 2832 habe-

288 2842 365 2865 mus,
385 2838 507 2875 nonnihil
526 2838 645 2875 variant;
665 2844 691 2865 et
713 2838 772 2874 post
786 2838 952 2867 ἀπέσταλκε
969 2848 1017 2875 με,
1035 2841 1073 2867 le-

289 2875 366 2906 gunt,
384 2871 509 2898 ἰάσασθαι
524 2873 586 2904 τοὺς
597 2871 838 2910 συντετριμμένους
854 2877 887 2910 τῇ
904 2871 1011 2911 καρδίᾳ,
1027 2884 1072 2911 κη-

1122 2275 1208 2310 σμῶν
1221 2275 1458 2310 πεπεδημένους,
1474 2275 1524 2302 καὶ
1546 2276 1580 2308 ἐξ
1601 2276 1685 2303 οἴκου
1700 2277 1840 2311 φυλακῆς
1861 2285 1933 2310 κω,

1122 2321 1269 2356 θημέιὊυς
1283 2322 1315 2348 ἐν
1329 2323 1439 2349 σκότει.
1456 2322 1547 2349 Ταῦτα
1560 2323 1614 2358 γὰρ
1629 2323 1731 2350 ἀνωθεν
1748 2324 1780 2350 ὲκ
1797 2322 1912 2350 παλαιοῦ

1122 2367 1157 2393 τὰ
1173 2366 1231 2393 θεῖα
1244 2367 1282 2398 ὡς
1299 2367 1405 2402 ἀληθῶς
1429 2368 1493 2404 παρ’
1523 2368 1657 2405 Ἑϐραίοις
1681 2369 1805 2402 ἐθέσπιζε
1823 2369 1912 2404 λόγια,

1122 2414 1172 2449 τὴν
1189 2413 1266 2449 ἡμῶν
1283 2413 1337 2440 τῶν
1354 2414 1437 2440 πάλαι
1454 2414 1562 2449 τυφλῶν
1579 2414 1628 2447 τὰς
1643 2415 1742 2451 ψυχὰς,
1761 2417 1808 2442 καὶ
1821 2415 1914 2452 δαιμό-

1123 2467 1175 2485 νων
1207 2458 1332 2495 πονηρῶν
1367 2459 1546 2492 πολυπλόκοις
1582 2460 1691 2496 δεσμοῖς
1718 2461 1912 2497 πεπεδημένων

1123 2504 1310 2541 ἀπολύτρωσιν
1320 2505 1556 2541 εὐαγγελιζόμενα.
1576 2507 1656 2534 Ὅθεν
1666 2507 1778 2539 εἰκότως
1786 2509 1849 2539 τοὺς
1864 2507 1911 2542 τῆς

1123 2550 1239 2582 διανοίας
1255 2551 1408 2586 ὀφθαλμοὺς
1422 2552 1490 2588 πρὸς
1505 2551 1551 2579 τοῦ
1569 2553 1702 2588 σωτηρίου
1718 2552 1795 2587 λόγου
1812 2560 1911 2579 καταυ-

1123 2597 1279 2631 γασθὲντες,
1293 2597 1429 2634 σώφρονές
1443 2607 1472 2625 τε
1491 2599 1537 2625 καὶ
1552 2599 1674 2631 εὐλαϐεῖς
1685 2599 1730 2626 καὶ
1748 2599 1853 2626 συνετοὶ
1868 2607 1912 2633 γε-

1125 2729 1203 2767 ρύεαι
1214 2729 1396 2767 αῖχμαλώτοις
1411 2730 1517 2765 ἄφεσιν,
1536 2731 1582 2757 καὶ
1599 2730 1708 2765 τυφλοῖς
1720 2731 1877 2767 ἀνάϐλεψιν.

1159 2765 1216 2804 ς59λ
1228 2766 1254 2791 Ὲ
1258 2765 1274 2796 ξ
1276 2766 1461 2804 ατζαγεξνβιε.
1469 2767 1594 2804 septuag.
1604 2767 1631 2793 ‘E
1635 2767 1761 2804 ξαγαγεῖν
1769 2765 1913 2804 ὲκρεσμῶν

1123 2799 1290 2838 δεδεμένους,
1307 2799 1342 2834 ἐξ
1351 2802 1425 2838 οἴκου
1444 2799 1556 2835 φυλακ.,
1572 2799 1625 2829 etc.
1641 2799 1754 2838 vulgata
1765 2823 1774 2837 ,
1794 2799 1913 2830 Edu'rera

1124 2835 1156 2862 de
1167 2835 1332 2864 conclusione
1342 2837 1466 2869 vinctum,
1482 2837 1515 2863 de
1531 2838 1619 2869 domo,
1637 2843 1689 2865 etc.
