2060 3213
286 168 341 197 3ᾱῦ

609 168 745 198 EUSEBlI
761 168 1001 197 CIESARIENSIS
1017 169 1092 198 OPl'.
1112 170 1204 198 PARS
1221 170 1253 198 Il.
1273 185 1311 192 —
1324 170 1576 200 APOLOGETICA.

1869 169 1920 197 316

281 228 363 256 modo
377 228 502 257 emlestes
520 229 652 264 quasdam
675 237 736 256 esse
752 229 866 256 virtutes
880 249 887 261 ,
911 229 993 257 modo
1009 238 1066 257 vera

1125 229 1171 256 καί
1184 239 1260 262 τινας
1272 229 1379 266 ἀληθῶς
1392 231 1480 262 θεοὺς.
1495 230 1561 257 ποτὲ
1575 230 1603 257 δὲ
1616 229 1666 262 τὰς
1687 229 1742 256 τῶν
1768 229 1918 266 τεθεοποιηα

281 274 405 308 numina,
427 275 562 302 interdum
585 275 667 301 etiam
693 275 804 302 heroum
832 275 942 302 illorum
965 275 1073 303 animos

280 324 417 354 putarent,
433 327 503 355 quos
519 320 633 347 deorum
661 321 687 346 in
706 321 766 347 loco
780 329 952 356 numeroque
967 322 1076 356 posuis-

250 392 252 394 τ
280 371 350 392 sent.
367 365 434 392 Nam
460 366 496 392 ita
512 366 622 393 demum
649 366 787 402 plerisque
801 375 867 394 sane
892 369 973 402 paulo
990 369 1075 396 hone-

280 412 349 438 stior
366 417 392 439 et
408 412 540 439 illustrior
566 413 669 440 erroris
688 412 770 447 hujus
784 433 791 446 ,
818 414 933 441 deorum
953 415 1076 442 multitu-

279 458 369 485 dinem
385 458 547 491 invelicntis,
564 458 669 493 species
683 459 740 486 fore
755 459 908 493 videbatur,
921 468 984 487 cum
1001 468 1017 487 a
1030 469 1075 488 re—

277 504 329 531 bus
343 504 413 535 istis,
428 511 489 538 qure
504 504 556 531 sub
567 509 707 538 aspectum
725 505 838 537 cadunt,
856 506 889 532 ad
905 505 1027 539 ignotam
1047 510 1074 533 et

277 550 423 577 obscuram
435 558 530 577 eorum
541 551 588 584 qui
601 551 628 577 in
641 551 798 578 simulacris
810 551 1014 583 delitescebant,
1026 560 1074 578 na-

278 600 367 622 turam
386 596 514 630 cogitatio
537 597 735 630 traduceretur,
751 597 846 632 sicque
858 605 959 624 novum
977 606 1075 633 super-

277 642 381 668 stitioni
394 643 478 669 robur
490 642 661 678 adjungeret.
678 643 734 671 llac
748 644 791 671 via
807 645 908 672 terreni
923 647 1072 679 dmmones,

275 688 378 724 quique
398 689 471 716 hunc
484 697 574 717 aerem
586 689 742 718 insidebant
760 691 854 718 mundi
874 691 1022 726 principes.
1040 700 1072 720 ac

275 735 408 769 spiritalia
423 736 560 770 nequitiae,
574 737 676 772 quique
693 738 799 766 czeteris
817 739 850 765 ad
869 738 1070 773 improbitatem

275 788 307 809 ac
319 782 450 809 malitiam
465 791 574 810 omnem
593 784 735 819 pneihant,
758 793 931 812 summorum
953 785 1004 813 sibi
1019 794 1070 812 nu-

275 828 380 855 minum
403 829 560 864 opinionem
577 831 648 865 apud
671 839 766 859 omnes
784 837 989 866 compararunt.
1011 832 1071 864 Quo

274 874 377 901 factum
391 895 399 907 ,
424 879 454 902 ut
469 876 613 903 hominum
631 885 713 904 sensu
729 877 832 912 pridem
851 878 962 913 vitaque
977 886 1071 906 caren-

1127 276 1216 311 μένων
1230 276 1327 312 ἡρώων
1343 276 1591 312 ψυχάς.Ὲντεῦθεν
1602 275 1666 310 γοῦν
1685 276 1734 312 ἤδη
1763 275 1864 311 μείζων
1879 284 1921 309 τις

1125 322 1174 348 καὶ
1188 322 1339 358 σεμνοτέρα
1352 324 1408 354 τοῖς
1421 323 1527 354 πολλοῖς
1543 320 1612 349 εἶναι
1625 322 1764 356 ἐνομίζετο
1779 323 1795 357 ἡ
1811 321 1859 356 τῆς
1873 330 1921 348 πο-

1125 367 1220 395 λυθέου
1237 368 1341 403 πλάνης
1355 369 1501 404 ὑπόληψις,
1514 367 1728 404 μεταϐαινούσης
1740 367 1793 402 τῆς
1802 367 1922 400 διανοίας

1124 415 1178 441 ἀπὸ
1189 415 1243 441 τῶν
1255 415 1402 450 ὁρωμένων
1419 416 1464 441 ἐπὶ
1476 415 1506 442 τὸ
1522 416 1624 448 ἀφανὲς
1649 415 1703 441 τῶν
1729 413 1919 450 ὲγκρυπτομέ-

1124 468 1177 486 νων
1190 462 1246 492 τοῖς
1264 459 1379 493 ξοάνοις,
1397 461 1444 487 καὶ
1456 461 1506 495 τὴν
1532 460 1636 496 πλάνην
1652 460 1846 496 κραταιότερον
1859 460 1920 486 ἑπι-

1124 507 1272 543 κυρούσης.
1289 507 1367 534 Οὕτω
1384 507 1453 543 δῆτα
1467 507 1561 535 λοιπὸν
1586 507 1610 533 οἱ
1624 506 1759 542 περίγειοι
1772 505 1900 540 δαίμονες
1911 525 1920 539 ,

1123 553 1151 580 οἵ
1163 562 1193 579 τε
1207 553 1279 588 ἀμφὶ
1293 553 1338 580 τὸν
1350 553 1420 589 ἀέρα
1440 553 1673 588 κοσμοκράτορες,
1688 551 1735 578 καὶ
1748 551 1782 578 τὰ
1797 559 1921 586 πνευμαο

1123 598 1186 625 τικὰ
1197 599 1246 633 τῆς
1262 598 1405 634 πονηρίας,
1421 599 1448 625 οἵ
1462 607 1493 625 τε
1508 599 1555 625 ἐπὶ
1584 599 1666 625 πᾶσιν
1690 597 1783 630 αὐτοῖς
1798 598 1846 633 τῆς
1868 605 1920 624 κα-

1123 643 1185 675 κίας
1204 643 1326 680 ἐξέρχων
1344 644 1412 671 Θεῶν
1434 643 1489 679 (69)
1501 644 1525 670 οἱ
1545 644 1666 679 μέγιστοι
1684 643 1759 678 παρὰ
1769 643 1921 674 τοῖς.πᾶσιν

1123 690 1288 725 ἐνομίζοντο·
1307 690 1324 725 ἦ
1339 699 1369 716 τε
1383 690 1437 717 τῶν
1454 691 1536 717 πάλαι
1554 689 1658 726 νεκρῶν
1674 690 1767 725 μνήμη
1784 689 1834 724 τῆς
1860 688 1922 724 μεί-

1123 734 1199 767 ζονος
1223 735 1331 770 ἠξιοῦτο
1350 735 1510 772 θεραπείας·
1526 732 1563 762 ὧν
1577 736 1626 767 τὰς
1643 736 1692 770 μὲν
1709 734 1761 761 τῶν
1785 734 1922 770 σωμάτων

1124 782 1194 813 ἰδέας
1209 783 1232 808 οἱ
1249 782 1303 809 τῶν
1321 782 1392 809 κατὰ
1419 783 1512 815 πόλεις
1533 782 1729 818 ἀφιερωμένων
1752 781 1864 808 εἰκόνων
1877 781 1922 816 φέ-

1124 838 1180 865 ρειν
1196 829 1304 856 ἐδόκουν
1317 829 1406 856 τύποι·
1421 830 1470 862 τὰς
1486 829 1514 856 δὲ
1527 829 1614 864 ψυχὰς
1629 830 1676 856 καὶ
1689 830 1739 861 τὰς
1752 828 1861 860 ἐνθέους
1871 828 1919 855 καὶ

1122 875 1285 910 ἀσωμάτους
1301 875 1430 911 δυνάμεις
1443 876 1466 902 οἱ
1483 875 1580 910 φαῦλοι
1605 875 1730 911 δαίμονες
1751 874 1919 911 meumpr-

274 920 342 947 tium
359 922 490 948 memoria
515 922 710 957 prolixioribus
733 923 830 951 olliciis
844 924 991 955 coleretur,
1006 932 1066 952 cum

1120 927 1195 945 νοντο
1208 919 1252 946 διὰ
1265 919 1365 954 πολλῆς
1391 920 1441 955 τῆς
1467 921 1668 956 τερατοποιίας’
1690 921 1736 947 καὶ
1765 919 1853 946 αὐτῶν

274 974 369 993 eorum
384 971 409 994 et
423 969 546 1002 corporis
563 969 642 1004 182
659 969 776 1004 speciem
794 969 943 1004 imaginum
957 977 1005 1004 per
1017 978 1067 997 ur-

276 1011 324 1039 bes
340 1018 562 1041 ceusecratarum
578 1015 671 1049 ﬁgura:
693 1022 888 1050 repraesentare
903 1015 1068 1049 viderentur,

274 1064 301 1086 et
316 1060 422 1088 animos
437 1069 469 1089 ac
487 1062 592 1090 divinas
607 1064 839 1098 incorporeasque
853 1064 970 1091 virtutes
985 1065 1068 1091 multa

276 1107 474 1142 prmstigiarum
504 1109 530 1135 vi
557 1110 668 1144 pessimi
705 1110 844 1138 daemones
875 1110 1067 1138 mentirentur.

273 1151 350 1178 Adde
367 1159 460 1186 porro,
477 1154 524 1188 qui
544 1161 640 1181 eorum
661 1162 722 1182 sese
736 1155 914 1190 religionibus
927 1156 1069 1190 sacrisque

272 1195 449 1228 devoverant,
466 1206 564 1225 n0vam
581 1199 608 1225 in
623 1199 682 1227 dies
703 1204 785 1234 atque
805 1200 966 1234 ampliorem
992 1208 1068 1228 value

273 1243 477 1276 superstitionis
490 1252 594 1280 pompa!
609 1246 728 1280 speciem
753 1246 902 1279 addidisse,
918 1255 950 1274 ac
961 1251 1067 1274 vetera-

272 1286 351 1313 toriis
365 1288 551 1324 maleﬁcisque
563 1291 669 1318 artibus
685 1290 777 1319 fucum
791 1292 893 1326 passim
909 1292 1067 1319 hominibus

1122 965 1176 991 τῶν
1190 965 1396 1002 θεραπευόντων
1426 967 1473 993 καὶ
1505 968 1663 1002 ἱερωμένων
1685 968 1788 999 αὐτοῖς,
1817 967 1864 994 ἐπὶ
1888 966 1919 994 ἰδ

1124 1011 1216 1047 μεῖζον
1229 1013 1273 1039 ἀεὶ
1288 1013 1334 1040 τὸν
1352 1014 1384 1039 ὲκ
1398 1013 1447 1048 τῆς
1472 1013 1622 1048 φαντασίας
1638 1013 1722 1048 τῦφον
1745 1013 1918 1048 ἀπαγόντων,

1124 1058 1170 1084 καὶ
1183 1058 1215 1094 δὴ
1230 1059 1276 1085 καὶ
1291 1060 1433 1095 γοητικαῖς
1448 1060 1637 1095 κακοτεχνίαις
1649 1059 1682 1086 τὰ
1694 1059 1777 1085 πολλὰ
1788 1067 1919 1085 συσκευα-

1123 1104 1254 1140 ζομένων,
1272 1105 1322 1140 τῆς
1341 1106 1503 1133 καὶτούτων
1518 1106 1691 1138 διδασκαλίας
1713 1105 1804 1132 αὐτῶν
1835 1105 1918 1132 πάλιν

1122 1152 1176 1178 τῶν
1187 1152 1295 1186 φαύλων
1307 1152 1442 1188 δαιμόνων
1472 1154 1529 1185 τοῖς
1552 1153 1733 1188 (θεραπεύουσι
1761 1161 1916 1189 προκαταρ-

1123 1197 1275 1231 ξάντων·οἱ’
1286 1206 1344 1232 γει
1362 1199 1427 1233 γοῦν
1455 1200 1503 1227 καὶ
1534 1200 1584 1235 τῆς
1610 1200 1764 1236 ἀρχεκάκου
1788 1199 1916 1236 γοητείας

1122 1245 1204 1271 παντὶ
1214 1245 1253 1280 τῷ
1265 1246 1319 1272 τῶν
1331 1245 1483 1282 ἀνθρώπων
1500 1246 1549 1282 βίῳ
1564 1247 1736 1282 κατέστησαν
1751 1245 1844 1278 αττιοι,
1860 1246 1915 1272 ὡσ-

1121 1291 1222 1328 περοῦν
1234 1293 1248 1319 ὁ
1266 1293 1319 1328 πρὸ
1331 1293 1425 1320 τούτου
1441 1293 1563 1328 διήλεγξε
1580 1293 1667 1328 λόγος.

273 1329 453 1368 fraudemque
485 1334 594 1364 fecisse.
618 1336 693 1370 Quas
706 1339 788 1366 etiam
816 1339 849 1366 ad
877 1346 921 1366 res
952 1339 1105 1366 cultoribus
1124 1339 1323 1375 clientibusque
1341 1340 1398 1368 suis
1420 1340 1505 1367 facem
1533 1340 1649 1375 improbi
1666 1340 1805 1368 daemones
1817 1338 1917 1376 prafe-

272 1381 381 1413 rebant,
399 1390 469 1417 quos
503 1385 597 1419 utique
619 1386 812 1414 fasriualionis
840 1387 934 1421 illius,
958 1395 1019 1422 qua!
1036 1388 1170 1415 maleruni
1191 1389 1313 1416 omnium
1330 1394 1412 1424 caput
1434 1389 1495 1421 fuit,
1523 1397 1638 1426 quaeque
1655 1390 1804 1417 humanum
1828 1396 1914 1426 genus

271 1428 393 1461 pervasit
415 1429 573 1458 universum
587 1451 595 1463 ,
623 1432 744 1460 artiﬁces
771 1434 909 1461 exstitisse
935 1433 1071 1468 superiori
1091 1433 1277 1469 disputatione
1294 1434 1474 1462 ostendimus.

574 1478 689 1506 CAPUT
717 1479 762 1508 Ill.

1388 1483 1588 1510 ΚΕΦΑΛΛΙΟΝ
1608 1483 1646 1511 Γ’.

276 1527 371 1557 Varias
387 1539 418 1557 ac
438 1532 599 1574 multiplices
613 1533 912 1574 Gr'tzcoruirt‘aducrsus
936 1538 998 1565 deos
1023 1547 1066 1566 tu-

1120 1534 1184 1566 Ὅτι
1199 1539 1391 1572 πολυσχιὸὴς
1413 1540 1461 1566 καὶ
1492 1538 1696 1574 πολυγνώμων
1719 1539 1738 1573 ἠ
1759 1539 1825 1573 περὶ
1838 1538 1915 1566 θεῶν

475 1569 639 1601 perslilionis
655 1576 739 1598 sectas
765 1572 858 1605 fuisse.

306 1608 376 1646 Ergo
395 1617 448 1639 tam
466 1614 591 1641 scelerati
613 1615 657 1643 isti
680 1624 712 1644 ac
737 1621 870 1646 terrarum
897 1621 996 1648 accolae
1012 1621 1068 1649 dre-

271 1664 378 1689 mones,
395 1667 477 1693 quam
496 1661 535 1686 vel
561 1662 628 1688 aerii
648 1663 689 1689 vel
712 1665 812 1691 terreni
840 1666 970 1700 spiritus,
997 1676 1067 1703 quos

271 1703 365 1730 mundi
382 1709 500 1743 rectores
512 1726 518 1737 ,
538 1714 571 1734 ac
584 1708 720 1742 spiritales
741 1711 870 1745 nequitia:
895 1713 1066 1749 principatus

271 1753 354 1783 atque
376 1755 525 1783 potestates
547 1752 645 1780 dirime
675 1755 772 1783 littera:
799 1764 976 1793 nuncupant,
1003 1769 1066 1788 cum

272 1794 353 1821 modo
372 1795 505 1823 bonorum
520 1798 663 1831 geniorum
679 1807 826 1835 personam
852 1804 1014 1840 vultumque
1027 1806 1066 1833 si-

272 1841 416 1874 mularent,
431 1843 513 1870 modo
529 1845 682 1873 cmlestium
710 1848 792 1875 etiam
814 1849 941 1884 deorum,
953 1857 1002 1879 aut
1017 1855 1066 1882 he-

272 1895 350 1914 roum
371 1889 488 1923 speciem
507 1899 539 1918 ac
554 1891 669 1920 fortnam
687 1894 833 1928 induerent
845 1917 852 1930 ,
877 1901 1001 1933 adeoque
1021 1909 1065 1927 re—

272 1933 322 1961 bus
336 1934 402 1969 ipsis
417 1937 545 1970 nequitize
565 1946 622 1966 sua:
638 1940 778 1974 specimen
795 1943 885 1977 palam
914 1944 967 1979 ipsi
993 1954 1064 1973 non-

270 1986 411 2014 nunquam
427 1986 510 2016 atque
523 1989 616 2018 aperte
641 1987 816 2015 ostenderent
830 1999 836 2016 :
852 1989 921 2017 nihil
941 1991 1065 2025 profecto

270 2024 382 2059 mirum,
393 2026 416 2053 si
433 2027 573 2063 multiplex
589 2030 731 2059 hominum
749 2041 810 2061 sese
828 2035 928 2063 animis
941 2024 1023 2065 altius
1037 2038 1063 2065 in

268 2071 328 2099 dies
344 2079 422 2100 error
442 2073 574 2103 insereret
587 2086 594 2104 :
612 2085 674 2104 cum
687 2085 736 2106 eos
749 2080 796 2107 alii
808 2081 885 2113 deos.
900 2083 1000 2110 heroas
1015 2091 1063 2111 seu

269 2117 409 2147 daemonas
430 2120 488 2152 alii,
504 2122 570 2149 deos
594 2130 659 2150 vero
673 2132 847 2161 nequaquam
867 2135 928 2156 esse
944 2128 1063 2157 fateren-

270 2167 325 2196 tur,
341 2172 374 2192 ac
399 2165 553 2195 daemonum
579 2169 700 2204 ipsorum
725 2172 794 2200 alios
821 2174 908 2202 bonos
938 2176 1063 2210 specioso

1208 1576 1271 1608 τοῖς
1292 1576 1423 1609 Ἕλλησι
1442 1575 1577 1609 συνέστη
1595 1574 1821 1610 δεισιδαιμονία.

1155 1631 1263 1658 Τούτων
1289 1631 1433 1667 τοιγαροῦν
1462 1632 1515 1659 τῶν
1541 1632 1685 1668 μοχθηρῶν
1707 1633 1752 1659 καὶ
1767 1632 1914 1667 περιγείων

1117 1677 1262 1713 δαιμόνων,
1280 1678 1334 1704 τῶν
1361 1687 1390 1705 τε
1409 1678 1509 1714 ἀερίων
1524 1679 1571 1705 καὶ
1589 1678 1773 1714 καταχθονίων
1789 1679 1913 1714 πνευμά-

1117 1731 1181 1754 των,
1195 1722 1241 1755 οὒς
1253 1723 1489 1759 κοσμοκράτορας,
1506 1724 1553 1751 καὶ
1572 1723 1759 1759 πνευματικὰς
1776 1724 1910 1759 πονηρίας

1117 1770 1203 1806 ἀρχάς
1216 1777 1246 1795 τε
1261 1769 1307 1796 καὶ
1322 1769 1447 1802 ἐξουσίας
1461 1770 1485 1796 οἱ
1501 1769 1567 1796 θεῖοι
1582 1770 1654 1803 λόγοι
1667 1769 1911 1806 προσαγορεύουσι,

1116 1815 1177 1841 τοτὲ
1195 1815 1244 1850 μὲν
1259 1815 1299 1846 εἰς
1317 1815 1438 1849 ἀγαθοὺς
1449 1815 1578 1851 δαίμονας
1593 1815 1826 1851 ὑποκρινομένων,
1851 1816 1912 1842 τοτὲ

1116 1861 1144 1887 δὲ
1160 1861 1200 1892 εἰς
1221 1860 1364 1895 οὐρανίους
1380 1860 1458 1892 Θεοὺς
1485 1860 1742 1896 σχηματιζομὲνων,
1768 1860 1816 1887 καὶ
1831 1860 1912 1888 πάλιν

1117 1906 1209 1933 ἄλλοτε
1226 1907 1266 1937 εὶς
1279 1906 1372 1941 ἥρωας
1387 1905 1666 1941 μεταμορφουμένων,
1684 1905 1742 1931 ἔστι
1761 1905 1783 1931 δ’
1797 1906 1850 1940 ὂπη
1865 1905 1913 1932 ἆν-

1115 1960 1212 1988 τικρυς
1231 1951 1274 1978 διὰ
1287 1950 1341 1977 τῶν
1355 1951 1502 1987 δρωμένων
1516 1951 1564 1986 τῆς
1583 1951 1734 1986 μοχθηρίας
1758 1950 1788 1976 τὸ
1810 1949 1911 1985 δεῖγμα

1116 1996 1352 2033 παραφαινόντων·
1369 1997 1482 2028 εἰκότως
1507 1996 1590 2027 πολὺς
1609 1996 1623 2021 ὁ
1644 1995 1746 2027 πλάνος
1755 1994 1910 2030 ἀνθρώποις

1116 2042 1155 2069 ἑτι
1169 2042 1268 2078 μᾶλλον
1282 2042 1361 2077 ἐπῄει
1374 2041 1428 2068 τῶν
1442 2042 1491 2077 μὲν
1509 2041 1587 2072 θεοὺς
1599 2039 1679 2073 εἶναι,
1707 2040 1762 2067 τῶν
1775 2041 1803 2067 δὲ
1815 2041 1911 2075 ἥρωας

1116 2090 1162 2116 καὶ
1177 2090 1319 2125 δαίμονας,
1332 2089 1390 2115 ἀλλ’
1404 2089 1434 2115 οὺ
1451 2088 1529 2120 θεοὺς
1541 2087 1673 2123 ὑπάρχειν
1688 2087 1891 2123 ὁμολογούντων
1900 2096 1907 2103 ·

1115 2137 1162 2163 καὶ
1175 2136 1230 2162 τῶν
1239 2135 1374 2170 δαιμόνων
1387 2134 1449 2166 τοὺς
1468 2134 1517 2169 μὲν
1538 2133 1657 2167 ἀγαθοὺς
1675 2133 1908 2168 ὲπιφημιζόντων,

1115 2181 1168 2207 τῶν
1182 2180 1196 2200 b
1211 2180 1240 2206 δὲ
1260 2179 1414 2214 φαυλότατα
1436 2178 1491 2214 (70)
1520 2178 1732 2210 ἐπικαλούντων,
1755 2178 1824 2214 πλὴν
1841 2178 1909 2205 ἀλλὰ

269 2210 390 2242 nomine,
403 2211 472 2238 alios
485 2218 579 2241 contra
592 2215 708 2249 pessime
719 2219 897 2253 appellarent,
912 2221 952 2248 sic
966 2227 1058 2250 tamen
1075 2220 1097 2247 D
1111 2227 1165 2253 δεῖν
1177 2210 1336 2261 φασκόντων
1353 2226 1400 2252 καὶ
1421 2225 1485 2256 τοὺς
1514 2224 1634 2259 φαύλους
1656 2223 1835 2257 ἐξιλεοῦσθαι,
1863 2224 1909 2252 διὰ

269 2262 299 2284 ut
315 2258 434 2286 nefarios
450 2261 531 2288 etiam
548 2262 625 2297 illos,
651 2265 684 2292 ad
709 2267 891 2296 amoliendam
909 2277 1003 2297 eorum
1017 2279 1062 2299 ve-

266 2304 416 2338 xationem,
433 2307 574 2335 conciliari
599 2310 758 2346 placarique
784 2314 891 2342 vellent.
912 2314 1005 2351 Itaque
1027 2318 1061 2345 li-

266 2353 338 2377 ctam
356 2351 431 2379 illam
446 2354 590 2381 numinum
607 2357 775 2385 molitionem
798 2359 890 2394 plures
909 2362 936 2388 in
958 2363 1061 2392 classes

267 2396 382 2424 divisam
398 2405 430 2426 ac
445 2404 547 2427 sectam
574 2401 703 2430 habuere.
730 2404 821 2433 Prima
847 2407 968 2436 siderum
1000 2410 1061 2437 illo-

268 2450 327 2469 rum
341 2448 392 2475 est,
407 2453 469 2480 quae
483 2452 634 2476 cernuntur
648 2449 674 2476 in
688 2451 769 2484 cmlo,
780 2461 849 2486 quos
862 2455 945 2482 etiam
958 2456 1061 2490 princi-

268 2494 315 2521 pes
329 2490 450 2517 omnium
468 2491 555 2525 θεούς,
569 2494 645 2526 deos,
662 2496 760 2530 partim
776 2505 790 2524 a
814 2499 897 2527 verbo
909 2500 991 2534 θέειν,
1006 2502 1059 2530 hoc

268 2538 309 2560 est
323 2542 444 2569 currere,
460 2539 557 2572 partim
578 2541 613 2567 ab
627 2541 712 2570 altero
733 2543 857 2580 θεωρεῖν,
871 2548 944 2581 quod
960 2553 1056 2582 estea,

268 2587 329 2614 quae
342 2582 394 2609 sub
409 2590 548 2618 aspectum
563 2587 675 2621 cadunt,
689 2592 879 2626 contemplari,
896 2594 976 2629 cujus
990 2603 1056 2622 con-

306 2655 317 2668 ιι
338 2648 391 2676 del.
411 2649 453 2685 γέ.
491 2651 506 2672 δ
526 2653 569 2679 fa.
590 2654 663 2686 τούς.

286 2717 360 2761 Ρέ69)
379 2718 528 2761 Ἐξάρχῳγ
550 2722 635 2749 θεῶν.
664 2724 782 2753 Omnino
808 2726 916 2761 legend.
939 2727 1056 2761 videtur,

269 2753 399 2797 ε-ξῖνλρχον,¹
410 2753 483 2788 (ιυοῦ
498 2756 566 2797 idem
580 2763 712 2797 est_atque
725 2753 858 2797 ὑπῆρχον,
869 2753 987 2796 itemque
1001 2753 1058 2790 dis:

271 2789 448 2826 tinguendum
473 2796 534 2824 post
553 2789 676 2821 eamdem
702 2789 908 2825 vocen'if‘Porro
932 2789 1059 2826 Theodo-

271 2828 346 2868 rotus
367 2824 412 2868 lib.
427 2826 511 2868 De
529 2826 646 2868 (irier-or.
669 2831 864 2864 a/I‘ectionibus,
886 2824 1056 2868 ipsorstatim

270 2860 359 2897 initio,
373 2860 511 2897 simillima
526 2862 655 2897 disputat.

306 2893 363 2928 176*)
384 2893 446 2922 Τῶν
460 2895 494 2923 δὲ
507 2893 690 2932 φαυλότατα.
707 2900 822 2930 Montac.
835 2923 842 2938 ,
859 2904 921 2935 τοὺς
946 2904 973 2931 δὲ
990 2913 1059 2939 φαυ-

1115 2273 1166 2304 τὰς
1181 2272 1210 2304 ἐξ
1224 2272 1313 2299 αὐτῶν
1325 2271 1435 2307 βλάϐας·
1465 2270 1536 2297 ὥστε
1557 2271 1605 2306 τὴν
1628 2271 1717 2297 πᾶσαν
1735 2271 1828 2303 αὐτοῖς
1854 2270 1910 2298 θεο-

1115 2319 1206 2346 ποιίαν
1220 2320 1260 2350 εἰς
1274 2318 1331 2353 εἴδη
1355 2317 1467 2344 πλείονα
1483 2318 1674 2345 καταπίπτειν⁸
1689 2317 1797 2353 πρῶτον
1814 2318 1863 2353 μὲν
1877 2318 1909 2344 τὸ

1114 2366 1146 2392 ἐκ
1160 2365 1214 2392 τῶν
1234 2364 1404 2400 φαινομένων
1419 2363 1479 2390 κατ’
1492 2363 1605 2399 οὐρανὸν
1619 2364 1712 2399 φωστή
1717 2373 1782 2399 ρων,
1796 2363 1843 2395 οὒς
1860 2364 1907 2392 καί

1113 2421 1179 2447 φασι
1189 2411 1234 2439 διὰ
1245 2411 1275 2438 τὸ
1290 2411 1370 2443 θέειν,
1383 2411 1452 2446 ὅπερ
1467 2410 1525 2436 ἐστὶ
1537 2410 1654 2445 τρέχειν,
1666 2410 1710 2437 διά
1718 2419 1747 2437 τε
1757 2411 1788 2436 τὸ
1805 2410 1908 2443 αἰτίους

1114 2455 1183 2484 εἶναι
1193 2456 1240 2484 τοῦ
1254 2456 1367 2491 θεωρεῖν
1388 2455 1422 2482 τὰ
1443 2455 1580 2492 ὁρώμενα,
1610 2454 1734 2491 πρώτους
1749 2456 1827 2488 θεοὺς
1842 2456 1908 2491 ἀνη-

1112 2502 1268 2538 γορεῦσθαι·
1283 2502 1408 2537 δεύτερον
1423 2501 1452 2527 τὸ
1471 2500 1516 2527 διὰ
1545 2501 1599 2536 (71)
1617 2500 1666 2532 τὰς
1689 2502 1729 2532 εἰς
1753 2501 1798 2530 τὸν
1816 2500 1908 2528 κοινὸν

1112 2549 1179 2584 βίον,
1192 2548 1230 2580 ὣς
1244 2557 1334 2583 φασιν,
1347 2547 1507 2584 εὐεργεσίας
1520 2546 1754 2582 ἐκτετιμημένων,
1763 2547 1816 2582 ὃδὴ
1825 2546 1855 2579 ἐξ
1863 2548 1908 2574 ἀν-

1111 2595 1227 2632 θρώπων
1234 2595 1412 2631 γεγεννῆσθαι
1421 2593 1468 2621 καὶ
1475 2593 1552 2620 αὐτοὶ
1560 2593 1732 2629 ὁμολογοῦσι,
1741 2594 1804 2625 apii;
1812 2593 1907 2621 καλου-

1110 2729 1248 2763 λοτάτους.

1147 2765 1203 2803 (ᾙ)
1219 2766 1254 2793 Τὸ
1269 2766 1328 2795 διά,
1347 2766 1466 2803 Legend.
1483 2768 1564 2796 credo
1579 2768 1620 2795 vel
1637 2769 1667 2796 τὸ
1683 2769 1715 2796 ἐκ
1726 2769 1780 2796 τῶν
1794 2767 1856 2802 διά,
1874 2774 1906 2798 ut

1110 2801 1271 2838 pa_ulo_ante
1288 2801 1398 2838 πρῶτον
1409 2804 1457 2838 μὲν
1473 2804 1504 2830 τὸ
1520 2805 1551 2830 ὲκ
1566 2803 1631 2837 τῶν,
1646 2805 1688 2831 vel
1700 2805 1795 2832 saltem
1809 2804 1840 2830 τὸ
1850 2805 1905 2833 τῶν

1110 2835 1163 2862 διά.
1182 2836 1267 2873 Quod
1281 2835 1350 2865 si'ne
1364 2835 1417 2865 τῶν
1432 2839 1541 2873 quidem
1557 2835 1657 2866 addere
1673 2840 1817 2873 placuerit,
1832 2848 1905 2867 τετι-

1113 2872 1242 2910 μημένων
1257 2873 1328 2908 quod
1341 2872 1475 2909 sequitur,
1503 2875 1529 2902 in
1543 2872 1724 2910 τετιμημένον
1740 2875 1902 2903 mutandum

1110 2908 1172 2934 erit.
