2060 3213
162 176 216 204 51⁸1
543 191 549 205 ι

762 173 925 202 ΡΒᾸΕΡΑΒ.
945 173 1072 203 EVANG.
1091 173 1156 202 LIB.
1175 174 1206 202 ι’.

1751 177 1803 205 518

163 234 258 271 μένους
271 235 369 271 ἥρωας
385 236 599 273 παραφέροντες,
615 234 751 270 Ἠρακλέα
768 235 815 260 καὶ
828 219 952 260 Διοσκού-

1008 234 1193 269 templationis
1213 238 1340 262 auctores
1355 233 1375 261 ii
1395 233 1460 267 sint,
1473 234 1631 262 nominatos
1645 242 1707 263 esse
1724 235 1805 264 dicti-

163 289 235 316 ρους,
241 281 370 309 Διόνυσόν
376 291 407 309 τε
415 283 532 315 καὶτοὺς
539 282 613 318 παρὰ
620 283 674 313 τοῖς
682 281 828 316 βαρὸάροις
835 280 955 315 ὁμοίους·

162 325 193 358 ἐξ
206 322 243 352 ὧν
258 327 445 363 ἀφορίσαντες
462 329 507 355 καὶ
523 326 738 362 διαστειλάμενοι
760 325 794 352 τὰ
818 326 882 361 περὶ
902 324 957 351 τῶν

161 371 251 399 αὐτῶν
268 373 435 409 αἱσχρότερα
454 373 688 409 μνημονευόμενα,
707 372 797 408 τρίτον
813 369 883 402 εἶδος
899 371 958 397 θεο-

162 417 253 450 ποιιας
268 419 411 452 ὑπέθεντο,
431 419 542 455 μυθικὸν
562 419 627 446 αὐτὸ
649 418 861 449 ἐπικαλέσαντες
873 425 879 431 ·
897 416 910 442 ὃ
926 416 957 452 δὴ

161 464 402 499 ὲπαισχυνθὲντες,
438 464 540 501 καίπερ
571 464 670 499 ἀληθὲς
705 464 752 490 καὶ
779 462 957 489 παλαιότατον

161 509 306 545 τυγχάνον,
325 510 373 536 ἐπὶ
387 510 416 537 τὸ
433 510 629 546 φυσικώτερον,
644 510 681 541 ὥς
695 518 771 543 φασι,
787 508 957 544 μεταὸεὸλὴ-

160 564 227 583 κασι
240 557 461 593 τροπικοπέραις
483 556 669 593 ἀλληγορίαις,
693 556 808 591 θεωρίας
827 555 857 591 δή
881 564 957 586 τινας

162 601 432 639 εὑρεσιλογήσαντες.
453 603 523 629 Ἀλλ’
533 603 587 630 οὐδ’
601 604 641 634 εἰς
656 602 734 629 τοῦτο
752 601 855 637 πλάνης
866 602 957 632 αὐτοῖς

164 649 287 684 άτξήρκει
307 648 438 684 μετιέναι.
456 649 523 684 Ἦόη
548 647 576 675 δὲ
599 649 646 675 καὶ
668 648 747 684 μέχρι
770 648 824 674 τῶν
848 647 956 673 οἰκείων

162 694 258 721 παθῶν
285 695 317 721 τὸ
348 694 495 730 σεϐάσμιον
518 695 564 721 καὶ
590 693 777 729 προσκυνητδν
801 693 887 727 δνομα
909 691 956 717 τοῦ

164 739 234 767 Θεοῦ
247 739 457 773 καταϐαλόντες,
474 740 602 775 τέταρτον
621 740 758 771 θεοποιίας
772 738 957 774 προσεπενόη-

164 795 214 813 σαν
228 786 347 822 τρόπον,
362 787 416 813 οὐδ’
436 787 622 822 ἀντιρρήσεως
639 786 723 819 ἄξιον,
746 785 784 821 τῷ
805 786 852 812 καὶ
874 785 956 811 αὐτὸν

164 834 301 869 προφανὲς
322 833 473 868 ἐπάγεσθαι
494 833 524 860 τὸ
539 831 650 868 αἶσχος·
669 834 693 859 εἰ
713 832 744 868 δή
762 840 823 858 τινα
847 832 956 867 Ἔρωτα

161 879 208 905 καὶ
235 878 396 915 Ἀφροδίτην
418 878 465 905 καὶ
489 877 585 910 Πόθον,
613 878 662 909 τὰς
685 878 801 912 αἰσχρὰς
820 877 866 903 καὶ
892 877 956 902 ἀκοσ
973 905 993 932 Β

160 922 277 955 λάστους
298 923 387 950 αὐτῶν
402 922 550 958 ἐπιθυμίας
565 922 642 955 θεοὺς
659 922 815 953 ἁνειπόντες
825 930 831 936 ·
848 922 895 948 καὶ
910 921 955 947 τὸν

164 969 212 1004 μὲν
225 969 305 1003 λόγον
325 969 439 1005 Ἑρμῆν,
460 968 505 995 τὸν
526 968 555 995 δὲ
572 968 700 1004 λογισμὸν
724 967 840 1003 Ἀθηνᾶν
858 968 952 994 ἐπονο-

162 1014 315 1050 μάσαντες·
334 1014 381 1041 καὶ
400 1014 488 1041 ταῦτα
504 1015 536 1050 τῇ
559 1014 647 1049 οἰκείᾳ
663 1014 849 1049 παρειλήφασι
865 1012 955 1039 θεολο-

161 1059 216 1095 γίςι,
236 1059 275 1092 ὥς
291 1060 339 1087 καὶ
354 1060 384 1086 τὸ
406 1058 530 1096 πέμπτον
545 1061 577 1087 ὲκ
591 1060 645 1086 τῶν
659 1060 688 1086 ὲν
708 1059 862 1095 ἀνθρώποις
878 1067 954 1093 γινοη

161 1106 249 1144 μένων
262 1107 433 1143 πραγμάτων
444 1107 676 1142 ἀναπλασάμενοι.
688 1107 744 1138 Τὰς
750 1107 804 1141 γὰρ
813 1106 954 1141 ἐνεργείας

157 1153 207 1185 τάς
222 1161 252 1180 τε
275 1152 437 1189 πολεμικὰς,
461 1153 508 1180 καὶ
531 1153 580 1185 τὰς
596 1152 722 1188 τεχνικὰς
748 1153 954 1188 ἁνειδωλοποιή-

159 1207 267 1231 σαντες,
283 1198 355 1231 Θεοῖς
373 1199 540 1234 ἀπένειμαν·
558 1199 636 1235 Ἀρει
652 1199 701 1234 μὲν
717 1198 763 1224 καὶ
784 1197 883 1233 Ἀθηνᾷ
905 1198 953 1230 τὰς

157 1243 318 1280 πολεμικὰς,
337 1245 478 1280 Ἡφαίστῳ
491 1245 519 1271 δὲ
533 1245 578 1271 καί
597 1253 668 1271 τισιν
686 1245 788 1280 ἑτέροις
802 1244 851 1276 τὰς
866 1253 953 1279 τεχνι-

157 1291 218 1322 uti;
245 1290 307 1317 Ἐπὶ
326 1291 394 1318 πᾶσι
410 1291 516 1322 τούτοις
529 1291 608 1318 ἕκτον
622 1291 669 1317 καὶ
692 1290 805 1325 ἕϐδομον
820 1289 889 1322 εἶδος
905 1291 953 1317 αὺ-

155 1338 213 1368 τοῖς
228 1337 260 1364 τὺ
278 1337 433 1372 δαιμονικὸν
456 1337 639 1373 παρεισήχθη,
659 1336 827 1372 πολύτροπον
842 1337 949 1371 άληθῶς

157 1383 292 1418 τυγχάνον
311 1383 360 1410 καὶ
378 1383 565 1419 πολύμορφον,
586 1384 645 1410 τοτὲ
668 1383 716 1418 μὲν
739 1383 816 1421 θεοὺς
839 1383 953 1417 ὑποκρι-

156 1430 281 1466 νόμενον,
299 1431 360 1457 τοτὲ
382 1430 409 1457 δὲ
426 1430 514 1466 ψυχὰς
527 1430 707 1466 τεθνηκότων,
725 1430 772 1456 καὶ
796 1429 878 1465 μηδὲν
904 1429 952 1464 μὲν

157 1477 199 1508 εἰς
209 1476 313 1512 ἀρετὴν
325 1475 415 1511 ψυχῆς
430 1475 661 1511 συμὸαλλόμενον,
678 1474 845 1507 ὲπιτωθάζον
857 1474 884 1500 δὲ
897 1474 951 1507 ἀεὶ,

155 1523 205 1550 καὶ
224 1522 298 1550 κατὰ
313 1521 445 1559 κρημνῶν
462 1521 543 1556 φέρον
557 1521 601 1548 διὰ
623 1521 674 1556 τῆς
690 1520 830 1556 ἀπατηλοῦ
848 1520 952 1554 πλάνης

1011 284 1077 307 tant.
1094 280 1135 307 Ad
1153 280 1300 307 secundam
1311 282 1457 315 pertinent,
1475 281 1522 316 qui
1538 281 1596 308 suis
1608 301 1616 313 ,
1642 285 1672 308 ut
1692 282 1802 316 quidem

1009 326 1095 359 aiunt,
1114 326 1140 353 in
1158 326 1306 353 humanum
1322 335 1407 362 genus
1431 328 1536 355 meritis
1562 327 1588 354 id
1608 332 1672 354 sunt
1689 328 1804 355 honoris

1012 373 1172 405 consecuti,
1198 380 1267 407 quos
1292 373 1412 400 humano
1437 373 1570 408 sanguine
1590 379 1664 401 satos
1680 373 1802 402 fatentur

1009 417 1060 451 ipsi
1080 425 1189 452 quoque
1202 439 1209 450 ,
1228 418 1292 444 dum
1320 426 1386 445 suos
1408 417 1470 445 illos
1492 419 1600 449 heroas.
1618 419 1658 446 uti
1681 424 1780 446 vocant
1794 440 1802 451 .

1009 463 1171 495 Herculem,
1187 463 1375 499 Tyndaridas,
1398 463 1550 497 Bacchum,
1578 469 1605 492 et
1631 465 1751 500 reliquos
1776 466 1803 494 id

1009 519 1095 546 genus
1111 510 1277 545 producunt,
1295 510 1473 538 barbarorum
1501 518 1549 538 ore
1574 511 1704 546 cultuque
1730 512 1804 541 cele-

1009 556 1112 583 bratos.
1132 555 1211 590 183
1225 555 1347 588 Quorum
1361 564 1393 583 cx
1409 564 1490 591 grege
1505 557 1631 591 sepositis
1644 565 1676 584 ac
1687 557 1803 585 seclusis

1009 603 1053 635 iis,
1070 610 1130 637 quae
1158 603 1263 637 majore
1291 604 1324 629 de
1350 603 1403 631 illis
1422 611 1483 630 cum
1514 603 1627 630 infamia
1645 604 1802 638 probroque

1008 648 1184 681 ferebantur,
1214 648 1427 677 tertiumnobis
1449 649 1599 677 divinitatis
1620 657 1706 683 genus
1724 650 1801 677 inve-

1008 703 1082 728 xere,
1096 695 1167 729 quod
1193 694 1346 722 fabulosum
1369 695 1419 730 ipsi
1442 700 1645 730 nuncuparunt.
1673 695 1744 723 ldem
1761 700 1802 723 ta-

1007 749 1080 773 men,
1096 742 1169 776 quod
1186 741 1301 768 nimium
1324 741 1374 769 sibi
1392 742 1503 774 pudoris
1525 741 1644 773 aﬂerret.
1657 750 1752 769 verum
1767 742 1800 769 li-

1007 792 1050 815 cet
1062 795 1094 815 ac
1108 788 1338 819 vetustissimum,
1358 788 1390 814 ad
1411 796 1502 815 rerum
1527 788 1693 815 naturalium
1717 789 1802 816 ratio-

1007 840 1066 866 nes,
1083 837 1113 860 ut
1127 833 1287 867 loquuntur,
1303 833 1440 867 allegoriis
1458 840 1565 860 morum
1583 833 1715 860 doctrinae
1732 841 1801 861 con-

1004 879 1199 913 junctioribus,
1214 883 1241 906 et
1252 879 1357 906 artibus
1370 878 1579 913 philosophandi
1604 879 1682 906 novis
1706 879 1801 906 tradu-

1006 932 1068 952 cere
1085 929 1149 952 sunt
1164 932 1196 952 ac
1215 924 1378 959 detorquere
1394 925 1495 952 conati.
1513 923 1672 960 Quanquam
1698 932 1732 950 ne
1747 924 1801 950 hoc

1005 971 1114 1005 quidem
1128 970 1230 998 erroris
1241 970 1267 996 in
1277 970 1360 1005 gradu
1375 970 1472 997 sistere
1485 974 1642 1004 potuerunt.
1654 970 1713 997 Jam
1727 970 1799 997 enim

1005 1017 1038 1044 ad
1065 1016 1190 1051 proprias
1212 1016 1294 1043 etiam
1321 1016 1485 1051 cupiditates
1510 1017 1695 1043 venerandum
1733 1016 1800 1043 illud

1005 1062 1136 1096 omnique
1161 1062 1273 1096 dignum
1298 1062 1400 1089 honore
1421 1062 1468 1089 Dei
1493 1070 1592 1089 nomen
1619 1062 1799 1096 abjecerunt:

1005 1112 1101 1143 quarta
1119 1108 1231 1143 insuper
1248 1108 1397 1136 divinitatis
1413 1108 1529 1135 conficta
1546 1109 1647 1143 specie,
1660 1116 1742 1143 quam
1766 1115 1800 1135 ne

1005 1155 1191 1183 confutatioue
1206 1155 1315 1189 quidem
1337 1154 1446 1189 dignam
1462 1155 1601 1187 existimo,
1618 1155 1691 1190 quod
1713 1163 1792 1183 suam

1005 1202 1121 1236 ipsamet
1136 1201 1329 1235 turpitudinem
1350 1209 1406 1236 pra:
1419 1208 1448 1228 se
1465 1200 1551 1234 ferre,
1575 1205 1657 1236 atque
1674 1201 1797 1228 omnium

1006 1250 1032 1276 in
1049 1249 1136 1277 oculis
1152 1248 1269 1282 deligere
1284 1247 1419 1274 videatur.
1448 1246 1555 1282 Quippe
1568 1267 1576 1279 ,
1598 1247 1742 1283 ﬂagitiosis
1759 1246 1797 1274 illi

1005 1295 1062 1323 suis
1086 1293 1293 1329 proﬂigatisque
1308 1292 1484 1324 libidinibus,
1500 1292 1610 1319 Amoris
1629 1292 1722 1319 nescio
1749 1299 1799 1319 cu-

1001 1340 1058 1376 jus,
1074 1339 1197 1370 Veueris,
1221 1343 1248 1365 et
1260 1337 1403 1372 Cupidinis
1427 1337 1506 1372 quasi
1531 1337 1644 1364 deorum
1663 1345 1798 1372 quorum-

1003 1387 1065 1414 dam
1082 1393 1182 1413 nomen
1196 1384 1327 1412 indiderc.
1352 1383 1391 1411 Ac
1405 1383 1459 1410 vim
1473 1383 1578 1410 dicendi
1591 1383 1711 1418 quidem,
1722 1383 1794 1411 Mer-

1003 1430 1121 1463 curium,
1136 1428 1287 1457 disserendi
1316 1436 1399 1461 vero,
1426 1427 1575 1455 Minervam
1603 1429 1795 1463 appellarunt.

1004 1476 1140 1510 simulque
1157 1482 1235 1502 suam
1259 1473 1395 1509 ejusmodi
1418 1481 1528 1508 quoque
1554 1474 1638 1501 rebus
1655 1474 1797 1509 theologia:

1003 1521 1136 1548 rationem
1152 1520 1324 1553 assignantes
1338 1538 1345 1550 ,
1369 1518 1494 1553 quintum
1520 1526 1553 1545 ex
1569 1518 1612 1551 iis,
1631 1526 1691 1553 qua:
1708 1519 1797 1545 homi-

155 1568 248 1597 πάντα
259 1569 305 1596 τὸν
323 1568 524 1604 δεισιδαίμοναξ
540 1567 565 1601 ὃ,
585 1568 633 1594 καὶ
655 1567 720 1593 αὐτὸ
744 1567 832 1593 διόλου
851 1567 952 1601 φαῦλον

1004 1574 1069 1594 num
1083 1565 1112 1593 in
1126 1565 1209 1592 vitam
1225 1564 1366 1591 ineurrere
1380 1563 1479 1595 solent,
1495 1571 1581 1598 genus
1597 1564 1796 1591 conﬂaverunt.

154 1614 198 1647 ἰν,
215 1615 256 1648 εις
270 1614 318 1642 δύο
331 1614 472 1647 διελόντες,
488 1613 529 1645 εῐς
540 1622 570 1640 τε
584 1612 614 1639 τὸ
630 1612 786 1647 βλαπτικὸν,
803 1612 851 1639 καὶ
864 1612 904 1642 εἰς
919 1612 949 1638 τὸ

1003 1614 1057 1642 Res
1071 1613 1142 1640 enim
1156 1619 1209 1638 non
1221 1611 1303 1638 modo
1318 1610 1438 1642 bellicas,
1448 1610 1494 1637 sed
1508 1610 1589 1637 etiam
1605 1610 1795 1637 communium

154 1659 291 1696 ὠφελοῦν,
305 1660 416 1695 ἀγαθῶν
431 1661 477 1687 καὶ
490 1659 599 1694 φαύλων
614 1659 704 1690 αὐτοῖς
718 1658 857 1685 τεθείκασι
870 1666 950 1693 προσ-

154 1704 283 1741 ηγορίας.
300 1701 349 1732 Ὧν
365 1704 450 1736 οὓτως
462 1703 588 1739 ἐχόντων,
603 1704 751 1736 ἀναγκαῖον
765 1700 834 1729 εἷναί
849 1711 893 1738 μοι
907 1702 950 1728 δο-

155 1752 209 1784 κεῖ,
232 1751 266 1778 τὰ
283 1750 344 1786 μηδ⁴Ι
369 1750 556 1787 άντιῤῥήσεως
578 1749 693 1785 δεόμενα
717 1748 948 1785 παρεκθεμένους,

154 1796 202 1822 τὸν
219 1796 285 1831 περὶ
306 1795 356 1831 τῆς
372 1794 531 1830 δαιμονικῆς
548 1793 688 1829 ἐνεργείας
709 1793 854 1820 ἀκόλουθον
875 1802 949 1819 συνι-

153 1843 211 1869 δεῖν
224 1842 321 1876 λόγον·
339 1841 369 1868 ὃν
384 1842 416 1867 ὲκ
431 1841 528 1876 μέρους
540 1840 783 1875 προθεωρήσαντες
796 1841 824 1865 ἐν
842 1839 881 1875 τῷ
898 1841 950 1876 πρὸ

152 1889 250 1915 τούτου
268 1887 477 1923 συγγράμματι,
491 1886 525 1912 τὰ.
536 1886 666 1912 λείποντα
680 1885 728 1912 νῦν
747 1885 948 1921 ἀποπληρώσο-

155 1939 218 1967 μεν.
232 1931 294 1967 αἰθέρ’
308 1929 366 1963 οὖν,
381 1930 430 1966 ήδη
449 1930 541 1957 λοιπὸν
555 1930 598 1955 ἐπ’
612 1930 697 1961 αὐτὰς
717 1931 885 1965 χωρήσωμεν
900 1931 948 1962 τὰς

153 1977 316 2011 ἀποδείξεις.
332 1977 413 2013 Θήσω
426 1977 454 2004 δὲ
472 1977 583 2013 πρώτας
602 1976 652 2008 τὰς
667 1978 721 2003 ἀπὸ
742 1977 791 2012 τῆς
809 1978 948 2015 Πλουτάρ-

151 2033 203 2059 χου
220 2023 342 2060 γραφῆς,
362 2023 395 2059 ἢν
419 2023 565 2058 πεποίηται
589 2023 653 2057 περὶ
675 2021 729 2048 τῶν
752 2023 948 2050 ἐκλελοιπότων

151 2070 344 2106 χρηστηρίων·
359 2069 424 2096 ἔνθα
437 2069 501 2105 περὶ
520 2069 567 2095 τοῦ
581 2068 709 2104 πονηρῶν
729 2069 863 2104 δαιμόνων
878 2067 947 2097 εἶναι

150 2116 187 2144 τὰ
199 2116 277 2153 παρά
289 2117 345 2148 τοῖς
358 2115 447 2142 ἔθνεσι
466 2115 579 2151 μαντεῖά
591 2123 621 2140 τε
636 2115 682 2141 καὶ
695 2115 859 2151 χρηστήρια,
870 2115 946 2142 τόνδε

150 2162 254 2198 γράφει
265 2161 311 2190 τὸν
323 2162 434 2198 τρόπον.

1002 1669 1034 1689 ac
1051 1659 1202 1695 vulgarium
1218 1658 1318 1685 artium
1332 1657 1456 1692 proprias
1470 1657 1522 1684 diis
1537 1657 1699 1691 quibusdam
1718 1658 1796 1684 attri-

1002 1707 1106 1738 buunt,
1127 1704 1205 1731 Marti
1226 1703 1334 1738 quidem
1362 1703 1422 1730 illas
1450 1710 1482 1730 ac
1498 1702 1644 1734 Minervae,
1673 1702 1796 1731 Vulcano

999 1758 1089 1779 autem
1105 1756 1187 1784 a:que
1200 1750 1261 1776 aliis
1275 1749 1438 1784 quibusdam
1460 1754 1582 1776 emeras.
1603 1749 1709 1782 Quibus
1731 1758 1791 1776 om-

997 1798 1079 1825 nibus
1095 1800 1200 1824 scxtutu
1223 1796 1262 1822 illi
1285 1796 1486 1830 septimumque
1500 1803 1585 1829 genus
1607 1795 1792 1829 addiderunt,

997 1843 1069 1878 quod
1097 1846 1183 1869 totum
1212 1841 1366 1867 dzetnonum
1395 1845 1453 1873 est,
1484 1842 1589 1867 varium
1613 1841 1734 1876 proiecto
1762 1850 1794 1869 ac

998 1887 1148 1922 multiplex,
1162 1890 1244 1920 atque
1256 1885 1391 1920 ejusmodi
1402 1905 1409 1917 ,
1434 1885 1508 1921 quod
1524 1893 1585 1912 cutu
1603 1886 1684 1912 modo
1701 1888 1794 1913 numi-

999 1942 1076 1965 num,
1089 1933 1170 1959 modo
1195 1932 1317 1958 manium
1334 1931 1449 1966 speciem
1469 1931 1575 1962 induat,
1594 1937 1651 1960 tum
1667 1940 1731 1960 vero
1749 1933 1793 1960 ni-

997 1980 1035 2007 hil
1052 1980 1085 2006 ad
1103 1979 1231 2005 virtutem
1249 1977 1332 2004 animi
1350 1976 1483 2009 conferat,
1496 1976 1543 2004 sed
1563 1977 1655 2012 potius
1683 1978 1789 2006 homini

996 2025 1189 2061 superstitione
1207 2023 1291 2050 semel
1305 2022 1425 2057 obligato
1441 2029 1580 2056 nunquam
1604 2030 1659 2050 non
1682 2023 1789 2055 illudat,

995 2077 1022 2099 et.
1051 2070 1190 2098 continuis
1206 2076 1269 2096 eum
1292 2068 1362 2095 dolis
1392 2075 1423 2095 ac
1451 2067 1592 2095 fraudibus
1616 2068 1644 2095 in
1670 2076 1791 2104 prmeeps

999 2122 1070 2152 agat.
1087 2116 1158 2143 ldcm
1178 2122 1269 2150 porro,
1286 2114 1348 2141 licet
1372 2114 1448 2141 omni
1465 2122 1497 2140 ex
1522 2118 1599 2148 parte
1615 2114 1789 2147 sceleratum,

1000 2162 1068 2188 duas
1088 2160 1116 2187 in
1134 2159 1237 2194 species
1250 2179 1257 2191 ,
1286 2158 1502 2194 perniciosorum
1520 2159 1634 2186 alteram
1646 2179 1654 2191 ,
1676 2159 1789 2187 alteram

151 2209 343 2245 benignior-um
357 2208 490 2242 divisere;
509 2216 542 2236 ac
565 2208 702 2243 prioribus
734 2209 880 2241 malorum,
902 2209 1036 2236 bonorum
1062 2216 1127 2236 vero
1159 2207 1356 2243 posterioribus
1374 2215 1473 2234 nomen
1497 2207 1630 2236 indidere.
1645 2206 1711 2240 Qua:
1728 2216 1789 2235 cum

150 2258 286 2293 ejusmodi
303 2258 377 2290 sint,
400 2257 426 2284 id
443 2257 509 2284 mihi
537 2265 610 2284 nunc
627 2257 761 2292 agendum
787 2256 886 2291 video,
913 2262 942 2284 ut
962 2257 1150 2292 praetermissis
1169 2256 1215 2289 iis,
1238 2264 1299 2290 quae
1316 2263 1365 2283 sua
1388 2260 1484 2290 sponte
1502 2256 1660 2288 concidunt,
1681 2256 1791 2283 institu-

148 2310 207 2332 tam
227 2304 262 2332 de
280 2303 310 2334 vi
329 2298 488 2339 artibusque
504 2303 659 2330 daemonum
683 2303 896 2337 disputationem
921 2311 1070 2338 persequar
1083 2323 1090 2334 ,
1119 2309 1256 2337 quamque
1274 2301 1344 2328 libro
1372 2301 1514 2336 superiore
1541 2301 1597 2335 jam
1626 2301 1720 2333 aﬂ'eci,
1737 2301 1789 2329 hoe

149 2352 269 2388 denique
297 2357 449 2387 pertexam.
476 2351 533 2386 Age
565 2350 657 2385 itaque
681 2355 762 2385 atque
792 2351 825 2378 ad
852 2356 940 2378 certas
960 2350 1042 2385 (quod
1070 2358 1154 2377 unum
1179 2349 1314 2385 superest)
1340 2349 1470 2376 vanitatis
1503 2349 1585 2383 hujus
1611 2349 1789 2383 coarguenda:

150 2400 271 2427 rationes
286 2399 440 2427 veniamus.
459 2398 524 2426 Mihi
539 2406 620 2429 vero.
650 2398 790 2425 Plutarchi
812 2402 874 2425 ante
891 2403 1005 2426 cmteros
1026 2397 1216 2425 auctoritatem
1245 2403 1342 2431 urgere
1356 2396 1444 2422 visum
1462 2399 1515 2426 est,
1535 2403 1566 2422 ex
1583 2403 1626 2427 eo,
1644 2402 1724 2429 quem
1754 2395 1788 2422 de

148 2444 283 2473 exhausta
305 2444 478 2472 oraculorum
493 2443 519 2471 vi
539 2443 658 2477 scripsit,
679 2442 769 2470 libello
791 2444 944 2478 repetitam.
968 2442 1018 2469 Ubi
1047 2442 1178 2477 quidquid
1196 2449 1312 2476 usquam
1329 2441 1523 2467 vaticiniorum
1548 2441 1619 2474 apud
1636 2445 1729 2475 gentes
1746 2445 1788 2468 at-

149 2499 205 2527 que
213 2492 390 2520 oraculorum
399 2490 459 2523 fuit,
474 2491 606 2524 improbis
621 2491 791 2519 daemonibus
804 2491 935 2526 assignat,
956 2492 983 2519 in
1001 2499 1074 2524 eum,
1092 2491 1139 2526 qui
1160 2491 1294 2526 sequitur,
1308 2490 1429 2516 modum.

413 2548 613 2575 ΚΕΦᾹΛΑΙΟΝ
639 2549 676 2576 Δ’.
700 2567 703 2570 -

1253 2547 1333 2583 184
1350 2545 1466 2574 CAPUT
1486 2546 1532 2573 tv.

149 2594 222 2630 Περι
235 2593 297 2629 ,τοῦ
312 2594 453 2629 πονηρῶν
470 2594 619 2630 δαιμόνων
636 2593 712 2621 εἶναι
723 2595 761 2621 τὰ
784 2594 863 2629 παρὰ
879 2595 941 2628 τοῖς

263 2630 365 2657 ἔθνεσι
381 2629 507 2664 parter
526 2638 558 2656 τε
579 2629 628 2656 καὶ
643 2630 822 2665 χρηστήρια.

196 2681 250 2712 «EG
265 2686 313 2720 μὲν
326 2681 374 2711 οὖν
384 2683 449 2719 (71')
457 2683 565 2721 λέγουσι
574 2685 620 2710 καὶ
629 2685 652 2709 οἱ
663 2684 795 2719 λέγοντες,
811 2687 853 2713 ὅτι
868 2685 939 2712 Πλά-

147 2737 213 2761 των,
242 2728 275 2756 τδ
294 2729 355 2760 ταῖς
382 2728 566 2764 γεννωμέναις
590 2729 729 2765 ποιότησιν
758 2730 938 2766 ὑποκείμενον

147 2776 280 2811 στοιχεῖον
304 2774 433 2810 ἐξευρὼν,
459 2775 492 2810 ἢν
515 2774 581 2810 ὓλην
605 2774 660 2810 (72)
687 2774 808 2807 καλοῦσι,
832 2776 937 2802 πολλῶν

147 2821 285 2858 ἀπήλλαξε
309 2814 358 2848 καὶ
383 2821 506 2856 μεγάλων
533 2822 655 2857 ἀποριῶν
674 2823 736 2854 τοὺς
760 2822 935 2858 φιλοσόφους

182 2879 250 2915 (π’)
397 2877 464 2917 οὖν.
477 2879 665 2909 Plutarch.De
679 2880 848 2909 oraculorum
867 2881 938 2917 defe—

177 2923 199 2949 r,
214 2913 279 2952 pag.
297 2914 352 2942 4M
368 2913 436 2942 17.2.

997 2595 1132 2630 Quidquid
1156 2595 1341 2621 tvaliciiiiorum
1355 2598 1432 2630 atque
1447 2593 1617 2620 oraculorum
1632 2594 1705 2630 apud
1721 2603 1780 2628 gen.

1048 2629 1084 2657 [es
1101 2631 1163 2664 fuit,
1181 2630 1359 2664 improborum
1374 2629 1523 2655 dwmonum
1542 2637 1606 2663 opus
1624 2629 1716 2663 fuisse.

1031 2697 1040 2713 ι
1058 2687 1187 2722 Equidem
1209 2693 1302 2713 corum
1327 2693 1435 2720 quoque
1456 2685 1624 2719 probandam
1638 2706 1646 2718 ,
1671 2686 1759 2720 inquit
1774 2707 1782 2716 ,

993 2733 1144 2760 orationem
1157 2732 1293 2763 existimo,
1305 2732 1352 2766 qui
1374 2731 1599 2766 philosophorum
1615 2731 1751 2758 nationem
1766 2739 1781 2758 ει

992 2779 1114 2811 Platone,
1129 2778 1201 2814 quod
1223 2778 1386 2805 elementum
1411 2777 1476 2804 illud
1490 2798 1497 2810 ,
1528 2785 1610 2812 quam
1640 2778 1780 2804 materiam

992 2825 1043 2860 ipsi
1061 2829 1167 2859 vocant,
1186 2824 1347 2859 qualitatum
1373 2831 1479 2857 earum,
1495 2831 1555 2858 quae
1572 2823 1687 2851 subinde
1702 2831 1780 2858 gene-

1023 2882 1078 2917 (7‘3)
1096 2883 1149 2910 Ἦν
1172 2882 1261 2916 ὕλην.
1279 2881 1433 2914 Plutarch,
1452 2880 1465 2907 ὃ
1480 2880 1526 2908 νῦν
1549 2880 1615 2915 ὓλην
1632 2880 1676 2907 καὶ
1696 2879 1778 2914 φύσιν

988 2917 1048 2944 γαλ.
