2060 3213
271 181 326 211 525

603 177 739 206 EUSEBII
753 175 994 204 CESARIENSIS
1008 174 1083 202 OPP.
1111 174 1204 201 PARS
1223 174 1255 201 Il.
1270 189 1305 194 -—
1317 173 1567 201 APOLOGETICA.

1851 173 1905 201 524

271 244 314 268 tes
328 239 498 268 daemonibus
520 238 664 266 attributes
688 237 866 270 addictosque
880 235 966 263 fuisse
978 243 1054 262 com-

1114 234 1162 266 ici;
1188 234 1309 269 δαίμοσι,
1338 234 1429 269 μόνοις
1447 233 1475 260 δὲ
1496 235 1552 264 τοῖς
1578 232 1689 267 φαύλοις
1713 232 1860 268 ὲλάτρευον
1879 234 1903 259 οἱ

271 286 407 322 probavit.
425 285 453 312 Si
469 285 515 319 qui
532 291 595 311 vero
611 284 681 310 inter
705 283 771 310 istos
799 283 836 309 dii
863 282 1056 312 censebantur.

272 337 303 359 ut
317 331 404 364 aiunt,
432 335 528 357 natura
543 329 606 356 boni
626 328 706 362 186
735 327 867 355 scelestos
887 328 977 354 colere
992 326 1057 361 quid

273 377 417 407 attinebat,
437 383 501 404 cum
516 375 610 408 utique
634 381 649 401 a
675 373 754 400 bonis
772 373 859 400 arceri
883 380 931 400 eos
947 372 1059 406 expelli-

273 431 326 457 que
340 421 497 457 oporteret?
512 420 578 447 Nam
596 419 619 446 si
634 427 703 453 quos
718 419 848 453 praesides
859 419 910 453 ipsi
930 419 1017 446 bonos
1027 425 1059 445 ac

272 468 402 495 tutelares
425 466 596 497 habuissent,
619 473 711 491 causa:
738 464 862 499 profecto
893 464 963 491 nihil
988 468 1057 496 crat,

272 512 449 546 quamobrem
462 517 557 536 eorum
573 509 684 536 numine
699 509 881 543 prasidioque
895 508 956 535 freti
980 507 1058 535 dete-

272 558 360 584 riores
377 557 447 583 alios
463 555 506 582 vel
523 555 603 582 nauci
619 554 750 586 iaeereut,
764 559 812 580 aut
823 561 887 581 vero
901 553 986 580 castis
1001 561 1059 588 pre-

272 603 351 631 cibus
368 607 449 637 atque
463 602 533 629 votis
550 601 665 629 infestas
688 602 840 635 noxiasque
853 600 979 632 virtutes,
1004 607 1058 626 non

270 650 327 685 jam
344 648 483 676 obscoenis
496 648 696 684 ﬂagitiosisque
714 647 882 675 carminibus
895 650 1057 674 averterent.

272 689 332 721 Iam
348 702 413 722 vero
428 702 491 721 cum
508 694 623 721 istorum
639 693 708 730 nihil
731 700 844 728 prorsus
869 697 990 728 agerent,
1013 692 1059 719 sed

272 740 335 767 vitae
349 739 516 774 turpitudine
530 747 561 766 ac
580 739 740 774 petulantia,
761 739 907 766 verborum
923 738 1060 765 obscacni-

273 790 338 816 tate,
353 785 502 812 crudarum
515 784 639 812 carnium
656 792 717 818 esu,
735 784 923 819 discerpendis
937 789 1061 811 mactan-

271 831 371 866 disque
385 831 554 864 hominibus,
581 831 728 859 sceleratos
751 831 889 858 daemones
910 831 1060 865 placarent,

274 878 324 912 qui
336 877 394 904 ﬁeri
412 881 528 912 poterat,
544 882 574 904 ut
587 877 633 911 qui
648 876 784 911 ejusmodi
805 877 888 904 rebus
912 877 1061 904 scelerato-

275 932 335 952 rum
352 923 467 959 gratiam
484 924 614 958 aucupari
628 928 806 956 conarentur,
822 923 905 950 iidem
921 931 983 950 cum
1002 923 1061 957 ipso

274 978 384 1005 quoque
410 978 501 997 rerum
529 971 651 996 omnium
670 973 835 1004 praepotente
858 968 923 1001 Deo,
938 973 985 995 aut
999 976 1061 1003 qua:

275 1024 410 1050 nusquam
438 1018 472 1043 ab
495 1016 553 1051 ejus
577 1021 643 1042 uqu
665 1016 819 1045 discedunt,
837 1016 993 1045 virtutibus,
1013 1019 1060 1042 aut

274 1062 386 1088 omnino
399 1069 460 1088 cum
477 1061 556 1088 bonis
569 1061 630 1088 ullis
646 1061 802 1087 societatem
814 1059 933 1086 inirent?
944 1058 1058 1093 Quippe,

274 1111 381 1134 constat
399 1114 420 1134 e,
435 1107 470 1133 im
484 1097 554 1140 apud
570 1114 677 1138 omnes,
696 1107 740 1140 qui
757 1106 783 1132 in
802 1113 834 1132 eo
846 1113 936 1132 rerum
951 1111 1059 1139 genere,

1108 280 1209 316 δεδήλω
1213 281 1297 316 μένοι.
1303 281 1362 306 Ἔτι
1371 280 1399 306 δὲ
1409 279 1507 315 μᾶλλον
1512 279 1590 306 τοῦτο
1597 278 1738 305 πιστοῦται
1746 279 1759 305 ὁ
1765 278 1906 314 Πλούταρ-

1109 334 1166 360 χος,
1184 327 1212 352 ὲν
1226 323 1266 357 οἷς
1275 334 1341 360 φησι
1356 326 1403 357 τὰς
1418 325 1535 360 μυθικὰς
1550 325 1588 356 ὡς
1606 325 1670 361 περὶ
1686 324 1754 351 θεῶν
1763 324 1905 360 διηγήσεις

1109 371 1205 405 λόγους
1230 369 1299 397 εἷναί
1323 379 1399 401 τινας
1424 370 1488 402 περὶ
1513 370 1656 405 δαιμόνων,
1671 369 1705 396 τά
1721 378 1750 396 τε
1761 370 1824 405 παρ’
1838 369 1905 395 Ἑλ·

1110 417 1187 452 λήσιν
1196 417 1314 452 ᾀδόμενα
1329 416 1475 450 γιγαντικά
1486 425 1545 442 τινα
1560 416 1606 442 καὶ
1621 415 1746 442 τιτανικὰ
1760 415 1906 450 δαιμονικὰ

1111 461 1180 489 εἶναι
1194 462 1360 497 διηγήματα,
1373 461 1410 493 ὡς
1424 462 1582 497 καινοτέραν
1597 461 1759 488 ὑποϐάλλειν
1773 460 1902 488 διάνοιαν.

1110 509 1224 543 Μήποτε
1237 509 1291 544 ἄρα
1308 507 1420 534 τοιαῦτα
1436 505 1471 544 ἦν
1485 508 1519 534 τὰ
1535 508 1598 543 περὶ
1614 507 1667 534 τῶν
1684 508 1736 544 πρὸ
1749 507 1797 534 τοῦ
1817 516 1904 535 κατα-

1111 554 1233 590 κλυσμοῦ
1255 554 1390 588 γιγάντων
1409 555 1437 581 ὲν
1456 556 1489 590 τῇ
1507 554 1566 590 θείᾳ
1582 554 1677 590 Γραφῇ
1699 555 1833 590 λεγόμενα
1845 562 1854 587 ;
1868 554 1906 581 τά.

1110 609 1140 626 τε
1158 601 1223 636 περὶ
1234 600 1288 627 τῶν
1299 600 1409 632 τούτους
1421 601 1635 636 γεγεννηκότων,
1648 601 1713 635 περὶ
1727 598 1764 627 ὧν
1778 601 1902 637 εἴρηται·

1113 656 1123 672 ‹
1142 647 1252 679 Ἰδόντες
1265 647 1293 673 δὲ
1306 648 1330 673 οἱ
1350 647 1459 681 ἄγγελοι
1470 647 1517 673 τοῦ
1536 647 1602 674 Θεοῦ
1613 648 1662 679 τὰς
1682 648 1834 684 θυγατέρας
1851 648 1904 674 τῶν

1110 692 1272 727 ἀνθρώπων,
1284 692 1325 719 ὃτι
1338 693 1419 719 καλαί
1440 693 1519 725 εἰσιν,
1540 693 1634 720 ἔλαϐον
1651 695 1756 725 ἑαυτοῖς
1770 695 1905 728 γυναῖκας

1112 739 1145 765 ὲκ
1168 739 1261 765 πασῶν
1277 735 1314 765 ὧν
1345 738 1516 771 ἐξελέξαντο⁶
1541 738 1589 774 ἀφ’
1609 737 1646 768 ὧν
1676 739 1859 775 ἐγεννήθησαν
1880 741 1903 766 ci

1113 785 1239 819 γίγαντες
1253 786 1276 812 οἱ
1293 786 1437 821 ὀνομαστοὶ
1446 785 1477 819 ἐξ
1488 786 1594 819 αἰῶνος.
1609 796 1617 812 ι
1639 786 1717 813 Εἴποι
1731 786 1786 822 γὰρ
1803 786 1836 813 ἄν
1850 795 1902 817 τις.

1112 830 1223 862 τούτους
1239 831 1360 862 ἐκείνους
1387 829 1456 858 εἶναι
1470 851 1477 863 ,
1498 833 1544 859 καὶ
1568 832 1602 859 τὰ
1626 832 1737 859 ἐκείνων
1759 833 1903 868 πνεύματα

1115 875 1189 911 παρὰ
1200 877 1256 908 τοῖς
1273 876 1342 911 μετὰ
1358 877 1445 904 ταῦτα
1460 877 1613 914 ἀνθρώποις
1629 878 1840 913 τεθεοποιημένα
1857 878 1904 905 καὶ

1112 923 1161 954 τὶς
1179 923 1291 949 ἐκείνων
1311 924 1416 958 μάχας,
1434 924 1484 956 τάς
1510 933 1539 951 τε
1556 924 1624 960 πρὸς
1639 925 1770 960 ἀλλήλους
1793 925 1906 952 διαστά-

1113 976 1181 1000 σεις,
1200 969 1246 995 καὶ
1271 969 1333 1000 τοὺς
1350 969 1501 1005 πολέμους,
1525 970 1600 997 ταῦτ’
1625 968 1694 997 εἶναι
1717 970 1752 997 τὰ
1777 970 1815 1002 ὡς
1838 970 1905 1006 περὶ

1114 1013 1181 1040 θεῶν
1199 1013 1379 1049 μυθευόμενα.
1403 1015 1484 1049 Λέγει
1504 1016 1526 1042 δ’
1541 1014 1587 1043 οὖν
1608 1017 1622 1042 ὸ
1642 1016 1814 1052 Πλούταρχος
1835 1017 1864 1043 ὲν

1115 1057 1241 1091 συνέταξε
1264 1058 1333 1094 λόγῳ
1358 1060 1422 1095 περὶ
1440 1059 1494 1086 τῶν
1515 1060 1594 1087 Κατὰ
1610 1060 1666 1094 τὴν
1685 1061 1765 1087 Ἶσιν
1776 1060 1824 1086 καὶ
1839 1060 1903 1092 τοὺς

1113 1104 1267 1138 Αἰγυπτίων
1286 1104 1373 1137 θεοὺς,
1387 1106 1479 1137 αὐτοῖς
1490 1106 1593 1142 ῥήμασι
1612 1106 1708 1132 ταῦτα,

275 1160 335 1186 quae
352 1153 482 1187 improbis
497 1153 630 1187 placeant,
645 1159 755 1187 operam
778 1151 953 1185 studiumque
967 1154 1061 1185 ponat,
1088 1151 1213 1177 eumdem
1242 1151 1321 1178 bonis
1346 1152 1464 1179 amicum
1479 1160 1540 1179 esse
1553 1152 1628 1179 nullo
1643 1153 1722 1179 modo
1735 1160 1826 1187 posse.
1845 1151 1904 1178 Ma-

275 1205 337 1227 neat
351 1201 443 1235 igitur,
460 1207 514 1227 non
532 1201 584 1227 diis
607 1200 673 1227 olim
697 1199 810 1227 bonisve
826 1199 1006 1230 diemouibus,
1028 1198 1075 1225 sed
1101 1198 1232 1232 improbis
1256 1199 1390 1226 duntaxat
1415 1199 1529 1234 populos
1552 1200 1620 1227 istos
1634 1200 1737 1227 cultum
1759 1200 1906 1226 honorem-

275 1254 328 1282 que
345 1247 482 1274 tribuisse.
511 1247 599 1282 Atque
621 1247 645 1273 id
665 1247 753 1282 ipsum
783 1245 944 1273 Plutarchus
971 1245 1072 1273 certius
1097 1245 1177 1272 etiam
1205 1246 1369 1281 graviusque
1391 1248 1545 1281 continuat,
1574 1248 1638 1274 dum
1657 1248 1735 1275 lictas
1762 1248 1822 1274 illas
1847 1254 1902 1274 non

275 1301 355 1321 secus
374 1302 405 1321 ac
429 1294 461 1320 de
490 1293 542 1320 diis
568 1294 748 1324 narrationes,
764 1293 839 1321 aliud
868 1293 934 1320 nihil
957 1299 1038 1327 quam
1064 1299 1148 1326 puros
1174 1297 1254 1326 putos
1274 1292 1308 1319 de
1332 1293 1457 1327 ipsismet
1480 1294 1650 1321 daemonibus
1674 1301 1816 1321 sermones
1840 1301 1902 1335 esse

276 1345 401 1373 testatur,
429 1340 551 1375 adeoque
569 1340 650 1374 hujus
676 1342 754 1374 plane
772 1341 877 1375 generis
906 1347 975 1370 esse,
996 1338 1128 1374 quidquid
1161 1339 1194 1367 de
1228 1339 1394 1375 gigantibus,
1423 1341 1480 1369 sive
1514 1341 1645 1369 titanibus
1668 1341 1824 1369 Graecorum
1855 1349 1903 1368 ore

276 1389 438 1423 scriptisque
456 1389 708 1424 iactaturzquibus
730 1389 756 1416 in
775 1389 904 1415 omnibus
921 1388 1006 1415 secuti
1027 1387 1094 1414 nihil
1116 1387 1160 1414 isti
1189 1387 1300 1420 fuerint,
1324 1394 1424 1422 praeter
1451 1389 1570 1424 aliquam
1601 1396 1732 1417 sensuum
1757 1389 1903 1424 cogitatio-

275 1445 396 1472 nuiuque
413 1438 570 1465 ueritatem.
583 1437 652 1470 Quid
669 1438 690 1464 si
708 1442 797 1464 autem
814 1437 847 1463 ad
864 1444 895 1463 ea
911 1436 1056 1470 pertinent,
1090 1443 1150 1470 qua:
1166 1436 1200 1463 de
1227 1436 1383 1471 gigantibus
1404 1444 1552 1472 eorumque
1575 1437 1733 1472 parentibus
1755 1443 1817 1464 ante
1831 1437 1905 1464 dilu-

276 1486 348 1512 vium
363 1493 446 1513 sacrae
462 1486 559 1513 littera:
575 1486 647 1513 hunc
664 1486 690 1512 in
712 1485 823 1513 modum
839 1484 1076 1511 commemorant?
1098 1483 1220 1511 Videam
1240 1489 1326 1511 autem
1343 1485 1394 1519 ﬁlii
1409 1485 1457 1512 Dei
1478 1485 1549 1520 ﬁlias
1575 1486 1720 1518 hominum,
1737 1485 1807 1520 quod
1818 1489 1903 1511 essent

276 1533 402 1564 vult-lim,
433 1538 587 1568 acceperunt
614 1533 663 1560 sibi
689 1541 783 1560 uxores
804 1540 835 1559 ex
858 1532 989 1562 omnibus,
1008 1540 1073 1566 quas
1099 1531 1230 1566 elegerant
1248 1539 1304 1559 ξεῖ
1314 1533 1408 1567 quibus
1431 1533 1562 1560 nalisunt
1577 1533 1695 1568 gigantes
1710 1533 1759 1559 viri
1779 1532 1904 1566 fantasia

276 1581 372 1608 mcqu
386 1580 418 1607 “.
436 1580 527 1608 Facile
553 1581 624 1607 enim
643 1581 703 1614 quis
725 1580 834 1611 dixerit,
864 1580 924 1607 illos
946 1580 1019 1614 ipsos
1041 1579 1215 1614 profanorum
1245 1580 1389 1607 hominum
1416 1581 1541 1616 gigantas
1562 1588 1623 1608 esse
1651 1587 1769 1616 quorum
1795 1579 1904 1606 animos

276 1628 378 1662 posteri
393 1629 506 1655 deorum
533 1628 561 1655 in
587 1636 730 1654 numerum
756 1628 926 1662 classemque
941 1627 1098 1661 retulerint;
1120 1628 1241 1663 adeoque
1260 1634 1369 1656 mutuas
1393 1629 1506 1656 istorum
1524 1637 1640 1664 pugnas,
1667 1629 1856 1656 dimicationes
1877 1634 1905 1654 et

277 1674 345 1700 bella
375 1674 475 1702 fabulis
497 1675 530 1702 iis
554 1675 714 1702 adumbrata
731 1683 803 1708 esse,
821 1683 889 1710 quas
914 1680 1044 1711 tanquam
1060 1675 1094 1702 de
1113 1676 1165 1703 diis
1191 1675 1398 1704 circumferunt.
1425 1677 1460 1704 At
1481 1677 1670 1710 Plutarchum,
1694 1678 1720 1704 in
1749 1685 1793 1710 eo,
1820 1684 1903 1712 quem

277 1723 316 1751 De
342 1722 475 1755 lside,ac
505 1723 609 1750 caatcris
636 1721 824 1757 Egyptiorum
854 1722 906 1750 diis
928 1723 1046 1758 scripsit,
1072 1723 1175 1758 libello,
1191 1724 1337 1760 ipsissimis
1348 1725 1437 1752 verbis
1450 1725 1606 1759 loquentem
1623 1725 1778 1752 audiamus.

536 1779 614 1814 137
639 1777 753 1805 CAPUT
781 1777 814 1804 v.
921 1810 931 1822 .

283 1837 403 1865 {ﬂentes
416 1836 565 1862 dwmonum
580 1835 705 1860 historias
717 1834 847 1869 fabulosis
862 1843 913 1861 mm
929 1835 1010 1862 secus
1033 1843 1064 1861 ac

435 1873 467 1897 de
482 1871 533 1896 diis
546 1870 744 1896 narrationibus
766 1870 906 1896 contineri.

316 1939 326 1956 ι
343 1929 465 1961 Rectius,
484 1928 583 1962 inquit,
611 1928 779 1958 existimant,
797 1927 842 1962 qui
858 1935 918 1962 quae
948 1926 1064 1961 vulgatis

279 1963 313 2003 de
335 1975 475 2010 Typhone.
492 1973 598 2000 Osiride
614 1978 641 2000 et
659 1972 729 2000 lside
745 1973 867 2000 historiis
883 1973 1066 2005 celebrantur,

279 2029 309 2049 ea
325 2029 377 2048 non
394 2021 474 2047 deum
493 2023 540 2046 aut
559 2019 712 2050 hominum,
730 2018 777 2044 sed
792 2025 951 2052 magnorum
965 2017 1065 2043 daemo-

281 2075 346 2095 num
373 2066 531 2093 affectiones
553 2069 580 2091 et
605 2072 686 2091 casus
706 2063 792 2090 fuisse
810 2064 913 2096 volunt,
927 2071 997 2098 quos
1012 2062 1064 2097 ipsi

247 2126 257 2135 η
281 2119 389 2146 quoque
402 2110 490 2142 Plato,
506 2109 683 2144 Pythagoras,
701 2108 868 2136 Xenocrates
886 2114 912 2136 et
933 2108 1065 2144 Chrysip-

281 2165 332 2192 pus
348 2161 451 2183 veteres
464 2155 549 2182 secuti
568 2154 718 2188 theologos,
745 2154 900 2181 hominibus
915 2155 995 2190 longe
1017 2161 1065 2180 va-

282 2202 410 2228 lentiores
428 2200 522 2232 fuisse,
543 2199 690 2234 multisque
705 2199 828 2234 partibus
843 2204 948 2227 natura:
964 2205 1064 2227 nostra:

282 2247 354 2274 vires
371 2252 515 2280 superasse
533 2249 677 2271 testantur.
701 2244 835 2272 Cancrum
865 2253 951 2280 genus
977 2245 1064 2280 quod-

282 2293 345 2320 dam
363 2292 397 2318 iis
409 2290 559 2318 divinitatis
572 2289 735 2323 attribuunt,
753 2297 807 2317 non
833 2290 970 2318 sincerum
999 2291 1065 2318 illud

283 2343 310 2366 et
325 2338 359 2366 ab
374 2337 449 2365 omni
467 2337 595 2363 mis-tione
611 2341 758 2368 secretum,
784 2337 829 2364 sed
851 2344 884 2364 ex
903 2337 1001 2364 anima:
1017 2344 1066 2364 na-

282 2391 343 2413 tura
358 2383 537 2418 corporisque
548 2390 628 2410 sensu
642 2382 806 2417 voluptatem
819 2383 920 2418 pariter
930 2383 1065 2410 laborem-

283 2437 336 2465 que
354 2429 485 2457 subeunte
499 2432 693 2462 temperatum:
707 2436 740 2454 ex
753 2436 806 2463 quo
821 2429 876 2461 liat,
890 2433 919 2456 ut
934 2429 1064 2464 quidquid

283 2477 384 2503 alterna
402 2475 544 2510 utriusque
559 2474 746 2501 vicissitudine
761 2475 974 2509 perturbationis
992 2474 1066 2502 exci-

1377 1779 1575 1806 ΚΕΦΑΛΑΙΟΝ
1599 1779 1636 1806 Ε’.

1114 1835 1184 1868 Περὶ
1197 1835 1252 1862 τοῦ
1270 1836 1482 1868 λανθανούσης
1500 1835 1648 1869 δαιμόνων
1661 1835 1806 1870 περιέχειν
1819 1837 1903 1863 Ιστο-

1162 1870 1231 1904 ρίας
1244 1871 1296 1903 τὰς
1307 1872 1435 1905 μυθικὰς
1448 1872 1488 1904 ὡς
1505 1871 1571 1905 περὶ
1587 1870 1662 1897 θεῶν
1682 1870 1846 1904 διηγήσεις.

1153 1935 1162 1951 i
1181 1926 1288 1953 Βέλτιον
1308 1925 1354 1953 οὖν
1376 1927 1431 1963 (88)
1449 1929 1473 1953 οἱ
1490 1927 1553 1963 περὶ
1577 1927 1704 1961 Τυφῶνα,
1724 1928 1771 1954 καὶ
1795 1929 1903 1965 Ὄσιριν

1115 1972 1161 1998 καὶ
1176 1973 1244 2000 Ἶσιν
1258 1973 1433 2009 ἱστορούμενα
1452 1974 1521 2009 μήτε
1537 1972 1605 1999 θεῶν
1622 1973 1694 2008 πάθη
1713 1975 1780 2008 μήτε
1797 1974 1904 2010 ἀνθρὼ-

1115 2027 1183 2051 πων,
1199 2019 1265 2045 ἀλλὰ
1281 2019 1415 2054 δαιμόνων
1434 2019 1558 2054 μεγάλων
1579 2017 1648 2046 εἷναι
1669 2019 1833 2054 νομίζοντες,
1855 2019 1903 2052 οὓς

1116 2066 1163 2092 καὶ
1185 2065 1296 2093 Πλάτων
1321 2067 1368 2093 καὶ
1388 2067 1557 2102 Πυθαγόρας,
1579 2066 1626 2093 καὶ
1648 2065 1828 2102 Ξενοκράτης,
1855 2068 1903 2094 καὶ

1115 2111 1285 2148 Χρύσιππος,
1299 2113 1427 2148 ἑπόμενοι
1440 2115 1495 2144 τοῖς
1511 2112 1594 2139 πάλαι
1613 2112 1756 2146 θεολόγοις,
1780 2113 1903 2148 ἐρρωμε-

1115 2158 1257 2193 νεστέρους
1265 2158 1414 2193 ἀνθρώπων
1423 2159 1529 2192 λέγουσι
1544 2159 1693 2193 γεγονέναι,
1711 2160 1757 2186 καὶ
1771 2159 1854 2193 πολλῇ
1867 2160 1901 2194 τῇ

1116 2203 1228 2238 δυνάμει
1248 2202 1297 2238 τὴν
1313 2203 1391 2237 φύσιν
1415 2203 1618 2239 ὑπερφέροντας
1632 2204 1710 2240 ἡμῶν
1721 2210 1727 2217 ·
1744 2204 1774 2230 τὸ
1789 2204 1816 2230 δὲ
1831 2204 1901 2229 θεῖον

1116 2248 1165 2274 οὑκ
1189 2249 1288 2283 ἀμιγὲς
1304 2249 1364 2274 οὐδὲ
1384 2249 1501 2284 ἄκρατον
1518 2250 1637 2284 ἔχοντας,
1658 2249 1726 2276 ἀλλὰ
1750 2250 1796 2276 καὶ
1811 2249 1902 2284 ψυχῆς

1117 2294 1205 2328 φύσει,
1222 2296 1268 2321 καὶ
1283 2294 1406 2330 σώματος
1427 2295 1550 2330 αἰσθήσει
1567 2295 1730 2331 συνειληχὸς,
1748 2295 1842 2330 ἡδονήν
1858 2295 1903 2321 δε-

1116 2341 1217 2376 χομένῃ
1231 2341 1278 2367 καὶ
1293 2341 1342 2367 ὅσα
1361 2340 1473 2373 ταύταις
1489 2340 1617 2376 γινόμενα
1635 2347 1648 2360 ι
1666 2341 1725 2372 ταῖς
1742 2339 1904 2375 μεταϐολαῖς

1117 2385 1201 2421 πάθη,
1217 2387 1279 2417 τοὺς
1295 2386 1344 2421 μὲν
1359 2386 1468 2421 μᾶλλον,
1486 2387 1547 2417 τοὺς
1564 2386 1586 2412 δ’
1601 2385 1681 2422 ἧττον
1701 2386 1902 2420 ἐπιταράττειν.

1119 2431 1239 2458 Γίνονται
1253 2431 1307 2467 γὰρ
1326 2432 1364 2462 ὠς
1383 2433 1411 2458 ὲν
1436 2431 1587 2466 ἀνθρώποις
1604 2432 1651 2458 καὶ
1666 2431 1789 2466 δαίμοσιν
1804 2430 1905 2467 ἀρετῆς

1118 2477 1244 2513 διαφοραὶ
1256 2478 1302 2504 καὶ
1318 2477 1425 2509 κακίας.
1441 2477 1480 2504 Τὰ
1495 2478 1548 2513 γὰρ
1564 2477 1708 2511 γιγαντικὰ
1721 2476 1767 2503 καὶ
1779 2475 1904 2502 τιτανικὰ

284 2525 366 2552 ιιιίυιι,
387 2520 413 2546 id
428 2521 495 2547 alios
517 2519 626 2554 quidem
643 2519 842 2553 vehementius,
866 2520 953 2547 levius
974 2525 1061 2547 autem

1120 2523 1184 2558 παρ’
1201 2522 1327 2557 Ἕλλησιν
1348 2522 1474 2558 ᾀδόμενα,
1492 2521 1654 2555 καιπολλαί
1675 2530 1747 2552 τινες
1763 2521 1818 2555 (89)
1840 2520 1904 2546 ἄθε-

284 2567 352 2594 alios
375 2565 479 2592 allicere
495 2565 676 2593 consueverit.
695 2564 834 2600 Siquidem
852 2571 882 2593 ut
898 2567 924 2592 in
950 2566 1066 2593 homini-

286 2612 347 2644 bus,
365 2612 404 2638 sic
416 2611 496 2638 etiam
513 2611 539 2637 in
555 2611 723 2638 daunonibus
739 2619 788 2639 sua
808 2617 871 2638 sunt
896 2612 1004 2639 virtutis
1020 2612 1068 2638 im-

285 2657 479 2693 probitatisque
504 2657 672 2684 discrimina.
699 2657 771 2684 Nihil
795 2659 867 2685 enim
896 2659 1064 2690 admodum,

285 2711 346 2739 quae
359 2711 374 2729 a
391 2702 492 2730 Graecis
508 2703 541 2730 de
561 2704 715 2738 gigantibus
735 2712 766 2731 ac
781 2705 911 2732 titanibus
924 2706 980 2739 jam
1001 2705 1065 2732 olim

285 2750 426 2776 decantata
445 2753 519 2780 sunt,
540 2756 659 2776 necnon
677 2751 812 2785 pleraeque
835 2759 876 2778 res
902 2752 1005 2778 nefarie
1020 2759 1065 2786 ερ-

321 2796 345 2812 ²¹
363 2794 430 2822 Gen.
447 2802 484 2827 vi,
499 2794 526 2820 ἓ.

322 2846 336 2861 α
356 2839 398 2865 to.
416 2838 548 2873 γίγνεται.

392 2885 522 2947 gelicior
540 2883 605 2913 οὖν.
630 2884 768 2913 Plutarch.
794 2886 831 2914 De
852 2887 924 2916 Iside
940 2894 964 2916 el
983 2888 1065 2924 08in,

287 2927 315 2952 tt.
326 2920 378 2948 360
392 2920 423 2954 D,
436 2921 462 2948 4.

1118 2577 1180 2602 σμοι
1196 2569 1318 2604 πράξεις,
1338 2568 1385 2594 καὶ
1404 2568 1530 2599 Πυθῶνος
1550 2567 1700 2599 ἀντιτάξεις
1716 2567 1783 2602 πρὸς
1806 2565 1903 2591 Ἀπὸ).-

1116 2615 1200 2646 λωνα,
1216 2614 1300 2648 φυγαί
1313 2623 1343 2640 τε
1360 2614 1498 2647 Διονύσου,
1518 2614 1564 2641 καὶ
1578 2613 1676 2640 πλάναι
1695 2613 1836 2648 Δήμητρος
1859 2612 1905 2637 ού-

1118 2661 1160 2687 δὲν
1176 2661 1351 2688 ἀπολείπουσι
1366 2661 1418 2687 τῶν
1433 2661 1593 2697 Ὀσιριακῶν
1601 2660 1648 2686 καὶ
1656 2658 1849 2694 Τυφωνιακῶν,
1867 2654 1905 2684 ὧν

1119 2707 1194 2743 παρὰ
1220 2708 1302 2734 πᾶσιν
1327 2707 1382 2742 (90)
1412 2707 1522 2742 ἁναίδην
1548 2707 1635 2740 ἔξεστι
1668 2705 1905 2741 μυθολογουμένων

1121 2753 1238 2785 ἀκούειν,
1266 2754 1316 2780 ὃσα
1342 2762 1382 2785 τε,
1414 2754 1551 2788 μυστικοῖς
1582 2753 1663 2785 ἱεροῖς
1692 2750 1905 2786 παρακαλυπτό-

1156 2888 1210 2924 (89)
1230 2887 1285 2915 Καὶ
1302 2887 1412 2924 πολέσι
1428 2895 1515 2924 τιγες.
1534 2887 1617 2924 Plut,
1639 2886 1686 2913 καὶ
1701 2885 1806 2921 Κρόνου
1819 2884 1904 2917 τινός.

1158 2922 1214 2961 (90)
1233 2923 1316 2958 Παρὰ
1332 2922 1434 2951 πᾶσιν.
1451 2922 1534 2957 Plut.,
1551 2922 1632 2948 πᾶσιν
1647 2925 1762 2949 tantum.
