2060 3213
288 181 340 210 559

291 239 372 276 196
379 239 451 267 ldem
460 239 524 267 alibi
539 239 678 267 missionis
689 239 760 266 hanc
770 239 825 266 edit
840 239 986 270 rationem,

289 294 409 333 Nuiudes
430 303 445 322 ο
462 295 587 333 Phoebum
607 303 667 333 cunt
680 294 765 333 Musis
788 295 881 333 soluite
893 295 1034 333 Nymphw,

288 331 440 358 Arcitenens
454 331 524 358 vobis
535 334 614 358 cantu
625 330 768 358 celebretur
776 330 882 365 Apollo.

289 375 462 412 Rursumque
473 376 548 410 alibi,

290 421 385 449 Tollite
394 421 454 456 jam
467 427 548 454 serta,
561 431 592 448 ac
604 422 676 449 nivea
691 423 801 457 uestigia
815 431 873 450 rore

287 490 409 526 Spargite
421 498 430 517 :
441 499 502 518 mox
513 491 620 519 inducta
634 491 700 525 leves
712 491 776 518 mihi
790 491 859 518 linea
870 500 974 527 gressus

289 559 427 592 Expediat.
450 558 556 586 Dextra
587 560 714 586 insertam
735 559 872 586 subducite
906 561 1035 591 laurum;

288 594 353 622 Cum
365 594 476 629 geminis
488 594 606 629 geminas
619 595 705 622 acutis
718 595 857 630 abatergite
872 603 960 626 nares,

287 660 370 695 Atque
377 660 623 696 (neminemnam,
640 669 709 689 nunc
720 661 826 689 tandem
839 661 950 690 emittite
966 662 1070 690 terris.»

285 715 391 750 Quibus
413 717 504 746 allatis
523 717 595 746 idem
614 722 720 752 auctor,
745 727 755 744 ‹
768 718 860 746 Lineae
873 718 1015 751 nimirum,
1028 719 1072 746 iu-

286 762 353 799 quit,
366 770 421 798 quo
438 763 514 791 abire
527 763 624 799 possit,
640 768 670 792 ut
683 763 856 797 inducantur,
872 763 985 800 ﬂagitat,
999 764 1072 799 quod

286 808 320 836 iis
341 809 506 841 constrictus
526 814 684 839 teneretur:
699 818 750 838 nec
771 810 805 839 iis
819 811 911 845 modo,
925 811 971 840 sed
989 811 1071 838 etiam

286 853 390 888 reiiqua
409 854 524 882 vestitus
546 855 777 891 conﬁguratione.
799 856 872 891 quod
895 861 1069 884 evocatorum

286 900 430 928 numinum
445 901 562 936 speciem
579 905 660 936 atque
677 902 823 937 imaginem
837 910 892 937 prae
907 910 937 932 se
949 902 1041 930 ferret.
1058 912 1067 928 ι
1086 915 1108 943 Β

287 944 416 980 Equidem
436 945 479 974 his
496 947 624 975 omnibus
650 947 730 982 plane
759 947 911 976 confectum
933 948 1070 980 existimo,

286 991 353 1019 nihil
372 999 486 1027 prorsus
507 997 555 1021 aut
572 993 628 1021 Deo
648 993 777 1028 dignum,
797 999 845 1022 aut
863 994 1009 1028 excellens,
1025 999 1073 1022 aut

286 1045 349 1066 vere
364 1038 486 1066 divinum
503 1039 532 1067 in
552 1039 693 1075 spiritibus
710 1039 764 1068 illis
787 1041 916 1075 residere,
930 1049 999 1076 quos
1015 1045 1072 1068 tan-

286 1087 342 1110 tam
365 1083 399 1110 ad
415 1083 595 1112 humilitatem
613 1085 733 1120 abjectos
754 1085 858 1120 videas,
877 1090 909 1113 ut
928 1093 943 1113 a
959 1086 1072 1121 plebeiis

285 1128 367 1156 etiam
387 1136 419 1156 ac
441 1129 559 1161 sordidis
577 1130 735 1159 hominibus
755 1131 935 1160 detrahantur
957 1139 974 1160 e
989 1133 1070 1166 coelo,

285 1173 367 1208 idque
392 1174 426 1201 ab
451 1174 505 1203 illis
527 1175 589 1207 ﬁat.
613 1183 667 1203 non
692 1176 765 1211 quod
788 1177 880 1212 aliquo
897 1177 1005 1207 virtutis
1024 1182 1072 1206 aut

285 1217 425 1252 sapientiae
438 1219 528 1247 studio
541 1224 680 1255 praestent,
692 1221 739 1249 sed
751 1215 1071 1257 supervacaneis'dunta-

287 1269 335 1292 xat
350 1265 532 1301 manibusque
553 1266 699 1302 praestigiis
714 1272 742 1294 et
756 1267 930 1298 cantionibus
952 1268 1069 1296 abutan-

287 1315 342 1338 tur.
366 1309 457 1344 Quare
479 1318 568 1346 neque
580 1311 748 1347 Pythagoras
769 1313 814 1340 ille
830 1312 964 1348 Rhodius,
982 1321 1071 1349 neque

287 1355 311 1384 is
327 1356 420 1390 etiam,
435 1356 482 1392 qui
504 1357 550 1387 tali
570 1365 632 1386 eum
656 1358 811 1386 testimonio
832 1359 1002 1393 cohonestat,
1019 1367 1070 1388 ne-

285 1410 339 1437 que
352 1402 421 1430 alius
436 1402 548 1430 omnino
561 1404 706 1439 quisquam
720 1412 820 1439 nomen
837 1405 870 1433 iis
882 1405 994 1435 deorum
1008 1406 1070 1442 jure

284 1449 437 1484 meritoque
460 1449 599 1483 tribuerit,
623 1450 679 1478 imo
698 1458 748 1479 nec
765 1452 899 1480 bonorum
916 1453 1068 1480 daemonum

285 1499 359 1524 Certe
372 1495 493 1530 quidem,
507 1496 554 1531 qui
573 1496 607 1523 ab
620 1496 778 1530 hominibus
793 1502 821 1525 et
836 1498 916 1526 morti
931 1499 1069 1532 obnoxiis,

284 1544 312 1568 et
330 1541 574 1577 praestigiatoribus
594 1549 626 1570 ac
643 1542 783 1575 maleticis.
805 1551 860 1571 non
876 1551 925 1572 sua
948 1544 1001 1579 ipsi
1018 1553 1069 1572 vo-

605 181 743 211 EUSEBll
761 181 1000 210 ΟιΕδΑΙίΙΕΝΒΙὸ
1017 181 1092 210 OPP.
1114 181 1203 209 PARS
1222 181 1252 208 ll.
1271 196 1305 201 —-
1325 179 1574 208 APOLOGETlCA.

1088 241 1111 269 Α
1125 238 1180 265 Καὶ
1196 237 1276 264 πάλιν
1289 237 1381 264 ἄλλοτε
1394 237 1524 263 ἀπόλυσιν
1537 236 1620 263 ἔδωκε
1636 235 1778 271 τοιαύτην

1858 177 1914 207 διο

1124 293 1250 326 Ναϊάδες
1263 293 1387 327 νύμφαι,
1401 294 1535 325 Μούσαις
1545 293 1622 326 μέγα
1631 298 1643 312 ³
1655 291 1744 318 λύετε
1757 290 1875 323 Φοῖϐον,

1127 329 1281 364 ¹’ᾼδουιγαι,
1293 327 1378 359 θειαὶ,
1394 327 1576 362 ἑκατηϐόλον
1601 328 1781 354 Ἀπόλλωνα.

1124 375 1180 401 Καὶ
1194 374 1275 401 πάλιν
1289 373 1382 413 ἄλλοτέ
1395 382 1460 409 φησι

1123 418 1241 449 Λύσατέ
1258 427 1310 454 μοι
1328 418 1518 453 στεφάνους,
1537 418 1588 446 καί
1613 426 1672 453 μευ
1708 416 1912 479 πόίῖαἶςυίἐδῦατι

1128 489 1257 518 Ῥάνατε.
1274 497 1324 516 και
1357 488 1491 524 γραμμὰς
1524 488 1722 522 ἀπαλείψατε,
1743 452 1912 558 κιῗῗέεἷῖιό-

1123 560 1226 594 Χειρὸς
1240 559 1394 593 δεξιτερῆς
1423 558 1541 594 δάφνης
1555 557 1670 594 κλάδοις
1699 556 1788 594 ᾅραίε
1801 556 1900 590 χερσὶ,

1125 592 1242 630 Ψήήχετε
1278 592 1452 630 ὀφθαλμοὺς
1470 593 1622 628 διδύμους,
1638 592 1727 627 ῥῖνάς
1751 600 1911 662 Tagiqu—

1124 665 1226 699 Ἄρατε
1240 664 1323 700 φῶτα
1336 664 1458 700 γαίηθεν
1470 663 1709 699 ἀναστήσαντες,
1723 662 1842 695 ἑταῖροι.
1863 671 1874 686 ι

1124 717 1172 753 Οἷς
1188 721 1308 755 ἐπιλέγει
1328 721 1343 747 ὁ
1364 720 1554 756 συγγραφεύς·
1573 729 1583 746 ‹
1601 719 1656 751 Τὰς
1671 718 1803 754 γραμμὰς
1821 718 1912 744 τοίνυν

1123 766 1338 802 παρακελεύεται
1355 766 1526 801 ἀπαλείφειν,
1541 765 1584 797 ἵνα
1595 764 1713 800 ἀπέλθῃ·
1731 765 1834 795 ταύτας
1854 762 1910 798 γὰρ

1122 814 1242 848 κρατεῖν,
1258 813 1305 839 καὶ
1320 811 1410 847 μέντοι
1428 811 1474 838 καὶ
1488 811 1519 838 τὸ
1531 810 1594 838 ἄλλο
1608 810 1700 845 σχῆμα
1710 809 1759 844 τῆς
1767 807 1909 840 ἐνδύσεως,

1122 858 1166 885 διὰ
1180 858 1210 884 τὸ
1231 858 1325 894 φέρειν
1343 857 1520 893 εἰκονίσματα
1535 856 1589 887 τῶν
1602 854 1777 892 κεκλημένων
1798 854 1878 881 θεῶν.
1898 862 1908 880 ι

1122 903 1260 938 Δεδεϊχθαι
1281 903 1374 938 σαφῶς
1389 903 1507 939 ἡγοῦμαι
1522 902 1565 930 διὰ
1579 901 1691 933 τούτων,
1707 901 1747 928 ὅτι
1767 900 1849 936 μηδὲν
1881 899 1913 926 τὸ

1122 948 1237 975 καθόλου
1249 948 1410 985 θεοπρεπὶς,
1444 949 1512 985 μήτε
1527 948 1608 984 μέγα,
1628 948 1697 983 μήτε
1717 946 1824 982 ἀληθῶς
1840 945 1912 972 θεῖον

1123 994 1210 1022 ἔνεστι
1231 996 1288 1027 τοῖς
1313 995 1353 1027 είς
1368 994 1495 1022 τοσοῦτον
1516 994 1707 1029 ταπεινότητος
1731 1000 1912 1020 καταπεπτω-

1122 1039 1182 1068 κάσι
1193 1040 1356 1076 πνεύμασιν,
1370 1040 1408 1072 ὡς
1422 1041 1479 1072 τοῖς
1494 1039 1624 1075 τυχοῦσιν
1636 1038 1789 1075 ἀνθρώποις
1809 1037 1912 1065 ὑποσύ-

1124 1085 1228 1121 ρεσθαι,
1244 1085 1422 1113 καθέλχεσθαί
1435 1094 1464 1113 τε
1475 1086 1505 1112 οὐ
1521 1085 1555 1113 δι’
1564 1085 1666 1121 ἀρετῆς
1675 1085 1722 1112 καὶ
1737 1083 1832 1118 σοφίας
1845 1083 1912 1110 ἀνάο

1121 1130 1211 1167 ληψιν,
1228 1131 1284 1157 ἀλλ’
1299 1132 1323 1158 εἰ
1351 1131 1430 1167 μόνον
1461 1131 1496 1158 τὰ
1526 1132 1576 1167 τῆς
1605 1130 1748 1167 περιέργου
1784 1131 1910 1165 γοητεῖας

1123 1176 1277 1212 μετέλθοιεν
1307 1185 1336 1202 τε
1359 1176 1406 1204 καὶ
1425 1177 1623 1213 διαπράξοιντο.
1640 1175 1702 1203 Οὖτ’
1720 1173 1767 1203 οὖν
1787 1175 1875 1211 ὀρθῶς
1895 1175 1911 1201 ό

1127 1222 1226 1254 Ῥόδιος
1237 1222 1409 1259 Πυθαγόρας,
1426 1222 1482 1250 οὗθ’
1494 1224 1509 1250 ό
1527 1223 1615 1259 τούτῳ
1635 1223 1736 1258 ταύτην
1761 1221 1910 1258 παρασχὼν

1121 1269 1170 1305 τὴν
1185 1270 1348 1306 μαρτυρίαν,
1361 1270 1417 1297 οὗθ’
1430 1269 1555 1297 ὁστισοῦν
1571 1269 1622 1297 ἀνθ
1627 1269 1725 1306 ρώπων
1737 1269 1814 1300 θεοὺς
1825 1276 1911 1303 προσ-

1121 1313 1192 1341 είποι
1216 1314 1249 1341 ἂν
1264 1315 1392 1349 εὐλόγωςσ
1409 1315 1467 1342 ἀλλ’
1478 1315 1540 1343 οὐδὲ
1553 1315 1671 1349 ἀγαθοὺς
1684 1313 1821 1349 δαίμονας⁷
1846 1313 1911 1345 τοὺς

1122 1360 1174 1387 ὑπὸ
1187 1359 1292 1396 θνητῶν
1307 1361 1467 1396 ἀνθρώπων,
1483 1361 1530 1388 καὶ
1544 1360 1632 1389 ταῦτα
1644 1361 1750 1396 γοήτων
1763 1379 1771 1392 ,
1788 1359 1817 1387 οὺ

1120 1403 1232 1442 γνώμην
1246 1405 1358 1438 οἰκείαν,
1373 1405 1419 1444 βία
1432 1406 1460 1432 δὲ
1474 1406 1520 1433 καὶ
1534 1405 1640 1442 ἀνάγκῃ
1658 1405 1826 1441 συρομένους
1838 1423 1846 1436 ,
1861 1404 1910 1431 καὶ

1123 1450 1190 1486 μηδὲ
1207 1451 1257 1487 τῆς
1278 1452 1332 1479 τῶν
1350 1452 1458 1487 δεσμῶν
1482 1451 1641 1484 ἀπολύσεως
1654 1451 1703 1487 τὴν
1725 1451 1848 1484 ἐξουσίαν
1865 1451 1909 1483 ἐφ’

1121 1497 1226 1529 ἑαυτοῖς
1239 1497 1356 1534 ἔχοντας.
1377 1498 1409 1525 Et
1426 1497 1479 1534 γὰρ
1495 1497 1526 1534 δὴ
1539 1498 1667 1525 ὰόίαστον
1681 1498 1728 1525 καὶ
1752 1497 1909 1532 ἁκατανάγ-

1121 1551 1229 1577 καστον,
1243 1544 1289 1570 καὶ
1305 1543 1413 1572 πάντων
1429 1545 1564 1580 κρεῖττον,
1589 1544 1638 1578 τὴν
1663 1544 1743 1578 φύσιν
1764 1543 1867 1575 ἀπαθὲς
1878 1543 1912 1577 ὃν

284 1587 398 1619 luntate.
414 1588 461 1615 sed
477 1588 502 1615 vi
514 1588 631 1623 quadam
646 1592 674 1617 et
686 1589 848 1617 necessitate
866 1590 1068 1625 pertrahantur,

1122 1588 1168 1615 καὶ
1184 1588 1324 1625 ἐλεύθερον
1335 1589 1365 1616 τὸ
1380 1589 1456 1616 Θεῖον
1467 1597 1473 1604 ·
1488 1589 1546 1621 πῶς
1563 1588 1596 1616 ἂν
1610 1585 1668 1616 εἷεν
1680 1588 1746 1622 θεοὶ,
1763 1587 1910 1624 μαγγανεί-

285 1641 318 1662 ac
333 1642 367 1662 ne
381 1634 511 1662 redeundi
526 1634 636 1669 quidem
656 1635 702 1670 jus
720 1642 754 1662 ex
769 1643 799 1663 se
812 1635 880 1671 ipsis
895 1642 943 1664 aut
957 1637 1071 1666 faculta~

1122 1644 1166 1668 αις
1200 1636 1260 1668 ταῖς
1278 1636 1321 1663 διὰ
1338 1636 1446 1664 τοιῶνδε
1467 1636 1615 1677 σχημάτων
1634 1636 1681 1663 καὶ
1701 1635 1839 1672 γραμμῶν
1859 1635 1910 1662 καὶ

287 1688 340 1717 tem
359 1680 487 1708 habeant.
512 1680 672 1713 Enimvero,
691 1681 714 1708 si
731 1681 864 1715 ejusmodi
886 1690 986 1709 numen
1010 1690 1071 1711 esse

1122 1681 1223 1718 τύπων,
1233 1682 1374 1717 στεφάνοις
1384 1691 1413 1709 τε
1425 1683 1535 1714 καὶτοῖς
1546 1682 1599 1709 ἀπὸ
1609 1682 1660 1718 γῆς
1668 1682 1771 1714 ἄνθεσι,
1780 1681 1826 1709 καί
1837 1689 1912 1713 τισιν

284 1726 382 1760 debet,
401 1726 446 1754 cui
467 1734 518 1754 nec
537 1726 580 1755 vis
604 1726 705 1759 afferri.
726 1735 777 1755 nec
798 1728 901 1763 imponi
921 1730 1070 1759 necessitas

1122 1727 1209 1759 ἄλλοις
1216 1728 1330 1764 ἀσήμοις
1338 1728 1385 1755 καὶ
1403 1727 1550 1765 βαρϐάροις
1562 1728 1638 1764 ἤχοις
1648 1737 1678 1755 τε
1690 1729 1736 1755 καὶ
1748 1729 1848 1762 φωναῖς
1857 1736 1910 1762 κη-

285 1771 340 1799 ulla
369 1771 473 1807 possit,
503 1772 631 1808 quodque
656 1772 738 1800 rebus
767 1773 903 1802 universis
935 1775 1016 1804 altius
1042 1780 1070 1804 et

1122 1773 1254 1809 λούμενοι,
1261 1774 1308 1801 καὶ
1314 1774 1454 1810 τοϊςτυχοῦ
1459 1783 1499 1801 σιν
1505 1773 1658 1809 ἀνθρώποις
1663 1773 1753 1810 χειρού
1758 1781 1831 1808 μενοι
1838 1772 1907 1808 (20),

285 1818 441 1854 augustius.
467 1821 592 1845 naturam
615 1822 643 1846 et
664 1818 698 1846 ab
718 1819 794 1846 omni
814 1820 932 1855 patiendi
950 1821 1069 1849 solutam

1122 1819 1168 1846 καὶ
1183 1819 1302 1856 ὡσπερεὶ
1325 1819 1434 1855 δεσμοῖς
1458 1819 1718 1855 καταδουλούμενοι,
1739 1819 1810 1847 ὥστε
1839 1818 1909 1854 μηδὲ

284 1863 424 1898 periculo,
445 1868 472 1891 et
490 1863 616 1892 libertate
642 1864 783 1899 praeditam
813 1865 933 1893 habeat:
956 1873 986 1894 tu
1002 1867 1069 1896 deos

1122 1864 1168 1900 τὴν
1190 1865 1362 1899 αὐτεξούσιον
1383 1866 1429 1892 καὶ
1446 1866 1640 1902 προαιρετικὴν
1668 1865 1764 1898 σώζειν
1783 1865 1825 1899 ἐφ’
1840 1865 1907 1891 ἑαυ-

283 1909 402 1944 appelles
431 1909 517 1942 istos,
545 1910 593 1945 qui
614 1910 657 1937 vel
679 1910 814 1945 ejusmodi
841 1912 1010 1946 ﬁgurarum,
1035 1913 1069 1940 li-

1122 1912 1173 1943 τοῖς
1180 1910 1307 1946 δύναμιν;
1322 1912 1384 1944 Πῶς
1393 1912 1415 1939 δ’
1426 1911 1458 1940 ἂν
1470 1911 1522 1939 κᾶν
1535 1911 1632 1946 ἀγαθοὶ
1641 1911 1766 1946 δαίμονες
1775 1910 1908 1946 λεχθεῖεν,

284 1963 414 1990 nearum,
443 1956 647 1991 imaginumque
669 1957 804 1985 machinis
825 1957 938 1992 deduci,
957 1959 1000 1986 vel
1021 1967 1069 1987 co-

1122 1956 1167 1993 βιᾳ
1188 1957 1235 1984 καὶ
1255 1957 1360 1994 ἀνάγκῃ
1388 1957 1611 1993 χατασπώμενοι;
1633 1957 1665 1983 Τί
1690 1956 1744 1992 γὰρ
1770 1955 1800 1982 τὸ
1819 1955 1911 1989 αἴτιον,

283 2009 430 2035 ronarum,
456 2006 483 2029 et
502 2001 599 2034 ﬂorum
620 2010 654 2030 ex
667 2007 746 2030 terrae
758 2003 911 2033 visceribus
934 2005 1068 2033 exsisten-

1122 2003 1181 2035 τοὺς
1195 2003 1210 2023 ιτ
1231 2003 1356 2037 ἄκοντας,
1378 2004 1438 2040 οὐχὶ
1454 2004 1482 2031 δὲ
1502 2003 1689 2036 αὑτεξουσίους
1713 2003 1783 2038 σφᾶς
1808 2001 1909 2032 αὐτοὺς

281 2048 351 2081 tium
376 2047 528 2080 illecebris,
552 2048 594 2075 vel
615 2048 740 2077 barbaris
756 2050 919 2084 quibusdam
938 2052 1068 2087 omnique

1122 2050 1174 2082 τοῖς
1190 2049 1314 2085 βοηθείας
1327 2050 1463 2086 δεομένοις
1479 2050 1642 2082 ὲπιδιδόναι;
1658 2049 1690 2076 Εἰ
1705 2050 1759 2084 γὰρ
1776 2049 1818 2074 ἐπ’
1839 2048 1910 2082 d7:-

282 2091 480 2127 signitlcatione
514 2092 670 2121 carentibus
699 2094 775 2121 sonis
806 2102 839 2122 ac
868 2095 982 2125 vocibus
1010 2096 1068 2125 inev

1122 2094 1157 2130 θῷ
1180 2095 1376 2132 ποιοῦνταιτὴν
1393 2095 1508 2131 πάροδον
1530 2095 1626 2130 ἀγαθοὶ
1651 2095 1735 2127 ὅντες,
1758 2094 1806 2121 καὶ
1828 2094 1908 2128 εἴπερ

282 2139 369 2171 scari,
400 2138 522 2173 adeoque
552 2139 798 2173 abjectissimorum
821 2142 903 2169 etiam
926 2142 1067 2171 hominum

1122 2150 1158 2174 τις
1173 2139 1207 2176 ἦν
1228 2142 1258 2174 ἐξ
1270 2142 1359 2168 αὐτῶν
1374 2141 1462 2177 ψυχῆς
1476 2141 1603 2176 ὠφέλεια,
1619 2141 1688 2177 χρῆν
1710 2141 1794 2175 δήπου
1811 2148 1908 2176 προαι-

281 2184 426 2219 arbitrium
456 2184 533 2219 sequi
566 2189 717 2220 nutumque
749 2187 868 2220 soleant,
899 2192 929 2215 ut
953 2189 1068 2223 quibus-

1122 2188 1190 2224 ρέσει
1200 2188 1231 2216 τὸ
1243 2188 1343 2223 ἀγαθὸν
1355 2187 1532 2220 ἀσπάζεσθαι,
1546 2187 1693 2221 φθάνοντας
1706 2187 1764 2218 ταῖς
1775 2185 1908 2216 εὐποιίαις

282 2231 345 2258 dam
372 2230 451 2266 quasi
477 2230 593 2258 vinculis
628 2238 769 2266 servorum
803 2232 890 2260 instar
915 2235 1066 2270 mancipio-

1122 2233 1180 2265 τοὺς
1203 2233 1355 2268 δεομένους,
1381 2232 1449 2259 ἀλλὰ
1473 2233 1509 2268 μὴ
1534 2232 1688 2269 περιμένειν
1717 2231 1849 2266 ἀνάγκην.
1868 2230 1906 2282 Et

281 2283 399 2312 rumque
413 2276 566 2309 constricti,
585 2284 619 2304 ne
637 2277 771 2312 integram
785 2278 895 2313 quidem
908 2287 940 2308 ac
953 2281 1065 2309 liberam

1122 2279 1140 2305 5‘
1156 2279 1186 2305 οὺ
1211 2278 1292 2306 καλὸν
1313 2277 1358 2314 ἦν,
1384 2278 1438 2305 οὐδ’
1463 2278 1582 2312 ὠφελοῦν
1602 2277 1633 2304 τὸ
1654 2277 1848 2313 πραττόμενον,
1866 2275 1907 2302 διὸ

281 2322 402 2350 solvendi
426 2323 641 2359 expediendique
665 2323 708 2351 sui
730 2328 892 2360 potestatem
912 2327 1068 2355 retineant?

1122 2326 1187 2362 μηδὲ
1211 2326 1281 2352 κατὰ
1301 2325 1413 2361 γνώμην
1438 2325 1528 2356 αὐτοῖς
1548 2324 1667 2358 γίνεσθαι
1684 2329 1708 2356 ο,
1731 2323 1778 2350 καὶ
1799 2322 1858 2354 πῶς
1873 2321 1907 2348 ἂν

283 2368 363 2404 197
379 2368 421 2397 Tu
433 2369 522 2397 bonos
535 2369 617 2397 etiam
637 2370 774 2399 daemones
791 2370 931 2400 arbitreris
947 2380 1005 2406 eos,
1018 2374 1066 2409 qui

1122 2371 1213 2406 ἀγαθοὶ
1229 2369 1292 2402 εἷεν,
1305 2371 1336 2397 τὸ
1353 2371 1389 2407 μὴ
1406 2370 1486 2398 καλὸν
1502 2370 1567 2407 μηδὲ
1585 2370 1720 2406 συμφέρον
1732 2369 1906 2413 πράττοντεςς

281 2411 307 2442 vi
321 2420 428 2443 tantum
443 2423 476 2447 ac
487 2416 650 2450 necessitate
663 2415 900 2450 ducantur‘LQuid
917 2417 989 2445 enim
1000 2426 1066 2446 cau-

1122 2418 1176 2450 πῶς
1195 2418 1224 2444 δὲ
1240 2417 1426 2453 θαυμάζεσθαι
1447 2417 1527 2450 ἄξιοι,
1545 2418 1591 2446 καὶ
1608 2417 1765 2454 θεραπείαις
1779 2411 1848 2444 θεῶν
1866 2426 1907 2443 τι-

282 2468 319 2489 sat
331 2465 383 2494 est,
399 2461 578 2497 quamobrem
595 2461 672 2489 inviti
687 2469 720 2490 ac
737 2467 929 2498 repugnantes,
944 2472 997 2492 non
1016 2472 1065 2492 sua

1122 2464 1235 2500 μᾶσθαι,
1268 2465 1292 2490 εἰ
1307 2464 1321 2484 d
1338 2465 1384 2491 καὶ
1408 2465 1463 2496 τοῖς
1491 2464 1601 2500 τυχοῦσι
1627 2464 1706 2499 γόησι
1736 2463 1782 2490 τὸν
1807 2463 1907 2499 τρόπον

280 2505 333 2540 ipsi
363 2511 460 2541 sponte
490 2507 647 2537 hominibus
674 2508 776 2535 auxilio
803 2515 854 2537 suo
880 2510 1065 2548 indigentibus

1122 2509 1334 2542 πανωλεστάτοις
1358 2510 1616 2546 καταδουλούμενοι,
1643 2509 1690 2536 καὶ
1715 2509 1746 2535 τὸ
1771 2509 1808 2544 μὴ
1825 2507 1906 2535 καλὸν

280 2559 360 2587 opem
381 2552 486 2580 ferant?
508 2552 576 2581 Nam
600 2555 624 2582 si
650 2554 775 2582 beneﬁcii
800 2554 956 2584 conferendi
977 2557 1065 2592 gratia

1122 2555 1185 2591 μηδὲ
1202 2556 1339 2592 συμφέρον
1353 2556 1430 2592 παρὰ
1444 2555 1555 2591 γνώμην
1571 2555 1698 2592 πράττειν
1718 2554 1906 2589 ἀναγκαζόμε-

281 2601 412 2633 tanquam
428 2599 492 2627 boni
510 2601 680 2635 advenirent,
701 2607 750 2631 aut
762 2602 785 2631 si
799 2601 835 2629 ab
849 2601 883 2630 iis
897 2602 924 2630 in
939 2603 1062 2630 animum

1122 2608 1166 2632 wet,
1186 2600 1312 2635 ἀγόμενοι
1327 2609 1357 2627 τε
1378 2601 1425 2627 καὶ
1448 2600 1650 2636 καθελκόμενοι,
1667 2600 1697 2626 οὐ
1714 2597 1749 2626 δι’
1763 2598 1868 2634 ἀποχὴν
1891 2602 1905 2617 ο

281 2643 406 2673 utilitatis
421 2645 523 2679 aliquid
543 2646 763 2681 proﬁcisceretur
787 2654 834 2675 eos
850 2648 946 2683 utique
960 2648 1062 2676 bonum

1122 2648 1293 2684 σωφροσύνης
1311 2648 1472 2685 ἀνθρώπων,
1495 2648 1555 2675 οὐδὲ
1575 2648 1674 2684 ἀρετῆς
1693 2647 1782 2682 χάριν,
1799 2646 1817 2682 ἡ
1833 2653 1907 2680 τινος

712 2750 722 2763 ι·
745 2745 786 2770 ῐσ.
800 2744 913 2778 γίνεται.
952 2745 965 2763 ἀ
986 2747 1026 2771 ἵσ.
1044 2746 1080 2772 οἱ.

315 2751 329 2764 ι
346 2753 389 2779 γρ.
412 2745 488 2778 μίγα.
526 2744 539 2763 δ
559 2744 600 2770 ϊσ.
616 2744 672 2770 τοῦ.
712 2750 722 2763 τ
745 2745 786 2770 Τσ.
800 2744 913 2778 γίνεται.
952 2745 965 2763 ἀ
986 2747 1026 2771 ἵσ.
1044 2746 1080 2772 οἱ.
1121 2752 1132 2765 ο
1154 2746 1195 2773 Ισ.
1213 2747 1357 2782 ἀποδοχήν.

316 2821 372 2856 (20)
394 2824 544 2862 Τυζοῦςιν
551 2825 715 2862 ἀνθρώςτοις
726 2822 1065 2862 χᾳριζύμεηοι.-(ξ1εηιείιε
1120 2824 1218 2862 αὐτούς
1229 2824 1338 2862 ἑαυτοῖς
1351 2825 1584 2862 καταγραψαντες,
1600 2824 1906 2862 τοὺς-κατηναγκασμέπ

281 2859 426 2894 Alenndr.
436 2857 467 2894 in
486 2857 618 2892 Protrepi.
629 2868 638 2886 :
649 2860 740 2892 Μάγοι
753 2858 781 2884 δὲ
797 2858 858 2894 ἤδη,
872 2857 997 2894 ᾲσεϐεἰας
1010 2857 1062 2894 τῆς

1122 2867 1178 2890 γους
1191 2858 1299 2891 δούλους
1312 2862 1370 2891 ταῖς
1388 2857 1524 2892 ἐπαοιδαῖς
1538 2868 1569 2886 πε
1575 2859 1724 2893 nutriti-req.

283 2893 356 2927 σφῶν
382 2893 471 2924 αὐτῶν
496 2895 627 2927 ὑπηρέται
653 2894 783 2928 δαίμονας
801 2893 940 2930 αὐχοῦσιν,
959 2893 1067 2932 οἰκέτας
