2060 3213
133 175 183 203 λιι

729 174 890 202 ΡΒᾸΕΡΔΒ.
912 173 1037 202 EVANG.
1058 173 1122 201 ΗΒ.
1139 175 1171 202 ν.

1720 177 1774 205 382

141 234 237 270 μέρους
251 234 427 270 φιλοσοφίας,
441 235 559 270 μεθόδοις
569 234 598 262 δὲ
609 236 714 271 γοήτων
727 235 828 270 ἀπειρη
833 234 938 269 μέναις;

992 233 1058 261 illud
1076 234 1149 262 ultro
1170 235 1325 270 complecti,
1349 236 1543 272 beneﬁciisque
1567 237 1626 264 suis
1650 236 1774 272 indigeo-

140 279 171 311 ἃς
185 281 199 306 ὁ
212 280 295 312 αὐτὸς
318 278 398 312 αὖθις
423 280 596 316 συγγραφεὺς
614 280 643 306 ὲν
658 281 692 315 τῇ
709 279 776 314 πρὸς
801 278 846 305 τὸν
863 279 938 314 εἰρη-

145 325 220 361 μένοι
235 326 388 360 Αἰγύπτιον
404 326 544 361 ἐπιστολῇ,
567 326 604 358 ὡς
629 325 663 352 ἆν
687 326 813 362 προφήτῃ
835 324 938 360 τάληθῆ

143 371 189 398 καὶ
212 372 360 407 ἀπόρρητα
385 372 556 407 κινούμενος,
581 371 716 398 τέθειται·
744 371 807 402 τοὺς
832 370 938 404 λόγους,

143 416 202 444 καθ’
219 417 266 449 οὓς
289 417 378 445 ταῦτα
401 418 580 449 συντελοῦσιν,
597 417 644 449 οὒς
660 417 733 449 ἀξιον
748 423 760 437 ι
775 417 839 452 παρ’
856 415 939 442 αὑτοῦ

143 463 309 498 διδαχθῆναι.
334 464 501 491 Πυνθάνεται
521 464 587 498 γοῦν
609 460 661 491 ὧδέ
679 472 737 495 πως
760 461 871 498 ἀπορῶν
892 461 940 488 καὶ

991 279 1058 306 tium
1083 286 1216 315 occupare
1239 284 1321 314 vota,
1352 289 1406 308 non
1431 289 1496 309 vero
1521 282 1586 309 dum
1611 286 1775 317 cogerentur

990 328 1149 359 exspectare
1163 329 1310 360 oporteret.
1327 325 1374 354 Sin
1393 331 1485 354 autem
1503 327 1570 355 nihil
1583 327 1696 354 omnino
1709 326 1774 354 boni

990 375 1038 398 aut
1054 371 1129 399 utilis
1145 376 1232 399 totum
1253 372 1326 400 istuc
1338 373 1430 406 habet,
1446 381 1534 409 eoque
1549 378 1646 408 praeter
1664 373 1774 401 illorum

991 415 1158 443 voluntatem
1170 424 1338 452 sensumque
1348 417 1496 453 contingit;
1507 418 1569 453 quis
1582 418 1647 445 deos
1659 417 1775 453 appellet

990 469 1050 494 eos,
1062 461 1110 496 qui
1126 462 1199 497 quod
1216 470 1266 491 nec
1281 463 1426 491 honestum
1441 470 1492 491 nec
1511 464 1577 492 utile
1590 465 1627 492 sit
1641 462 1776 491 elliciaut?

143 507 240 543 λέγων.
993 512 1041 535 aut
1054 507 1118 543 quis
1133 508 1244 536 eosdem
1261 508 1329 536 tanti
1352 514 1437 545 putet,
1456 509 1604 538 deorumve
1625 510 1700 538 cultu
1715 516 1776 544 pro-

144 555 310 590 sequendos,
333 556 379 592 qui
402 561 430 584 et
445 556 545 584 vilibus
566 560 595 583 et
623 555 852 591 proﬂigatissimus
874 553 936 581 vitae
956 553 1087 581 maleﬁcis
1102 554 1228 582 servilem
1241 554 1268 582 in
1283 555 1395 583 modum
1420 555 1542 589 obedire,
1561 556 1689 592 quodque
1721 562 1772 583 nec

144 602 251 635 deceat,
276 611 328 630 nec
343 610 509 638 quemquam
522 603 599 638 juvet
621 607 716 630 contra
738 604 856 628 mentem
882 599 933 635 ipsi
953 606 1032 627 suam
1065 605 1193 635 praestare
1221 605 1540 637 coganturzpostremo,
1556 610 1610 629 non
1628 603 1663 629 ob
1678 602 1772 629 mode-

145 649 228 677 stiam
253 650 297 678 vel
328 649 536 685 temperantiam
568 649 709 677 hominum
737 648 878 683 aliquam,
899 654 954 674 non
989 646 1098 674 virtutis
1118 652 1166 675 aut
1187 647 1272 683 partis
1296 648 1379 676 ullius
1401 648 1580 685 philosophiae
1605 649 1703 685 gratia,
1727 647 1774 675 sed

144 697 267 726 infandis
279 697 509 733 prastigiatorum
524 697 628 725 artibus
644 701 672 724 et
692 695 826 724 machinis
861 694 1048 722 deducantur?
1064 694 1150 729 Atque
1170 695 1232 723 illas
1258 696 1342 724 etiam
1360 695 1544 731 Porphyrius,
1583 696 1609 723 in
1623 704 1655 723 ea
1686 702 1770 730 quam

145 745 181 773 ad
193 745 334 772 laudatum
350 743 510 780 [Egyptium
529 743 636 777 scribit,
658 742 786 777 epistola,
805 749 885 769 veras
916 741 1022 769 scilicet
1043 745 1126 776 atque
1150 749 1268 770 arcanas
1300 742 1372 778 apud
1404 747 1492 770 vatem
1516 750 1628 770 movens
1643 742 1774 777 quaestio-

144 799 205 823 nes,
238 790 391 826 proposuit,
411 789 548 818 hominem
573 789 737 820 obtestatus,
773 787 814 815 uti
842 795 914 821 sese,
945 787 1046 822 quibus
1068 788 1119 815 ista
1139 789 1292 824 perﬁciant,
1315 789 1437 817 rationes
1461 789 1566 817 doceat.
1593 789 1668 817 Illum
1694 789 1776 825 igitur

145 839 221 867 hunc
240 839 267 865 in
283 838 395 866 modum
411 845 512 872 anceps
528 837 670 872 animique
683 835 784 864 dubius
801 835 932 863 consulit.

428 884 625 912 ΚΕΦΑΛΑΙΟΝ
644 885 671 910 1’.

1294 881 1410 909 CAPUT
1432 881 1466 909 Χ.

147 941 283 975 ἀποίαις
301 941 439 977 ιιεθόδοις
455 942 481 968 οὶ
504 940 662 977 θαυμάσιοι
677 941 775 968 αὐτῶν
796 940 856 968 θεοὶ
876 939 938 973 τοῖς

992 940 1094 973 Quibus
1129 939 1232 967 artibus
1263 947 1503 977 egregtqnumma
1538 939 1775 974 proastigiatort'bus

377 977 485 1012 γόησιν
499 975 726 1004 ὑποτάττονται.

1289 975 1476 1010 subjiciuntur.

183 1043 193 1060 ι
215 1033 290 1060 Πάνυ
310 1032 339 1059 δέ
364 1041 398 1068 με
422 1032 541 1070 θράττει,
566 1032 639 1064 πῶς,
665 1032 703 1064 ὡς
725 1031 865 1067 κρείττους
884 1039 939 1057 πα-

144 1079 360 1115 ρακαλούμενοι,
392 1078 584 1105 ὲπιτάττονται
609 1077 648 1109 ὡς
680 1078 796 1114 χείρους·
827 1078 874 1104 καὶ
900 1076 940 1105 δί-

142 1132 223 1151 καιον
238 1122 308 1151 εἶναι
323 1122 462 1156 ἀξιοῦντες
477 1124 522 1151 τὸν
539 1123 702 1160 Θεράποντα,
719 1124 753 1150 τά
767 1123 846 1151 ἀδικα
863 1123 938 1150 αὐτοὶ

142 1169 347 1201 κελευσθέντες,
364 1169 429 1205 δρᾷν
443 1169 616 1205 ὑπομένουσι·
641 1170 688 1198 καὶ
704 1169 816 1205 καθαρῷ
833 1169 883 1205 μὲν
901 1168 939 1204 μὴ

140 1216 199 1243 ὄντι
223 1215 253 1248 ἐξ
278 1215 443 1252 ἀφροδισίων
466 1215 518 1242 οὐκ
539 1215 573 1242 ἂν
594 1214 720 1242 καλοῦντι
743 1214 937 1245 ὑπακούσαιεν,

141 1262 220 1288 αὐτοὶ
241 1261 271 1288 δὲ
291 1261 367 1296 ἄγειν
382 1262 423 1293 είς
439 1261 585 1298 παράνομα
601 1261 746 1297 ἀφροδίσια
768 1261 830 1292 τοὺς
845 1261 939 1296 τυχόν-

140 1316 192 1339 τας
208 1308 259 1334 οὐκ
275 1307 394 1334 ὀκνοῦσι.
410 1307 463 1334 Καὶ
480 1307 533 1334 ἀπὸ
549 1307 678 1343 ἐμψύχων
702 1307 751 1342 μὲν
768 1307 872 1342 ἀποχῆς
892 1315 939 1333 κε-

141 1352 250 1380 λεύουσι
266 1352 320 1379 δεῖν
340 1350 410 1379 εἶναι
426 1353 489 1385 τοὺς
514 1353 666 1388 ὑποφήτας,
691 1353 735 1379 ἵνα
753 1352 790 1388 μὴ
811 1353 868 1384 τοῖς
885 1352 938 1379 ἀπὸ

140 1397 198 1426 τῶν
214 1397 348 1433 σωμάτων
374 1398 470 1433 ἀτμοῖς
492 1397 672 1434 χραίνωνται-
697 1397 774 1424 αὐτοὶ
798 1397 827 1424 δὲ
842 1397 938 1432 ἀτμοῖς

141 1442 244 1470 Θυσιῶν
267 1443 324 1474 τοῖς
338 1443 393 1470 ἀπὸ
409 1442 486 1474 ζώων
501 1442 617 1478 μάλιστα
633 1442 813 1475 δελεάζονται,
838 1443 885 1469 καὶ
896 1451 939 1468 νε-

141 1489 210 1525 κροῦ
229 1489 279 1524 μὲν
294 1488 377 1524 ἀθιγῆ
399 1489 454 1515 δεῖν
473 1487 542 1516 εἶναι
560 1489 605 1515 τὸν
621 1489 753 1524 ὲπόπτην,
770 1488 812 1514 διὰ
833 1488 939 1524 νεκρῶν

139 1534 170 1561 δὲ
186 1534 222 1562 τὰ
236 1534 321 1562 πολλά
338 1534 414 1566 ζώων
430 1535 458 1562 αἱ
479 1534 626 1569 θεαγωγίαι
647 1534 825 1561 ὲκτελοῦνται.
846 1533 939 1569 Πολλῷ

1028 1042 1037 1058 ι
1052 1031 1094 1059 Me
1110 1032 1218 1067 quidem
1240 1037 1297 1060 tum
1309 1033 1496 1064 vehementer,
1513 1038 1612 1067 inquit,
1630 1040 1692 1067 angi
1709 1040 1774 1060 sen-

989 1078 1037 1109 tio,
1060 1078 1106 1105 ubi
1131 1086 1236 1105 mecum
1264 1078 1322 1113 ipse
1343 1082 1450 1113 reputo,
1476 1077 1523 1112 qui
1549 1077 1606 1104 lleri
1623 1077 1719 1112 possit,
1746 1081 1777 1106 ut

989 1131 1106 1159 quorum
1128 1123 1426 1158 veluti'augustiorum
1451 1130 1483 1150 ac
1507 1123 1672 1150 diviniorum
1695 1131 1778 1158 opem

990 1169 1180 1204 imploremus,
1195 1168 1213 1196 ii
1227 1173 1318 1196 tamen
1335 1169 1449 1204 perinde
1463 1173 1492 1196 ut
1505 1169 1667 1197 humiliores
1681 1177 1714 1197 ac
1729 1169 1776 1196 de-

990 1214 1107 1242 teriores
1122 1213 1249 1242 obediant
1262 1223 1269 1241 :
1283 1213 1384 1249 quique
1396 1214 1510 1242 clientes
1522 1214 1573 1250 ipsi
1585 1222 1650 1243 suos
1662 1215 1777 1250 aquita-

990 1265 1045 1288 tem
1069 1261 1160 1288 colere
1178 1260 1273 1294 velint,
1294 1261 1404 1288 eosdem
1425 1260 1534 1296 injustis
1555 1261 1677 1296 imperiis
1693 1262 1775 1290 obse-

990 1307 1037 1342 qui
1049 1315 1103 1334 non
1120 1306 1220 1342 pudeat
1236 1316 1242 1334 :
1259 1306 1381 1341 adeoque
1395 1314 1459 1334 cum
1476 1314 1573 1334 eorum
1589 1311 1652 1335 vota
1668 1315 1778 1342 preces-

990 1359 1044 1386 que
1065 1351 1218 1386 repudient,
1233 1350 1280 1386 qui
1303 1350 1336 1378 ad
1354 1359 1415 1379 sese
1437 1351 1529 1379 minus
1546 1351 1595 1380 abs
1611 1360 1640 1380 re
1658 1360 1776 1380 venerea

990 1397 1051 1432 puri
1072 1397 1247 1430 accesserint,
1262 1396 1357 1424 obvios
1371 1404 1494 1432 quosque
1512 1401 1601 1425 tamen
1625 1398 1770 1426 nefandam

991 1443 1018 1470 in
1034 1451 1160 1470 venerem
1182 1450 1263 1478 agere
1284 1450 1338 1470 non
1352 1443 1523 1470 erubescant.
1539 1443 1626 1471 Porro
1640 1449 1716 1473 vates
1736 1445 1776 1473 illi

990 1489 1101 1525 quidem
1123 1489 1340 1524 interpretcsque
1363 1496 1430 1517 suos
1450 1489 1533 1518 rebus
1547 1490 1675 1518 animatis
1690 1491 1775 1518 absti-

991 1543 1056 1563 nere
1073 1535 1180 1570 jubent,
1196 1543 1230 1562 ne
1252 1534 1392 1570 corporeis
1415 1535 1634 1563 exhalationibus
1650 1536 1777 1564 inficiant-

141 1581 171 1607 δὲ
193 1580 296 1608 τούτων
318 1580 487 1616 ἀλογώτερον
507 1581 538 1607 τὸ
556 1581 592 1616 μὴ
617 1581 734 1616 δαίμονι,
763 1581 787 1606 εἰ
806 1580 891 1616 τύχοι,
918 1580 935 1615 ἢ

991 1587 1036 1609 tur
1051 1581 1268 1609 :sacriliciorum
1284 1585 1387 1612 tamen,
1401 1588 1462 1615 qua:
1474 1589 1505 1609 ex
1518 1582 1706 1610 animantibus
1717 1583 1775 1611 ﬁeri

140 1627 215 1663 ψυχῇ
238 1626 410 1662 τεθνηκότος,
427 1626 500 1662 αὐτῷ
524 1626 553 1653 δὲ
571 1626 610 1662 τῷ
627 1626 732 1661 βασιλεῖ
751 1626 833 1662 Ἡλίῳ
848 1627 864 1662 ἢ
892 1626 939 1652 Σε-

141 1673 222 1710 λήνῃ,
243 1673 261 1708 ἡ
283 1681 337 1700 τινι
349 1673 404 1699 τῶν
425 1674 484 1700 κατ’
509 1673 624 1709 οὐρανὸν
640 1673 791 1709 ἀνθρώπων
808 1677 822 1698 δ
840 1672 878 1708 τῷ
894 1681 941 1699 τυ-

142 1719 221 1754 χόντι
243 1719 414 1755 ὑποχείριον,
438 1719 553 1751 ἀπειλὰς
586 1719 776 1756 προσφέροντα
801 1718 939 1753 ἐκφοϐεῖν,

142 1765 308 1801 ψευδόμενον
334 1765 367 1792 ἵν’
391 1766 489 1792 ἐκεῖνοι
514 1765 693 1800 ἀληθεύσωπι.
719 1764 755 1790 Τὸ
777 1764 832 1800 γὰρ
848 1764 938 1798 λέγειν

142 1808 211 1846 (21),
236 1811 278 1837 ὅτι
299 1810 344 1836 τὸν
368 1809 481 1846 οὐρανὸν
510 1809 688 1846 προσαράξει,
711 1811 758 1837 κιὶ
779 1809 814 1836 τά
831 1809 939 1845 κρυπτά

141 1856 192 1891 τῆς
216 1856 313 1888 Ἴσιδος
334 1857 458 1891 ἐκφανεῖ,
474 1857 522 1883 καὶ
535 1856 566 1882 τὸ
580 1857 609 1883 ὲν
630 1856 733 1891 Ἀϐύδῳ
746 1856 802 1891 (9.2)
817 1856 940 1892 ἀπόρρη-

140 1909 188 1927 τον
208 1901 301 1934 δείξει,
320 1903 367 1929 καὶ
389 1902 439 1938 τὴν
457 1901 535 1938 βάριν
558 1902 652 1937 στήσει
669 1901 734 1937 (⁵25),
752 1903 798 1929 καὶ
821 1901 855 1928 τὰ
873 1901 940 1938 μέλη

141 1945 191 1972 τοῦ
224 1947 355 1983 Ὀσίριδος
377 1947 550 1974 διασκεδάσει
583 1946 622 1982 τῷ
653 1946 781 1981 Τυφῶνι,
808 1947 868 1973 τίνα
893 1947 941 1982 οὐχ

143 1983 201 2027 (24)
218 1992 370 2028 ὑπερϐολὴν
388 1991 536 2027 ὲκπληξίας
570 1992 619 2027 μὲν
648 1991 687 2026 τῷ
718 1991 890 2024 ἀπειλοῦντι,
920 1991 938 2018 ἀ

144 2040 214 2076 μήτε
236 2037 301 2071 εἶδε,
321 2040 389 2074 μήτε
409 2037 530 2071 δύναται,
555 2038 725 2070 καταλείπει,
749 2038 941 2074 ταπεινότητος

140 2085 171 2112 δὲ
186 2086 243 2116 τοῖς
261 2084 407 2110 δεδοικόσιν
427 2083 498 2110 οὖτω
514 2083 591 2110 κενὸν
608 2082 690 2117 φόϐον
712 2084 758 2110 καὶ
783 2083 940 2118 πλάσματα,

141 2130 180 2162 ὡς
198 2129 295 2165 κομιδῇ
317 2130 410 2162 παῖδες
430 2129 553 2165 ἀνόητοι;
570 2129 667 2156 Καίτοι
683 2129 732 2156 καὶ
751 2129 902 2164 Χαιρήμων
927 2129 942 2156 ό

140 2175 382 2211 ἱερογραμματεὺς
398 2174 549 2211 ἀναγράφει
566 2174 661 2206 ταῦτα,
683 2174 720 2206 ὡς
745 2175 793 2201 καὶ
815 2175 880 2209 παρ’
895 2174 941 2200 Al-

141 2221 269 2255 γυπτίοις
295 2220 490 2256 θρυλλούμενα·
517 2220 563 2247 καὶ
590 2219 677 2247 ταῦτά
691 2229 772 2254 φασιν
796 2218 865 2247 εἶναι
889 2220 937 2246 καὶ

990 1627 1088 1660 solent,
1108 1627 1256 1662 vaporibus
1275 1626 1395 1654 maxime
1414 1627 1570 1662 capiuntur,
1586 1635 1618 1655 ac
1638 1632 1775 1656 mortuum

992 1673 1072 1708 198
1084 1673 1193 1708 quidem
1218 1673 1253 1700 ab
1274 1680 1416 1700 sacrorum
1440 1680 1552 1700 suorum
1576 1672 1776 1707 inspectoribus

991 1719 1064 1754 tangi
1090 1717 1168 1746 nefas
1192 1725 1253 1746 esse
1274 1722 1417 1751 statuunt;
1435 1718 1512 1745 caesis
1539 1722 1630 1745 tamen
1658 1719 1777 1746 victimis

990 1763 1104 1791 deorum
1118 1764 1294 1791 evocationes
1309 1768 1413 1798 partem
1438 1764 1584 1791 maximam
1600 1771 1775 1799 peraguntur.

991 1808 1124 1844 Quodque
1135 1809 1259 1836 omnium
1272 1809 1501 1837 absurdissimum
1516 1814 1568 1842 est,
1582 1817 1636 1837 non
1646 1811 1702 1845 jam
1718 1810 1776 1838 vul-

991 1855 1049 1890 gari
1074 1855 1194 1890 cuipiam
1218 1854 1351 1887 daemoni,
1375 1860 1422 1882 aut
1444 1855 1565 1882 defuncti
1586 1856 1701 1889 animae.
1729 1856 1777 1884 sed

991 1901 1100 1936 ipsimet
1124 1902 1175 1929 soli
1202 1902 1321 1929 siderum
1344 1901 1472 1937 principi,
1495 1902 1581 1936 lunae,
1608 1903 1776 1939 reliquisque

991 1947 1044 1974 diis
1066 1947 1234 1978 caelestibus.
1260 1948 1343 1975 homo
1369 1947 1456 1975 cuivis
1484 1955 1499 1975 e
1522 1949 1616 1983 populi
1643 1949 1708 1976 [meo
1727 1951 1775 1976 ob-

992 1994 1092 2021 noxius
1103 1993 1191 2020 minas
1205 1992 1330 2025 intentat,
1344 1997 1426 2028 atque
1439 1999 1469 2020 ut
1477 2000 1525 2020 eos
1536 1994 1569 2020 ad
1585 2001 1648 2021 vera
1662 1993 1776 2022 dicenda

993 2039 1156 2074 compellat,
1181 2038 1281 2066 falsum
1307 2047 1461 2074 vanumque
1483 2043 1616 2066 terrorem
1647 2041 1774 2069 ostendit.

992 2085 1059 2114 Nam
1081 2086 1204 2114 futurum
1226 2085 1406 2119 denuntiare,
1434 2087 1473 2113 uti
1499 2086 1541 2113 vel
1567 2086 1666 2113 ccelum
1687 2086 1775 2120 ipsum

993 2133 1108 2168 quatiat,
1123 2133 1164 2160 vel
1176 2132 1254 2160 Isidis
1267 2140 1367 2161 arcana
1381 2132 1536 2167 patefaciat,
1553 2133 1594 2159 vel
1605 2132 1677 2166 quod
1690 2132 1775 2167 Abydi

993 2179 1129 2206 occultum
1147 2179 1222 2211 latet,
1239 2179 1371 2213 dictuque
1387 2177 1465 2206 nefas
1484 2182 1535 2209 cst,
1557 2177 1584 2204 in
1605 2177 1692 2204 lucem
1713 2186 1777 2212 pro-

995 2223 1073 2257 ferat,
1088 2225 1129 2252 vel
1147 2224 1314 2260 Egyptiacm
1326 2225 1404 2252 navis
1421 2232 1531 2252 cursum
1547 2225 1678 2256 inhibeat,
1696 2225 1737 2251 vel
1749 2225 1776 2252 in

141 2266 177 2293 τὰ
202 2266 315 2292 τοιαῦτα
337 2265 546 2301 βιαπικώτατα.
574 2265 660 2292 Αὐταὶ
679 2265 709 2292 δὲ
723 2266 751 2292 αἱ
767 2265 854 2300 εὐχαὶ,
879 2265 938 2293 τίνα

992 2268 1133 2304 Typhonis
1149 2270 1263 2305 gratiam
1280 2269 1397 2298 Osiridis
1409 2270 1530 2297 membra
1545 2269 1663 2305 disjiciat
1677 2280 1682 2296 :
1697 2270 1777 2304 quid-

142 2311 234 2346 εχουσι
251 2310 340 2345 λόγον,
356 2311 402 2337 τὸν
416 2310 446 2343 ἐξ
463 2310 534 2342 ἰλύος
555 2310 726 2345 ἀναφανέντα
741 2310 877 2344 λέγουσαι,
893 2310 940 2336 καὶ

142 2359 190 2385 ἐπὶ
203 2358 241 2394 τῷ
261 2357 341 2393 λωτῷ
362 2358 526 2393 καθήμενον,
540 2357 586 2383 καὶ
599 2357 646 2384 ἐπὶ
663 2356 754 2384 πλοῖον
769 2356 941 2392 ναυτιλλόμε-

143 2414 200 2436 νον,
218 2404 265 2431 καὶ
278 2404 340 2431 καθ’
354 2404 428 2440 ὥραν
444 2404 494 2436 τάς
512 2402 617 2439 μορφὰς
631 2402 791 2438 ἀμείϐοντο,
808 2403 854 2429 καὶ
869 2402 939 2429 κατὰ

144 2450 240 2483 ζωδιον
256 2449 576 2486 μετασχηματιζόμενον;
592 2447 670 2475 Οὕτω
690 2449 744 2482 γάρ
760 2456 840 2482 φασιν
862 2448 940 2474 αὺτο-

180 2523 197 2541 ι
214 2527 260 2553 rp.
284 2517 377 2550 ἀξιῶν,
392 2518 448 2545 sine
460 2517 516 2549 οὓς.
554 2516 569 2536 ιν
587 2525 632 2551 γρ.
648 2515 798 2552 ἄνθρωπον.

185 2585 244 2622 (21)
266 2586 301 2612 Td
316 2584 497 2622 rapuere-:1er
516 2584 579 2622 lim:
603 2583 659 2622 ipsa
685 2584 776 2622 laudat
791 2583 935 2622 Jamblich,

147 2618 196 2648 Iibl
218 2618 257 2648 De
269 2618 411 2654 mysteriis.
426 2618 499 2646 'Audi
524 2619 577 2646 hoc
602 2619 693 2646 lurme
708 2618 853 2652 furentem,
867 2620 937 2654 apud

145 2655 265 2686 Statium
284 2654 410 2682 Thebaid.
427 2663 465 2686 tv,
481 2654 613 2681 Tiresiam
627 2663 633 2681 :

147 2690 252 2722 Testor,
267 2691 317 2722 ait,
332 2690 416 2722 divos,
427 2690 520 2724 quibus
533 2689 602 2715 [tunc
614 2689 775 2716 sacravimus
787 2689 883 2723 ignem,

146 2726 278 2760 Ltevaque
292 2725 424 2752 commisce
437 2724 556 2751 dedimus
572 2724 704 2760 carchesia
717 2729 793 2752 terrw
805 2731 814 2749 .'

144 2760 209 2788 lam
227 2759 328 2788 κέοιτο
347 2759 460 2786 tolerare
474 2767 585 2786 morum.
603 2759 733 2786 Cussusne
747 2759 869 2786 sacerdos

144 2796 250 2825 Audior
264 2793 277 2822 ?
291 2796 342 2825 An.
360 2795 452 2821 rabido
461 2794 554 2828 jubcat
569 2794 591 2820 si
607 2793 734 2820 Thessala
751 2799 841 2827 cantu,

147 2830 235 2863 Ibitis,
251 2836 278 2857 et
293 2830 425 2864 Scythicis
437 2838 535 2864 quoque
549 2829 678 2864 medicum
695 2829 795 2862 pruinis

145 2866 251 2892 Colchis
268 2870 341 2900 aget,
356 2865 457 2898 trepido
474 2864 608 2896 pallebunt
626 2863 739 2900 Tartara
756 2868 826 2900 tuom
837 2865 848 2889 Ξ)

147 2898 326 2938 Sperniteﬁe,
341 2908 428 2928 moueo
441 2907 450 2926 :
461 2905 484 2926 et
499 2899 570 2926 nobis
586 2899 676 2927 Stl‘t‘irc
690 2898 816 2934 facultas.

993 2322 1055 2341 nam
1073 2315 1198 2348 obsecro,
1215 2315 1256 2351 vel
1272 2323 1410 2343 summum
1431 2315 1464 2342 ad
1481 2319 1619 2350 stuporem
1632 2320 1714 2350 atque
1731 2323 1777 2342 ve-

991 2359 1112 2388 cordiam
1141 2361 1212 2394 ista,
1240 2369 1301 2396 quae
1326 2370 1413 2396 neque
1437 2362 1529 2394 novit,
1558 2369 1646 2396 neque
1671 2362 1777 2390 cliicere

990 2410 1089 2441 potest,
1107 2407 1295 2439 comminanti,
1317 2407 1358 2434 vel
1374 2407 1531 2434 numinibus
1549 2415 1609 2441 quze
1624 2407 1733 2434 lictitius
1750 2412 1776 2434 et

991 2451 1080 2481 inanis
1097 2452 1147 2484 iste
1162 2456 1248 2484 terror
1262 2453 1440 2485 lcviculorutn
1459 2453 1605 2479 ousionum
1623 2460 1700 2479 ιιιοιο
1714 2460 1775 2486 pcr-

989 2586 1093 2612 Scimus
1109 2586 1188 2615 enim.
1201 2591 1225 2612 et
1239 2585 1364 2620 quidquid
1377 2585 1430 2612 dici
1445 2585 1567 2620 noscique
1580 2586 1688 2618 timetis,

989 2621 1023 2648 Et
1039 2620 1144 2647 turbare
1161 2620 1286 2651 Hecaten,
1301 2625 1352 2647 etc.

1025 2655 1082 2690 (22)
1105 2655 1138 2682 Τὸ
1155 2655 1190 2681 iur
1203 2654 1317 2688 Ἀϐύδῳ.
1338 2655 1495 2690 Abydenum
1513 2655 1563 2682 hoc
1580 2662 1714 2684 secretum
1727 2657 1777 2684 ad-

990 2692 1043 2718 huc
1061 2698 1103 2717 me
1121 2691 1194 2716 latet.

1026 2725 1081 2760 (9.5)
1105 2724 1163 2758 Τὴν
1174 2724 1266 2758 ,βάριν
1275 2725 1393 2758 στήσει.
1417 2725 1493 2752 [iuris
1511 2727 1676 2761 [Egyptiacm
1699 2734 1776 2754 naris

990 2769 1076 2795 genus
1101 2765 1153 2791 est,
1170 2761 1374 2796 quotl>tatnetsi
1399 2760 1480 2788 latius
1503 2760 1615 2794 pateret,
1643 2763 1777 2796 prmcinue

993 2795 1218 2834 tanIcII,_e_t__xa.t:
1231 2794 1339 2834 ξξοχῄγ,
1355 2803 1422 2834 ‘eam
1439 2797 1620 2834 signiﬁcabat,
1635 2794 1695 2832 quae
1708 2806 1776 2833 quo-

991 2831 1080 2858 tannis
1097 2830 1160 2857 isidi
1174 2829 1444 2864 publicedicabatur.

1025 2866 1081 2900 (τι)
1103 2866 1163 2892 Οὐκ
1179 2865 1321 2893 delendum
1336 2871 1425 2893 monet
1442 2865 1567 2901 Vigcrus.
