2060 3213
296 158 352 192 διδ
376 180 379 182 λ

621 161 758 190 EUSEBII
777 160 1019 189 CESARIENSIS
1037 161 1115 190 OPP.
1137 161 1229 189 PARS
1248 160 1279 189 Ιῐ.
1299 177 1335 182 ——
1355 160 1606 190 APOLOGETICA.

1862 160 1928 187 BM

296 218 389 252 cellat,
404 226 540 247 summam
551 219 585 247 ad
602 219 783 247 humilitatem
800 219 935 255 reliquum
953 218 1035 247 fecit?
1047 219 1075 247 EI

1132 220 1258 247 πτεῐσθαι
1277 219 1435 254 ἀγνοοῦντες
1458 220 1499 247 ὅτι
1524 220 1555 247 τὸ
1578 220 1642 247 ἴδιον
1661 219 1748 251 πάθος
1765 220 1816 255 τῆς
1836 220 1928 247 αὐτῶν

294 268 388 292 tamen
416 266 474 292 hac
493 265 584 293 omnia
610 264 770 292 Chaeremon
799 271 876 292 sacer
902 264 947 292 ille
971 265 1079 300 scriba,

295 314 427 346 tanquam
449 311 638 346 [Egyptiorum
660 311 764 345 pridem
784 312 875 338 omnia
898 318 945 339 ore
968 311 1079 346 iactata,

294 358 469 393 conscripsit,
483 365 543 390 quae
557 356 667 392 quidem
683 357 722 383 uti
735 356 857 391 ejusdem
874 365 984 392 quoque
1000 365 1081 393 gene-

293 403 336 431 ris
346 408 454 435 cetera,
465 404 499 430 ad
509 402 563 430 vim
576 403 629 430 diis
641 402 807 430 ali'erendam
820 403 1009 438 potentissima
1020 411 1081 431 esse

293 448 429 476 dictitant.
453 447 512 474 Jam
535 455 599 475 vero
620 455 714 483 preces
736 453 819 482 atque
838 452 911 481 vota,
929 448 995 482 quid
1021 453 1080 475 tau-

292 494 355 526 dem
378 493 492 521 rationis
515 493 626 525 habent,
649 493 751 528 quibus
774 494 899 520 eumdem
923 493 1009 521 solem
1033 498 1080 519 aut

291 539 392 567 limosa
408 547 442 567 ex
468 539 568 574 palude
585 547 736 574 emergere,
755 543 802 566 aut
816 539 872 566 loto
888 539 1017 571 insidere,
1034 544 1080 566 aut

292 586 402 622 navigio
415 586 540 621 provehi,
552 591 599 613 aut
612 586 727 621 singulis
739 586 814 613 horis
825 585 942 613 formam
957 594 1081 613 commu-

291 637 362 665 tare,
378 640 411 660 ac
426 632 517 660 varios
538 639 586 667 per
601 632 709 666 singula
725 632 828 659 zodiaci
844 632 920 667 signa
933 632 1023 659 vultus
1042 632 1081 658 in-

289 679 375 706 duere
397 677 632 705 commemorant?
656 676 762 712 Quippe
779 678 860 704 talem
877 685 892 703 a
915 677 995 705 nobis
1016 685 1079 704 eum

290 723 377 751 videri
393 724 583 759 pronuntiant,
597 731 687 759 neque
698 724 852 759 intelligunt
862 724 1004 758 proprium
1019 731 1079 751 sese

291 769 330 796 illi
352 770 527 805 cogitationis
549 778 606 798 suae
628 771 724 797 vitium
742 774 770 798 et
792 777 914 797 errorem
940 770 1077 805 aﬂingere.

289 816 342 849 Qui
359 816 382 843 si
396 816 431 844 ad
444 817 622 852 symbolicam
636 817 788 844 orationem
803 816 985 851 confugerint,
1000 817 1078 851 quasi

289 860 426 895 ejusmodi
454 862 526 889 notis
548 862 631 889 variae
655 862 721 890 solis
742 861 886 888 facultates
910 861 1078 888 adumbrata:

1132 267 1281 301 φαντασίας
1303 266 1399 301 ἐκείνῳ
1426 266 1638 301 προσάπτουσιν.
1658 266 1689 292 Et
1708 266 1737 292 δὲ
1757 265 1929 300 συμϐολικῶς

1131 312 1237 346 λέγεται
1254 311 1350 344 ταῦτα,
1365 312 1419 338 τῶν
1437 311 1540 338 ἐκείνου
1554 312 1694 346 δυνάμεων
1707 311 1771 337 ὄντα
1789 311 1926 346 σύμϐολα,

1130 359 1180 393 τὴν
1192 358 1339 393 ἑρμηνείαν
1350 358 1403 383 τῶν
1417 356 1557 392 συμϐόλων
1576 356 1739 382 εἰπάτωσαν·
1762 356 1840 391 δῆλον
1861 356 1929 391 γὰρ,

1131 405 1178 436 ὡς,
1195 405 1218 430 εί
1230 404 1276 430 τοῦ
1290 404 1366 438 ἡλίου
1379 401 1413 438 ἦν
1424 403 1455 429 τὸ
1467 403 1561 435 πάθος,
1582 402 1705 437 καθάπερ
1719 403 1747 428 ἐν
1765 403 1826 433 ταῖς
1839 401 1929 428 ἐκλει-

1130 450 1202 484 ψεσι,
1217 450 1298 475 πᾶσιν
1312 448 1344 474 ἂν
1357 448 1434 483 ὤφθη
1449 447 1544 474 ταυτὸν
1558 449 1614 479 τοῖς
1622 448 1661 478 είς
1673 447 1753 474 αὐτὸν
1764 446 1928 478 ἀτενίζουσι·

1131 496 1163 522 Τί
1180 496 1208 521 δὲ
1223 496 1270 521 καὶ
1285 494 1320 521 τὰ
1334 494 1427 530 ἄσημα
1444 494 1566 528 βούλεται
1580 494 1710 528 ὀνόματα,
1725 493 1772 519 καὶ
1789 493 1844 519 τῶν
1858 493 1927 529 ὰσήο

1132 551 1189 576 μων
1206 542 1239 567 τὰ
1257 541 1381 576 βάρϐαρα
1399 541 1452 576 πρὸ
1474 541 1526 567 τῶν
1545 540 1652 575 ἑκάστῳ
1671 540 1797 571 οἱκείωνς
1819 540 1850 566 Εἰ
1871 540 1928 575 γὰρ

1131 588 1198 623 πρὸς
1218 588 1249 613 τὺ
1264 587 1459 622 σημαινόμενον
1475 587 1564 621 ἀφορᾷ
1577 586 1607 612 τὸ
1624 585 1734 617 ἀκοῦον,
1756 586 1896 621 αὐτάρκης
1908 587 1927 621 ἡ

1130 634 1199 670 αὐτὴ
1214 634 1330 670 μένουσα
1346 633 1432 659 ἔννοια
1445 632 1572 668 δηλῶσαι,
1589 631 1639 658 κᾶν
1654 632 1792 658 ὁποιονοῦν
1804 631 1926 667 ὑπάρχῃ,

1129 680 1258 715 τοῦνομα.
1277 680 1314 705 Οὐ
1327 680 1380 714 γάρ
1400 688 1449 705 που
1464 679 1511 705 καὶ
1525 679 1538 704 ὁ
1555 678 1720 713 καλούμενος
1735 677 1881 712 Αἰγύπτιος
1893 676 1929 712 ἦν

1129 727 1168 762 τῷ
1190 726 1272 761 γένει·
1295 725 1358 752 εἰδὲ
1369 725 1416 751 καὶ
1431 724 1591 758 Αἰγύπτιος,
1607 723 1730 750 ἀλλὀὖτι
1743 732 1775 758 γε
1790 724 1929 759 Δὶγυπτὲᾳ

1130 772 1269 808 χρώμενος
1288 772 1375 807 φωνῇ,
1397 771 1452 797 οὐδ’
1467 770 1625 805 ἀνθρωπεία
1637 770 1705 801 ὅλως
1722 769 1871 805 χρώμενος.
1889 770 1928 797 Ἦ

1128 818 1183 853 γὰρ
1205 818 1310 853 γοήτων
1325 815 1359 852 ἦν
1379 817 1467 843 πάντα
1486 816 1660 851 τεχνάσματα
1679 815 1775 847 ταῦτα,
1792 816 1839 842 καὶ
1860 823 1928 851 προ-

1129 864 1295 899 καλύμματα
1306 863 1351 890 διὰ
1360 863 1413 889 τῶν
1425 861 1664 898 ἐπιφημιζομένων
1675 861 1714 897 τῷ
1720 862 1790 897 Θείῳ
1798 861 1852 888 τῶν
1861 861 1929 897 περὶ

290 904 461 939 habeantur;
478 910 604 933 notarum
626 913 691 941 ergo
706 913 818 933 suarum
833 904 888 931 vim
902 904 940 931 illi
958 904 1038 932 nobis
1049 909 1075 931 et

1128 909 1201 944 ἡμᾶς
1219 909 1370 944 γινομένων
1380 907 1484 938 παθῶν,
1495 908 1512 942 ἢ
1524 907 1675 943 λελήθαμεν
1686 907 1809 939 ἐναντίας
1822 908 1927 939 ἑννοίας

289 950 517 986 signiﬁcationem
533 953 666 987 aperiant.
682 951 840 984 Enimvero,
858 951 881 978 si
896 950 1076 986 quemadmo-

1130 950 1235 985 ἔχοντες
1251 950 1315 986 περὶ
1329 949 1375 976 τοῦ
1390 948 1478 981 Θείου,
1505 949 1521 985 ἢ
1535 949 1600 976 αὐτὸ
1622 949 1660 984 τῷ
1677 949 1733 975 ὄντι
1755 948 1898 976 διάκειται.
1913 959 1924 975 ι

296 998 362 1026 dum
386 997 414 1024 in
435 998 636 1026 defectionibus
658 998 801 1034 contingit,
825 997 944 1032 aliquam
981 996 1022 1024 sol
1044 996 1102 1030 ipse
1136 997 1317 1023 mutationum
1347 996 1461 1023 istarum
1483 994 1603 1026 subiret,
1624 995 1693 1021 idem
1720 994 1754 1021 ab
1780 994 1926 1022 omnibus.

289 1044 336 1079 qui
356 1044 450 1072 oculos
472 1044 501 1072 in
514 1052 576 1071 eum
601 1045 783 1076 intenderent,
799 1044 914 1072 omnino
938 1043 1088 1071 videretur.
1109 1042 1180 1073 Jam,
1197 1050 1327 1077 quorsum
1364 1046 1403 1068 tot
1425 1040 1624 1076 signiﬁcatione
1654 1040 1775 1068 carentia
1795 1040 1931 1069 nomina?

292 1097 423 1125 quorsum
435 1098 468 1118 ex
484 1091 580 1118 iisdem
594 1091 710 1118 barbara
724 1091 854 1126 pleraque
866 1089 1079 1125 congruentibus
1100 1096 1131 1116 ac
1142 1088 1311 1123 singulorum
1325 1087 1443 1122 propriis
1459 1086 1643 1121 anteponunt?
1670 1085 1739 1113 Nam
1757 1086 1781 1114 si
1815 1094 1919 1114 numen

289 1136 355 1164 dum
372 1144 467 1165 vocem
504 1137 624 1174 exaudit,
651 1136 712 1171 ejus
743 1136 777 1164 ad
810 1135 1036 1171 signiﬁcationem
1066 1135 1186 1170 respicit,
1211 1133 1332 1169 profecto
1361 1133 1526 1160 cuicuimodi
1549 1140 1649 1160 nomen
1674 1132 1766 1165 fuerit,
1789 1133 1813 1160 si
1836 1133 1925 1160 modo

288 1183 384 1210 eadem
407 1183 542 1211 sententia
564 1184 706 1216 manserit,
725 1184 793 1211 satis
812 1191 861 1218 p*r
877 1191 938 1211 sese
954 1191 1012 1211 rem
1029 1183 1074 1209 illa
1095 1186 1178 1209 totam
1196 1181 1308 1216 aperiet.
1327 1180 1381 1208 Nec
1394 1181 1466 1208 enim
1485 1181 1519 1213 is,
1553 1180 1660 1215 opinor,
1686 1188 1767 1215 quem
1795 1183 1924 1212 evocant,

290 1226 437 1264 Egyptius
468 1233 527 1256 erat
556 1236 672 1264 genere;
691 1236 751 1261 nec,
773 1230 796 1257 si
819 1235 889 1262 erat,
919 1231 1011 1265 lingua
1032 1234 1123 1256 tamen
1145 1227 1315 1263 Egyptiaca,
1342 1227 1384 1254 vel
1408 1227 1520 1254 omnino
1548 1226 1667 1254 humana
1695 1233 1762 1254 voce
1784 1226 1924 1254 utebatur.

288 1274 406 1311 Quippe,
417 1280 465 1304 aut
475 1276 548 1303 enim
559 1277 789 1312 praestigiatorum
801 1281 874 1304 artes
886 1277 944 1305 istae
959 1281 1033 1309 sunt,
1045 1281 1072 1303 et
1091 1276 1216 1311 quaedam
1241 1282 1347 1307 earum,
1357 1282 1426 1309 quas
1453 1274 1505 1308 ipsi
1530 1273 1659 1308 patimur,
1669 1277 1878 1307 quaequetamen
1889 1273 1924 1300 ab

289 1320 386 1350 iisDeo
398 1322 564 1355 tribuuntur,
576 1323 757 1350 mutationum
769 1323 925 1357 involucra;
939 1328 986 1351 aut
997 1323 1074 1351 aliter
1093 1323 1184 1358 plane,
1196 1330 1278 1357 quam
1290 1330 1319 1350 re
1331 1322 1389 1357 ipsa
1398 1321 1505 1353 habeat,
1514 1322 1547 1349 de
1558 1321 1702 1348 Divinitate
1712 1321 1857 1349 sentimus.
1870 1330 1880 1347 ι

293 1368 375 1406 199
388 1369 451 1397 Haec
467 1370 520 1405 ille,
538 1370 637 1407 quibus
652 1372 760 1404 iterum,
775 1379 836 1406 quae
849 1376 1000 1407 sequuntur
1013 1392 1021 1405 ,
1046 1371 1080 1399 ad

289 1414 447 1451 Egyptium
461 1416 555 1444 eadem
568 1424 628 1444 cum
642 1418 725 1445 animi
739 1417 913 1446 ﬂuctuatione
923 1418 1077 1454 perscribit.

290 1469 301 1487 ι
321 1460 370 1488 Sin
390 1466 480 1489 autem
494 1482 501 1494 ,
517 1462 626 1497 inquit,
642 1471 676 1491 ex
691 1464 743 1492 diis
756 1464 802 1492 alii
817 1465 885 1492 nihil
901 1465 1013 1492 omnino
1028 1472 1078 1500 pa-

288 1506 395 1533 tiuntur
408 1525 416 1538 ,
433 1506 479 1534 alii
499 1507 553 1542 pati
577 1507 679 1543 aliquid
697 1509 844 1545 aliquando
867 1515 999 1545 possunt;
1015 1510 1077 1545 qui-

287 1551 340 1578 bus
352 1551 436 1578 etiam
451 1556 556 1579 veretra
569 1560 598 1580 se
611 1560 659 1588 per
675 1554 742 1581 istos
762 1555 882 1590 erigere,
905 1554 1077 1589 obscenaque

288 1597 412 1624 carmina
428 1598 543 1625 solemni
556 1599 611 1626 ritu
625 1607 725 1627 canere
737 1600 863 1628 dictitant
879 1610 886 1628 :
900 1601 996 1629 inanes
1019 1601 1075 1628 uti-

287 1650 342 1678 que
370 1643 484 1671 deorum
508 1644 682 1673 evocationes
706 1647 827 1681 iuerint,
853 1647 953 1682 quibus
977 1654 1007 1675 se
1030 1652 1076 1674 aut

286 1695 383 1716 eorum
399 1697 482 1724 opem
500 1689 647 1725 implorare
659 1712 667 1725 ,
682 1697 730 1720 aut
753 1693 922 1721 iracundiam
947 1693 1054 1729 placare
1067 1715 1075 1727 ,

287 1739 336 1762 aut
358 1735 527 1771 expiationes
555 1736 699 1765 instituere
728 1739 910 1774 profitentur,
937 1740 1076 1775 multoque

287 1781 405 1825 proinde
415 1783 501 1818 magis
513 1791 555 1816 ea,
570 1784 671 1818 quibus
687 1785 753 1820 ipsis
767 1786 957 1814 necessitatem
973 1786 1075 1821 imponi

285 1828 392 1855 volunt.
406 1827 484 1861 Quod
499 1829 572 1856 enim
590 1830 645 1865 pati
659 1838 714 1858 non
740 1836 849 1866 potest,
866 1831 936 1859 idem
953 1839 1003 1859 nec
1026 1832 1075 1859 de-

286 1874 407 1911 mulce'ri
420 1883 540 1910 quoque,
559 1884 610 1904 nec
627 1877 686 1912 cogi
701 1881 798 1912 potest.
829 1888 838 1904 ι
855 1878 985 1913 Idemque
1000 1878 1076 1905 dein-

285 1927 351 1956 ceps
366 1929 375 1949 :
393 1930 402 1946 ι
423 1921 581 1956 Pcrperam,
597 1924 697 1959 inquit,
715 1924 750 1951 ab
764 1924 799 1952 iis
818 1925 951 1960 sapientia
966 1925 1073 1958 colitur,

285 1967 334 2002 qui
346 1971 393 1994 aut
411 1967 565 1996 inveniendi
581 1969 687 2002 fugitivi
709 1970 791 2003 servi,
807 1975 854 1998 aut
872 1971 979 1998 emendi
996 1970 1053 2005 agri
1066 1992 1073 2003 ,

286 2017 334 2040 aut
347 2014 504 2049 nuptiarum
522 2015 657 2043 interdum
673 2035 682 2049 ,
704 2021 751 2043 aut
782 2021 943 2044 mercaturae
966 2017 1052 2051 gratia
1065 2036 1073 2048 ,

285 2059 406 2087 divinam
421 2065 540 2088 mentem
565 2062 711 2089 sollicitare
732 2070 764 2090 ac
785 2062 899 2098 fatigare
912 2062 1010 2089 solent.
1027 2062 1074 2089 Sin

286 2109 390 2139 autem,
403 2112 466 2133 cum
480 2106 567 2133 eidem
583 2107 723 2142 sapientia:
739 2115 792 2135 non
805 2108 919 2135 remisse
935 2108 1074 2143 negligen-

285 2155 381 2185 terque
396 2151 538 2178 studeatur
550 2172 557 2184 ,
575 2152 622 2186 qui
636 2157 727 2180 tamen
751 2153 803 2187 ipsi
816 2154 883 2180 dant
906 2161 1017 2188 operam
1031 2173 1037 2184 ,
1056 2153 1074 2180 ii

284 2196 393 2224 exteris
406 2196 516 2231 quidem
543 2197 569 2224 in
585 2198 669 2226 rebus
683 2198 827 2225 verissima
844 2199 946 2231 omnia,
961 2200 994 2226 de
1013 2199 1074 2226 feli-

1169 1369 1251 1396 Ταῦτ’
1273 1369 1368 1402 εἰπὼν,
1392 1368 1474 1396 πάλιν
1495 1369 1594 1404 ἀπορεῖ
1617 1368 1684 1404 πρὸς
1705 1369 1751 1395 τὸν
1775 1368 1926 1402 Αἰγύπτιον

1133 1416 1230 1450 λέγων·
1248 1424 1257 1441 ι
1277 1415 1308 1441 El
1328 1415 1356 1441 δὲ
1376 1415 1402 1441 οἱ
1425 1415 1474 1449 μὲν
1494 1414 1616 1446 ἀπαθεῖς,
1637 1415 1660 1440 οἱ
1677 1414 1707 1441 δὲ
1724 1414 1866 1449 ἐμπαθεῖς,
1880 1411 1924 1446 οἷς

1132 1461 1176 1488 διὰ
1189 1461 1292 1487 τούτων
1309 1461 1376 1496 φασὶ
1397 1460 1513 1495 φαλλοὺς
1535 1460 1652 1491 ἱστάναι,
1671 1461 1718 1486 καὶ
1731 1459 1864 1486 ποιεῖσθαι
1879 1460 1923 1487 αε-

1134 1507 1387 1543 σχρορρημοσύνας,
1417 1506 1525 1542 μάταιοι
1546 1508 1573 1532 αἱ
1593 1506 1660 1533 θεῶν
1679 1506 1787 1541 κλήσεις
1801 1506 1918 1539 ἔσονται,

1134 1553 1316 1589 προσκλήσεις
1342 1553 1431 1580 αὐτῶν
1460 1552 1702 1588 ὲπαγγελλόμεναι,
1735 1553 1780 1579 καὶ
1810 1553 1921 1588 μήνιδος

1128 1599 1270 1631 ὲξιλάσεις,
1283 1600 1330 1626 καὶ
1344 1599 1480 1631 ἐκθύσεις,
1499 1599 1546 1625 καὶ
1562 1598 1601 1625 ἔτι
1619 1599 1718 1633 μᾶλλον
1734 1599 1763 1625 αἱ
1775 1598 1922 1634 λεγόμεναι

1127 1647 1243 1681 ἀνάγκαι
1256 1646 1333 1673 θεῶν.
1343 1646 1491 1682 Ἀκήλητον
1506 1645 1560 1680 γὰρ
1574 1645 1620 1672 καὶ
1631 1645 1770 1678 ἀϐίαστον,
1781 1646 1828 1672 καὶ
1839 1645 1922 1673 ἀκατ-

1126 1694 1296 1726 ανάγκαστον
1310 1692 1340 1718 τὸ
1361 1692 1475 1723 ἀπαθές.
1497 1701 1507 1717 ι
1520 1691 1576 1718 Καὶ
1600 1691 1680 1718 πάλιν
1702 1691 1766 1726 ἑξῆς
1787 1691 1920 1726 ὲπιλέγει’

1130 1748 1139 1763 ‹
1157 1738 1253 1774 Μάτην
1276 1738 1367 1769 αὐτοῖς
1387 1739 1403 1773 ή
1425 1737 1506 1772 σοφία
1521 1737 1679 1773 ὲξήσκηται,
1701 1737 1765 1773 περὶ
1783 1737 1920 1773 δραπέτου

1127 1784 1270 1820 εὑρέσεως,
1284 1783 1300 1819 ἢ
1316 1784 1416 1820 χωρίου
1439 1783 1546 1818 ὠνῆς,ἢ
1562 1783 1663 1818 γάμου,
1678 1784 1702 1809 εἰ
1722 1783 1809 1818 τύχοι,
1828 1782 1845 1819 ἢ
1870 1784 1921 1818 ὲμμ-

1127 1831 1232 1866 πορίας,
1245 1830 1290 1857 τὸν
1304 1830 1373 1857 θεῖον
1388 1829 1450 1857 νοῦν
1467 1829 1653 1865 ὲνοχλήσασιν.
1664 1830 1696 1856 Εἰ
1708 1830 1729 1856 δ’
1740 1829 1771 1856 οὗ
1791 1830 1919 1865 παρεῖται

1128 1876 1186 1911 μὲν,
1202 1878 1226 1903 οἱ
1237 1876 1265 1902 δὲ
1278 1876 1402 1908 συνόντες
1421 1885 1453 1902 πε
1459 1877 1484 1912 ρὶ
1503 1877 1551 1911 μὲν
1565 1876 1618 1905 τῶν
1632 1876 1717 1902 ἄλλων
1732 1874 1919 1912 τάληθέστατα

1126 1921 1245 1955 λέγουσι,
1270 1922 1335 1958 περὶ
1359 1922 1387 1948 δὲ
1415 1922 1587 1957 εὐδαιμονίας
1614 1921 1689 1948 οὐδὲν
1709 1921 1838 1956 ἀσφαλὲς,
1862 1921 1918 1948 οὐδ’

1126 1967 1267 2002 ἐχέγγυον·
1285 1968 1336 1994 οὐκ
1350 1965 1419 2003 ἦσαν
1439 1968 1492 2003 ἄρα
1507 1966 1568 1993 οὔτε
1588 1967 1651 1999 θεοὶ,
1674 1966 1730 1993 οὔτ’
1745 1967 1843 2001 ἀγαθοὶ
1857 1967 1918 1994 δαί-

1128 2022 1217 2048 μονες,
1242 2013 1298 2040 ἀλλ’
1320 2014 1336 2049 ἢ
1353 2015 1456 2045 ἐκεῖνος
1474 2015 1488 2041 ὁ
1509 2014 1652 2049 λεγόμενος
1669 2013 1778 2045 πλάνος.
1799 2023 1808 2040 ι
1824 2013 1918 2040 Ταῦτα

1127 2059 1177 2094 μὲν
1193 2057 1239 2086 οὖν
1254 2060 1300 2086 ἐπὶ
1314 2059 1440 2087 τοσοῦτον
1457 2060 1504 2086 καὶ
1519 2060 1572 2087 ἀπὸ
1584 2060 1684 2095 ταύτης
1699 2059 1853 2095 προκείσθω
1866 2060 1918 2095 τῆς

1126 2107 1280 2143 Πορφυρίου
1297 2107 1416 2142 γραφῆς.
1434 2107 1490 2133 Καὶ
1509 2108 1561 2143 μὴν
1574 2107 1620 2133 καὶ
1635 2106 1791 2133 διδάσκαλοι
1803 2107 1852 2142 τῆς
1865 2115 1917 2133 κα-

1126 2153 1251 2187 κοτέχνου
1273 2153 1400 2188 γοητείας
1417 2153 1493 2179 αὐτοί
1508 2161 1540 2187 γε
1560 2153 1663 2188 πρῶτοι
1683 2154 1707 2179 οἱ
1726 2154 1843 2187 γενναῖοι
1861 2152 1917 2179 θεοὶ

1125 2199 1307 2234 κατέστησαν.
1322 2199 1407 2225 Πόθεν
1422 2198 1476 2234 γὰρ
1491 2198 1646 2234 ἀνθρώποις
1667 2198 1753 2225 ταῦτα
1773 2198 1864 2234 παρῆν
1876 2199 1916 2225 εί-

284 2240 367 2268 citate
382 2248 447 2269 vero
465 2242 555 2269 securi
569 2242 647 2275 nihil,
664 2242 771 2277 ﬁdeque
786 2243 859 2278 digni
871 2244 1072 2278 respondeant:

1128 2245 1209 2277 δέναι,
1227 2244 1244 2279 ἢ
1260 2244 1313 2270 ⁴τῶν
1328 2244 1462 2279 δαιμόνων
1483 2244 1573 2271 αὐτῶν
1592 2244 1627 2270 τὰ
1641 2245 1707 2279 περὶ
1726 2244 1829 2271 ἑαυτῶν
1846 2244 1917 2276 ἐξει-

284 2286 411 2320 sequitur
431 2287 543 2313 omnino
568 2295 656 2322 neque
678 2287 744 2315 deos
767 2288 850 2321 illos,
874 2296 962 2324 neque
986 2289 1073 2317 bonos

283 2331 367 2359 etiam
383 2331 534 2365 daemones,
548 2333 595 2360 sed
616 2341 678 2361 eum
695 2335 786 2369 potius
802 2333 905 2368 fuisse,
920 2342 1001 2369 quem
1021 2335 1073 2362 im-

283 2382 422 2412 postorem
438 2386 579 2406 vocamus.
600 2389 609 2406 ι
631 2380 719 2415 Atque
736 2380 793 2408 haec
807 2388 841 2408 ex
853 2382 934 2408 citata
948 2380 1070 2417 Porphy-

284 2425 317 2452 rii
331 2425 445 2461 epistola
459 2427 590 2461 producta
607 2427 750 2455 sufﬁciant.
766 2427 827 2455 Jam
842 2436 907 2456 vero
928 2435 983 2455 non
1004 2428 1072 2455 alios

284 2471 319 2499 ab
340 2472 417 2500 initio
441 2474 570 2502 maleﬁcae
586 2475 654 2503 artis
677 2477 823 2511 magistros
837 2496 844 2507 ,
860 2484 942 2511 quam
957 2476 1073 2511 ipsamet

283 2519 391 2553 egregia
414 2521 527 2548 numina
550 2522 635 2549 fuisse
659 2527 775 2550 constat.
801 2522 853 2555 Qui
880 2523 952 2549 enim
977 2522 1071 2550 isthazc

286 2563 413 2592 homines
430 2565 508 2593 aliter
522 2575 604 2595 nosse
620 2568 774 2602 potuissent
786 2588 794 2600 ,
808 2568 862 2595 nisi
877 2567 1014 2596 daemones
1037 2568 1071 2596 iis

234 2638 237 2641 _
285 2614 330 2635 res
343 2608 395 2642 ipsi
411 2616 475 2637 suas
489 2613 670 2646 aperuissent,
684 2618 711 2641 et
724 2613 824 2648 quibus
837 2614 939 2649 quique
955 2614 1070 2641 vinculis

283 2654 517 2689 oonstringantur.
539 2658 726 2687 indicassent?
741 2659 834 2694 Neque
857 2667 922 2687 vero
946 2664 1069 2686 nostram

285 2697 356 2725 hanc
368 2700 518 2728 orationem
534 2710 594 2730 esse
611 2709 689 2737 putes
703 2713 709 2735 :
723 2705 824 2739 quippe
844 2705 892 2739 qui
917 2705 985 2731 nihil
1000 2704 1068 2731 isto-

1128 2291 1242 2322 πόντων,
1258 2290 1304 2317 καὶ
1319 2290 1381 2321 τοὺς
1397 2290 1583 2324 καταδέσμους
1600 2291 1659 2316 κατ’
1676 2289 1798 2325 ἀλλήλων
1819 2289 1917 2326 ἐξηγο-

1129 2336 1279 2371 ρευκότων;
1301 2335 1376 2371 Μηδὲ
1395 2335 1489 2362 τοῦτον
1504 2335 1532 2362 δὲ
1547 2336 1681 2371 ἡμέτερον
1695 2333 1765 2362 εἶναι
1780 2336 1826 2363 τὸν
1838 2336 1917 2370 λόγον

1126 2381 1204 2417 ήγοῦ-
1221 2382 1297 2408 οὐδὲν
1310 2382 1364 2417 γὰρ
1376 2382 1476 2408 τούτων
1493 2383 1573 2417 ἡμεῖς
1587 2381 1769 2417 ὁμολογοῦμεν
1780 2382 1841 2409 οὕτε
1858 2383 1917 2408 ὲπί-

1128 2427 1252 2459 στασθαι,
1270 2426 1330 2454 οὕτε
1354 2427 1452 2459 θέλειν,
1473 2427 1542 2462 πλὴν
1562 2427 1601 2458 εἰς
1624 2427 1733 2462 ἔλεγχον
1756 2427 1807 2462 τῆς
1827 2427 1916 2455 αὐτῶν

1126 2473 1250 2504 ἀτοπίας,
1271 2473 1317 2499 καὶ
1337 2473 1474 2508 ἡμετέραν
1491 2472 1558 2508 ὁμοῦ
1582 2473 1631 2508 τῆς
1650 2472 1752 2499 τούτων
1774 2473 1916 2508 ἀναχωρή‹

1125 2528 1193 2550 σεως
1216 2519 1374 2553 ἀπολογίαν,
1395 2519 1409 2545 ό
1426 2519 1528 2545 τούτων
1551 2519 1616 2554 ήμῐν
1641 2518 1774 2554 παρήχθω
1799 2518 1914 2553 μάρτυς,

1125 2566 1207 2600 σοφὸς
1219 2565 1257 2592 ὢν
1275 2566 1304 2592 ὲν
1318 2567 1374 2597 τοῖς
1393 2566 1551 2601 γνωρίμοις,
1570 2565 1617 2592 καὶ
1633 2565 1722 2592 πάντα
1740 2564 1861 2600 ἀκριϐῶς
1880 2564 1914 2591 τὰ

1124 2611 1210 2636 οἰκεῖα
1228 2609 1305 2642 εἰδώς
1324 2619 1354 2636 τε
1372 2611 1419 2636 καὶ
1438 2610 1642 2645 ὑποτιθέμενος.
1660 2610 1745 2641 Αὐτὸς
1764 2608 1810 2636 οὖν
1828 2610 1857 2636 ὲν
1879 2610 1913 2645 τῇ

1123 2656 1273 2693 δηλωθείσῃ
1293 2656 1348 2683 τῶν
1367 2655 1464 2690 λογίων
1486 2657 1628 2691 συναγωγῇ
1648 2655 1733 2682 ταῦτα
1753 2655 1827 2689 λέγει
1846 2653 1914 2689 πρὸς

1124 2703 1206 2736 λέξιν.

284 2751 344 2772 rum
360 2753 375 2773 a
389 2747 469 2775 nobis
483 2753 529 2775 aut
544 2750 654 2786 intelligi
668 2756 716 2778 aut
728 2751 816 2786 expeti
832 2751 977 2779 fateamur.
1012 2751 1129 2779 Tantum
1158 2759 1221 2785 ergo
1237 2750 1335 2785 partim
1370 2758 1404 2778 au
1435 2758 1638 2785 coarguenuam
1662 2750 1780 2777 istorum
1807 2755 1909 2775 vecor-

284 2790 379 2824 diam,
401 2795 499 2828 partim
534 2796 568 2823 ad
602 2798 741 2831 nostram',
767 2798 814 2833 qui
840 2807 891 2827 nos
918 2806 1014 2826 eorum
1049 2796 1235 2826 communioni
1260 2804 1291 2824 ac
1316 2795 1438 2824 societati
1474 2796 1674 2829 subduximus,
1704 2795 1911 2827 defensionem,

287 2839 358 2867 idem
375 2846 391 2866 a
408 2839 487 2867 nobis
513 2841 589 2869 testis
603 2843 791 2877 producatur,
815 2844 863 2880 qui
886 2849 913 2872 et
927 2844 1035 2879 sapiens
1059 2851 1074 2870 a
1093 2843 1150 2870 suis
1165 2842 1280 2869 habetur
1293 2862 1300 2874 ,
1335 2846 1361 2869 et
1395 2850 1490 2869 omnes
1509 2842 1649 2876 religionis
1672 2842 1766 2877 patria:
1791 2841 1912 2868 rationes

284 2889 413 2914 accurate
420 2892 473 2912 n0n
487 2887 568 2915 modo
580 2888 666 2922 novit,
678 2889 725 2918 sed
735 2889 817 2919 etiam
833 2891 967 2926 exposuit.
982 2890 1027 2920 ille
1038 2890 1118 2926 igitur
1130 2889 1156 2918 in
1168 2888 1276 2916 laudata
1284 2888 1459 2916 oraculorum
1471 2887 1638 2921 collectione,
1654 2887 1686 2915 ad
1698 2887 1807 2916 verbum
1818 2886 1911 2920 habet,

284 2938 347 2969 qua:
359 2937 520 2969 sequuntur.
617 2952 636 2964 η.
659 2963 662 2966 _
1373 2947 1376 2950 ι
