2060 3213
157 151 210 180 διο

714 151 874 184 PREPAR.
895 151 1021 179 EVANG.
1040 151 1103 179 LIB.
1124 152 1157 180 ν.

1740 156 1795 185 350

157 210 223 245 γία;
245 209 332 241 Ποίας
354 210 377 236 δ’
393 209 474 237 εἰκὼν
489 210 580 237 ἐνθέου
593 211 691 245 γένοιτ’
713 210 746 238 ἂν
768 211 910 246 δυνάμεως
931 211 946 246 ή

1002 218 1035 238 ex
1062 211 1194 239 maleﬁcis
1216 211 1361 248 praestigiis
1384 212 1493 240 auferre
1516 213 1645 249 possint?
1660 213 1795 248 Quidnam

157 255 211 283 τῶν
226 255 339 282 τοιῶνδε
359 257 508 292 σχημάτων
525 257 686 292 μόρφωσις;
702 255 735 282 Tt
758 256 781 283 δ’
804 255 835 282 οὐ
852 254 951 290 μᾶλλον

159 302 324 337 φιλοσοφεῖν,
341 301 359 337 ἦ
382 302 510 337 μαγεύειν
534 302 581 329 καὶ
601 301 635 329 τὰ
656 301 828 338 ἀπειρημένα
844 300 952 328 διώκειν

159 347 354 383 συμσουλεύειν
368 348 463 384 ἐχρῆν,
479 348 526 375 τοῦ
541 348 601 375 κατ’
613 349 713 384 ἀρετὴν
729 348 775 375 καὶ
791 347 951 383 φιλοσοφίαν

158 395 258 431 τρόπου
270 394 341 430 πρὸς
351 394 498 430 εὐδαίμονα
509 395 556 422 καὶ
572 395 708 430 μακάριον
725 395 781 430 βίον
796 394 951 430 αὐτάρκους

158 442 356 478 τυγχάνοντος;
379 441 410 469 '0
432 442 470 474 δὲ,
488 442 630 469 ἐπιτείνων
646 442 692 469 τὸν
711 443 810 469 οἰκεῖον
829 441 950 477 ἔλεγχον,
970 468 978 474 ,

158 488 323 524 προστίθησι
339 489 396 520 τοῖς
407 487 563 523 εἰρημένοις
578 489 626 527 καὶ
641 487 737 514 ταῦτα.

1005 256 1062 284 Deo
1087 262 1194 292 gratum
1217 258 1315 285 habeat
1338 265 1436 286 vecors
1461 264 1488 286 et
1518 259 1615 288 stolida
1643 259 1795 288 inanimum

1003 303 1215 332 simulacrorum
1228 304 1388 338 superstitio
1399 305 1411 331 ?
1422 304 1573 339 Cuiusnam
1590 313 1674 340 porro
1696 306 1796 334 divina:

1003 349 1147 385 potestatis
1175 349 1307 385 imagines
1330 350 1435 378 censeri
1457 351 1593 384 debeant,
1618 352 1720 388 eiIigies
1743 352 1796 380 hoc

1004 402 1102 430 genere
1119 395 1345 430 conﬁgurationis
1361 397 1519 431 expressa?
1537 397 1578 424 An
1593 405 1648 425 non
1674 398 1796 426 colendae

1003 441 1186 476 philosophiae
1198 441 1291 476 potius
1303 462 1311 474 ,
1333 449 1417 476 quam
1441 444 1610 478 magicarum
1625 451 1657 471 ac
1673 443 1796 478 prohibio

1004 491 1093 514 tarum
1115 487 1216 514 artium
1239 487 1328 514 studia
1355 490 1553 522 consectandi,
1578 495 1706 518 auctores
1732 490 1795 518 illos

158 539 240 569 atque
261 534 431 562 hortatores-
444 541 505 561 esse
532 534 678 568 oportuit?
703 532 773 561 Cum
801 531 951 568 praesertim
970 531 1033 560 vita:
1049 532 1120 559 ratio
1132 539 1166 559 ex
1183 531 1293 560 virtutis
1325 540 1358 560 ac
1390 533 1569 570 philosophiae
1589 537 1731 571 praeceptis
1752 536 1796 564 in-

157 580 276 613 stituta,
303 580 337 608 ad
366 579 436 607 bene
458 580 592 614 beateque
620 579 767 607 vivendum
792 579 860 607 satis
887 586 948 606 esse
967 577 1226 614 possit?C:eterum
1247 578 1320 606 idem
1349 579 1409 614 ipse
1440 588 1533 609 rerum
1554 589 1667 610 suarum
1678 581 1794 611 ulterius

157 625 347 656 confutatione
359 626 493 662 producta
506 647 514 659 ,
531 627 721 662 superioribus
733 648 742 660 ,
765 634 826 662 quae
848 630 1065 662 consequuntur,
1083 626 1216 662 adjungit.

423 674 620 700 ΚΕΦΔΛΑΙΟΝ
632 673 682 700 IE’.

247 720 312 747 Ὀτι
328 719 377 747 καὶ
389 719 442 753 τὰς
457 720 598 754 ἀψύχους
612 719 690 751 ὕλας
703 719 856 753 φιλοῦσιν.

194 774 204 791 ι
222 764 283 792 ’Ὁτι
297 765 325 792 δὲ
339 763 446 799 φιλοῦσι
460 764 495 790 τὰ
515 763 638 799 σύμϐολα
649 764 704 791 τῶν
718 764 910 800 χαρακτήρων,
928 763 945 799 ἠ
963 781 984 808 Β

161 811 265 846 Ἑκάτη
282 810 493 846 παραϐάλλουσα
509 809 578 846 πρὸς
593 809 611 839 ἃ
625 809 747 845 φιλοῦσιν
759 810 784 837 οί
797 809 947 847 ἄνθρωποι,

156 858 302 894 μεμήνυκε
314 857 359 890 διὰ
373 856 476 883 τούτων
485 864 492 871 ·

157 946 207 979 Τίς
217 946 330 980 ,βροτύς
341 947 377 973 οὐ
390 945 542 978 πεπόθηκε
557 944 748 979 χαρακτῆρας
763 944 947 975 ἐπιέσασθαι,

154 981 288 1013 Χρυσοῦ,
306 981 356 1008 καί
376 980 505 1016 χαλκοῦ,
530 980 579 1016 καί
600 980 732 1016 ἀργύρου
752 979 947 1016 αὶγλήενιζοω

156 1017 205 1049 Τίς
222 1016 257 1042 δὲ
277 1016 313 1045 τὰ
324 1016 350 1043 δ’
371 1014 408 1043 eo
419 1015 525 1051 φιλέει,
542 1014 602 1042 τῶν
622 1015 660 1049 δὴ
683 1015 870 1057 uatium-2.13031:
883 1015 948 1048 ἑφε-

375 1062 377 1064 ·
807 1057 910 1081 ιστως,

151 1087 204 1120 Εἰς
219 1086 255 1113 ἓν
270 1086 462 1121 ἀγειράμενος
474 1086 542 1121 εἴρω
557 1085 741 1121 πολυμοιρέα
751 1050 899 1119 φὼἑιιῗίῗς

153 1133 192 1160 οὐ
219 1132 300 1168 μόνον
323 1132 346 1159 δ’
370 1133 411 1159 ὅτι
438 1132 510 1167 φίλοι
534 1133 560 1159 οἱ
584 1132 758 1168 χαρακτῆρες
780 1130 945 1166 δεδήλωκεν,

152 1179 211 1206 ἀλλ’
231 1180 273 1206 δτι
292 1179 348 1211 καὶ,
364 1179 433 1215 ὅπερ
450 1178 564 1214 ἔφαμεν,
581 1179 672 1210 αὐτοῖς
690 1183 703 1197 ιι
718 1177 946 1213 περιγράφονται,

153 1226 199 1253 καί
216 1226 287 1253 statu
304 1223 360 1252 οἷον
378 1226 408 1252 ὲν
423 1224 488 1261 ίερῷ
502 1224 595 1260 χωρίῳ
607 1225 641 1260 τῇ
657 1224 826 1260 ὑποκειμένῃ
841 1223 944 1250 εἰκόνι·

152 1271 184 1298 οὐ
204 1270 261 1306 γὰρ
274 1270 321 1297 ἐπὶ
334 1270 386 1309 γῆς
400 1269 531 1305 ὀχεῖσθαι,
547 1269 604 1296 ἀλλ’
626 1269 673 1296 ἐπὶ
693 1268 745 1304 γῆς
760 1269 836 1304 ἱερᾶς
851 1267 946 1304 ἐδυνή-

153 1317 241 1353 θησαν
253 1326 259 1331 -
278 1317 338 1352 ἱερὰ
352 1317 380 1343 δὲ
400 1318 418 1352 ή
433 1316 524 1343 είκόνα
542 1315 662 1352 φέρουσα
679 1314 751 1348 θεοῦ,
766 1312 800 1351 ἧς
816 1315 946 1351 ἀρθείσης

151 1363 262 1390 λέλυται
275 1363 306 1389 τὸ
319 1362 436 1399 κρατοῦν
449 1363 495 1389 ἐπὶ
510 1362 562 1397 γῆς
574 1361 605 1388 τὺ
622 1361 701 1389 θεῖον.
719 1371 728 1387 ι
743 1361 792 1388 Διὰ
807 1361 873 1395 γοῦν
887 1360 946 1388 τού‹

150 1419 207 1437 των
230 1409 350 1446 ἡγοῦμαι
371 1409 464 1444 σαφῶς
484 1408 656 1445 ὲληλέγχθαι,
672 1409 711 1440 ὡς
731 1408 786 1444 ἄρα
810 1408 946 1443 περίγειοί

1298 672 1413 701 CAPUT
1431 673 1490 701 XV.

1074 719 1185 745 Eosdem
1196 719 1318 746 inanima
1333 728 1436 756 quoque
1449 721 1562 747 materia
1581 721 1720 749 delectari.

1038 772 1048 789 ‹
1069 763 1185 791 Eosdem
1199 784 1207 798 ,
1226 764 1315 799 inquit
1329 785 1336 798 ,
1352 769 1484 800 praeterea
1505 766 1694 794 characterum
1708 767 1791 795 etiam

998 809 1071 837 notis
1083 810 1221 843 delectari,
1238 810 1338 839 Hecate
1354 812 1479 839 instituta
1494 820 1556 840 cum
1569 812 1614 843 iis.
1630 820 1698 848 quas
1711 814 1792 849 vulgo

997 854 1124 882 homines
1135 860 1283 891 expetunt,
1298 858 1518 893 comparatione,
1540 858 1615 886 hunc
1635 859 1663 886 in
1679 859 1791 887 modum

997 901 1165 935 pronuntiat,

997 944 1048 972 Cui
1063 953 1115 972 non
1130 947 1238 974 mortali
1246 947 1382 982 jucundus
1396 949 1423 975 in
1435 956 1486 975 tere
1496 948 1643 982 character,

995 983 1144 1017 drgentouer
1151 982 1245 1015 nitens,
1263 988 1308 1009 aut
1323 983 1393 1017 fulvo
1409 983 1550 1017 impressus
1562 985 1588 1011 in
1601 994 1666 1012 auro
1679 986 1691 1013 ἓ

997 1015 1046 1042 Cui
1059 1024 1108 1043 non
1120 1016 1201 1044 chara
1211 1015 1393 1054 homini,quw
1403 1015 1505 1046 caelitus
1517 1020 1573 1054 ipse
1584 1021 1748 1056 gubernans,

996 1081 1121 1111 Diversus
1139 1084 1275 1112 hominum
1289 1084 1390 1112 soleam
1399 1090 1551 1113 connectere
1568 1091 1652 1114 sortes
1664 1087 1677 1114 .’

995 1127 1090 1164 Neque
1101 1134 1208 1157 tantum
1221 1130 1290 1158 istos
1307 1130 1359 1158 sibi
1373 1131 1548 1159 characteres
1563 1132 1680 1167 placere,
1695 1140 1788 1161 verum

996 1174 1079 1203 etiam
1094 1175 1129 1203 iis
1143 1183 1214 1208 sese,
1230 1175 1269 1202 uti
1282 1175 1340 1211 jam
1351 1176 1482 1210 diximus,
1504 1177 1706 1210 circumscribi,
1721 1178 1789 1206 sub-

993 1221 1121 1257 jectaque
1134 1221 1264 1257 imagine,
1281 1229 1360 1250 sacro
1374 1222 1457 1250 veluti
1474 1222 1614 1251 domicilio
1628 1244 1636 1257 ,
1654 1224 1789 1253 contineri

995 1267 1155 1295 declaravit.
1170 1266 1227 1295 Nec
1247 1268 1320 1295 enim
1344 1272 1428 1302 terra,
1445 1268 1498 1296 nisi
1515 1276 1593 1297 sacra
1606 1268 1707 1304 fuerit,
1722 1271 1789 1299 deos

996 1313 1069 1341 ferre
1085 1320 1118 1341 ac
1129 1313 1266 1341 sustinere
1276 1318 1378 1349 queat:
1395 1321 1473 1342 sacra
1489 1319 1580 1342 autem
1594 1315 1641 1343 illa
1653 1320 1706 1350 est,
1728 1323 1790 1351 quae

995 1358 1116 1386 divinam
1139 1357 1213 1393 capit
1228 1357 1374 1393 imaginem
1389 1367 1395 1385 :
1411 1365 1498 1392 eaque
1512 1358 1620 1386 sublata
1630 1378 1638 1390 .
1652 1359 1695 1392 id,
1714 1359 1789 1393 quod

996 1403 1023 1431 in
1042 1403 1123 1431 terris
1133 1411 1234 1431 numcu
1248 1403 1394 1437 retinebat,
1407 1403 1481 1431 illico
1492 1403 1662 1432 dissolvitur.
1680 1414 1691 1431 ›
1708 1404 1790 1440 204

151 1465 226 1488 τινες
242 1457 290 1483 καὶ
304 1456 461 1493 orion-aest;
483 1456 609 1491 δαίμονες
622 1454 730 1490 ἥλωσαν
756 1454 846 1481 αὐτῶν
868 1454 945 1486 ὄντες

996 1447 1045 1477 llis
1058 1448 1186 1483 equidem
1208 1448 1347 1476 evidenter
1361 1448 1516 1477 confectum
1544 1450 1695 1487 existimo,
1713 1451 1789 1479 aliud

151 1504 178 1530 ot
190 1503 262 1530 θεοί·
276 1503 315 1531 διὸ
330 1512 376 1538 μοι
388 1502 459 1530 δοκῶ
475 1502 594 1538 σώφρονι
608 1500 731 1536 λογισμῷ
743 1500 792 1536 τὴν
807 1500 943 1536 ἀποστρο-

152 1550 207 1586 φὴν
226 1549 316 1577 αὐτῶν
330 1549 505 1584 πεποιῆσθαι.
525 1549 607 1584 Ὁρᾷς
621 1547 687 1582 γοῦν
710 1547 749 1579 ὼς
762 1548 873 1583 κρατεῖν
891 1547 942 1578 αθ-

152 1598 216 1628 τοὺς
237 1595 266 1623 ἐν
284 1604 340 1622 τισι
362 1595 415 1630 γῆς
436 1595 546 1631 χωρίοις
568 1594 633 1628 τοὺς
655 1593 726 1621 κατὰ
742 1592 858 1629 μαγείαν
875 1592 943 1627 φασὶ

152 1640 265 1672 τύπους,
281 1640 328 1667 καί
347 1640 410 1671 τοὺς
428 1639 549 1666 τοιούσδε
568 1639 744 1677 χαρακτῆρας
755 1647 761 1653 ·
780 1638 849 1670 δέον,
864 1638 943 1673 εἴπερ

153 1686 207 1722 ἄρα
221 1685 292 1712 θεῖόν
309 1694 336 1714 τι
348 1683 382 1721 ἦν
403 1685 522 1720 ἀληθῶς,
539 1685 600 1721 μηδ’
615 1684 718 1721 ἀλλαχῆ
733 1693 771 1720 πη
793 1682 943 1710 ὲπιὸαίνειν

153 1732 168 1766 ἢ
185 1733 214 1758 ὲν
235 1731 303 1767 μόνῃ
319 1730 407 1766 ψυχῆς
426 1730 540 1766 διανοίᾳ,
558 1730 606 1763 καὶ
627 1729 715 1768 ταύτῃ
731 1727 832 1760 παντὸς
855 1727 942 1763 ῥύπου

152 1778 201 1804 καὶ
217 1777 308 1813 πάσης
324 1776 432 1812 κηλίδος
451 1775 657 1811 κεκαθαρμένη,
676 1774 837 1810 σωφροσύνῃ
850 1782 880 1800 τε
896 1773 943 1804 καὶ

150 1822 318 1859 δικαιοσύνῃ,
346 1822 393 1849 καὶ
412 1823 473 1853 ταῖς
492 1821 586 1852 ἄλλαις
610 1820 721 1857 ἀρεταῖς
737 1819 941 1855 κεκοσμημένῃ.

152 1868 261 1896 Τούτων
275 1868 329 1904 γὰρ
348 1869 377 1894 ὲν
392 1866 536 1903 ἀνθρώπου
552 1866 635 1902 ψυχῇ,
649 1866 686 1898 ὡς
702 1867 730 1893 ὲν
753 1865 861 1901 ἀληθῶς
878 1865 943 1900 ἱερῷ

152 1914 256 1951 χωρίῳ,
279 1913 532 1949 προῦποκειμένων,
556 1913 668 1944 εἰκότως
684 1912 718 1939 ἂν
740 1912 849 1940 ἐπέλθοι
869 1912 942 1938 θείου

152 1961 312 1996 Πνεῦμα-τος
328 1959 479 1996 παρουσία·
496 1959 542 1986 καὶ
561 1959 654 1985 οὐκέτι
674 1958 753 1994 χρεία
764 1959 813 1994 τῆς
828 1957 943 1985 κακοτέ-

152 2014 215 2040 χνου
230 2004 368 2040 γοητείας,
385 2003 439 2030 τῶν
452 2004 492 2035 είς
507 2003 639 2039 ὑποδοχὴν
651 2002 706 2039 (28)
719 2002 766 2029 τοῦ
784 2003 857 2030 θείου
873 2002 943 2037 κατὰ

151 2051 202 2086 τὴν
214 2051 341 2086 ἐνάρετον
354 2051 402 2078 καὶ
417 2050 538 2086 φιλόθεον
552 2050 639 2086 ψυχὴν
654 2049 941 2085 προηυτρεπισμένων,

92 2119 99 2128 ,
153 2097 236 2124 Ὠστε
246 2097 395 2133 διαρρήδην
407 2097 437 2129 ἐξ
447 2096 575 2124 ἁπάντων
585 2096 687 2123 τούτων
702 2095 856 2130 περιγεζους
867 2095 944 2128 τινὰς

995 1495 1065 1522 nihil
1092 1503 1176 1530 quam
1209 1499 1353 1523 terrestres
1384 1496 1519 1531 quosdam
1544 1501 1571 1523 et
1595 1496 1789 1531 cupiditatibus

993 1542 1116 1570 irretitos
1142 1541 1281 1569 daemones
1304 1540 1410 1576 fuisse,
1433 1549 1503 1578 quos
1525 1541 1571 1570 isti
1589 1542 1702 1570 deorum
1727 1542 1788 1571 loco

994 1588 1148 1616 habuerunt
1161 1597 1167 1615 :
1180 1595 1269 1623 eoque
1280 1587 1349 1614 mihi
1363 1595 1429 1615 sane
1440 1588 1534 1616 videor
1547 1588 1581 1616 ab
1592 1596 1687 1616 eorum
1699 1588 1787 1622 cultu,

993 1639 1103 1662 maturo
1128 1634 1155 1661 in
1185 1633 1282 1668 primis
1313 1640 1436 1669 saneque
1465 1635 1602 1667 consilio,
1628 1634 1788 1663 descivisse.

993 1679 1076 1708 Vides
1091 1680 1164 1707 enim
1182 1681 1250 1715 ipse,
1265 1680 1304 1708 uti
1317 1687 1364 1708 eos
1379 1680 1544 1715 quihusdam
1564 1680 1592 1707 in
1605 1684 1684 1708 terra:
1698 1680 1767 1712 lucis
1778 1699 1788 1713 ο

993 1727 1161 1761 magicarum
1178 1727 1341 1761 ﬁgurarum,
1358 1731 1440 1762 atque
1451 1727 1478 1754 id
1494 1735 1580 1762 genus
1596 1727 1787 1754 characterum

993 1771 1111 1799 vinculis
1131 1771 1247 1799 detineri
1271 1772 1431 1801 fateantur:
1458 1780 1520 1800 eum
1534 1794 1542 1806 ,
1566 1773 1590 1801 si
1614 1780 1677 1800 vere
1702 1771 1788 1800 divini

993 1817 1142 1853 quidquam
1160 1818 1302 1852 haberent,
1316 1825 1451 1854 nusquam
1470 1819 1545 1853 ipsos
1560 1818 1636 1851 alibi,
1659 1826 1742 1853 quam
1757 1818 1787 1847 in

993 1867 1084 1890 mente
1104 1870 1159 1891 non
1184 1867 1290 1891 tantum
1307 1864 1342 1891 ab
1362 1864 1492 1892 omnibus
1513 1865 1640 1892 sordibus
1657 1864 1788 1900 omnique

993 1907 1053 1936 labe
1071 1912 1204 1943 purgata,
1224 1909 1272 1936 sed
1293 1909 1377 1936 etiam
1403 1909 1605 1944 temperantiae,
1626 1909 1764 1945 aequitatis
1776 1928 1785 1943 ,

993 1957 1210 1988 ceterarumque
1219 1954 1352 1981 virtutum
1362 1954 1530 1981 ornamentis
1540 1954 1682 1986 instructa,
1693 1955 1785 1984 sedem

993 1999 1089 2034 utique
1105 2006 1137 2026 ac
1147 1999 1317 2027 domicilium
1338 1999 1456 2034 deligere
1471 2004 1619 2034 oporteret.
1643 2000 1695 2027 Ubi
1710 2001 1784 2028 enim

993 2045 1047 2076 illa:
1069 2044 1153 2073 semel
1170 2044 1290 2073 hominis
1314 2045 1437 2072 animum
1455 2051 1586 2080 tanquam
1607 2046 1718 2080 aliquod
1738 2053 1785 2073 sa-

994 2091 1114 2119 crarium
1129 2091 1300 2126 occuparint,
1316 2091 1411 2118 eodem
1425 2098 1485 2119 sese
1501 2091 1598 2118 merito
1614 2091 1722 2118 divinus
1740 2090 1786 2119 ille

151 2142 324 2175 ἁλίσκεσθαι,
343 2143 501 2178 φιλοπαθεῖς
521 2151 551 2169 τε
567 2143 615 2169 καὶ
631 2142 836 2177 φιλοσωμάτους
854 2141 942 2177 ὑπάρ-

995 2137 1107 2172 spiritus
1129 2136 1302 2164 insinuabit:
1324 2144 1375 2165 nec
1401 2137 1539 2164 mentibus
1571 2136 1622 2170 iis,
1643 2144 1705 2172 qua:
1727 2137 1785 2172 jam

150 2198 211 2227 χειν
232 2189 373 2225 δαίμονας,
390 2189 453 2221 τοὺς
470 2189 535 2224 περὶ
554 2184 591 2215 ὧν
610 2188 673 2224 ἄρτι
697 2187 834 2222 ἐλέγομεν.
861 2186 942 2213 Ἀλλὰ

150 2236 208 2272 γὰρ
220 2235 284 2271 ἑξῆς
297 2234 412 2266 τούτοις,
424 2233 506 2261 ἄκουε
517 2230 561 2260 οἷα
571 2234 585 2260 ὁ
596 2233 676 2268 αὐτὸς
690 2231 863 2267 συγγραφεύς
875 2240 941 2267 φησι

155 2281 218 2317 περὶ
242 2280 289 2308 τοῦ
309 2278 495 2307 ἐκλελοιπέναι
512 2278 602 2305 αὐτῶν
624 2277 657 2304 τὰ
680 2277 804 2313 βοώμενα
822 2276 942 2312 χρηστή-

153 2333 210 2360 pta.

995 2183 1027 2209 ad
1041 2183 1183 2211 honestam
1199 2190 1260 2210 sese
1276 2190 1309 2213 ac
1319 2182 1474 2218 religiosam
1488 2183 1550 2211 vitae
1564 2190 1728 2219 morumque
1740 2191 1786 2211 raw

995 2230 1097 2260 tionem
1121 2230 1341 2265 conformarint,
1367 2232 1568 2267 praestigiarum
1589 2222 1740 2260 maleﬁciis.
1750 2232 1784 2263 ad

994 2276 1184 2311 excipiendum
1207 2285 1309 2305 numen
1332 2285 1401 2313 opus
1417 2281 1548 2313 praeterea
1564 2277 1656 2305 fuerit.
1674 2278 1784 2305 Maneat

995 2321 1079 2357 igitur
1094 2341 1101 2354 ,
1125 2323 1169 2350 his
1190 2323 1320 2351 omnibus
1342 2323 1506 2351 testimoniis
1529 2328 1604 2351 certo
1625 2324 1784 2358 liquidoque

153 2370 372 2406 comprobatum,
394 2369 428 2397 de
443 2370 543 2405 quibus
568 2369 657 2398 adhuc
674 2376 688 2396 a
714 2368 793 2395 nobis
817 2368 985 2403 disputatum
1002 2373 1055 2402 est,
1073 2376 1121 2396 eos
1150 2376 1204 2396 non
1223 2370 1292 2397 alios
1312 2377 1384 2402 esse,
1411 2377 1494 2405 quam
1526 2370 1674 2403 daemones,
1703 2374 1783 2397 terrae

153 2422 178 2445 et
202 2416 400 2451 cupiditatibus
420 2422 623 2451 corporumque
646 2414 786 2442 amoribus
810 2414 940 2449 illigatos.
961 2413 1039 2442 Nunc
1068 2422 1144 2448 vero,
1161 2416 1318 2451 cujusmodi
1331 2423 1363 2444 ea
1377 2416 1443 2448 sint,
1457 2423 1518 2451 quae
1539 2416 1573 2444 de
1606 2416 1781 2444 oraculorum

153 2467 288 2502 ipsorum,
296 2470 357 2498 quae
365 2462 400 2490 ab
409 2462 442 2491 iis
453 2470 539 2497 usque
550 2463 618 2490 adeo
626 2462 726 2497 jactata
736 2466 810 2495 sunt,
822 2461 977 2489 defectione
990 2461 1061 2489 idem
1077 2463 1247 2498 Porphyrius
1258 2463 1387 2499 deinceps
1400 2462 1526 2494 attexuit,
1542 2469 1649 2491 mecum
1660 2463 1778 2497 attende.

411 2520 609 2547 ΚΕΦΔΛΑΙΟΝ
629 2521 687 2554 ις’.

152 2568 222 2603 Περὶ
253 2567 315 2595 τῶν
339 2567 559 2603 ἐκλελοιπότων
591 2567 781 2602 χρηστηρίων
809 2568 942 2602 ἔχρησεν

395 2602 487 2635 αὐτὸς
503 2604 519 2629 ό
535 2602 700 2629 Ἀπόλλων.

152 2659 163 2676 ι
187 2648 276 2684 Ἀμφὶ
288 2647 323 2676 δὲ
332 2647 389 2684 (29)
412 2647 500 2675 Πυθὼ
512 2648 540 2674 ol
559 2648 693 2682 K2111)an
705 2657 737 2675 τε
747 2649 940 2683 μαντεύματα

783 2684 902 2719 [Φοίϐου

186 2724 202 2740 ι
221 2727 269 2753 τρ-
286 2718 373 2746 αὐτοί.

189 2775 247 2811 (28)
271 2775 332 2812 Τῶν
349 2777 394 2812 εις
412 2776 576 2811 ὑποδοχήν.
594 2776 669 2802 Alter
684 2785 699 2812 e
715 2784 852 2804 manust-r.
869 2785 940 2812 prte-

150 2811 253 2838 claram
274 2811 338 2838 huic
354 2811 415 2838 loco
430 2817 510 2839 navat
532 2819 663 2846 operam;
691 2811 756 2846 legit
783 2811 940 2844 εηίιηξταῖς

150 2847 190 2882 είς
210 2845 345 2881 ὑποδοχὴν
359 2845 405 2872 τοῦ
419 2846 500 2879 θείου,
515 2846 587 2882 κατὰ
601 2847 650 2882 τὴν
665 2845 790 2882 ενάρετον
802 2848 849 2876 καὶ
863 2847 938 2882 φιλό-

152 2880 212 2908 θεον
231 2880 340 2913 mago.
358 2880 642 2914 ποοηυτοεπισμέναις
666 2880 780 2913 ψυχαῖς·
804 2880 938 2911 tuentibus

1297 2520 1410 2549 CAPUT
1428 2520 1496 2547 XVI.

992 2566 1031 2593 De
1046 2567 1214 2599 oraculorum
1224 2567 1367 2601 defectione
1380 2567 1528 2602 Apollinem
1541 2568 1627 2603 ipsum
1640 2568 1778 2600 cecinisse.

992 2652 1003 2669 ‹
1027 2642 1124 2678 Pythia
1136 2646 1205 2680 quod
1218 2650 1326 2680 spectat,
1338 2646 1472 2681 Clariique
1487 2647 1595 2675 oracula
1608 2647 1711 2682 Pluebi,

992 2775 1055 2806 illis.
1069 2783 1130 2812 quae
1142 2784 1201 2803 sese
1211 2776 1267 2811 jam
1280 2777 1312 2804 ad
1326 2777 1513 2812 excipiendum
1528 2787 1640 2812 numen,
1654 2780 1777 2808 honesta:

993 2819 1025 2838 ac
1037 2811 1177 2847 religiosae
1191 2812 1255 2847 vitae
1272 2811 1425 2840 rationibus
1439 2815 1632 2847 compararim.

1031 2846 1087 2885 (29)
1106 2846 1198 2885 _'A}t502
1221 2846 1273 2885 δέχ
1285 2847 1451 2885 corruptum
1470 2846 1567 2885 locum
1597 2851 1775 2885 manuscripti

993 2881 1091 2910 fmiius
1106 2882 1234 2910 lacerant.
1251 2881 1308 2910 Non
1324 2881 1493 2912 incommode
1507 2885 1530 2911 oi
1546 2889 1664 2913 mutetur
1674 2884 1701 2912 in
1718 2881 1772 2915 σόι.
