2063 3211
296 208 348 237 355

615 205 750 234 EUSEBII
769 203 1010 233 C/ESARIENSIS
1028 203 1104 232 OPP.
1127 203 1218 231 PARS
1237 203 1268 231 ll.
1289 219 1324 224 -—
1342 204 1592 233 APOLOGETICA.

1870 204 1926 232 356

297 272 353 293 tum
369 271 478 293 otnnem
496 262 586 290 subito
593 261 755 293 concidisse,
765 260 948 296 jactatamque
964 260 1054 287 navim
1068 267 1079 286 ε

1134 257 1168 295 ἦν
1195 260 1302 292 πολλοῖς
1325 261 1372 287 ἀπ’
1397 260 1537 296 ὀνόματος.
1566 261 1612 293 Δὶς
1636 261 1685 296 μὲν
1706 259 1752 288 οὖν
1775 261 1921 297 κληθέντα,

295 310 377 338 Paxis
388 318 442 337 non
466 307 561 344 procul
584 307 715 335 abfuisse.
742 306 792 333 llic
817 313 884 334 vero
907 306 1083 341 vigilantibus

295 357 442 392 plerisque,
454 363 486 382 ac
502 361 580 382 caena
599 352 722 381 conlecta
739 352 894 380 bibentibus
906 372 914 386 ,
939 351 1082 387 cujusdam

295 405 406 437 repente
417 407 510 428 vocem
528 407 563 426 ex
587 399 681 426 eadem
706 398 794 426 insula
821 397 977 425 Thamnum
996 398 1082 425 incla-

295 446 397 473 mantis
408 444 565 471 exauditam
582 450 644 471 esse
658 452 665 470 :
681 450 742 478 qua:
763 451 807 471 res
821 443 948 471 omnibus
962 443 1083 470 admira-

296 490 396 518 tionem
418 489 511 521 movit,
526 496 589 516 cum
611 488 753 516 Thamnus
780 488 826 515 ille
843 488 988 525 Egyptius
1012 493 1085 517 esset

295 535 372 563 navis
387 534 565 569 gubernator,
582 542 664 569 quem
682 534 761 569 pauci
776 534 962 570 navigantium
978 534 1012 562 de
1035 542 1084 562 no-

294 581 367 608 mine
380 585 524 608 noverant.
539 579 573 607 Et
595 579 671 607 illum
686 580 796 615 quidem
822 581 905 608 semel
928 581 1084 616 iterumque

294 631 420 654 vocatum
432 626 553 658 siluisse,
563 625 643 653 tertio
650 625 759 653 demum
773 626 882 653 vocanti
896 626 1081 661 respondisse.

295 671 364 699 Tum
380 672 498 699 alterum
513 671 609 706 majori
624 680 706 706 quam
721 675 801 699 antea
817 680 893 705 voce,
915 671 965 699 Ubi
983 673 1016 700 ad
1032 673 1083 700 l’a-

293 717 368 745 ludes
380 717 501 750 veneris,
527 725 657 752 magnum
683 717 785 744 Panem
813 718 949 746 interiisse
975 718 1081 746 nuntia.

293 763 355 797 Quo
372 763 466 791 audito
479 765 594 791 cunctos
610 764 785 791 vehementer
811 765 942 792 attonitos
968 765 1084 793 haesisse

294 809 434 842 narrabat,
448 817 567 844 cumque
588 809 659 836 inter
688 817 749 838 sese
777 815 940 844 quaererent,
968 817 1082 846 praesta-

294 859 372 883 retne
384 855 458 883 dicto
469 854 611 883 audientes
627 862 697 888 esse,
713 853 793 891 207
809 863 843 883 an
859 856 950 891 potius
965 864 1022 884 rem
1039 862 1082 886 to-

294 905 352 929 tam
365 901 514 937 negligere,
536 900 690 929 Thamnum
706 901 742 929 ita
757 902 898 935 statuisse,
924 903 947 930 si
969 903 1080 938 quidem

293 947 428 982 aspiraret
441 950 550 979 ventus,
562 946 652 974 locum
666 947 775 974 silentio
788 948 960 982 prtetervelti,
977 949 1019 976 sin
1030 949 1081 977 ibi-

294 994 355 1023 dem
372 994 490 1022 malacia
513 994 702 1029 contingeret,
716 1002 776 1030 quae
791 995 915 1023 audierat
939 996 1077 1024 nuntiare.

293 1040 364 1075 Ergo
380 1048 442 1068 eum
457 1047 490 1068 eo
507 1044 653 1076 provectus
668 1045 751 1074 esset,
777 1048 843 1068 aura
860 1042 1020 1070 concidente
1035 1050 1080 1070 se-

292 1085 412 1120 datoque
426 1086 507 1118 mari,
535 1085 691 1114 Thamnum
706 1094 739 1114 ex
755 1087 861 1122 puppi,
884 1088 1026 1116 conversis
1047 1088 1081 1116 ad

292 1135 392 1159 terram
401 1131 498 1165 oculis,
509 1139 567 1159 rem
582 1132 621 1159 uti
635 1131 759 1160 audierat
769 1132 943 1166 inclamasse,
953 1132 1080 1170 Magnum

292 1177 419 1204 videlicet
433 1177 534 1205 Panem
547 1177 659 1206 obiisse.
677 1177 765 1211 Quam
778 1178 839 1213 ejus
861 1185 969 1213 vocem,
984 1179 1081 1215 ingen-

293 1225 347 1250 tem
358 1222 431 1250 illico
441 1230 560 1259 eumque
582 1224 764 1252 admiratione
782 1224 906 1257 mistum,
920 1232 974 1252 non
988 1225 1080 1259 unius,

293 1267 341 1296 sed
355 1269 502 1296 multorum
513 1269 595 1297 simul
609 1270 738 1304 gemitum
749 1271 898 1306 excepisse.
908 1270 975 1298 Rem
988 1279 1080 1306 porro,

293 1313 394 1348 quippe
410 1322 472 1349 qua:
486 1318 636 1349 praesentes
660 1315 793 1350 plurimos
807 1320 891 1344 testes
919 1316 1079 1350 habuisset,

294 1357 387 1387 Romae
397 1359 472 1387 brevi
487 1359 635 1388 admodum
648 1365 770 1397 tempore
786 1361 937 1397 vulgatam,
957 1362 1081 1398 adeoque

294 1403 447 1432 Thamnum
458 1405 547 1441 ipsum
559 1415 575 1434 ιι
588 1406 698 1435 Tiberio
707 1407 815 1435 Caesare
829 1412 969 1436 evocatum
980 1408 1079 1436 fuisse:

292 1457 325 1477 ac
339 1450 477 1478 Tiberium
493 1451 603 1486 quidem
618 1459 679 1480 cam
695 1453 820 1480 narranti
835 1453 916 1481 ﬁdem
935 1453 1078 1486 habuisse,

293 1499 324 1522 ut
336 1503 369 1524 ex
384 1503 475 1523 rerum
487 1496 663 1532 antiquarum
676 1497 772 1532 peritis
782 1519 789 1531 ,
804 1498 850 1533 qui
869 1502 926 1526 tum
950 1497 1079 1533 frequen-

293 1546 334 1569 tes
349 1541 472 1575 aderant,
486 1549 600 1578 ecquem
619 1543 672 1577 ipsi
699 1542 801 1571 Panem
819 1543 894 1571 illum
906 1551 968 1572 esse
993 1543 1079 1572 senti-

291 1591 364 1620 rent,
378 1587 520 1623 diligenter
538 1587 735 1620 seiscitaretur,
761 1596 809 1617 eos
832 1593 923 1617 autem
950 1588 1078 1617 Mercurii

294 1633 496 1669 Penelopesque
513 1633 598 1661 lilium
613 1634 766 1669 auspicatos
793 1642 864 1663 esse.
894 1634 1030 1664 Caeterum
1045 1643 1078 1664 ex

293 1679 338 1710 iis,
354 1679 401 1714 qui
416 1679 595 1714 disputationi
614 1680 678 1708 huic
692 1681 857 1712 intererant.
877 1685 960 1710 testes
974 1681 1078 1718 Philip-

293 1732 345 1759 pus
360 1725 508 1753 nonnullos
518 1725 646 1760 habebat,
664 1727 711 1762 qui
729 1726 908 1755 (Emilianum
925 1735 1017 1756 senem
1034 1737 1080 1755 au-

292 1771 409 1799 dierant.
425 1771 475 1799 Hic
489 1772 607 1807 subjecit
629 1771 794 1807 Demetrius,
822 1774 972 1802 insularum
985 1794 993 1806 .
1018 1782 1080 1810 qua:

292 1816 439 1844 Britanniae
456 1817 591 1852 adjacent,
610 1817 756 1853 plerasque
778 1819 900 1847 desertas
914 1819 1015 1854 passim
1032 1828 1079 1847 oc-

291 1868 411 1894 currere,
427 1869 542 1897 quarum
556 1861 694 1890 nonnullae
709 1863 874 1896 daemonum,
894 1869 942 1891 aut
965 1864 1078 1892 heroum

291 1907 389 1935 insuhe
401 1908 587 1938 nominentur.
613 1907 699 1936 Porro
714 1916 744 1936 se
759 1909 863 1937 visendi
879 1909 969 1938 studio
986 1931 994 1944 ,
1021 1911 1078 1946 regi

291 1954 437 1990 aliquando
451 1955 478 1982 in
496 1956 664 1982 desertarum
677 1956 830 1990 proximam
845 1957 983 1991 naviganti
997 1958 1079 1985 comi-

292 2004 345 2028 tem
361 2001 529 2035 adjunxisse,
544 2009 626 2036 quam
644 2001 724 2037 pauci
741 2001 891 2029 admodum
915 2003 1076 2035 incolerent,

290 2047 337 2074 sed
350 2048 395 2081 qui
410 2046 548 2074 Britannis
565 2047 636 2074 sacri
646 2054 740 2075 omnes
753 2051 841 2080 erant,
859 2052 886 2075 et
899 2048 933 2075 ab
949 2048 1024 2076 omni
1035 2049 1077 2075 di-

291 2093 414 2127 reptione
427 2092 581 2127 injuriaque
593 2093 655 2120 tuti.
671 2092 722 2120 Ubi
740 2093 859 2128 primum
877 2100 910 2122 eo
927 2095 1073 2129 appulsu-1

290 2142 371 2170 esset,
386 2137 485 2166 fmdam
502 2143 611 2173 repente
625 2143 746 2166 coortam
758 2139 785 2165 in
796 2139 865 2166 cmlo
875 2143 1076 2174 tempestatem,

292 2182 386 2209 crebra
400 2182 481 2209 simul
499 2181 633 2217 prodigia,
650 2188 793 2210 ventorum
811 2184 955 2218 procellas,
973 2184 1077 2220 igneos-

291 2235 345 2262 quc
359 2228 483 2254 turbines
499 2228 657 2262 contigisse.
676 2227 799 2259 Quorum
810 2229 852 2256 vis
879 2230 925 2256 ubi
955 2230 1077 2257 remisis-

1136 306 1282 341 σιωπῆσαι,
1305 307 1335 333 τὺ
1363 306 1391 333 δὲ
1419 307 1509 343 τρίτον
1537 306 1691 334 ὑπακοῦσαι
1717 307 1754 342 τῷ
1778 307 1922 335 καλοῦντι.⁸

1134 353 1181 379 καὶ
1211 353 1314 379 ἐκεῖνον
1338 344 1511 380 ἐπιτείναντα
1540 353 1630 389 φωνὴν
1664 354 1769 380 εἰπεῖν·
1805 354 1924 383 ὐπόταν

1133 400 1198 436 γένῃ
1225 400 1296 427 κατὰ
1322 399 1354 427 τὸ
1376 400 1519 432 Παλῶδες,
1555 399 1722 434 ἀπάγγειλον
1746 400 1788 426 ὅτι
1821 399 1879 426 Πὰν
1907 401 1923 427 ό

1135 445 1222 482 μέγας
1246 445 1386 481 τέθνηκεν.
1420 446 1506 472 Τοῦτο
1538 445 1706 477 ἀκούσαντας
1738 445 1790 481 ἔφη
1817 446 1923 479 πάντας

1134 491 1321 527 ἐκπλαγῆναι,
1358 491 1405 519 καὶ
1441 491 1561 523 διδόντας
1595 491 1702 522 ἑαυτοῖς
1735 491 1829 525 λόγον,
1865 492 1922 518 sits

1134 538 1246 573 ποιῆσαι
1278 537 1382 573 βέλτιον
1408 535 1442 573 ἦν
1467 537 1498 564 τὸ
1531 536 1768 573 προστεταγμένον
1799 537 1853 564 εῐτε
1883 536 1923 572 μὴ

1134 583 1383 618 πολυπραγμονεῖν,
1399 582 1456 608 ἀλλ’
1471 582 1529 618 ἐᾷν,
1541 581 1612 608 οὕτω
1622 581 1721 615 γνῶναι
1729 579 1776 606 τὸν
1785 579 1922 615 Θαμνοῦψ

1133 629 1158 656 εἰ
1189 629 1238 664 μὲν
1267 628 1310 665 εἴη
1336 627 1460 663 πνεῦμα,
1493 627 1646 663 παραπλεῖν
1672 625 1786 662 ἡσυχίαν
1813 625 1920 661 ἔχοντα,

1133 674 1263 711 νηνεμίας
1283 680 1295 694 ι
1315 675 1361 701 καὶ
1387 673 1507 709 γαλήνης
1535 673 1600 708 περὶ
1622 672 1667 699 τὸν
1696 669 1776 698 τόπον
1803 671 1921 706 γενομέ-

1131 730 1197 756 νης,
1211 721 1341 757 ἀνειπεῖν,
1364 720 1382 747 ἃ
1398 720 1523 755 ἤκουσεν.
1543 718 1588 751 Ὠς
1603 716 1649 745 οὖν
1672 718 1779 753 ἐγένετο
1796 717 1866 744 κατὰ
1889 716 1921 743 τὸ

1132 766 1269 798 Παλῶδες,
1287 765 1348 792 οὔτε
1365 765 1519 801 πνεύματος
1533 765 1619 798 δντος,
1643 763 1704 790 οὒτε
1718 763 1863 796 κλύδωνος,
1887 763 1921 789 ἐκ

1132 813 1260 850 πρύμνης
1272 812 1404 848 βλέποντα
1419 811 1465 838 τὸν
1475 810 1598 847 Θαμνοῦν
1609 810 1677 846 πρὸς
1690 810 1739 846 τὴν
1751 810 1813 845 γῆν,
1822 810 1920 842 εἰπεῖν,

1131 859 1225 895 ὥσπερ
1238 859 1364 894 ἤκουσεν,
1379 858 1420 884 δτι
1432 857 1489 883 ῐίὰν
1499 857 1512 883 ὁ
1527 856 1614 892 μέγας
1628 855 1768 891 τέθνηκεν,
1778 855 1895 890 ὀφθῆναι
1906 855 1922 874 ιι

1131 904 1160 931 δὲ
1177 905 1348 939 παυσάμενον
1362 903 1454 933 αὑτὸν,
1471 901 1518 929 καὶ
1531 901 1656 936 γενέσθαι
1677 900 1763 936 μέγαν
1776 900 1826 936 οὺχ
1850 900 1918 937 ἑνὸς.

1131 950 1200 978 ἀλλὰ
1215 949 1320 977 πολλῶν
1338 949 1498 984 στεναγμὸν,
1525 949 1582 984 ἃμα
1607 946 1761 982 θαυμασμῷ
1785 947 1924 982 μεμιγμέ-

1131 1005 1186 1023 νον.
1207 993 1298 1023 Οἶαδὲ
1313 994 1418 1021 πολλῶν
1438 993 1591 1029 ἀνθρώπων
1619 992 1772 1028 παρόντων,
1792 991 1861 1027 ταχὺ
1874 991 1922 1018 τὸν

1131 1041 1211 1077 λόγον
1225 1042 1253 1069 ἐν
1269 1042 1303 1077 τῇ
1325 1040 1417 1077 Ῥώμῃ
1435 1039 1625 1075 σκεδασθῆναι,
1643 1039 1691 1065 καὶ
1704 1037 1830 1074 Θαμνοῦν
1844 1037 1923 1072 γενέ-

1133 1088 1193 1115 σθαι
1208 1087 1401 1123 μετάπεμπτον
1417 1085 1469 1112 ὑπὸ
1478 1085 1525 1112 τοῦ
1537 1084 1662 1121 Τιϐερίου
1688 1084 1836 1120 Καίσαρος·
1849 1082 1923 1110 οὕτω

1131 1133 1160 1160 δὲ
1173 1132 1316 1161 πιστεῦσαι
1332 1131 1370 1168 τῷ
1383 1131 1454 1166 λόγῳ
1463 1131 1508 1158 τὸν
1526 1129 1659 1167 Τιϐέριον,
1676 1129 1747 1156 ὥστε
1772 1128 1922 1156 διαπυνθά-

1131 1179 1224 1206 νεσθαι
1235 1179 1282 1206 καὶ
1298 1178 1389 1213 ζητεῖν
1405 1177 1469 1210 περὶ
1483 1176 1529 1203 τοῦ
1549 1176 1648 1208 Πανός*
1668 1174 1788 1207 εἰκάζειν
1803 1174 1833 1201 δέ
1857 1174 1922 1206 τοὺς

1131 1225 1196 1261 περὶ
1207 1224 1288 1252 αὐτὸν
1301 1223 1456 1259 φιλολόγους
1469 1222 1582 1258 συχνοὺς
1597 1222 1676 1254 ϐντας
1688 1220 1733 1248 τὸν
1742 1249 1748 1254 ,
1758 1220 1788 1253 ἐξ
1818 1219 1920 1256 Ἑρμοῦ

1131 1270 1179 1297 καὶ
1189 1269 1348 1306 Πηνελόπης
1360 1268 1550 1304 γεγενημένον.
1569 1267 1599 1295 '0
1616 1268 1665 1304 μέν
1676 1265 1722 1294 οὖν
1736 1267 1867 1298 Φίλιππος
1878 1263 1920 1292 εῖ-

1131 1324 1162 1351 χε
1175 1315 1229 1343 τῶν
1249 1315 1389 1351 παρόντων
1405 1314 1491 1346 ἐνίους
1515 1314 1666 1350 μάρτυρας,
1696 1311 1854 1349 Αἰμιλιανοῦ
1871 1311 1918 1338 τοῦ

1131 1361 1257 1398 γέροντος
1270 1360 1431 1397 ἀκηκοότας·
1443 1361 1457 1386 ό
1470 1359 1497 1386 δὲ
1509 1359 1661 1395 Δημήτριος
1671 1358 1722 1394 ἔφη
1731 1358 1786 1385 τῶν
1797 1358 1860 1393 περὶ
1870 1357 1920 1394 τὴν

1131 1407 1280 1443 Βρετανίαν
1292 1407 1382 1442 νήσων
1394 1404 1463 1433 εἶναι
1477 1406 1576 1437 πολλὰς
1589 1405 1710 1442 ἐρήμους
1724 1404 1871 1440 σποράδας,
1879 1401 1918 1431 ὢν

1131 1452 1203 1485 ἐνίας
1219 1451 1352 1488 δαιμόνων
1371 1448 1418 1478 καὶ
1433 1451 1529 1487 ἡρώων
1549 1450 1737 1486 ὒνομάζεσθαιδ
1755 1449 1869 1476 πλεῦσαι
1886 1449 1918 1476 δὲ

1131 1498 1210 1530 αὐτὸς
1223 1497 1341 1534 ἱστορίας
1353 1498 1400 1524 καὶ
1411 1497 1475 1529 θέας
1489 1497 1570 1523 ἕνεκα
1587 1497 1687 1532 πομπῇ
1710 1495 1757 1522 τοῦ
1785 1494 1918 1531 βασιλέως

1130 1545 1171 1577 είς
1186 1544 1234 1580 τὴν
1246 1544 1358 1579 ἔγγιστα
1383 1543 1513 1580 κειμένην
1528 1543 1582 1570 τῶν
1606 1537 1728 1579 ἐρήμων,
1748 1542 1861 1578 ἔχουσαν
1886 1541 1918 1568 οὐ

1131 1590 1244 1621 πολλοὺς
1261 1589 1446 1622 ἐποικοῦντας,
1467 1589 1556 1624 ἱεροὺς
1570 1586 1599 1615 δέ
1615 1589 1662 1614 καὶ
1677 1581 1792 1622 ἀσύλους
1812 1587 1920 1620 πάντας

1134 1636 1186 1664 ὑπὸ
1201 1634 1256 1663 τῶν
1271 1634 1411 1671 Βρετανῶν
1423 1634 1512 1666 ὂντας.
1532 1633 1694 1670 ’Ᾱφιγμένου
1718 1634 1746 1660 δέ
1757 1633 1838 1661 αὐτοῦ
1852 1642 1921 1661 νεω-

1134 1683 1188 1714 στὶ,
1208 1681 1337 1717 σύγχυσιν
1349 1681 1469 1718 μεγάλην
1483 1681 1546 1717 περὶ
1560 1681 1606 1708 τὸν
1615 1681 1694 1716 ἀέρα,
1716 1680 1763 1707 καὶ
1769 1679 1919 1716 ,διοσημίας

1133 1727 1233 1759 πολλὰς
1251 1727 1388 1762 γενέσθαι,
1400 1727 1446 1754 καὶ⁵
1456 1726 1599 1762 πνεύματα
1623 1726 1841 1762 καταρραγῆναι,
1869 1725 1919 1752 καὶ

1132 1775 1225 1800 πεσεῖν
1253 1772 1424 1809 πρηστῆρας.
1448 1771 1525 1799 Ἐπεὶ
1550 1771 1573 1798 δ’
1593 1771 1725 1807 ἐλώφησε,
1746 1770 1834 1806 λέγειν
1854 1771 1920 1803 τοὺς

1131 1819 1267 1856 νησιώτας
1276 1820 1317 1846 ότι
1331 1818 1385 1846 τῶν
1400 1818 1562 1854 κρειττόνων
1577 1816 1650 1849 τινδς
1664 1817 1784 1852 ἔκλειψις
1795 1817 1917 1852 γέγονεν.

1138 1862 1181 1898 Ὧς
1195 1866 1249 1902 γὰρ
1272 1860 1367 1901 λύχνος
1392 1864 1586 1899 ἀναπτόμενος,
1612 1864 1704 1898 φάναι,
1732 1863 1818 1891 δεινὸν
1839 1863 1919 1890 οὐδὲν

1131 1913 1197 1948 ἔχει,
1212 1912 1390 1947 σϐεννύμενος
1405 1911 1433 1938 δὲ
1459 1911 1565 1943 πολλοῖς
1589 1906 1707 1946 λυπηρός
1721 1910 1805 1938 ἐστιν’
1829 1908 1920 1941 οὕτως

1131 1959 1158 1985 al
1174 1957 1288 1994 μεγάλαι
1300 1957 1383 1992 ψυχαὶ
1396 1957 1445 1987 τὰς
1461 1957 1510 1991 μὲν
1529 1957 1696 1992 ἀναλάμψεις
1722 1955 1845 1992 εὐμενεῖς
1869 1954 1919 1982 καὶ

1131 2004 1252 2035 ἀλύπους
1265 2003 1381 2039 ἔχουσιν,
1407 2003 1477 2029 αἰδὲ
1493 2002 1599 2035 σϐέσεις
1626 2002 1716 2029 αὐτῶν
1734 2002 1781 2029 καὶ
1805 2000 1916 2037 φθοραὶ,

1131 2050 1259 2082 πολλάκις
1272 2050 1330 2084 μὲν,
1347 2048 1384 2081 ὼς
1397 2048 1456 2081 νῦν,
1483 2047 1625 2084 πνεύματα
1649 2048 1696 2075 καὶ
1720 2047 1839 2083 χαλάζας
1852 2047 1917 2083 τρέ-

1131 2103 1210 2131 φουσι
1226 2095 1292 2131 (42),
1320 2095 1448 2126 πολλάκις
1474 2095 1502 2121 δὲ
1519 2094 1652 2130 λοιμικοῖς
1677 2094 1774 2121 πάθεσι
1787 2092 1832 2120 τὸν
1847 2093 1917 2129 ἀέρα

1131 2141 1342 2178 φαρμάττουσιν.
1372 2141 1444 2167 Ἐκεῖ
1463 2140 1553 2175 μέντοι
1578 2140 1641 2175 μίαν
1655 2138 1723 2167 εἶναι
1746 2139 1837 2175 νῆσον,
1853 2135 1915 2176 ἐνῇ

1130 2188 1175 2214 τὸν
1188 2188 1291 2223 Κρόνον
1307 2187 1465 2222 καθεῖρχθαι
1478 2187 1680 2223 φρουρούμενον
1704 2185 1756 2212 ὑπὸ
1769 2185 1817 2212 τοῦ
1831 2185 1915 2221 Βριὰο

1131 2243 1184 2270 ρεω
1198 2233 1370 2261 καθεύδοντα·
1386 2231 1483 2269 δεσμὸν
1496 2233 1550 2268 γὰρ
1565 2230 1638 2268 αὺτῷ
1660 2232 1704 2259 τὸν
1729 2231 1810 2259 ὕπνον
1826 2240 1916 2267 μεμη-

291 2277 332 2301 set
347 2292 354 2305 ,
369 2273 471 2301 dixisse
488 2272 632 2305 insulares,
647 2274 764 2308 aliquem
784 2281 815 2302 ex
832 2275 961 2302 heroibus
976 2276 1076 2303 exstin-

1130 2280 1271 2316 χανῆσθαι,
1288 2279 1405 2311 Πολλοὺς
1417 2279 1445 2306 δὲ
1460 2279 1524 2315 περὶ
1537 2278 1617 2305 αὑτὸν
1628 2277 1698 2305 εἶναι
1709 2277 1838 2313 δαίμονας
1847 2277 1916 2304 ὀπα-

289 2324 363 2348 otum
383 2327 454 2347 esse.
468 2318 702 2352 Quemadmodum
721 2320 805 2354 enim,
822 2321 982 2355 inquiebant
996 2342 1004 2354 ,
1033 2328 1075 2349 lu-

286 2372 371 2393 cerna
386 2365 450 2392 dum
462 2365 549 2398 ardet,
565 2365 631 2392 nihil
644 2365 799 2393 detrimenti
814 2365 911 2394 all‘erre
926 2367 1005 2399 solet,
1024 2376 1074 2396 nec

289 2416 379 2439 tamen
392 2411 451 2439 sine
466 2411 615 2439 multorum
631 2412 755 2439 molestia
763 2412 947 2447 exstinguitur
961 2422 968 2440 :
986 2413 1026 2440 sic
1037 2414 1076 2441 in-

290 2461 382 2492 gentes
401 2457 500 2485 animae
524 2457 643 2493 benigno
657 2458 767 2493 quidem
783 2463 810 2485 et
828 2459 941 2486 innoxio
970 2459 1076 2495 fulgore

289 2503 440 2536 collucent;
454 2508 483 2531 at
496 2504 618 2536 easdem,
627 2504 650 2531 si
666 2505 777 2539 quando
790 2505 926 2540 exstingui
938 2513 971 2533 ac
984 2506 1074 2540 perire

289 2549 442 2582 contigerit,
459 2554 516 2576 tum
531 2558 602 2585 saepe
613 2555 709 2578 vcntos
727 2558 759 2578 ac
772 2551 915 2585 procellas,
934 2552 972 2579 uti
989 2559 1072 2584 nunc,

289 2595 419 2628 excitare,
438 2604 509 2631 scepe
536 2605 618 2624 auras
643 2597 804 2632 pestilentia!
829 2605 934 2624 veneno
963 2598 1073 2625 inlicere

289 2646 498 2668 consueverunt.
516 2641 572 2670 lllie
587 2650 667 2678 porro
680 2642 797 2670 insulam
820 2643 967 2677 quamdam
992 2650 1052 2670 esse
1063 2663 1071 2674 ,

290 2686 336 2712 ubi
351 2686 470 2714 vinctum
486 2686 634 2716 Saturnum
651 2689 760 2724 altoque
779 2696 874 2716 somno
897 2691 1070 2724 consopitum

284 2730 416 2759 '[triareus
426 2733 560 2760 custodiat
573 2743 579 2760 :
594 2742 692 2761 novum
709 2734 781 2762 enim
798 2734 851 2761 hoc
875 2734 964 2761 somni
979 2734 1073 2761 vincu-

290 2777 346 2804 lum
362 2777 493 2805 adversus
508 2787 569 2806 eum
590 2781 773 2815 excogitatum
788 2779 882 2807 fuisse.
896 2779 989 2807 Eidem
1009 2787 1074 2806 vero

326 2861 338 2875 ⁸
359 2855 421 2883 add.
433 2855 472 2882 δέ.
508 2856 523 2877 1»
541 2857 584 2885 ισ.
599 2858 629 2884 οὐ
643 2857 751 2894 φθῆναι.

1127 2327 1188 2358 δοὺς
1205 2326 1252 2353 καὶ
1275 2325 1451 2362 θεράποντας.
1470 2335 1478 2350 ι
1499 2324 1622 2351 Τοσαῦτα
1645 2324 1673 2351 δὲ
1700 2324 1715 2350 ὁ
1731 2323 1913 2358 Πλούταρχος.

1133 2373 1310 2409 Ἐπιτηρῆσαι
1323 2372 1350 2399 δὲ
1364 2372 1438 2405 ἄξιον
1450 2371 1495 2398 τὸν
1512 2371 1616 2407 καιρὸν,
1635 2371 1664 2397 ἐν
1728 2378 1794 2405 φησι
1809 2369 1854 2396 τὸν
1866 2369 1916 2396 Θά-

1126 2429 1206 2446 νατον
1219 2419 1358 2454 γεγονέναι
1371 2417 1418 2445 τοῦ
1430 2417 1565 2453 δαίμονος.
1581 2415 1664 2448 Οὗτος
1687 2416 1716 2443 δι
1742 2413 1777 2452 ἦν
1799 2416 1813 2442 ὁ
1841 2414 1915 2442 κατὰ

1127 2466 1260 2501 Τιϐέριον,
1272 2465 1331 2491 καθ’
1349 2464 1378 2491 ὃν
1390 2465 1404 2490 ὸ
1417 2463 1549 2500 ἡμέτερος
1564 2464 1668 2499 Σωτὴρ,
1685 2462 1734 2495 τὰς
1749 2462 1796 2489 σὺν
1809 2461 1916 2498 ἀνθρὼ-

1127 2518 1188 2541 ποις
1205 2508 1363 2544 ποιούμενος
1381 2507 1532 2543 διατριϐὰς,
1550 2508 1605 2534 πᾶν
1617 2507 1693 2541 γένος
1708 2505 1841 2541 δαιμόνων
1855 2505 1916 2538 ἐξε-

1126 2554 1232 2582 λαύνειν
1243 2554 1289 2580 τοῦ
1305 2553 1359 2580 τῶν
1369 2553 1520 2589 ἀνθρώπων
1534 2552 1738 2587 ἀναγέγραπται
1753 2549 1821 2585 βίου·
1842 2549 1913 2576 ὥστε

1126 2599 1176 2636 ήδη
1191 2600 1267 2632 τινὰς
1282 2600 1336 2626 τῶν
1349 2599 1481 2634 δαιμόνων
1501 2599 1657 2633 γονυπετεῖν
1679 2594 1769 2628 αὑτὸν,
1794 2596 1841 2622 καὶ
1855 2595 1912 2621 ἱκε-

1124 2644 1214 2672 τεύειν
1229 2646 1266 2681 μὴ
1281 2645 1320 2680 τῷ
1334 2645 1506 2681 περιμένοντι
1521 2644 1619 2675 αὐτοὺς
1633 2643 1761 2678 ταρτάρῳ
1776 2640 1914 2676 παραδοῦ-

1125 2698 1179 2717 ναι.
1191 2691 1281 2726 Ἔχεις
1295 2688 1339 2717 οὖν
1353 2690 1458 2725 καὶτῆς
1466 2690 1519 2716 τῶν
1527 2689 1660 2725 δαιμόνων
1672 2687 1856 2723 καθαιρέσεως
1867 2686 1913 2712 τὸν

1125 2735 1229 2770 χρόνον,
1242 2735 1291 2761 οὐκ
1307 2734 1401 2761 ἄλλοτε
1418 2735 1448 2767 ἐξ
1473 2734 1569 2765 αἰῶνος
1591 2732 1788 2769 ῖστορηθείσης”
1816 2730 1910 2767 ὥσπερ

1124 2779 1170 2807 οὖν
1187 2781 1232 2808 καὶ
1247 2781 1294 2816 τῆς
1309 2780 1530 2816 ἀνθρωποθυσίας
1545 2780 1601 2806 τῶν
1625 2779 1709 2806 ἐθνῶν
1723 2779 1774 2814 τὴν
1793 2777 1913 2805 κατάλυ-

327 2912 382 2946 (42)
403 2913 533 2948 Χαλάζιις
555 2914 705 2949 τρέφουσι.
728 2915 879 2949 Plutarch,
901 2915 983 2948 ζάλας
997 2914 1137 2952 τρέπουσι.
