2063 3211
135 223 186 251 357
203 222 205 224 ’
727 224 887 254 PIUEI’AR.
910 226 936 253 E‘

986 226 1033 255 QG.
1052 227 1116 256 LIB.
1139 229 1171 256 ν.
1720 228 1772 257 358

139 288 180 307 σιν
190 280 240 307 οὐκ
251 280 351 308 ἄλλοτε.
364 282 382 318 ἦ
395 282 463 318 μετὰ
477 282 507 308 τὺ
522 281 651 318 προελθὸν
661 283 700 315 εἰς
712 284 816 316 πάντας
831 285 936 321 ἀνθρώ-

988 286 1107 315 famulos
1146 288 1378 324 administrosque
1411 289 1548 316 timmones
1576 294 1675 324 prmsto
1711 294 1774 315 esse

141 334 206 357 πους
221 327 358 361 κήρυγμα
375 327 424 363 τῆς
439 328 618 363 εὖαγγελικῆς
632 328 805 361 διδασκαλίας
819 338 933 366 γεγενη-

986 339 1068 367 quam
1081 333 1226 368 plurimos.
1244 344 1254 360 ι
1285 334 1423 362 Hactenus
1441 326 1616 363 Plutarchus.
1636 334 1688 362 Sed
1704 342 1772 370 ope-
1806 343 1809 349 ν

146 371 235 407 μένην.
250 372 347 400 Ταῦτα
361 373 412 409 μὲν
426 372 472 400 οὖν
486 375 551 410 ἡμῖν
566 374 620 401 ἀπὸ
644 375 693 410 τῆς
716 375 851 412 νεωτέρας
865 377 935 403 ίστο-

986 385 1025 405 rae
1040 378 1155 412 pretium
1172 378 1264 412 fuerit,
1278 384 1385 414 tempus
1401 380 1558 412 observare,
1571 387 1626 414 quo
1640 379 1773 408 daemonis

145 418 203 454 ρίας
217 418 387 454 ὲληλέγχθω.

989 423 1069 452 istius
1087 424 1225 452 interitum
1241 426 1388 461 contigisse
1412 430 1516 453 narrat.
1531 425 1560 454 Id
1588 427 1662 453 enim
1687 426 1774 461 impo-

144 468 220 491 rante
237 463 350 492 Tiberio
369 465 452 501 208
468 465 570 494 factum
598 470 656 499 est,
674 473 729 502 quo
752 470 873 502 tempore
907 467 1071 496 dtemonesa
1093 469 1238 498 Servatore
1258 475 1354 498 nostro
1367 471 1438 498 inter
1460 470 1585 498 homines
1605 475 1701 506 agente
1714 471 1773 506 jam

143 515 201 537 tum
235 518 268 537 ex
302 511 422 539 humana
439 512 494 539 vita
511 512 574 547 pelli
595 512 712 548 cjieique
730 513 846 548 coepisse
867 513 959 542 divina
985 516 1080 544 scribit
1092 516 1206 544 historia
1220 527 1226 545 :
1241 524 1305 544 cum
1319 517 1401 544 etiam
1415 524 1485 552 genu
1501 517 1570 543 liexo
1582 516 1704 544 nonnulli
1715 517 1773 552 jam

143 565 205 584 eum
238 557 428 592 obsecrarent,
447 559 487 586 uti
502 566 537 586 ne
552 559 772 594 exspectantibus
786 567 846 588 sese
869 560 964 590 inferis
983 563 1129 591 addiceret.
1143 562 1214 599 Ergo
1228 567 1330 590 certum
1342 570 1451 598 quoque
1467 570 1499 590 ac
1510 562 1651 590 deﬁnitum
1666 568 1774 598 tempus

143 603 228 630 babes
244 604 487 632 exterminatorum
517 605 681 638 daemonum,
701 613 770 641 quos
788 611 850 635 ante
876 607 942 636 illud
964 617 1104 645 nunquam
1125 617 1158 638 ex
1184 609 1260 637 omni
1280 609 1411 637 memoria
1435 608 1543 644 fugatos
1556 615 1616 636 esse
1633 608 1774 644 legimus:

145 648 376 683 quemadmodum
405 658 456 677 nec
485 657 548 678 ante
578 651 713 679 sublatam
740 651 826 681 fuisse
854 654 1023 684 ostendimus
1052 664 1224 684 communem
1256 656 1328 692 apud
1351 656 1465 690 gentiles
1495 655 1701 683 mactandorum
1725 656 1775 683 bo-

144 692 250 719 minum
281 693 519 726 consuetudinem,
536 703 618 730 quam
643 697 803 732 evangelicae
824 697 954 727 doctrinae
972 700 1129 735 praedicatio
1159 701 1315 729 universum
1339 700 1432 728 orbem
1460 700 1661 735 complevisset.
1686 701 1775 737 Atque

143 740 203 768 haec
218 742 397 776 coarguenda
432 742 585 779 daemonum
606 743 694 771 l‘raudi
711 752 745 772 ex
760 745 942 774 recentiorum
962 747 1084 777 historiis
1098 750 1255 785 deprompta
1274 748 1418 777 sulTiciant.
1764 752 1766 754 '

415 800 615 828 ΚΕΦΑΛΑΙΟΝ
631 802 686 830 Iﬂ'.

142 855 212 888 Περὶ
228 854 286 882 τῶν
304 854 385 889 παρὰ
412 855 474 895 τοῖς
502 856 640 890 παλαιοῖς
665 858 797 895 ’Ἑλλησι
815 868 934 895 μνημο-

346 890 516 924 ’γευομένων
534 893 733 926 χρηστηρίων.

185 945 254 972 Ἀλλ’
267 946 329 972 ἐπεὶ
339 946 377 981 μὴ
393 948 450 978 τοῖς
460 948 532 974 ’πᾶσι
551 947 678 984 γνώριμα
695 950 824 984 τυγχάνει
838 951 872 978 τὰ
896 952 935 978 εί-

1267 805 1383 834 CAPUT
1402 805 1496 833 XVIII.

1033 864 1072 892 De
1086 864 1203 891 oraculis
1217 862 1531 925 priscorttlmbGrlccorum
1543 861 1734 897 praedicatione

1304 907 1332 925 ce
1344 908 1357 925 e
1377 904 1453 925 ratu.

1304 904 1372 926 ceteD
1377 904 1453 925 νοω.

1023 954 1101 983 Nunc
1109 963 1186 984 vero.
1197 955 1328 990 quoniam
1339 954 1390 982 ista
1401 961 1454 982 non
1464 953 1592 981 omnibus
1603 959 1693 987 usque
1706 951 1775 979 adeo

145 992 261 1028 ρημένα,
277 991 306 1019 εὖ
321 1001 366 1028 μοι
386 994 461 1020 δοκεῖ
473 994 598 1021 ἐντεῦθεν
619 996 665 1022 ἐπὶ
681 996 715 1023 τὰ
731 998 798 1023 πᾶσι
815 997 936 1033 πρόδηλα

987 1005 1051 1028 nota
1066 1005 1138 1033 sunt.
1157 1000 1223 1028 libet
1240 1000 1303 1027 inde
1327 999 1361 1027 ad
1379 1004 1411 1027 ea
1424 998 1561 1033 progredi,
1577 1004 1637 1032 quae
1655 997 1775 1032 antiqui-

142 1039 199 1069 τοίς
215 1037 365 1072 φιλολόγοις
382 1039 541 1075 μεταϐῆναι,
564 1040 611 1067 καὶ
626 1041 689 1074 τοὺς
702 1042 884 1075 παλαιτάτους
897 1042 937 1078 τῷ

143 1084 234 1119 χρόνῳ
248 1085 388 1120 χρησμοὺς
404 1085 540 1117 ἐξετάσαι,
556 1087 608 1113 ἀνὰ
634 1088 722 1123 στόμα
751 1089 860 1116 πάντων
879 1089 938 1116 Ἐλ-

143 1130 232 1166 λήνων
253 1131 409 1166 ᾀδομένους,
435 1132 487 1158 κάν
510 1134 570 1165 ταῖς
593 1134 664 1160 κατὰ
690 1133 767 1162 πόλιν
784 1135 937 1170 διατριϐαῖς

141 1181 199 1211 τοῖς
215 1180 261 1206 ἐπὶ
277 1180 386 1216 παιδείᾳ
411 1181 523 1215 φοιτῶσι
551 1182 791 1218 παραδιδομένους.
816 1183 937 1210 Ἀνωθεν

141 1226 232 1253 τοίνυν
247 1226 388 1253 ἀναλαϐὼν
397 1227 447 1259 τὰς
459 1227 575 1260 παλαιὰς
588 1227 716 1264 ἱστορίας,
731 1229 878 1264 ἐπίσκεψαι
893 1228 937 1257 οἷα

141 1274 156 1299 ὸ
171 1272 272 1304 Πύθιος
290 1270 441 1308 ’Δθηναίοις
452 1274 505 1308 χρᾷ
518 1273 604 1309 λοιμῷ
614 1275 747 1301 πιεσοεῖσι
760 1275 804 1302 διὰ
817 1276 868 1310 τὴν
881 1276 938 1302 Ἀν-

141 1318 247 1353 δρόγεω
275 1318 413 1354 τελευτήν.
434 1319 599 1355 Ἐλοίμωξαν
622 1320 650 1347 δὲ
681 1321 781 1353 πάντες
801 1321 936 1357 Ἀθηναῖοι

141 1365 175 1391 δι’
191 1364 251 1396 ἑνὸς
263 1363 358 1400 ἀνδρὸς
373 1365 500 1396 θάνατον,
517 1365 568 1400 τῆς
578 1365 601 1392 δ’
627 1367 660 1393 ὲκ
673 1366 727 1393 τῶν
741 1366 812 1394 θεῶν
824 1367 936 1394 ἐπικου-

143 1410 205 1446 ρίας
216 1411 306 1445 τυχεῖν
320 1410 422 1445 ἠξίουν·
442 1411 469 1438 τί
484 1411 544 1438 ποτ’
554 1408 600 1439 οὖν
620 1412 635 1439 6
662 1413 753 1449 σωτὴρ
772 1413 862 1445 αὐτοῖς
890 1414 937 1440 καὶ

143 1455 204 1486 Θεὸς
218 1456 363 1491 παραινεῖς
387 1455 464 1491 Τάχα
477 1465 527 1482 που
551 1455 594 1488 τὶς
619 1456 740 1492 οἰήσεται
765 1457 936 1492 δικαιοσύνης

141 1500 190 1526 τοῦ
208 1500 301 1527 λοιποῦ
318 1501 366 1527 καὶ
379 1501 582 1537 φιλανθρωπίας
601 1502 796 1537 ἐπιμέλεσθαι,
815 1503 861 1530 καὶ
888 1503 937 1538 τῆς

141 1547 227 1581 ἄλλης
242 1546 382 1582 ἀρετῆς,ἧ
397 1549 538 1582 μετανοεῖν
565 1548 611 1574 ἐπὶ
640 1548 680 1583 τῷ
709 1549 936 1584 πλημμελήματι,

142 1593 190 1619 καί
201 1602 228 1619 τι
240 1592 295 1619 τῶν
308 1593 389 1620 ὁσίων
413 1593 460 1620 καὶ
487 1593 607 1621 εὐσεϐῶν
634 1594 763 1628 ἐκτελεῖν,
787 1594 825 1626 ὼς
836 1595 869 1621 ἃν
884 1595 937 1622 τῶν

144 1638 215 1665 θεῶν
224 1638 329 1670 τούτοις
344 1639 537 1674 ἱλασκομένων.
566 1639 643 1667 Ἀλλὰ
661 1640 763 1667 τούτων
776 1641 824 1676 μὲν
842 1638 877 1676 ἦν
889 1641 935 1668 οὺ-
950 1657 970 1686 c

142 1684 197 1711 δέν.
215 1684 247 1710 Τί
259 1683 313 1720 γὰρ
327 1683 360 1719 δὴ
372 1685 420 1711 καὶ
435 1684 515 1719 μέλον
535 1682 569 1720 ἦν
583 1685 685 1712 τούτοιν
707 1687 764 1718 τοῖς
775 1686 937 1722 θαυμασίοις

144 1731 225 1762 θεοῖς,
242 1731 341 1766 μᾶλλον
354 1730 382 1757 δὲ
410 1732 465 1762 τοῖς
493 1732 685 1768 παμπονήροις
698 1732 826 1768 δαίμοσι;
851 1733 936 1760 Πάλιν

142 1776 189 1805 οὖν
202 1778 236 1804 τὰ
266 1777 358 1808 αὐτοῖς
381 1777 498 1812 συγγενῆ
528 1777 575 1804 καὶ
596 1779 694 1809 οἰκεῖα,
710 1777 744 1805 τὰ
764 1778 865 1814 ἀνηλεῆ
891 1780 937 1806 καὶ

143 1824 208 1860 ὠμὰ
229 1824 277 1850 καὶ
290 1823 479 1859 ἀπάνθρωπα,
506 1823 598 1859 λοιμὸν
624 1825 669 1851 ἐπὶ
691 1824 778 1860 λοιμῷ
790 1833 867 1860 φασι,
890 1826 937 1852 καὶ

143 1870 277 1901 θανάτους
301 1869 348 1896 ἐπὶ
375 1869 492 1904 θανάτῳ.
524 1869 637 1896 Κελεὺει
667 1870 732 1904 γοῦν
756 1871 770 1898 ὁ
801 1871 936 1898 Ἀπόλλων

144 1915 222 1946 ἔτους
257 1914 373 1941 ὲκάπου
405 1914 523 1949 πέμπειν
551 1915 650 1946 αὐτοὺς
681 1914 736 1942 τῶν
766 1915 838 1943 ἰδίων
870 1915 936 1943 παί-

143 1961 196 1987 δων
225 1960 344 1996 ἆρῤενας
378 1960 495 1996 ἐφήϐους
521 1961 591 1987 ἑπτὰ
606 1981 614 1992 ,
655 1961 702 1988 καὶ
729 1961 843 1997 θηλειῶν
876 1963 936 1989 ίσα-

144 2005 260 2042 ρίθμους
296 2004 464 2040 παρθένους,
491 2004 548 2030 ἀνθ’
571 2004 630 2035 ἐνὸς
664 2003 729 2031 δέκα
758 2005 805 2032 καὶ
838 2006 936 2033 τέσσα-

144 2060 196 2088 ρας
222 2050 360 2082 ἀναιτίους
381 2050 428 2077 καὶ
450 2051 640 2087 ἀπράγμονας,
653 2051 703 2077 οὐκ
717 2051 842 2084 εἰσάπαξ,
869 2052 936 2079 ἀλλὰ

144 2097 192 2123 καὶ
209 2096 280 2123 κατὰ
295 2096 350 2122 πᾶν
363 2094 422 2127 ἔτος
442 2094 643 2130 τυθησομένους
657 2095 687 2122 ἐν
700 2096 796 2132 Κρήτῃ
807 2096 883 2132 παρὰ
897 2097 937 2132 τῷ

144 2143 245 2170 Μίνωϊ.
266 2142 350 2167 Ὦστε
367 2140 414 2167 καὶ¹
429 2140 509 2176 μέχρι
525 2140 580 2168 τῶν
593 2140 640 2167 τοῦ
659 2141 819 2177 Σωκράτους
834 2142 936 2178 χρόνων

143 2188 227 2216 πλέον
243 2187 260 2223 ἦ
277 2187 463 2219 πεντακοσίοις
487 2186 600 2222 ὕστερον
617 2187 705 2214 ἔτεσιν
721 2188 734 2214 ὁ
750 2187 836 2220 δεινὸς
859 2184 936 2220 οὗτος

143 2236 192 2262 καλ⁵
207 2233 296 2261 ἀπανθ
302 2233 456 2269 ρωπότατος
463 2233 565 2269 δασμὸς
575 2234 686 2268 μνήμην
702 2243 738 2261 πα
743 2235 767 2270 ρ’
787 2234 937 2270 Ἀθηναίοις

142 2281 316 2316 διεφύλαττε.
344 2278 430 2305 Τοῦτο
450 2279 477 2305 δὲ
496 2277 529 2314 ἦν
551 2279 604 2316 ἄρα
623 2279 654 2306 τδ
670 2280 716 2306 καὶ
734 2280 873 2316 Σωκράτει
887 2280 936 2316 τὴν

987 1047 1051 1074 tatis
1065 1046 1220 1074 studiosum
1236 1045 1342 1081 fugiant
1368 1044 1517 1076 neminem,
1539 1051 1571 1071 ac
1594 1049 1774 1071 vetustissimi

986 1092 1035 1120 aevi
1055 1091 1166 1120 oracula
1195 1091 1338 1127 diligenter
1361 1095 1489 1118 excutere
1503 1109 1510 1123 ,
1541 1097 1602 1125 quae
1616 1088 1773 1116 Graacorum

986 1137 1087 1172 passim
1103 1136 1227 1164 omnium
1242 1143 1290 1163 ore
1301 1135 1414 1171 jactata,
1430 1135 1464 1162 iis
1476 1135 1570 1165 etiam,
1587 1133 1634 1169 qui
1648 1133 1774 1168 discipli-

986 1191 1028 1211 me
1042 1190 1126 1211 causa
1156 1182 1262 1211 cunctis
1276 1182 1305 1210 in
1322 1181 1436 1209 urbibus
1450 1181 1625 1213 conveniunt,
1642 1178 1774 1207 ineuicari

987 1230 1086 1258 solent.
1105 1228 1145 1257 Tu
1160 1237 1227 1265 ergo
1249 1233 1356 1257 veteres
1370 1228 1405 1256 ab
1422 1227 1525 1255 ultimis
1544 1234 1631 1262 usque
1646 1226 1774 1261 tempori-

986 1275 1063 1303 ribus
1091 1274 1222 1302 historias
1247 1278 1384 1309 repetens,
1405 1273 1526 1308 expende
1553 1272 1592 1300 sis
1620 1270 1774 1307 cujusmodi

985 1321 1209 1352 Atheniensibus,
1227 1319 1300 1356 gravi
1316 1319 1350 1347 ab
1364 1319 1509 1354 Androgeo
1520 1317 1632 1346 interitu
1645 1317 1775 1353 pestilen-

987 1366 1023 1394 tia
1039 1365 1226 1394 laborantibus
1246 1372 1407 1400 responsum
1424 1364 1489 1392 olim
1515 1363 1630 1399 Pythius
1646 1361 1774 1390 ediderit.

987 1411 1093 1448 Quippe
1109 1412 1300 1445 Athenienses,
1311 1410 1430 1438 hominis
1442 1410 1478 1438 ob
1490 1410 1571 1437 unius
1580 1413 1706 1441 mortem,
1717 1408 1774 1436 uni-

986 1458 1058 1486 versi
1072 1459 1123 1486 hac
1141 1457 1186 1486 lue
1212 1457 1320 1489 vexati,
1345 1456 1459 1484 deorum
1478 1463 1558 1491 opem
1580 1455 1650 1483 votis
1664 1462 1696 1482 ac
1710 1462 1774 1490 pre-

987 1503 1065 1531 cibus
1081 1503 1272 1538 implorabant.
1289 1501 1359 1535 Quid
1375 1502 1457 1538 igitur
1474 1501 1510 1529 iis
1534 1501 1642 1528 consilii
1657 1505 1684 1528 et
1708 1500 1774 1528 Ser—

987 1554 1064 1576 vator
1082 1554 1109 1576 et
1122 1548 1212 1576 Deus?
1225 1547 1264 1576 uti
1278 1548 1434 1583 aequitatem
1446 1547 1572 1575 videlicet
1584 1551 1667 1581 atque
1681 1546 1774 1574 buma-

988 1594 1112 1627 nitatem,
1129 1598 1296 1629 ceterasque
1307 1593 1421 1621 virtutes
1437 1593 1464 1620 in
1480 1598 1619 1628 posterum
1636 1592 1774 1626 colerent;

987 1644 1035 1668 aut
1045 1639 1169 1668 criminis
1183 1639 1292 1668 adducti
1308 1639 1470 1674 panitentia
1486 1639 1557 1666 sacri
1569 1638 1672 1673 aliquid
1686 1645 1719 1665 ac
1732 1645 1774 1665 re-

987 1685 1077 1721 ligiosi
1090 1685 1209 1716 obirent.
1221 1685 1320 1720 quibus
1335 1684 1417 1712 rebus
1429 1685 1543 1712 deorum
1556 1684 1773 1720 oﬁcnsioprocu-

987 1732 1041 1760 rari
1055 1732 1134 1760 solet.
1147 1731 1220 1759 Nihil
1235 1731 1337 1759 minus.
1355 1730 1491 1764 Quorsum
1504 1731 1578 1758 enim
1595 1731 1647 1759 ista
1660 1731 1773 1766 praecla-

987 1777 1026 1806 ris
1040 1777 1209 1808 numinibus,
1223 1777 1264 1804 vel
1281 1777 1373 1812 potius
1389 1777 1582 1805 consceleratis
1599 1777 1773 1805 daemonibus

987 1830 1060 1850 cura:
1072 1823 1150 1850 sint?
1165 1822 1232 1850 Rem
1244 1822 1327 1858 igitur
1341 1821 1447 1850 omnem
1461 1823 1512 1850 sibi
1526 1831 1623 1851 rursus
1634 1827 1661 1850 et
1671 1830 1774 1858 cogna-

988 1873 1054 1903 tam,
1068 1869 1122 1896 hoc
1135 1873 1178 1897 est
1195 1869 1230 1896 ab
1246 1868 1322 1896 omni
1335 1868 1532 1896 misericordiae
1547 1876 1629 1897 sensu
1643 1869 1774 1902 alienam,

987 1920 1015 1943 et
1030 1915 1199 1942 immanitate
1213 1915 1392 1949 teterrimam,
1408 1919 1511 1950 pestem
1537 1919 1623 1950 peste,
1640 1916 1773 1944 mortibus

987 1965 1102 1988 mortem
1120 1959 1254 1987 cumulari
1269 1959 1373 1986 volunt.
1390 1957 1472 1986 lubet
1494 1959 1624 1986 nimirum
1654 1959 1751 1994 Apollo
1765 1978 1773 1992 ,

987 2005 1046 2033 suis
1060 2004 1178 2032 eliberis
1195 2011 1283 2031 mares
1299 2003 1334 2030 ab
1345 2003 1379 2031 iis
1394 2008 1496 2038 septem
1512 2004 1662 2038 quotannis
1679 2004 1772 2039 impu-

987 2051 1065 2080 beres
1082 2051 1171 2084 mitti,
1186 2050 1356 2086 feminasque
1367 2050 1486 2085 virgines
1498 2050 1609 2078 totidem
1623 2059 1630 2083 ;
1646 2059 1697 2085 pro
1720 2059 1775 2079 uno

987 2097 1205 2133 quatuordecim,
1222 2097 1348 2125 insontes
1359 2105 1456 2126 omnes
1469 2097 1630 2132 nulliusque
1643 2096 1774 2126 facinoris

987 2143 1124 2176 conscios,
1140 2143 1222 2179 idque
1238 2150 1293 2170 non
1307 2143 1392 2171 semei
1408 2148 1530 2177 tantum,
1556 2143 1604 2171 sed
1631 2143 1713 2179 209
1728 2151 1776 2170 an-

987 2190 1030 2217 nis
1047 2189 1162 2225 singulis
1179 2188 1250 2224 apud
1263 2187 1380 2216 Minoem
1395 2188 1587 2216 immolandos;
1602 2187 1690 2224 Atque
1704 2189 1774 2223 apud

986 2234 1165 2262 Athenienses
1178 2233 1346 2262 acerbissimi
1365 2240 1397 2261 ac
1410 2233 1542 2261 dirissimi
1558 2233 1651 2260 tributi
1667 2241 1773 2260 memo-

987 2281 1038 2314 ria,
1051 2281 1084 2308 ad
1100 2284 1207 2308 aetatem
1226 2287 1314 2314 usque
1330 2278 1452 2307 Socratis
1472 2287 1560 2307 annos
1572 2279 1701 2314 deinceps
1716 2287 1774 2306 am-

143 2326 281 2362 ἁναΰολὴν
302 2326 349 2352 τοῦ
380 2325 493 2351 Θανάτου
519 2325 712 2360 πεποιημένον.
745 2324 842 2361 Τίοησι
871 2325 936 2358 γοῦν

988 2327 1060 2362 plius
1075 2327 1237 2362 quingentos
1252 2325 1422 2354 servabatur.
1438 2324 1505 2352 Nam
1523 2325 1549 2353 id
1561 2325 1644 2353 etiam
1655 2326 1681 2352 in
1691 2333 1774 2353 causa

143 2372 223 2408 ὁμοῦ,
251 2372 298 2398 καὶ
311 2371 456 2406 ὰπελὲγχει
478 2371 524 2397 τὸν
544 2371 666 2406 χρησμὸν
680 2368 709 2397 εὖ
727 2370 799 2405 μάλα
815 2379 857 2402 τις
882 2370 936 2397 τῶν

143 2420 212 2446 νέων
230 2418 285 2454 (43)
305 2418 424 2454 ἀνδρικῷ
438 2417 570 2453 λογισμῷ,
597 2417 704 2452 γοήτων
728 2416 814 2453 φορὰν
831 2417 885 2453 (44)
906 2418 935 2443 ὲν

143 2465 238 2501 οἰκείῳ
256 2465 451 2500 συγγράμματι
467 2463 657 2498 πεποιημένος.
674 2459 710 2489 Οὖ
727 2463 774 2489 καὶ
789 2463 871 2489 αὐτοῦ
881 2462 935 2489 τῶν

144 2512 253 2546 cumini,
271 2511 340 2538 ἀλλὰ
358 2509 396 2546 μὴ
406 2510 460 2537 τῶν
474 2510 548 2546 ἐμῶν
562 2510 654 2538 ἄκουε.
667 2509 736 2545 πρὸς
748 2509 794 2536 τὸν
805 2515 935 2546 χρησμῳ-

143 2559 191 2586 εδν
205 2556 258 2585 ὧδέ
271 2567 330 2590 πως
344 2557 564 2592 ἀποτεινομένου.

182 2648 237 2682 (45)
261 2649 308 2680 Τις
322 2647 383 2674 τῶν
391 2646 477 2673 νέων.
497 2647 655 2674 OEnomaus
668 2647 712 2674 ille
727 2651 779 2680 est,
795 2654 876 2682 quem
892 2647 934 2674 in-

145 2682 198 2716 ira,
216 2691 242 2717 ῃ.
258 2683 323 2714 215,
340 2689 401 2716 cap.
418 2682 445 2714 I,
462 2682 623 2709 nominatim
638 2682 764 2717 appellat.
775 2682 858 2710 homo
871 2688 934 2710 aeer

145 2725 178 2745 ac
191 2718 348 2750 vehemens,
364 2717 411 2752 qui
425 2725 487 2744 cum
502 2717 528 2744 in
544 2717 665 2744 fraudein
689 2718 724 2744 ab
740 2718 851 2745 oraculo
865 2725 934 2752 quo-

145 2753 208 2780 dam
223 2753 353 2780 indncttts
366 2757 448 2785 esset,
464 2752 637 2779 oraculorum
656 2752 769 2780 istorum
785 2753 932 2780 vanitatem

145 2789 267 2815 omnium
283 2789 311 2814 in
329 2787 420 2814 oculis
432 2788 549 2822 deﬁgere
563 2787 666 2815 statuit.

182 2823 235 2858 (-54)
251 2822 379 2855 Γοήτων
393 2819 499 2858 φοράνῖ
510 2823 550 2849 ita
559 2821 722 2858 romncs.__At
730 2829 790 2856 pag.
799 2821 861 2854 215,
870 2830 894 2850 c.
904 2821 932 2855 2,

145 2853 212 2886 alter
226 2853 264 2885 ἐκ
289 2853 517 2884 ιιίοηυεὶλῖιοὺοι
535 2857 647 2891 φθορᾶς.
670 2853 822 2891 Utrumque
843 2853 931 2884 tamen

143 2893 346 2929 repudiandum
363 2892 511 2929 videtur_et
525 2892 684 2929 mutandum
700 2892 726 2918 in
743 2892 845 2927 φωρᾶς.
861 2892 933 2929 Quae

143 2927 203 2961 vox,
217 2927 457 2964 praestigiatorum
479 2927 714 2964 investigationem
735 2927 867 2964 »οι-ψιοεί
885 2927 932 2953 de-

139 2960 356 3000 prebénsioném
369 2961 513 2996 signiﬁcat.
531 2960 673 2995 Quumodo
689 2961 754 2998 legit
768 2960 929 2989 Theodoret.

987 2372 1049 2406 fuit,
1068 2372 1246 2408 quamobrem
1268 2371 1302 2399 ad
1322 2371 1427 2406 aliquot
1443 2370 1502 2399 dies
1525 2375 1641 2398 mortem
1667 2370 1774 2398 Socrati

986 2419 1151 2447 distulerint.
1167 2417 1310 2453 Ejusmodi
1325 2425 1486 2452 responsum
1501 2425 1516 2444 a
1533 2417 1686 2444 recentiore
1702 2424 1773 2451 quo-

985 2466 1060 2497 dam,
1079 2465 1125 2500 qui
1141 2465 1249 2499 longam
1264 2463 1448 2490 maleﬁcorum
1465 2463 1562 2490 seriem
1580 2463 1713 2498 singulari
1739 2463 1773 2489 li-

985 2511 1035 2539 bro
1051 2511 1147 2543 texuit,
1161 2517 1215 2537 non
1234 2509 1395 2544 producitur
1408 2508 1500 2541 modo,
1516 2509 1561 2535 sed
1595 2509 1677 2536 etiam
1692 2516 1771 2544 pera-

985 2558 1022 2585 cri
1052 2565 1084 2585 ac
1107 2557 1221 2584 robusta
1246 2555 1432 2590 disputatione
1458 2555 1593 2581 luculente
1623 2555 1770 2582 admodum

985 2650 1032 2677 lib.
1048 2656 1074 2676 vt
1091 2649 1127 2675 De
1138 2648 1245 2675 Grrr'cor
1260 2649 1404 2684 affection”
1419 2655 1445 2682 ρ.
1457 2647 1501 2684 86,
1515 2647 1560 2684 22.
1575 2647 1620 2684 ubi
1632 2647 1667 2684 de
1678 2646 1770 2674 (Iino-

985 2692 1047 2712 mao
1064 2694 1070 2711 :
1087 2684 1142 2710 Καὶ
1161 2684 1192 2711 τὸ
1211 2684 1260 2719 μὲν
1281 2682 1576 2719 ξύγγραμμαηίιιίιυίι,
1592 2682 1690 2719 Φωρὰν
1703 2683 1769 2719 γοήα

983 2729 1038 2746 των
1051 2719 1187 2754 ὠνόμασε,
1202 2717 1227 2746 id
1243 2725 1295 2750 est,
1311 2727 1342 2745 ac
1353 2717 1432 2744 suum
1442 2717 1601 2754 rillgdgopus,
1613 2717 1770 2754 Praestigia-

985 2761 1071 2782 torum
1083 2752 1310 2788 déprehensionem
1323 2753 1468 2786 inscripsit.
1479 2752 1535 2779 Erit
1546 2752 1629 2786 igitur
1640 2752 1695 2784 hic,
1704 2753 1770 2788 γοήτ

982 2798 1037 2818 των
1048 2787 1181 2825 φωρὰνὲν
1193 2790 1289 2825 οῑκείῳν
1313 2788 1508 2825 συγγράμματι
1520 2788 1712 2825 πεποιημένος,
1720 2787 1769 2825 qui

983 2823 1113 2863 peculiari
1123 2824 1196 2863 libro
1201 2823 1427 2863 praestigiatorum
1437 2823 1679 2863 deprehensionem
1688 2823 1767 2863 i_nst_i-

983 2858 1051 2892 tuit;
1065 2864 1092 2887 et
1105 2867 1164 2895 pag.
1182 2859 1245 2892 215,
1261 2859 1295 2885 τὰ
1304 2858 1437 2895 κατὰᾼτῆς
1447 2858 1500 2895 τῶν
1510 2858 1615 2895 γοήτων
1626 2858 1729 2895 φωρᾶς,
1738 2858 1767 2885 ἰη

983 2904 1032 2924 sua
1050 2896 1095 2922 illa
1105 2892 1342 2930 'Prwstigiatorum
1366 2892 1567 2930 deprehendam:
1583 2892 1768 2927 perseQuitur,

982 2936 1009 2959 et
1022 2939 1049 2966 p.
1066 2930 1130 2964 254,
1148 2930 1192 2958 ubi
1209 2927 1302 2958 cadem
1317 2936 1376 2964 quae
1391 2927 1588 2956 Thcodoretus.
