2063 3211
283 209 336 238 359

599 207 731 236 EUSEBII
751 207 990 236 CIESARIENSIS
1009 209 1084 237 OPP.
1101 208 1191 237 PARS
1211 209 1242 237 Il.
1260 225 1295 230 —-
1313 210 1561 240 APOLOGETICA.

1843 213 1898 241 360

284 265 447 301 coarguitur.
460 266 529 294 Audi
546 273 610 301 ergo
621 273 676 292 non
693 273 790 298 meam,
806 265 853 293 sed
876 265 949 294 illius
973 267 1123 295 orationem
1136 275 1266 297 adversus
1278 270 1380 298 oraculi
1392 270 1475 305 hujus
1487 274 1625 298 auctorem
1641 278 1714 299 nunc
1733 271 1761 299 in
1789 278 1898 301 modum

285 312 445 340 invehentis.

570 354 683 384 CAPUT
703 355 776 384 XIX.

282 412 413 440 Adversus
432 411 669 447 Apollinemquod
685 417 782 447 septem
797 413 975 440 adolescentes
991 412 1066 447 puel-

318 447 407 482 lasque
422 447 531 473 totidem
545 447 572 472 in
584 446 689 474 cretam
697 447 861 482 jugulandos
877 448 908 475 ab
924 446 1066 476 Athenien-

317 481 388 508 sibus
403 482 473 508 mitti
487 481 603 508 iusserit.

320 539 405 573 «Quid
423 543 524 572 autem,
538 540 638 575 inquit,
649 548 740 568 nonne
756 541 945 575 Athenienses,
960 541 1067 571 Andro-

283 594 332 622 geo
345 586 426 614 caedis
450 589 585 618 auctores,
602 593 634 614 ac
656 591 767 622 propter
780 595 840 615 eam
858 588 1011 623 pestilentia
1026 588 1067 615 la-

281 632 419 663 borantes,
434 638 495 658 sese
511 631 634 658 criminis
651 632 762 660 admissi
781 634 913 667 poenitere
942 633 1067 661 fateban-

282 676 345 703 tur?
360 681 406 703 aut
420 676 443 703 si
458 683 492 703 ne
510 676 537 703 id
551 675 672 711 quidem,
692 685 782 705 nonne
796 683 887 706 tamen
899 679 991 706 verius
1002 679 1065 712 fuit,

283 722 354 749 hanc
371 726 401 749 ut
416 722 449 749 iis
463 722 649 757 paenitentiam
666 723 815 758 imperares
829 745 837 758 ,
864 733 946 760 quam
963 732 993 753 ut
1014 726 1067 753 hoc

282 768 410 804 responsi
425 768 506 796 dares
516 789 523 802 ,

285 848 352 876 Tum
366 856 409 875 vos
426 848 487 874 dira
503 848 595 881 (ames,
607 852 686 883 atque
697 847 866 875 inclementia
882 848 963 883 pestis

284 884 401 914 Deseret,
414 891 444 909 ac
463 883 550 909 tristes
570 882 661 909 melior
675 882 746 910 Deus
760 889 836 910 exuet
849 885 903 911 iras
919 892 928 910 :

283 918 350 946 Cum
363 923 446 945 vestro
463 925 476 944 e
497 925 616 949 numero,
633 917 787 952 scelerisque
800 918 906 952 piacula
925 918 1004 945 vestri
1014 938 1022 950 ,

283 953 349 985 Quae
366 960 423 979 sors
439 960 537 987 cunque
551 957 629 986 petet,
645 961 691 979 seu
710 961 767 979 mas
782 961 827 979 seu
841 953 940 986 femina
962 954 1048 987 cedat,

282 989 400 1022 Corpora
415 992 508 1022 pontus
522 991 579 1022 aget
594 988 682 1022 magni
697 987 796 1015 Minois
812 990 846 1014 ad
864 988 963 1016 urbem.

1380 360 1575 387 ΚΕΦΑΛΑῙΟΝ
1587 360 1636 387 Ῑθ’.

1115 416 1193 450 Πρὸς
1208 416 1261 442 τὸν
1283 415 1414 444 Ἀπόλλω
1425 418 1612 444 κελεύσαντα
1633 417 1680 450 δὶς
1701 417 1776 445 ἑπτὰ
1794 417 1897 452 παῖδάς

1151 459 1182 488 τε
1197 452 1244 488 και
1261 452 1352 488 κόρας
1360 453 1615 488 σφαγησομένους
1625 453 1827 487 ἐκπέμπεσθαι
1839 454 1898 488 τοῖς

1150 486 1266 520 Κρησὶν
1278 486 1338 514 ὑπὸ
1360 487 1530 520 Ἀθηναίων.

1153 552 1164 568 ‹
1183 543 1216 570 Τί
1243 543 1266 570 δ’
1288 544 1339 571 οὐκ
1365 544 1509 580 Ἀθηναῖοι,
1527 546 1571 572 τὸν
1593 545 1757 581 Ἀνδρόγεων
1773 546 1903 573 ἀποκτεί-

1117 596 1221 620 ναντες,
1249 588 1296 614 καὶ
1317 588 1497 624 λοιμώξαντες
1513 590 1559 616 ἐπὶ
1570 589 1665 624 τούτῳ,
1683 587 1758 616 εἷπον
1769 590 1802 616 ἂν
1818 598 1901 625 μετα-

1117 634 1205 665 νοεῖν;
1234 633 1250 669 ἢ
1268 633 1305 668 μὴ
1330 634 1471 668 λεγόντων,
1491 635 1520 661 οὗ
1543 643 1573 662 σε
1596 635 1733 670 προσῆκον
1750 633 1784 671 ἦν
1803 636 1897 663 εἰπεῖν.

1118 681 1282 714 μετανοεῖτε,
1308 679 1418 715 μᾶλλον,
1439 681 1474 716 ’ή-

1118 841 1230 877 Λοιμοῦ
1241 840 1397 877 καλλιμοῇ
1417 840 1504 877 tam;
1517 840 1650 877 ἔσσεται,
1663 840 1704 875 ἦν
1718 847 1774 877 περ
1787 841 1900 868 ἑαυτῶν

1117 875 1229 912 Σώλὶατ¹
1247 876 1306 912 diu}
1325 875 1437 912 κλήρου
1448 875 1603 912 νᾶρῤενλκαὶ
1615 875 1692 910 θῆλυ
1706 875 1813 912 νέμητε

1117 910 1221 943 Mli/mut,
1232 913 1275 944 εὶς
1287 911 1347 938 ἅλα
1359 911 1427 937 δῖαν
1437 910 1688 943 ἀποστέλλοντες,
1703 911 1838 945 ἀμοιϐὴν,

1121 947 1181 974 Τῶν
1193 947 1305 974 ἀδίκων
1316 947 1425 981 ἔργων·
1440 946 1516 972 οὕτω
1527 945 1594 979 θεὸς
1607 946 1693 978 ἵλαος
1711 945 1805 973 ἔσται.

282 1042 358 1070 Mitto
371 1043 442 1070 enim
455 1049 504 1070 vos
517 1042 552 1070 ob
565 1050 649 1069 unum
666 1042 810 1079 Androgeo
826 1043 938 1071 Athenis
966 1043 1062 1071 defun-

1120 1033 1171 1060 Ὲῶ
1184 1033 1238 1069 γὰρ
1248 1034 1288 1066 τὸ,
1312 1032 1462 1068 Ἀνδρόγεω
1482 1034 1531 1069 μὲν
1551 1033 1692 1069 Ἀθήνῃσιν
1711 1034 1900 1066 ἀποθανόντες,

281 1093 354 1116 etum
369 1087 557 1116 vehementius
585 1089 768 1121 commoveri,
785 1092 824 1116 tot
839 1089 901 1116 aliis
923 1093 949 1116 et
965 1089 1066 1124 ubique

281 1134 401 1169 gentium
425 1138 452 1161 et
478 1133 600 1169 quotidie
624 1134 825 1166 morientibus,
852 1135 1064 1163 obdormiscere.

280 1179 436 1213 Enimvero,
452 1181 523 1215 quod
539 1181 623 1216 probe
640 1181 736 1214 scires,
752 1181 872 1209 Minoem
888 1190 936 1217 per
955 1183 981 1210 id
996 1187 1065 1211 tem-

281 1234 344 1261 pus,
358 1230 386 1254 et
403 1226 487 1253 maris
502 1226 646 1261 imperium
662 1231 764 1258 tenere,
779 1231 806 1254 et
821 1228 922 1262 ingenti
933 1233 1065 1264 potestate

281 1271 424 1306 praeditum
440 1279 510 1303 esse,
525 1277 551 1298 et
564 1271 598 1298 ab
616 1272 743 1299 universa
757 1271 860 1300 Graecia
876 1274 927 1301 coli
943 1274 1065 1309 adeoque

281 1317 500 1344 amantissimum
512 1318 648 1352 aequitatis
663 1325 695 1345 ac
709 1318 892 1353 legislaturem
909 1320 1042 1354 optimum
1056 1339 1064 1352 ,

281 1363 347 1398 quin
361 1363 442 1391 etiam
460 1363 494 1390 ab
513 1362 631 1391 Homero
646 1368 672 1391 et
690 1364 780 1399 magni
807 1363 882 1393 lovis
902 1366 1018 1400 socium,
1038 1370 1066 1394 et

281 1408 353 1443 apud
377 1407 479 1436 inferos
489 1408 608 1443 judicem
625 1409 744 1436 habitum
761 1417 792 1437 ac
800 1409 974 1444 praedicatum
987 1418 1064 1439 esse:

280 1454 382 1482 idcirco
397 1454 447 1481 bas
467 1453 515 1481 tibi
531 1461 626 1489 pmnas
643 1455 669 1482 in
685 1455 804 1482 hominis
820 1455 935 1490 gratiam
952 1456 1065 1492 exigen-

281 1501 330 1527 das
342 1500 454 1535 putasti.
472 1499 572 1527 Verum
585 1500 637 1528 ista
649 1508 759 1536 quoque
775 1500 954 1529 nihilominus
981 1510 1063 1538 quam

278 1553 329 1574 vos
341 1546 392 1581 ipsi
406 1549 537 1581 praetereo
555 1555 561 1573 :
583 1554 637 1574 non
658 1551 763 1574 tantum
780 1547 862 1582 210
876 1543 957 1575 caedis
969 1553 1065 1577 aucto-

281 1593 356 1619 ribus
370 1592 582 1627 praetermissis,
613 1591 771 1620 innocentes
793 1593 870 1620 vobis
895 1599 1000 1621 certum
1029 1594 1062 1621 ad

282 1638 397 1664 exitium
415 1637 553 1672 ablegatos
565 1644 625 1664 esse
640 1645 648 1670 ;
667 1645 758 1664 verum
773 1637 854 1665 etiam
880 1639 913 1665 ad
930 1639 1063 1674 ejusmodi

279 1683 369 1710 virum
386 1684 534 1718 ablegatos,
551 1691 632 1718 quem
650 1690 822 1711 communem
843 1684 984 1712 hominum
1001 1693 1062 1712 om-

280 1729 356 1756 nium
370 1728 488 1763 judicem
506 1735 599 1756 creare
613 1729 781 1762 statueratis,
801 1729 848 1764 qui
865 1734 954 1757 tamen
967 1738 1000 1758 ne
1011 1731 1063 1759 hac

281 1774 391 1809 quidem
420 1774 448 1801 in
468 1781 551 1801 causa
584 1782 676 1802 veram
697 1775 857 1802 sententiam
871 1775 941 1803 ferre
958 1777 1062 1811 potuis-

280 1824 333 1847 set.
348 1820 383 1846 At
400 1824 466 1855 quot
486 1820 596 1848 tandem
614 1828 629 1848 a
645 1820 723 1848 vobis
747 1820 861 1856 juvenes
874 1822 995 1850 Athenas
1014 1831 1061 1851 eo-

280 1874 340 1894 rum
365 1867 392 1894 in
410 1866 496 1893 locum
521 1866 653 1894 summitti
667 1871 813 1901 oporteret,
835 1875 904 1902 quos
920 1872 950 1895 ut
964 1876 1063 1904 paren-

280 1913 374 1940 taretis
389 1912 541 1947 Androgeo,
557 1911 829 1948 nefariejugulastis?
843 1922 853 1938 ι
868 1912 962 1945 Porro,
979 1921 1060 1949 quam

1117 1080 1188 1114 ὑμᾶς
1203 1081 1377 1114 ἀγανακτεῖν,
1391 1080 1444 1106 τῶν
1455 1080 1484 1107 δὲ
1499 1080 1633 1107 τοσούτων
1647 1081 1693 1107 καὶ
1708 1081 1875 1116 πανταχόθεν
1887 1088 1901 1102 ι

1116 1125 1162 1151 καὶ
1180 1125 1305 1157 πάντοτε,
1324 1125 1472 1152 καθεύδειν.
1497 1125 1593 1153 Καίτοι
1622 1125 1709 1159 εἰδὼς,
1728 1127 1768 1153 ὅτι
1784 1127 1901 1153 ἐθαλασ-

1117 1171 1243 1206 σοκράτει
1254 1172 1314 1197 τότε
1327 1173 1341 1198 ὁ
1361 1171 1464 1203 Μίνως,
1479 1172 1526 1198 καὶ
1541 1172 1611 1207 μέγα
1632 1171 1752 1204 ἐδύνατο,
1767 1172 1813 1198 καὶ
1826 1173 1901 1199 πᾶσα

1117 1218 1134 1253 ἡ
1155 1217 1250 1248 Ἑλλὰς
1268 1217 1348 1244 αὑτὸν
1374 1217 1534 1253 ἐθεράπευε,
1558 1218 1606 1245 καὶ
1620 1216 1654 1254 ἦν
1672 1218 1719 1245 καὶ
1736 1218 1780 1245 διὰ
1796 1217 1874 1245 τοῦτο
1885 1218 1901 1238 δ

1115 1262 1296 1294 δικαιότατος,
1314 1263 1361 1289 καὶ
1373 1263 1521 1298 νομοθέτης
1531 1263 1643 1297 ἀγαθὸς,
1656 1263 1702 1289 καὶ
1721 1262 1832 1298 Ὁμήρῳ
1843 1262 1902 1289 ἐδό-

1116 1317 1158 1335 κει
1173 1308 1234 1340 Διὸς
1258 1308 1374 1343 μεγάλου
1390 1306 1459 1336 εἶναι
1475 1309 1613 1344 ὀαριστής,
1632 1309 1679 1336 καὶ
1700 1308 1854 1341 ἀποθανὼν,
1873 1309 1902 1334 ὲν

1116 1353 1179 1389 ᾅδου
1190 1353 1319 1389 δικαστής
1329 1362 1335 1369 ·
1351 1354 1398 1381 καὶ
1416 1354 1447 1380 σὺ
1465 1354 1508 1381 διὰ
1526 1353 1599 1381 τοῦθ’
1615 1354 1685 1389 ὑπὲρ
1698 1353 1781 1381 αὐτοῦ
1796 1354 1845 1385 τὰς
1863 1354 1902 1380 δίς

1115 1408 1167 1432 κας
1178 1400 1278 1432 ταύτας
1299 1400 1489 1436 εἰσεπράττου.
1509 1400 1590 1427 Ἀλλὰ
1608 1400 1769 1436 παραλείπω
1781 1409 1812 1435 γε
1825 1400 1901 1427 οὐδὲν

1115 1444 1195 1483 ἦττον
1214 1447 1300 1475 ταῦτα
1319 1447 1398 1484 ὑμῶν
1410 1456 1417 1463 ·
1432 1449 1478 1475 καὶ
1499 1448 1553 1481 ὅτι,
1574 1448 1637 1480 τοὺς
1651 1450 1741 1483 φονεῖς
1759 1449 1899 1480 ἐάσαντες,

1114 1494 1178 1526 τοὺς
1194 1494 1269 1521 οὐδὲν
1291 1494 1394 1525 αἰτίους
1420 1493 1538 1529 πέμπειν
1557 1493 1695 1520 ὲκελεύετε
1708 1493 1899 1529 ἀποθανουμέ-

1115 1531 1177 1573 νους
1186 1549 1194 1556 ’
1210 1542 1257 1568 καὶ
1270 1541 1340 1568 τοῦτ’
1353 1541 1396 1568 ἐπ’
1410 1542 1503 1578 ἄνδρα,
1528 1541 1556 1568 ὃν
1573 1540 1758 1568 ἀναδεικνύναι
1773 1541 1900 1576 ἐμέλλετε

1115 1587 1201 1614 κοινὸν
1225 1587 1376 1624 ἀνθρώπων
1395 1587 1534 1623 δικαστὴν,
1551 1587 1580 1619 ὃς
1594 1587 1648 1614 οὐδ’
1665 1587 1730 1613 αὐτὸ
1742 1586 1820 1614 τοῦτο
1836 1587 1901 1622 ἡπί-

1115 1641 1196 1659 στατο
1204 1632 1322 1660 δικάσαι.
1336 1633 1430 1660 Καίτοι
1443 1634 1543 1665 πόσους
1561 1633 1638 1668 ὑμεῖς
1650 1633 1675 1659 οι
1693 1633 1749 1660 θεοὶ
1765 1633 1825 1660 ἀντὶ
1837 1632 1901 1660 τοῦ·

1114 1687 1168 1706 των
1180 1680 1235 1706 τῶν
1256 1680 1345 1715 κορῶν
1362 1686 1374 1700 ε
1396 1680 1494 1706 δίκαιοι
1513 1679 1631 1715 πέμπειν
1651 1679 1712 1706 ἐστὲ
1737 1679 1899 1716 Ἀθηναίοις,

1115 1725 1161 1758 οὓς
1172 1725 1271 1759 ἀδίκως
1284 1727 1354 1762 ὑπὲρ
1378 1726 1524 1762 ’Λνδρόγεω
1538 1725 1731 1757 ἁπεκτείνατε;
1744 1734 1753 1750 ι
1772 1725 1800 1752 '0
1815 1725 1837 1752 δ’
1850 1725 1900 1753 αὺ-

1114 1772 1160 1804 τὸς
1175 1770 1250 1804 οὗτος
1270 1773 1454 1808 συγγραφεὺς,
1476 1773 1585 1804 ὁπόσοις
1602 1773 1616 1799 ὸ
1641 1771 1775 1799 Ἀπόλλων
1791 1771 1835 1799 διὰ
1849 1771 1900 1806 τῆς

1114 1818 1168 1845 τῶν
1182 1820 1313 1855 χρησμῶν
1322 1819 1485 1855 ἀμφιϐολίας
1499 1819 1614 1846 θανάτου
1627 1819 1712 1850 αἴτιος
1726 1818 1831 1852 γέγονε,
1849 1816 1899 1852 τὴν

1115 1864 1185 1899 ἀμφὶ
1200 1865 1262 1896 τοὺς
1285 1863 1470 1901 Ἡρακλείδας,
1488 1863 1630 1891 ἀναλαϐὼν
1643 1863 1772 1899 ἱστορίαν,
1792 1861 1898 1888 εὐθύνει

1115 1914 1200 1949 λέγων
1221 1913 1316 1945 οὕτως.

281 1959 374 1986 multis
390 1958 487 1993 Apollo
498 1966 692 1993 responsorum
708 1960 886 1995 ambiguitate
916 1969 1010 1989 necem
1034 1962 1166 1996 attulerit,
1184 1963 1313 1999 replicata
1327 1961 1530 1989 Hcraclidarum
1549 1957 1675 1989 historia,
1691 1957 1761 1985 idem
1781 1955 1898 1991 scriptor

280 2005 404 2039 sequenti
415 2004 537 2032 oratione
550 2005 680 2040 coarguit.

576 2061 689 2089 CAPUT
713 2062 772 2090 XX.

329 2117 455 2145 Pluribus
475 2118 623 2156 Aoollinem
642 2127 826 2156 responsorum
839 2122 1012 2156 ambiguitate

523 2154 615 2180 mortis
629 2162 736 2181 causam
748 2155 838 2189 fuisse.

317 2217 327 2233 ι
345 2209 379 2236 Et
393 2210 532 2243 quoniam,
558 2209 655 2244 inquit,
672 2211 742 2238 hanc
755 2213 835 2239 semel
849 2212 987 2248 attigimus
1003 2213 1060 2241 dis-

1374 2060 1571 2090 ΚΕΦΑΛΔῙΟΝ
1586 2059 1629 2086 ις’,

1118 2123 1164 2156 Ὡς
1176 2120 1299 2150 πολλῶν
1317 2119 1449 2156 ᾲθανᾴτου
1474 2115 1728 2156 γέγογενρῐτιμέ
1745 2113 1897 2140 Ἁπόλλων

1230 2155 1279 2182 διὰ
1294 2154 1347 2189 τῆς
1358 2154 1416 2181 τῶν
1431 2149 1573 2187 κρήσμῶν
1587 2149 1774 2185 ἀμφιϐολίας.

1150 2226 1160 2242 ι
1184 2215 1260 2242 Ἐπεὶ
1271 2213 1300 2240 δέ
1314 2221 1370 2243 πως
1380 2210 1554 2246 ἐπεμνήσθην
1566 2209 1641 2236 τοῦδε
1655 2207 1701 2235 τοῦ
1717 2208 1807 2242 λόγου,
1816 2206 1894 2243 φέρε,

279 2255 457 2290 putationem,
467 2262 526 2289 age,
542 2255 595 2283 huc
603 2263 711 2290 quoque
726 2261 890 2291 spectantem
903 2257 1061 2286 Heraclida-

1114 2262 1146 2289 τὰ
1157 2261 1312 2296 καθήκοντα
1320 2258 1414 2285 διέλθω
1424 2256 1470 2283 τοῦ
1481 2255 1550 2283 κατὰ
1567 2255 1629 2286 τοὺς
1647 2253 1823 2300 ςΗρακλείδας
1837 2252 1895 2300 διή-

279 2312 339 2332 rum
350 2304 490 2332 historiam
500 2312 703 2339 persequemur.
713 2303 748 2332 Iis
759 2305 831 2332 enim
841 2313 902 2332 cum
913 2306 1059 2341 aliquando

277 2358 327 2387 per
337 2350 468 2377 Isthmum
488 2351 514 2377 in
528 2349 744 2384 Peloponnesum
759 2351 908 2385 irrumpere
921 2352 1059 2379 molienti-

278 2395 340 2428 bus,
356 2395 457 2423 frustra
476 2400 590 2423 conatus
607 2396 738 2431 laborque
755 2396 893 2429 cessisset,
909 2397 1060 2425 Aristoma-

279 2441 347 2468 chus
360 2441 458 2468 Aridtei
470 2441 551 2474 (ilius,
575 2441 647 2476 quod
673 2447 749 2476 pater
765 2442 792 2468 in
807 2442 899 2469 eadem
914 2442 1061 2478 inuptione

279 2486 433 2519 occidisset,
450 2488 483 2514 ad
497 2491 523 2514 te
538 2487 612 2517 venit
627 2487 660 2514 de
675 2487 851 2522 suscipiendo
868 2488 964 2516 itinere
992 2497 1058 2516 con-

278 2531 417 2559 sulturus:
432 2532 526 2559 eadem
538 2532 621 2565 enim,
635 2540 687 2568 qua
701 2536 777 2566 pater
793 2537 854 2559 ante
881 2540 958 2565 suus,
981 2532 1058 2567 cupi-

277 2575 361 2602 ditate
375 2576 524 2604 tenebatur.
539 2575 596 2604 Hoc
613 2582 702 2604 autem
723 2577 772 2604 abs
785 2581 810 2604 te
825 2577 948 2612 responsi
964 2578 1037 2610 tulit,

278 2628 331 2656 Per
342 2629 456 2664 liquidas
472 2631 560 2666 fauces
579 2633 696 2667 palmam
710 2632 757 2659 tibi
770 2633 879 2660 numina
895 2638 1052 2660 monstrant.

277 2684 304 2714 Is
315 2693 379 2713 vero
394 2693 442 2720 per
469 2686 601 2715 Isthmum
632 2689 757 2716 similiter
778 2689 928 2724 irruptione
944 2693 1056 2722 tentata,

277 2731 423 2766 pugnando
439 2732 574 2761 occubuit.
591 2733 659 2761 Tum
677 2734 768 2762 infelix
785 2734 920 2762 Temenus
935 2734 1056 2770 ejusdem

278 2778 351 2805 ﬁlius
375 2785 408 2805 eo
431 2778 632 2812 proficiscitur,
660 2787 692 2807 ex
724 2780 956 2807 iufortunatorum
973 2781 1058 2815 stirpe

277 2823 384 2854 tertius,
396 2823 442 2857 qui
453 2823 499 2850 libi
514 2824 606 2850 eadem
621 2832 680 2858 qua:
692 2825 883 2853 Aristomacbo
893 2826 962 2860 patri
977 2833 1053 2860 spon-

314 2928 327 2944 ι
345 2932 387 2957 1r.
404 2925 560 2958 mwaz’ﬁt.
598 2925 613 2945 ἓν
633 2924 676 2951 Ic.
695 2924 741 2951 ἐπὶ
756 2924 851 2959 τούτῳ.
890 2930 900 2945 ε
922 2925 964 2951 to".
983 2924 1096 2957 κούρων.

1111 2309 1243 2344 γήματος.
1275 2303 1354 2332 Οὗτοι
1384 2304 1437 2340 γάρ
1466 2302 1525 2329 ποθ’
1554 2297 1711 2338 ὡρμημένοι
1749 2299 1820 2327 κατὰ
1849 2299 1895 2326 τὸν

1118 2353 1234 2388 Ἰσθμὸν,
1258 2350 1391 2377 εἰσϐαλεῖν
1417 2349 1457 2380 εἰς
1483 2347 1702 2382 Πελοπόννησον,
1726 2345 1892 2381 ἐσφάλησαν.

1117 2399 1309 2435 Ἀριστόμαχος
1323 2395 1368 2423 οὖν
1394 2396 1409 2422 ὸ
1428 2394 1572 2431 Ἀριδαίου,
1594 2392 1702 2419 ἐπειδὰν
1722 2393 1736 2418 ὁ
1762 2391 1893 2428 Ἀριδαῖος

1111 2446 1248 2481 ἐτεθνήκει
1263 2445 1291 2471 ὲν
1303 2444 1336 2479 τῇ
1359 2442 1477 2477 εἰσϐολῇ,
1496 2441 1603 2476 ἔρχεται
1621 2439 1802 2474 ἀκουσόμενος
1819 2436 1894 2472 παρὰ

1112 2491 1159 2519 σοῦ
1175 2490 1238 2526 περὶ
1252 2490 1300 2524 τῆς
1310 2488 1368 2517 ὁδοῦ
1380 2497 1387 2503 ·
1408 2486 1538 2521 ἐπεθύμει
1550 2485 1577 2512 δὲ
1592 2484 1685 2520 ὥσπερ
1700 2484 1747 2511 καὶ
1762 2484 1777 2510 ὸ
1789 2482 1891 2518 πατήρ.

1111 2538 1147 2565 Σὺ
1160 2537 1181 2564 δ’
1194 2536 1267 2571 αὐτῷ
1281 2535 1367 2569 λέγεις
1376 2542 1382 2549 ·

1107 2633 1202 2666 Νίκην·
1214 2639 1263 2659 σοι
1276 2632 1417 2666 φαίνουσι
1429 2629 1487 2657 θεοὶ
1500 2629 1537 2656 δι’
1549 2627 1628 2656 ὁδοῖο
1639 2627 1819 2662 στενύπρωγ.

1107 2690 1162 2716 Καὶ
1178 2689 1207 2721 ὃς
1226 2689 1296 2715 κατὰ
1319 2688 1363 2715 τὸν
1388 2687 1492 2722 Ἰσθμὸν
1513 2686 1641 2721 ὥρμησεν
1659 2684 1817 2720 ἐπιχειρεῖν,
1842 2682 1889 2709 καὶ

1109 2736 1181 2771 μάχῃ
1197 2735 1317 2770 τελευτᾷ.
1333 2734 1432 2760 Τούτου
1445 2733 1472 2759 δὲ
1486 2732 1541 2764 υίὸς
1555 2731 1592 2758 ὢν
1604 2733 1618 2758 ό
1629 2731 1749 2767 Τήμενος
1761 2728 1887 2756 κακοδαί-

1109 2789 1176 2815 μων,
1186 2777 1252 2814 ἧκεν
1266 2780 1298 2805 ἐκ
1319 2778 1520 2813 κακοδαιμόνων
1533 2776 1636 2811 τρίτος·
1649 2776 1681 2802 οὺ
1691 2775 1713 2801 δ’
1728 2773 1801 2808 αὐτῷ
1816 2781 1888 2800 παρ-

1107 2826 1223 2861 εγγυᾷς,
1249 2825 1267 2852 ἃ
1292 2825 1339 2852 καὶ
1373 2823 1560 2859 Ἀριστομάχῳ
1578 2821 1616 2856 τῷ
1637 2821 1730 2856 πατρὶ,
1767 2819 1813 2846 καὶ
1839 2818 1890 2844 ὅσα
