2063 3211
253 134 303 160 567

347 215 353 220 .
374 196 446 222 nullo
462 203 511 222 non
525 200 638 229 tempore
652 197 752 230 passim

255 231 398 267 Cui-plum;
414 237 498 257 iumen
516 232 585 256 haud
603 239 716 266 unquam
732 232 878 259 decrescere
893 241 975 267 rtstts,

255 266 374 293 Aftcmis
390 273 500 301 augetur
511 267 597 300 aquis.

255 324 310 358 Ego
328 324 419 359 igitur,
438 329 466 351 ut
484 325 584 357 audivi,
604 325 734 351 continuo
750 324 866 352 stolidus
885 333 917 352 ac
937 333 1041 359 vecors,

253 371 288 396 ab
303 369 416 397 llurcule
432 378 500 396 vana
518 377 565 404 spe
581 369 671 396 inflari
685 370 742 405 ipse
760 379 870 406 quoque
884 379 916 399 ac
931 377 1042 407 propter

255 414 409 443 Trachinia:
437 423 547 447 nomen,
570 415 745 443 Hesiodicum
771 417 890 452 aliquem
915 417 1042 446 Herculei

254 465 325 491 horti
348 465 449 498 passim
472 463 651 497 germinantis
673 464 820 496 sudorem,
845 465 952 492 facilem
977 474 1042 494 vero

253 512 425 544 solutamque
446 511 538 542 vitam,
562 515 673 545 propter
687 510 809 538 florentis
832 511 904 539 horti
926 513 1042 539 mentio-

253 565 326 589 nem,
351 557 444 583 animo
468 556 618 583 somniare.
645 555 758 589 Deinde,
790 558 922 592 quaerenti
947 566 1041 593 porro,

252 611 317 631 num
335 611 413 638 opem
431 603 528 638 Superi
545 603 627 630 laturi
645 604 712 630 mihi
728 609 831 637 essent,
849 605 953 632 laturos
969 614 1041 633 unus

250 658 266 678 e
282 650 361 685 vulgo
381 651 461 677 etiam
478 649 658 685 jurejurando
673 651 857 678 conﬁrmavit.
874 652 955 680 Certo
968 654 1040 680 enim

252 698 327 724 sede
341 697 498 723 Callistrato
520 697 650 730 quodam,
672 701 825 725 mercatore
849 697 972 731 Pontico,
995 699 1040 733 qui

252 743 340 770 simile
359 743 408 770 abs
423 747 448 770 te
462 742 624 770 beneficium
641 743 799 777 accepisset,
817 744 946 772 audiisse.
964 744 1042 778 Quod

252 799 302 827 ego
319 796 466 826 postquam
483 791 590 824 rescivi,
609 798 691 826 quam
706 790 733 817 id
751 799 793 818 me
812 792 931 827 graviter
946 792 1041 820 tulisse

252 838 407 868 existimas,
421 844 484 864 cum
503 837 537 864 ab
551 844 584 864 eo
597 844 640 864 me
658 837 710 864 hac
730 838 904 871 possessione
931 838 1040 865 virtutis

252 888 415 918 occupatum
429 891 461 910 ac
475 887 634 917 superatum
649 884 787 917 putarem?
805 882 858 910 Sed
881 888 971 911 tamen
989 885 1042 911 hoc

253 931 280 957 in
298 931 429 957 molestia:
454 937 546 962 sensu,
564 929 591 956 in
606 934 784 956 mercatorem
804 930 886 957 istum
904 931 1042 965 inquirere

251 976 333 1010 cmpi,
348 983 412 1002 num
429 976 464 1002 ab
478 975 593 1003 llercule
609 975 737 1002 blandius
757 975 909 1010 aliquanto,
925 984 959 1004 ac
978 984 1042 1004 sua-

251 1023 313 1050 vius
330 1023 388 1057 ipse
411 1030 520 1056 quoque
535 1022 646 1050 habitus
668 1022 780 1049 fuisset:
801 1030 881 1056 quem
902 1031 953 1057 ego
973 1030 1042 1050 non-

259 1069 333 1095 nullo
358 1068 440 1095 etiam
462 1067 554 1095 labore
570 1068 672 1101 vexari,
697 1071 724 1094 et
741 1067 809 1094 lucri
827 1068 973 1102 cupiditate
991 1068 1042 1095 du-

257 1120 342 1146 ctum,
358 1115 511 1142 suaviorem
523 1114 643 1149 aliquam
656 1121 687 1141 ex
700 1122 732 1141 eo
747 1114 824 1141 lucro
834 1114 917 1141 vitam
931 1122 1042 1149 sperare

256 1161 430 1196 deprehendi.
449 1160 548 1193 Quare,
566 1168 629 1187 cum
647 1160 748 1188 nostris
764 1160 887 1195 geminas
907 1165 1042 1187 mercato-

254 1208 292 1235 ris
308 1207 388 1234 istius
403 1207 523 1233 rationes
538 1206 670 1238 viderem,
689 1211 715 1234 et
737 1207 876 1234 oraculum
896 1211 922 1234 et
939 1206 1041 1234 Hercu-

251 1253 305 1282 lem
320 1254 448 1287 deinceps
465 1252 555 1279 valere
572 1252 654 1287 jussi,
669 1252 810 1288 indignum
831 1257 907 1279 ratus
922 1252 1040 1279 similem

254 1301 369 1328 istorum
388 1299 479 1327 subire
493 1298 642 1332 fortunam,
666 1306 783 1334 quorum
809 1304 958 1333 praesentes
981 1299 1042 1334 qui-

253 1346 315 1373 dem
332 1345 451 1377 lahores,
466 1352 575 1372 mensas
589 1352 653 1372 vero
669 1352 721 1371 non
742 1344 791 1372 nisi
808 1352 855 1379 spe
871 1349 951 1371 tenus
964 1345 1040 1372 vide—

254 1400 321 1419 rem.
339 1391 372 1418 At
397 1391 532 1422 videlicet,
548 1399 637 1426 neque
663 1391 742 1421 latro.
768 1399 856 1426 neque
878 1391 967 1422 miles,
991 1398 1041 1418 nec

255 1442 369 1470 amator,
388 1445 438 1464 nec
459 1437 574 1470 amasia,
597 1445 685 1472 neque
708 1437 845 1468 adulator,
867 1444 955 1471 neque
976 1437 1041 1464 rhe-

253 1490 307 1516 tor,
328 1492 416 1518 neque
438 1484 605 1519 sycophanta
633 1491 712 1510 suum
749 1483 859 1518 aliquod
880 1491 934 1510 non
959 1482 1041 1510 habet

254 1531 405 1558 oraculum.
423 1529 490 1556 Nam
511 1535 542 1557 ut
565 1529 663 1564 cuique
686 1529 822 1564 cupiditas
837 1529 919 1561 inest,
941 1529 978 1556 ita
997 1529 1039 1556 vel

638 134 774 162 EUSEBH
795 135 1032 164 CASSARIENSIS
1045 136 1122 165 OPP.
1142 136 1234 165 PARS
1248 137 1281 165 ll.
1301 138 1551 168 APOLOGETICA.

1060 202 1083 230 A
1099 199 1167 226 Οὐδ’
1181 199 1337 231 ὀλιζοῦται,

1834 142 1887 170 368

1096 235 1215 268 Βέϐριθε
1234 235 1259 260 δ’
1273 235 1438 263 ὑδάτεσσιν
1453 236 1655 271 διηνεκὲσσιν.

1095 330 1151 357 Εἶτ’
1170 331 1225 365 ἐγὼ
1254 331 1373 362 ἀκούσας
1396 333 1410 358 ὁ
1436 332 1563 367 βάκηλος,
1590 333 1638 359 καὶ
1663 332 1744 364 αὐτὸς
1770 332 1822 360 ὑπὸ
1838 333 1886 360 τοῦ

1101 378 1250 412 Ἡρακλέος
1274 377 1423 414 ὲφυσήθην,
1453 379 1500 404 καὶ
1529 379 1576 405 τοῦ
1605 379 1769 415 Ἡρακληῖου
1795 381 1885 416 κήπου

1095 423 1236 455 θάλλοντος
1256 422 1402 450 Ἡσιόδειόν
1426 432 1484 449 τινα
1506 423 1560 459 (Ei-it)
1585 424 1763 460 ὀνειροπολῶν
1788 425 1885 461 ἱδρῶτα

1093 471 1136 498 διὰ
1149 472 1199 507 τὴν
1215 472 1347 507 Τραχῖνα,
1368 471 1415 498 καὶ
1439 471 1544 507 ῥηϊδίην
1568 471 1645 505 αὖθις
1668 473 1751 509 ζωὴν,
1776 474 1819 500 διὰ
1840 475 1886 501 τὸν

1094 517 1223 544 Οὰλλοντα
1237 517 1335 552 κῆπον.
1358 516 1424 545 Εἶτά
1443 527 1488 553 μοι
1507 519 1673 554 ἑπερομξνῳ,
1692 520 1718 546 εἴ
1732 529 1777 555 μοι
1792 520 1885 548 συναί-

1095 572 1185 600 ρονται
1198 564 1221 590 οἱ
1236 563 1304 596 θεοὶ,
1321 561 1361 595 εἷς
1375 573 1417 596 τις
1431 565 1462 591 ἐκ
1477 564 1530 591 τῶν
1547 565 1651 592 πολλῶν
1666 565 1750 600 λέγει,
1765 566 1885 602 ἐπομνύ-

1095 618 1173 645 μενος
1206 609 1306 641 αὐτοὺς
1345 610 1408 641 τοὺς
1439 610 1649 646 συναιρομένους
1673 611 1759 643 Θεούς·
1787 609 1805 647 ἦ
1832 613 1885 648 μὴν

1093 655 1157 690 περὶ
1173 660 1187 674 ι
1204 654 1250 681 σοῦ
1275 655 1421 690 ἀκηκοέναι
1435 656 1525 689 αὐτος,
1539 656 1617 682 τοῦτο
1635 656 1829 692 Καλλιστράτῳ
1843 658 1886 683 δε-

1092 701 1201 736 δομένον
1216 701 1337 737 Ποντικῷ
1353 711 1404 728 τινι
1421 703 1543 739 ἐμπόρῳ.
1565 702 1634 737 Ἐγὼ
1649 702 1704 735 οὖν,
1717 703 1754 735 ὡς
1769 704 1883 738 ἤκουσα,

1093 748 1150 780 πῶς
1168 748 1232 781 οἴει,
1252 748 1441 784 ἠγανάκτησα,
1462 749 1499 781 ὡς
1522 749 1554 785 δὴ
1580 750 1631 784 τῆς
1652 750 1752 785 ἀρετῆς
1777 750 1822 776 ὑπ’
1837 750 1886 776 αὐτ

1092 793 1138 820 τοῦ
1163 794 1415 829 ἀποστερούμενος
1438 794 1518 820 Ἀλλά
1541 795 1643 830 καίπερ
1659 795 1734 830 ὅμως
1753 795 1767 815 b
1788 794 1886 830 δυσφο-

1094 838 1148 873 ρῶν
1161 838 1370 874 άνεσκοπούμην
1381 839 1427 865 τὸν
1443 839 1572 875 ἔμπορον,
1587 839 1613 866 εἴ
1625 848 1650 866 τι
1666 842 1791 872 κάκεῖνος
1807 840 1886 867 ἐθάλ-

1094 882 1147 917 φθη
1167 882 1220 908 ὑπὸ
1238 882 1284 908 τοῦ
1308 883 1477 918 Ἡρακλέους
1488 892 1494 899 ·
1512 885 1636 918 ἐφαίνετο
1655 885 1686 921 δὴ
1699 884 1745 912 οὖν
1761 887 1885 917 κάκεῖνος

1093 929 1172 956 πόνον
1193 928 1254 956 τινὰ
1275 931 1376 962 πονεῖν,
1401 930 1448 956 καὶ
1470 930 1581 966 κέρδους
1601 931 1735 966 ἐφίεσθαι,
1760 931 1806 958 καὶ
1827 931 1885 966 βίον

1093 975 1153 1002 τινὰ
1175 976 1241 1010 ἡδὺν
1262 977 1294 1002 ἐκ
1315 975 1362 1002 τοῦ
1383 976 1495 1012 κέρδους
1513 976 1674 1013 προσδοκᾷν.
1697 977 1740 1009 Ὠς
1761 977 1782 1003 δ’
1803 978 1816 1003 ὁ
1833 977 1885 1012 ἔμ-

1093 1030 1186 1058 πορος,
1202 1021 1240 1053 ὼς
1263 1021 1329 1055 ἐγὼ,
1348 1022 1481 1056 ἐφαίνετο,
1500 1022 1550 1048 οὐκ
1564 1022 1605 1048 ἔτι
1627 1022 1671 1048 τὸν
1689 1022 1810 1057 χρησμὸν
1828 1022 1885 1049 ἑδε-

1093 1068 1190 1103 χόμην,
1205 1067 1264 1094 οὐδὲ
1278 1068 1323 1094 τὸν
1342 1067 1488 1103 Ἡρακλέα,
1506 1067 1564 1093 ἀλλ’
1577 1067 1709 1102 ἀπηξίουν
1727 1067 1781 1094 τῶν
1794 1067 1885 1095 αὐτῶν

1093 1115 1242 1147 κοινωνεῖν,
1255 1115 1296 1146 εις
1311 1122 1340 1140 τε
1359 1113 1422 1145 τοὺς
1439 1114 1575 1149 παρόντας
1597 1114 1695 1145 πόνους
1712 1114 1801 1141 αὐτῶν
1816 1114 1885 1141 ἀπο-

1093 1161 1209 1193 ϐλέπων,
1228 1160 1273 1188 καὶ
1285 1159 1334 1192 τὰς
1349 1161 1377 1186 ὲν
1391 1160 1478 1186 ἐλπίδι
1500 1160 1603 1194 φάτνας
1618 1159 1684 1195 (55).
1705 1160 1773 1186 Ἀλλ’
1791 1161 1844 1187 οὐδ’
1869 1162 1884 1188 ὁ

1093 1208 1194 1243 λῃστὴς
1215 1207 1327 1243 ἄμοιρος
1341 1207 1464 1242 ἐφαίνετο
1483 1207 1529 1234 τοῦ
1544 1206 1679 1242 χρησμοῦ,
1695 1207 1748 1233 οὐδ’
1762 1208 1775 1233 ὁ
1801 1215 1868 1241 πρά

1092 1253 1202 1289 τιώτης,
1223 1254 1277 1280 οὐδ’
1291 1253 1361 1288 ἐρῶν
1383 1253 1462 1288 ἀνὴρ,
1485 1253 1538 1287 οὐδ’
1559 1253 1649 1289 ἐρῶσα
1667 1253 1745 1288 γυνὴ,
1761 1253 1821 1279 οὐδὲ
1838 1253 1883 1279 κὸ-

1093 1300 1152 1333 λάξ,
1167 1300 1183 1335 ἢ
1201 1301 1302 1336 ῥήτωρ,
1316 1300 1333 1335 ἦ
1351 1300 1531 1335 συκοφάντης.
1553 1299 1675 1334 Ἐκάστῳ
1692 1299 1744 1334 γὰρ
1764 1299 1802 1330 ὼς
1824 1300 1881 1325 ἐτει-

1094 1344 1175 1380 θυμεῖ
1193 1344 1318 1380 ἡγεῖσθαι
1333 1345 1383 1379 μὲν
1404 1344 1450 1370 τὸν
1465 1344 1556 1376 πόνον,
1575 1343 1775 1380 προσδοκᾶσθαι
1791 1344 1818 1370 δὲ
1833 1343 1883 1379 τὴν

1093 1390 1271 1426 εὐφροσύνην.
1288 1400 1296 1416 ι
1320 1390 1412 1416 Ταῦτα
1435 1389 1589 1424 ἐκθέμενος,
1611 1390 1692 1421 εὐθὺς
1706 1389 1883 1416 ἐπισυνάπτει

1094 1435 1167 1471 ἑξῆς,
1183 1436 1221 1468 ὡς
1237 1436 1284 1463 καὶ
1301 1435 1426 1471 δεύτερον
1449 1437 1589 1471 ἐρωτήσας
1613 1436 1659 1461 καὶ
1683 1436 1784 1471 τρίτον,
1807 1435 1882 1462 οὐδὲν

1093 1483 1198 1514 εἰδότας
1211 1482 1281 1517 ἔγνω
1298 1483 1361 1514 τοὺς
1379 1481 1557 1517 θαυμασίους,
1572 1481 1644 1516 μόνῳ
1658 1481 1685 1507 δὲ
1703 1481 1742 1516 τῷ
1754 1482 1802 1517 τῆς
1817 1482 1884 1508 ἀσα-

1095 1528 1173 1563 φείας
1186 1529 1273 1564 σκότῳ
1287 1529 1336 1564 τὴν
1353 1527 1427 1562 σφῶν
1440 1528 1550 1562 ἄγνοιαν
1563 1527 1789 1563 ἑπικρύπτοντας.
1801 1527 1883 1562 Λέγει

254 1576 306 1603 sibi
330 1575 498 1603 laboriosum
523 1575 626 1609 aliquid
647 1575 796 1606 existimat,
815 1575 856 1601 vel
873 1574 975 1609 aliquid
991 1582 1039 1601 νο·
1054 1564 1075 1592 c
1091 1574 1115 1601 δ’
1132 1572 1191 1602 οὖν.

253 1618 366 1656 luptatis
380 1625 529 1656 exspectat.
548 1630 557 1647 ι
573 1620 676 1653 Quibus
711 1620 755 1647 ille
787 1620 1008 1648 commemoratis
1039 1621 1128 1656 pergit
1149 1621 1277 1655 deinceps
1295 1620 1448 1654 ostendere,
1482 1620 1711 1655 quemadmodum
1732 1621 1829 1648 iterum
1850 1627 1884 1648 a:

254 1669 337 1695 tertio
355 1667 496 1695 consultos
523 1666 571 1693 abs
589 1673 649 1693 sese
683 1672 755 1694 vates
786 1667 920 1701 egregios,
938 1667 1005 1694 nihil
1038 1668 1161 1694 omnium
1192 1674 1283 1700 nosse,
1309 1667 1355 1694 sed
1374 1671 1478 1694 tantum
1501 1666 1634 1694 orationis
1655 1667 1788 1702 ambigua:
1805 1673 1881 1694 tene-

254 1714 312 1742 bris
335 1713 515 1748 ignorautiam
540 1719 618 1739 suam
642 1713 781 1739 occultare
795 1713 966 1748 compererit.
985 1713 1031 1741 Sic
1051 1721 1116 1750 ergo
1129 1713 1261 1748 loquitur.

533 1756 647 1785 CAPUT
668 1757 762 1784 XXIII.

284 1817 398 1845 Eosdem
415 1817 545 1844 orationis
560 1815 677 1843 obscura-
694 1816 806 1842 tenebris
823 1816 1003 1850 ignorantiam

477 1859 554 1878 suam
569 1854 701 1878 occultare
715 1851 818 1878 solitos.

292 1920 300 1937 ‹
323 1910 391 1938 Cum
409 1911 465 1946 jam
489 1911 514 1938 in
537 1919 630 1943 cursu,
650 1911 747 1946 inquit,
771 1918 829 1937 mea
847 1911 1038 1938 mihivmerca-

252 1963 313 1985 tua
329 1962 410 1988 esset,
425 1957 545 1991 mihique
566 1961 670 1984 tantum
688 1957 771 1984 homo
795 1956 876 1991 215
899 1957 1038 1984 desidera-

254 2008 337 2034 retur,
354 2003 401 2036 qui
420 2003 492 2029 velut
509 2002 645 2036 hospitem
662 2001 694 2028 ad
716 2001 879 2036 sapientiam
895 2001 976 2028 ma'nu
990 2001 1039 2028 de-

252 2049 372 2080 duceret,
389 2055 438 2074 nec
453 2055 567 2082 usquam
586 2048 645 2081 ejus
667 2046 755 2074 facilis
771 2047 836 2074 mihi
851 2047 928 2082 copia
944 2047 1038 2080 fieret;

252 2095 375 2129 petebam
392 2093 439 2121 abs
460 2098 494 2124 te,
512 2093 551 2120 uti
573 2093 706 2127 ejusmodi
725 2101 835 2128 quoque
857 2093 977 2128 aliquem
995 2093 1040 2120 in-

253 2139 368 2166 dicares.
387 2138 426 2165 'l‘u
447 2146 512 2166 vero

252 2185 323 2218 Quid
345 2185 385 2212 ais
403 2184 508 2211 rerum?
529 2183 551 2211 si
567 2183 644 2211 fictor
669 2187 717 2211 aut
736 2184 824 2218 pictor
845 2191 905 2210 esse
929 2183 1034 2215 vellem,

251 2238 401 2265 earumque
413 2230 513 2257 artium
525 2231 671 2266 magistros
684 2237 844 2264 quaterem,
854 2229 956 2257 satisne
970 2229 1036 2256 mihi
1055 2219 1076 2246 ί)

253 2276 1037 2304 tunmisthue.............

253 2321 363 2348 audisse
377 2320 462 2347 foret?
477 2327 542 2348 num
559 2319 660 2355 potius,
676 2319 722 2353 qui
738 2318 778 2345 sic
801 2318 868 2345 mihi
891 2317 1039 2351 responde-

252 2371 304 2398 ret.
322 2374 384 2394 eum
406 2366 497 2393 furere
517 2365 650 2393 dicerem?
667 2364 766 2392 Verum
786 2365 812 2392 id
835 2363 944 2398 assequi
970 2362 1040 2389 forte

280 2429 300 2443 'l
321 2423 362 2450 ῖσ.
380 2423 463 2459 παρά.
504 2422 518 2442 b
538 2421 580 2448 Ϊσ.
597 2420 691 2452 οὕτως.

270 2479 345 2539 _(3-’tl)
370 2479 620 2506 Ἡσιόδειόντινα.
641 2477 816 2504 Tralatitium
840 2475 904 2502 illud
929 2474 1039 2502 Hesiodi

270 2523 323 2539 tam
337 2516 389 2539 icat
401 2523 408 2539 :

253 2516 389 2553 sisni'jset
401 2523 408 2540 =

256 2546 308 2582 Τῆς
326 2548 351 2574 δ’
364 2549 470 2583 ἀρετῆς
481 2549 586 2583 ἱδρῶτα
599 2548 658 2575 θεοὶ
672 2546 869 2583 προπάρῳθεν
876 2546 988 2583 ἔθηκαν

259 2580 407 2610 Ἀθάνατοι
416 2592 422 2598 “
433 2580 546 2618 μὰκρὸς
557 2583 600 2616 δὲ,
612 2583 662 2610 καὶ
675 2580 771 2618 ὄρθιος
781 2580 865 2618 οἶμος
875 2581 921 2607 ἐπ’
930 2580 1038 2618 αὐτὴν,

254 2619 307 2645 Καὶ
328 2617 439 2652 τρηχῖιρ
448 2619 481 2645 τὸ
493 2617 623 2652 πρῶτον·
639 2618 718 2651 ἐπὴν
731 2617 756 2643 δ’
768 2618 811 2649 εἰς
822 2617 915 2652 ἄκρον
930 2617 1038 2649 ἵκηται,

259 2653 372 2686 Ῥηῖδίη
383 2651 413 2679 δ’
426 2651 540 2680 clastra
554 2654 647 2684 πέλει,
663 2652 780 2687 χαλεπή
793 2660 849 2684 περ
863 2651 967 2678 ἐοῦσα.

254 2687 340 2715 Porro
366 2689 428 2714 hinc
454 2689 533 2715 etiam
559 2689 652 2722 liquet,
669 2689 810 2722 legendum
826 2688 959 2722 Τραχῖνα,
976 2693 1040 2712 cum

254 2731 286 2750 ex
301 2725 352 2750 hoc
369 2723 488 2758 nomine.
505 2723 590 2758 τραχύ
608 2729 634 2750 et
647 2730 774 2757 asperum
787 2722 890 2756 aliquid
912 2725 1038 2758 sonante,

254 2759 328 2785 illum
352 2757 509 2785 (Enontaus
523 2756 640 2786 'llcSiodi
664 2756 803 2789 sudorem,
819 2758 865 2784 καὶ
881 2756 982 2792 τρυχὴν
997 2756 1039 2781 οἱ-

255 2802 304 2828 μον
321 2794 499 2828 ominaretur.

288 2829 343 2858 (55-)
359 2827 490 2860 ’Φάτναςκ
514 2827 618 2854 Mensas
642 2829 752 2855 reddere
773 2828 855 2854 malui
871 2834 953 2861 quam
980 2831 1038 2852 sla-

254 2863 314 2890 bulu
328 2864 366 2890 vel
379 2864 517 2898 pl’d’a’ﬂpiﬂ.
534 2862 661 2898 llesycli.,
676 2863 772 2898 ρίὶῖνη
783 2872 789 2877 '
812 2863 857 2889 καὶ
874 2863 889 2898 ἡ
904 2862 1037 2898 τράπεζα,

1349 1759 1546 1786 ΚΕΦΑΛΑΙΟΝ
1555 1771 1558 1774 λ
1567 1759 1629 1786 KI‘.

1095 1818 1155 1844 "Ou
1172 1817 1211 1850 τῷ
1225 1817 1280 1852 τῆς
1294 1818 1443 1852 ἀσαφείας
1456 1819 1555 1849 σκότῳ
1574 1817 1633 1852 τὴν
1653 1818 1740 1853 σφῶν
1759 1817 1884 1853 ἄγνοιαν

1361 1853 1608 1886 ἐπικρύπτουσιν.

1130 1918 1139 1934 ι
1161 1909 1236 1935 Ἐπεὶ
1249 1909 1278 1935 δέ
1295 1918 1339 1944 μοι
1354 1909 1387 1936 τὰ
1403 1909 1453 1944 τῆς
1472 1909 1606 1945 ἐμπορίας
1621 1909 1669 1945 ἤδη
1687 1909 1741 1946 πρὸ
1761 1909 1820 1936 ὁδοῦ
1835 1907 1880 1946 ἦν,
1899 1908 1905 1912 ’

1091 1955 1187 1990 ἀνδρὸς
1201 1955 1228 1981 δὲ
1249 1955 1302 1981 ἔδει
1325 1955 1371 1981 τοῦ
1395 1955 1631 1990 ξεναγωγήσοντος
1644 1955 1690 1981 ἐπὶ
1705 1955 1754 1990 τὴν
1775 1955 1880 1989 σοφίαν,

1092 1999 1192 2034 ἄπορος
1209 1999 1237 2025 δὲ
1254 1999 1377 2033 ἐφαίνετο
1387 1996 1474 2030 οὗτος,
1491 1999 1519 2024 σὲ
1536 1998 1647 2034 ἐδεόμην
1663 1999 1709 2025 καὶ
1725 1998 1818 2025 τούτου
1833 2007 1881 2034 γε·

1091 2045 1184 2072 νέσϐαι
1198 2045 1346 2080 ἑνδείκτην,
1357 2045 1407 2072 Ἔν
1421 2053 1450 2071 τε
1461 2046 1544 2071 τοῖσιν
1559 2044 1731 2072 εὐπελέεσσιν
1744 2045 1809 2080 (56),
1823 2065 1831 2072 .
1872 2065 1879 2073 .

1138 2156 1146 2163 .
1187 2156 1193 2162 .
1209 2136 1248 2171 ἡδ’
1270 2137 1396 2171 Ἀχαιοῖς,
1415 2135 1495 2171 χρέος
1509 2137 1628 2172 ϐήσεται.
1641 2136 1677 2162 Τὸ
1690 2136 1713 2162 δ’
1726 2138 1880 2172 ὲκτεκμαρ-

1091 2181 1133 2209 οὲν
1146 2182 1205 2208 οὐδὲ
1225 2182 1321 2217 μικρὸν
1337 2182 1427 2214 ἕξεται
1440 2182 1507 2217 (57).
1523 2183 1555 2209 Τί
1570 2182 1640 2217 φῆςς
1652 2183 1676 2209 εἰ
1689 2182 1712 2209 δ’
1725 2183 1880 2218 ἀγαλματο-

1090 2227 1165 2258 ποιός
1182 2237 1223 2258 τις
1238 2228 1254 2263 ἢ
1270 2228 1414 2263 ζωγράφος
1426 2228 1578 2263 ἐπεθύμουν
1595 2228 1729 2262 γενέσθαι,
1743 2229 1789 2255 καὶ
1805 2229 1878 2255 διδα-

1091 2273 1205 2305 σκάλους
1223 2273 1343 2309 ἐζήτουν,
1359 2272 1413 2310 ἆρά
1429 2284 1473 2310 μοι
1486 2275 1565 2310 ἢρκει
1576 2275 1700 2307 ἀκοῦσαι,
1718 2276 1766 2301 Ἐν
1779 2283 1807 2301 τε
1823 2276 1878 2302 τοῖ-

1091 2326 1133 2344 σιν
1150 2319 1339 2352 εὐπελέεσσιν;
1354 2319 1410 2346 ἀλλ’
1425 2320 1474 2346 οὐκ
1485 2319 1517 2346 ἂν
1529 2320 1671 2355 μαίνεσθαι
1687 2319 1762 2347 εἶπον
1773 2320 1817 2347 τὸν
1831 2320 1876 2347 λέ-

1090 2371 1189 2398 γοντα;
1222 2364 1300 2390 Ἀλλᾶ
1320 2364 1397 2391 τοῦτο
1416 2365 1465 2400 μὲν
1484 2365 1550 2396 ἴσως
1561 2366 1609 2400 οὑχ
1627 2365 1716 2397 ἱκανὸς
1729 2363 1753 2392 εἶ
1766 2366 1876 2399 εἰδέναι,

1091 2477 1139 2512 καὶ
1158 2477 1175 2512 ἡ
1190 2476 1243 2502 τῶν
1257 2476 1373 2511 κτηνῶν,
1397 2478 1443 2504 καὶ
1459 2477 1522 2503 εἴτι
1539 2477 1592 2503 τῶν
1604 2476 1750 2512 κτοιούτων.
1774 2476 1874 2505 Eadem

1092 2511 1190 2548 Suidas
1213 2512 1303 2542 habet,
1317 2513 1424 2548 tametsi
1441 2513 1513 2547 quod
1539 2513 1575 2538 ait
1597 2511 1764 2548 (Enomaus,
1781 2520 1877 2548 παροι-

1093 2546 1190 2582 μιῶδές
1201 2555 1227 2572 τι
1241 2554 1342 2582 ρνιενεο
1364 2546 1487 2579 [ει-τοίω
1510 2555 1595 2582 equos
1622 2547 1702 2581 longo
1728 2546 1876 2575 fessos'iti-

1091 2581 1165 2612 nere,
1180 2586 1207 2609 et
1221 2581 1318 2608 stabuli
1333 2582 1450 2615 quietem
1465 2590 1497 2610 ac
1513 2583 1640 2617 pabulum
1656 2582 1817 2610 anhelantes
1832 2591 1875 2610 re-

1091 2617 1195 2652 spicere
1210 2617 1341 2643 videatur.

1126 2651 1181 2683 (56)
1205 2652 1257 2677 Ἐν
1275 2660 1307 2677 τε
1320 2651 1417 2679 τοῖσιν
1438 2653 1540 2679 simul.
1561 2651 1598 2677 Ad
1621 2651 1799 2686 supplendum
1823 2652 1875 2681 hoc

1091 2686 1242 2714 oraculum.
1255 2694 1331 2721 ropus
1346 2687 1380 2714 sit
1394 2688 1454 2721 plus
1470 2695 1551 2721 quam
1566 2686 1680 2721 UEdipo.

1127 2721 1183 2756 {57)
1206 2720 1281 2747 Οὐδὲ
1294 2720 1402 2756 μικρὸν
1420 2720 1527 2754 ἕξεται.
1549 2721 1568 2747 Ε
1583 2720 1720 2748 matinscr.
1735 2721 1811 2755 alter,
1827 2722 1874 2749 οὑ-

1090 2756 1118 2782 δέ
1143 2765 1187 2790 μιν
1214 2756 1410 2791 σκομφύξεται,
1427 2763 1452 2784 et
1465 2765 1556 2791 supra,
1572 2756 1774 2817 σκομὲιέζεται.
1788 2758 1872 2790 Alter,

1090 2791 1149 2817 οὐδὲ
1176 2791 1226 2817 μὴν
1249 2791 1456 2817 σκομςουέῖεται.
1473 2792 1598 2817 Μοιιιιιο..
1614 2791 1644 2817 οὐ
1662 2791 1675 2817 ὲ
1698 2791 1762 2817 ιιίαν
1788 2800 1871 2817 axon-

1090 2791 1150 2827 οὐδε
1175 2791 1226 2826 μὴν
1249 2791 1456 2826 σκομφυέζεται.
1473 2792 1598 2823 Motuum,
1614 2791 1762 2827 οὐδε-μίαν
1788 2800 1871 2827 σκομσ

1092 2825 1228 2860 φυέζεται,
1243 2831 1271 2853 et
1282 2825 1308 2852 in
1324 2828 1455 2862 margine,
1470 2826 1655 2862 σκομφίζεται.
1670 2825 1762 2860 Multa,
1776 2831 1802 2854 ct
1815 2825 1872 2854 ma-

1093 2862 1127 2895 la,
1144 2861 1190 2887 καὶ
1201 2861 1276 2888 οὐδὲν
1289 2862 1372 2896 ὑγιές.
