2063 3211
181 183 228 211 59.1

767 176 926 206 PRIEPAH.
949 175 1072 205 EV’ANG.
1094 175 1156 204 LIB.
1180 175 1212 208 γ.

1751 176 1803 203 5θῖ

181 242 308 274 Ἐξοχος
319 239 474 267 ἀθανάτων
484 239 553 272 ὄνος
566 239 666 274 ἄγφιος
676 259 682 269 ,
701 239 736 264 ab
756 237 944 274 Κλεομήδης,

1024 237 1151 274 haurimus
1166 237 1207 263 hic
1220 244 1316 274 onager
1333 244 1465 274 superum,
1479 243 1535 274 novt
1542 235 1600 269 jam
1616 234 1778 267 Cleomedex,

183 279 231 303 ὀν
243 273 367 309 Obviam
380 274 472 310 τιμᾶθ’
492 276 531 308 ὡς
546 273 600 301 οὐκ
618 275 661 301 ἐτι
676 273 786 306 θνητὸν
797 273 895 299 ἐόντα.

181 334 223 369 Μὴ
237 333 292 369 γὰρ
309 333 341 369 δὴ
363 333 515 368 θαυμάσῃς,
535 333 558 359 εἱ
576 333 622 358 καὶ⁸
640 332 754 367 ἧναγρος
781 330 968 357 ἐπιδικάσεται

181 380 346 411 ἀθανασίας,
366 379 463 411 ἱκανῶς
473 378 506 405 τὰ
531 377 588 404 θεῖα
613 376 905 413 παρασκευασάμενος·
922 376 969 403 καὶ

180 426 301 458 ἀκούσας
314 425 351 461 μὴ
365 425 528 460 ἀνασχέσθαι
546 430 570 455 ﬂ,
583 423 640 451 ἀλλ’
653 423 800 458 ἀπειλῆσαι
817 422 831 442 5
852 422 899 449 κα)¹
921 421 970 448 αὺ-

181 473 226 499 τὸν
250 472 296 498 τὸν
322 471 466 507 Κλεομήδη
483 470 606 503 πατάξας
624 471 664 501 εἰς
680 469 710 495 τὸ
727 469 863 506 βάραθρον
885 468 971 504 ὲμδα-

181 518 248 550 λείν,
266 518 320 546 καὶ
333 518 385 546 οὐκ
407 519 566 555 ἐπιτρέψειν
577 516 651 553 αὺτῷ
663 518 703 548 είς
715 515 761 543 τὸν
772 515 884 551 οὺρανδν
906 515 970 541 ἀνα-

183 566 263 600 εῆναι
275 574 281 580 ·
297 563 366 593 εἶναι
383 564 437 601 γὰρ
452 564 534 592 αὐτοῦ
551 563 696 599 ἀξιώτερος
714 562 804 590 αὐτῶν
825 561 879 588 τῶν
891 561 970 588 θείων

181 611 287 647 δώρων,
310 611 356 638 ac;
373 612 442 646 μήτε
456 609 530 646 αὐτῷ
543 610 614 645 μόνῳ
634 610 744 644 ἕτοιμος
765 607 803 634 ὢν
826 606 969 642 μάχεσθαι,

183 659 235 686 κᾶν
248 660 272 685 εί
287 658 405 693 σιδηροῖς
421 656 511 693 χρῷτο
522 658 578 688 τοῖς
592 656 696 691 ἱμᾶσιν,
712 655 781 682 ἀλλὰ
797 654 845 681 καὶ
863 653 902 688 τῷ
917 653 972 680 Θα-

184 706 235 740 σίῳ
247 705 336 739 πύκτῃ
347 703 399 739 (56)
413 703 471 738 ἅμα
484 702 658 738 ἀμφοτέροις,
671 702 741 737 ὑπὲρ
751 698 781 729 οὗ
791 701 838 727 τοῦ
848 701 972 736 ἀνδριάν-

184 760 230 783 τος
239 751 412 786 ἐχαλέπηναν
427 750 452 776 οἱ
468 749 534 781 θεοὶ,
548 749 595 775 καὶ
607 749 656 784 τὴν
675 748 783 775 Θασίων
800 747 853 782 γῆν
872 747 972 782 ἄφορον

184 798 357 833 εἰργάσαντο.
373 795 541 831 Πιστεύομεν
551 795 579 821 δὲ
593 795 642 821 καὶ
657 795 721 830 περὶ
742 793 838 820 τούτου
854 792 904 819 οὐκ
927 793 973 818 ἀνι

185 843 304 879 θρώπῳ,
324 842 391 869 ἀλλὰ
421 841 473 877 θεῷ
492 841 531 876 τῷ
548 841 633 877 αὐτῷ.
656 841 701 873 ἘΞ
714 838 751 867 ὧν
767 840 822 875 ἐγὼ
843 841 889 866 καὶ
903 839 973 866 πάνυ

185 889 347 924 κατενόησα,
359 889 399 914 ὅτι
408 888 477 914 θεῖόν
488 888 577 923 τιάρα
587 885 621 922 ἦν
631 887 799 922 ἐπιτήδευμα
811 887 828 922 ἡ
843 887 972 921 πυκτική⁸

1018 272 1141 298 Divinum
1156 281 1171 298 a
1185 273 1255 298 vobis
1270 273 1339 306 [erat
1353 271 1511 298 immortalis
1526 271 1660 297 honorem.

1018 328 1111 363 Neque
1125 335 1189 356 vero
1205 328 1305 355 mirum
1317 328 1364 355 tibi
1379 328 1503 355 videatur
1515 349 1522 360 ,
1541 327 1614 362 quod
1636 328 1800 356 immortali-

1019 379 1101 402 tatem
1125 375 1178 402 sibi
1194 383 1295 410 onager
1312 383 1362 402 suo
1387 374 1464 409 quasi
1482 374 1544 408 jure
1564 374 1733 408 vindicaret,
1751 380 1804 403 tam

1019 422 1089 450 belle
1103 421 1184 449 rebus
1199 421 1351 456 opibusque
1367 420 1467 448 divinis
1482 420 1648 448 instructus:
1675 420 1803 455 quodque

1021 468 1066 495 ubi
1082 472 1173 495 vestro
1186 468 1219 494 de
1235 467 1349 495 consilio
1365 465 1466 500 aliquid
1484 465 1644 499 inaudisset,
1664 465 1809 501 impatiens

1021 514 1137 549 injuriae,
1156 514 1278 541 futurum
1293 513 1453 546 minaretur,
1470 513 1509 539 uti
1523 513 1695 540 Cleomedem
1719 512 1806 547 ipsum

1022 561 1048 588 in
1078 560 1235 595 voraginem
1271 560 1393 587 calcibus
1417 564 1560 586 contusum
1592 559 1730 593 dejiceret,
1759 566 1809 586 nec

1021 607 1097 634 illum
1117 613 1238 641 unquam
1266 606 1292 632 in
1314 606 1413 633 coelum
1441 605 1625 633 conscendere
1647 609 1806 639 pateretur:

1022 653 1073 680 sibi
1089 653 1161 679 enim
1182 652 1285 686 justius
1300 659 1382 686 quam
1399 651 1451 686 ipsi
1468 651 1558 678 divina
1575 651 1618 677 illa
1634 659 1747 679 munera
1761 652 1809 679 dc-

1023 698 1079 725 beri
1100 697 1276 724 contenderet
1291 705 1298 729 ;
1315 696 1415 731 quippe
1433 696 1479 730 qui
1494 703 1548 722 non
1569 703 1631 723 cum
1648 703 1681 723 eo
1697 697 1785 723 solum
1801 715 1809 727 .

1024 744 1131 771 tametsi
1157 743 1252 770 ferreis
1274 742 1401 770 caestibus
1423 746 1545 768 uteretur
1558 763 1565 775 ,
1590 749 1683 769 verum
1700 748 1727 769 et
1746 750 1809 769 cum

1023 790 1108 817 altero
1130 789 1212 816 simul
1226 789 1317 824 pugile
1343 787 1444 814 Thasio
1469 795 1589 822 pugnare
1613 792 1723 822 posset:
1743 788 1809 820 illo,

1024 836 1148 870 inquam,
1161 834 1272 867 Thasio,
1287 834 1366 869 cujus
1379 834 1414 860 ob
1429 837 1546 860 statuam
1560 834 1689 860 commoti
1701 834 1810 868 gravius

1025 883 1125 917 superi.
1141 882 1181 909 uti
1198 882 1276 909 (idem
1292 889 1346 908 non
1362 881 1446 908 homo
1461 880 1556 907 nescio
1573 880 1634 914 quis
1648 900 1655 912 .
1672 881 1718 907 sed
1739 881 1809 908 idem

185 936 250 967 τοὺς
261 934 289 961 δὲ
304 935 418 966 πολλοὺς
431 934 480 960 καὶ
489 933 628 968 οἰομένους
642 930 711 960 εἶναι
726 934 825 967 σοφοὺς
841 932 972 967 ἐλελήθει·

1024 929 1081 962 ipse
1104 927 1175 955 Deus
1195 926 1270 958 facit,
1288 925 1452 953 Thasiorum
1468 925 1533 953 olim
1549 932 1644 960 agrum
1670 925 1811 952 sterilitate

187 981 232 1013 ἶν’,
247 980 377 1016 ἀφέμενοι
393 979 441 1005 τοῦ
453 979 530 1006 καλοὶ
550 979 665 1013 κάγαθοὶ
680 977 765 1010 εἶναι,
783 978 884 1013 ἣσκουν
904 977 974 1004 αὐτὰ

185 1026 234 1053 τοῦ
251 1026 352 1052 Θασίου
364 1025 466 1051 πύκτου
476 1034 483 1040 ·
500 1021 522 1058 ᾧ
536 1024 685 1052 ἀθανασίαν
702 1025 762 1060 μὲν,
773 1024 868 1059 ὥσπερ
890 1024 974 1051 Κλεο-

189 1072 280 1109 mea.
299 1073 348 1098 οὐκ
372 1072 485 1104 ἔδωκαν,
514 1071 646 1106 ἐφίλησαν
666 1071 695 1097 δὲ
720 1071 846 1106 μεγάλως
864 1071 887 1096 οἱ
907 1070 970 1097 θεοί.

188 1119 269 1146 οὕτω
278 1118 325 1144 καὶ
339 1119 354 1144 ὁ
367 1117 479 1153 χάλκεος
488 1117 568 1144 αὑτοῦ
583 1117 694 1152 ἀνδριὰς
708 1116 791 1148 ἐδειξέ
801 1125 827 1142 τι
842 1116 912 1151 ὑπὲρ
924 1115 974 1147 τὰς

186 1165 242 1191 τῶν
256 1164 343 1192 ἄλλων
358 1164 507 1199 ἀνθρώπων
518 1164 634 1195 εἰκόνας,
647 1162 864 1198 ἐπικατενεχθεὶς
874 1161 912 1197 τῷ
924 1170 974 1196 μα-

188 1211 324 1247 στιγοῦν-ιι
338 1210 437 1247 ἐχθρῷ,
451 1210 523 1238 κατά
534 1218 605 1241 τινα,
620 1210 657 1241 ὡς
674 1209 755 1241 1ἔοικε,
771 1207 910 1244 δαιμονίαν
928 1207 974 1242 μέ-

189 1266 298 1294 ριμναν.
323 1257 391 1283 Ἀλλ’
407 1258 432 1283 οἱ
446 1257 561 1292 ἄφρονες
574 1256 678 1287 Θάσιοι,
693 1255 740 1282 καὶ
763 1253 843 1280 θείων
867 1253 974 1288 ἄπειροι

188 1303 359 1339 πραγμάτιον
371 1322 378 1335 ,
400 1302 593 1338 ἠγανάκτησαν
611 1310 650 1334 τε,
665 1301 712 1327 καὶ
726 1300 791 1334 ἄγος
805 1299 974 1326 ἐπεκάλεσαν

186 1349 227 1385 τῷ
241 1349 389 1386 ἀνδριάντι,
406 1349 452 1375 καὶ
464 1348 540 1382 δίκην
551 1346 754 1382 εἰσεπράξαντο,
763 1346 811 1372 καὶ
827 1345 975 1372 καταδῦσαι

187 1395 341 1430 ἐτόλμησαν
355 1395 394 1426 εις
410 1394 458 1429 τὴν
473 1394 617 1421 θάλασσαν.
634 1393 670 1419 Οὺ
690 1392 740 1428 μὴν
757 1391 882 1425 διέφυγον
901 1399 933 1425 γε
950 1391 975 1416 οἱ

187 1441 294 1472 Θάσιοι,
312 1440 368 1467 ἀλλ’
381 1441 404 1466 οἱ
416 1439 471 1466 Gaul.
481 1439 601 1470 ἐδίδαξαν
621 1438 712 1473 ἡλίκον
727 1437 810 1464 κακὸν
828 1437 872 1463 ὑπ’
887 1435 975 1463 αὐτῶν

188 1487 324 1523 ἐτολμήθη
336 1507 343 1519 ,
359 1486 436 1521 λιμὸν
454 1485 658 1520 ἐπιπέμψαντες
678 1484 723 1510 τὸν
738 1482 786 1518 τῆς
807 1483 880 1514 θείας
899 1482 977 1516 δίκης

187 1533 330 1560 διάκονον·
345 1532 375 1564 ὃς
391 1531 491 1564 ἐδίδαξε
508 1531 585 1566 μόλις
602 1531 698 1561 αὐτοὺς
711 1529 744 1556 τὰ
762 1529 816 1555 τῶν
830 1528 898 1554 θεῶν
914 1528 977 1562 βου-

188 1579 313 1614 λεύματα
323 1598 330 1611 ,
346 1578 400 1610 ὅτε,
415 1577 670 1612 φιλανθρωπότατος
686 1575 753 1602 θεῶν
771 1575 802 1600 σὺ
823 1574 862 1609 τῷ
885 1573 976 1608 οἰκείῳ

187 1625 292 1661 τρόπῳ,
308 1623 357 1659 τὴν
373 1623 496 1658 βοήθειαν
511 1622 600 1652 αὐτοῖς
620 1619 754 1656 ἔπεμψας,
767 1620 853 1653 λέγων
863 1627 870 1634 ·

1024 973 1198 1000 danmarunt.
1222 971 1261 998 Ex
1277 971 1376 1006 quibus
1399 978 1472 998 nunc
1491 970 1600 998 demum
1618 970 1754 1004 intelligo,
1769 969 1810 996 di-

1024 1020 1117 1047 vinum
1133 1019 1213 1054 plane
1229 1018 1332 1053 aliquid
1345 1025 1406 1044 esse
1420 1017 1569 1052 pugilatum
1581 1024 1588 1044 :
1600 1016 1625 1043 id
1636 1016 1707 1051 quod
1720 1017 1811 1044 videre

1024 1073 1180 1100 nunquam,
1197 1064 1239 1091 vel
1254 1071 1347 1091 eorum
1358 1084 1365 1096 ,
1383 1063 1429 1098 qui
1443 1070 1472 1089 se
1496 1062 1632 1096 sapientes
1647 1061 1726 1097 vulgo
1742 1069 1811 1096 pra:-

1024 1111 1162 1144 dicabant,
1180 1110 1302 1144 plerique
1317 1113 1439 1143 potuere.
1454 1108 1549 1141 Secus,
1567 1108 1678 1135 omissis
1693 1108 1731 1135 illi
1747 1116 1812 1143 pro-

1025 1157 1096 1184 fecto
1122 1155 1228 1183 honesti
1252 1155 1372 1189 rectique
1398 1153 1515 1186 studiis,
1540 1152 1574 1180 ad
1599 1152 1691 1181 Thasii
1713 1154 1812 1189 pngilis

1026 1200 1396 1235 imitationemadhaasissent.
1411 1199 1477 1226 Nam
1488 1203 1517 1225 ut
1528 1207 1590 1226 eum
1606 1199 1812 1234 superi,quem-

1025 1248 1171 1276 admodum
1187 1247 1369 1279 Cleomedem,
1388 1245 1591 1272 immortalitate
1605 1253 1658 1272 non
1673 1245 1811 1277 donarinl,

1026 1295 1161 1332 praecipuo
1173 1299 1262 1322 tamen
1279 1300 1372 1321 amore
1388 1292 1524 1328 prosecuti
1543 1296 1616 1318 sunt.
1640 1291 1729 1327 Usque
1744 1292 1812 1319 adeo

1027 1341 1164 1377 singulare
1191 1339 1320 1374 quiddam
1336 1359 1344 1371 ,
1373 1345 1455 1371 supra
1485 1341 1644 1364 caeterorum
1671 1337 1810 1364 hominum

1027 1386 1170 1421 imagines,
1184 1391 1288 1412 :cneum
1310 1383 1369 1416 eius
1385 1382 1562 1409 simulacrum
1588 1380 1724 1410 ostendit.
1749 1387 1811 1406 cum

1027 1434 1053 1460 in
1068 1436 1148 1467 caput
1169 1429 1291 1462 inimici,
1316 1436 1331 1455 a
1349 1436 1404 1463 quo
1421 1432 1477 1454 tum
1503 1426 1610 1461 ﬂagello
1633 1426 1792 1460 pulsabatur
1804 1445 1811 1457 ,

1027 1480 1138 1511 repente
1161 1475 1279 1506 cecidit,
1302 1481 1357 1501 non
1382 1473 1441 1500 sine
1454 1472 1547 1499 divino
1561 1491 1568 1502 ,
1591 1471 1630 1498 uti
1651 1471 1737 1498 visum
1751 1476 1810 1498 est.

1028 1522 1153 1551 consilio.
1171 1522 1206 1548 At
1224 1521 1363 1548 enimvero
1377 1518 1505 1546 vecordes
1521 1517 1625 1550 Thasii,
1644 1522 1671 1544 et
1686 1517 1712 1543 in
1732 1515 1812 1542 rebus

1028 1569 1128 1596 divinis
1142 1567 1287 1602 peregrini,
1304 1573 1397 1593 casum
1421 1564 1516 1599 iniquo
1543 1563 1613 1590 ferre
1628 1562 1720 1589 animo
1733 1581 1740 1593 ,
1755 1561 1812 1596 pia-

991 1614 1011 1642 C
1027 1615 1081 1643 culi
1103 1611 1281 1642 simulacrum
1301 1617 1440 1638 arcessere
1453 1629 1461 1641 ,
1486 1616 1580 1644 poenas
1602 1612 1723 1642 repetere
1735 1626 1743 1637 ,
1761 1614 1812 1641 po-

189 1676 293 1699 stremo
307 1671 335 1698 in
349 1678 423 1697 mare
437 1669 577 1704 projicere.
604 1667 727 1699 Frustra.
744 1666 813 1693 nihil
832 1666 903 1693 enim
938 1668 1070 1700 egerunt:
1088 1663 1153 1693 imo,
1165 1667 1247 1695 quam
1272 1666 1332 1686 sese
1359 1657 1433 1693 gravi
1467 1657 1569 1684 scelere
1583 1655 1792 1683 obstrinxissent
1804 1673 1812 1685 ,

189 1713 263 1744 fame
291 1715 464 1751 postmodum
482 1714 594 1750 justitize
608 1713 706 1740 divinae
722 1712 894 1743 administra,
913 1718 1007 1738 eorum
1026 1709 1052 1735 in
1073 1707 1210 1742 regionem
1236 1704 1371 1736 immissa,
1385 1703 1477 1738 superi
1501 1703 1628 1730 docuere.
1649 1700 1812 1734 Quanquam

190 1766 235 1792 vix
258 1765 298 1792 illi
318 1765 399 1792 etiam
420 1768 476 1790 tum
498 1762 617 1790 divinam
653 1768 800 1795 agnoscere
822 1760 987 1787 voluntatem
1023 1759 1180 1792 potuerunt.
1211 1755 1304 1788 Itaque
1333 1757 1361 1779 tu
1387 1752 1432 1779 ille
1455 1751 1568 1779 deorum
1596 1749 1813 1777 humanissimus

190 1819 271 1848 opem
282 1819 359 1839 more
373 1814 419 1837 tuo
431 1808 634 1837 consulentibus
647 1807 744 1840 tulisti,
762 1807 813 1833 hoc
823 1804 975 1833 versiculo:

189 1873 240 1906 Εῑς
250 1871 366 1906 πάτρην
378 1871 512 1906 φυγάδας
526 1869 660 1905 κατάγων
669 1868 825 1902 Δήμητραν
836 1866 972 1902 ἀμήσεις.

195 1948 266 1975 Ἀλλ’
277 1949 302 1974 ot
314 1948 453 1982 ἀϐέλτεροι
469 1946 548 1973 πάλιν
571 1947 632 1977 τοὺς
646 1946 795 1980 φεύγοντας
817 1943 976 1980 ἀνθρώπους

191 1994 285 2030 ᾤοντο,
301 1994 342 2020 ὃτι
354 1993 394 2019 δεῖ
407 1993 503 2023 αὐτοὺς
514 1991 689 2019 κατακαλεῖν·
703 1991 796 2022 κακῶς
814 1991 924 2021 εἰδότες.
943 1989 975 2014 Τί

196 2040 248 2075 γὰρ
266 2039 298 2075 δὴ
311 2040 357 2066 καὶ
371 2039 444 2074 μέλει
459 2040 513 2070 τοῖς
533 2036 817 2073 ἀφιλανθρωποτάτοις
840 2035 911 2066 θεοῖς
930 2035 976 2061 ἀν-

192 2085 311 2122 θρώπων
321 2085 473 2112 κατακαλου
478 2085 575 2120 μένων,
585 2085 701 2119 ὅσονπερ
711 2082 875 2119 ἀνδριάντων
885 2090 892 2113 ;
901 2080 976 2116 Ἀμέ-

194 2140 233 2159 Ast
249 2132 324 2159 οὐδὲν
340 2132 385 2158 ἐπὶ
395 2131 481 2166 τούτῳ
497 2130 620 2167 ὠφελήθη
640 2131 656 2165 ἡ
672 2130 718 2165 γῆ,
735 2129 805 2155 ὥστε
821 2126 975 2154 παύσασθαι

195 2179 321 2205 ωσοῦσα’
342 2179 366 2204 εί
381 2177 418 2213 μὴ
431 2177 484 2204 τῶν
500 2177 588 2211 σοφῶν
607 2176 653 2203 καὶ
668 2174 855 2209 ἐπισταμένων
873 2181 914 2204 τις
930 2172 976 2198 τὸν

195 2226 263 2251 εδεῑον
276 2223 339 2250 νοῦν
360 2221 460 2257 συνῆκε
473 2243 480 2254 ,
497 2221 604 2257 φυγάδα
616 2219 685 2247 εἶναι
698 2220 743 2246 τὸν
764 2225 975 2246 καταπεποντω-

196 2271 274 2302 ,ιένον
286 2269 440 2305 ἀνδριάντα.
458 2269 513 2295 Καὶ
524 2266 557 2304 ἦν
570 2267 664 2298 οὕτως.
678 2267 752 2301 ’Ἅμα
764 2265 819 2300 γὰρ
829 2262 973 2297 ἀνεστάθη,
991 2282 1012 2308 D

197 2316 239 2342 ιαὶ
254 2315 335 2346 εὐθὺς
351 2315 369 2350 ἡ
386 2315 434 2349 μὲν
447 2315 482 2349 γῆ
496 2313 650 2344 ἀνέϐαλλεν,
666 2312 691 2338 οἱ
705 2311 733 2337 δὲ
748 2310 864 2345 ἐκώμων
883 2308 976 2343 Δήμη-

196 2371 236 2398 τρι
246 2361 348 2388 λοιπόν.
365 2361 427 2392 Πῶς
440 2358 486 2387 οὖν
501 2361 530 2386 οὐ
546 2359 681 2394 τεκμήρια
695 2357 782 2384 ταῦτά
794 2357 861 2383 εἰσιν
874 2353 975 2389 ἐναργῆ

196 2407 240 2441 τῆς
256 2405 423 2440 θεοπρεποῦς
437 2405 592 2439 ἀθλητικῆς,
607 2405 647 2430 ὅτι
661 2403 718 2429 ἐστὶ
731 2401 906 2435 θεοτίμητος,
921 2399 975 2425 Καὶ

192 2452 246 2486 ⁸ι’ἂιρ
262 2451 310 2477 καὶ
326 2450 372 2477 ἐπὶ
388 2449 533 2476 πεντάθλου
550 2448 686 2484 ἀνδριάντι
706 2446 861 2482 ὑϐρισμένῳ
882 2444 977 2478 ἐμήνι-

191 2506 242 2525 σαν
257 2498 282 2523 οἱ
296 2497 361 2529 θεοὶ,
379 2496 426 2523 καὶ
440 2496 538 2531 Λοκροὶ
551 2495 696 2529 ὲπείνησαν
709 2493 752 2519 διὰ
768 2492 860 2521 τοῦτο,
881 2489 974 2523 ὥσπερ

185 2544 295 2574 Θάσιοι,
311 2543 364 2573 ἕως
379 2542 477 2573 αὐτοὺς
490 2541 583 2568 ἰάσατο
596 2540 683 2574 λόγιον
696 2539 741 2566 σὺν
756 2538 816 2573 ἕχον
835 2536 920 2566 οὕτως
930 2544 936 2550 ·

1028 1862 1108 1897 232
1124 1859 1211 1887 Redde
1225 1858 1301 1886 modo
1327 1856 1459 1883 exsulibus
1484 1854 1599 1889 patriam
1609 1875 1615 1886 ,
1638 1854 1712 1925 ([Ieres
1725 1853 1812 1887 amle

1658 1894 1776 1916 metetur.

1658 1894 1730 1915 metet
1734 1897 1749 1915 ll
1753 1897 1776 1916 ν.

1028 1942 1077 1970 Hic
1092 1949 1188 1977 nempe
1207 1947 1261 1967 non
1282 1939 1371 1966 minus
1391 1936 1498 1969 stolidi,
1516 1934 1683 1962 revocandos
1703 1935 1812 1962 exsules

1029 1996 1083 2017 non
1110 1987 1179 2015 alios
1201 1992 1262 2013 esse
1279 1991 1360 2019 quam
1384 1981 1511 2009 homines
1535 1980 1677 2015 putabant.
1704 1980 1812 2007 Insulse

1029 2039 1112 2059 vero:
1129 2030 1193 2065 quid
1209 2029 1281 2057 enim
1299 2027 1352 2054 diis
1377 2025 1583 2053 immanissimis
1606 2029 1713 2051 tantum
1738 2032 1811 2051 curae

1029 2079 1082 2106 sint
1096 2077 1221 2104 homines
1236 2075 1270 2102 ab
1281 2073 1376 2102 exsilio
1390 2072 1546 2103 revocandi,
1567 2075 1697 2105 quantum
1715 2070 1806 2105 imagi-

1029 2131 1077 2150 nes
1104 2119 1297 2149 restituendze?
1313 2118 1383 2153 Ergo
1407 2117 1492 2144 nihilo
1508 2120 1601 2151 postea
1624 2115 1735 2142 meliore
1753 2115 1810 2142 solo

1029 2169 1079 2200 uti,
1097 2167 1165 2194 nihil
1182 2173 1296 2200 usquam
1314 2165 1340 2190 vi
1359 2162 1444 2190 morbi
1462 2162 1637 2189 remittente:
1658 2160 1744 2187 donec
1764 2168 1809 2186 sua

1027 2214 1121 2241 lertior
1140 2211 1287 2247 quispiam,
1304 2210 1411 2237 acutius
1427 2209 1459 2235 de
1476 2215 1602 2242 Superum
1619 2212 1706 2234 mente
1720 2207 1808 2241 cenji-

1028 2260 1102 2287 ciens
1119 2279 1126 2291 ,
1151 2257 1254 2285 exsulis
1285 2256 1395 2284 nomine
1416 2255 1567 2282 demersam
1591 2253 1665 2280 illam
1692 2257 1808 2280 statuam

1028 2305 1137 2340 intelligi
1151 2304 1324 2331 declarasset.
1345 2301 1378 2328 Et
1397 2308 1470 2327 vere.
1486 2298 1553 2326 Nam
1569 2299 1650 2326 simul
1663 2303 1743 2333 atque
1759 2305 1810 2325 suo

1028 2351 1143 2386 reposita
1159 2351 1218 2377 loco
1235 2349 1295 2380 fuit,
1311 2347 1462 2382 germinare
1479 2351 1549 2372 terra
1565 2345 1693 2372 continuo
1705 2365 1712 2376 ,
1738 2343 1812 2370 Tha—

1028 2399 1115 2433 siique
1128 2397 1254 2430 deinceps
1266 2401 1393 2427 agrorum
1409 2393 1531 2419 ubertate
1554 2391 1666 2425 gliscere
1681 2398 1713 2417 ac
1727 2389 1809 2416 luxn-

1029 2442 1099 2469 riare
1112 2442 1263 2474 coeperunt.
1285 2437 1352 2470 Quis
1365 2437 1524 2471 htecporro
1547 2443 1602 2462 non
1620 2442 1669 2469 pro
1689 2434 1811 2462 certissi-

1028 2486 1079 2512 mis
1093 2484 1259 2520 argumentis
1277 2483 1384 2512 habeat,
1400 2488 1480 2516 quam
1495 2481 1556 2515 jure
1567 2487 1599 2507 ac
1613 2479 1709 2506 merito
1723 2479 1808 2506 divini

1028 2533 1145 2559 honores
1157 2530 1253 2557 divinae
1268 2529 1430 2555 athletarum
1445 2527 1471 2554 vi
1491 2531 1517 2553 et
1539 2526 1678 2553 industria:
1691 2525 1809 2552 debean-

189 2591 258 2618 tur?
276 2590 343 2618 Nam
370 2594 398 2617 et
421 2594 531 2624 propter
556 2588 666 2616 alterius
687 2572 905 2622 quinquertionis
930 2587 1046 2609 statuam
1077 2579 1143 2606 alias
1171 2577 1296 2605 violatam
1327 2582 1453 2603 exarsere
1472 2574 1520 2607 dii,
1535 2581 1585 2601 nec
1608 2573 1711 2600 minore
1727 2572 1807 2599 Locri

186 2644 335 2674 propterea
353 2645 433 2672 quam
456 2636 547 2663 Thasii
563 2636 634 2662 fame
656 2635 823 2666 laborarunt,
843 2633 927 2660 donec
945 2636 972 2657 tu
991 2634 1099 2664 quoque
1114 2623 1165 2652 hoc
1178 2631 1309 2659 responso
1325 2622 1505 2650 calamitatem
1519 2622 1622 2649 levares
1640 2630 1647 2648 :

187 2702 195 2712 ’
205 2699 248 2726 Er
259 2696 328 2731 τιμῇ
344 2696 396 2722 τὸν
408 2695 511 2730 ἄτιμον
523 2696 611 2728 ἒχων,
622 2693 688 2720 τότε
697 2692 783 2727 γαῖαν
800 2690 935 2725 ἀρὼσεις.

192 2753 230 2780 οὐ
242 2753 298 2787 γὰρ
316 2752 415 2787 Λοκροὶ
429 2750 541 2786 ᾔσθοντο
562 2749 678 2780 διανοίας
697 2748 772 2778 θείας
794 2747 924 2781 πρότερον
936 2766 943 2778 ,
956 2744 972 2779 ἥ

231 2836 243 2849 ι
259 2830 300 2855 ῑσ.
318 2827 452 2860 ἀνέξεται.
492 2827 506 2846 1³
520 2827 560 2852 lo’.
576 2825 729 2860 ἀπειλήσει.

233 2894 288 2930 (36)
309 2894 406 2927 Θασίῳ
420 2894 529 2927 πύκτῃ.
547 2891 703 2927 Theagenes
715 2891 737 2919 is
750 2889 810 2918 fuit.

1026 2683 1113 2710 Redde
1129 2683 1206 2709 decus
1223 2681 1306 2713 Ima;
1321 2688 1391 2715 seges
1405 2679 1493 2714 ampla
1509 2683 1629 2713 sequetur
1645 2682 1775 2704 aratrum.

1027 2738 1082 2767 Nec
1100 2738 1171 2766 enim
1188 2737 1308 2765 divinum
1324 2736 1357 2764 iis
1373 2735 1517 2763 consilium
1532 2734 1656 2762 subolere
1673 2738 1734 2760 ante
1758 2739 1808 2769 po-
