2063 3211
197 149 244 176 401
780 153 940 181 magna.
959 154 986 181 E‘

1036 154 1086 183 NG.
1107 155 1169 181 LIB.
1193 155 1222 181 V.

1766 155 1818 181 402

196 209 261 243 tuo
277 207 310 234 τὰ
325 208 445 244 περὶτοῦ
460 209 574 237 θανάτου
592 211 695 243 ἔδειξας
710 213 756 239 καὶ
771 212 820 248 τῆς
837 213 909 248 ζωῆς
920 235 926 246 ,
943 215 986 240 ὅτι

1039 215 1134 242 mortis
1161 215 1356 246 decreverunt,
1385 215 1456 248 quod
1478 215 1566 242 lenius
1592 215 1765 243 Chai-itonem
1794 222 1819 242 ct

197 251 339 279 κάλλιστόν
361 254 388 279 τί
412 254 485 280 ἐστιν
507 255 523 289 ἠ
547 256 700 290 ζωή.ιἘπὶ
718 257 820 289 τούτοις
837 258 921 285 ἅπασι
938 259 985 286 καὶ

194 298 251 324 τόδε
265 299 449 333 προσκείσθω.

446 440 642 468 κΕφΑΑΑΙυΝ
669 442 738 475 aqu

197 495 257 522 Ὃτι
280 495 329 522 καὶ
348 495 407 530 τὴν
419 495 540 530 ἄψυχον
555 496 635 530 ὕλην
650 496 751 524 σέϐειν
770 497 981 532 προσέταττον.

1040 259 1220 294 Melanippum
1236 260 1370 286 habuerit.
1393 259 1426 286 At
1448 263 1476 286 tu
1493 258 1554 287 vita:
1570 260 1720 295 mortisque
1736 261 1820 287 ratio-

1036 313 1095 337 nes,
1113 306 1157 332 vix
1173 306 1246 337 licet,
1264 305 1392 340 prmclare
1407 310 1494 332 tamen
1510 306 1678 340 expressisti,
1692 306 1756 333 dum
1770 307 1819 332 hoc

1033 349 1106 376 facto
1129 350 1211 376 vitam
1234 351 1364 377 eximium
1391 351 1519 385 quiddam
1535 358 1595 378 esse
1605 351 1812 387 comprobasth

1029 396 1135 430 Quibus
1149 398 1274 425 omnibus
1288 398 1340 424 hoc
1354 403 1520 432 postremum
1536 397 1724 432 adjungamus.

1302 445 1416 472 CAPUT
1436 444 1556 472 XXXVI.

1052 501 1118 528 Illos
1132 501 1212 527 etiam
1221 500 1345 534 jussisse,
1361 505 1389 527 ut
1404 501 1515 527 materia
1531 500 1650 526 inanima
1665 500 1803 527 coleretur.

199 561 209 578 ι
232 552 325 579 Ἀλλὰ
339 552 388 579 καὶ
413 553 575 587 Μηθύμνης
590 552 645 588 (42)
661 553 780 587 γαέταις
793 554 872 591 πολὺ
893 554 986 582 λώϊον

1039 567 1049 583 ε
1068 557 1116 584 Res
1129 557 1176 584 tibi
1195 556 1352 591 Methymna!
1367 557 1468 591 felicius
1485 556 1571 583 incola
1586 557 1666 590 cedet,

194 622 358 657 Φαλληνὸν
372 622 477 657 τιμῶσι
488 623 642 650 Διονύσοιο
657 622 801 658 κάρηνον.
827 588 948 625 [ἔσται’

194 681 294 708 Θύουσι
309 681 364 715 γὰρ
380 680 409 707 at
425 680 517 712 πόλεις
531 681 578 707 καὶ
595 680 704 712 τελετὰς
723 681 844 715 ἄγουσιν,
862 682 892 708 οὐ
906 682 985 718 μόνον

195 727 339 763 φαλληνοῖς
350 726 486 753 Διονύσοιο
502 727 640 763 καρήνοις,
657 726 725 754 ἀλλὰ
739 727 785 754 καὶ
803 727 923 760 λιθίνοις.
938 729 985 755 καὶ

194 775 337 809 χαλκέοις,
364 776 411 801 καὶ
436 775 571 810 χρυσέοις.
593 774 648 809 (45)
665 774 701 801 Οὐ
727 774 806 810 μόνον
830 775 984 810 φαλληνοῖς,

195 820 264 847 ἀλλὰ
278 820 430 851 καὶαὺτοῐς
444 821 498 851 τοῖς
518 819 676 851 Διονυσίοις,
690 819 737 853 καὶ
752 819 841 850 ἄλλοις
857 820 984 855 παμπόλ-

1039 627 1067 654 Si
1080 627 1178 654 Bacchi
1191 631 1269 661 caput
1282 635 1314 654 ea:
1331 627 1406 654 tereti
1421 627 1572 654 venerabere
1587 626 1669 662 ligno.

1034 684 1140 711 Passim
1164 684 1263 719 quippe
1286 683 1430 715 civitates,
1455 691 1508 710 non
1534 683 1624 718 lignea
1647 682 1746 714 modo,
1774 681 1820 708 sed

1035 730 1117 757 etiam
1133 730 1248 765 lapidea,
1264 737 1345 761 mrea,
1359 737 1441 755 aurea
1458 729 1554 755 Bacchi
1568 729 1666 763 capita,
1681 726 1821 755 sacrificiis

1037 783 1068 802 ac
1085 775 1163 802 statis
1179 774 1356 809 religionibus
1372 779 1556 801 venerantur:
1576 774 1630 800 imo
1649 781 1702 800 non
1722 773 1820 799 Bacchi

1038 825 1141 847 tantum
1159 820 1247 854 capita
1258 840 1264 851 ,
1281 819 1328 846 sed
1343 820 1413 846 alios
1427 819 1509 846 etiam
1525 820 1667 853 plerosque
1679 819 1760 852 deos,
1774 818 1821 852 qui

157 876 159 878 '
194 867 251 898 λοις
272 865 429 897 Ἡσιοδείοις
452 865 533 896 Θεοῖς.
563 865 630 900 Τρὶς
644 864 698 900 γὰρ
720 865 758 896 ὡς
773 865 881 900 ἀληθῶς
897 865 986 900 μύριοί

1037 867 1147 894 Hesiodi
1184 867 1283 894 fabulis
1316 866 1497 894 celebrantur.
1530 865 1674 892 Enimvero
1711 865 1820 900 triginta

195 914 264 941 εἰσιν
281 914 326 940 ἐπὶ
341 912 416 948 χθονὶ
431 911 639 948 πουλυϐοτείρῃ,
652 910 701 937 οὐκ
715 910 854 943 ἀθάνατοι,
871 911 939 938 ἀλλὰ
951 911 986 937 λί-

194 959 263 987 θινοι
278 959 325 985 καὶ
339 957 437 991 ξύλινοι
452 957 578 984 δεσπόται
595 955 761 992 ἀνθρώπων
780 956 816 988 οἳ,
839 957 862 983 εἰ
879 955 985 992 ἀνθρώ-

194 1014 254 1032 πων
267 1004 344 1039 ὕϐριν
358 1013 388 1030 τε
400 1003 447 1030 καὶ
460 1002 589 1038 εὐνομίην
604 1001 743 1038 ἐφεώρων,
762 1003 813 1029 οὐκ
836 1002 869 1029 ἂν
891 1001 987 1028 τοσοῦ-

193 1058 240 1081 τος
252 1049 323 1085 ἠρθη
343 1049 436 1084 λῆρος,
455 1047 525 1074 ὥστε
537 1047 584 1074 καὶ
595 1047 644 1082 ἤδη
657 1047 704 1074 καὶ
729 1047 825 1082 μέχρις
846 1047 923 1082 ὑμῶν
939 1055 986 1073 κε-

193 1094 350 1130 χωρηκὲναι
365 1094 396 1120 τὸ
408 1094 501 1126 κακὸν,
512 1092 654 1120 ὲπιδιαῦὰν
668 1094 714 1120 καὶ
728 1094 767 1124 είς
780 1092 824 1119 τὸν
836 1092 985 1128 Ὄλυμπον,

194 1141 246 1173 ὅθι,
256 1141 333 1175 φασὶ,
348 1140 422 1167 θεῶν
433 1140 501 1173 ἕδος
511 1139 648 1175 ἀσφαλὲς
665 1140 731 1166 αἰεί.
750 1139 846 1166 Καίτοι
861 1140 884 1166 εἰ
899 1140 987 1174 ἀσφα-

193 1187 238 1218 λὲς
245 1184 291 1222 ἦν,
305 1187 355 1213 οὐκ
367 1184 400 1221 ἦν
416 1185 545 1212 ἐπιϐατὸν
559 1185 643 1221 λήρῳ,
660 1185 714 1211 οὐδ’
726 1184 759 1212 ἂν
776 1182 816 1217 εἷς
831 1193 874 1217 τις
893 1185 986 1221 Ὀλυμ-

194 1233 264 1259 πίων
279 1233 319 1265 εἰς
334 1232 412 1259 τοῦτο
425 1230 491 1268 ἦλθε
505 1231 665 1268 παρανοίας,
686 1231 750 1258 ὥστ’
762 1231 867 1258 ἐλάϊνον
884 1231 987 1268 κορμὸν

194 1279 295 1306 θεῶσαι
306 1287 312 1293 ⁸
331 1278 361 1304 ὃν
380 1278 404 1304 οἱ
418 1277 591 1313 Μηθυμναῖοι
604 1277 727 1312 σαγήνης
745 1276 918 1312 ἐμπλακέντα
930 1277 986 1308 τοῖς

192 1324 277 1356 λίνοις
303 1324 478 1356 ἀνείλκυσαν,
502 1323 548 1350 καὶ
562 1323 613 1356 δὶς,
633 1324 658 1350 εί
671 1323 770 1358 βούλει,
784 1323 831 1350 καὶ
847 1323 917 1358 τρὶς,
938 1322 986 1349 καὶ

194 1371 337 1402 πλεονάκις
361 1371 389 1396 ὲν
408 1369 447 1405 τῷ
461 1368 535 1404 αὐτῷ
549 1368 743 1405 σαγηνεύοντες
765 1368 903 1404 ἄνθρωποι
914 1388 922 1400 ,
939 1368 987 1395 καὶ

194 1416 225 1449 ἐξ
238 1416 343 1442 ἐκείνου
361 1416 401 1447 είς
417 1415 447 1441 τὸ
462 1414 578 1442 Λιϐυκὸν
593 1414 787 1446 ἐξοκείλαντες,
807 1414 861 1440 οὐδ’
885 1415 924 1445 είς
937 1414 987 1449 τὴν

194 1459 246 1494 γῆν
263 1458 315 1491 ἔξω
323 1459 482 1490 ἐκϐαλόντες
498 1458 578 1485 αὐτόν
588 1467 595 1474 θ
613 1459 674 1484 ἐπεὶ
686 1459 736 1485 οὐκ
750 1458 796 1488 ἂν,
808 1458 846 1493 μὰ
867 1458 912 1485 τδν
927 1458 987 1485 Διό-

194 1513 285 1537 νυσον,
301 1504 339 1532 ἔτι
352 1505 442 1537 αὐτοῖς
453 1504 587 1540 ὲνεπλάκη
603 1505 658 1536 τοῖς
668 1504 760 1536 λίνοις.
777 1505 846 1531 Ἀλλ’
860 1505 889 1538 ἐξ
901 1505 987 1542 ἄκρου

197 1550 372 1586 κεφαλοειδὴς
398 1551 412 1578 ὁ
429 1550 530 1586 κορμὸς
551 1538 696 1585 (Ἄπολλον
707 1569 714 1582 ,
730 1550 804 1583 ξένου
822 1550 878 1586 (Μ)
901 1538 984 1577 κατα-
1000 1538 1020 1566 c

197 1597 418 1634 σκευᾱσματοςί)
430 1597 456 1624 τί
472 1598 529 1624 ποτ’
542 1595 588 1624 οὖν
602 1597 734 1632 ἔπραττεν
752 1597 780 1623 ἐν
792 1596 830 1632 τῷ
855 1597 983 1631 πελάγει,

197 1645 362 1680 ἀπορήσειεν
385 1644 416 1671 ἄν
435 1652 487 1675 τις.
511 1643 543 1670 Τί
563 1643 618 1679 γὰρ
642 1643 705 1671 ἄλλο
717 1643 734 1678 ἢ
746 1643 878 1679 Eudemo;
895 1643 927 1679 νὴ
938 1644 984 1669 τὸν

196 1689 257 1720 Δία,
275 1689 417 1724 ἀναμένων
442 1689 494 1720 ἓως
517 1688 654 1725 ἄνθρωποι
677 1689 833 1725 μαινόμενοι
862 1689 910 1725 (οὐ
930 1689 984 1724 γὰρ

197 1738 277 1773 φήσω
287 1738 328 1764 ὅτι
344 1737 390 1763 καὶ
405 1737 477 1769 θεοὶ)
497 1737 699 1772 ἐγκυρήσαντες
709 1735 793 1770 αὐτῷ,
807 1735 836 1761 οὐ
846 1735 982 1766 Διοπετὲς,

197 1783 266 1810 ἀλλὰ
287 1782 517 1814 Ποσειδωνοπετὲς
538 1782 704 1817 ἡγήσωνται,
724 1781 840 1808 κᾶπειτα
865 1781 904 1812 εἰς
917 1780 983 1807 ἄστυ

197 1828 388 1862 ὰπαγὰγωσιν,
405 1828 498 1863 ὥσπερ
508 1828 568 1854 τινὰ
580 1826 684 1863 ἀγαθὴν
694 1826 789 1862 τύχην,
802 1827 889 1862 κακὴν
903 1824 984 1853 οὖσαν

197 1874 234 1906 ὡς
252 1873 359 1909 ἀληθῶς
371 1894 378 1907 ,
393 1873 424 1900 οὐ
444 1873 540 1908 τύχην,
559 1872 625 1899 ἀλλὰ
639 1872 780 1907 τυφεδόνα.
797 1873 831 1898 Ἢ
843 1872 892 1899 οὐκ
905 1872 984 1907 ἢρκει

198 1919 253 1955 ἄρα
263 1919 354 1950 αὐτοῖς
367 1918 470 1945 οἴκοθεν
483 1918 647 1949 διολλύουσα,
662 1917 718 1943 ἀλλ’
735 1917 819 1952 αὐτὴν
833 1916 955 1951 ἐπέρωσέ
970 1922 984 1936 ι

197 1974 228 1992 τε
245 1967 292 1992 καὶ
305 1965 496 2001 προσεπέτεινε
510 1964 682 2000 θεοπληξίας,
697 1962 735 1995 ὡς
751 1962 784 1990 ἄν
798 1971 840 1994 τις
853 1962 940 1994 εἴποι,
953 1963 985 1988 ὲκ

196 2011 310 2046 Δελφῶν
324 2011 514 2047 μετάπεμπτος
525 2010 654 2046 ἐπιθήκη.
671 2019 680 2035 ι
696 2008 814 2035 Τοιαῦτα
828 2008 876 2034 καὶ
890 2009 904 2034 ὁ
914 2008 986 2034 Οἰνό-

200 2065 279 2093 μαος.
301 2055 381 2083 Ἀλλὰ
393 2056 446 2092 γὰρ
463 2056 530 2091 μετὰ
549 2055 583 2082 τὰ
600 2053 744 2090 εἰρημένα,
768 2052 887 2088 μεταϐὰς
908 2051 985 2085 αὖθις

198 2105 247 2130 ἐπὶ
255 2105 305 2140 τὴν
321 2105 353 2130 ὲκ
369 2103 466 2138 λογίων
482 2102 639 2138 φιλοσοφίαν
654 2101 700 2129 τοῦ
714 2101 762 2137 τὴν
773 2100 832 2127 καθ’
841 2101 918 2136 ἡμῶν
932 2100 986 2127 δια-

199 2150 281 2186 ϐολὴν
299 2150 483 2185 πεποιημένου
498 2169 505 2182 ,
523 2148 657 2183 ἀνάγνωθι
674 2149 706 2174 ὲκ
727 2147 781 2173 τῶν
798 2147 862 2182 περὶ
889 2147 986 2182 εἱμαρ-

201 2197 288 2233 μένης
299 2195 347 2223 τοῦ
359 2195 460 2222 Πυθίου
477 2194 609 2231 χρησμῶν
619 2203 625 2209 ·
642 2195 666 2220 εἰ
678 2193 715 2230 μὴ
728 2193 775 2220 καὶ
789 2192 830 2220 σοὶ
842 2192 917 2223 θείας
938 2191 985 2218 ἁλ-

1035 914 1126 948 plane,
1150 921 1205 940 non
1228 913 1285 948 jam
1301 913 1513 945 immortalium,
1537 912 1583 939 sed
1601 911 1779 946 lapideorum,
1796 915 1823 938 et

1035 959 1186 995 ligneorum
1197 959 1309 986 humani
1321 959 1427 993 generis
1441 958 1614 985 dominorum
1629 957 1722 989 millia,
1731 957 1822 984 nutrix

1036 1004 1214 1032 animantium
1231 1009 1302 1031 terra
1316 1005 1515 1039 complectitur,
1530 1005 1576 1038 qui
1592 1003 1724 1038 profecto,
1740 1003 1762 1030 si
1776 1011 1823 1030 co-

1036 1050 1191 1086 gnoscendo
1214 1050 1356 1077 hominum
1381 1050 1476 1078 sceleri
1491 1072 1498 1080 ,
1522 1050 1631 1084 jurique
1655 1054 1822 1084 praeessent.

1037 1104 1176 1132 nunquam
1190 1104 1222 1124 eo
1236 1104 1368 1132 nugarum
1381 1097 1488 1124 vanitas
1500 1092 1674 1128 excrevisset,
1687 1095 1725 1122 uti
1742 1094 1824 1130 234

1037 1143 1069 1170 ad
1083 1151 1131 1170 vos
1154 1150 1240 1178 usque
1261 1143 1362 1169 malum
1386 1142 1558 1177 perveniret,
1582 1141 1696 1177 Olympo
1714 1149 1822 1175 quo.;ue

1037 1194 1175 1224 superato.
1187 1189 1234 1217 ubi
1250 1189 1354 1222 dirum,
1368 1189 1457 1216 aiunt:
1471 1188 1550 1215 Sedes
1561 1196 1654 1215 secura
1669 1196 1714 1222 per
1726 1195 1819 1214 «tuum.

1037 1234 1102 1268 Quae
1119 1234 1252 1262 securitas
1268 1234 1292 1262 si
1308 1242 1369 1261 vere
1382 1234 1542 1269 jactaretur,
1558 1240 1644 1267 nugas
1660 1240 1756 1259 omnes
1775 1240 1824 1259 ex-

1036 1281 1175 1312 cluderet,
1202 1288 1251 1308 nec
1272 1279 1458 1316 Olympiorum
1482 1279 1626 1314 quisquam
1651 1286 1683 1305 eo
1706 1279 1823 1306 vesania:

1036 1326 1206 1357 devcnisset,
1225 1330 1255 1352 ut
1278 1324 1419 1359 oleaginea
1434 1324 1540 1351 caudici
1558 1323 1728 1350 divinitatem
1751 1324 1823 1350 inse-

1037 1376 1118 1398 reret.
1153 1371 1231 1398 lllum
1265 1369 1364 1398 etenim
1400 1377 1506 1404 sagenae
1536 1369 1653 1404 plagulis
1687 1369 1822 1396 irretitum

1037 1417 1256 1452 Methymnenses
1269 1420 1452 1446 extraxerant,
1468 1415 1549 1450 idque
1561 1415 1645 1442 semel
1657 1416 1821 1450 iterumque,
1857 1439 1868 1447 ν

1037 1462 1060 1490 si
1077 1462 1186 1496 placet,
1209 1461 1264 1488 imo
1280 1460 1362 1488 etiam
1390 1460 1468 1487 tertio
1481 1480 1488 1492 ,
1515 1459 1557 1486 vel
1573 1459 1672 1494 smpius
1696 1459 1823 1487 demissis

1037 1507 1162 1534 eumdem
1181 1506 1208 1533 in
1220 1506 1309 1533 locum
1326 1506 1428 1533 retibus
1450 1504 1591 1532 iecerant:
1615 1505 1677 1532 inde
1694 1513 1759 1532 vero
1777 1504 1823 1532 Li-

1038 1553 1135 1589 bycum
1158 1552 1185 1578 in
1211 1559 1285 1579 mare
1299 1551 1390 1582 delati,
1412 1558 1584 1585 nequaquam
1601 1558 1662 1577 eum
1680 1551 1706 1577 in
1722 1555 1821 1578 terram

1037 1603 1221 1627 excusserant.
1242 1597 1270 1625 Id
1287 1598 1358 1624 enim
1380 1597 1402 1625 si
1427 1596 1575 1629 fecissent,
1602 1604 1656 1623 non
1677 1597 1735 1632 jam
1749 1617 1756 1629 ,
1775 1605 1823 1633 per

1037 1644 1184 1677 Bacchum,
1199 1644 1308 1672 easdem
1325 1643 1359 1671 ad
1372 1643 1494 1678 plagulas
1513 1642 1680 1670 adhaesisset.
1700 1643 1734 1669 At
1747 1644 1820 1670 enim

1037 1690 1140 1718 caudex
1154 1690 1181 1716 in
1197 1689 1294 1724 capitis
1310 1689 1427 1724 speciem
1447 1697 1462 1715 a
1478 1696 1588 1716 summo
1606 1689 1698 1724 stipite
1711 1689 1821 1717 confor-

1037 1742 1127 1764 matus
1144 1736 1217 1771 (rem
1230 1756 1238 1769 ,
1256 1743 1272 1763 o
1293 1736 1404 1771 Apollo,
1425 1735 1571 1763 admodum
1590 1735 1774 1770 prodigiosam
1790 1736 1795 1761 !
1811 1736 1820 1770 )

1037 1781 1102 1816 quid
1125 1788 1216 1808 rarum
1241 1781 1267 1808 in
1294 1781 1387 1808 mari?
1408 1784 1511 1816 qumrat
1538 1781 1654 1808 fortasse
1673 1781 1820 1816 quispiam.

1039 1826 1110 1860 Quid
1132 1835 1196 1855 vero
1218 1827 1310 1860 aliud,
1333 1827 1385 1855 nisi
1409 1831 1440 1854 ut
1460 1827 1558 1855 ibidem
1581 1827 1709 1862 jaceret?
1732 1826 1822 1854 Donec

1039 1873 1176 1899 enimvero
1187 1872 1282 1900 furiosi
1294 1873 1428 1906 homines,
1440 1873 1531 1908 (piget
1543 1873 1615 1900 enim
1631 1874 1696 1901 deos
1709 1873 1822 1907 dicere.)

1038 1917 1065 1944 in
1080 1924 1141 1944 eum
1157 1917 1320 1950 incidentes,
1337 1925 1391 1944 non
1411 1925 1426 1944 a
1441 1917 1507 1945 Jove
1525 1918 1674 1946 demissum
1692 1919 1799 1953 quidem
1813 1937 1821 1949 ,

1038 1962 1086 1991 sed
1110 1970 1126 1990 a
1158 1962 1281 1997 Neptuno
1309 1963 1440 1991 emissum
1465 1963 1822 1999 crederent,eumdemque

1039 2010 1211 2045 postmodum
1226 2009 1253 2036 in
1269 2009 1374 2041 urbem,
1390 2009 1527 2043 quoddam
1541 2010 1624 2037 veluti
1640 2009 1756 2039 fortuna:
1777 2011 1820 2037 la:-

1039 2055 1116 2082 tioris
1136 2063 1216 2082 omen
1230 2075 1238 2087 ,
1262 2055 1435 2086 inveherent,
1461 2054 1596 2083 funestam
1621 2063 1650 2082 re
1670 2055 1744 2090 ipsa,
1767 2064 1821 2083 non

1039 2099 1188 2133 fortunam,
1202 2101 1248 2128 sed
1263 2099 1348 2127 facem
1363 2101 1439 2128 urbis
1454 2100 1583 2128 futuram.
1598 2100 1653 2128 Nec
1666 2101 1739 2128 cnim
1755 2101 1821 2129 satis

1038 2146 1165 2173 videlicet
1181 2146 1214 2173 ad
1236 2146 1348 2174 exitium
1374 2146 1407 2174 iis
1424 2152 1482 2174 erat
1497 2147 1624 2174 intestina
1644 2147 1744 2181 pestis,
1759 2146 1820 2174 ’nisi

1038 2192 1116 2219 novis
1129 2200 1189 2219 eam
1205 2192 1380 2219 incrementis
1395 2200 1427 2220 ac
1443 2192 1544 2220 viribus
1560 2193 1676 2220 incussa:
1689 2193 1819 2220 divinitus

199 2243 306 2279 λὸτριος
323 2241 359 2268 ὣν
373 2242 513 2277 δυνάμεως
531 2241 571 2267 ἔτι
590 2240 698 2276 μᾶλλον,
717 2239 730 2266 ὁ
751 2239 815 2275 περὶ
834 2238 888 2265 τῶν
906 2238 986 2274 θρυλ-

1037 2239 1122 2273 plaga:
1134 2238 1255 2266 accessio
1270 2237 1390 2273 Delphis,
1406 2243 1436 2266 ut
1451 2239 1487 2266 ita
1505 2239 1612 2273 loquar,
1629 2238 1760 2266 arcessita
1773 2246 1821 2265 cu-

200 2289 339 2325 λουμένων
357 2288 531 2325 χρησυπλρίων
561 2287 735 2314 ὐποπεσείται
752 2286 839 2320 λόγος.

1038 2284 1162 2311 mularet.
1180 2293 1188 2310 I
1205 2283 1342 2312 Hactenus
1354 2283 1520 2313 OEnomaus.
1540 2283 1618 2312 Nunc
1631 2292 1694 2312 vero
1710 2284 1744 2311 ad
1760 2291 1818 2311 eam

200 2345 298 2365 rursus
316 2337 488 2364 oraculorum
506 2335 701 2370 philosophiam
721 2334 812 2361 animo
832 2337 858 2360 et
880 2332 1043 2368 cogitatione
1065 2331 1214 2364 conversis,
1237 2339 1318 2366 quam
1344 2331 1493 2360 maledicus
1523 2332 1567 2358 ille
1594 2340 1684 2359 rerum
1714 2337 1820 2359 nostra-

202 2394 263 2412 rum
284 2393 379 2413 eensor
400 2384 572 2419 conScripsit,
591 2383 688 2419 Iegesis
713 2391 745 2411 ex
770 2383 803 2410 iis
825 2382 961 2417 responsis
979 2381 1080 2416 aliqua,
1103 2388 1167 2415 quae
1187 2381 1220 2407 de
1248 2379 1304 2407 fato
1330 2379 1456 2414 Pythium
1476 2378 1592 2406 edidisse
1613 2382 1818 2405 commemorat.

201 2434 241 2460 Ac
254 2433 316 2460 vide
329 2440 394 2460 num
409 2431 540 2468 ejusmodi
566 2439 674 2466 quoque
689 2431 735 2458 tibi
751 2430 855 2458 accidat
869 2434 923 2457 tota
947 2430 1004 2456 hazc
1020 2428 1054 2456 de
1068 2428 1177 2463 jactatis
1198 2427 1301 2462 pridem
1323 2427 1442 2456 oraculis
1468 2425 1626 2460 disputatio,
1645 2430 1674 2452 ut
1688 2433 1746 2452 eam
1759 2433 1817 2452 ma-

204 2481 247 2517 gis
263 2481 346 2508 etiam
360 2488 442 2515 quam
460 2479 614 2515 superiores
636 2479 670 2506 ab
686 2479 760 2506 omni
771 2479 861 2506 divina
876 2478 974 2505 virtute
993 2484 1104 2504 vacuam
1118 2476 1210 2503 haberi
1226 2480 1302 2510 putes
1312 2479 1446 2510 oportere.

238 2565 252 2580 ι
269 2559 311 2587 ῑσ.
329 2559 480 2595 ἐπέρρωσε.

1036 2633 1143 2673 Εξτνοι-ἰε
1166 2641 1257 2667 causa,
1275 2633 1305 2660 τὸ
1320 2633 1349 2659 οὐ
1367 2633 1456 2667 μόνον,
1472 2632 1554 2658 semel
1571 2631 1723 2666 iterumque
1741 2638 1804 2665 repu

1035 2674 1128 2738 $11222).
1154 2704 1317 2735 Ἄπολλον,
1332 2703 1431 2735 ξένου.
1456 2701 1554 2738 Facilis
1575 2706 1633 2728 erat
1651 2700 1810 2735 conjectura.

1035 2747 1096 2779 cum
1113 2740 1139 2765 in
1151 2746 1251 2767 excuso
1266 2739 1399 2773 legeretur
1417 2737 1620 2771 'Ammgévou,
1639 2743 1721 2770 sane,
1737 2743 1818 2772 quan.

1036 2779 1141 2802 VillOSB.

215 2675 222 2682 ο
240 2637 298 2675 (42)
324 2639 416 2667 Ἀλλὰ
441 2638 491 2666 καὶ
512 2637 685 2672 Μηθύμνης.
715 2635 832 2663 Consule
857 2634 986 2662 observa-

203 2680 304 2745 mags?
315 2709 381 2736 Post
402 2709 543 2745 χρυσέοις,
568 2714 622 2745 non
638 2706 730 2745 dubito
756 2705 821 2745 quin
844 2704 985 2745 legendum

204 2739 250 2773 sit‘
266 2739 297 2771 οὗ
324 2739 438 2780 μόνονᾚ
448 2742 487 2780 αὖ
505 2745 560 2775 τοῖς
573 2741 718 2780 Διονυσίοις
730 2759 737 2772 ,
750 2740 822 2780 ’ἀλλὰ
837 2741 886 2780 καὶἱ
898 2739 987 2780 ἂλλρις

204 2775 344 2816 παμπόλλ.
356 2800 363 2812 ,
377 2784 430 2806 etc.
445 2779 513 2806 Nam
535 2776 670 2814 posterius
685 2776 736 2802 hoc
750 2775 809 2802 loco
825 2775 967 2837 φαλλΗνοῖς
978 2794 984 2806 ,

205 2822 437 2837 αηηριιυαηιιιιριιῐη
463 2818 521 2837 est.
545 2820 607 2837 cum
626 2811 701 2837 prius
724 2810 837 2837 alterum
861 2818 891 2837 su
912 2810 984 2837 ierat.

205 2810 438 2851 supervacaneum
463 2810 607 2847 est,'cum
626 2811 701 2848 prius
724 2810 837 2837 alterum
861 2810 985 2838 suﬂiciat.
