2063 3211
164 198 214 226 409

735 194 894 222 Pii/EPAR.
917 194 1042 222 EVANG.
1064 193 1127 220 LlB.
1157 193 1197 220 Vl.

1746 196 1799 222 MO

168 258 243 284 Ὀττι
261 266 296 283 κε
313 257 463 288 aii-rimam
488 256 592 290 μένειν
610 248 781 283 ἀσάλευτον
796 255 952 289 ἀτράκτοις

1020 254 1130 290 Annuit,
1149 258 1176 279 ut
1187 258 1265 290 rccrto
1281 253 1409 288 quidquid
1425 254 1471 280 sub
1491 253 1585 290 pollice
1601 254 1675 288 [usus

168 292 246 322 Αἶσα
274 293 333 328 γὰρ
366 291 406 328 ἦν
440 291 589 326 δολιχοῖσι
626 291 748 326 χρόνοις
781 290 965 360 πῖρικιέλλέα

814 334 875 359 σηκ
893 333 912 351 ν

814 333 912 359 emtor

161 351 298 398 'vambr
313 363 450 398 αἱώραισι
463 361 644 390 διιπετέεσσι
657 351 819 397 δαμῆναι.ἰ

171 455 200 480 ΕΞ
212 453 244 488 δὴ
256 450 304 479 οὖν
313 451 425 487 Μοιρῶν
438 451 582 486 ἀτράκτοις
598 450 645 476 καὶ
658 449 711 475 τῶν
726 448 881 483 σεϐασμίων
894 447 964 473 θεῶν

169 501 194 526 οἱ
207 499 277 531 ναοὶ,
297 498 332 525 τά
342 506 371 523 τε
383 497 443 532 ἱερὰ
454 496 542 522 αὐτῶν
556 495 668 531 δώματα
683 495 817 530 δάμναται
829 493 962 528 ζαπύροις

171 546 329 580 πωτήμασι,
346 544 388 576 τίς
403 543 434 570 ἃν
450 543 488 569 ἔτι
503 543 623 569 λείποιτο
636 541 713 573 ἐλπὶς
736 541 842 576 Ονητοῐς
859 538 963 575 ἀνθρώ-

171 599 233 622 ποις
249 591 298 625 τῆς
314 589 367 616 τῶν
384 589 570 624 πεπρωμένων
583 588 744 622 ἀποφυγῆς;
759 587 789 612 Εἰ
804 586 832 612 δὲ
845 585 892 612 καὶ
911 592 964 620 μη-

169 637 250 672 δεμία
265 637 298 663 ὲκ
311 635 378 662 θεῶν
389 635 506 670 ὑπάρχοι
522 634 641 670 βοήθεια,
658 633 697 660 δεῖ
712 633 740 659 δὲ
753 633 781 666 ἐξ
795 632 914 663 ἆπαντος

174 735 315 763 Τετλάναι
328 735 464 769 Μοιράων
486 733 674 768 ἀμετάτροπα
685 733 778 766 δήνεα
792 731 882 767 θυμῷ,

168 793 218 826 Τίς
230 794 246 828 ή
264 794 328 829 περὶ
344 793 407 824 τοὺς
424 793 501 824 θεοὺς
515 791 617 827 ματαία
638 790 739 826 σπουδή
752 799 759 822 ;
778 789 850 817 εἴποι
864 790 896 816 ἀν
906 798 959 821 τις.

169 840 202 866 Ti
213 840 240 866 δὲ
251 839 291 866 δεῖ
303 839 395 875 λοιϐῆς
405 848 434 865 τε
445 838 557 873 κνῑσςης
570 845 609 868 τε,
619 837 666 864 καὶ
677 837 707 863 τὺ
723 834 760 863 ἐκΔ
766 835 866 863 τούτων
877 835 961 871 γέρας

167 887 225 917 τοῖς
244 885 312 922 μηδὲ
333 885 435 912 τούτων
466 884 551 917 ἀξίοις
575 883 734 917 ἀπονέμειν,
761 882 785 908 εἰ
807 881 865 908 κατ’
883 880 960 907 οὐδὲν

1024 289 1155 321 Volverit,
1182 289 1320 315 immotum
1349 294 1465 315 niuneut.
1487 288 1586 323 Nempe
1607 289 1660 316 ha-c
1682 297 1782 324 quoque

1654 323 1764 360 [templa

1016 359 1126 386 (Imlitus
1140 358 1242 393 illapsis
1258 359 1320 385 olim
1338 358 1505 386 succumbere
1520 358 1635 392 ﬂammis

1016 394 1114 421 Fatum
1130 399 1196 422 erat.
1218 404 1227 420 ι

1015 451 1044 478 Si
1060 459 1125 485 ergo
1142 455 1220 485 prout
1243 450 1391 478 Parcarum
1414 450 1467 478 fusi
1492 451 1612 483 tulerint,
1633 451 1799 478 venerando-

1014 506 1074 525 rmn
1100 505 1209 532 quoque
1233 497 1345 524 deorum
1371 498 1487 533 templa,
1514 505 1653 532 sacraeque
1677 497 1798 532 ipsorum

1013 544 1084 571 aedes
1104 544 1246 578 igneorum
1266 543 1404 571 turbinum
1431 545 1456 571 vi
1479 548 1653 579 superantur.
1674 550 1797 578 quamam

1013 589 1141 623 deinceps
1169 588 1278 616 miseris
1304 589 1468 616 mortalibus
1491 587 1646 616 declinandi
1667 586 1715 613 fati
1737 593 1799 621 spes

1013 634 1117 669 reliqua
1133 643 1193 662 esse
1213 635 1312 670 possit?
1334 634 1416 670 240
1432 634 1510 668 Quod
1525 634 1548 662 si
1565 634 1623 668 opis
1636 641 1651 660 a
1663 633 1715 661 diis
1732 639 1799 667 prte-

1013 684 1085 708 terea
1105 681 1172 708 nihil
1187 681 1355 714 ostendetur,
1373 681 1419 708 sed
1444 687 1555 708 necesse
1569 687 1682 715 prorsus
1698 680 1750 706 erit

1013 737 1111 773 Equis
1124 739 1192 773 ferre
1211 738 1308 765 animis
1323 737 1471 764 Parcarum
1496 736 1629 764 immobile
1649 737 1752 771 fatum:

1013 796 1161 830 Quorsum,
1172 796 1245 824 dicat
1257 795 1367 830 aliquis,
1380 795 1437 822 haec
1449 800 1504 822 tam
1520 802 1721 829 supervacanea
1737 795 1798 822 deo-

1012 848 1073 868 rum
1086 840 1112 867 in
1130 840 1204 868 cultu
1220 840 1373 876 diligentia?
1389 847 1520 876 quorsum
1537 839 1657 874 indignis
1670 839 1712 866 vel
1730 839 1797 866 liba-

1012 887 1061 921 tio,
1092 887 1133 915 vel
1159 887 1250 920 nidor.
1278 895 1392 922 quaeque
1418 887 1500 914 rebus
1520 886 1580 913 istis
1598 886 1688 913 inesse
1710 885 1797 913 fertur

168 933 242 968 ἡμᾶς
252 931 366 967 ὠφελεῖν
383 931 523 962 δύνανταις
554 929 631 956 Ἐπεὶ
648 928 714 964 μηδὲ
729 927 784 954 τῶν
794 926 903 962 ἀγαθῶν
919 926 957 952 δο-

1012 935 1115 970 praamii
1139 936 1210 963 ratio
1231 936 1376 968 tribuatur.
1395 935 1418 964 si
1439 935 1513 963 nulla
1536 943 1586 963 nos
1611 935 1638 962 in
1659 943 1688 962 re
1701 935 1797 970 iuvare

167 979 255 1014 τῆρας
269 977 370 1004 οἴεσθαι
384 977 451 1012 χρῆν
467 976 576 1007 αὐτοὺς,
589 975 684 1010 ἀλλ’ἢν
700 974 747 1001 καὶ
760 974 813 1000 τῶν
829 972 958 1000 ἐναντίων

165 1024 324 1059 ὡμολόγουν
338 1024 437 1050 αἰτίαν.
451 1022 547 1058 Εῐγὰρ
567 1022 710 1057 πέπρωται
732 1019 885 1055 ἀνθρώποις
902 1017 958 1045 εἴτε

165 1079 191 1097 τι
205 1070 317 1104 ἀγαθὸν,
331 1069 386 1095 εἴτε
404 1077 430 1095 τι
454 1069 502 1095 καὶ
527 1067 657 1098 ἐναντίον,
676 1066 752 1092 ἔσται
778 1065 807 1098 ἐξ
824 1065 958 1099 ἀνάγκης,

166 1117 214 1143 καὶ
232 1116 366 1152 παρέσται
387 1114 476 1146 τοῦτο,
503 1114 549 1140 καὶ
560 1113 743 1148 βουλομένων,
768 1111 815 1138 καὶ
844 1110 881 1146 μὴ
903 1109 959 1136 τῶν

166 1162 247 1188 θεῶν.
264 1161 356 1196 Μόνην
369 1160 423 1196 ἄρα
436 1160 484 1196 τὴν
505 1159 625 1193 ἀνάγκην
639 1157 829 1193 θεραπευτέον,
842 1155 956 1191 σμικρὰ,

166 1208 310 1244 μᾶλλονδὲ
325 1207 355 1233 τὸ
383 1206 467 1242 μηθὲν
494 1205 689 1241 φροντίσαντας
712 1203 766 1229 τῶν
794 1201 872 1233 οεῶν,
889 1203 957 1237 μήτε

164 1255 260 1281 λυπεῖν
271 1254 340 1289 μήτε
351 1253 504 1287 εὐεργετεῖν
518 1250 684 1286 δυναμένων.
697 1250 729 1275 Εἰ
740 1248 768 1275 δὲ
782 1247 812 1284 δὴ
826 1248 879 1274 τῶν
891 1248 958 1274 Μοι-

166 1300 222 1336 ρῶν
236 1300 317 1336 μόνος
333 1301 346 1326 ὁ
358 1299 405 1325 ἐπὶ
428 1298 536 1325 πάντων
556 1297 698 1323 ἐπιστατεῖ
711 1295 787 1327 Θεὸς,
806 1294 852 1321 καὶ
876 1293 957 1330 μόνος

163 1347 270 1374 τούτων
286 1346 404 1381 ὑπάρχει
427 1345 533 1381 κύριος·

1012 981 1136 1016 possint?
1155 981 1260 1017 Quippe
1277 991 1310 1011 ne
1324 984 1460 1011 bonorum
1477 982 1587 1018 quidem
1607 986 1730 1010 auctores
1749 982 1797 1009 ha-

1009 1026 1066 1054 beri
1086 1027 1213 1060 debeant,
1238 1028 1283 1056 sed
1306 1028 1351 1057 illa
1372 1029 1462 1063 potius
1488 1036 1570 1063 quam
1594 1028 1714 1063 ipsorum
1731 1034 1798 1062 quo-

1009 1080 1062 1107 que
1091 1073 1224 1101 malorum
1251 1082 1362 1103 causam
1389 1082 1451 1102 esse
1478 1074 1643 1102 fatebantur.
1681 1073 1749 1100 Nam
1773 1073 1795 1100 si

1011 1117 1094 1146 fatum
1112 1119 1173 1152 erit,
1198 1124 1228 1146 ut
1254 1120 1319 1155 quid
1337 1120 1493 1148 hominibus
1516 1128 1562 1148 seu
1587 1120 1650 1147 boni
1669 1127 1715 1146 seu
1730 1118 1794 1145 mali

1008 1163 1130 1197 eveniat;
1151 1164 1177 1191 id
1195 1165 1357 1193 necessitate
1378 1165 1496 1201 quadam
1520 1166 1635 1199 eveniet,
1660 1165 1794 1200 adeoque,

1009 1217 1057 1237 seu
1077 1210 1231 1238 volentibus
1254 1218 1302 1238 seu
1329 1211 1422 1239 invitis
1447 1211 1510 1244 diis,
1533 1211 1645 1238 omnino
1672 1210 1794 1237 futurum

1007 1255 1068 1281 erit.
1090 1254 1182 1290 Itaque
1204 1263 1258 1283 una
1281 1255 1337 1291 jam
1357 1256 1476 1291 supersit
1498 1256 1611 1283 colenda
1628 1256 1794 1287 necessitas;

1006 1299 1130 1332 deorum,
1150 1301 1197 1336 qui
1216 1309 1303 1336 neque
1319 1309 1417 1330 nocere
1428 1310 1517 1338 neque
1537 1302 1665 1337 prodesse
1683 1303 1794 1336 queant,

1006 1344 1049 1371 vel
1071 1346 1168 1380 exigua
1195 1346 1238 1373 vel
1263 1346 1337 1374 nulla
1358 1355 1470 1382 prorsus
1493 1347 1616 1374 habenda
1640 1354 1717 1374 cura.
1747 1344 1796 1373 Sin

163 1401 256 1423 autem
277 1394 371 1422 Parcis
395 1401 504 1429 quoque
530 1396 628 1428 prazest
651 1399 741 1419 rerum
756 1391 877 1418 omnium
897 1391 1053 1419 moderator
1073 1392 1154 1428 Deus,
1175 1394 1253 1429 isque
1275 1402 1413 1422 summum
1432 1403 1502 1423 unus
1522 1395 1549 1422 in
1572 1403 1619 1422 eas
1642 1395 1722 1422 habet
1745 1395 1796 1422 im-

200 1450 270 1468 num
282 1451 290 1472 ;

200 1451 290 1472 num;

163 1451 251 1515 ε’ῗιῖσι
264 1487 318 1522 γὰρ
333 1486 508 1521 οὐρανίδαι),
538 1485 614 1520 φησὶ,
631 1483 697 1517 Διὸς
717 1483 880 1522 κατέτευσε
903 1481 956 1509 κὰ-

166 1559 249 1585 ὀττι
260 1566 294 1584 κε
304 1556 451 1590 δινήσωσι
456 1556 560 1591 μένειν
570 1556 742 1583 ἀσάλευτον
754 1518 920 1588 (triﬁlem.

163 1639 198 1664 Τι
211 1638 244 1674 δὴ
261 1638 321 1673 οὐχὶ
332 1637 421 1664 πάντα
439 1636 623 1672 ὑπερθέμενος
648 1635 692 1662 τὸν
708 1632 894 1669 παμὸασιλέα,
910 1633 958 1659 καὶ

162 1686 215 1721 τῆς
231 1684 401 1720 εἱμαρμένης
412 1683 545 1718 δεσπότην
558 1683 637 1717 μόνον
646 1681 711 1708 Θεὸν
724 1679 793 1708 εὲναι
807 1679 957 1715 ὁμολογεῖς,

164 1731 212 1758 καὶ
229 1731 310 1765 μόνον
322 1729 432 1764 ἀγαθῶν
446 1729 547 1764 δοτῆρα
570 1727 617 1754 καὶ
633 1727 741 1762 σωτῆρα
754 1735 760 1760 ;
785 1727 825 1753 ὅτι
842 1725 874 1762 δὴ
886 1725 959 1761 μόνῳ

164 1778 241 1814 αὐτῷ
254 1778 301 1804 καὶ
314 1777 332 1804 ἃ
344 1777 395 1813 φῇς
411 1777 539 1812 Μοιράων
553 1776 729 1812 ἀμετάτρυπα
738 1775 820 1811 δήνεα
835 1774 957 1810 τρέπειν,

163 1825 212 1852 καὶ
228 1823 422 1859 μεταλλάττειν
439 1822 543 1858 ῥᾴδιον·
559 1823 596 1854 ὼς
625 1821 687 1857 μήτ’
704 1821 821 1858 ἀνάγκῃ,
838 1822 905 1857 μήτε
920 1821 960 1847 εἰ-

167 1869 310 1905 μαρμένῃ,
322 1867 367 1894 τὸν
374 1866 412 1902 τῷ
424 1865 593 1902 παμϐασιλεῐ
606 1866 666 1901 Θεῷ
681 1865 899 1901 καθωσιωμένον,
911 1865 959 1892 καὶ

165 1915 247 1950 μόνον
261 1913 341 1940 αὐτὸν
360 1912 521 1939 εὐσεϐοῦντα
531 1933 539 1944 ,
558 1912 705 1939 δουλεύειν·
717 1910 760 1938 οἷα
773 1912 801 1939 δὲ
817 1911 957 1947 ἐλεύθερον

163 1960 213 1986 καὶ
229 1959 330 1990 παντὸς
349 1959 496 1994 ἀφειμένον
519 1958 630 1994 δεσμοῦ,
645 1960 704 1990 ταῖς
728 1958 828 1989 ἐνθέοις
843 1957 889 1984 καὶ
906 1965 958 1982 σω-

162 2005 326 2041 τηριώδεσιν
338 2005 505 2040 οἰκονομίαις
530 2004 677 2035 ἀκωλύτως
701 2002 859 2038 ἐφέπεσθαι.
886 2001 956 2028 Ἀλλ’

162 2052 178 2078 ὁ
197 2052 247 2086 μὲν
261 2050 364 2086 ἀληθὴς
381 2051 494 2078 τοιαῦτα
511 2050 654 2087 προφαίνει
678 2049 767 2083 λόγος·
793 2049 808 2074 ὁ
829 2048 852 2074 δ’
869 2048 957 2083 ἐμπα-

159 2097 205 2124 λιν
226 2097 277 2133 ὅρα
303 2097 348 2124 διὰ
381 2097 462 2124 τίνων
492 2097 559 2133 φησὶ
587 2096 621 2123 τὰ
646 2095 696 2130 τῆς
719 2094 888 2130 εἱμαρμένης
911 2092 958 2119 λύ-

161 2144 252 2171 εσθαι.

431 2285 629 2313 ΚΕΦΑΛΑΙΟΝ
651 2284 687 2311 Δ’.

161 2337 227 2364 ὀτι
237 2335 286 2363 διὰ
298 2334 424 2370 μαγείας
434 2332 509 2367 φασὶ
519 2331 555 2358 τὰ
565 2330 619 2365 τῆς
631 2328 807 2365 εἱμαρμένης
816 2328 952 2355 λύεσθαι.

199 2422 209 2438 ι
225 2412 373 2448 Δεηθέντος
383 2411 436 2446 γάρ
449 2418 520 2440 τινος
534 2407 732 2440 καταδέξασθαι
750 2407 826 2438 Θεὸν,
841 2406 926 2432 εἰπὼν
939 2405 953 2431 ό

158 2460 238 2490 Θεὸς,
255 2459 295 2485 ὅτι
309 2457 492 2493 ἀνεπιτήδειός
507 2457 564 2482 ἐστι
576 2455 619 2481 διὰ
636 2454 665 2480 τὸ
681 2453 733 2479 ὑπὸ
748 2452 854 2487 φύσεως
867 2460 952 2478 κατα-

159 2504 295 2535 δεδέσθαι,
307 2503 354 2530 καὶ
370 2503 413 2529 διὰ
430 2502 516 2534 τοῦτο,
544 2499 783 2535 ὑποτροπιασμοὺς
799 2497 953 2532 ὑπαγορεύ-

159 2560 221 2582 σας,
234 2551 342 2583 ἐπάγει*

163 2695 250 2727 Ῥιπὴ
266 2695 322 2729 (48)
338 2694 475 2729 δαιμονίη
494 2693 548 2728 γὰρ
562 2692 629 2729 diu;
650 2690 841 2729 ἐπιδέδρομεν
853 2688 932 2722 ἀλκὴ

158 2725 248 2759 Sarni
269 2725 393 2764 ’γνῶ-οῖς,⁷
413 2729 449 2762 ἅς
467 2725 481 2750 ἃ
497 2725 502 2728 ’
511 2725 568 2763 imi
590 2736 627 2756 σε
644 2726 751 2762 φυγεῖν
775 2725 950 2795 uigilaru-

195 2819 207 2832 α
228 2813 271 2839 ἲσ.
289 2812 316 2846 η.

197 2870 254 2903 (48)
273 2868 369 2903 Ῥιπή,
389 2868 506 2895 Omnino
531 2874 627 2894 sensus
651 2865 744 2899 exigit,
761 2864 847 2904 ut__vel
861 2863 947 2904 puti},

159 2906 202 2931 vel
227 2900 307 2939 ἀλκή,
327 2900 357 2930 in
370 2904 449 2930 dandi
475 2911 538 2930 casu
564 2900 835 2939 ponantul‘_:_malim
859 2903 947 2939 tamen

161 2940 242 2975 ριπῆ.
258 2933 311 2966 Nec
330 2939 418 2965 minus
441 2939 465 2964 in
485 2933 570 2965 altero
583 2945 672 2967 versu,
686 2936 716 2962 τὸ
733 2934 770 2968 ἥν
787 2933 948 2968 praetulerim

1011 1482 1061 1510 His
1075 1483 1182 1516 ctenim,
1195 1484 1293 1519 inquit,
1306 1485 1395 1519 magni
1406 1483 1480 1512 Jovis
1493 1485 1586 1512 annuit
1598 1486 1684 1512 ardua
1696 1487 1792 1515 cervis,

1010 1549 1046 1586 Ut
1066 1554 1136 1576 certo
1156 1551 1284 1586 quidquid
1308 1551 1393 1579 volvat
1408 1552 1456 1578 sub
1476 1551 1569 1586 pollice
1582 1552 1669 1586 fusus,

971 1596 993 1626 ρ
1009 1585 1153 1612 Immotum
1162 1585 1285 1614 'mwieat.

1008 1631 1110 1664 Quidni
1124 1639 1189 1667 ergo
1204 1639 1284 1666 quem
1301 1636 1328 1659 tu
1348 1639 1439 1667 regem
1455 1633 1587 1665 universi,
1604 1641 1685 1668 supra
1701 1641 1792 1661 rerum

1008 1678 1131 1705 omnium
1154 1678 1266 1713 gradum
1286 1683 1313 1705 et
1335 1679 1474 1710 ordinem,
1497 1678 1636 1714 ipsiusque
1659 1679 1726 1706 adeo
1745 1679 1794 1707 lati

1008 1723 1147 1751 dominum
1162 1725 1317 1757 constituis,
1332 1724 1456 1751 eumdem
1471 1725 1559 1752 solum
1575 1733 1684 1760 quoque
1697 1725 1792 1760 Deum,

1007 1773 1035 1797 ει
1051 1770 1184 1797 bonorum
1202 1774 1342 1798 auctorem
1373 1778 1468 1802 unum.
1495 1778 1525 1798 ac
1546 1776 1710 1798 servatorem
1732 1779 1794 1800 esse

1008 1816 1162 1844 conﬁteris?
1177 1817 1277 1852 quippe
1296 1817 1342 1852 qui
1362 1817 1438 1844 solus
1455 1817 1535 1844 etiam
1549 1818 1739 1852 immutabilia,
1753 1820 1792 1846 uti

1008 1871 1100 1896 vocas,
1126 1863 1274 1890 Parcarum
1303 1864 1412 1891 decreta
1435 1869 1541 1891 mutare
1559 1866 1666 1900 pOSsit:
1693 1871 1721 1893 ut
1745 1867 1792 1901 qui

1009 1910 1091 1936 semel
1114 1909 1236 1936 universi
1260 1909 1316 1944 regi
1342 1914 1529 1942 consecratus,
1555 1918 1639 1937 unum
1664 1919 1725 1938 eum
1748 1920 1794 1940 co-

1008 1955 1064 1982 lere
1083 1955 1206 1989 cceperit,
1223 1955 1246 1982 is
1261 1962 1351 1990 neque
1368 1955 1522 1983 necessitati
1541 1955 1682 1991 deinceps,
1705 1965 1793 1993 neque

1008 2001 1064 2028 fato
1080 2001 1191 2034 serviat,
1217 2001 1263 2028 sed
1287 2005 1417 2035 tanquam
1439 2001 1516 2033 liber,
1537 2003 1665 2037 omnique
1686 2003 1792 2032 solutus

1007 2047 1127 2079 vinculo,
1143 2046 1243 2073 divinis
1259 2051 1363 2074 tantutn
1383 2055 1414 2074 ac
1431 2047 1597 2074 salutaribus
1615 2048 1682 2075 citra
1707 2049 1790 2076 ullum

1008 2093 1231 2128 impedimentum
1250 2093 1355 2128 legibus
1369 2098 1395 2120 ct
1408 2093 1541 2120 institutis
1561 2094 1736 2129 obsequatur.
1757 2094 1793 2123 At

1008 2140 1059 2167 ista
1073 2140 1181 2174 quidem
1193 2147 1262 2166 vera:
1274 2139 1388 2166 rationis
1400 2139 1479 2167 docet
1490 2140 1646 2167 auctoritas.
1661 2140 1701 2168 Tu
1716 2149 1790 2175 vero,

1008 2185 1107 2220 quibus
1122 2186 1229 2212 tandem
1246 2185 1351 2213 artibus
1368 2186 1438 2213 idem
1454 2186 1633 2222 philosophus
1644 2186 1696 2214 vim
1717 2187 1790 2216 illam

1007 2231 1055 2259 fati
1077 2231 1145 2259 solvi
1164 2239 1246 2267 posse
1261 2231 1357 2264 tradat,
1376 2239 1482 2260 mecum
1501 2233 1618 2260 intuere.

1304 2277 1418 2306 CAPUT
1445 2277 1489 2307 IV.

1055 2323 1165 2357 Fatum,
1189 2329 1219 2351 ut
1242 2324 1491 2385 ipsimetlfotentur,
1514 2325 1625 2359 magicis
1640 2325 1740 2351 artibus

1317 2368 1346 2385 so
1360 2367 1383 2385 vt
1398 2367 1481 2385 nosse.

1317 2367 1383 2386 ευιυι
1398 2367 1481 2393 ροισι.

1045 2416 1054 2432 ‹
1077 2405 1144 2433 Nam
1166 2414 1228 2433 cum
1249 2405 1319 2433 forte
1339 2405 1475 2440 quispiam
1496 2405 1662 2438 obsecraret,
1687 2406 1738 2433 sibi
1760 2411 1790 2434 ut

1006 2459 1106 2479 numen
1123 2451 1248 2485 excipere
1262 2451 1371 2483 liceret;
1388 2450 1459 2477 Deus
1473 2457 1534 2477 eum
1557 2450 1620 2477 huic
1636 2449 1675 2477 rei
1698 2450 1790 2478 minus

1007 2498 1148 2531 idoneum,
1165 2497 1237 2533 quod
1252 2501 1356 2525 natura:
1371 2497 1486 2524 vinculis
1499 2496 1662 2524 constrictus
1683 2501 1789 2524 tenere-

1005 2550 1059 2578 tur,
1085 2545 1160 2571 illum
1185 2551 1245 2571 esse
1266 2543 1450 2578 responderet,
1467 2550 1553 2577 eoque
1586 2547 1676 2570 certos
1708 2550 1789 2578 quos-

1004 2591 1065 2618 dam
1107 2590 1326 2624 procurationum
1361 2589 1600 2624 expiationumque
1635 2590 1705 2617 ritus
1735 2590 1787 2625 ipsi

1003 2636 1200 2671 praescriberet,
1219 2636 1255 2663 ita
1282 2635 1438 2670 subjunxit:

1006 2693 1085 2755 ῗῇι
1106 2692 1151 2719 Vis
1172 2692 1262 2719 divina
1278 2698 1322 2718 tuo
1343 2692 1444 2726 pridem
1465 2700 1558 2726 magno
1579 2693 1671 2727 impete
1691 2693 1786 2720 victria;

1024 2728 1130 2754 "cubuit
1145 2729 1241 2755 acneri.
1260 2727 1367 2755 Modica
1381 2727 1448 2754 hanc
1461 2727 1549 2755 facere
1565 2733 1621 2755 arte
1641 2729 1739 2755 licebit.

1024 2727 1130 2754 "cubuit
1144 2729 1241 2763 generi.
1260 2727 1367 2762 Magia:
1381 2727 1448 2754 hanc
1461 2727 1549 2762 fugere
1565 2733 1621 2755 arte
1641 2729 1739 2755 licebit.

1003 2863 1040 2895 τῷ
1064 2862 1114 2895 ᾶς”
1136 2861 1265 2896 agebatur
1291 2861 1374 2893 enim,
1399 2859 1625 2896 quemadmodum
1652 2860 1701 2887 iste
1729 2858 1781 2886 vim

1003 2899 1074 2925 illam
1091 2895 1221 2925 daemonis
1235 2895 1335 2924 evitare
1353 2904 1384 2923 ac
1399 2895 1534 2924 declinare
1552 2900 1651 2930 posset.
