  <div class='ocr_page' id='page_1' title='image "/cluster/home/n/w/nwhite01/storage/ocr_20150623/21/njp.32101077772489/239.png"; bbox 0 0 2063 3211; ppageno 0'>
   <div class='ocr_carea' id='block_1_1' title="bbox 243 195 293 224">
    <p class='ocr_par' dir='ltr' id='par_1_1' title="bbox 243 195 293 224">
     <span class='ocr_line' id='line_1_1' title="bbox 243 195 293 224; baseline 0.02 -1"><span class='ocrx_word' id='word_1_1' title='bbox 243 195 293 224; x_wconf 74' lang='grc' dir='ltr'><strong>ιιι</strong></span> 
     </span>
    </p>
   </div>
   <div class='ocr_carea' id='block_1_2' title="bbox 565 192 1530 224">
    <p class='ocr_par' dir='ltr' id='par_1_2' title="bbox 565 192 1530 224">
     <span class='ocr_line' id='line_1_2' title="bbox 565 192 1530 224; baseline 0.003 -3"><span class='ocrx_word' id='word_1_2' title='bbox 565 193 700 221; x_wconf 84' lang='lat' dir='ltr'><strong>EUSEBII</strong></span> <span class='ocrx_word' id='word_1_3' title='bbox 720 192 959 220; x_wconf 68' lang='lat' dir='ltr'><strong>CASSARIENSIS</strong></span> <span class='ocrx_word' id='word_1_4' title='bbox 977 192 1051 221; x_wconf 84' lang='lat' dir='ltr'><strong>OPP.</strong></span> <span class='ocrx_word' id='word_1_5' title='bbox 1071 193 1161 222; x_wconf 80' lang='lat' dir='ltr'><strong>PARS</strong></span> <span class='ocrx_word' id='word_1_6' title='bbox 1181 194 1211 222; x_wconf 91' lang='lat' dir='ltr'><strong>ll.</strong></span> <span class='ocrx_word' id='word_1_7' title='bbox 1233 210 1268 215; x_wconf 95' lang='lat'><strong><em>—</em></strong></span> <span class='ocrx_word' id='word_1_8' title='bbox 1281 194 1530 224; x_wconf 78' lang='lat' dir='ltr'><strong>APOLOGETICA.</strong></span> 
     </span>
    </p>
   </div>
   <div class='ocr_carea' id='block_1_3' title="bbox 1815 196 1869 224">
    <p class='ocr_par' dir='ltr' id='par_1_3' title="bbox 1815 196 1869 224">
     <span class='ocr_line' id='line_1_3' title="bbox 1815 196 1869 224; baseline 0 0"><span class='ocrx_word' id='word_1_9' title='bbox 1815 196 1869 224; x_wconf 67' lang='grc' dir='ltr'><strong>ΗΞ</strong></span> 
     </span>
    </p>
   </div>
   <div class='ocr_carea' id='block_1_4' title="bbox 246 250 1032 291">
    <p class='ocr_par' dir='ltr' id='par_1_4' title="bbox 246 251 1028 291">
     <span class='ocr_line' id='line_1_4' title="bbox 246 251 1028 291; baseline -0.008 -8"><span class='ocrx_word' id='word_1_10' title='bbox 246 256 284 282; x_wconf 74' lang='lat' dir='ltr'><strong>Ex</strong></span> <span class='ocrx_word' id='word_1_11' title='bbox 300 255 400 291; x_wconf 87' lang='lat' dir='ltr'><strong>quibus</strong></span> <span class='ocrx_word' id='word_1_12' title='bbox 415 253 558 281; x_wconf 84' lang='lat' dir='ltr'><strong>manifeste</strong></span> <span class='ocrx_word' id='word_1_13' title='bbox 576 254 700 287; x_wconf 73' lang='lat' dir='ltr'><strong>profecto</strong></span> <span class='ocrx_word' id='word_1_14' title='bbox 716 255 833 281; x_wconf 79' lang='lat' dir='ltr'><strong>constat.</strong></span> <span class='ocrx_word' id='word_1_15' title='bbox 847 251 982 287; x_wconf 79' lang='lat' dir='ltr'><strong>magicam</strong></span> <span class='ocrx_word' id='word_1_16' title='bbox 999 252 1028 278; x_wconf 91' lang='lat' dir='ltr'><strong>il-</strong></span> 
     </span>
    </p>
   </div>
   <div class='ocr_carea' id='block_1_5' title="bbox 1084 250 1869 291">
    <p class='ocr_par' dir='ltr' id='par_1_5' title="bbox 1084 250 1869 291">
     <span class='ocr_line' id='line_1_5' title="bbox 1084 250 1869 291; baseline 0.005 -12"><span class='ocrx_word' id='word_1_17' title='bbox 1084 253 1117 279; x_wconf 71' lang='grc' dir='ltr'><strong>Δι’</strong></span> <span class='ocrx_word' id='word_1_18' title='bbox 1128 250 1165 280; x_wconf 83' lang='grc' dir='ltr'>ὧν</span> <span class='ocrx_word' id='word_1_19' title='bbox 1178 253 1224 280; x_wconf 72' lang='grc' dir='ltr'>καὶ</span> <span class='ocrx_word' id='word_1_20' title='bbox 1237 254 1328 288; x_wconf 83' lang='grc' dir='ltr'>σαφῶς</span> <span class='ocrx_word' id='word_1_21' title='bbox 1341 254 1495 290; x_wconf 86' lang='grc' dir='ltr'>δεδήλωται,</span> <span class='ocrx_word' id='word_1_22' title='bbox 1509 255 1550 281; x_wconf 86' lang='grc' dir='ltr'>ὃτι</span> <span class='ocrx_word' id='word_1_23' title='bbox 1566 255 1582 290; x_wconf 82' lang='grc' dir='ltr'><strong>ἡ</strong></span> <span class='ocrx_word' id='word_1_24' title='bbox 1595 255 1695 290; x_wconf 82' lang='grc' dir='ltr'>μαγεία</span> <span class='ocrx_word' id='word_1_25' title='bbox 1705 256 1735 282; x_wconf 68' lang='grc' dir='ltr'>ἐν</span> <span class='ocrx_word' id='word_1_26' title='bbox 1745 255 1784 291; x_wconf 82' lang='grc' dir='ltr'>τῷ</span> <span class='ocrx_word' id='word_1_27' title='bbox 1795 256 1869 283; x_wconf 84' lang='grc' dir='ltr'>λύειν</span> 
     </span>
    </p>
   </div>
   <div class='ocr_carea' id='block_1_6' title="bbox 245 297 1029 335">
    <p class='ocr_par' dir='ltr' id='par_1_6' title="bbox 245 297 1029 335">
     <span class='ocr_line' id='line_1_6' title="bbox 245 297 1029 335; baseline -0.006 -6"><span class='ocrx_word' id='word_1_28' title='bbox 245 303 297 329; x_wconf 91' lang='lat' dir='ltr'><strong>lam</strong></span> <span class='ocrx_word' id='word_1_29' title='bbox 321 307 417 334; x_wconf 90' lang='lat' dir='ltr'><strong>artem,</strong></span> <span class='ocrx_word' id='word_1_30' title='bbox 434 308 495 335; x_wconf 63' lang='lat' dir='ltr'><strong>quae</strong></span> <span class='ocrx_word' id='word_1_31' title='bbox 517 300 544 326; x_wconf 92' lang='lat' dir='ltr'><strong>in</strong></span> <span class='ocrx_word' id='word_1_32' title='bbox 566 298 695 326; x_wconf 83' lang='lat' dir='ltr'><strong>solvenda</strong></span> <span class='ocrx_word' id='word_1_33' title='bbox 713 297 759 325; x_wconf 80' lang='lat' dir='ltr'><strong>fati</strong></span> <span class='ocrx_word' id='word_1_34' title='bbox 785 299 948 326; x_wconf 86' lang='lat' dir='ltr'><strong>necessitate</strong></span> <span class='ocrx_word' id='word_1_35' title='bbox 971 306 1029 326; x_wconf 89' lang='lat' dir='ltr'><strong>ver-</strong></span> 
     </span>
    </p>
   </div>
   <div class='ocr_carea' id='block_1_7' title="bbox 214 344 1028 380">
    <p class='ocr_par' dir='ltr' id='par_1_7' title="bbox 214 344 1028 380">
     <span class='ocr_line' id='line_1_7' title="bbox 214 344 1028 380; baseline -0.006 -5"><span class='ocrx_word' id='word_1_36' title='bbox 214 358 225 362; x_wconf 51' lang='grc' dir='ltr'><strong>τ</strong></span> <span class='ocrx_word' id='word_1_37' title='bbox 244 353 330 379; x_wconf 83' lang='lat' dir='ltr'><strong>satur,</strong></span> <span class='ocrx_word' id='word_1_38' title='bbox 345 348 379 375; x_wconf 89' lang='lat' dir='ltr'><strong>ad</strong></span> <span class='ocrx_word' id='word_1_39' title='bbox 404 355 463 374; x_wconf 90' lang='lat' dir='ltr'><strong>eam</strong></span> <span class='ocrx_word' id='word_1_40' title='bbox 490 349 628 380; x_wconf 76' lang='lat' dir='ltr'><strong>utcunque</strong></span> <span class='ocrx_word' id='word_1_41' title='bbox 647 344 847 377; x_wconf 85' lang='lat' dir='ltr'><strong>declinandam,</strong></span> <span class='ocrx_word' id='word_1_42' title='bbox 871 344 1028 372; x_wconf 73' lang='lat' dir='ltr'><strong>[nominibus</strong></span> 
     </span>
    </p>
   </div>
   <div class='ocr_carea' id='block_1_8' title="bbox 244 390 1030 425">
    <p class='ocr_par' dir='ltr' id='par_1_8' title="bbox 244 390 1030 425">
     <span class='ocr_line' id='line_1_8' title="bbox 244 390 1030 425; baseline -0.005 -4"><span class='ocrx_word' id='word_1_43' title='bbox 244 394 335 421; x_wconf 88' lang='lat' dir='ltr'><strong>divino</strong></span> <span class='ocrx_word' id='word_1_44' title='bbox 352 400 463 420; x_wconf 89' lang='lat' dir='ltr'><strong>munere</strong></span> <span class='ocrx_word' id='word_1_45' title='bbox 477 399 634 419; x_wconf 82' lang='lat' dir='ltr'><strong>concessam</strong></span> <span class='ocrx_word' id='word_1_46' title='bbox 647 390 743 417; x_wconf 83' lang='lat' dir='ltr'><strong>fuisse.</strong></span> <span class='ocrx_word' id='word_1_47' title='bbox 763 399 772 416; x_wconf 72' lang='grc' dir='ltr'><strong>ι</strong></span> <span class='ocrx_word' id='word_1_48' title='bbox 792 390 880 425; x_wconf 83' lang='lat' dir='ltr'><strong>Atque</strong></span> <span class='ocrx_word' id='word_1_49' title='bbox 894 390 952 417; x_wconf 57' lang='lat' dir='ltr'><strong>hac</strong></span> <span class='ocrx_word' id='word_1_50' title='bbox 970 398 1030 417; x_wconf 87' lang='lat' dir='ltr'><strong>ora-</strong></span> 
     </span>
    </p>
   </div>
   <div class='ocr_carea' id='block_1_9' title="bbox 246 435 1029 474">
    <p class='ocr_par' dir='ltr' id='par_1_9' title="bbox 246 435 1029 474">
     <span class='ocr_line' id='line_1_9' title="bbox 246 435 1029 474; baseline -0.005 -6"><span class='ocrx_word' id='word_1_51' title='bbox 246 441 284 468; x_wconf 90' lang='lat' dir='ltr'><strong>tio</strong></span> <span class='ocrx_word' id='word_1_52' title='bbox 297 439 440 474; x_wconf 83' lang='lat' dir='ltr'><strong>Porphyrii</strong></span> <span class='ocrx_word' id='word_1_53' title='bbox 458 442 514 465; x_wconf 88' lang='lat' dir='ltr'><strong>tota</strong></span> <span class='ocrx_word' id='word_1_54' title='bbox 540 442 592 470; x_wconf 89' lang='lat' dir='ltr'><strong>est,</strong></span> <span class='ocrx_word' id='word_1_55' title='bbox 614 444 668 464; x_wconf 93' lang='lat' dir='ltr'><strong>non</strong></span> <span class='ocrx_word' id='word_1_56' title='bbox 684 445 754 464; x_wconf 89' lang='lat' dir='ltr'><strong>mea.</strong></span> <span class='ocrx_word' id='word_1_57' title='bbox 779 435 843 469; x_wconf 85' lang='lat' dir='ltr'><strong>Sed,</strong></span> <span class='ocrx_word' id='word_1_58' title='bbox 868 437 915 471; x_wconf 85' lang='lat' dir='ltr'><strong>qui</strong></span> <span class='ocrx_word' id='word_1_59' title='bbox 935 441 1029 465; x_wconf 82' lang='lat' dir='ltr'><strong>auctor</strong></span> 
     </span>
    </p>
   </div>
   <div class='ocr_carea' id='block_1_10' title="bbox 245 483 1029 519">
    <p class='ocr_par' dir='ltr' id='par_1_10' title="bbox 245 483 1029 519">
     <span class='ocr_line' id='line_1_10' title="bbox 245 483 1029 519; baseline -0.005 -6"><span class='ocrx_word' id='word_1_60' title='bbox 245 486 347 514; x_wconf 88' lang='lat' dir='ltr'><strong>homini</strong></span> <span class='ocrx_word' id='word_1_61' title='bbox 362 490 420 512; x_wconf 87' lang='lat' dir='ltr'><strong>erat</strong></span> <span class='ocrx_word' id='word_1_62' title='bbox 440 485 477 512; x_wconf 90' lang='lat' dir='ltr'><strong>uti</strong></span> <span class='ocrx_word' id='word_1_63' title='bbox 495 484 608 519; x_wconf 77' lang='lat' dir='ltr'><strong>magicis</strong></span> <span class='ocrx_word' id='word_1_64' title='bbox 628 484 733 511; x_wconf 85' lang='lat' dir='ltr'><strong>artibus</strong></span> <span class='ocrx_word' id='word_1_65' title='bbox 749 483 797 511; x_wconf 83' lang='lat' dir='ltr'><strong>fati</strong></span> <span class='ocrx_word' id='word_1_66' title='bbox 819 484 872 510; x_wconf 81' lang='lat' dir='ltr'><strong>vim</strong></span> <span class='ocrx_word' id='word_1_67' title='bbox 889 484 1029 519; x_wconf 81' lang='lat' dir='ltr'><strong>legemque</strong></span> 
     </span>
    </p>
   </div>
   <div class='ocr_carea' id='block_1_11' title="bbox 245 529 1029 565">
    <p class='ocr_par' dir='ltr' id='par_1_11' title="bbox 245 529 1029 565">
     <span class='ocr_line' id='line_1_11' title="bbox 245 529 1029 565; baseline -0.006 -5"><span class='ocrx_word' id='word_1_68' title='bbox 245 534 370 565; x_wconf 82' lang='lat' dir='ltr'><strong>solveret,</strong></span> <span class='ocrx_word' id='word_1_69' title='bbox 392 532 463 559; x_wconf 89' lang='lat' dir='ltr'><strong>idem</strong></span> <span class='ocrx_word' id='word_1_70' title='bbox 481 539 542 558; x_wconf 87' lang='lat' dir='ltr'><strong>cum</strong></span> <span class='ocrx_word' id='word_1_71' title='bbox 565 529 637 557; x_wconf 91' lang='lat' dir='ltr'><strong>Deus</strong></span> <span class='ocrx_word' id='word_1_72' title='bbox 655 534 744 564; x_wconf 84' lang='lat' dir='ltr'><strong>esset,</strong></span> <span class='ocrx_word' id='word_1_73' title='bbox 766 529 861 564; x_wconf 89' lang='lat' dir='ltr'><strong>quidni</strong></span> <span class='ocrx_word' id='word_1_74' title='bbox 885 529 1029 564; x_wconf 87' lang='lat' dir='ltr'><strong>prohibere</strong></span> 
     </span>
    </p>
   </div>
   <div class='ocr_carea' id='block_1_12' title="bbox 243 576 1030 616">
    <p class='ocr_par' dir='ltr' id='par_1_12' title="bbox 243 576 1030 616">
     <span class='ocr_line' id='line_1_12' title="bbox 243 576 1030 616; baseline -0.006 -8"><span class='ocrx_word' id='word_1_75' title='bbox 243 581 342 616; x_wconf 87' lang='lat' dir='ltr'><strong>potuit,</strong></span> <span class='ocrx_word' id='word_1_76' title='bbox 360 580 508 615; x_wconf 88' lang='lat' dir='ltr'><strong>quominus</strong></span> <span class='ocrx_word' id='word_1_77' title='bbox 532 578 607 606; x_wconf 78' lang='lat' dir='ltr'><strong>fatali</strong></span> <span class='ocrx_word' id='word_1_78' title='bbox 633 586 712 606; x_wconf 90' lang='lat' dir='ltr'><strong>suum</strong></span> <span class='ocrx_word' id='word_1_79' title='bbox 731 579 818 612; x_wconf 87' lang='lat' dir='ltr'><strong>ipsius</strong></span> <span class='ocrx_word' id='word_1_80' title='bbox 831 577 959 612; x_wconf 86' lang='lat' dir='ltr'><strong>templum</strong></span> <span class='ocrx_word' id='word_1_81' title='bbox 982 576 1030 604; x_wconf 86' lang='lat' dir='ltr'><strong>l‘ul—</strong></span> 
     </span>
    </p>
   </div>
   <div class='ocr_carea' id='block_1_13' title="bbox 244 622 1028 660">
    <p class='ocr_par' dir='ltr' id='par_1_13' title="bbox 244 622 1028 660">
     <span class='ocr_line' id='line_1_13' title="bbox 244 622 1028 660; baseline -0.006 -7"><span class='ocrx_word' id='word_1_82' title='bbox 244 626 317 653; x_wconf 90' lang='lat' dir='ltr'><strong>mine</strong></span> <span class='ocrx_word' id='word_1_83' title='bbox 339 624 518 660; x_wconf 76' lang='lat' dir='ltr'><strong>deﬂagrat-et?</strong></span> <span class='ocrx_word' id='word_1_84' title='bbox 542 625 599 651; x_wconf 93' lang='lat' dir='ltr'><strong>lmo</strong></span> <span class='ocrx_word' id='word_1_85' title='bbox 621 631 695 656; x_wconf 86' lang='lat' dir='ltr'><strong>vero,</strong></span> <span class='ocrx_word' id='word_1_86' title='bbox 724 623 770 657; x_wconf 92' lang='lat' dir='ltr'><strong>qui</strong></span> <span class='ocrx_word' id='word_1_87' title='bbox 795 622 829 648; x_wconf 86' lang='lat' dir='ltr'><strong>ad</strong></span> <span class='ocrx_word' id='word_1_88' title='bbox 849 622 1028 649; x_wconf 84' lang='lat' dir='ltr'><strong>consectanda</strong></span> 
     </span>
    </p>
   </div>
   <div class='ocr_carea' id='block_1_14' title="bbox 244 668 1025 706">
    <p class='ocr_par' dir='ltr' id='par_1_14' title="bbox 244 668 1025 706">
     <span class='ocr_line' id='line_1_14' title="bbox 244 668 1025 706; baseline -0.004 -9"><span class='ocrx_word' id='word_1_89' title='bbox 244 678 298 698; x_wconf 90' lang='lat' dir='ltr'><strong>non</strong></span> <span class='ocrx_word' id='word_1_90' title='bbox 323 671 518 706; x_wconf 77' lang='lat' dir='ltr'><strong>philosophiae,</strong></span> <span class='ocrx_word' id='word_1_91' title='bbox 545 669 591 698; x_wconf 91' lang='lat' dir='ltr'><strong>sed</strong></span> <span class='ocrx_word' id='word_1_92' title='bbox 613 669 708 704; x_wconf 66' lang='lat' dir='ltr'><strong>magiae</strong></span> <span class='ocrx_word' id='word_1_93' title='bbox 740 668 831 696; x_wconf 84' lang='lat' dir='ltr'><strong>studia</strong></span> <span class='ocrx_word' id='word_1_94' title='bbox 851 668 1025 700; x_wconf 81' lang='lat' dir='ltr'><strong>cohortatur,</strong></span> 
     </span>
    </p>
   </div>
   <div class='ocr_carea' id='block_1_15' title="bbox 1082 299 1888 337">
    <p class='ocr_par' dir='ltr' id='par_1_15' title="bbox 1082 299 1888 337">
     <span class='ocr_line' id='line_1_15' title="bbox 1082 299 1888 337; baseline 0.006 -12"><span class='ocrx_word' id='word_1_95' title='bbox 1082 299 1116 326; x_wconf 84' lang='grc' dir='ltr'>τὰ</span> <span class='ocrx_word' id='word_1_96' title='bbox 1127 300 1177 334; x_wconf 85' lang='grc' dir='ltr'>τῆς</span> <span class='ocrx_word' id='word_1_97' title='bbox 1194 301 1364 336; x_wconf 77' lang='grc' dir='ltr'><strong>εἱμαρμένης</strong></span> <span class='ocrx_word' id='word_1_98' title='bbox 1377 301 1451 336; x_wconf 82' lang='grc' dir='ltr'>παρὰ</span> <span class='ocrx_word' id='word_1_99' title='bbox 1466 301 1534 327; x_wconf 84' lang='grc' dir='ltr'>θεῶν</span> <span class='ocrx_word' id='word_1_100' title='bbox 1559 301 1635 337; x_wconf 74' lang='grc' dir='ltr'>ἐδόθη</span> <span class='ocrx_word' id='word_1_101' title='bbox 1650 303 1688 333; x_wconf 77' lang='grc' dir='ltr'><strong>εἰς</strong></span> <span class='ocrx_word' id='word_1_102' title='bbox 1700 302 1730 328; x_wconf 82' lang='grc' dir='ltr'>τὸ</span> <span class='ocrx_word' id='word_1_103' title='bbox 1744 303 1888 331; x_wconf 79' lang='grc' dir='ltr'>ὁπωσοῦν·</span> 
     </span>
    </p>
   </div>
   <div class='ocr_carea' id='block_1_16' title="bbox 1083 345 1870 383">
    <p class='ocr_par' dir='ltr' id='par_1_16' title="bbox 1083 345 1870 383">
     <span class='ocr_line' id='line_1_16' title="bbox 1083 345 1870 383; baseline 0.006 -12"><span class='ocrx_word' id='word_1_104' title='bbox 1083 345 1183 380; x_wconf 81' lang='grc' dir='ltr'>ταύτην</span> <span class='ocrx_word' id='word_1_105' title='bbox 1196 345 1391 382; x_wconf 77' lang='grc' dir='ltr'><strong>παρατρέπειν.</strong></span> <span class='ocrx_word' id='word_1_106' title='bbox 1415 356 1424 372; x_wconf 79' lang='grc' dir='ltr'><strong>ι</strong></span> <span class='ocrx_word' id='word_1_107' title='bbox 1440 346 1532 373; x_wconf 81' lang='grc' dir='ltr'>Ταῦτά</span> <span class='ocrx_word' id='word_1_108' title='bbox 1545 355 1586 373; x_wconf 88' lang='grc' dir='ltr'><strong>σοι</strong></span> <span class='ocrx_word' id='word_1_109' title='bbox 1599 347 1613 373; x_wconf 84' lang='grc' dir='ltr'><strong><em>ὁ</em></strong></span> <span class='ocrx_word' id='word_1_110' title='bbox 1634 347 1797 383; x_wconf 85' lang='grc' dir='ltr'>Πορφύριος,</span> <span class='ocrx_word' id='word_1_111' title='bbox 1817 349 1870 376; x_wconf 76' lang='grc' dir='ltr'>οὐκ</span> 
     </span>
    </p>
   </div>
   <div class='ocr_carea' id='block_1_17' title="bbox 1083 391 1870 429">
    <p class='ocr_par' dir='ltr' id='par_1_17' title="bbox 1083 391 1870 429">
     <span class='ocr_line' id='line_1_17' title="bbox 1083 391 1870 429; baseline 0.003 -11"><span class='ocrx_word' id='word_1_112' title='bbox 1083 391 1147 426; x_wconf 76' lang='grc' dir='ltr'><strong>ἐγώ.</strong></span> <span class='ocrx_word' id='word_1_113' title='bbox 1169 393 1196 418; x_wconf 88' lang='lat'><strong>&#39;0</strong></span> <span class='ocrx_word' id='word_1_114' title='bbox 1209 393 1298 426; x_wconf 78' lang='grc' dir='ltr'>τοίνυν</span> <span class='ocrx_word' id='word_1_115' title='bbox 1313 393 1438 427; x_wconf 81' lang='grc' dir='ltr'><strong>μαγείαις</strong></span> <span class='ocrx_word' id='word_1_116' title='bbox 1465 393 1605 428; x_wconf 79' lang='grc' dir='ltr'><strong>παραινῶν</strong></span> <span class='ocrx_word' id='word_1_117' title='bbox 1622 393 1695 420; x_wconf 77' lang='grc' dir='ltr'>λύειν</span> <span class='ocrx_word' id='word_1_118' title='bbox 1708 394 1744 420; x_wconf 78' lang='grc' dir='ltr'>τὰ</span> <span class='ocrx_word' id='word_1_119' title='bbox 1765 394 1814 429; x_wconf 82' lang='grc' dir='ltr'>τῆς</span> <span class='ocrx_word' id='word_1_120' title='bbox 1830 395 1870 421; x_wconf 83' lang='grc' dir='ltr'><strong>εἱ-</strong></span> 
     </span>
    </p>
   </div>
   <div class='ocr_carea' id='block_1_18' title="bbox 1087 438 1870 474">
    <p class='ocr_par' dir='ltr' id='par_1_18' title="bbox 1087 438 1870 474">
     <span class='ocr_line' id='line_1_18' title="bbox 1087 438 1870 474; baseline 0.003 -10"><span class='ocrx_word' id='word_1_121' title='bbox 1087 438 1240 474; x_wconf 84' lang='grc' dir='ltr'>μαρμένης,</span> <span class='ocrx_word' id='word_1_122' title='bbox 1259 438 1327 470; x_wconf 81' lang='grc' dir='ltr'>πῶς,</span> <span class='ocrx_word' id='word_1_123' title='bbox 1343 438 1423 469; x_wconf 83' lang='grc' dir='ltr'>αὐτὸς</span> <span class='ocrx_word' id='word_1_124' title='bbox 1430 438 1496 470; x_wconf 83' lang='grc' dir='ltr'>Θεὸς</span> <span class='ocrx_word' id='word_1_125' title='bbox 1509 439 1556 471; x_wconf 83' lang='grc' dir='ltr'>ὢν,</span> <span class='ocrx_word' id='word_1_126' title='bbox 1572 439 1606 465; x_wconf 84' lang='grc' dir='ltr'>τὰ</span> <span class='ocrx_word' id='word_1_127' title='bbox 1621 440 1787 474; x_wconf 81' lang='grc' dir='ltr'>πεπρωμένα</span> <span class='ocrx_word' id='word_1_128' title='bbox 1799 440 1870 467; x_wconf 81' lang='grc' dir='ltr'>κατὰ</span> 
     </span>
    </p>
   </div>
   <div class='ocr_carea' id='block_1_19' title="bbox 1083 484 1869 522">
    <p class='ocr_par' dir='ltr' id='par_1_19' title="bbox 1083 484 1869 522">
     <span class='ocr_line' id='line_1_19' title="bbox 1083 484 1869 522; baseline 0.004 -12"><span class='ocrx_word' id='word_1_129' title='bbox 1083 485 1129 511; x_wconf 82' lang='grc' dir='ltr'>τοῦ</span> <span class='ocrx_word' id='word_1_130' title='bbox 1145 485 1210 511; x_wconf 80' lang='grc' dir='ltr'>ἰδίου</span> <span class='ocrx_word' id='word_1_131' title='bbox 1225 484 1289 511; x_wconf 82' lang='grc' dir='ltr'>ναοῦ</span> <span class='ocrx_word' id='word_1_132' title='bbox 1305 484 1428 520; x_wconf 78' lang='grc' dir='ltr'>κεραυνῷ</span> <span class='ocrx_word' id='word_1_133' title='bbox 1438 485 1630 521; x_wconf 76' lang='grc' dir='ltr'>πιμπραμένου</span> <span class='ocrx_word' id='word_1_134' title='bbox 1643 486 1679 522; x_wconf 82' lang='grc' dir='ltr'>μὴ</span> <span class='ocrx_word' id='word_1_135' title='bbox 1707 486 1818 519; x_wconf 81' lang='grc' dir='ltr'>ἑλυσεν;</span> <span class='ocrx_word' id='word_1_136' title='bbox 1840 487 1869 513; x_wconf 91' lang='grc'><strong>’0</strong></span> 
     </span>
    </p>
   </div>
   <div class='ocr_carea' id='block_1_20' title="bbox 1083 529 1870 568">
    <p class='ocr_par' dir='ltr' id='par_1_20' title="bbox 1083 529 1870 568">
     <span class='ocr_line' id='line_1_20' title="bbox 1083 529 1870 568; baseline 0.004 -12"><span class='ocrx_word' id='word_1_137' title='bbox 1083 529 1110 556; x_wconf 83' lang='grc' dir='ltr'>δὲ</span> <span class='ocrx_word' id='word_1_138' title='bbox 1129 529 1161 564; x_wconf 83' lang='grc' dir='ltr'>δὴ</span> <span class='ocrx_word' id='word_1_139' title='bbox 1174 529 1312 564; x_wconf 81' lang='grc' dir='ltr'><strong>μαγεύειν,</strong></span> <span class='ocrx_word' id='word_1_140' title='bbox 1327 530 1395 556; x_wconf 79' lang='grc' dir='ltr'>ἀλλὰ</span> <span class='ocrx_word' id='word_1_141' title='bbox 1412 530 1448 565; x_wconf 84' lang='grc' dir='ltr'>μὴ</span> <span class='ocrx_word' id='word_1_142' title='bbox 1463 530 1615 566; x_wconf 71' lang='grc' dir='ltr'><strong>φιλοσοφεῖν</strong></span> <span class='ocrx_word' id='word_1_143' title='bbox 1639 532 1799 568; x_wconf 75' lang='grc' dir='ltr'><strong>παρορμῶν,</strong></span> <span class='ocrx_word' id='word_1_144' title='bbox 1811 532 1870 563; x_wconf 83' lang='grc' dir='ltr'><strong>πῶς</strong></span> 
     </span>
    </p>
   </div>
   <div class='ocr_carea' id='block_1_21' title="bbox 1083 574 1870 613">
    <p class='ocr_par' dir='ltr' id='par_1_21' title="bbox 1083 574 1870 613">
     <span class='ocr_line' id='line_1_21' title="bbox 1083 574 1870 613; baseline 0.004 -12"><span class='ocrx_word' id='word_1_145' title='bbox 1083 575 1132 601; x_wconf 75' lang='grc' dir='ltr'>οὐκ</span> <span class='ocrx_word' id='word_1_146' title='bbox 1143 574 1175 601; x_wconf 81' lang='grc' dir='ltr'>ἂν</span> <span class='ocrx_word' id='word_1_147' title='bbox 1189 575 1230 610; x_wconf 79' lang='grc' dir='ltr'>εἴη</span> <span class='ocrx_word' id='word_1_148' title='bbox 1240 575 1318 611; x_wconf 82' lang='grc' dir='ltr'>δῆλος</span> <span class='ocrx_word' id='word_1_149' title='bbox 1328 577 1418 607; x_wconf 76' lang='grc' dir='ltr'>ὁποῖος</span> <span class='ocrx_word' id='word_1_150' title='bbox 1433 576 1470 602; x_wconf 85' lang='grc' dir='ltr'>ὢν</span> <span class='ocrx_word' id='word_1_151' title='bbox 1482 577 1609 612; x_wconf 74' lang='grc' dir='ltr'><strong>τυγχάνει</strong></span> <span class='ocrx_word' id='word_1_152' title='bbox 1620 577 1664 604; x_wconf 78' lang='grc' dir='ltr'>τὸν</span> <span class='ocrx_word' id='word_1_153' title='bbox 1676 578 1792 613; x_wconf 82' lang='grc' dir='ltr'>τρόπον;</span> <span class='ocrx_word' id='word_1_154' title='bbox 1807 578 1870 604; x_wconf 74' lang='grc' dir='ltr'><strong>Ἐπὶ</strong></span> 
     </span>
    </p>
   </div>
   <div class='ocr_carea' id='block_1_22' title="bbox 1085 620 1869 660">
    <p class='ocr_par' dir='ltr' id='par_1_22' title="bbox 1085 620 1869 660">
     <span class='ocr_line' id='line_1_22' title="bbox 1085 620 1869 660; baseline 0.008 -14"><span class='ocrx_word' id='word_1_155' title='bbox 1085 621 1152 646; x_wconf 78' lang='grc' dir='ltr'>πᾶσι</span> <span class='ocrx_word' id='word_1_156' title='bbox 1166 620 1272 652; x_wconf 82' lang='grc' dir='ltr'>τούτοις</span> <span class='ocrx_word' id='word_1_157' title='bbox 1284 622 1330 648; x_wconf 79' lang='grc' dir='ltr'><strong>καὶ</strong></span> <span class='ocrx_word' id='word_1_158' title='bbox 1352 621 1508 659; x_wconf 18' lang='grc' dir='ltr'>ψεύδεσθαι,</span> <span class='ocrx_word' id='word_1_159' title='bbox 1520 624 1583 655; x_wconf 74' lang='grc' dir='ltr'>τοὺς</span> <span class='ocrx_word' id='word_1_160' title='bbox 1596 623 1672 655; x_wconf 76' lang='grc' dir='ltr'>θεοὺς</span> <span class='ocrx_word' id='word_1_161' title='bbox 1686 625 1701 651; x_wconf 80' lang='grc' dir='ltr'>ὁ</span> <span class='ocrx_word' id='word_1_162' title='bbox 1713 624 1794 656; x_wconf 82' lang='grc' dir='ltr'>αὐτὸς</span> <span class='ocrx_word' id='word_1_163' title='bbox 1803 625 1869 660; x_wconf 70' lang='grc' dir='ltr'><strong>ὁμη-</strong></span> 
     </span>
    </p>
   </div>
   <div class='ocr_carea' id='block_1_23' title="bbox 1081 666 1163 701">
    <p class='ocr_par' dir='ltr' id='par_1_23' title="bbox 1081 666 1163 701">
     <span class='ocr_line' id='line_1_23' title="bbox 1081 666 1163 701; baseline 0.024 -9"><span class='ocrx_word' id='word_1_164' title='bbox 1081 666 1163 701; x_wconf 86' lang='grc' dir='ltr'>λογεῖ.</span> 
     </span>
    </p>
   </div>
   <div class='ocr_carea' id='block_1_24' title="bbox 244 713 1850 752">
    <p class='ocr_par' dir='ltr' id='par_1_24' title="bbox 244 713 1850 752">
     <span class='ocr_line' id='line_1_24' title="bbox 244 713 1850 752; baseline -0.001 -8"><span class='ocrx_word' id='word_1_165' title='bbox 244 717 304 752; x_wconf 86' lang='lat' dir='ltr'><strong>ejus</strong></span> <span class='ocrx_word' id='word_1_166' title='bbox 322 725 412 745; x_wconf 90' lang='lat' dir='ltr'><strong>mores</strong></span> <span class='ocrx_word' id='word_1_167' title='bbox 438 717 547 744; x_wconf 80' lang='lat' dir='ltr'><strong>obscuri</strong></span> <span class='ocrx_word' id='word_1_168' title='bbox 572 724 632 744; x_wconf 88' lang='lat' dir='ltr'><strong>esse</strong></span> <span class='ocrx_word' id='word_1_169' title='bbox 649 716 696 751; x_wconf 90' lang='lat' dir='ltr'><strong>qui</strong></span> <span class='ocrx_word' id='word_1_170' title='bbox 719 714 847 750; x_wconf 81' lang='lat' dir='ltr'><strong>possint?</strong></span> <span class='ocrx_word' id='word_1_171' title='bbox 870 714 939 747; x_wconf 82' lang='lat' dir='ltr'><strong>Quid</strong></span> <span class='ocrx_word' id='word_1_172' title='bbox 961 714 1035 749; x_wconf 92' lang='lat' dir='ltr'><strong>quod</strong></span> <span class='ocrx_word' id='word_1_173' title='bbox 1053 714 1128 749; x_wconf 90' lang='lat' dir='ltr'><strong>ipsos</strong></span> <span class='ocrx_word' id='word_1_174' title='bbox 1151 720 1260 748; x_wconf 87' lang='lat' dir='ltr'><strong>quoque</strong></span> <span class='ocrx_word' id='word_1_175' title='bbox 1280 713 1346 742; x_wconf 83' lang='lat' dir='ltr'><strong>deos</strong></span> <span class='ocrx_word' id='word_1_176' title='bbox 1364 715 1484 746; x_wconf 79' lang='lat' dir='ltr'><strong>mentiri.</strong></span> <span class='ocrx_word' id='word_1_177' title='bbox 1505 716 1548 743; x_wconf 86' lang='lat' dir='ltr'><strong>bis</strong></span> <span class='ocrx_word' id='word_1_178' title='bbox 1577 716 1667 743; x_wconf 83' lang='lat' dir='ltr'><strong>verbis</strong></span> <span class='ocrx_word' id='word_1_179' title='bbox 1689 716 1850 743; x_wconf 82' lang='lat' dir='ltr'><strong>conﬁtetur?</strong></span> 
     </span>
    </p>
   </div>
   <div class='ocr_carea' id='block_1_25' title="bbox 549 782 716 810">
    <p class='ocr_par' dir='ltr' id='par_1_25' title="bbox 549 782 716 810">
     <span class='ocr_line' id='line_1_25' title="bbox 549 782 716 810; baseline 0 0"><span class='ocrx_word' id='word_1_180' title='bbox 549 782 662 810; x_wconf 82' lang='lat' dir='ltr'><strong>CAPUT</strong></span> <span class='ocrx_word' id='word_1_181' title='bbox 684 782 716 810; x_wconf 90' lang='lat' dir='ltr'><strong>V.</strong></span> 
     </span>
    </p>
   </div>
   <div class='ocr_carea' id='block_1_26' title="bbox 430 841 842 884">
    <p class='ocr_par' dir='ltr' id='par_1_26' title="bbox 430 841 842 884">
     <span class='ocr_line' id='line_1_26' title="bbox 430 841 842 884; baseline 0 -16"><span class='ocrx_word' id='word_1_182' title='bbox 430 841 507 884; x_wconf 74' lang='lat' dir='ltr'><strong>Ipsos</strong></span> <span class='ocrx_word' id='word_1_183' title='bbox 522 850 621 876; x_wconf 81' lang='lat' dir='ltr'><strong>quoque</strong></span> <span class='ocrx_word' id='word_1_184' title='bbox 639 846 709 868; x_wconf 84' lang='lat' dir='ltr'><strong>vates</strong></span> <span class='ocrx_word' id='word_1_185' title='bbox 727 841 842 868; x_wconf 81' lang='lat' dir='ltr'><strong>mentiri.</strong></span> 
     </span>
    </p>
   </div>
   <div class='ocr_carea' id='block_1_27' title="bbox 284 895 1028 932">
    <p class='ocr_par' dir='ltr' id='par_1_27' title="bbox 284 895 1028 932">
     <span class='ocr_line' id='line_1_27' title="bbox 284 895 1028 932; baseline -0.001 -9"><span class='ocrx_word' id='word_1_186' title='bbox 284 907 293 923; x_wconf 80' lang='grc' dir='ltr'><strong>ι</strong></span> <span class='ocrx_word' id='word_1_187' title='bbox 312 897 365 925; x_wconf 88' lang='lat' dir='ltr'><strong>Sed</strong></span> <span class='ocrx_word' id='word_1_188' title='bbox 378 898 521 932; x_wconf 90' lang='lat' dir='ltr'><strong>quoniam,</strong></span> <span class='ocrx_word' id='word_1_189' title='bbox 535 898 633 932; x_wconf 84' lang='lat' dir='ltr'><strong>inquit,</strong></span> <span class='ocrx_word' id='word_1_190' title='bbox 650 902 804 925; x_wconf 85' lang='lat' dir='ltr'><strong>accuratam</strong></span> <span class='ocrx_word' id='word_1_191' title='bbox 821 901 847 924; x_wconf 91' lang='lat' dir='ltr'><strong>et</strong></span> <span class='ocrx_word' id='word_1_192' title='bbox 867 895 1028 931; x_wconf 73' lang='lat' dir='ltr'><strong>exquisitam</strong></span> 
     </span>
    </p>
   </div>
   <div class='ocr_carea' id='block_1_28' title="bbox 247 942 1032 978">
    <p class='ocr_par' dir='ltr' id='par_1_28' title="bbox 247 942 1032 978">
     <span class='ocr_line' id='line_1_28' title="bbox 247 942 1032 978; baseline -0.004 -7"><span class='ocrx_word' id='word_1_193' title='bbox 247 948 384 972; x_wconf 82' lang='lat' dir='ltr'><strong>astrorum</strong></span> <span class='ocrx_word' id='word_1_194' title='bbox 403 949 502 978; x_wconf 84' lang='lat' dir='ltr'><strong>motus,</strong></span> <span class='ocrx_word' id='word_1_195' title='bbox 518 952 549 971; x_wconf 89' lang='lat' dir='ltr'><strong>ac</strong></span> <span class='ocrx_word' id='word_1_196' title='bbox 562 943 675 978; x_wconf 86' lang='lat' dir='ltr'><strong>proinde</strong></span> <span class='ocrx_word' id='word_1_197' title='bbox 694 942 848 970; x_wconf 84' lang='lat' dir='ltr'><strong>futurorum</strong></span> <span class='ocrx_word' id='word_1_198' title='bbox 865 950 898 969; x_wconf 83' lang='lat' dir='ltr'><strong>ex</strong></span> <span class='ocrx_word' id='word_1_199' title='bbox 914 949 947 969; x_wconf 91' lang='lat' dir='ltr'><strong>eo</strong></span> <span class='ocrx_word' id='word_1_200' title='bbox 965 949 1032 977; x_wconf 89' lang='lat' dir='ltr'><strong>pen-</strong></span> 
     </span>
    </p>
   </div>
   <div class='ocr_carea' id='block_1_29' title="bbox 246 988 1032 1025">
    <p class='ocr_par' dir='ltr' id='par_1_29' title="bbox 246 988 1032 1025">
     <span class='ocr_line' id='line_1_29' title="bbox 246 988 1032 1025; baseline -0.001 -9"><span class='ocrx_word' id='word_1_201' title='bbox 246 990 369 1017; x_wconf 90' lang='lat' dir='ltr'><strong>dentium</strong></span> <span class='ocrx_word' id='word_1_202' title='bbox 384 991 567 1025; x_wconf 78' lang='lat' dir='ltr'><strong>cognitionem</strong></span> <span class='ocrx_word' id='word_1_203' title='bbox 586 989 695 1024; x_wconf 86' lang='lat' dir='ltr'><strong>assequi</strong></span> <span class='ocrx_word' id='word_1_204' title='bbox 716 997 770 1016; x_wconf 90' lang='lat' dir='ltr'><strong>non</strong></span> <span class='ocrx_word' id='word_1_205' title='bbox 792 989 915 1016; x_wconf 89' lang='lat' dir='ltr'><strong>homines</strong></span> <span class='ocrx_word' id='word_1_206' title='bbox 934 988 1032 1020; x_wconf 85' lang='lat' dir='ltr'><strong>modo,</strong></span> 
     </span>
    </p>
   </div>
   <div class='ocr_carea' id='block_1_30' title="bbox 245 1033 1034 1070">
    <p class='ocr_par' dir='ltr' id='par_1_30' title="bbox 245 1033 1034 1070">
     <span class='ocr_line' id='line_1_30' title="bbox 245 1033 1034 1070; baseline -0.004 -7"><span class='ocrx_word' id='word_1_207' title='bbox 245 1035 292 1064; x_wconf 86' lang='lat' dir='ltr'><strong>sed</strong></span> <span class='ocrx_word' id='word_1_208' title='bbox 310 1044 342 1062; x_wconf 87' lang='lat' dir='ltr'><strong>ne</strong></span> <span class='ocrx_word' id='word_1_209' title='bbox 362 1035 516 1063; x_wconf 58' lang='lat' dir='ltr'><strong>daemonum</strong></span> <span class='ocrx_word' id='word_1_210' title='bbox 533 1035 642 1070; x_wconf 90' lang='lat' dir='ltr'><strong>quidem</strong></span> <span class='ocrx_word' id='word_1_211' title='bbox 665 1035 788 1070; x_wconf 89' lang='lat' dir='ltr'><strong>plerique</strong></span> <span class='ocrx_word' id='word_1_212' title='bbox 809 1038 941 1068; x_wconf 86' lang='lat' dir='ltr'><strong>possunt;</strong></span> <span class='ocrx_word' id='word_1_213' title='bbox 960 1033 990 1060; x_wconf 80' lang='lat' dir='ltr'><strong>lit</strong></span> <span class='ocrx_word' id='word_1_214' title='bbox 1005 1037 1034 1060; x_wconf 86' lang='lat' dir='ltr'><strong>ut</strong></span> 
     </span>
    </p>
   </div>
   <div class='ocr_carea' id='block_1_31' title="bbox 245 1081 1030 1117">
    <p class='ocr_par' dir='ltr' id='par_1_31' title="bbox 245 1081 1030 1117">
     <span class='ocr_line' id='line_1_31' title="bbox 245 1081 1030 1117; baseline -0.006 -8"><span class='ocrx_word' id='word_1_215' title='bbox 245 1083 262 1109; x_wconf 86' lang='lat' dir='ltr'><strong>li</strong></span> <span class='ocrx_word' id='word_1_216' title='bbox 282 1089 403 1117; x_wconf 74' lang='lat' dir='ltr'><strong>persaepe</strong></span> <span class='ocrx_word' id='word_1_217' title='bbox 432 1082 525 1110; x_wconf 88' lang='lat' dir='ltr'><strong>multis</strong></span> <span class='ocrx_word' id='word_1_218' title='bbox 551 1082 584 1109; x_wconf 89' lang='lat' dir='ltr'><strong>de</strong></span> <span class='ocrx_word' id='word_1_219' title='bbox 609 1081 690 1108; x_wconf 86' lang='lat' dir='ltr'><strong>rebus</strong></span> <span class='ocrx_word' id='word_1_220' title='bbox 709 1081 825 1110; x_wconf 82' lang='lat' dir='ltr'><strong>consulti</strong></span> <span class='ocrx_word' id='word_1_221' title='bbox 840 1081 1030 1108; x_wconf 65' lang='lat' dir='ltr'><strong>mentiantur.»</strong></span> 
     </span>
    </p>
   </div>
   <div class='ocr_carea' id='block_1_32' title="bbox 247 1126 1033 1163">
    <p class='ocr_par' dir='ltr' id='par_1_32' title="bbox 247 1126 1033 1163">
     <span class='ocr_line' id='line_1_32' title="bbox 247 1126 1033 1163; baseline -0.001 -9"><span class='ocrx_word' id='word_1_222' title='bbox 247 1128 308 1156; x_wconf 83' lang='lat' dir='ltr'><strong>Mox</strong></span> <span class='ocrx_word' id='word_1_223' title='bbox 323 1129 360 1156; x_wconf 87' lang='lat' dir='ltr'><strong>ita</strong></span> <span class='ocrx_word' id='word_1_224' title='bbox 379 1128 471 1156; x_wconf 87' lang='lat' dir='ltr'><strong>subdit</strong></span> <span class='ocrx_word' id='word_1_225' title='bbox 487 1128 653 1157; x_wconf 68' lang='lat' dir='ltr'><strong>:cElacrem</strong></span> <span class='ocrx_word' id='word_1_226' title='bbox 662 1128 772 1163; x_wconf 84' lang='lat' dir='ltr'><strong>quidem</strong></span> <span class='ocrx_word' id='word_1_227' title='bbox 790 1126 986 1154; x_wconf 81' lang='lat' dir='ltr'><strong>circumfusum</strong></span> <span class='ocrx_word' id='word_1_228' title='bbox 1006 1126 1033 1153; x_wconf 89' lang='lat' dir='ltr'><strong>in</strong></span> 
     </span>
    </p>
   </div>
   <div class='ocr_carea' id='block_1_33' title="bbox 244 1173 1034 1209">
    <p class='ocr_par' dir='ltr' id='par_1_33' title="bbox 244 1173 1034 1209">
     <span class='ocr_line' id='line_1_33' title="bbox 244 1173 1034 1209; baseline -0.003 -8"><span class='ocrx_word' id='word_1_229' title='bbox 244 1182 327 1202; x_wconf 87' lang='lat' dir='ltr'><strong>causa</strong></span> <span class='ocrx_word' id='word_1_230' title='bbox 342 1182 402 1203; x_wconf 88' lang='lat' dir='ltr'><strong>esse</strong></span> <span class='ocrx_word' id='word_1_231' title='bbox 418 1175 506 1207; x_wconf 88' lang='lat' dir='ltr'><strong>aiunt,</strong></span> <span class='ocrx_word' id='word_1_232' title='bbox 531 1175 709 1209; x_wconf 73' lang='lat' dir='ltr'><strong>quamobrem</strong></span> <span class='ocrx_word' id='word_1_233' title='bbox 726 1174 795 1201; x_wconf 82' lang='lat' dir='ltr'><strong>falsa</strong></span> <span class='ocrx_word' id='word_1_234' title='bbox 810 1173 925 1200; x_wconf 84' lang='lat' dir='ltr'><strong>edantur</strong></span> <span class='ocrx_word' id='word_1_235' title='bbox 939 1180 1034 1199; x_wconf 88' lang='lat' dir='ltr'><strong>oracu-</strong></span> 
     </span>
    </p>
   </div>
   <div class='ocr_carea' id='block_1_34' title="bbox 243 1218 1032 1255">
    <p class='ocr_par' dir='ltr' id='par_1_34' title="bbox 243 1218 1032 1255">
     <span class='ocr_line' id='line_1_34' title="bbox 243 1218 1032 1255; baseline -0.003 -7"><span class='ocrx_word' id='word_1_236' title='bbox 243 1221 280 1252; x_wconf 85' lang='lat' dir='ltr'><strong>la,</strong></span> <span class='ocrx_word' id='word_1_237' title='bbox 299 1228 354 1247; x_wconf 89' lang='lat' dir='ltr'><strong>non</strong></span> <span class='ocrx_word' id='word_1_238' title='bbox 378 1225 469 1248; x_wconf 89' lang='lat' dir='ltr'><strong>autem</strong></span> <span class='ocrx_word' id='word_1_239' title='bbox 490 1225 636 1255; x_wconf 66' lang='lat' dir='ltr'><strong>praesentes</strong></span> <span class='ocrx_word' id='word_1_240' title='bbox 658 1220 725 1247; x_wconf 87' lang='lat' dir='ltr'><strong>deos</strong></span> <span class='ocrx_word' id='word_1_241' title='bbox 749 1225 844 1254; x_wconf 85' lang='lat' dir='ltr'><strong>sponte</strong></span> <span class='ocrx_word' id='word_1_242' title='bbox 861 1218 1032 1246; x_wconf 85' lang='lat' dir='ltr'><strong>mendacium</strong></span> 
     </span>
    </p>
   </div>
   <div class='ocr_carea' id='block_1_35' title="bbox 244 1265 1034 1301">
    <p class='ocr_par' dir='ltr' id='par_1_35' title="bbox 244 1265 1034 1301">
     <span class='ocr_line' id='line_1_35' title="bbox 244 1265 1034 1301; baseline -0.005 -7"><span class='ocrx_word' id='word_1_243' title='bbox 244 1271 375 1294; x_wconf 79' lang='lat' dir='ltr'><strong>attexere.</strong></span> <span class='ocrx_word' id='word_1_244' title='bbox 395 1265 471 1300; x_wconf 67' lang='lat' dir='ltr'><strong>Saepe</strong></span> <span class='ocrx_word' id='word_1_245' title='bbox 491 1266 582 1301; x_wconf 86' lang='lat' dir='ltr'><strong>itaque</strong></span> <span class='ocrx_word' id='word_1_246' title='bbox 597 1265 697 1293; x_wconf 81' lang='lat' dir='ltr'><strong>falsum</strong></span> <span class='ocrx_word' id='word_1_247' title='bbox 714 1266 836 1294; x_wconf 87' lang='lat' dir='ltr'><strong>dicturos</strong></span> <span class='ocrx_word' id='word_1_248' title='bbox 853 1273 882 1293; x_wconf 84' lang='lat' dir='ltr'><strong>se</strong></span> <span class='ocrx_word' id='word_1_249' title='bbox 898 1273 958 1292; x_wconf 88' lang='lat' dir='ltr'><strong>esse</strong></span> <span class='ocrx_word' id='word_1_250' title='bbox 970 1272 1034 1299; x_wconf 71' lang='lat' dir='ltr'><strong>pra:-</strong></span> 
     </span>
    </p>
   </div>
   <div class='ocr_carea' id='block_1_36' title="bbox 245 1311 1033 1347">
    <p class='ocr_par' dir='ltr' id='par_1_36' title="bbox 245 1311 1033 1347">
     <span class='ocr_line' id='line_1_36' title="bbox 245 1311 1033 1347; baseline -0.003 -8"><span class='ocrx_word' id='word_1_251' title='bbox 245 1313 382 1339; x_wconf 86' lang='lat' dir='ltr'><strong>nuntiant.</strong></span> <span class='ocrx_word' id='word_1_252' title='bbox 409 1312 517 1340; x_wconf 63' lang='lat' dir='ltr'><strong>Haerent</strong></span> <span class='ocrx_word' id='word_1_253' title='bbox 534 1312 580 1339; x_wconf 88' lang='lat' dir='ltr'><strong>isti</strong></span> <span class='ocrx_word' id='word_1_254' title='bbox 594 1312 782 1344; x_wconf 86' lang='lat' dir='ltr'><strong>nihilominus,</strong></span> <span class='ocrx_word' id='word_1_255' title='bbox 799 1317 879 1347; x_wconf 87' lang='lat' dir='ltr'><strong>atque</strong></span> <span class='ocrx_word' id='word_1_256' title='bbox 892 1311 964 1344; x_wconf 88' lang='lat' dir='ltr'><strong>illos,</strong></span> <span class='ocrx_word' id='word_1_257' title='bbox 979 1318 1033 1346; x_wconf 85' lang='lat' dir='ltr'><strong>qua</strong></span> 
     </span>
    </p>
   </div>
   <div class='ocr_carea' id='block_1_37' title="bbox 245 1357 1032 1394">
    <p class='ocr_par' dir='ltr' id='par_1_37' title="bbox 245 1357 1032 1394">
     <span class='ocr_line' id='line_1_37' title="bbox 245 1357 1032 1394; baseline -0.003 -8"><span class='ocrx_word' id='word_1_258' title='bbox 245 1359 365 1392; x_wconf 75' lang='lat' dir='ltr'><strong>stultitia</strong></span> <span class='ocrx_word' id='word_1_259' title='bbox 373 1363 447 1390; x_wconf 88' lang='lat' dir='ltr'><strong>sunt,</strong></span> <span class='ocrx_word' id='word_1_260' title='bbox 464 1358 507 1386; x_wconf 87' lang='lat' dir='ltr'><strong>vel</strong></span> <span class='ocrx_word' id='word_1_261' title='bbox 520 1359 620 1386; x_wconf 88' lang='lat' dir='ltr'><strong>invitos</strong></span> <span class='ocrx_word' id='word_1_262' title='bbox 631 1359 797 1393; x_wconf 85' lang='lat' dir='ltr'><strong>respondere</strong></span> <span class='ocrx_word' id='word_1_263' title='bbox 809 1361 920 1394; x_wconf 84' lang='lat' dir='ltr'><strong>cogunt.</strong></span> <span class='ocrx_word' id='word_1_264' title='bbox 936 1357 1032 1392; x_wconf 82' lang='lat' dir='ltr'><strong>Apollo</strong></span> 
     </span>
    </p>
   </div>
   <div class='ocr_carea' id='block_1_38' title="bbox 1350 782 1594 810">
    <p class='ocr_par' dir='ltr' id='par_1_38' title="bbox 1350 782 1594 810">
     <span class='ocr_line' id='line_1_38' title="bbox 1350 782 1594 810; baseline 0.008 -2"><span class='ocrx_word' id='word_1_265' title='bbox 1350 782 1545 809; x_wconf 81' lang='grc' dir='ltr'><strong>ΚΕΦΑΛΔΙΟΝ</strong></span> <span class='ocrx_word' id='word_1_266' title='bbox 1557 783 1594 810; x_wconf 88' lang='grc' dir='ltr'><strong>Ε¹.</strong></span> 
     </span>
    </p>
   </div>
   <div class='ocr_carea' id='block_1_39' title="bbox 1205 839 1750 875">
    <p class='ocr_par' dir='ltr' id='par_1_39' title="bbox 1205 839 1750 875">
     <span class='ocr_line' id='line_1_39' title="bbox 1205 839 1750 875; baseline 0.002 -9"><span class='ocrx_word' id='word_1_267' title='bbox 1205 839 1268 866; x_wconf 78' lang='grc' dir='ltr'>Ὀτι</span> <span class='ocrx_word' id='word_1_268' title='bbox 1285 839 1335 866; x_wconf 75' lang='grc' dir='ltr'>καὶ</span> <span class='ocrx_word' id='word_1_269' title='bbox 1353 839 1514 874; x_wconf 70' lang='grc' dir='ltr'>ψεύδονται</span> <span class='ocrx_word' id='word_1_270' title='bbox 1524 841 1750 875; x_wconf 81' lang='grc' dir='ltr'><strong>μαντευόμενοι.</strong></span> 
     </span>
    </p>
   </div>
   <div class='ocr_carea' id='block_1_40' title="bbox 1121 897 1872 934">
    <p class='ocr_par' dir='ltr' id='par_1_40' title="bbox 1121 897 1872 934">
     <span class='ocr_line' id='line_1_40' title="bbox 1121 897 1872 934; baseline 0.003 -11"><span class='ocrx_word' id='word_1_271' title='bbox 1121 907 1130 922; x_wconf 86' lang='grc'><strong>‹</strong></span> <span class='ocrx_word' id='word_1_272' title='bbox 1153 897 1221 923; x_wconf 80' lang='grc' dir='ltr'>Ἀλλ’</span> <span class='ocrx_word' id='word_1_273' title='bbox 1235 897 1285 933; x_wconf 81' lang='grc' dir='ltr'>ἢδη</span> <span class='ocrx_word' id='word_1_274' title='bbox 1299 898 1345 924; x_wconf 70' lang='grc' dir='ltr'>καὶ</span> <span class='ocrx_word' id='word_1_275' title='bbox 1362 898 1409 934; x_wconf 84' lang='grc' dir='ltr'>τὴν</span> <span class='ocrx_word' id='word_1_276' title='bbox 1423 898 1524 932; x_wconf 84' lang='grc' dir='ltr'>γνῶσιν</span> <span class='ocrx_word' id='word_1_277' title='bbox 1537 898 1587 933; x_wconf 82' lang='grc' dir='ltr'>τῆς</span> <span class='ocrx_word' id='word_1_278' title='bbox 1602 899 1686 933; x_wconf 74' lang='grc' dir='ltr'>φορᾶς</span> <span class='ocrx_word' id='word_1_279' title='bbox 1696 898 1743 934; x_wconf 85' lang='grc' dir='ltr'>τὴν</span> <span class='ocrx_word' id='word_1_280' title='bbox 1759 898 1872 934; x_wconf 73' lang='grc' dir='ltr'>ἀκριϐῆ,</span> 
     </span>
    </p>
   </div>
   <div class='ocr_carea' id='block_1_41' title="bbox 1088 943 1873 980">
    <p class='ocr_par' dir='ltr' id='par_1_41' title="bbox 1088 943 1873 980">
     <span class='ocr_line' id='line_1_41' title="bbox 1088 943 1873 980; baseline 0.003 -11"><span class='ocrx_word' id='word_1_281' title='bbox 1088 943 1134 970; x_wconf 73' lang='grc' dir='ltr'>καὶ</span> <span class='ocrx_word' id='word_1_282' title='bbox 1149 944 1199 976; x_wconf 85' lang='grc' dir='ltr'><strong>τὰς</strong></span> <span class='ocrx_word' id='word_1_283' title='bbox 1215 946 1247 971; x_wconf 86' lang='grc' dir='ltr'>ὲκ</span> <span class='ocrx_word' id='word_1_284' title='bbox 1259 945 1362 971; x_wconf 75' lang='grc' dir='ltr'>τούτων</span> <span class='ocrx_word' id='word_1_285' title='bbox 1374 944 1523 979; x_wconf 78' lang='grc' dir='ltr'>συμῦάσεις</span> <span class='ocrx_word' id='word_1_286' title='bbox 1540 945 1729 980; x_wconf 78' lang='grc' dir='ltr'><strong>ἀκατάληπτον</strong></span> <span class='ocrx_word' id='word_1_287' title='bbox 1747 943 1815 971; x_wconf 73' lang='grc' dir='ltr'>εἶναι</span> <span class='ocrx_word' id='word_1_288' title='bbox 1826 945 1873 971; x_wconf 81' lang='grc' dir='ltr'><strong>ἀν-</strong></span> 
     </span>
    </p>
   </div>
   <div class='ocr_carea' id='block_1_42' title="bbox 1085 989 1873 1026">
    <p class='ocr_par' dir='ltr' id='par_1_42' title="bbox 1085 989 1873 1026">
     <span class='ocr_line' id='line_1_42' title="bbox 1085 989 1873 1026; baseline 0.003 -11"><span class='ocrx_word' id='word_1_289' title='bbox 1085 989 1214 1026; x_wconf 83' lang='grc' dir='ltr'>θρώποις,</span> <span class='ocrx_word' id='word_1_290' title='bbox 1233 991 1280 1018; x_wconf 79' lang='grc' dir='ltr'>καὶ</span> <span class='ocrx_word' id='word_1_291' title='bbox 1292 991 1322 1017; x_wconf 83' lang='grc' dir='ltr'>οὐ</span> <span class='ocrx_word' id='word_1_292' title='bbox 1352 991 1431 1026; x_wconf 85' lang='grc' dir='ltr'>μόνον</span> <span class='ocrx_word' id='word_1_293' title='bbox 1443 990 1559 1022; x_wconf 83' lang='grc' dir='ltr'>τούτοις,</span> <span class='ocrx_word' id='word_1_294' title='bbox 1583 991 1650 1018; x_wconf 77' lang='grc' dir='ltr'>ἀλλὰ</span> <span class='ocrx_word' id='word_1_295' title='bbox 1672 991 1718 1017; x_wconf 80' lang='grc' dir='ltr'><strong>καί</strong></span> <span class='ocrx_word' id='word_1_296' title='bbox 1739 999 1795 1017; x_wconf 85' lang='grc' dir='ltr'>τισι</span> <span class='ocrx_word' id='word_1_297' title='bbox 1818 991 1873 1018; x_wconf 85' lang='grc' dir='ltr'><strong>τῶν</strong></span> 
     </span>
    </p>
   </div>
   <div class='ocr_carea' id='block_1_43' title="bbox 1085 1036 1874 1073">
    <p class='ocr_par' dir='ltr' id='par_1_43' title="bbox 1085 1036 1874 1073">
     <span class='ocr_line' id='line_1_43' title="bbox 1085 1036 1874 1073; baseline 0.003 -11"><span class='ocrx_word' id='word_1_298' title='bbox 1085 1036 1239 1072; x_wconf 79' lang='grc' dir='ltr'>δαιμονίων·</span> <span class='ocrx_word' id='word_1_299' title='bbox 1257 1037 1318 1064; x_wconf 79' lang='grc' dir='ltr'>ὅθεν</span> <span class='ocrx_word' id='word_1_300' title='bbox 1335 1038 1381 1064; x_wconf 81' lang='grc' dir='ltr'>καὶ</span> <span class='ocrx_word' id='word_1_301' title='bbox 1397 1037 1540 1072; x_wconf 71' lang='grc' dir='ltr'>ψεύδονται</span> <span class='ocrx_word' id='word_1_302' title='bbox 1565 1037 1628 1073; x_wconf 83' lang='grc' dir='ltr'>περὶ</span> <span class='ocrx_word' id='word_1_303' title='bbox 1643 1037 1747 1064; x_wconf 77' lang='grc' dir='ltr'>πολλῶν</span> <span class='ocrx_word' id='word_1_304' title='bbox 1769 1038 1874 1073; x_wconf 81' lang='grc' dir='ltr'>ἐρωτη-</span> 
     </span>
    </p>
   </div>
   <div class='ocr_carea' id='block_1_44' title="bbox 1085 1082 1873 1119">
    <p class='ocr_par' dir='ltr' id='par_1_44' title="bbox 1085 1082 1873 1119">
     <span class='ocr_line' id='line_1_44' title="bbox 1085 1082 1873 1119; baseline 0 -9"><span class='ocrx_word' id='word_1_305' title='bbox 1085 1083 1203 1115; x_wconf 75' lang='grc' dir='ltr'>θέντες.»</span> <span class='ocrx_word' id='word_1_306' title='bbox 1223 1083 1334 1114; x_wconf 82' lang='grc' dir='ltr'>Τούτοις</span> <span class='ocrx_word' id='word_1_307' title='bbox 1345 1082 1423 1115; x_wconf 83' lang='grc' dir='ltr'>αὖθις</span> <span class='ocrx_word' id='word_1_308' title='bbox 1451 1084 1581 1118; x_wconf 73' lang='grc' dir='ltr'>ὲπιλέγεγ</span> <span class='ocrx_word' id='word_1_309' title='bbox 1603 1093 1611 1109; x_wconf 76' lang='grc' dir='ltr'><strong>ι</strong></span> <span class='ocrx_word' id='word_1_310' title='bbox 1624 1085 1679 1110; x_wconf 81' lang='grc' dir='ltr'><strong>Καὶ</strong></span> <span class='ocrx_word' id='word_1_311' title='bbox 1692 1084 1722 1110; x_wconf 76' lang='grc' dir='ltr'>τὸ</span> <span class='ocrx_word' id='word_1_312' title='bbox 1744 1084 1873 1119; x_wconf 85' lang='grc' dir='ltr'>περιέχον</span> 
     </span>
    </p>
   </div>
   <div class='ocr_carea' id='block_1_45' title="bbox 1085 1127 1875 1164">
    <p class='ocr_par' dir='ltr' id='par_1_45' title="bbox 1085 1127 1875 1164">
     <span class='ocr_line' id='line_1_45' title="bbox 1085 1127 1875 1164; baseline 0 -10"><span class='ocrx_word' id='word_1_313' title='bbox 1085 1127 1239 1162; x_wconf 79' lang='grc' dir='ltr'>ἀναγκάζον</span> <span class='ocrx_word' id='word_1_314' title='bbox 1268 1128 1353 1164; x_wconf 69' lang='grc' dir='ltr'>ψευδῆ</span> <span class='ocrx_word' id='word_1_315' title='bbox 1375 1128 1496 1163; x_wconf 89' lang='grc' dir='ltr'>γίνεσθαι</span> <span class='ocrx_word' id='word_1_316' title='bbox 1512 1128 1545 1155; x_wconf 83' lang='grc' dir='ltr'>τὰ</span> <span class='ocrx_word' id='word_1_317' title='bbox 1558 1130 1680 1164; x_wconf 83' lang='grc' dir='ltr'>μαντεῖα,</span> <span class='ocrx_word' id='word_1_318' title='bbox 1703 1129 1732 1154; x_wconf 84' lang='grc' dir='ltr'>οὺ</span> <span class='ocrx_word' id='word_1_319' title='bbox 1745 1129 1808 1160; x_wconf 79' lang='grc' dir='ltr'>τοὺς</span> <span class='ocrx_word' id='word_1_320' title='bbox 1822 1137 1875 1154; x_wconf 84' lang='grc' dir='ltr'>πα-</span> 
     </span>
    </p>
   </div>
   <div class='ocr_carea' id='block_1_46' title="bbox 1084 1173 1875 1211">
    <p class='ocr_par' dir='ltr' id='par_1_46' title="bbox 1084 1173 1875 1211">
     <span class='ocr_line' id='line_1_46' title="bbox 1084 1173 1875 1211; baseline 0.001 -12"><span class='ocrx_word' id='word_1_321' title='bbox 1084 1174 1179 1208; x_wconf 81' lang='grc' dir='ltr'>ρόντας</span> <span class='ocrx_word' id='word_1_322' title='bbox 1194 1173 1306 1205; x_wconf 82' lang='grc' dir='ltr'>ἑκόντας</span> <span class='ocrx_word' id='word_1_323' title='bbox 1320 1173 1495 1211; x_wconf 79' lang='grc' dir='ltr'>προστιθέναι</span> <span class='ocrx_word' id='word_1_324' title='bbox 1511 1174 1540 1201; x_wconf 85' lang='grc' dir='ltr'>τὸ</span> <span class='ocrx_word' id='word_1_325' title='bbox 1550 1174 1656 1208; x_wconf 77' lang='grc' dir='ltr'>ψεῦδος.</span> <span class='ocrx_word' id='word_1_326' title='bbox 1666 1174 1797 1206; x_wconf 81' lang='grc' dir='ltr'><strong>Πολλάκις</strong></span> <span class='ocrx_word' id='word_1_327' title='bbox 1808 1174 1875 1208; x_wconf 73' lang='grc' dir='ltr'>γοῦν</span> 
     </span>
    </p>
   </div>
   <div class='ocr_carea' id='block_1_47' title="bbox 1083 1220 1878 1255">
    <p class='ocr_par' dir='ltr' id='par_1_47' title="bbox 1083 1220 1878 1255">
     <span class='ocr_line' id='line_1_47' title="bbox 1083 1220 1878 1255; baseline 0.003 -10"><span class='ocrx_word' id='word_1_328' title='bbox 1083 1220 1272 1255; x_wconf 82' lang='grc' dir='ltr'>προλέγουσιν,</span> <span class='ocrx_word' id='word_1_329' title='bbox 1287 1221 1327 1247; x_wconf 79' lang='grc' dir='ltr'><strong>ὅτι</strong></span> <span class='ocrx_word' id='word_1_330' title='bbox 1340 1220 1494 1255; x_wconf 77' lang='grc' dir='ltr'>ψεύσονται.</span> <span class='ocrx_word' id='word_1_331' title='bbox 1504 1220 1535 1247; x_wconf 87' lang='grc' dir='ltr'><strong>Οἱ</strong></span> <span class='ocrx_word' id='word_1_332' title='bbox 1551 1220 1579 1246; x_wconf 76' lang='grc' dir='ltr'>δὲ</span> <span class='ocrx_word' id='word_1_333' title='bbox 1595 1221 1714 1255; x_wconf 84' lang='grc' dir='ltr'>μένουσι,</span> <span class='ocrx_word' id='word_1_334' title='bbox 1726 1221 1772 1247; x_wconf 74' lang='grc' dir='ltr'>καὶ</span> <span class='ocrx_word' id='word_1_335' title='bbox 1784 1220 1878 1255; x_wconf 79' lang='grc' dir='ltr'>λέγειν</span> 
     </span>
    </p>
   </div>
   <div class='ocr_carea' id='block_1_48' title="bbox 1084 1263 1875 1301">
    <p class='ocr_par' dir='ltr' id='par_1_48' title="bbox 1084 1263 1875 1301">
     <span class='ocr_line' id='line_1_48' title="bbox 1084 1263 1875 1301; baseline 0.001 -10"><span class='ocrx_word' id='word_1_336' title='bbox 1084 1264 1270 1298; x_wconf 79' lang='grc' dir='ltr'>ἀναγκάζουσι</span> <span class='ocrx_word' id='word_1_337' title='bbox 1284 1265 1329 1291; x_wconf 89' lang='grc' dir='ltr'><strong>διὰ</strong></span> <span class='ocrx_word' id='word_1_338' title='bbox 1342 1265 1390 1301; x_wconf 81' lang='grc' dir='ltr'>τὴν</span> <span class='ocrx_word' id='word_1_339' title='bbox 1414 1265 1546 1301; x_wconf 83' lang='grc' dir='ltr'>ἀμαθίαν.</span> <span class='ocrx_word' id='word_1_340' title='bbox 1575 1263 1642 1292; x_wconf 84' lang='grc' dir='ltr'>Εῐπε</span> <span class='ocrx_word' id='word_1_341' title='bbox 1661 1265 1725 1300; x_wconf 81' lang='grc' dir='ltr'>γοῦν</span> <span class='ocrx_word' id='word_1_342' title='bbox 1742 1266 1756 1292; x_wconf 84' lang='grc' dir='ltr'><strong>ὁ</strong></span> <span class='ocrx_word' id='word_1_343' title='bbox 1777 1265 1875 1293; x_wconf 78' lang='grc' dir='ltr'>Ἀπόλ-</span> 
     </span>
    </p>
   </div>
   <div class='ocr_carea' id='block_1_49' title="bbox 1083 1309 1877 1347">
    <p class='ocr_par' dir='ltr' id='par_1_49' title="bbox 1083 1309 1877 1347">
     <span class='ocr_line' id='line_1_49' title="bbox 1083 1309 1877 1347; baseline 0.003 -11"><span class='ocrx_word' id='word_1_344' title='bbox 1083 1309 1137 1336; x_wconf 89' lang='grc' dir='ltr'>λων</span> <span class='ocrx_word' id='word_1_345' title='bbox 1152 1311 1228 1344; x_wconf 81' lang='grc' dir='ltr'>ποτὲ,</span> <span class='ocrx_word' id='word_1_346' title='bbox 1245 1311 1370 1346; x_wconf 82' lang='grc' dir='ltr'>τοιαύτης</span> <span class='ocrx_word' id='word_1_347' title='bbox 1385 1310 1468 1347; x_wconf 67' lang='grc' dir='ltr'>οὔσης</span> <span class='ocrx_word' id='word_1_348' title='bbox 1480 1312 1528 1347; x_wconf 84' lang='grc' dir='ltr'>τῆς</span> <span class='ocrx_word' id='word_1_349' title='bbox 1543 1312 1744 1344; x_wconf 83' lang='grc' dir='ltr'>καταστάσεως,</span> <span class='ocrx_word' id='word_1_350' title='bbox 1755 1311 1793 1343; x_wconf 85' lang='grc' dir='ltr'><strong>ὡς</strong></span> <span class='ocrx_word' id='word_1_351' title='bbox 1808 1311 1877 1338; x_wconf 71' lang='grc' dir='ltr'>ἐδεί-</span> 
     </span>
    </p>
   </div>
   <div class='ocr_carea' id='block_1_50' title="bbox 1086 1355 1580 1393">
    <p class='ocr_par' dir='ltr' id='par_1_50' title="bbox 1086 1355 1580 1393">
     <span class='ocr_line' id='line_1_50' title="bbox 1086 1355 1580 1393; baseline 0.002 -11"><span class='ocrx_word' id='word_1_352' title='bbox 1086 1355 1182 1392; x_wconf 81' lang='grc' dir='ltr'>ξαμεν,</span> <span class='ocrx_word' id='word_1_353' title='bbox 1203 1358 1322 1393; x_wconf 85' lang='grc' dir='ltr'>πονηρᾶς</span> <span class='ocrx_word' id='word_1_354' title='bbox 1335 1357 1381 1384; x_wconf 82' lang='grc' dir='ltr'>τοῦ</span> <span class='ocrx_word' id='word_1_355' title='bbox 1395 1359 1580 1393; x_wconf 82' lang='grc' dir='ltr'>περιέχοντος·</span> 
     </span>
    </p>
   </div>
   <div class='ocr_carea' id='block_1_51' title="bbox 244 1401 1875 1440">
    <p class='ocr_par' dir='ltr' id='par_1_51' title="bbox 244 1401 1875 1440">
     <span class='ocr_line' id='line_1_51' title="bbox 244 1401 1875 1440; baseline -0.001 -8"><span class='ocrx_word' id='word_1_356' title='bbox 244 1413 319 1436; x_wconf 87' lang='lat' dir='ltr'><strong>sane,</strong></span> <span class='ocrx_word' id='word_1_357' title='bbox 337 1413 400 1432; x_wconf 91' lang='lat' dir='ltr'><strong>cum</strong></span> <span class='ocrx_word' id='word_1_358' title='bbox 424 1405 561 1440; x_wconf 87' lang='lat' dir='ltr'><strong>ejusmodi</strong></span> <span class='ocrx_word' id='word_1_359' title='bbox 578 1405 725 1439; x_wconf 89' lang='lat' dir='ltr'><strong>aliquando</strong></span> <span class='ocrx_word' id='word_1_360' title='bbox 751 1409 833 1437; x_wconf 88' lang='lat' dir='ltr'><strong>esset,</strong></span> <span class='ocrx_word' id='word_1_361' title='bbox 859 1411 942 1439; x_wconf 80' lang='lat' dir='ltr'><strong>quam</strong></span> <span class='ocrx_word' id='word_1_362' title='bbox 964 1407 1028 1429; x_wconf 83' lang='lat' dir='ltr'><strong>ante</strong></span> <span class='ocrx_word' id='word_1_363' title='bbox 1052 1401 1259 1438; x_wconf 77' lang='lat' dir='ltr'><strong>descripsimuS,</strong></span> <span class='ocrx_word' id='word_1_364' title='bbox 1298 1403 1444 1431; x_wconf 85' lang='lat' dir='ltr'><strong>ambientis</strong></span> <span class='ocrx_word' id='word_1_365' title='bbox 1472 1403 1534 1431; x_wconf 66' lang='lat' dir='ltr'><strong>caeli</strong></span> <span class='ocrx_word' id='word_1_366' title='bbox 1565 1403 1707 1431; x_wconf 84' lang='lat' dir='ltr'><strong>molestior</strong></span> <span class='ocrx_word' id='word_1_367' title='bbox 1725 1402 1875 1430; x_wconf 70' lang='lat' dir='ltr'><strong>difﬁcilior--</strong></span> 
     </span>
    </p>
   </div>
   <div class='ocr_carea' id='block_1_52' title="bbox 243 1453 864 1488">
    <p class='ocr_par' dir='ltr' id='par_1_52' title="bbox 243 1453 864 1488">
     <span class='ocr_line' id='line_1_52' title="bbox 243 1453 864 1488; baseline -0.003 -8"><span class='ocrx_word' id='word_1_368' title='bbox 243 1461 296 1488; x_wconf 91' lang='lat' dir='ltr'><strong>que</strong></span> <span class='ocrx_word' id='word_1_369' title='bbox 313 1457 470 1488; x_wconf 86' lang='lat' dir='ltr'><strong>tempestas,</strong></span> <span class='ocrx_word' id='word_1_370' title='bbox 487 1453 560 1480; x_wconf 88' lang='lat' dir='ltr'><strong>hunc</strong></span> <span class='ocrx_word' id='word_1_371' title='bbox 572 1453 601 1480; x_wconf 91' lang='lat' dir='ltr'><strong>in</strong></span> <span class='ocrx_word' id='word_1_372' title='bbox 614 1453 726 1481; x_wconf 90' lang='lat' dir='ltr'><strong>modum</strong></span> <span class='ocrx_word' id='word_1_373' title='bbox 744 1453 843 1481; x_wconf 85' lang='lat' dir='ltr'><strong>cecinit</strong></span> <span class='ocrx_word' id='word_1_374' title='bbox 857 1461 864 1478; x_wconf 85' lang='lat'><strong>:</strong></span> 
     </span>
    </p>
   </div>
   <div class='ocr_carea' id='block_1_53' title="bbox 243 1511 981 1546">
    <p class='ocr_par' dir='ltr' id='par_1_53' title="bbox 243 1511 981 1546">
     <span class='ocr_line' id='line_1_53' title="bbox 243 1511 981 1546; baseline 0 -8"><span class='ocrx_word' id='word_1_375' title='bbox 243 1511 287 1539; x_wconf 86' lang='lat' dir='ltr'><strong>Ne</strong></span> <span class='ocrx_word' id='word_1_376' title='bbox 298 1520 338 1540; x_wconf 88' lang='lat' dir='ltr'><strong>me</strong></span> <span class='ocrx_word' id='word_1_377' title='bbox 347 1511 418 1539; x_wconf 82' lang='lat' dir='ltr'><strong>ultra</strong></span> <span class='ocrx_word' id='word_1_378' title='bbox 430 1512 548 1546; x_wconf 81' lang='lat' dir='ltr'><strong>precibus</strong></span> <span class='ocrx_word' id='word_1_379' title='bbox 564 1520 659 1546; x_wconf 83' lang='lat' dir='ltr'><strong>cogas;</strong></span> <span class='ocrx_word' id='word_1_380' title='bbox 675 1520 737 1539; x_wconf 85' lang='lat' dir='ltr'><strong>nam</strong></span> <span class='ocrx_word' id='word_1_381' title='bbox 758 1512 827 1545; x_wconf 78' lang='lat' dir='ltr'><strong>falsa</strong></span> <span class='ocrx_word' id='word_1_382' title='bbox 845 1511 981 1546; x_wconf 73' lang='lat' dir='ltr'><strong>profabor.</strong></span> 
     </span>
    </p>
   </div>
   <div class='ocr_carea' id='block_1_54' title="bbox 246 1567 1030 1603">
    <p class='ocr_par' dir='ltr' id='par_1_54' title="bbox 246 1567 1030 1603">
     <span class='ocr_line' id='line_1_54' title="bbox 246 1567 1030 1603; baseline 0 -9"><span class='ocrx_word' id='word_1_383' title='bbox 246 1567 283 1595; x_wconf 75' lang='lat' dir='ltr'><strong>Ac</strong></span> <span class='ocrx_word' id='word_1_384' title='bbox 295 1567 389 1595; x_wconf 90' lang='lat' dir='ltr'><strong>nihila</strong></span> <span class='ocrx_word' id='word_1_385' title='bbox 411 1567 491 1595; x_wconf 88' lang='lat' dir='ltr'><strong>nobis</strong></span> <span class='ocrx_word' id='word_1_386' title='bbox 503 1567 605 1603; x_wconf 78' lang='lat' dir='ltr'><strong>attingi,</strong></span> <span class='ocrx_word' id='word_1_387' title='bbox 624 1568 666 1596; x_wconf 88' lang='lat' dir='ltr'><strong>vel</strong></span> <span class='ocrx_word' id='word_1_388' title='bbox 680 1569 790 1596; x_wconf 84' lang='lat' dir='ltr'><strong>oracula</strong></span> <span class='ocrx_word' id='word_1_389' title='bbox 811 1569 871 1603; x_wconf 89' lang='lat' dir='ltr'><strong>ipsa</strong></span> <span class='ocrx_word' id='word_1_390' title='bbox 887 1568 968 1596; x_wconf 86' lang='lat' dir='ltr'><strong>ﬁdem</strong></span> <span class='ocrx_word' id='word_1_391' title='bbox 987 1567 1030 1594; x_wconf 79' lang='lat' dir='ltr'><strong>fa—</strong></span> 
     </span>
    </p>
   </div>
   <div class='ocr_carea' id='block_1_55' title="bbox 244 1611 1028 1648">
    <p class='ocr_par' dir='ltr' id='par_1_55' title="bbox 244 1611 1028 1648">
     <span class='ocr_line' id='line_1_55' title="bbox 244 1611 1028 1648; baseline 0.001 -9"><span class='ocrx_word' id='word_1_392' title='bbox 244 1613 325 1640; x_wconf 76' lang='lat' dir='ltr'><strong>cient.</strong></span> <span class='ocrx_word' id='word_1_393' title='bbox 342 1611 388 1640; x_wconf 81' lang='lat' dir='ltr'><strong>Sic</strong></span> <span class='ocrx_word' id='word_1_394' title='bbox 402 1613 474 1640; x_wconf 89' lang='lat' dir='ltr'><strong>enim</strong></span> <span class='ocrx_word' id='word_1_395' title='bbox 487 1617 617 1641; x_wconf 81' lang='lat' dir='ltr'><strong>evocatus</strong></span> <span class='ocrx_word' id='word_1_396' title='bbox 631 1621 647 1641; x_wconf 90' lang='lat' dir='ltr'><strong>e</strong></span> <span class='ocrx_word' id='word_1_397' title='bbox 659 1613 712 1641; x_wconf 86' lang='lat' dir='ltr'><strong>diis</strong></span> <span class='ocrx_word' id='word_1_398' title='bbox 723 1613 859 1648; x_wconf 86' lang='lat' dir='ltr'><strong>quispiam</strong></span> <span class='ocrx_word' id='word_1_399' title='bbox 872 1612 1028 1647; x_wconf 80' lang='lat' dir='ltr'><strong>respondit:</strong></span> 
     </span>
    </p>
   </div>
   <div class='ocr_carea' id='block_1_56' title="bbox 245 1669 859 1704">
    <p class='ocr_par' dir='ltr' id='par_1_56' title="bbox 245 1669 859 1704">
     <span class='ocr_line' id='line_1_56' title="bbox 245 1669 859 1704; baseline 0 -8"><span class='ocrx_word' id='word_1_400' title='bbox 245 1669 308 1696; x_wconf 80' lang='lat' dir='ltr'><strong>Non</strong></span> <span class='ocrx_word' id='word_1_401' title='bbox 325 1669 399 1696; x_wconf 57' lang='lat' dir='ltr'><strong>invdia</strong></span> <span class='ocrx_word' id='word_1_402' title='bbox 413 1670 473 1696; x_wconf 80' lang='lat' dir='ltr'><strong>licet</strong></span> <span class='ocrx_word' id='word_1_403' title='bbox 493 1670 580 1704; x_wconf 66' lang='lat' dir='ltr'><strong>effari.</strong></span> <span class='ocrx_word' id='word_1_404' title='bbox 594 1671 639 1704; x_wconf 87' lang='lat' dir='ltr'><strong>qui</strong></span> <span class='ocrx_word' id='word_1_405' title='bbox 651 1670 739 1697; x_wconf 82' lang='lat' dir='ltr'><strong>sidera</strong></span> <span class='ocrx_word' id='word_1_406' title='bbox 755 1678 859 1703; x_wconf 75' lang='lat' dir='ltr'><strong>cursus,</strong></span> 
     </span>
    </p>
   </div>
   <div class='ocr_carea' id='block_1_57' title="bbox 246 1704 936 1740">
    <p class='ocr_par' dir='ltr' id='par_1_57' title="bbox 246 1704 936 1740">
     <span class='ocr_line' id='line_1_57' title="bbox 246 1704 936 1740; baseline 0.003 -10"><span class='ocrx_word' id='word_1_407' title='bbox 246 1704 312 1740; x_wconf 62' lang='lat' dir='ltr'><strong>Quae</strong></span> <span class='ocrx_word' id='word_1_408' title='bbox 326 1705 398 1731; x_wconf 81' lang='lat' dir='ltr'><strong>sedes</strong></span> <span class='ocrx_word' id='word_1_409' title='bbox 413 1705 544 1732; x_wconf 78' lang='lat' dir='ltr'><strong>habeant:</strong></span> <span class='ocrx_word' id='word_1_410' title='bbox 560 1706 597 1732; x_wconf 77' lang='lat' dir='ltr'><strong>vis</strong></span> <span class='ocrx_word' id='word_1_411' title='bbox 614 1706 707 1740; x_wconf 83' lang='lat' dir='ltr'><strong>quippe</strong></span> <span class='ocrx_word' id='word_1_412' title='bbox 721 1705 814 1740; x_wconf 82' lang='lat' dir='ltr'><strong>futura</strong></span> <span class='ocrx_word' id='word_1_413' title='bbox 827 1704 936 1732; x_wconf 78' lang='lat' dir='ltr'><strong>canendi</strong></span> 
     </span>
    </p>
   </div>
   <div class='ocr_carea' id='block_1_58' title="bbox 247 1739 725 1769">
    <p class='ocr_par' dir='ltr' id='par_1_58' title="bbox 247 1739 725 1769">
     <span class='ocr_line' id='line_1_58' title="bbox 247 1739 725 1769; baseline 0 -3"><span class='ocrx_word' id='word_1_414' title='bbox 247 1739 327 1766; x_wconf 85' lang='lat' dir='ltr'><strong>Nunc</strong></span> <span class='ocrx_word' id='word_1_415' title='bbox 342 1740 422 1767; x_wconf 83' lang='lat' dir='ltr'><strong>astris</strong></span> <span class='ocrx_word' id='word_1_416' title='bbox 442 1740 585 1767; x_wconf 80' lang='lat' dir='ltr'><strong>constricta</strong></span> <span class='ocrx_word' id='word_1_417' title='bbox 602 1739 699 1769; x_wconf 76' lang='lat' dir='ltr'><strong>niauet.</strong></span> <span class='ocrx_word' id='word_1_418' title='bbox 716 1739 725 1766; x_wconf 63' lang='grc' dir='ltr'><em>ί</em></span> 
     </span>
    </p>
   </div>
   <div class='ocr_carea' id='block_1_59' title="bbox 245 1795 1032 1831">
    <p class='ocr_par' dir='ltr' id='par_1_59' title="bbox 245 1795 1032 1831">
     <span class='ocr_line' id='line_1_59' title="bbox 245 1795 1032 1831; baseline -0.001 -6"><span class='ocrx_word' id='word_1_419' title='bbox 245 1795 315 1825; x_wconf 86' lang='lat' dir='ltr'><strong>Tum</strong></span> <span class='ocrx_word' id='word_1_420' title='bbox 331 1798 368 1825; x_wconf 88' lang='lat' dir='ltr'><strong>ita</strong></span> <span class='ocrx_word' id='word_1_421' title='bbox 383 1798 523 1826; x_wconf 85' lang='lat' dir='ltr'><strong>concludit</strong></span> <span class='ocrx_word' id='word_1_422' title='bbox 545 1807 551 1826; x_wconf 90' lang='lat'>:</span> <span class='ocrx_word' id='word_1_423' title='bbox 567 1807 576 1823; x_wconf 87' lang='grc'><em>‹</em></span> <span class='ocrx_word' id='word_1_424' title='bbox 597 1797 655 1831; x_wconf 86' lang='lat' dir='ltr'><strong>Qua</strong></span> <span class='ocrx_word' id='word_1_425' title='bbox 671 1799 801 1826; x_wconf 86' lang='lat' dir='ltr'><strong>nimirum</strong></span> <span class='ocrx_word' id='word_1_426' title='bbox 822 1806 856 1826; x_wconf 80' lang='lat' dir='ltr'><strong>ex</strong></span> <span class='ocrx_word' id='word_1_427' title='bbox 870 1805 954 1826; x_wconf 89' lang='lat' dir='ltr'><strong>causa</strong></span> <span class='ocrx_word' id='word_1_428' title='bbox 969 1805 1032 1825; x_wconf 90' lang='lat' dir='ltr'><strong>ora-</strong></span> 
     </span>
    </p>
   </div>
   <div class='ocr_carea' id='block_1_60' title="bbox 245 1843 881 1879">
    <p class='ocr_par' dir='ltr' id='par_1_60' title="bbox 245 1843 881 1879">
     <span class='ocr_line' id='line_1_60' title="bbox 245 1843 881 1879; baseline 0 -8"><span class='ocrx_word' id='word_1_429' title='bbox 245 1845 370 1872; x_wconf 84' lang='lat' dir='ltr'><strong>culorum</strong></span> <span class='ocrx_word' id='word_1_430' title='bbox 384 1852 455 1879; x_wconf 69' lang='lat' dir='ltr'><strong>strpe</strong></span> <span class='ocrx_word' id='word_1_431' title='bbox 472 1844 579 1871; x_wconf 80' lang='lat' dir='ltr'><strong>vanitas</strong></span> <span class='ocrx_word' id='word_1_432' title='bbox 595 1843 705 1877; x_wconf 76' lang='lat' dir='ltr'><strong>existat,</strong></span> <span class='ocrx_word' id='word_1_433' title='bbox 721 1844 852 1872; x_wconf 87' lang='lat' dir='ltr'><strong>ostendit.</strong></span> <span class='ocrx_word' id='word_1_434' title='bbox 872 1854 881 1870; x_wconf 76' lang='grc' dir='ltr'><strong>ι</strong></span> 
     </span>
    </p>
   </div>
   <div class='ocr_carea' id='block_1_61' title="bbox 504 1920 772 1957">
    <p class='ocr_par' dir='ltr' id='par_1_61' title="bbox 504 1920 772 1957">
     <span class='ocr_line' id='line_1_61' title="bbox 504 1920 772 1957; baseline 0 -9"><span class='ocrx_word' id='word_1_435' title='bbox 504 1921 584 1957; x_wconf 66' lang='lat'><strong>242</strong></span> <span class='ocrx_word' id='word_1_436' title='bbox 598 1920 713 1948; x_wconf 80' lang='lat' dir='ltr'><strong>CAPUT</strong></span> <span class='ocrx_word' id='word_1_437' title='bbox 728 1921 772 1949; x_wconf 74' lang='lat' dir='ltr'><strong>vr,</strong></span> 
     </span>
    </p>
   </div>
   <div class='ocr_carea' id='block_1_62' title="bbox 281 1978 993 2014">
    <p class='ocr_par' dir='ltr' id='par_1_62' title="bbox 281 1978 993 2014">
     <span class='ocr_line' id='line_1_62' title="bbox 281 1978 993 2014; baseline 0.003 -9"><span class='ocrx_word' id='word_1_438' title='bbox 281 1978 383 2011; x_wconf 83' lang='lat' dir='ltr'><strong>Quibus</strong></span> <span class='ocrx_word' id='word_1_439' title='bbox 403 1979 566 2014; x_wconf 74' lang='lat' dir='ltr'><strong>argumentis</strong></span> <span class='ocrx_word' id='word_1_440' title='bbox 589 1983 645 2006; x_wconf 86' lang='lat' dir='ltr'><strong>tota</strong></span> <span class='ocrx_word' id='word_1_441' title='bbox 665 1979 716 2014; x_wconf 81' lang='lat' dir='ltr'><strong>fati</strong></span> <span class='ocrx_word' id='word_1_442' title='bbox 731 1979 800 2006; x_wconf 81' lang='lat' dir='ltr'><strong>ratio</strong></span> <span class='ocrx_word' id='word_1_443' title='bbox 822 1979 993 2007; x_wconf 81' lang='lat' dir='ltr'><strong>convellatur.</strong></span> 
     </span>
    </p>
   </div>
   <div class='ocr_carea' id='block_1_63' title="bbox 281 2024 1033 2060">
    <p class='ocr_par' dir='ltr' id='par_1_63' title="bbox 281 2024 1033 2060">
     <span class='ocr_line' id='line_1_63' title="bbox 281 2024 1033 2060; baseline 0.003 -8"><span class='ocrx_word' id='word_1_444' title='bbox 281 2024 340 2052; x_wconf 80' lang='lat' dir='ltr'><strong>Jam</strong></span> <span class='ocrx_word' id='word_1_445' title='bbox 360 2024 453 2057; x_wconf 88' lang='lat' dir='ltr'><strong>credo,</strong></span> <span class='ocrx_word' id='word_1_446' title='bbox 472 2033 555 2060; x_wconf 91' lang='lat' dir='ltr'><strong>quam</strong></span> <span class='ocrx_word' id='word_1_447' title='bbox 570 2025 604 2052; x_wconf 89' lang='lat' dir='ltr'><strong>ab</strong></span> <span class='ocrx_word' id='word_1_448' title='bbox 618 2026 693 2052; x_wconf 93' lang='lat' dir='ltr'><strong>omni</strong></span> <span class='ocrx_word' id='word_1_449' title='bbox 710 2025 851 2053; x_wconf 87' lang='lat' dir='ltr'><strong>divinitate</strong></span> <span class='ocrx_word' id='word_1_450' title='bbox 868 2034 953 2054; x_wconf 85' lang='lat' dir='ltr'><strong>vacua</strong></span> <span class='ocrx_word' id='word_1_451' title='bbox 967 2025 1033 2054; x_wconf 90' lang='lat' dir='ltr'><strong>deo-</strong></span> 
     </span>
    </p>
   </div>
   <div class='ocr_carea' id='block_1_64' title="bbox 247 2070 1032 2109">
    <p class='ocr_par' dir='ltr' id='par_1_64' title="bbox 247 2070 1032 2109">
     <span class='ocr_line' id='line_1_64' title="bbox 247 2070 1032 2109; baseline 0.001 -12"><span class='ocrx_word' id='word_1_452' title='bbox 247 2078 308 2097; x_wconf 92' lang='lat' dir='ltr'><strong>rum</strong></span> <span class='ocrx_word' id='word_1_453' title='bbox 334 2070 443 2098; x_wconf 85' lang='lat' dir='ltr'><strong>oracula</strong></span> <span class='ocrx_word' id='word_1_454' title='bbox 457 2070 568 2102; x_wconf 86' lang='lat' dir='ltr'><strong>fuerint,</strong></span> <span class='ocrx_word' id='word_1_455' title='bbox 593 2071 674 2105; x_wconf 83' lang='lat' dir='ltr'><strong>plane</strong></span> <span class='ocrx_word' id='word_1_456' title='bbox 702 2079 734 2099; x_wconf 89' lang='lat' dir='ltr'><strong>ac</strong></span> <span class='ocrx_word' id='word_1_457' title='bbox 745 2071 813 2109; x_wconf 37' lang='lat' dir='ltr'><strong>cit-ra</strong></span> <span class='ocrx_word' id='word_1_458' title='bbox 836 2071 1032 2099; x_wconf 89' lang='lat' dir='ltr'><strong>dubitationem</strong></span> 
     </span>
    </p>
   </div>
   <div class='ocr_carea' id='block_1_65' title="bbox 247 2115 1032 2151">
    <p class='ocr_par' dir='ltr' id='par_1_65' title="bbox 247 2115 1032 2151">
     <span class='ocr_line' id='line_1_65' title="bbox 247 2115 1032 2151; baseline 0 -8"><span class='ocrx_word' id='word_1_459' title='bbox 247 2116 329 2143; x_wconf 82' lang='lat' dir='ltr'><strong>ullam</strong></span> <span class='ocrx_word' id='word_1_460' title='bbox 341 2115 478 2151; x_wconf 79' lang='lat' dir='ltr'><strong>intelligis.</strong></span> <span class='ocrx_word' id='word_1_461' title='bbox 494 2115 562 2143; x_wconf 88' lang='lat' dir='ltr'><strong>Nam</strong></span> <span class='ocrx_word' id='word_1_462' title='bbox 578 2116 625 2151; x_wconf 90' lang='lat' dir='ltr'><strong>qui</strong></span> <span class='ocrx_word' id='word_1_463' title='bbox 639 2116 695 2143; x_wconf 89' lang='lat' dir='ltr'><strong>lieri</strong></span> <span class='ocrx_word' id='word_1_464' title='bbox 712 2117 808 2150; x_wconf 84' lang='lat' dir='ltr'><strong>possit,</strong></span> <span class='ocrx_word' id='word_1_465' title='bbox 823 2121 852 2143; x_wconf 89' lang='lat' dir='ltr'><strong>ut</strong></span> <span class='ocrx_word' id='word_1_466' title='bbox 865 2117 907 2143; x_wconf 88' lang='lat' dir='ltr'><strong>vel</strong></span> <span class='ocrx_word' id='word_1_467' title='bbox 920 2124 1032 2148; x_wconf 90' lang='lat' dir='ltr'><strong>numen,</strong></span> 
     </span>
    </p>
   </div>
   <div class='ocr_carea' id='block_1_66' title="bbox 247 2162 1072 2208">
    <p class='ocr_par' dir='ltr' id='par_1_66' title="bbox 247 2162 1072 2208">
     <span class='ocr_line' id='line_1_66' title="bbox 247 2162 1072 2208; baseline 0.001 -20"><span class='ocrx_word' id='word_1_468' title='bbox 247 2162 320 2197; x_wconf 84' lang='lat' dir='ltr'><strong>quod</strong></span> <span class='ocrx_word' id='word_1_469' title='bbox 338 2167 436 2190; x_wconf 85' lang='lat' dir='ltr'><strong>natura</strong></span> <span class='ocrx_word' id='word_1_470' title='bbox 450 2171 499 2190; x_wconf 88' lang='lat' dir='ltr'><strong>sua</strong></span> <span class='ocrx_word' id='word_1_471' title='bbox 521 2162 555 2190; x_wconf 86' lang='lat' dir='ltr'><strong>ab</strong></span> <span class='ocrx_word' id='word_1_472' title='bbox 572 2162 647 2189; x_wconf 94' lang='lat' dir='ltr'><strong>omni</strong></span> <span class='ocrx_word' id='word_1_473' title='bbox 671 2162 790 2190; x_wconf 85' lang='lat' dir='ltr'><strong>vanitate</strong></span> <span class='ocrx_word' id='word_1_474' title='bbox 812 2162 966 2197; x_wconf 73' lang='lat' dir='ltr'><strong>seiunctum</strong></span> <span class='ocrx_word' id='word_1_475' title='bbox 981 2167 1032 2195; x_wconf 88' lang='lat' dir='ltr'><strong>est,</strong></span> <span class='ocrx_word' id='word_1_476' title='bbox 1051 2181 1072 2208; x_wconf 66' lang='grc' dir='ltr'><strong>Β</strong></span> 
     </span>
    </p>
   </div>
   <div class='ocr_carea' id='block_1_67' title="bbox 247 2208 1035 2243">
    <p class='ocr_par' dir='ltr' id='par_1_67' title="bbox 247 2208 1035 2243">
     <span class='ocr_line' id='line_1_67' title="bbox 247 2208 1035 2243; baseline -0.001 -8"><span class='ocrx_word' id='word_1_477' title='bbox 247 2209 271 2236; x_wconf 84' lang='lat' dir='ltr'><strong>si</strong></span> <span class='ocrx_word' id='word_1_478' title='bbox 288 2208 397 2243; x_wconf 87' lang='lat' dir='ltr'><strong>quidem</strong></span> <span class='ocrx_word' id='word_1_479' title='bbox 410 2208 543 2243; x_wconf 87' lang='lat' dir='ltr'><strong>ejusmodi</strong></span> <span class='ocrx_word' id='word_1_480' title='bbox 558 2215 660 2234; x_wconf 90' lang='lat' dir='ltr'><strong>numen</strong></span> <span class='ocrx_word' id='word_1_481' title='bbox 682 2215 730 2242; x_wconf 91' lang='lat' dir='ltr'><strong>per</strong></span> <span class='ocrx_word' id='word_1_482' title='bbox 744 2215 804 2235; x_wconf 88' lang='lat' dir='ltr'><strong>sese</strong></span> <span class='ocrx_word' id='word_1_483' title='bbox 819 2212 877 2239; x_wconf 91' lang='lat' dir='ltr'><strong>est,</strong></span> <span class='ocrx_word' id='word_1_484' title='bbox 889 2208 1035 2242; x_wconf 85' lang='lat' dir='ltr'><strong>aliquando</strong></span> 
     </span>
    </p>
   </div>
   <div class='ocr_carea' id='block_1_68' title="bbox 247 2253 1036 2289">
    <p class='ocr_par' dir='ltr' id='par_1_68' title="bbox 247 2253 1036 2289">
     <span class='ocr_line' id='line_1_68' title="bbox 247 2253 1036 2289; baseline 0 -8"><span class='ocrx_word' id='word_1_485' title='bbox 247 2254 477 2281; x_wconf 88' lang='lat' dir='ltr'><strong>mentiatur?ch</strong></span> <span class='ocrx_word' id='word_1_486' title='bbox 503 2254 592 2282; x_wconf 89' lang='lat' dir='ltr'><strong>bonus</strong></span> <span class='ocrx_word' id='word_1_487' title='bbox 618 2254 714 2289; x_wconf 80' lang='lat' dir='ltr'><strong>genius</strong></span> <span class='ocrx_word' id='word_1_488' title='bbox 735 2253 885 2281; x_wconf 87' lang='lat' dir='ltr'><strong>mendaciis</strong></span> <span class='ocrx_word' id='word_1_489' title='bbox 909 2254 935 2281; x_wconf 95' lang='lat' dir='ltr'><strong>in</strong></span> <span class='ocrx_word' id='word_1_490' title='bbox 960 2254 1036 2281; x_wconf 80' lang='lat' dir='ltr'><strong>frau-</strong></span> 
     </span>
    </p>
   </div>
   <div class='ocr_carea' id='block_1_69' title="bbox 246 2299 1035 2335">
    <p class='ocr_par' dir='ltr' id='par_1_69' title="bbox 246 2299 1035 2335">
     <span class='ocr_line' id='line_1_69' title="bbox 246 2299 1035 2335; baseline 0 -8"><span class='ocrx_word' id='word_1_491' title='bbox 246 2301 306 2327; x_wconf 86' lang='lat' dir='ltr'><strong>dem</strong></span> <span class='ocrx_word' id='word_1_492' title='bbox 323 2308 381 2333; x_wconf 88' lang='lat' dir='ltr'><strong>eos,</strong></span> <span class='ocrx_word' id='word_1_493' title='bbox 399 2308 414 2327; x_wconf 91' lang='lat' dir='ltr'><strong>a</strong></span> <span class='ocrx_word' id='word_1_494' title='bbox 432 2300 531 2335; x_wconf 88' lang='lat' dir='ltr'><strong>quibus</strong></span> <span class='ocrx_word' id='word_1_495' title='bbox 546 2301 714 2333; x_wconf 84' lang='lat' dir='ltr'><strong>consulatur,</strong></span> <span class='ocrx_word' id='word_1_496' title='bbox 732 2300 856 2327; x_wconf 80' lang='lat' dir='ltr'><strong>inducat?</strong></span> <span class='ocrx_word' id='word_1_497' title='bbox 870 2299 937 2333; x_wconf 88' lang='lat' dir='ltr'><strong>Quis</strong></span> <span class='ocrx_word' id='word_1_498' title='bbox 954 2308 1035 2335; x_wconf 88' lang='lat' dir='ltr'><strong>porro</strong></span> 
     </span>
    </p>
   </div>
   <div class='ocr_carea' id='block_1_70' title="bbox 247 2345 1034 2381">
    <p class='ocr_par' dir='ltr' id='par_1_70' title="bbox 247 2345 1034 2381">
     <span class='ocr_line' id='line_1_70' title="bbox 247 2345 1034 2381; baseline -0.001 -8"><span class='ocrx_word' id='word_1_499' title='bbox 247 2346 350 2381; x_wconf 87' lang='lat' dir='ltr'><strong>aliquid</strong></span> <span class='ocrx_word' id='word_1_500' title='bbox 378 2346 488 2374; x_wconf 90' lang='lat' dir='ltr'><strong>homine</strong></span> <span class='ocrx_word' id='word_1_501' title='bbox 512 2345 601 2381; x_wconf 65' lang='lat' dir='ltr'><strong>majus</strong></span> <span class='ocrx_word' id='word_1_502' title='bbox 622 2345 649 2373; x_wconf 90' lang='lat' dir='ltr'><strong>id</strong></span> <span class='ocrx_word' id='word_1_503' title='bbox 675 2345 759 2373; x_wconf 78' lang='lat' dir='ltr'><strong>fuisse</strong></span> <span class='ocrx_word' id='word_1_504' title='bbox 780 2345 937 2377; x_wconf 87' lang='lat' dir='ltr'><strong>arbitretur,</strong></span> <span class='ocrx_word' id='word_1_505' title='bbox 962 2345 1034 2379; x_wconf 90' lang='lat' dir='ltr'><strong>quod</strong></span> 
     </span>
    </p>
   </div>
   <div class='ocr_carea' id='block_1_71' title="bbox 249 2391 1034 2420">
    <p class='ocr_par' dir='ltr' id='par_1_71' title="bbox 249 2391 1034 2420">
     <span class='ocr_line' id='line_1_71' title="bbox 249 2391 1034 2420; baseline -0.003 0"><span class='ocrx_word' id='word_1_506' title='bbox 249 2397 385 2420; x_wconf 89' lang='lat' dir='ltr'><strong>astrorum</strong></span> <span class='ocrx_word' id='word_1_507' title='bbox 404 2399 479 2420; x_wconf 89' lang='lat' dir='ltr'><strong>motu</strong></span> <span class='ocrx_word' id='word_1_508' title='bbox 498 2393 677 2420; x_wconf 90' lang='lat' dir='ltr'><strong>constrictum</strong></span> <span class='ocrx_word' id='word_1_509' title='bbox 699 2392 849 2420; x_wconf 79' lang='lat' dir='ltr'><strong>teneretur?</strong></span> <span class='ocrx_word' id='word_1_510' title='bbox 862 2391 929 2419; x_wconf 87' lang='lat' dir='ltr'><strong>Nam</strong></span> <span class='ocrx_word' id='word_1_511' title='bbox 951 2392 1034 2419; x_wconf 90' lang='lat' dir='ltr'><strong>homo</strong></span> 
     </span>
    </p>
   </div>
   <div class='ocr_carea' id='block_1_72' title="bbox 247 2438 1033 2475">
    <p class='ocr_par' dir='ltr' id='par_1_72' title="bbox 247 2438 1033 2475">
     <span class='ocr_line' id='line_1_72' title="bbox 247 2438 1033 2475; baseline -0.001 -9"><span class='ocrx_word' id='word_1_512' title='bbox 247 2440 369 2475; x_wconf 89' lang='lat' dir='ltr'><strong>quidem,</strong></span> <span class='ocrx_word' id='word_1_513' title='bbox 395 2439 519 2467; x_wconf 88' lang='lat' dir='ltr'><strong>mortalis</strong></span> <span class='ocrx_word' id='word_1_514' title='bbox 535 2440 608 2472; x_wconf 90' lang='lat' dir='ltr'><strong>licet,</strong></span> <span class='ocrx_word' id='word_1_515' title='bbox 625 2439 673 2474; x_wconf 90' lang='lat' dir='ltr'><strong>qui</strong></span> <span class='ocrx_word' id='word_1_516' title='bbox 698 2438 779 2465; x_wconf 87' lang='lat' dir='ltr'><strong>modo</strong></span> <span class='ocrx_word' id='word_1_517' title='bbox 797 2439 906 2466; x_wconf 91' lang='lat' dir='ltr'><strong>virtutis</strong></span> <span class='ocrx_word' id='word_1_518' title='bbox 931 2438 1033 2473; x_wconf 88' lang='lat' dir='ltr'><strong>aliquid</strong></span> 
     </span>
    </p>
   </div>
   <div class='ocr_carea' id='block_1_73' title="bbox 247 2484 1032 2525">
    <p class='ocr_par' dir='ltr' id='par_1_73' title="bbox 247 2484 1032 2525">
     <span class='ocr_line' id='line_1_73' title="bbox 247 2484 1032 2525; baseline -0.001 -13"><span class='ocrx_word' id='word_1_519' title='bbox 247 2486 337 2513; x_wconf 88' lang='lat' dir='ltr'><strong>studio</strong></span> <span class='ocrx_word' id='word_1_520' title='bbox 353 2486 464 2518; x_wconf 81' lang='lat' dir='ltr'><strong>tribuat,</strong></span> <span class='ocrx_word' id='word_1_521' title='bbox 480 2486 554 2513; x_wconf 86' lang='lat' dir='ltr'><strong>nulla</strong></span> <span class='ocrx_word' id='word_1_522' title='bbox 573 2486 598 2512; x_wconf 91' lang='lat' dir='ltr'><strong>vi</strong></span> <span class='ocrx_word' id='word_1_523' title='bbox 618 2485 652 2512; x_wconf 91' lang='lat' dir='ltr'><strong>ad</strong></span> <span class='ocrx_word' id='word_1_524' title='bbox 668 2485 851 2525; x_wconf 73' lang='lat' dir='ltr'><strong>mentiendum</strong></span> <span class='ocrx_word' id='word_1_525' title='bbox 866 2484 963 2512; x_wconf 88' lang='lat' dir='ltr'><strong>adduci</strong></span> <span class='ocrx_word' id='word_1_526' title='bbox 979 2493 1032 2511; x_wconf 93' lang='lat' dir='ltr'><strong>un-</strong></span> 
     </span>
    </p>
   </div>
   <div class='ocr_carea' id='block_1_74' title="bbox 246 2531 1034 2566">
    <p class='ocr_par' dir='ltr' id='par_1_74' title="bbox 246 2531 1034 2566">
     <span class='ocr_line' id='line_1_74' title="bbox 246 2531 1034 2566; baseline 0.001 -9"><span class='ocrx_word' id='word_1_527' title='bbox 246 2537 330 2566; x_wconf 86' lang='lat' dir='ltr'><strong>quam</strong></span> <span class='ocrx_word' id='word_1_528' title='bbox 352 2532 461 2565; x_wconf 86' lang='lat' dir='ltr'><strong>poterit,</strong></span> <span class='ocrx_word' id='word_1_529' title='bbox 490 2532 562 2566; x_wconf 91' lang='lat' dir='ltr'><strong>quod</strong></span> <span class='ocrx_word' id='word_1_530' title='bbox 581 2531 664 2559; x_wconf 88' lang='lat' dir='ltr'><strong>semel</strong></span> <span class='ocrx_word' id='word_1_531' title='bbox 681 2532 821 2558; x_wconf 86' lang='lat' dir='ltr'><strong>veritatem</strong></span> <span class='ocrx_word' id='word_1_532' title='bbox 847 2531 921 2558; x_wconf 90' lang='lat' dir='ltr'><strong>omni</strong></span> <span class='ocrx_word' id='word_1_533' title='bbox 939 2531 1034 2559; x_wconf 83' lang='lat' dir='ltr'><strong>condi-</strong></span> 
     </span>
    </p>
   </div>
   <div class='ocr_carea' id='block_1_75' title="bbox 248 2576 1032 2612">
    <p class='ocr_par' dir='ltr' id='par_1_75' title="bbox 248 2576 1032 2612">
     <span class='ocr_line' id='line_1_75' title="bbox 248 2576 1032 2612; baseline 0.003 -9"><span class='ocrx_word' id='word_1_534' title='bbox 248 2576 325 2603; x_wconf 89' lang='lat' dir='ltr'><strong>tione</strong></span> <span class='ocrx_word' id='word_1_535' title='bbox 343 2577 477 2611; x_wconf 88' lang='lat' dir='ltr'><strong>potiorem</strong></span> <span class='ocrx_word' id='word_1_536' title='bbox 496 2578 596 2605; x_wconf 83' lang='lat' dir='ltr'><strong>habere</strong></span> <span class='ocrx_word' id='word_1_537' title='bbox 618 2578 759 2605; x_wconf 84' lang='lat' dir='ltr'><strong>statuerit:</strong></span> <span class='ocrx_word' id='word_1_538' title='bbox 777 2585 826 2605; x_wconf 90' lang='lat' dir='ltr'><strong>nec</strong></span> <span class='ocrx_word' id='word_1_539' title='bbox 842 2577 898 2612; x_wconf 83' lang='lat' dir='ltr'><strong>jam</strong></span> <span class='ocrx_word' id='word_1_540' title='bbox 920 2577 968 2605; x_wconf 79' lang='lat' dir='ltr'><strong>fati</strong></span> <span class='ocrx_word' id='word_1_541' title='bbox 984 2585 1032 2605; x_wconf 90' lang='lat' dir='ltr'><strong>ne-</strong></span> 
     </span>
    </p>
   </div>
   <div class='ocr_carea' id='block_1_76' title="bbox 248 2621 1033 2659">
    <p class='ocr_par' dir='ltr' id='par_1_76' title="bbox 248 2621 1033 2659">
     <span class='ocr_line' id='line_1_76' title="bbox 248 2621 1033 2659; baseline 0.001 -9"><span class='ocrx_word' id='word_1_542' title='bbox 248 2621 403 2650; x_wconf 87' lang='lat' dir='ltr'><strong>cessitatem</strong></span> <span class='ocrx_word' id='word_1_543' title='bbox 435 2627 604 2651; x_wconf 88' lang='lat' dir='ltr'><strong>astrorumve</strong></span> <span class='ocrx_word' id='word_1_544' title='bbox 632 2628 736 2651; x_wconf 91' lang='lat' dir='ltr'><strong>motum</strong></span> <span class='ocrx_word' id='word_1_545' title='bbox 761 2624 875 2651; x_wconf 83' lang='lat' dir='ltr'><strong>vanitati</strong></span> <span class='ocrx_word' id='word_1_546' title='bbox 903 2628 1033 2659; x_wconf 77' lang='lat' dir='ltr'><strong>praetexet</strong></span> 
     </span>
    </p>
   </div>
   <div class='ocr_carea' id='block_1_77' title="bbox 1043 1500 1838 1544">
    <p class='ocr_par' dir='ltr' id='par_1_77' title="bbox 1043 1500 1838 1544">
     <span class='ocr_line' id='line_1_77' title="bbox 1043 1500 1838 1544; baseline -0.001 -8"><span class='ocrx_word' id='word_1_547' title='bbox 1043 1500 1065 1529; x_wconf 65' lang='grc' dir='ltr'><strong>(ἶ</strong></span> <span class='ocrx_word' id='word_1_548' title='bbox 1081 1509 1167 1536; x_wconf 74' lang='grc' dir='ltr'>Κλεῖε</span> <span class='ocrx_word' id='word_1_549' title='bbox 1180 1509 1264 1544; x_wconf 81' lang='grc' dir='ltr'>βίην,</span> <span class='ocrx_word' id='word_1_550' title='bbox 1283 1509 1390 1543; x_wconf 81' lang='grc' dir='ltr'>κάρτος</span> <span class='ocrx_word' id='word_1_551' title='bbox 1403 1518 1435 1536; x_wconf 86' lang='grc' dir='ltr'><strong>τε</strong></span> <span class='ocrx_word' id='word_1_552' title='bbox 1444 1510 1551 1544; x_wconf 60' lang='grc' dir='ltr'>λόγων</span> <span class='ocrx_word' id='word_1_553' title='bbox 1568 1509 1738 1544; x_wconf 74' lang='grc' dir='ltr'>ψευδηγόρα</span> <span class='ocrx_word' id='word_1_554' title='bbox 1750 1508 1838 1540; x_wconf 75' lang='grc' dir='ltr'>λέξω.</span> 
     </span>
    </p>
   </div>
   <div class='ocr_carea' id='block_1_78' title="bbox 1083 1566 1877 1602">
    <p class='ocr_par' dir='ltr' id='par_1_78' title="bbox 1083 1566 1877 1602">
     <span class='ocr_line' id='line_1_78' title="bbox 1083 1566 1877 1602; baseline -0.003 -8"><span class='ocrx_word' id='word_1_555' title='bbox 1083 1567 1138 1594; x_wconf 75' lang='lat' dir='ltr'><strong>Kal.</strong></span> <span class='ocrx_word' id='word_1_556' title='bbox 1155 1567 1195 1593; x_wconf 78' lang='grc' dir='ltr'>ὅτι</span> <span class='ocrx_word' id='word_1_557' title='bbox 1211 1567 1297 1593; x_wconf 80' lang='grc' dir='ltr'>ταῦτα</span> <span class='ocrx_word' id='word_1_558' title='bbox 1311 1566 1398 1602; x_wconf 78' lang='grc' dir='ltr'>ἀληθῆ</span> <span class='ocrx_word' id='word_1_559' title='bbox 1410 1568 1494 1599; x_wconf 78' lang='grc' dir='ltr'>ἐστιν,</span> <span class='ocrx_word' id='word_1_560' title='bbox 1520 1567 1591 1601; x_wconf 76' lang='grc' dir='ltr'>ἅπερ</span> <span class='ocrx_word' id='word_1_561' title='bbox 1621 1566 1735 1601; x_wconf 74' lang='grc' dir='ltr'>ἔφαμεν,</span> <span class='ocrx_word' id='word_1_562' title='bbox 1759 1566 1877 1601; x_wconf 75' lang='grc' dir='ltr'>δηλώσει</span> 
     </span>
    </p>
   </div>
   <div class='ocr_carea' id='block_1_79' title="bbox 1083 1612 1731 1649">
    <p class='ocr_par' dir='ltr' id='par_1_79' title="bbox 1083 1612 1731 1649">
     <span class='ocr_line' id='line_1_79' title="bbox 1083 1612 1731 1649; baseline -0.002 -9"><span class='ocrx_word' id='word_1_563' title='bbox 1083 1613 1118 1640; x_wconf 84' lang='grc' dir='ltr'>τὰ</span> <span class='ocrx_word' id='word_1_564' title='bbox 1132 1613 1221 1647; x_wconf 85' lang='grc' dir='ltr'>λόγια.</span> <span class='ocrx_word' id='word_1_565' title='bbox 1238 1613 1310 1648; x_wconf 85' lang='grc' dir='ltr'><strong>Ἔφη</strong></span> <span class='ocrx_word' id='word_1_566' title='bbox 1324 1613 1389 1648; x_wconf 81' lang='grc' dir='ltr'>γοῦν</span> <span class='ocrx_word' id='word_1_567' title='bbox 1406 1622 1449 1646; x_wconf 83' lang='grc' dir='ltr'><strong>τις</strong></span> <span class='ocrx_word' id='word_1_568' title='bbox 1464 1613 1573 1649; x_wconf 71' lang='grc' dir='ltr'>κληθεὶς</span> <span class='ocrx_word' id='word_1_569' title='bbox 1587 1613 1640 1640; x_wconf 83' lang='grc' dir='ltr'><strong>τῶν</strong></span> <span class='ocrx_word' id='word_1_570' title='bbox 1653 1612 1731 1639; x_wconf 82' lang='grc' dir='ltr'>θεῶν·</span> 
     </span>
    </p>
   </div>
   <div class='ocr_carea' id='block_1_80' title="bbox 1084 1669 1858 1705">
    <p class='ocr_par' dir='ltr' id='par_1_80' title="bbox 1084 1669 1858 1705">
     <span class='ocr_line' id='line_1_80' title="bbox 1084 1669 1858 1705; baseline -0.003 -9"><span class='ocrx_word' id='word_1_571' title='bbox 1084 1669 1217 1704; x_wconf 74' lang='grc' dir='ltr'>Σήμερον</span> <span class='ocrx_word' id='word_1_572' title='bbox 1233 1671 1289 1697; x_wconf 80' lang='grc' dir='ltr'><strong>οὐκ</strong></span> <span class='ocrx_word' id='word_1_573' title='bbox 1300 1670 1416 1697; x_wconf 80' lang='grc' dir='ltr'>ἐπέοικε</span> <span class='ocrx_word' id='word_1_574' title='bbox 1426 1670 1525 1705; x_wconf 74' lang='grc' dir='ltr'>λέγειν</span> <span class='ocrx_word' id='word_1_575' title='bbox 1541 1670 1660 1705; x_wconf 75' lang='grc' dir='ltr'>ἄστρων</span> <span class='ocrx_word' id='word_1_576' title='bbox 1671 1669 1752 1702; x_wconf 82' lang='grc' dir='ltr'>ὁδὸν,</span> <span class='ocrx_word' id='word_1_577' title='bbox 1767 1669 1858 1705; x_wconf 72' lang='grc' dir='ltr'>εἴρειν</span> 
     </span>
    </p>
   </div>
   <div class='ocr_carea' id='block_1_81' title="bbox 1086 1704 1877 1741">
    <p class='ocr_par' dir='ltr' id='par_1_81' title="bbox 1086 1704 1877 1741">
     <span class='ocr_line' id='line_1_81' title="bbox 1086 1704 1877 1741; baseline -0.001 -10"><span class='ocrx_word' id='word_1_578' title='bbox 1086 1706 1116 1731; x_wconf 78' lang='grc' dir='ltr'><strong>Θ*</strong></span> <span class='ocrx_word' id='word_1_579' title='bbox 1128 1705 1228 1739; x_wconf 75' lang='grc' dir='ltr'>ἕδραν·</span> <span class='ocrx_word' id='word_1_580' title='bbox 1242 1706 1455 1740; x_wconf 83' lang='grc' dir='ltr'>ἀμαντοσύνης</span> <span class='ocrx_word' id='word_1_581' title='bbox 1467 1704 1532 1741; x_wconf 53' lang='grc' dir='ltr'>γὰρ</span> <span class='ocrx_word' id='word_1_582' title='bbox 1560 1706 1595 1732; x_wconf 84' lang='grc' dir='ltr'><strong>ἐν</strong></span> <span class='ocrx_word' id='word_1_583' title='bbox 1608 1704 1737 1741; x_wconf 70' lang='grc' dir='ltr'>ἀστρασι</span> <span class='ocrx_word' id='word_1_584' title='bbox 1753 1704 1811 1730; x_wconf 73' lang='grc' dir='ltr'><strong>νῦν</strong></span> <span class='ocrx_word' id='word_1_585' title='bbox 1824 1711 1877 1730; x_wconf 79' lang='grc' dir='ltr'><strong>πε-</strong></span> 
     </span>
    </p>
   </div>
   <div class='ocr_carea' id='block_1_82' title="bbox 1668 1739 1837 1776">
    <p class='ocr_par' dir='ltr' id='par_1_82' title="bbox 1668 1739 1837 1776">
     <span class='ocr_line' id='line_1_82' title="bbox 1668 1739 1837 1776; baseline 0.006 -11"><span class='ocrx_word' id='word_1_586' title='bbox 1668 1739 1814 1776; x_wconf 83' lang='grc' dir='ltr'>[πέδηται.</span> <span class='ocrx_word' id='word_1_587' title='bbox 1829 1749 1837 1765; x_wconf 74' lang='grc' dir='ltr'><strong>ι</strong></span> 
     </span>
    </p>
   </div>
   <div class='ocr_carea' id='block_1_83' title="bbox 1085 1796 1876 1834">
    <p class='ocr_par' dir='ltr' id='par_1_83' title="bbox 1085 1796 1876 1834">
     <span class='ocr_line' id='line_1_83' title="bbox 1085 1796 1876 1834; baseline -0.003 -10"><span class='ocrx_word' id='word_1_588' title='bbox 1085 1797 1140 1824; x_wconf 78' lang='grc' dir='ltr'><strong>Καὶ</strong></span> <span class='ocrx_word' id='word_1_589' title='bbox 1158 1798 1289 1832; x_wconf 77' lang='grc' dir='ltr'>ἐπιλέγει·</span> <span class='ocrx_word' id='word_1_590' title='bbox 1318 1807 1327 1824; x_wconf 85' lang='grc'><strong><em>‹</em></strong></span> <span class='ocrx_word' id='word_1_591' title='bbox 1342 1798 1465 1833; x_wconf 84' lang='grc' dir='ltr'>Πέφηνεν</span> <span class='ocrx_word' id='word_1_592' title='bbox 1491 1798 1556 1834; x_wconf 78' lang='grc' dir='ltr'>ἄρα,</span> <span class='ocrx_word' id='word_1_593' title='bbox 1580 1797 1661 1825; x_wconf 83' lang='grc' dir='ltr'>πόθεν</span> <span class='ocrx_word' id='word_1_594' title='bbox 1689 1796 1820 1828; x_wconf 80' lang='grc' dir='ltr'>πολλάκις</span> <span class='ocrx_word' id='word_1_595' title='bbox 1843 1796 1876 1822; x_wconf 60' lang='grc' dir='ltr'>τὸ</span> 
     </span>
    </p>
   </div>
   <div class='ocr_carea' id='block_1_84' title="bbox 1085 1845 1404 1881">
    <p class='ocr_par' dir='ltr' id='par_1_84' title="bbox 1085 1845 1404 1881">
     <span class='ocr_line' id='line_1_84' title="bbox 1085 1845 1404 1881; baseline 0 -9"><span class='ocrx_word' id='word_1_596' title='bbox 1085 1845 1182 1881; x_wconf 74' lang='grc' dir='ltr'>ψεῦδος</span> <span class='ocrx_word' id='word_1_597' title='bbox 1210 1846 1376 1873; x_wconf 84' lang='grc' dir='ltr'>συνίσταται.</span> <span class='ocrx_word' id='word_1_598' title='bbox 1393 1855 1404 1872; x_wconf 72' lang='grc' dir='ltr'><strong>ι</strong></span> 
     </span>
    </p>
   </div>
   <div class='ocr_carea' id='block_1_85' title="bbox 1346 1923 1611 1958">
    <p class='ocr_par' dir='ltr' id='par_1_85' title="bbox 1346 1923 1611 1958">
     <span class='ocr_line' id='line_1_85' title="bbox 1346 1923 1611 1958; baseline 0 -7"><span class='ocrx_word' id='word_1_599' title='bbox 1346 1923 1543 1953; x_wconf 79' lang='grc' dir='ltr'><strong>ΚΕΦΑΛΑΙΟΝ</strong></span> <span class='ocrx_word' id='word_1_600' title='bbox 1566 1925 1611 1958; x_wconf 71' lang='lat' dir='ltr'><strong>q&#39;.</strong></span> 
     </span>
    </p>
   </div>
   <div class='ocr_carea' id='block_1_86' title="bbox 1127 1980 1840 2015">
    <p class='ocr_par' dir='ltr' id='par_1_86' title="bbox 1127 1980 1840 2015">
     <span class='ocr_line' id='line_1_86' title="bbox 1127 1980 1840 2015; baseline -0.004 -7"><span class='ocrx_word' id='word_1_601' title='bbox 1127 1981 1381 2008; x_wconf 78' lang='grc' dir='ltr'>Ἀνασκευαστικὰ</span> <span class='ocrx_word' id='word_1_602' title='bbox 1397 1981 1449 2008; x_wconf 82' lang='grc' dir='ltr'>τοῦ</span> <span class='ocrx_word' id='word_1_603' title='bbox 1463 1981 1529 2015; x_wconf 79' lang='grc' dir='ltr'>περὶ</span> <span class='ocrx_word' id='word_1_604' title='bbox 1543 1980 1720 2015; x_wconf 67' lang='grc' dir='ltr'>εἰμαρμέιηις</span> <span class='ocrx_word' id='word_1_605' title='bbox 1735 1980 1840 2014; x_wconf 72' lang='grc' dir='ltr'>λόγου.</span> 
     </span>
    </p>
   </div>
   <div class='ocr_carea' id='block_1_87' title="bbox 1123 2024 1877 2062">
    <p class='ocr_par' dir='ltr' id='par_1_87' title="bbox 1123 2024 1877 2062">
     <span class='ocr_line' id='line_1_87' title="bbox 1123 2024 1877 2062; baseline -0.001 -10"><span class='ocrx_word' id='word_1_606' title='bbox 1123 2027 1194 2062; x_wconf 77' lang='grc' dir='ltr'>Ἀρα</span> <span class='ocrx_word' id='word_1_607' title='bbox 1210 2035 1250 2053; x_wconf 89' lang='grc' dir='ltr'><strong>σοι</strong></span> <span class='ocrx_word' id='word_1_608' title='bbox 1261 2026 1398 2053; x_wconf 80' lang='grc' dir='ltr'>πέπαυται</span> <span class='ocrx_word' id='word_1_609' title='bbox 1415 2027 1505 2053; x_wconf 79' lang='grc' dir='ltr'>λοιπὸν</span> <span class='ocrx_word' id='word_1_610' title='bbox 1528 2026 1562 2052; x_wconf 79' lang='grc' dir='ltr'><strong>τὰ</strong></span> <span class='ocrx_word' id='word_1_611' title='bbox 1581 2026 1630 2061; x_wconf 85' lang='grc' dir='ltr'>τῆς</span> <span class='ocrx_word' id='word_1_612' title='bbox 1645 2025 1793 2061; x_wconf 73' lang='grc' dir='ltr'>ἀμφιϐόλου</span> <span class='ocrx_word' id='word_1_613' title='bbox 1807 2024 1877 2058; x_wconf 84' lang='grc' dir='ltr'><strong>γνὼ-</strong></span> 
     </span>
    </p>
   </div>
   <div class='ocr_carea' id='block_1_88' title="bbox 1088 2069 1874 2108">
    <p class='ocr_par' dir='ltr' id='par_1_88' title="bbox 1088 2069 1874 2108">
     <span class='ocr_line' id='line_1_88' title="bbox 1088 2069 1874 2108; baseline -0.004 -9"><span class='ocrx_word' id='word_1_614' title='bbox 1088 2081 1152 2108; x_wconf 88' lang='grc' dir='ltr'>μης,</span> <span class='ocrx_word' id='word_1_615' title='bbox 1166 2072 1207 2099; x_wconf 83' lang='grc' dir='ltr'>ὃτι</span> <span class='ocrx_word' id='word_1_616' title='bbox 1220 2072 1302 2108; x_wconf 82' lang='grc' dir='ltr'>μηδέν</span> <span class='ocrx_word' id='word_1_617' title='bbox 1318 2081 1344 2098; x_wconf 89' lang='grc' dir='ltr'><strong>τι</strong></span> <span class='ocrx_word' id='word_1_618' title='bbox 1353 2069 1386 2107; x_wconf 80' lang='grc' dir='ltr'>ἦν</span> <span class='ocrx_word' id='word_1_619' title='bbox 1395 2071 1465 2098; x_wconf 83' lang='grc' dir='ltr'>θεῖον</span> <span class='ocrx_word' id='word_1_620' title='bbox 1476 2072 1504 2099; x_wconf 83' lang='grc' dir='ltr'>ὲν</span> <span class='ocrx_word' id='word_1_621' title='bbox 1515 2073 1571 2104; x_wconf 81' lang='grc' dir='ltr'>τοῖς</span> <span class='ocrx_word' id='word_1_622' title='bbox 1581 2071 1634 2098; x_wconf 86' lang='grc' dir='ltr'><strong>τῶν</strong></span> <span class='ocrx_word' id='word_1_623' title='bbox 1649 2071 1718 2098; x_wconf 85' lang='grc' dir='ltr'>θεῶν</span> <span class='ocrx_word' id='word_1_624' title='bbox 1730 2071 1874 2107; x_wconf 80' lang='grc' dir='ltr'>χρησμοῖς.</span> 
     </span>
    </p>
   </div>
   <div class='ocr_carea' id='block_1_89' title="bbox 1087 2113 1876 2154">
    <p class='ocr_par' dir='ltr' id='par_1_89' title="bbox 1087 2113 1876 2154">
     <span class='ocr_line' id='line_1_89' title="bbox 1087 2113 1876 2154; baseline -0.004 -9"><span class='ocrx_word' id='word_1_625' title='bbox 1087 2119 1149 2150; x_wconf 88' lang='grc' dir='ltr'>Πῶς</span> <span class='ocrx_word' id='word_1_626' title='bbox 1164 2119 1217 2154; x_wconf 82' lang='grc' dir='ltr'>γάρ</span> <span class='ocrx_word' id='word_1_627' title='bbox 1245 2127 1311 2145; x_wconf 86' lang='grc' dir='ltr'>ποτε</span> <span class='ocrx_word' id='word_1_628' title='bbox 1326 2118 1357 2144; x_wconf 79' lang='grc' dir='ltr'>τὸ</span> <span class='ocrx_word' id='word_1_629' title='bbox 1372 2118 1442 2144; x_wconf 84' lang='grc' dir='ltr'>θεῖον</span> <span class='ocrx_word' id='word_1_630' title='bbox 1458 2118 1579 2152; x_wconf 72' lang='grc' dir='ltr'>ψεύσαιτ*</span> <span class='ocrx_word' id='word_1_631' title='bbox 1602 2117 1645 2150; x_wconf 87' lang='grc' dir='ltr'>ἂν,</span> <span class='ocrx_word' id='word_1_632' title='bbox 1667 2116 1715 2153; x_wconf 88' lang='grc' dir='ltr'>τὴν</span> <span class='ocrx_word' id='word_1_633' title='bbox 1745 2113 1830 2150; x_wconf 81' lang='grc' dir='ltr'>φύσιν</span> <span class='ocrx_word' id='word_1_634' title='bbox 1847 2116 1876 2142; x_wconf 81' lang='grc' dir='ltr'>ὃν</span> 
     </span>
    </p>
   </div>
   <div class='ocr_carea' id='block_1_90' title="bbox 1088 2163 1876 2200">
    <p class='ocr_par' dir='ltr' id='par_1_90' title="bbox 1088 2163 1876 2200">
     <span class='ocr_line' id='line_1_90' title="bbox 1088 2163 1876 2200; baseline -0.003 -9"><span class='ocrx_word' id='word_1_635' title='bbox 1088 2164 1292 2199; x_wconf 73' lang='grc' dir='ltr'>ἀψευδέστατον,</span> <span class='ocrx_word' id='word_1_636' title='bbox 1309 2164 1336 2191; x_wconf 81' lang='grc' dir='ltr'>εῐ</span> <span class='ocrx_word' id='word_1_637' title='bbox 1349 2174 1380 2199; x_wconf 83' lang='grc' dir='ltr'><strong>γε</strong></span> <span class='ocrx_word' id='word_1_638' title='bbox 1396 2165 1508 2200; x_wconf 78' lang='grc' dir='ltr'>ἀψευδὲς</span> <span class='ocrx_word' id='word_1_639' title='bbox 1526 2164 1556 2190; x_wconf 78' lang='grc' dir='ltr'>τὸ</span> <span class='ocrx_word' id='word_1_640' title='bbox 1573 2164 1663 2196; x_wconf 84' lang='grc' dir='ltr'>θεῖον;</span> <span class='ocrx_word' id='word_1_641' title='bbox 1682 2163 1740 2195; x_wconf 81' lang='grc' dir='ltr'><strong>πῶς</strong></span> <span class='ocrx_word' id='word_1_642' title='bbox 1763 2164 1791 2190; x_wconf 76' lang='grc' dir='ltr'>δὲ</span> <span class='ocrx_word' id='word_1_643' title='bbox 1806 2163 1876 2197; x_wconf 80' lang='grc' dir='ltr'>ἀγα-</span> 
     </span>
    </p>
   </div>
   <div class='ocr_carea' id='block_1_91' title="bbox 1087 2209 1876 2246">
    <p class='ocr_par' dir='ltr' id='par_1_91' title="bbox 1087 2209 1876 2246">
     <span class='ocr_line' id='line_1_91' title="bbox 1087 2209 1876 2246; baseline -0.003 -9"><span class='ocrx_word' id='word_1_644' title='bbox 1087 2211 1245 2246; x_wconf 80' lang='grc' dir='ltr'>θὸςδαίμων</span> <span class='ocrx_word' id='word_1_645' title='bbox 1258 2212 1317 2243; x_wconf 81' lang='grc' dir='ltr'>ταῖς</span> <span class='ocrx_word' id='word_1_646' title='bbox 1333 2210 1519 2246; x_wconf 78' lang='grc' dir='ltr'>ψευδολογίαις</span> <span class='ocrx_word' id='word_1_647' title='bbox 1543 2209 1694 2246; x_wconf 81' lang='grc' dir='ltr'>ἀπατήσειέ</span> <span class='ocrx_word' id='word_1_648' title='bbox 1724 2218 1790 2236; x_wconf 70' lang='grc' dir='ltr'>ποτε</span> <span class='ocrx_word' id='word_1_649' title='bbox 1812 2210 1876 2239; x_wconf 76' lang='grc' dir='ltr'>τοὺς</span> 
     </span>
    </p>
   </div>
   <div class='ocr_carea' id='block_1_92' title="bbox 1088 2254 1874 2293">
    <p class='ocr_par' dir='ltr' id='par_1_92' title="bbox 1088 2254 1874 2293">
     <span class='ocr_line' id='line_1_92' title="bbox 1088 2254 1874 2293; baseline -0.003 -10"><span class='ocrx_word' id='word_1_650' title='bbox 1088 2257 1261 2293; x_wconf 80' lang='grc' dir='ltr'>χρωμένους;</span> <span class='ocrx_word' id='word_1_651' title='bbox 1275 2257 1336 2288; x_wconf 87' lang='grc' dir='ltr'>Πῶς</span> <span class='ocrx_word' id='word_1_652' title='bbox 1354 2257 1376 2283; x_wconf 86' lang='grc' dir='ltr'>δ’</span> <span class='ocrx_word' id='word_1_653' title='bbox 1389 2256 1421 2283; x_wconf 79' lang='grc' dir='ltr'>ἂν</span> <span class='ocrx_word' id='word_1_654' title='bbox 1437 2257 1479 2292; x_wconf 82' lang='grc' dir='ltr'><strong>εἴη</strong></span> <span class='ocrx_word' id='word_1_655' title='bbox 1495 2257 1618 2292; x_wconf 83' lang='grc' dir='ltr'>κρεῖττον</span> <span class='ocrx_word' id='word_1_656' title='bbox 1636 2254 1779 2291; x_wconf 84' lang='grc' dir='ltr'>ἀνθρώπου</span> <span class='ocrx_word' id='word_1_657' title='bbox 1795 2255 1826 2281; x_wconf 81' lang='grc' dir='ltr'>τὸ</span> <span class='ocrx_word' id='word_1_658' title='bbox 1842 2257 1874 2290; x_wconf 78' lang='grc' dir='ltr'>τῇ</span> 
     </span>
    </p>
   </div>
   <div class='ocr_carea' id='block_1_93' title="bbox 1087 2300 1876 2338">
    <p class='ocr_par' dir='ltr' id='par_1_93' title="bbox 1087 2300 1876 2338">
     <span class='ocr_line' id='line_1_93' title="bbox 1087 2300 1876 2338; baseline -0.001 -9"><span class='ocrx_word' id='word_1_659' title='bbox 1087 2302 1140 2329; x_wconf 82' lang='grc' dir='ltr'><strong>τῶν</strong></span> <span class='ocrx_word' id='word_1_660' title='bbox 1157 2303 1263 2338; x_wconf 86' lang='grc' dir='ltr'>ἄστρων</span> <span class='ocrx_word' id='word_1_661' title='bbox 1288 2302 1358 2338; x_wconf 73' lang='grc' dir='ltr'>φορᾷ</span> <span class='ocrx_word' id='word_1_662' title='bbox 1388 2302 1589 2337; x_wconf 76' lang='grc' dir='ltr'>πεπεδημένον;</span> <span class='ocrx_word' id='word_1_663' title='bbox 1623 2301 1725 2336; x_wconf 77' lang='grc' dir='ltr'>Θνητὸς</span> <span class='ocrx_word' id='word_1_664' title='bbox 1753 2301 1801 2337; x_wconf 84' lang='grc' dir='ltr'>μὲν</span> <span class='ocrx_word' id='word_1_665' title='bbox 1829 2300 1876 2328; x_wconf 74' lang='grc' dir='ltr'>οὖν</span> 
     </span>
    </p>
   </div>
   <div class='ocr_carea' id='block_1_94' title="bbox 1087 2346 1877 2384">
    <p class='ocr_par' dir='ltr' id='par_1_94' title="bbox 1087 2346 1877 2384">
     <span class='ocr_line' id='line_1_94' title="bbox 1087 2346 1877 2384; baseline -0.001 -10"><span class='ocrx_word' id='word_1_666' title='bbox 1087 2348 1167 2384; x_wconf 72' lang='grc' dir='ltr'>ἀνὴρ,</span> <span class='ocrx_word' id='word_1_667' title='bbox 1187 2348 1314 2383; x_wconf 85' lang='grc' dir='ltr'>βραχεῖαν</span> <span class='ocrx_word' id='word_1_668' title='bbox 1329 2348 1428 2383; x_wconf 84' lang='grc' dir='ltr'>ἀρετῆς</span> <span class='ocrx_word' id='word_1_669' title='bbox 1444 2347 1561 2383; x_wconf 77' lang='grc' dir='ltr'>σπουδὴν</span> <span class='ocrx_word' id='word_1_670' title='bbox 1580 2348 1813 2383; x_wconf 80' lang='grc' dir='ltr'>εἰσενεγκάμενος,</span> <span class='ocrx_word' id='word_1_671' title='bbox 1831 2346 1877 2373; x_wconf 66' lang='grc' dir='ltr'><strong>οὖ-</strong></span> 
     </span>
    </p>
   </div>
   <div class='ocr_carea' id='block_1_95' title="bbox 1087 2393 1873 2430">
    <p class='ocr_par' dir='ltr' id='par_1_95' title="bbox 1087 2393 1873 2430">
     <span class='ocr_line' id='line_1_95' title="bbox 1087 2393 1873 2430; baseline -0.001 -10"><span class='ocrx_word' id='word_1_672' title='bbox 1087 2395 1145 2422; x_wconf 79' lang='grc' dir='ltr'>ποτ”</span> <span class='ocrx_word' id='word_1_673' title='bbox 1160 2395 1193 2421; x_wconf 82' lang='grc' dir='ltr'>ἂν</span> <span class='ocrx_word' id='word_1_674' title='bbox 1205 2394 1466 2429; x_wconf 78' lang='grc' dir='ltr'>ψεύσαιτο,τάληθὲς</span> <span class='ocrx_word' id='word_1_675' title='bbox 1482 2395 1616 2430; x_wconf 76' lang='grc' dir='ltr'>προτιμᾷν</span> <span class='ocrx_word' id='word_1_676' title='bbox 1629 2394 1804 2429; x_wconf 76' lang='grc' dir='ltr'>προθέμενος,</span> <span class='ocrx_word' id='word_1_677' title='bbox 1819 2393 1873 2420; x_wconf 73' lang='grc' dir='ltr'>οὐδ’</span> 
     </span>
    </p>
   </div>
   <div class='ocr_carea' id='block_1_96' title="bbox 1087 2437 1877 2474">
    <p class='ocr_par' dir='ltr' id='par_1_96' title="bbox 1087 2437 1877 2474">
     <span class='ocr_line' id='line_1_96' title="bbox 1087 2437 1877 2474; baseline -0.003 -9"><span class='ocrx_word' id='word_1_678' title='bbox 1087 2439 1257 2474; x_wconf 84' lang='grc' dir='ltr'>εἱμαρμένης</span> <span class='ocrx_word' id='word_1_679' title='bbox 1273 2438 1406 2473; x_wconf 82' lang='grc' dir='ltr'>ἀνάγκην,</span> <span class='ocrx_word' id='word_1_680' title='bbox 1427 2437 1480 2464; x_wconf 75' lang='grc' dir='ltr'>οὐδ’</span> <span class='ocrx_word' id='word_1_681' title='bbox 1492 2438 1598 2472; x_wconf 81' lang='grc' dir='ltr'>ἄστρων</span> <span class='ocrx_word' id='word_1_682' title='bbox 1621 2438 1706 2473; x_wconf 72' lang='grc' dir='ltr'>φορὰν</span> <span class='ocrx_word' id='word_1_683' title='bbox 1723 2437 1877 2464; x_wconf 79' lang='grc' dir='ltr'>αἰτιάσαιτο</span> 
     </span>
    </p>
   </div>
   <div class='ocr_carea' id='block_1_97' title="bbox 1086 2483 1875 2520">
    <p class='ocr_par' dir='ltr' id='par_1_97' title="bbox 1086 2483 1875 2520">
     <span class='ocr_line' id='line_1_97' title="bbox 1086 2483 1875 2520; baseline -0.003 -9"><span class='ocrx_word' id='word_1_684' title='bbox 1086 2485 1266 2520; x_wconf 79' lang='grc' dir='ltr'>ψευσάμενος·</span> <span class='ocrx_word' id='word_1_685' title='bbox 1287 2483 1343 2510; x_wconf 79' lang='grc' dir='ltr'>ἀλλ’</span> <span class='ocrx_word' id='word_1_686' title='bbox 1360 2484 1384 2510; x_wconf 81' lang='grc' dir='ltr'>εἰ</span> <span class='ocrx_word' id='word_1_687' title='bbox 1395 2483 1444 2510; x_wconf 74' lang='grc' dir='ltr'>καὶ</span> <span class='ocrx_word' id='word_1_688' title='bbox 1458 2483 1496 2518; x_wconf 85' lang='grc' dir='ltr'>τῷ</span> <span class='ocrx_word' id='word_1_689' title='bbox 1511 2483 1615 2518; x_wconf 84' lang='grc' dir='ltr'>σώματι</span> <span class='ocrx_word' id='word_1_690' title='bbox 1629 2483 1684 2519; x_wconf 77' lang='grc' dir='ltr'>πῦρ</span> <span class='ocrx_word' id='word_1_691' title='bbox 1700 2491 1753 2514; x_wconf 82' lang='grc' dir='ltr'>τις,</span> <span class='ocrx_word' id='word_1_692' title='bbox 1771 2483 1786 2518; x_wconf 81' lang='grc' dir='ltr'>ἦ</span> <span class='ocrx_word' id='word_1_693' title='bbox 1799 2483 1875 2519; x_wconf 77' lang='grc' dir='ltr'>σίδη-</span> 
     </span>
    </p>
   </div>
   <div class='ocr_carea' id='block_1_98' title="bbox 1088 2529 1877 2568">
    <p class='ocr_par' dir='ltr' id='par_1_98' title="bbox 1088 2529 1877 2568">
     <span class='ocr_line' id='line_1_98' title="bbox 1088 2529 1877 2568; baseline -0.004 -10"><span class='ocrx_word' id='word_1_694' title='bbox 1088 2540 1134 2567; x_wconf 81' lang='grc' dir='ltr'><strong>ρον</strong></span> <span class='ocrx_word' id='word_1_695' title='bbox 1146 2531 1304 2568; x_wconf 84' lang='grc' dir='ltr'>προσφέρει,</span> <span class='ocrx_word' id='word_1_696' title='bbox 1317 2529 1482 2565; x_wconf 76' lang='grc' dir='ltr'>διαφθείρειν</span> <span class='ocrx_word' id='word_1_697' title='bbox 1504 2529 1696 2563; x_wconf 75' lang='grc' dir='ltr'>ὲξαναγκάζων</span> <span class='ocrx_word' id='word_1_698' title='bbox 1723 2529 1768 2555; x_wconf 77' lang='grc' dir='ltr'>τὸν</span> <span class='ocrx_word' id='word_1_699' title='bbox 1788 2529 1877 2564; x_wconf 80' lang='grc' dir='ltr'>ἁληΟῆ</span> 
     </span>
    </p>
   </div>
   <div class='ocr_carea' id='block_1_99' title="bbox 1086 2574 1875 2612">
    <p class='ocr_par' dir='ltr' id='par_1_99' title="bbox 1086 2574 1875 2612">
     <span class='ocr_line' id='line_1_99' title="bbox 1086 2574 1875 2612; baseline -0.005 -8"><span class='ocrx_word' id='word_1_700' title='bbox 1086 2578 1174 2612; x_wconf 84' lang='grc' dir='ltr'>λόγον,</span> <span class='ocrx_word' id='word_1_701' title='bbox 1191 2577 1259 2604; x_wconf 82' lang='grc' dir='ltr'>ἀλλὰ</span> <span class='ocrx_word' id='word_1_702' title='bbox 1279 2576 1326 2603; x_wconf 71' lang='grc' dir='ltr'><strong>καὶ</strong></span> <span class='ocrx_word' id='word_1_703' title='bbox 1353 2575 1420 2611; x_wconf 79' lang='grc' dir='ltr'>πρὸς</span> <span class='ocrx_word' id='word_1_704' title='bbox 1436 2575 1515 2601; x_wconf 76' lang='grc' dir='ltr'>τοῦτο</span> <span class='ocrx_word' id='word_1_705' title='bbox 1538 2574 1772 2610; x_wconf 78' lang='grc' dir='ltr'>ἐλευθεροστομῶν</span> <span class='ocrx_word' id='word_1_706' title='bbox 1799 2575 1875 2601; x_wconf 81' lang='grc' dir='ltr'>ἀντι-</span> 
     </span>
    </p>
   </div>
   <div class='ocr_carea' id='block_1_100' title="bbox 1086 2623 1240 2659">
    <p class='ocr_par' dir='ltr' id='par_1_100' title="bbox 1086 2623 1240 2659">
     <span class='ocr_line' id='line_1_100' title="bbox 1086 2623 1240 2659; baseline -0.006 -9"><span class='ocrx_word' id='word_1_707' title='bbox 1086 2623 1240 2659; x_wconf 78' lang='grc' dir='ltr'>φθέγξεται’</span> 
     </span>
    </p>
   </div>
   <div class='ocr_carea' id='block_1_101' title="bbox 249 2669 1873 2707">
    <p class='ocr_par' dir='ltr' id='par_1_101' title="bbox 249 2669 1873 2707">
     <span class='ocr_line' id='line_1_101' title="bbox 249 2669 1873 2707; baseline 0.001 -12"><span class='ocrx_word' id='word_1_708' title='bbox 249 2676 322 2700; x_wconf 67' lang='lat' dir='ltr'><strong>suae;</strong></span> <span class='ocrx_word' id='word_1_709' title='bbox 338 2673 365 2696; x_wconf 86' lang='lat' dir='ltr'><strong>at</strong></span> <span class='ocrx_word' id='word_1_710' title='bbox 382 2669 470 2704; x_wconf 77' lang='lat' dir='ltr'><strong>ignem</strong></span> <span class='ocrx_word' id='word_1_711' title='bbox 483 2669 546 2697; x_wconf 89' lang='lat' dir='ltr'><strong>licet</strong></span> <span class='ocrx_word' id='word_1_712' title='bbox 565 2670 674 2705; x_wconf 85' lang='lat' dir='ltr'><strong>corpori</strong></span> <span class='ocrx_word' id='word_1_713' title='bbox 696 2675 744 2697; x_wconf 87' lang='lat' dir='ltr'><strong>aut</strong></span> <span class='ocrx_word' id='word_1_714' title='bbox 759 2670 860 2698; x_wconf 77' lang='lat' dir='ltr'><strong>ferrum</strong></span> <span class='ocrx_word' id='word_1_715' title='bbox 891 2671 1057 2705; x_wconf 79' lang='lat' dir='ltr'><strong>admoveris,</strong></span> <span class='ocrx_word' id='word_1_716' title='bbox 1077 2679 1133 2707; x_wconf 93' lang='lat' dir='ltr'><strong>quo</strong></span> <span class='ocrx_word' id='word_1_717' title='bbox 1167 2670 1256 2697; x_wconf 79' lang='lat' dir='ltr'><strong>veraci</strong></span> <span class='ocrx_word' id='word_1_718' title='bbox 1276 2670 1374 2704; x_wconf 75' lang='lat' dir='ltr'><strong>lingua:</strong></span> <span class='ocrx_word' id='word_1_719' title='bbox 1395 2670 1449 2696; x_wconf 91' lang='lat' dir='ltr'><strong>vim</strong></span> <span class='ocrx_word' id='word_1_720' title='bbox 1474 2669 1581 2701; x_wconf 72' lang='lat' dir='ltr'><strong>aderas,</strong></span> <span class='ocrx_word' id='word_1_721' title='bbox 1605 2670 1686 2697; x_wconf 88' lang='lat' dir='ltr'><strong>stabit</strong></span> <span class='ocrx_word' id='word_1_722' title='bbox 1702 2669 1745 2697; x_wconf 89' lang='lat' dir='ltr'><strong>ille</strong></span> <span class='ocrx_word' id='word_1_723' title='bbox 1766 2674 1873 2702; x_wconf 84' lang='lat' dir='ltr'><strong>contra,</strong></span> 
     </span>
    </p>
   </div>
   <div class='ocr_carea' id='block_1_102' title="bbox 249 2717 869 2753">
    <p class='ocr_par' dir='ltr' id='par_1_102' title="bbox 249 2717 869 2753">
     <span class='ocr_line' id='line_1_102' title="bbox 249 2717 869 2753; baseline 0.005 -10"><span class='ocrx_word' id='word_1_724' title='bbox 249 2722 276 2743; x_wconf 87' lang='lat' dir='ltr'><strong>et</strong></span> <span class='ocrx_word' id='word_1_725' title='bbox 301 2717 384 2744; x_wconf 87' lang='lat' dir='ltr'><strong>libera</strong></span> <span class='ocrx_word' id='word_1_726' title='bbox 404 2719 592 2753; x_wconf 84' lang='lat' dir='ltr'><strong>constantique</strong></span> <span class='ocrx_word' id='word_1_727' title='bbox 609 2726 673 2746; x_wconf 90' lang='lat' dir='ltr'><strong>voce</strong></span> <span class='ocrx_word' id='word_1_728' title='bbox 687 2719 869 2747; x_wconf 83' lang='lat' dir='ltr'><strong>exclamabit:</strong></span> 
     </span>
    </p>
   </div>
   <div class='ocr_carea' id='block_1_103' title="bbox 287 2772 892 2808">
    <p class='ocr_par' dir='ltr' id='par_1_103' title="bbox 287 2772 892 2808">
     <span class='ocr_line' id='line_1_103' title="bbox 287 2772 892 2808; baseline 0.005 -10"><span class='ocrx_word' id='word_1_729' title='bbox 287 2772 415 2808; x_wconf 71' lang='lat' dir='ltr'><strong>Occurrat</strong></span> <span class='ocrx_word' id='word_1_730' title='bbox 435 2772 514 2807; x_wconf 70' lang='lat' dir='ltr'><strong>ignis,</strong></span> <span class='ocrx_word' id='word_1_731' title='bbox 535 2774 639 2808; x_wconf 82' lang='lat' dir='ltr'><strong>gladius</strong></span> <span class='ocrx_word' id='word_1_732' title='bbox 651 2780 770 2801; x_wconf 80' lang='lat' dir='ltr'><strong>occurrat</strong></span> <span class='ocrx_word' id='word_1_733' title='bbox 788 2783 796 2802; x_wconf 96' lang='lat'><em>:</em></span> <span class='ocrx_word' id='word_1_734' title='bbox 810 2783 869 2801; x_wconf 82' lang='lat' dir='ltr'><strong>seca</strong></span> <span class='ocrx_word' id='word_1_735' title='bbox 884 2783 892 2801; x_wconf 95' lang='lat'><strong><em>:</em></strong></span> 
     </span>
    </p>
   </div>
   <div class='ocr_carea' id='block_1_104' title="bbox 289 2807 878 2842">
    <p class='ocr_par' dir='ltr' id='par_1_104' title="bbox 289 2807 878 2842">
     <span class='ocr_line' id='line_1_104' title="bbox 289 2807 878 2842; baseline 0.007 -9"><span class='ocrx_word' id='word_1_736' title='bbox 289 2807 375 2835; x_wconf 76' lang='lat' dir='ltr'><strong>Ezure</strong></span> <span class='ocrx_word' id='word_1_737' title='bbox 391 2816 501 2841; x_wconf 82' lang='lat' dir='ltr'><strong>corpus:</strong></span> <span class='ocrx_word' id='word_1_738' title='bbox 519 2807 645 2842; x_wconf 62' lang='lat' dir='ltr'><strong>sanguine</strong></span> <span class='ocrx_word' id='word_1_739' title='bbox 658 2810 790 2837; x_wconf 78' lang='lat' dir='ltr'><strong>ardentem</strong></span> <span class='ocrx_word' id='word_1_740' title='bbox 806 2811 878 2837; x_wconf 80' lang='lat' dir='ltr'><strong>sitim</strong></span> 
     </span>
    </p>
   </div>
   <div class='ocr_carea' id='block_1_105' title="bbox 1089 2771 1789 2808">
    <p class='ocr_par' dir='ltr' id='par_1_105' title="bbox 1089 2771 1789 2808">
     <span class='ocr_line' id='line_1_105' title="bbox 1089 2771 1789 2808; baseline -0.004 -7"><span class='ocrx_word' id='word_1_741' title='bbox 1089 2776 1157 2802; x_wconf 80' lang='grc' dir='ltr'>Ἰτω</span> <span class='ocrx_word' id='word_1_742' title='bbox 1166 2774 1224 2808; x_wconf 79' lang='grc' dir='ltr'><strong>μὲν</strong></span> <span class='ocrx_word' id='word_1_743' title='bbox 1237 2773 1306 2806; x_wconf 71' lang='grc' dir='ltr'>πῦρ,</span> <span class='ocrx_word' id='word_1_744' title='bbox 1320 2772 1370 2798; x_wconf 81' lang='grc' dir='ltr'>ἴτω</span> <span class='ocrx_word' id='word_1_745' title='bbox 1385 2772 1419 2798; x_wconf 81' lang='grc' dir='ltr'>δὲ</span> <span class='ocrx_word' id='word_1_746' title='bbox 1436 2771 1603 2806; x_wconf 55' lang='grc' dir='ltr'>φάσγανον</span> <span class='ocrx_word' id='word_1_747' title='bbox 1620 2771 1706 2805; x_wconf 71' lang='grc' dir='ltr'>τέμνε</span> <span class='ocrx_word' id='word_1_748' title='bbox 1723 2771 1789 2807; x_wconf 71' lang='grc'>(49),</span> 
     </span>
    </p>
   </div>
   <div class='ocr_carea' id='block_1_106' title="bbox 1087 2807 1741 2842">
    <p class='ocr_par' dir='ltr' id='par_1_106' title="bbox 1087 2807 1741 2842">
     <span class='ocr_line' id='line_1_106' title="bbox 1087 2807 1741 2842; baseline -0.005 -6"><span class='ocrx_word' id='word_1_749' title='bbox 1087 2809 1212 2836; x_wconf 63' lang='grc' dir='ltr'>Ιὶἀταιθε</span> <span class='ocrx_word' id='word_1_750' title='bbox 1229 2809 1354 2842; x_wconf 73' lang='grc' dir='ltr'>σάρκας,</span> <span class='ocrx_word' id='word_1_751' title='bbox 1373 2807 1563 2842; x_wconf 79' lang='grc' dir='ltr'>ἐμπλήσθητι</span> <span class='ocrx_word' id='word_1_752' title='bbox 1573 2816 1631 2841; x_wconf 84' lang='grc' dir='ltr'>μου</span> <span class='ocrx_word' id='word_1_753' title='bbox 1645 2808 1741 2833; x_wconf 71' lang='grc' dir='ltr'>πίνων</span> 
     </span>
    </p>
   </div>
   <div class='ocr_carea' id='block_1_107' title="bbox 288 2876 1032 2916">
    <p class='ocr_par' dir='ltr' id='par_1_107' title="bbox 288 2876 1024 2915">
     <span class='ocr_line' id='line_1_107' title="bbox 288 2876 1024 2915; baseline 0.004 -12"><span class='ocrx_word' id='word_1_754' title='bbox 288 2876 342 2911; x_wconf 68' lang='grc'><strong>(49)</strong></span> <span class='ocrx_word' id='word_1_755' title='bbox 359 2878 420 2904; x_wconf 73' lang='lat' dir='ltr'><strong>&quot;Im</strong></span> <span class='ocrx_word' id='word_1_756' title='bbox 429 2877 495 2912; x_wconf 81' lang='grc' dir='ltr'>μέν.</span> <span class='ocrx_word' id='word_1_757' title='bbox 509 2876 648 2906; x_wconf 87' lang='lat' dir='ltr'><strong>Constabit</strong></span> <span class='ocrx_word' id='word_1_758' title='bbox 662 2887 766 2910; x_wconf 84' lang='lat' dir='ltr'><strong>versus.</strong></span> <span class='ocrx_word' id='word_1_759' title='bbox 781 2880 803 2908; x_wconf 93' lang='lat' dir='ltr'><strong>si</strong></span> <span class='ocrx_word' id='word_1_760' title='bbox 827 2880 940 2915; x_wconf 68' lang='lat' dir='ltr'><strong>legetur,</strong></span> <span class='ocrx_word' id='word_1_761' title='bbox 963 2881 1024 2907; x_wconf 81' lang='grc' dir='ltr'>Ἵτω</span> 
     </span>
    </p>
   </div>
   <div class='ocr_carea' id='block_1_108' title="bbox 1084 2876 1642 2916">
    <p class='ocr_par' dir='ltr' id='par_1_108' title="bbox 1084 2876 1642 2913">
     <span class='ocr_line' id='line_1_108' title="bbox 1084 2876 1642 2913; baseline -0.009 -6"><span class='ocrx_word' id='word_1_762' title='bbox 1084 2888 1099 2907; x_wconf 85' lang='grc' dir='ltr'><strong>ν</strong></span> <span class='ocrx_word' id='word_1_763' title='bbox 1114 2877 1169 2906; x_wconf 78' lang='grc' dir='ltr'><strong>οὖν</strong></span> <span class='ocrx_word' id='word_1_764' title='bbox 1180 2878 1248 2913; x_wconf 60' lang='grc' dir='ltr'>πῦρ,</span> <span class='ocrx_word' id='word_1_765' title='bbox 1263 2878 1420 2913; x_wconf 51' lang='grc' dir='ltr'>φάσγανον</span> <span class='ocrx_word' id='word_1_766' title='bbox 1433 2877 1457 2904; x_wconf 72' lang='grc' dir='ltr'>δ’</span> <span class='ocrx_word' id='word_1_767' title='bbox 1473 2877 1533 2909; x_wconf 69' lang='lat' dir='ltr'><strong>tuo,</strong></span> <span class='ocrx_word' id='word_1_768' title='bbox 1547 2876 1642 2911; x_wconf 76' lang='grc' dir='ltr'>τέμνε.</span> 
     </span>
    </p>
   </div>
  </div>
