2063 3211
106 206 153 233 813

109 267 256 303 Κελαινὸν
269 265 356 302 αἷμα·
376 268 487 303 πρόσθε
503 268 557 302 γὰρ
570 268 647 295 κάτω
659 269 745 303 γαίης

112 303 208 329 Ἵασιν
221 301 335 338 ἄστρα,
350 302 388 338 τῆ
402 302 427 329 δ’
439 301 584 336 ἀνειονές
595 301 734 338 οὐρανόν,

114 337 183 371 Πρὶν
195 337 230 369 ἐξ
244 337 323 372 ἐμοῦ
338 337 376 365 tre
388 338 443 374 (50)
456 338 526 365 θῶπ’
541 338 829 374 ἀπαντῆσαι-λόγον.

117 425 149 452 Th
163 424 232 458 δέγε
243 424 398 452 λαοπλάνον
412 425 459 451 καὶ
472 426 609 461 ἀπατηλὸν
627 426 763 459 δαιμόνιον
783 427 902 461 σκήπτε-

116 481 168 503 ται,
181 473 246 503 τοὺς
257 471 380 507 ἄφρονας
394 471 581 507 σοφιζόμενον,
602 472 635 498 ἵν’
646 473 675 498 ὲν
689 469 728 504 οἷς
747 472 780 499 ἂν
794 472 843 507 τῆς
854 471 902 498 τοῦ

117 518 257 553 μέλλοντος
274 519 454 554 προρρήσεως
469 518 627 550 ἀποπίπτοι,
651 518 811 554 καταφυγὴν
827 518 903 553 αὐτῷ

115 565 163 599 τῆς
174 564 286 598 ἀλογίας
299 565 350 599 τὴν
365 564 534 600 εἱμαρμένην
550 564 697 600 πορίζοιτο.
712 565 805 591 Πάντα
832 564 853 591 δ’
865 565 903 590 εἱ-

117 610 258 645 μαρμένης
269 609 313 636 διὰ
327 609 381 636 τῶν
394 609 527 644 χρησμῶν
539 609 695 644 ἀναρτήσας
710 610 724 635 ὁ
734 609 847 643 δαίμων,
856 609 903 634 καὶ

114 656 145 682 τὺ
159 656 201 690 ἐφ’
215 657 281 691 ἡμῖν
297 656 329 682 ἐκ
339 655 390 690 τῆς
406 655 636 690 αὑτοπροαιρέτου
648 656 781 690 κινήσεως
791 654 902 686 ἀνελὼν,

115 703 222 737 ἀνάγκῃ
235 702 264 728 δὲ
276 702 323 729 καὶ
347 701 426 728 τοῦτο
438 699 653 732 καταδουλώσας,
665 700 713 727 θέα
724 702 763 732 είς
786 698 842 727 οἷον
855 709 904 727 κα-

115 748 171 774 κῶν
186 748 328 784 δογμάτων
339 748 447 783 ὀλεθρον
458 748 520 779 τοὺς
546 748 618 783 αὐτῷ
633 747 808 784 πειθομένους
820 755 903 775 κατα-

115 795 256 829 ϐέϐληκεν.
270 794 302 820 Εί
317 794 371 830 γὰρ
381 794 489 830 ἄστροις
510 795 556 820 καὶ
568 794 721 831 εἱμαρμένῃ
737 795 767 821 οὐ
790 795 856 829 μόνα
871 794 905 820 τὰ

114 839 207 871 ἐκτὸς,
223 838 292 866 ἀλλὰ
308 839 355 865 καὶ
369 838 417 870 τὰς
430 838 501 865 κατὰ
520 839 649 874 λογισμὸν
671 839 825 874 προθυμίας
839 840 904 866 ἀνα-

114 884 220 915 θετέον,
236 884 283 910 καί
297 893 338 915 τις
353 883 538 919 ἀπαραίτητος
551 885 658 919 ἀνάγκη
672 884 721 916 τὰς
733 885 905 921 ἀνθρωπίνας

698 209 859 237 PREPAR.
881 208 1007 237 EVANG.
1030 209 1092 236 LIB.
1117 209 1159 236 Vl.

1687 208 1738 236 ιιι

917 270 940 297 Α
987 267 1347 302 Rutinguenoslro:sidera
1368 268 1397 294 in
1419 271 1516 293 terram
1530 265 1604 301 prius

990 302 1134 334 Labantur,
1149 308 1209 330 aute
1225 303 1341 329 siderum
1359 303 1436 329 tellus
1457 302 1562 337 plagam

988 337 1108 368 Invadet,
1122 346 1166 364 ore
1184 346 1264 373 quam
1279 338 1326 364 tibi
1342 343 1432 364 nostro
1448 338 1552 364 excidat

997 373 1050 399 Vox
1064 373 1119 399 ulla
1138 373 1263 399 mendax.

953 431 986 457 At
1000 430 1118 466 gentium
1135 430 1241 461 illusor,
1254 434 1282 457 et
1294 428 1430 457 fraudium
1446 429 1542 457 artifex
1556 429 1673 463 daemon,
1687 429 1738 456 hoc

954 477 1082 504 nimirum
1101 476 1197 503 callide
1224 476 1314 508 tinxit.
1334 484 1389 511 quo
1405 475 1514 503 facilius
1529 476 1634 503 insanis
1651 476 1739 502 homi-

953 523 1035 550 nibus
1049 523 1217 557 imponeret;
1240 527 1332 557 atque,
1353 522 1399 549 ubi
1417 531 1461 550 res
1479 523 1558 550 aliter
1573 529 1654 557 quam
1672 529 1739 556 prm-

954 569 1055 596 dictum
1080 569 1113 595 ab
1133 576 1166 595 eo
1184 562 1264 600 foret,
1279 568 1409 600 eveniret,
1434 568 1469 595 ad
1486 567 1572 595 fatum
1594 568 1739 599 continuo,

954 614 1108 650 perfugium
1122 614 1174 642 sibi
1186 622 1218 642 ac
1234 618 1372 649 receptum
1385 618 1503 648 pararet.
1516 613 1575 641 Jam
1590 621 1666 645 vero,
1677 621 1738 640 cum

955 662 1013 696 ipse
1032 661 1124 687 omnia
1140 660 1197 688 suis
1225 660 1280 687 illis
1307 660 1426 688 oraculis
1453 668 1486 688 ex
1506 659 1555 687 fati
1579 659 1739 686 necessitate

955 707 1106 742 suspendit,
1125 712 1206 742 atque
1231 707 1257 734 id
1274 708 1368 738 etiam.
1386 707 1457 741 quod
1474 715 1525 741 pro
1540 706 1674 733 libertatis
1692 713 1739 733 no—

955 758 1017 780 stra!
1030 756 1105 779 motu
1122 760 1154 779 ac
1179 756 1315 787 potestate
1332 752 1431 785 agitur,
1451 750 1574 777 funditus
1591 750 1740 782 sublatum,

955 798 1048 826 eadem
1064 798 1193 825 servitute
1205 797 1384 830 constrinxit;
1401 796 1510 828 vidcsis,
1522 796 1647 828 obsecro,
1658 804 1739 830 quam

956 845 983 871 in
1006 844 1144 872 exitialem
1166 844 1322 878 dogmatum
1346 848 1449 878 pestem
1478 850 1541 870 suos
1562 841 1606 869 ille
1624 846 1738 869 sectati»

956 899 999 918 res
1019 891 1176 926 coniecerit.
1197 889 1265 917 Nam
1291 889 1313 917 si
1331 889 1415 917 astris
1439 893 1521 923 atque
1541 888 1608 920 fato,
1627 895 1680 914 non
1695 895 1740 914 ex-

115 929 274 961 ἐκϐιάζεται
283 929 406 963 γνώμας,
423 929 560 964 οἰχήσεταί
574 938 614 956 σοι
631 929 784 964 φιλοσοφία,
797 931 903 966 οἱχήσε-

957 941 1096 964 lernarum
1122 937 1204 964 modo
1225 943 1329 966 rerum,
1353 935 1399 962 sed
1421 942 1515 962 earum
1535 934 1616 962 etiam
1637 933 1740 968 cupidi-

113 982 158 1000 ται
170 974 219 1000 καὶ
232 973 367 1000 εὐσέϐεια·
384 974 443 1001 οὐδέ
463 983 504 1006 τις
516 972 550 1009 ἦν
558 976 612 1006 τοῖς
628 975 780 1008 σπουδαίοις
793 975 902 1008 ἔπαινος

113 1021 226 1056 ἀρετῆς,
244 1021 304 1047 οὐδέ
315 1029 356 1051 τις
367 1020 496 1055 θεοφιλία,
510 1021 570 1047 οὐδὲ
593 1021 648 1048 τῶν
677 1023 706 1048 ὲν
723 1022 837 1057 ἀσκήσει
854 1023 902 1049 πό-

111 1076 166 1093 νων
177 1066 286 1102 καρπὸς
307 1067 428 1100 ὲπάξιος,
451 1067 574 1103 ἀνάγκης
601 1069 647 1094 καὶ
661 1067 831 1103 εἱμαρμένης
853 1068 902 1103 τὴν

111 1111 203 1138 αίτίαν
217 1112 328 1139 πάντων
343 1113 564 1148 ἀναδεδεγμένης.
584 1114 621 1139 Οὐ
647 1114 678 1149 δὴ
709 1112 755 1141 οὖν
770 1115 902 1150 προσήκει

112 1157 344 1193 καταμέμφεσθαι
368 1159 424 1190 τοῖς
445 1158 509 1194 περὶ
537 1159 581 1185 τὸν
605 1159 662 1194 βίον
686 1159 902 1194 πλημμελοῦσιν,

110 1204 171 1231 οὗδέ
187 1213 221 1239 γε
237 1206 295 1236 τοῖς
309 1203 418 1231 ἀσεϐέσι
434 1204 483 1231 καὶ
498 1205 735 1240 ὲπιρρητοτάτοις
765 1205 822 1232 ἀλλ’
842 1206 902 1232 οὐδὲ

110 1251 175 1283 τοὺς
188 1250 353 1282 σπουδαίους
379 1249 536 1286 θαυμάζεινο
554 1250 640 1287 ταύτῃ
654 1251 692 1283 δὲ,
708 1251 746 1283 ὡς
765 1251 845 1287 ἔφην,
861 1252 902 1278 ot-

110 1297 226 1332 χήσεται
241 1295 272 1322 τὺ
288 1295 359 1331 μέγα
381 1296 430 1331 τῆς
449 1296 606 1331 φιλοσοφίας
635 1296 721 1328 κλέος,
746 1297 796 1324 οὐκ
821 1297 902 1324 αὖτο-

111 1343 278 1378 προαιρέτου
295 1342 410 1378 μελέτης
426 1342 472 1370 καὶ
490 1343 642 1378 ἀσκήσεως,
666 1343 723 1369 ἀλλ’
738 1343 770 1370 ὲκ
787 1344 838 1379 τῆς
847 1343 901 1370 τῶν

111 1390 222 1424 ἄστρων
232 1389 355 1424 ἀνάγκης
369 1388 581 1425 ἀπῃωρημένον.
595 1389 664 1424 Ὅρα
677 1386 723 1416 οὖν
737 1391 776 1421 είς
785 1387 841 1416 οἷον
853 1399 902 1417 κα-

112 1436 168 1462 κῶν
178 1435 324 1470 δογμάτων
337 1434 416 1470 βυθὸν
431 1434 486 1470 (51)
508 1436 531 1461 ot
550 1435 695 1470 θαυμάσιοι
715 1435 770 1462 θεοὶ
785 1436 901 1463 καταϐε-

111 1481 230 1517 aﬂuat
244 1480 313 1516 (52),
334 1481 381 1507 καὶ
394 1480 492 1515 σκέψαι
516 1480 554 1513 ὡς
575 1482 615 1512 εἱς
631 1481 750 1508 ἀσωτίαν
777 1481 823 1508 καὶ
847 1481 903 1508 ἀδι-

112 1526 187 1557 κίαν,
204 1526 253 1552 καὶ
266 1525 333 1552 ἄλλα
349 1524 432 1561 μυρία
445 1525 517 1552 κακὰ
533 1526 663 1561 παρορμᾷ
685 1526 732 1553 καὶ
753 1527 901 1563 προτρέπει

111 1572 188 1598 τουτὶ
206 1571 238 1598 τὺ
250 1571 348 1607 δόγμα,
359 1571 517 1607 ἀνατροπὴν
533 1570 580 1598 τοῦ
610 1571 709 1604 παντὸς
725 1572 781 1607 βίου
797 1572 903 1608 ἁθρόως

957 987 1053 1014 latum.
1070 990 1131 1017 quae
1146 981 1245 1009 mentis
1259 985 1286 1008 et
1299 981 1486 1014 intelligentia:
1500 979 1612 1006 ductum
1627 987 1740 1014 sequun-

956 1032 1010 1059 tur,
1033 1027 1175 1062 alligandaa
1196 1028 1318 1054 rationes
1339 1030 1430 1058 erunt,
1457 1026 1480 1053 si
1498 1026 1624 1052 humanae
1638 1025 1740 1060 cogita~

956 1074 1044 1101 tiones
1057 1078 1140 1109 atque
1154 1073 1297 1101 sententiae
1317 1073 1342 1099 vi
1361 1072 1478 1106 quadam
1500 1071 1675 1098 inexorabilis
1695 1079 1740 1098 ne-

956 1120 1093 1148 cessitatis
1111 1124 1242 1154 agentur;
1264 1119 1338 1146 nulla
1359 1119 1416 1153 jam
1433 1118 1556 1153 profecto
1570 1117 1740 1153 philosophia

956 1172 1007 1199 est,
1031 1167 1105 1193 nulla
1133 1165 1246 1201 religio;
1272 1165 1366 1200 probis
1391 1165 1450 1192 laus
1476 1172 1509 1191 ex
1533 1164 1633 1191 virtute
1650 1163 1739 1195 nulla;

956 1213 1032 1239 nulla
1048 1212 1095 1239 Dei
1118 1210 1317 1243 benevolentia,
1335 1210 1427 1237 nullus
1443 1210 1559 1245 denique
1577 1209 1683 1237 fructus
1697 1217 1728 1236 su

956 1265 1110 1294 sceptorum
1129 1258 1254 1285 laborum
1277 1257 1450 1284 contentione
1476 1256 1587 1291 dignus,
1614 1263 1675 1282 cum
1700 1263 1735 1282 ne

956 1305 1076 1332 cessitati
1092 1308 1174 1339 atque
1186 1303 1242 1331 fato
1257 1312 1347 1331 rerum
1363 1311 1453 1331 causze
1465 1302 1588 1329 omnium
1605 1301 1743 1336 assignen-

956 1354 1011 1378 tur.
1037 1349 1183 1376 Enimvero
1204 1357 1254 1376 nec
1274 1348 1406 1383 improbis
1424 1347 1504 1383 243
1527 1347 1675 1381 deinceps,
1696 1350 1740 1373 aut

956 1397 1057 1431 impiis,
1080 1396 1257 1431 omniumque
1275 1395 1343 1422 adeo
1368 1395 1500 1422 scelerum
1518 1393 1686 1428 turpitudine
1703 1393 1739 1420 la~

956 1442 1116 1470 boranlibus
1141 1441 1357 1468 succensendum
1376 1441 1442 1474 erit;
1467 1448 1517 1468 nec
1541 1439 1650 1467 virtutis
1670 1446 1737 1465 ama-

956 1488 1061 1516 toribus
1084 1488 1174 1515 laudis
1195 1487 1344 1523 quidquam
1365 1486 1532 1521 honorisque
1555 1485 1739 1512 tribuendum.

957 1534 996 1561 Ex
1014 1541 1069 1568 quo
1089 1533 1211 1568 profecto
1227 1533 1362 1568 sequitur,
1381 1532 1453 1568 quod
1471 1536 1533 1559 ante
1551 1531 1686 1564 dicebam,
1700 1531 1739 1557 in-

957 1588 1023 1616 gens
1037 1580 1104 1607 illud
1120 1579 1302 1615 philosophiae
1323 1579 1406 1607 decus
1427 1580 1588 1614 periturum,
1609 1578 1641 1605 sis
1655 1582 1737 1604 astro

113 1617 362 1652 κατεργαζόμενον.
380 1617 412 1643 El
423 1616 489 1650 γοῦν
504 1625 546 1648 τις
562 1617 675 1644 αὐτόθεν
696 1618 836 1645 πιστεύσοι
851 1619 903 1651 τοῖς

958 1634 1019 1653 rum
1034 1632 1067 1652 ex
1082 1625 1258 1658 necessitate,
1277 1633 1331 1652 non
1350 1632 1384 1652 ex
1399 1624 1553 1652 voluntaria
1567 1624 1739 1651 meditatione

113 1663 283 1698 θαυμαστοῖς
291 1662 344 1689 τῶν
357 1662 426 1689 θεῶν
441 1664 584 1698 χρησμοῖς,
597 1664 638 1690 ὅτι
658 1665 688 1691 τὸ
705 1663 844 1700 ἀληθεύειν
857 1664 904 1692 καὶ

113 1710 144 1736 τὸ
161 1708 320 1744 ψεύδεσθαι,
337 1709 384 1736 καὶ
400 1709 454 1744 (55)
468 1710 517 1744 οὐχ
538 1710 670 1746 ἡμέτερον
688 1710 767 1746 ἔργον
778 1708 823 1746 ἦν,
837 1711 905 1738 ἀλλὰ

113 1757 164 1792 τῆς
173 1757 362 1792 ἀπαραιτήτου
379 1757 559 1792 εἱμαρμένης,
568 1757 654 1784 καὶτὸ
666 1757 753 1785 Θέλειν
765 1758 811 1785 ἐπὶ
824 1767 906 1794 στρα-

114 1802 201 1834 τείαν,
216 1801 234 1837 ἢ
251 1802 294 1828 ἐπ’
311 1801 374 1828 ἄλλο
385 1810 410 1828 τι
425 1801 480 1828 τῶν
496 1802 638 1838 πρακτέων
648 1804 746 1839 ὁρμᾷν,
764 1803 810 1830 καὶ
824 1804 855 1830 τὸ
868 1804 904 1840 μὴ

116 1846 206 1873 θέλειν
218 1846 254 1873 τὰ
266 1846 367 1873 τοιάδε·
380 1847 438 1878 πῶς
449 1847 499 1873 οὐκ
516 1846 549 1874 ἂν
562 1847 715 1883 ἐθελήσειεν
736 1849 848 1884 ἀμελεῖν
859 1850 905 1877 καὶ

114 1892 341 1929 καταρῤᾳθυμεῖν
352 1893 381 1918 ὲν
393 1892 478 1919 ἆπασι
487 1893 543 1924 τοῖς
562 1893 599 1929 μὴ
623 1891 686 1921 ἄνευ
712 1895 843 1930 καμάτων
859 1896 905 1923 καὶ

115 1939 215 1971 πόνων,
227 1939 336 1974 καὶτῆς
349 1938 428 1974 ἡμῶν
440 1939 528 1966 αὐτῶν
546 1939 699 1976 προθυμίας
709 1941 905 1977 κατορθοῦσθαι

114 1984 294 2020 δυναμένοιςς
312 1984 344 2011 Εἰ
357 1984 412 2020 γὰρ
426 1984 455 2017 ἐξ
472 1984 641 2020 εἱμαρμένης
669 1985 728 2012 τόδε
748 1995 773 2012 τι
794 1987 906 2022 γενήσε-

116 2030 179 2057 σθαι
204 2030 322 2065 νομίζοι,
343 2031 398 2057 εἴτε
422 2031 570 2066 πονοίημεν
593 2031 674 2066 ἡμεῖς
692 2032 757 2066 περὶ
781 2032 906 2059 αὐτὸκαὶ

117 2076 326 2111 σπουδάζοιμεν,
343 2076 396 2102 εἴτε
409 2076 455 2104 καὶ
469 2075 516 2111 μὴ,
527 2077 585 2108 πῶς
596 2077 646 2104 οὐκ
662 2077 695 2104 ἄν
712 2086 754 2109 τις
768 2077 905 2114 ἐθελήσειε

115 2122 145 2148 τὺ
165 2123 232 2157 ῥᾷον
250 2121 395 2157 αἱρεῖσθαι,
410 2123 508 2158 παρεὶς
528 2122 624 2150 ἑαυτὸν
648 2123 697 2149 καὶ
721 2122 840 2158 ἀμελῶν,
868 2123 906 2157 ὡς

116 2168 145 2200 ἐξ
154 2167 327 2203 εἱμαρμένης
346 2168 392 2193 καὶ
414 2168 536 2203 ἀνάγκης
553 2168 734 2204 γενησομένου
762 2169 811 2196 τοῦ
835 2178 906 2206 πρα-

115 2214 302 2250 χθησομένου;
321 2213 402 2240 Ὅθεν
415 2214 461 2241 καὶ
470 2214 603 2248 λεγόντων
623 2215 697 2241 ἐστὶν
717 2214 832 2242 ἀκοῦσαι
851 2216 904 2242 τῶν

116 2260 233 2293 πολὶῶν,
264 2260 305 2286 ὅτι
327 2260 391 2296 ἄρα,
416 2261 607 2296 Πραχθήσεται
621 2260 710 2293 τοῦτο,
736 2261 794 2296 εἴγε
808 2262 904 2297 εἵμαρ-

957 1671 1102 1707 studioque
1123 1671 1260 1706 pendebit.
1280 1670 1348 1698 Vide
1368 1678 1432 1706 ergo
1447 1677 1529 1705 quam
1547 1670 1575 1697 in
1593 1669 1740 1697 exitialium

957 1716 1114 1751 dogmatum
1131 1716 1289 1751 voraginem
1311 1716 1424 1744 clientes
1447 1723 1513 1743 suos
1529 1716 1636 1750 egregia
1654 1715 1739 1742 numi-

956 1770 992 1790 na
1004 1763 1190 1798 coniecerim:
1210 1766 1292 1798 atque
1312 1767 1342 1790 ut
1358 1762 1493 1797 ejusmodi
1512 1761 1657 1793 sententia,
1677 1761 1739 1788 dum

957 1809 992 1836 ad
1016 1809 1183 1844 nequitiam,
1211 1809 1374 1843 injuriarum
1399 1807 1550 1841 licentiam,
1573 1807 1743 1842 aliorumque

957 1854 1091 1882 malorum
1100 1854 1154 1881 vim
1167 1862 1199 1882 ac
1210 1854 1411 1881 multitudinem
1426 1852 1559 1880 infinitam
1574 1851 1743 1885 exstimulat.

957 1900 1021 1928 vitae
1035 1900 1117 1928 simul
1133 1900 1269 1927 universae
1288 1899 1438 1934 perniciem
1461 1898 1583 1926 ultimam
1604 1897 1744 1924 moliatur.

957 1945 1025 1973 Nam
1047 1946 1094 1973 ubi
1115 1946 1178 1981 quis
1201 1946 1286 1973 semel
1314 1945 1451 1981 praeclaris
1467 1945 1580 1972 deorum
1603 1947 1739 1978 permotus

956 1991 1088 2025 oraculis,
1108 1992 1135 2018 in
1155 1991 1278 2018 animum
1294 1990 1433 2018 induxerit
1455 1987 1547 2023 suum,
1563 1996 1627 2016 vera
1642 1988 1739 2023 pariter

957 2038 1080 2073 falsaque
1096 2037 1182 2072 l0qui,
1197 2037 1366 2065 voluntatem
1389 2037 1423 2064 ad
1443 2035 1569 2063 militiam
1583 2033 1739 2069 adiungere.

957 2089 1005 2111 aut
1018 2091 1077 2111 rem
1095 2083 1231 2118 ejusmodi
1245 2083 1364 2118 aliquam
1377 2082 1515 2119 persequi,
1533 2081 1575 2108 vel
1590 2084 1686 2108 contra
1701 2079 1738 2107 tu.

957 2139 1031 2166 gere,
1057 2130 1234 2158 inexorabilis
1258 2130 1305 2158 fati
1322 2138 1394 2162 esse,
1426 2137 1481 2157 non
1503 2132 1603 2157 nostra;
1622 2132 1735 2163 potesta’

956 2178 991 2205 tis
1003 2187 1009 2204 :
1025 2178 1087 2212 quis
1101 2185 1156 2204 non
1168 2185 1231 2207 eum
1242 2177 1373 2204 continuo
1386 2176 1486 2209 videat,
1503 2182 1672 2211 quaecunque
1684 2174 1740 2201 sine

957 2223 1091 2251 molestiis
1107 2228 1191 2258 atque
1218 2223 1369 2255 laboribus,
1385 2227 1535 2257 nostraque
1551 2221 1618 2248 adeo
1631 2224 1741 2248 conten-

957 2271 1030 2298 tione
1046 2270 1138 2305 periici
1155 2277 1209 2297 non
1231 2274 1371 2304 poterunt,
1391 2269 1418 2295 in
1436 2269 1470 2296 iis
1488 2268 1617 2296 omnibus
1637 2266 1740 2302 langui-

115 2306 160 2333 ταί
175 2315 230 2341 μοι·
242 2306 340 2338 καὶ,Τί
352 2315 385 2341 με
400 2307 452 2342 χρὴ
467 2307 596 2342 παρέχειν
610 2307 720 2343 ἐμαυτῷ
736 2308 903 2344 πράγματα;

958 2316 1022 2342 dum
1046 2304 1074 2343 et
1096 2315 1209 2343 inertem
1234 2315 1369 2342 futurum?
1389 2314 1494 2342 Etenim
1517 2314 1563 2349 qui
1581 2318 1655 2340 certo
1674 2319 1739 2346 quo-

117 2352 148 2378 Et
157 2353 212 2388 γὰρ
238 2353 253 2378 ὁ
270 2352 317 2378 ἐπὶ
330 2352 474 2388 στρατείαν
488 2352 580 2388 ὁρμῶν
598 2353 648 2380 οὐκ
667 2355 700 2380 ὲκ
716 2354 905 2389 προαιρέσεως

116 2399 217 2430 οἰκείας
230 2397 303 2424 τοῦτ’
312 2398 458 2434 ἔπραττεν,
470 2399 645 2434 ἐλαυνόμενος
666 2399 695 2426 δὲ
708 2399 760 2426 ὑπὸ
774 2401 823 2436 τῆς
839 2400 905 2433 ἔξω·

117 2444 161 2471 θεν
190 2445 324 2480 ἀνάγκης,
351 2444 472 2480 δηλονότι
495 2445 541 2471 καὶ
566 2445 612 2471 ἐπὶ
638 2445 765 2481 λῃστείαν
784 2446 840 2481 (54)
859 2447 906 2473 καὶ

117 2490 318 2525 τυμϐωρυχίας,
339 2491 387 2516 καὶ
401 2491 446 2517 ἐπὶ
465 2490 515 2522 τὰς
541 2490 622 2522 ἄλλας
637 2491 697 2526 ἦτοι
718 2492 906 2528 ἀνοσιουργίας

117 2535 161 2562 καὶ
175 2536 336 2568 ἀκολασίας.
348 2536 364 2572 ἢ
378 2536 507 2571 κοσμίους
523 2537 570 2563 καὶ
596 2536 738 2572 σώφρονας
761 2537 904 2573 ἐπιτηδεύ-

118 2589 181 2613 σειςι
194 2581 274 2608 τοῦτο
284 2581 338 2617 γὰρ
356 2581 388 2608 ἃν
406 2582 448 2617 εἴη
478 2582 623 2609 ἀκόλουθον
640 2582 680 2618 τῷ
695 2583 759 2618 περὶ
770 2583 906 2618 εἱμαρμέ-

117 2635 162 2660 νης
177 2626 260 2662 λόγῳ.
277 2627 339 2659 Πῶς
350 2625 396 2653 οὖν
413 2628 427 2654 ὁ
439 2627 526 2654 ταῦτα
542 2628 578 2663 μὴ
597 2627 626 2660 ἐξ
642 2628 724 2655 αὐτοῦ
753 2627 904 2663 ¹ἡγούμενος

117 2670 258 2706 ἐγχειρεῖν,
277 2671 333 2697 ἀλλ’
349 2671 456 2706 ὑπὸτῆς
465 2671 563 2706 ἔξωθεν
582 2673 716 2708 ἀνάγκης,
733 2673 902 2709 προσέξοιᾶν

117 2723 178 2742 ποτε
191 2716 232 2751 τῷ
245 2717 426 2749 νουθετοῦντι,
441 2717 488 2744 καὶ
512 2717 663 2745 διδάσκοντι
679 2718 715 2753 μὴ
732 2718 828 2744 ἑαυτὸν
845 2719 903 2745 επι-

130 2840 136 2846 .
149 2804 205 2839 (30)
229 2804 317 2839 Ἐμοῦ
329 2812 376 2831 σε.
395 2803 607 2833 Rescribendum
621 2805 727 2833 videtur
741 2805 792 2838 σοί,
808 2805 903 2834 claris-

116 2848 182 2867 Sllllﬂ
200 2848 283 2867 SCHSII
289 2861 295 2867 ι

148 2876 203 2909 (5i)
218 2875 329 2903 Βυθόν.
344 2874 473 2905 Montac..
487 2876 631 2911 βάραθρον.
650 2875 734 2910 Elige.

149 2911 204 2946 (3'2)
221 2912 287 2938 Θεεὶ
313 2911 582 2943 καταϐεϐλήκασιν.
602 2911 713 2939 Videtur
729 2911 900 2946 accilsativus

117 2950 209 2982 mquts
235 2946 399 2978 desiderari,
425 2952 487 2981 puta
512 2947 584 2982 ἡμᾶς
609 2947 668 2977 τοὺς
690 2945 900 2982 Θεραπεύοντας,

957 2361 1019 2388 dam
1034 2361 1089 2389 fato
1104 2362 1155 2389 hoc
1166 2362 1266 2389 illudve
1281 2361 1404 2388 futurum
1420 2361 1472 2388 sibi
1488 2361 1667 2394 persuaserit,
1684 2359 1740 2386 sive

958 2407 1060 2442 aliquid
1077 2407 1130 2442 ipsi
1148 2415 1258 2442 quoque
1276 2407 1376 2434 laboris
1393 2411 1419 2433 et
1434 2405 1574 2433 industria:
1591 2403 1739 2431 contuleri-

956 2460 1029 2484 mus,
1046 2452 1104 2480 sive
1119 2459 1189 2485 non;
1207 2460 1268 2479 eum
1290 2457 1316 2478 tu
1332 2451 1502 2478 facilioribus
1516 2449 1740 2482 mollioribusque

955 2498 1077 2529 delectis,
1103 2505 1156 2524 non
1181 2498 1312 2525 dissolute
1344 2505 1377 2524 ac
1403 2496 1570 2531 negligenter
1604 2494 1739 2520 victurum

955 2548 1048 2579 putas,
1079 2543 1157 2578 quasi
1179 2543 1332 2570 necessario
1354 2542 1475 2569 futurum
1499 2540 1564 2567 illud
1593 2536 1644 2572 sit,
1667 2538 1739 2574 quod

955 2589 1090 2625 agendum
1107 2589 1208 2616 fuerit?
1224 2588 1257 2616 Et
1280 2595 1344 2616 vero
1369 2587 1515 2622 plerosque
1539 2590 1681 2621 propterea
1701 2586 1740 2613 sic

954 2635 1029 2670 loqui
1045 2635 1154 2667 audias,
1166 2635 1226 2662 Fiet
1239 2634 1304 2661 illud
1322 2634 1443 2665 omnino,
1460 2633 1482 2660 si
1499 2633 1583 2659 fatum
1600 2632 1636 2659 ita
1649 2639 1739 2659 meum

954 2681 1055 2708 tulerit.
1069 2680 1206 2714 Quorsum
1224 2685 1313 2707 autem
1333 2679 1434 2707 frustra
1452 2679 1582 2706 molestus
1597 2678 1654 2714 ipse
1672 2678 1739 2704 mihi

954 2727 1018 2754 sim?
1041 2726 1109 2754 Nam
1126 2727 1172 2762 qui
1189 2726 1313 2753 militiam
1332 2731 1451 2754 sectatus
1475 2730 1526 2758 est,
1549 2725 1572 2752 is
1596 2725 1618 2752 si
1639 2732 1692 2751 non
1707 2733 1739 2751 eo

953 2810 1000 2867 aut
1020 2806 1054 2832 al.
1073 2805 1176 2839 simile;
1193 2805 1249 2833 sive
1272 2806 1362 2840 potius
1379 2805 1502 2833 absolute
1521 2804 1639 2840 positum
1662 2804 1738 2831 intel-

964 2849 1032 2867 mas.

964 2849 1044 2911 Ιῧῗὲέ)
1057 2876 1111 2903 Καὶ
1128 2878 1195 2910 οὐχ.
1212 2877 1257 2912 Γρ.
1274 2876 1342 2903 tellit
1358 2876 1426 2903 istud
1440 2875 1496 2907 καί,
1515 2879 1596 2912 recte,

993 2907 1048 2946 (δί)
1062 2912 1114 2938 Καὶ
1135 2907 1183 2938 sit
1201 2907 1290 2946 ληστ.
1314 2912 1387 2940 Alter
1404 2921 1416 2939 υ
1436 2918 1571 2938 manuscr.
1594 2910 1644 2944 leg.
1664 2907 1710 2934 καὶ
1725 2908 1738 2935 4

954 2947 999 2974 ἐπὶ
1015 2947 1105 2983 inst,
1124 2952 1206 2975 recte.
