2063 3211
324 189 376 216 M5

641 184 777 213 EUSEBII
796 183 1036 212 CESARIENSIS
1058 181 1132 209 ΟΡΡ.
1155 179 1244 206 PARS
1269 178 1299 205 ll.
1322 190 1356 196 -
1376 173 1626 202 APOLOGETICA.

1891 169 1943 196 “6

322 246 415 274 Vuleus
433 253 465 272 ac
484 252 532 271 sua
551 251 580 271 se
597 247 693 277 sponte
709 241 834 273 contulit,
853 241 899 268 sed
921 246 1031 268 externa
1046 248 1110 273 qua-

1163 237 1258 263 διδόναι
1284 234 1389 261 ἔκδοτον
1411 234 1467 264 τοῖς
1492 229 1717 267 προειρημένοις;
1742 227 1894 277 Εἴποι-γᾴρ
1912 228 1945 254 ἂν

322 291 385 317 dam
403 290 564 318 necessitate
578 288 737 322 compulsus
750 296 757 321 ;
774 288 859 322 liquet
874 288 995 321 profecto
1010 286 1042 313 de
1055 294 1108 312 ωλ-

323 336 388 363 teris
402 336 473 363 idem
486 334 657 361 sentiendum
677 341 748 365 esse,
769 333 814 368 qui
835 333 877 360 vel
893 331 1053 362 latrociniis,
1066 330 1107 357 vel

324 381 458 416 sepulcris
481 379 650 409 elfodicndis,
669 379 710 406 vel
727 378 787 406 aliis
806 378 952 412 impietatis
967 381 1048 411 atque
1065 376 1108 403 in-

326 427 511 463 temperantia:
528 426 685 461 generibus,
699 431 746 453 aut
762 426 843 453 etiam
863 425 1064 452 honestiorihus
1078 432 1109 450 ac

326 473 482 500 sanioribus
505 472 635 499 institutis
659 479 688 499 sc
705 471 868 499 dediderint.
896 470 953 498 Hoc
978 469 1049 497 enim
1075 477 1109 496 ex

326 517 376 544 ista
403 517 449 543 fati
476 518 582 544 ratione
605 524 777 551 consequens
795 516 873 550 plane
895 521 946 543 est.
970 515 1021 548 Qui
1045 522 1110 549 ergo

326 562 410 589 Semel
440 561 467 588 in
493 569 552 588 eam
580 561 707 589 inductus
734 561 890 595 opinionem
917 561 1014 592 fuerit,
1043 560 1110 586 nihil

326 608 441 634 istonun
456 615 506 634 sua
521 615 550 634 sc
567 607 706 634 voluntate
727 607 864 642 persequi,
886 611 1005 634 externa:
1017 614 1111 633 neces-

325 653 397 680 sitati
413 654 553 680 tribuenda
570 661 629 680 esse
646 653 754 680 omnia:
773 654 819 688 qui
835 654 891 680 ﬁeri
907 653 1013 688 poterit,
1028 656 1058 680 ut
1071 660 1112 679 se-

326 707 364 730 se.
385 700 418 726 ab
434 700 467 727 iis
486 699 676 726 abstinendum
695 700 815 726 monenti
832 708 864 726 ac
881 699 1056 734 praecipienti,
1070 698 1112 725 di-

326 751 369 773 cto
391 745 544 772 audientem
575 745 712 780 praebeat?
740 744 849 772 lli-feret
872 746 964 779 utique
984 744 1110 771 monituri

326 800 387 822 suo.
403 791 635 826 quemadmodum
658 792 812 822 nonnullis,
830 791 876 826 qui
896 791 1030 825 superiori
1052 798 1112 817 me-

327 837 414 864 moria
437 836 540 869 vixere,
560 837 683 872 contigit,
705 837 745 864 Ad
763 837 828 870 quid
845 837 902 864 hazc
922 840 949 863 tu
969 836 1034 863 mihi
1050 843 1110 863 mo-

327 883 396 915 nita,
413 883 483 910 bone
504 882 560 908 vir?
579 881 634 910 Nec
653 883 725 909 enim
746 883 881 917 integrum
902 882 969 909 mihi
986 886 1027 910 est
1043 882 1112 909 hanc

1159 282 1227 318 πρὸς
1240 281 1284 308 τὸν
1303 279 1488 309 νουθετοῦντα,
1515 277 1552 308 ὡς
1571 277 1618 302 καὶ
1645 275 1697 302 τῶν
1713 274 1765 309 πρὸ
1781 273 1857 309 ἡμῶν
1874 282 1946 299 τισιν

1158 330 1273 364 εἴρηται·
1285 326 1317 353 Τί
1335 335 1378 361 με,
1392 323 1414 352 ὧ
1425 325 1560 360 ἄνθρωπε,
1571 322 1702 353 νουθετεῖς
1711 329 1717 353 ;
1725 320 1816 347 Ταῦτα
1826 320 1877 356 γὰρ
1888 320 1945 354 (55)

1159 376 1188 401 οὺ
1201 375 1288 409 δήπου
1307 372 1380 399 ἐστὶν
1395 371 1436 397 ἐπ’
1449 371 1521 406 ἐμοὶ,
1535 370 1566 395 τὸ
1581 367 1757 404 μεταϐάλλειν
1779 366 1827 402 τὴν
1847 366 1946 402 προαί-

1162 429 1245 457 ρεσιν·
1274 419 1291 454 ἡ
1308 418 1361 454 γὰρ
1375 416 1527 452 εἱμαρμένη
1551 414 1763 450 προκατείληφε.
1783 413 1815 439 Τί
1835 409 1882 439 οὖν
1904 412 1948 438 δεῖ

1161 464 1335 493 συντετάσθαι
1351 462 1418 499 πρὸς
1434 463 1452 489 ἃ
1462 461 1522 488 οὐδὲ
1539 459 1734 496 προθυμεῖσθαι
1747 459 1903 494 δυνήσομαι,
1919 458 1945 484 εί

1162 513 1199 547 μὴ
1216 509 1353 538 καὶτοῦτο
1371 507 1552 543 καθείμαρταί
1577 515 1638 542 pm;
1667 505 1877 541 Προθυμήσομαι
1904 504 1944 535 δὲ,

1160 558 1185 584 εἰ
1201 557 1393 591 καθείμαρται,
1417 554 1462 580 καὶ
1488 553 1551 580 ἄνευ
1576 553 1625 586 τῆς
1641 551 1690 585 σῆς
1710 549 1882 581 διδασκαλίας
1893 549 1946 575 ὑπὸ

1160 604 1211 638 τῆς
1238 601 1406 638 εἱμαρμένης
1432 600 1574 634 ἀγόμενος.
1590 597 1622 624 Τί
1647 595 1694 624 οὖν
1725 597 1810 632 μάτην
1833 595 1945 622 σεαυτὸν

1161 650 1296 685 ἐνοχλεῖςς
1317 647 1387 674 Ἀλλ’
1404 647 1428 673 εί
1444 646 1490 672 καὶ
1505 645 1536 673 τό
1555 653 1584 671 σε
1601 644 1742 679 παραινεῖν
1759 642 1814 677 (56)
1839 641 1887 669 καὶ
1904 641 1944 667 δι-

1161 695 1269 722 δάσκειν
1285 695 1380 729 φήσεις
1397 692 1467 720 κατὰ
1497 691 1618 726 ἀνάγκην
1651 687 1829 716 ἐπιτελεῖσθαι
1855 687 1894 718 εἰς
1914 686 1945 712 τὸ

1163 742 1302 777 παραινεῖν
1319 740 1366 767 καὶ
1388 739 1491 765 πείθειν
1505 738 1555 772 ἐμὲ
1566 735 1687 763 remitto:
1704 733 1771 760 ἀλλὰ
1794 734 1844 759 κάν
1858 731 1946 766 τούτῳ

1162 787 1187 813 τί
1200 787 1251 822 χρὴ
1267 785 1442 817 σπουδάζειν;
1456 783 1527 820 ἀργὴ
1541 782 1594 818 γὰρ
1608 782 1655 808 καὶ
1666 780 1805 815 ἀνωφελὴς
1819 780 1836 814 ἡ
1849 779 1947 814 παραί-

1161 841 1246 863 νεσις.
1263 832 1293 858 Εἰ
1307 831 1361 866 γὰρ
1373 829 1499 865 εἶμαρταί
1528 836 1583 863 μοι,
1604 826 1783 861 φιλοπονήσωη
1801 825 1824 850 εἰ
1853 824 1882 849 δὲ.
1907 823 1944 858 μὴ

1162 878 1301 913 εἵμαρται,
1315 875 1430 911 ματαίαν
1442 873 1574 900 ποιεῖσθαι
1587 872 1635 907 τὴν
1648 870 1763 905 σπονδὴν
1773 868 1945 905 ἀμφοτέρους

327 931 445 955 mentem
462 927 662 961 consiliumque
685 931 800 959 mutare,
825 927 935 962 quando
947 927 1004 960 jam
1025 926 1109 954 fatum

1163 922 1341 958 συμϐήσεται.
1356 920 1416 951 Πῶς
1429 920 1457 946 δὲ
1473 919 1514 950 οὑ,
1530 918 1628 954 μᾶλλον
1647 915 1858 952 ἀπορρᾳθυμῶν,
1873 914 1945 941 εἴποι

327 973 480 1008 occupavit.
495 972 565 1006 Quid
579 981 622 1000 me
637 980 718 1008 porro
733 973 809 1008 juvet
823 973 998 1005 contendere,
1015 973 1061 1000 ubi
1078 980 1112 1001 ne

327 1019 438 1055 optandi
454 1019 564 1054 quidem
583 1018 699 1046 facultas
717 1019 915 1053 arbitriumque
932 1019 1111 1053 relinquatur,

328 1065 381 1092 nisi
399 1069 493 1099 optare
510 1063 595 1091 fatum
613 1071 723 1098 quoque
736 1063 803 1090 mihi
820 1063 867 1091 sit?
883 1063 989 1098 Optaho
1005 1071 1069 1090 vero
1088 1063 1111 1091 si

327 1110 410 1137 fatum
434 1110 496 1142 erit,
519 1114 548 1137 ut
571 1109 639 1136 nihil
659 1109 811 1144 prmcipias,
831 1109 913 1144 244
935 1109 1049 1143 ipsamet
1065 1109 1112 1136 fati

327 1155 490 1182 necessitate
504 1155 628 1182 adactus.
647 1154 701 1181 (Zur
715 1162 780 1189 ergo
795 1153 896 1181 frustra
913 1155 1044 1181 molestus
1056 1154 1113 1189 ipse

327 1200 374 1228 tibi
390 1201 440 1228 es?
455 1199 537 1234 Urget
549 1200 678 1226 nimirum
695 1201 789 1227 eadem
809 1205 834 1226 te
851 1199 1010 1231 necessitas,
1032 1204 1113 1233 atque

328 1250 357 1273 ut
382 1246 434 1273 ista
453 1246 519 1272 mihi
546 1245 673 1277 suadeas,
700 1245 811 1272 omnino
833 1244 914 1279 cogit.
932 1244 967 1271 At
981 1252 1111 1279 quorsum

327 1292 379 1320 hac
400 1292 427 1318 in
454 1299 483 1319 re
504 1295 608 1318 tantum
629 1291 730 1318 studii?
746 1291 830 1318 Cassa
846 1291 946 1325 quippe
965 1295 992 1318 et
1008 1290 1114 1318 inutilis

328 1338 482 1366 cohortatio
497 1343 541 1366 tua
558 1341 608 1364 est.
627 1336 694 1364 Nam
710 1338 736 1364 in
756 1345 813 1364 rem
831 1337 946 1372 ipsemet
958 1336 1113 1364 incumbam

327 1384 410 1415 ultro,
425 1385 448 1411 si
473 1384 557 1411 fatum
576 1385 642 1417 erit;
668 1383 709 1410 sin
725 1388 825 1415 autem,
848 1382 935 1410 inanis
952 1387 994 1410 est
1015 1383 1114 1409 utrius-

327 1437 381 1465 que
398 1430 546 1457 contentio.
564 1429 663 1463 Quidni
680 1433 782 1460 autem,
798 1428 1041 1462 dissoluto.potius
1054 1427 1114 1453 ani—

327 1483 383 1507 mo.
400 1475 447 1510 qui
469 1476 520 1503 hac
537 1476 619 1503 semel
640 1475 760 1503 imbutus
775 1475 904 1509 opinione
927 1474 973 1506 sit,
995 1474 1068 1501 hunc
1085 1473 1113 1500 in

328 1523 437 1550 modum
454 1523 581 1557 loquatur
594 1523 652 1557 ipse
667 1530 759 1550 secum
772 1531 778 1549 :
791 1521 856 1548 lllihi
870 1529 935 1549 vero
952 1526 1056 1548 certum
1071 1523 1114 1547 est

327 1569 414 1596 labori
430 1577 552 1604 parcere,
569 1570 729 1603 nullamque
742 1568 810 1595 mihi
837 1567 938 1594 frustra
959 1567 1111 1594 molestiam

329 1615 477 1648 facessere;
496 1615 648 1642 necessario
668 1614 753 1647 enim,
771 1613 903 1648 quidquid
923 1614 951 1640 in
972 1613 1035 1641 fatis
1050 1613 1111 1645 erit.

328 1661 444 1689 eveniet.
460 1661 495 1687 At
511 1669 576 1688 vero
591 1661 637 1695 qui
654 1661 692 1687 rei
714 1661 902 1695 cujuscunque
927 1660 969 1687 vel
993 1660 1113 1688 studium

329 1707 512 1742 persequitur,
527 1707 566 1734 vel
581 1710 715 1741 praecepta
733 1706 831 1738 tradit;
853 1706 900 1740 qui
917 1706 1038 1740 seipsum
1066 1711 1114 1733 aut

330 1753 412 1780 alium
433 1753 586 1787 quemlibet
607 1751 777 1783 adhortatur,
796 1751 834 1778 uti
849 1751 890 1778 vcl
912 1759 1015 1779 morem
1039 1757 1115 1787 gerat

329 1799 371 1826 vel
385 1799 462 1832 jt-ssa
478 1798 612 1832 negligat;
633 1802 773 1831 peccatum
790 1802 837 1824 aut
855 1797 980 1824 admittat
1002 1802 1050 1825 aut
1071 1797 1115 1825 fu-

331 1844 401 1879 giat;
424 1844 465 1871 vel
486 1848 582 1878 arguat
601 1844 749 1878 improbos,
773 1843 814 1870 vel
837 1844 937 1878 probos
957 1844 1036 1872 laude
1058 1844 1116 1871 alli-

330 1891 402 1918 ciat:
425 1891 458 1921 is.
475 1898 528 1917 nou
543 1890 631 1925 palam
647 1894 673 1916 et
687 1894 778 1924 aperte
800 1890 932 1917 libertatis
954 1890 1115 1925 arbitriique

331 1938 416 1964 nostri
438 1937 593 1964 facultatem
611 1944 642 1964 ac
667 1941 826 1971 potestatem
844 1937 983 1971 relinquit,
1004 1937 1051 1964 fati
1069 1944 1116 1964 no-

331 1991 393 2011 men
407 1983 430 2010 ci
445 1983 533 2010 solum
556 1990 588 2010 ac
599 1990 692 2010 vocem
708 1982 844 2017 adiungit?
863 1981 977 2009 Perinde
991 1981 1114 2014 omnino,

331 2035 362 2058 ut
378 2030 401 2057 si
422 2031 485 2065 quis
502 2030 574 2056 illam
592 2029 656 2056 boni
676 2033 812 2060 naturam.
827 2036 890 2064 qua,
910 2029 962 2056 hoc
984 2032 1056 2056 statu
1076 2035 1117 2055 re-

332 2084 403 2108 rum,
430 2077 532 2110 optime
556 2076 708 2103 animantes
736 2081 883 2110 reguntur,
913 2074 977 2102 mali
1005 2075 1116 2102 nomine

332 2123 489 2158 appellaret.
511 2122 557 2149 Sic
571 2122 655 2153 enim,
670 2129 731 2148 cum
749 2121 827 2156 plane
845 2122 1006 2154 sentiamus,
1024 2120 1066 2148 vel
1082 2121 1116 2147 ad

331 2169 496 2196 erudiendos
517 2168 628 2201 liberos,
648 2167 689 2194 vel
720 2167 754 2194 ad
773 2168 866 2203 plagas
892 2167 1025 2202 improbis
1045 2175 1118 2194 Inan-

333 2214 413 2249 cipiis
426 2214 595 2250 inﬂigendas,
614 2215 656 2241 vel
671 2214 704 2242 ad
720 2214 852 2249 quidlibet
876 2213 934 2241 sive
955 2213 1118 2248 amplecten-

1162 969 1194 996 ἂν
1209 968 1276 1004 πρὸς
1291 966 1385 994 ἑαυτὸν
1402 967 1416 993 ὁ
1430 965 1531 1000 ταύτην
1552 964 1620 1000 έχων
1633 963 1682 999 τὴν
1697 962 1785 994 δόξαν,
1802 961 1867 995 Ἄγε
1894 969 1945 996 μη-

1160 1014 1253 1050 δαμῶς
1267 1013 1448 1048 φιλοπονήσω,
1468 1009 1533 1046 μηδὲ
1559 1010 1644 1045 μάτην
1671 1008 1805 1043 ἐνοχλήσω
1822 1005 1944 1041 ὲμαυτῷ;

1160 1061 1304 1095 γενήσεται
1318 1058 1374 1094 γὰρ
1386 1058 1415 1084 τὸ
1430 1056 1559 1092 εἱμαρτὸν
1585 1054 1615 1087 ἐξ
1641 1054 1772 1089 ἀνάγκης.
1793 1053 1822 1078 ’0
1837 1052 1864 1078 δὲ
1882 1051 1945 1087 περί

1161 1116 1187 1133 τι
1198 1105 1354 1137 σπουδάζων
1367 1104 1383 1140 ἢ
1400 1105 1446 1131 καὶ
1462 1103 1605 1135 διδάσκων,
1621 1101 1639 1137 ἢ
1666 1100 1826 1136 προτρέπων
1849 1097 1944 1124 ἑαυτὸν

1161 1140 1177 1188 ί)
1190 1152 1279 1184 ἄλλον,
1293 1151 1340 1178 καὶ
1353 1150 1383 1177 τὸ
1400 1149 1540 1177 πείθεσθαι
1555 1148 1603 1174 καὶ
1614 1147 1644 1174 τὸ
1669 1146 1706 1182 μὴ
1724 1144 1875 1176 πείθεσθαι,
1898 1144 1945 1170 καὶ

1161 1199 1191 1225 τὸ
1203 1198 1367 1234 ἁμαρτάνειν
1392 1196 1409 1232 ἢ
1439 1195 1486 1231 μὴ,
1498 1195 1528 1222 τό
1553 1203 1583 1220 τε
1607 1193 1734 1227 ἐπιτιμᾷν
1751 1193 1807 1222 τοῖς
1821 1189 1945 1225 ἁμαρτά-

1161 1253 1244 1276 νουσι,
1258 1243 1346 1271 καὶτὸ
1360 1243 1480 1268 ἐπαινεῖν
1494 1241 1557 1272 τοὺς
1583 1239 1791 1276 κατορθοῦντας,
1812 1236 1870 1268 πῶς
1895 1237 1945 1263 οὐκ

1161 1290 1283 1326 ἐναργῶς
1297 1288 1437 1324 ἐλέγχεται
1450 1287 1478 1314 τὸ
1492 1286 1540 1322 μὲν
1556 1286 1636 1322 ἔργον
1651 1283 1807 1312 καταλιπὼν
1819 1282 1866 1309 τοῦ
1879 1283 1945 1318 παρ’

1162 1337 1227 1372 ἡμῖν
1255 1335 1301 1362 καὶ
1320 1334 1366 1361 τοῦ
1384 1333 1567 1366 αὐτεξουσίου,
1593 1333 1623 1358 τὸ
1652 1331 1681 1357 δὲ
1705 1329 1756 1365 τῆς
1777 1328 1945 1365 εἱμαρμένης

1162 1382 1247 1417 δνομα
1263 1380 1335 1416 αὑτῷ
1350 1380 1492 1408 συνάπτων
1511 1379 1607 1415 μόνον;
1628 1378 1731 1412 Ὥσπερ
1743 1377 1768 1403 εἰ
1785 1384 1826 1407 τις
1836 1374 1885 1410 τὴν
1898 1373 1944 1402 τοῦ

1162 1425 1264 1461 ἀγαθοῦ
1280 1425 1369 1460 φύσιν,
1383 1422 1416 1460 ἧς
1431 1424 1500 1451 κατὰ
1517 1423 1565 1459 τὴν
1587 1422 1736 1458 παρουσίαν
1763 1421 1862 1456 ἄριστα
1883 1422 1946 1448 διοι-

1163 1473 1250 1498 κεῖται
1263 1472 1293 1498 τδ
1311 1470 1389 1502 ζῶον,
1407 1469 1446 1505 τῷ
1460 1469 1506 1496 τοῦ
1519 1468 1604 1495 κακοῦ
1617 1467 1812 1504 προσαγορεύει
1825 1468 1945 1502 ὀνόματι.

1163 1517 1240 1545 οὕτω
1254 1516 1308 1553 γὰρ
1330 1516 1390 1543 ἐπεὶ
1413 1514 1536 1551 ἐναργῶς
1567 1513 1670 1540 ἑαυτῶν
1692 1512 1886 1547 αἰσθανόμεθα,
1911 1513 1946 1547 μὴ

1165 1563 1331 1599 βιαζομένων
1347 1562 1391 1589 ὑπ’
1403 1561 1485 1597 ἄλλης
1499 1561 1569 1593 τινος
1588 1560 1677 1591 αἰτίας
1704 1560 1733 1587 ὲν
1755 1559 1793 1595 τῷ
1812 1558 1947 1586 παιδεύειν

1163 1611 1226 1643 τοὺς
1237 1611 1314 1641 υἱεῖς,
1330 1609 1376 1636 καὶ
1389 1608 1528 1644 μαστίζειν
1541 1608 1603 1639 τοὺς
1614 1606 1721 1638 οἰκέτας
1733 1606 1946 1641 ἁμαρτάνοντας,

1164 1657 1211 1684 καὶ
1228 1658 1256 1683 ὲν
1271 1656 1309 1691 τῷ
1325 1655 1382 1682 τόδε
1397 1663 1423 1681 τι
1438 1653 1589 1690 βούλεσθαι,
1606 1652 1652 1679 καὶ
1668 1653 1704 1688 μὴ
1720 1651 1871 1687 βούλεσθαι,
1890 1650 1947 1678 ἀλλ’

1164 1702 1314 1734 αὐτοτελῶς
1327 1703 1359 1728 ὲκ
1370 1701 1420 1736 τῆς
1433 1700 1500 1732 ιδίας
1513 1698 1636 1732 ἐξουσίας
1651 1699 1690 1730 εἰς
1702 1698 1751 1729 τὰς
1764 1697 1890 1729 τοιαύτας
1907 1706 1949 1723 κι-

1164 1750 1255 1785 νήσεις
1270 1747 1486 1783 ἀφικνουμένων,
1501 1745 1654 1782 ἁμαρτάνοι
1669 1745 1701 1772 ἂν
1727 1746 1740 1771 ὁ
1763 1744 1850 1771 ταῦτα
1862 1743 1947 1777 λέγων

1164 1795 1285 1830 γίνεσθαι
1315 1793 1375 1821 καθ’
1394 1793 1573 1828 εἱμαρμένην,
1592 1791 1660 1827 πρὸς
1675 1790 1713 1826 τῷ
1733 1790 1880 1825 παραλύειν
1891 1789 1947 1825 (57)

1164 1843 1213 1874 τάς
1226 1851 1255 1869 τε
1269 1843 1285 1878 ἡ
1291 1841 1347 1877 μῶν
1360 1839 1449 1867 αὐτῶν
1469 1839 1633 1876 προθυμίας,
1660 1837 1707 1864 καὶ
1731 1837 1780 1869 τὰς
1795 1838 1835 1868 είς
1855 1836 1949 1868 ἄλλους

1165 1888 1309 1923 γινομένας
1324 1886 1508 1923 παρακλήσεις
1524 1885 1572 1912 καὶ
1585 1884 1765 1919 νουθετήσεις,
1777 1882 1806 1916 ἐξ
1830 1879 1867 1909 ὧν
1880 1882 1950 1918 ὁρῶ-

1167 1944 1215 1972 μεν
1231 1934 1347 1970 μάλιστα
1359 1932 1562 1968 κατορθούμενα
1578 1931 1612 1957 τὰ
1633 1930 1686 1957 τῶν
1710 1928 1860 1965 ἀνθρώπιον
1880 1929 1951 1963 πρά-

1165 1990 1268 2017 γματα.
1284 1981 1338 2007 Καὶ
1351 1980 1404 2015 μὴν
1420 1979 1466 2006 καὶ
1491 1978 1588 2014 νόμους
1613 1976 1758 2012 ἁνατρέποι
1782 1975 1814 2002 ἃν
1839 1972 1915 2006 οὗτος
1934 1976 1949 2002 ὁ

1165 2028 1252 2062 λόγος,
1266 2027 1329 2058 τοὺς
1348 2025 1395 2052 τοῦ
1406 2024 1590 2060 συμφέροντος
1616 2023 1707 2049 ἕνεκεν
1726 2020 1879 2057 ἀνθρώποις
1894 2029 1950 2047 κει-

1168 2074 1273 2109 μένους.
1291 2072 1323 2098 Τί
1336 2072 1390 2106 γὰρ
1401 2070 1440 2097 δεῖ
1456 2069 1630 2105 προστάττειν
1646 2067 1661 2103 ἢ
1690 2066 1870 2102 ἀπαγορεύειν
1893 2068 1948 2098 τοῖς

1167 2120 1211 2154 ὑφ’
1229 2119 1324 2154 ἐτέρας
1341 2116 1463 2151 ἀνάγκης
1478 2115 1706 2150 κατεσχημένοις;
1723 2113 1780 2140 ἀλλ’
1804 2113 1864 2139 οὐδὲ
1887 2113 1949 2144 τοὺς

1168 2165 1372 2201 ἁμαρτάνοντας
1392 2162 1481 2198 δεήσει
1493 2161 1626 2192 κολάζειν,
1641 2160 1678 2195 μὴ
1699 2159 1772 2195 παρὰ
1795 2159 1844 2194 τὴν
1866 2157 1948 2193 αὐτὴν

1167 2211 1257 2238 αἰτίαν
1280 2208 1485 2245 ἡμαρτηκότας,
1511 2206 1571 2233 οὐδὲ
1589 2208 1644 2238 τοῖς
1658 2206 1692 2233 τὰ
1720 2204 1850 2232 κάλλιστα
1865 2204 1950 2239 πράτ-

333 2261 410 2294 dum,
425 2261 483 2288 sive
496 2261 686 2295 rejiciendum,
701 2268 756 2287 non
771 2259 884 2287 alterius
903 2267 954 2286 nos
966 2267 1055 2287 causa:
1073 2267 1113 2287 ne-

1168 2266 1242 2284 τουσι
1257 2256 1340 2291 τιμάς
1361 2252 1516 2288 ἀπονέμειν,
1536 2249 1573 2278 ὦν
1600 2250 1729 2287 ἑκάτερον
1745 2249 1841 2284 πολλὴν
1862 2248 1949 2275 αίτίαν

332 2307 460 2335 cessitate
480 2306 552 2341 cogi,
578 2306 626 2333 sed
649 2313 763 2341 prorsus
786 2305 941 2332 voluntario
964 2310 1065 2332 nostra).
1086 2305 1115 2332 li-

332 2352 444 2380 bertatis
468 2352 569 2387 impetu
595 2352 627 2379 ad
647 2352 706 2379 haec
727 2351 861 2378 similiave
887 2351 1002 2378 consilia
1029 2350 1113 2378 ferri:

331 2405 424 2425 errare
462 2399 486 2426 is
516 2398 613 2425 merito
654 2397 765 2433 fallique
798 2401 952 2430 censeatur,
980 2397 1024 2432 qui
1059 2397 1115 2424 haec

332 2444 423 2472 omnia
441 2443 496 2471 fato
513 2444 631 2479 quodam
645 2444 702 2472 fieri
721 2444 835 2471 dixerit:
859 2451 914 2478 quo
936 2451 991 2470 non
1007 2447 1117 2471 conten-

333 2488 433 2516 tionem
446 2489 529 2517 modo
541 2489 718 2524 studiumque
731 2493 866 2521 nostrum,
883 2489 930 2516 sed
944 2489 1012 2516 alios
1031 2488 1113 2515 etiam

333 2534 374 2561 vel
386 2530 544 2562 cohorlandi
560 2535 602 2562 vel
617 2535 810 2563 commonendi
822 2535 876 2561 vim
894 2543 926 2562 ac
947 2535 1114 2562 voluntatem

333 2579 472 2614 infringat,
496 2589 550 2616 qua
573 2586 662 2608 tamen
688 2581 793 2608 ratione
812 2580 985 2615 potissimum
1007 2588 1050 2608 res
1069 2580 1118 2607 ho-

333 2626 437 2652 minum
453 2626 577 2654 videmus
600 2627 668 2654 bene
690 2627 860 2662 feliciterque
882 2626 1038 2654 succedere.
1053 2625 1113 2653 Jam

369 2692 424 2727 (55)
444 2693 536 2720 Ταῦτα
549 2693 612 2728 γάρ.
626 2693 726 2726 Malim,
740 2693 818 2720 τοῦτο
833 2694 896 2728 γὰρ,
912 2693 1033 2728 sequitur
1042 2693 1114 2719 cnim

332 2729 362 2755 τὸ
380 2728 564 2777 μεταϐάλλειν.

369 2765 375 2777 Α
388 2762 422 2777 ξιξ)
432 2763 452 2777 ¹Ᾱ
468 2765 477 2777 Ἰ
489 2763 507 2777 τ’
520 2765 543 2777 ’,1
558 2763 600 2777 ..ΑΛ
609 2764 642 2777 ,Δ
652 2772 686 2777 ρ...
699 2763 835 2777 -νρ-,ςηηιριτ

369 2762 423 2798 (56)
432 2763 507 2789 Ἀλλ’
518 2765 543 2789 εὶ
553 2763 642 2789 καὶπό
650 2772 686 2790 σε
697 2763 861 2797 παραινεῖν.
872 2763 968 2790 Totum
977 2763 1027 2789 hoe
1035 2770 1116 2788 mem-

334 2799 412 2834 brum
430 2798 524 2834 abesse
539 2804 639 2834 posset,
653 2807 714 2826 cum
731 2799 897 2834 praecesserit
910 2797 1116 2834 παραινεῖν-καὶ

333 2833 480 2860 διδάσκειν,
499 2832 551 2859 Sed
578 2832 739 2860 Grmcorunf
766 2834 822 2860 hmc
842 2833 1032 2866 περισσολογία
1052 2832 1111 2865 fuit,

333 2869 413 2895 etiam
431 2868 603 2902 σοφωτάτων.
618 2869 776 2902 Cuiusmodi
789 2869 859 2903 apud
873 2868 1010 2895 Platonem
1026 2868 1114 2902 ipsum

333 2904 470 2938 pleraque,
488 2903 601 2938 singulis
629 2904 655 2930 in
679 2904 800 2938 paginis,
822 2905 853 2930 ἐκ
870 2903 1026 2939 περιουσίας
1045 2903 1115 2930 dicta

1167 2303 1340 2338 παρέσχηκεν
1353 2300 1394 2332 είς
1409 2298 1556 2333 άναστολὴν
1567 2297 1674 2329 ἀδικίας
1698 2296 1744 2323 καὶ
1768 2296 1807 2327 εἰς
1825 2294 1949 2325 εὐποιίας

1167 2348 1338 2384 ἑτοιμότητα.
1356 2345 1436 2373 Ἀλλὰ
1453 2344 1500 2372 καὶ
1511 2344 1559 2380 τὴν
1575 2343 1642 2379 πρὸς
1665 2342 1696 2369 τὸ
1712 2342 1787 2368 Θεῖον
1809 2339 1949 2367 εὒσέὸειαν

1166 2394 1312 2429 ἀνατρέποι
1326 2392 1417 2427 avsa:
1434 2392 1450 2427 ὴ
1462 2391 1536 2423 δόξα,
1569 2390 1626 2423 εῐγε
1655 2388 1737 2424 μηδὲν
1760 2388 1825 2423 ἡμῖν
1836 2387 1851 2413 ὸ
1864 2386 1929 2417 Θεὸς
1941 2406 1948 2416 ,

1168 2439 1235 2475 μηδὲ
1250 2439 1302 2475 μὴν
1315 2437 1392 2465 αὐτοὶ
1419 2437 1443 2463 οἱ
1460 2436 1542 2463 τῶνδε
1559 2433 1726 2470 χρησμῳδοὶ,
1752 2433 1812 2468 μήτ’
1833 2431 1949 2467 εὐχομέ-

1166 2493 1234 2516 νοις,
1269 2484 1330 2520 μήτ”
1357 2481 1498 2510 εὐσεϐοῦσι
1530 2480 1726 2516 συμϐάλλονται
1778 2477 1949 2514 εἱμαρμένης

1167 2532 1298 2565 ἀνάγκαις
1314 2529 1524 2564 πεπεδημένοις.
1537 2527 1573 2553 Τὸ
1597 2527 1626 2553 δὲ
1635 2526 1712 2559 δίκην
1725 2524 1836 2559 ἀψύχων
1859 2523 1948 2557 λέγειν

1166 2577 1298 2605 κινεῖσθαι
1313 2577 1397 2612 ἡμᾶς,
1410 2575 1472 2610 τῇδε
1489 2574 1536 2601 καὶ
1551 2572 1613 2608 τῇδε
1638 2571 1690 2598 ὑπό
1706 2579 1776 2602 τινος
1794 2569 1891 2602 ἔξωθεν
1906 2569 1950 2595 δυ-

1166 2624 1273 2658 νάμεως
1298 2619 1609 2657 νευροσπαστουμένους,
1638 2619 1677 2649 εἰς
1703 2618 1733 2644 τὸ
1757 2617 1799 2643 ἐπ’
1817 2616 1948 2648 ἀνάγκαις

1167 2699 1297 2718 [ρυρῐίιλε.

1198 2700 1352 2761 ἳὲἷῗῗῄυα
1367 2733 1406 2761 τῳ
1420 2725 1527 2761 magal.
1541 2722 1652 2761 Rectius
1662 2720 1818 2761 _videretur,
1827 2716 1948 2761 τὸ

1167 2752 1233 2795 παρ.
1249 2752 1306 2788 iiut“
1318 2752 1348 2787 sil
1359 2752 1426 2795 πρὸς
1440 2752 1487 2796 τῷ
1499 2758 1645 2796 retinetur,
1661 2754 1802 2796 legendum
1820 2752 1948 2796 putarim,

1167 2791 1234 2832 πρὸς
1246 2796 1274 2822 δὲ
1291 2796 1338 2831 τῷ,
1355 2791 1386 2832 ut'
1400 2791 1470 2821 nona
1481 2794 1542 2832 inde
1555 2791 1681 2832 periodus
1696 2791 1949 2832 im_~atury;‘tunchue

1249 2820 1490 2867 -ιῖοέῖπράγματαθ
1507 2820 1602 2854 mitiori
1618 2825 1789 2867 distinctione
1805 2830 1874 2858 opus
1891 2820 1948 2849 fue-

1168 2867 1212 2895 rit.
1228 2860 1306 2894 Prior
1321 2860 1411 2893 taineii
1425 2864 1580 2898 conjectura
1595 2861 1680 2896 magis
1692 2860 1786 2895 placet.
