2063 3211
130 154 183 182 ll?

735 161 896 189 ΡΒᾹΞΡΑΒ.
916 161 1043 190 EVANG.
1062 161 1126 190 LIB.
1148 162 1191 189 Vl.

1720 165 1772 193 με

139 215 268 251 mali-put
281 218 352 245 τάδε
370 220 483 255 πρᾶξαι,
500 221 545 247 καὶ
563 220 669 246 ἑλέσθαι
682 220 757 255 παρὰ
782 218 938 256 προαίρεσιν

992 220 1065 255 ipsas
1081 228 1189 255 quoque
1202 220 1274 256 leges
1286 220 1320 247 ad
1337 221 1478 248 hominum
1502 219 1644 248 utilitatem
1661 225 1687 248 et
1702 229 1775 248 com.

143 261 235 298 ἱτερα,
247 261 308 294 πῶς
323 264 379 290 οὐκ
396 265 429 292 ἂν
441 265 484 299 εἴη
498 265 602 296 ἀναιδὲς
615 266 662 292 καὶ
679 264 938 300 ἀναισχυντότατονς

149 308 261 345 ὲτιείπερ
273 310 403 346 ἐναργῶς
418 311 600 347 αἰσθανόμεθα
611 311 715 339 ἑαυτῶν
727 312 849 347 ἡμετέρᾳ
868 312 939 347 ὁρμῇ

154 357 199 383 καὶ
214 356 320 392 κινήσει
332 357 400 384 τάδε
417 357 479 384 τινὰ
491 357 731 394 προθυμουμένων,
746 359 793 384 καὶ
807 357 939 393 ἀμελούν-

153 410 204 428 των
216 402 296 429 πάλιν
309 403 417 430 ἑαυτῶν
431 403 694 438 ἀντιλαμϐανόμεθα,
715 404 762 430 καὶ
785 403 860 439 παρὰ
876 402 941 430 ταύ-

154 456 204 483 την
217 448 266 483 τὴν
280 449 370 476 αἰτίαν
398 449 610 485 κατορθούντων,
633 449 650 484 ἢ
669 448 706 484 μὴ
725 448 939 485 κατορθούντων,

153 495 202 522 καὶ
217 495 247 526 ἐξ
256 494 362 526 οὐδενὸς
376 494 470 531 ἑτέρου
484 494 659 530 βιαζομένωψ
671 494 738 521 ἀλλὰ
749 494 783 521 τὰ
801 496 850 530 μὲν
862 495 940 522 ἑκου-

154 541 205 575 σίῳ
220 540 315 577 γνώμῃ
326 541 504 576 αἱρουμένων,
516 540 550 567 τὰ
561 540 589 566 δὲ
602 540 764 574 φευγόντων,
784 541 830 567 καὶ
843 549 941 576 παραι-

151 587 293 622 τουμένων
307 588 339 613 ὲκ
350 586 402 622 τῆς
415 586 493 622 ἡμῶν
506 586 594 612 αὐτῶν
610 587 804 623 Ιπροαιρέσεως.
824 586 902 614 Οὖτω
912 587 940 614 δὲ

151 634 208 669 ἄρα
221 633 338 669 ἐναργὴς
350 631 383 669 ἦν
393 633 407 659 ό
422 632 468 659 τοῦ
479 633 654 660 αὑθεκουσίου
664 633 751 668 λόγος,
759 633 828 660 ὥστε
842 634 940 669 ὁμοίως

150 679 192 714 τῷ
208 679 300 713 ἀλγεῖν
316 678 411 714 καὶτῷ
424 678 545 714 ἥδεσθαι,
566 680 661 715 καὶτῷ
683 680 742 707 τόδε
755 689 780 707 τι
804 682 880 716 ὁρᾷν,
893 679 940 707 καὶ

150 725 206 752 τίδ’
221 725 339 757 ἀκούειν,
352 726 382 752 ού
396 726 576 761 συλλογισμῷ,
589 726 646 753 ἀλλ’
666 726 789 761 ἐνεργείᾳ
802 726 941 760 καταλαμ-

151 771 310 807 ϐανομένων
327 771 393 807 (58)*
421 771 611 799 συναισθέσθαι
626 771 730 798 ἑαυτῶν
747 771 776 804 ἐξ
800 771 878 807 ἡμῶν
892 772 941 798 αὺ-

150 817 208 844 τῶν
220 818 267 845 καὶ
285 817 336 852 τῆς
351 818 486 853 ἡμετέρας
514 817 610 853 βουλῆς
640 817 796 854 ὁρμώντων,
816 817 863 844 καὶ
877 818 940 844 τάδε

149 861 215 888 τινὰ
227 862 404 898 αἱρουμένων,
418 863 479 890 τινὰ
500 862 529 889 δὲ
553 863 808 898 ἀποστρεφομένων·
826 862 895 889 ὥστε
910 862 940 894 ἐξ

151 907 273 940 ἅπαντος
282 908 311 934 τὸ
321 908 472 944 ἐλεύθερον,
484 909 530 935 καὶ
543 908 573 935 τὸ
589 908 759 940 αὐτεξούσιον
769 908 818 944 τῆς
833 909 862 934 ὲν
872 909 938 943 ἡμῖν

151 954 264 990 λογικῆς
275 955 321 982 καὶ
337 955 432 991 νοερᾶς
442 955 548 990 φύσεως
569 955 679 986 ἐνδίκως
695 954 893 989 ὁμολογεῖσθαι.
906 954 937 980 El

150 1000 179 1027 δὲ
199 1002 248 1028 καὶ
270 1001 345 1037 παρὰ
371 1000 528 1037 προαίρεσιν
554 1001 638 1037 μυρία
665 1000 847 1036 συμϐαίνοντα
872 1001 937 1036 ἡμῖν

151 1046 216 1078 τοὺς
242 1047 356 1079 πολλοὺς
373 1047 427 1074 τῶν
453 1046 604 1083 ἀνθρώπων
625 1047 764 1083 ταράττει,
791 1045 937 1082 διαιρετέον

151 1092 270 1120 ἐνταῦθα
283 1093 333 1130 τὴν
353 1093 407 1120 τῶν
420 1093 447 1120 ὲν
464 1090 504 1125 οἷς
519 1094 602 1128 ἐσμεν
616 1092 705 1126 φύσιν,
725 1092 771 1119 καὶ
787 1092 831 1118 τὸν
849 1091 936 1126 λόγον,

151 1139 212 1167 καθ’
228 1139 257 1166 ὄν
269 1139 306 1166 τὰ
320 1139 369 1166 οὐκ
380 1140 497 1175 ἐφ’ὴμϊν
513 1139 628 1173 γίνεται,
646 1138 852 1174 ἐπιθεωρητέον.
862 1137 938 1164 Οὕτω

150 1185 206 1220 γὰρ
221 1185 269 1212 καὶ
292 1185 395 1212 τούτων
419 1186 449 1212 τὸ
463 1185 548 1212 αἴτιον
564 1184 637 1216 οὔτις
660 1184 756 1219 ἄλογος
782 1183 937 1216 ἀναδέξεται

151 1231 317 1268 εἱμαρμένη,
332 1231 410 1266 λόγος
425 1232 453 1259 δὲ
469 1231 549 1258 πάλιν
564 1231 641 1262 ἄλλος
662 1231 711 1266 τῆς
725 1228 779 1256 τῶν
793 1229 860 1256 ὅλων
873 1239 937 1266 προ-

150 1276 225 1309 νοίας
238 1278 443 1314 ἀπηρτημένος.
465 1277 500 1304 Φέ
506 1278 527 1313 ρ’
541 1275 587 1304 οὖν
602 1275 738 1312 ἐπιμελῶς
751 1275 780 1302 τὸ
794 1275 937 1311 πρόὸλημα

151 1323 375 1359 ἐπισκεψώμεθα.

991 266 1102 294 modum
1115 266 1255 294 institutas
1271 267 1327 294 haec
1347 267 1440 302 opinio
1465 267 1620 295 labefactat.
1636 266 1704 295 Nam
1729 268 1773 295 cui

990 316 1019 339 tu
1037 312 1120 345 bono,
1137 317 1185 340 aut
1205 312 1322 347 imperes
1345 312 1379 340 iis
1394 311 1545 347 quidpiam,
1560 318 1608 340 aut
1625 317 1710 347 vetes,
1726 313 1774 348 qui

988 358 1044 394 jam
1060 359 1112 386 alia
1131 357 1273 386 constricti
1297 358 1461 386 necessitate
1480 359 1710 386 teneantur?—lmo
1725 367 1774 387 nec

990 405 1133 433 hominum
1147 405 1250 433 scelera
1266 405 1364 440 punire
1378 409 1514 439 operteat,
1530 406 1630 441 quippe
1649 406 1695 441 qui
1714 414 1774 441 pro-

991 455 1049 486 pter
1060 451 1182 478 eamdem
1196 458 1306 478 causam
1318 451 1457 486 peccarint
1473 451 1560 478 nihil:
1580 459 1630 479 nec
1647 459 1694 479 eos
1712 459 1774 479 con-

991 502 1045 531 tra,
1065 498 1110 533 qui
1128 498 1257 533 praeclare
1270 505 1299 525 se
1316 498 1459 532 gesserint,
1475 498 1626 525 honoribus
1645 498 1774 533 prmmiis-

990 551 1044 578 que
1065 544 1184 578 donare;
1208 543 1284 579 quod
1305 548 1450 578 utrumque
1468 549 1557 571 tamen
1576 551 1638 571 cum
1663 544 1696 571 ad
1721 544 1774 571 im-

990 589 1153 624 probitatem
1175 589 1365 621 coercendam,
1391 594 1448 616 tum
1472 590 1505 617 ad
1525 590 1698 617 excitandum
1718 590 1772 617 vir-

992 635 1056 663 tutis
1067 635 1197 668 studium,
1212 636 1340 662 momenti
1352 643 1458 670 semper
1469 644 1501 663 ac
1514 635 1612 662 virium
1625 635 1771 670 plurimum

991 681 1096 708 habuit.
1114 680 1190 708 Adde
1209 680 1366 715 religionem
1388 688 1421 708 ac
1437 681 1562 715 pietatem
1581 681 1607 707 in
1631 680 1715 708 Deum
1730 689 1774 708 ea-

991 727 1052 754 dem
1073 727 1206 754 sententia
1228 734 1317 759 ruere,
1340 726 1362 754 si
1387 734 1438 753 nec
1459 725 1529 753 Deus
1550 726 1616 760 ipse.
1635 733 1685 754 nec
1707 727 1774 753 vati-

991 773 1124 801 ciniorum
1141 773 1255 800 istorum
1274 776 1411 805 auctores,
1429 772 1508 808 245
1522 773 1601 800 nobis
1617 773 1667 800 hac
1689 773 1773 800 semel

978 819 1039 862 ‘fati
1054 820 1214 847 necessitate
1227 819 1365 853 obligatis,
1382 819 1508 852 precibus
1523 819 1584 846 licet
1599 827 1630 846 ac
1648 819 1772 854 religioni

991 873 1101 900 operam
1117 867 1221 897 demus,
1240 866 1358 900 praesidii
1374 866 1521 900 quidquam
1536 869 1583 891 aut
1596 865 1771 892 emolumenti

962 910 1114 938 Pconl‘erre
1130 911 1244 946 possint.
1268 911 1323 939 Nos
1348 919 1429 946 porro
1454 919 1529 938 more
1553 911 1692 938 brutornm
1713 911 1773 937 ani-

990 957 1134 990 mantium,
1158 957 1211 985 huc
1227 958 1344 992 illucque
1363 957 1443 990 trahi,
1464 962 1574 985 externa
1599 957 1634 990 vi,
1661 957 1774 992 quibus-

990 1003 1052 1029 dam
1067 1003 1145 1038 quasi
1159 1002 1270 1031 funibus
1286 1004 1477 1033 circumactos.
1501 1007 1530 1030 ut
1544 1003 1596 1030 alia
1619 1003 1773 1031 necessario

991 1048 1081 1076 facere
1095 1049 1221 1081 velimus,
1237 1049 1289 1076 alia
1304 1053 1398 1076 contra
1415 1056 1524 1076 sensum
1539 1054 1712 1083 mentemque
1724 1057 1773 1076 no—

992 1099 1077 1121 stram
1090 1094 1232 1129 eligamus.
1250 1095 1293 1122 cui
1315 1102 1368 1121 non
1386 1094 1605 1130 indignissimum
1624 1102 1654 1122 ac
1671 1095 1773 1129 turpis-

992 1140 1091 1167 simum
1118 1140 1180 1174 jure
1198 1140 1340 1168 videatur?
1362 1141 1480 1167 maxime
1500 1149 1561 1168 cum
1582 1149 1631 1168 nns
1658 1141 1692 1168 ad
1719 1141 1773 1168 alia

991 1189 1088 1219 sponte
1103 1185 1221 1219 quadam
1241 1185 1396 1220 impetuque
1409 1190 1502 1213 nostro
1524 1185 1587 1214 ferri
1603 1187 1753 1214 sentiamus
1765 1207 1772 1219 ,

991 1229 1044 1256 alia
1061 1232 1157 1257 rursus
1172 1237 1234 1257 cum
1257 1231 1431 1266 negligimus,
1453 1231 1538 1258 nostri
1558 1236 1614 1258 tum
1635 1231 1686 1267 ipsi
1705 1239 1772 1266 quo-

990 1282 1044 1309 que
1059 1275 1161 1302 domini
1185 1282 1378 1312 compotesque
1402 1285 1576 1310 maneamus;
1600 1278 1721 1312 adeoque
1745 1277 1772 1304 in

991 1329 1073 1348 causa
1092 1321 1188 1355 simus,
1207 1324 1384 1356 quamobrem
1402 1323 1518 1351 feliciter
1531 1324 1606 1358 quid,
1631 1328 1678 1350 aut
1694 1331 1773 1350 secus

150 1369 269 1403 eveniat,
281 1377 343 1397 cum
356 1370 398 1397 vis
409 1369 517 1397 aliunde
530 1369 602 1397 nulla
615 1369 693 1396 nobis
720 1367 858 1400 ederetur,
884 1372 965 1402 atque
985 1367 1041 1394 haec
1064 1368 1103 1394 uti
1131 1374 1256 1403 optamus
1279 1370 1361 1403 ultro,
1393 1370 1433 1397 sic
1456 1370 1500 1397 illa
1531 1370 1650 1398 vicissim
1679 1370 1773 1397 eadem

150 1418 231 1451 plane
259 1418 392 1452 libertate,
420 1423 468 1446 aut
488 1418 659 1453 defugiamus
682 1417 803 1448 omnino,
827 1419 875 1443 aut
897 1423 929 1442 ex
961 1419 1037 1450 parte
1064 1416 1253 1444 detrectemus.
1274 1417 1305 1444 Et
1321 1425 1385 1445 vero
1401 1422 1457 1445 tam
1476 1423 1549 1446 certa
1577 1417 1657 1445 nobis
1679 1418 1772 1452 explo-

151 1469 265 1498 rataque
283 1469 326 1492 est
342 1465 398 1492 haec
418 1464 522 1492 arbitrii
539 1464 624 1491 nostri
641 1464 721 1495 ratio,
749 1468 780 1490 ut
796 1463 906 1498 perinde
929 1470 961 1489 ac
981 1463 1045 1489 dum
1072 1467 1119 1490 aut
1140 1463 1263 1491 dolemus
1278 1464 1340 1498 ipsi,
1358 1469 1404 1492 aut
1427 1464 1561 1496 laztamur,
1582 1468 1628 1491 aut
1650 1464 1773 1491 videmus

150 1511 304 1546 quidpiam,
322 1516 369 1539 aut
391 1512 528 1545 audimus,
545 1512 571 1539 id
594 1519 609 1539 a
633 1511 712 1539 nobis
731 1518 761 1538 re
783 1511 851 1546 ipsa,
878 1518 932 1538 non
960 1510 1166 1538 ratiocinatione
1182 1512 1235 1539 ulla
1265 1512 1367 1548 percipi
1394 1512 1535 1544 sentimus,
1551 1512 1588 1539 ita
1614 1519 1664 1539 nos
1677 1516 1772 1546 sponte

150 1558 322 1593 consilioque
341 1563 436 1586 nostro
458 1558 531 1592 duci,
547 1565 578 1586 ac
600 1558 711 1586 delectis
731 1558 881 1591 nonnullis,
905 1557 940 1586 ab
965 1558 1027 1585 aliis
1057 1557 1203 1586 abhorrere
1236 1559 1395 1587 sentiamus.
1416 1559 1540 1593 Prorsus,
1557 1564 1586 1586 ut
1604 1559 1677 1586 illam
1700 1559 1773 1586 arbi-

149 1606 197 1633 trii
228 1610 404 1642 potestatem,
439 1614 523 1641 penes
549 1611 676 1634 naturam
699 1606 770 1633 hanc
803 1610 924 1633 nostram
946 1605 1052 1633 ratione
1078 1610 1105 1634 et
1126 1606 1303 1642 intelligentia
1324 1607 1463 1642 praeditam
1485 1614 1556 1638 esse,
1589 1605 1667 1633 fateri
1691 1613 1773 1633 nemo

150 1661 207 1682 non.
230 1654 338 1682 debeat.
356 1654 403 1682 Sin
422 1659 512 1682 autem
542 1655 612 1690 quod
641 1654 747 1681 inlinita
767 1661 875 1689 quoque
891 1653 970 1681 nobis
1000 1658 1098 1689 praeter
1119 1654 1267 1682 voluntatis
1291 1655 1453 1690 consiliique
1471 1655 1602 1682 rationem
1631 1653 1771 1684 eveniant,

150 1699 179 1726 id
195 1699 338 1728 hominum
367 1701 465 1736 vulgus
498 1701 654 1736 perturbat;
684 1705 742 1728 tum
773 1708 838 1727 vero
857 1704 885 1728 et
908 1699 1098 1736 distinguenda
1124 1701 1343 1736 secernendaque
1370 1709 1460 1729 rerum
1485 1701 1603 1734 illarum,
1623 1700 1650 1727 in
1674 1699 1773 1734 quibus

150 1754 312 1779 versamur,
334 1750 430 1774 natura
452 1746 514 1779 erit,
538 1751 565 1774 et
585 1747 629 1773 illa
652 1746 733 1773 simul
755 1746 825 1773 ratio
859 1745 1066 1777 consideranda,
1099 1754 1146 1781 per
1174 1754 1256 1781 quam
1283 1754 1315 1774 ea
1337 1747 1413 1779 tiant,
1441 1754 1502 1780 quae
1521 1745 1646 1780 potestati
1673 1748 1774 1771 nostra:

151 1792 287 1819 subducta
303 1791 367 1819 sint.
388 1791 434 1819 Sic
454 1792 526 1819 enim
553 1792 687 1827 eiusmodi
708 1799 817 1827 quoque
841 1798 932 1817 rerum
970 1798 1081 1818 causam
1115 1799 1169 1819 non
1193 1792 1312 1819 absurdo
1335 1791 1400 1824 fato,
1426 1791 1471 1818 sed
1497 1791 1574 1817 alteri
1601 1789 1714 1817 consilio
1739 1797 1773 1816 ex

150 1839 243 1866 divina
261 1846 304 1866 res
325 1839 351 1866 in
365 1846 460 1867 omnes
472 1838 642 1867 Providentia
666 1847 810 1875 suspenso,
830 1838 1000 1866 tribuendam
1024 1843 1051 1866 et
1078 1839 1269 1874 assignandam
1301 1847 1362 1867 esse
1387 1839 1531 1866 constabit.
1544 1840 1601 1874 Age
1613 1846 1688 1873 ergo,
1703 1844 1774 1873 qua!»

151 1888 271 1914 stionem
289 1887 368 1914 istam
390 1885 532 1921 diligenter
547 1887 727 1914 excutiamus.

189 1935 283 1961 Πάντα
306 1935 354 1970 μὲν
378 1934 483 1969 ἀθρόως
516 1935 548 1961 ὲκ
568 1934 635 1961 Θεοῦ
658 1934 786 1970 προνοίας
814 1931 882 1960 εἷναί
907 1941 936 1960 τε

1025 1932 1146 1959 Primum
1163 1931 1272 1966 quidem
1290 1932 1388 1959 divinae
1402 1931 1582 1958 Providentia:
1606 1935 1689 1963 nutu,
1709 1937 1769 1957 cum

150 1981 199 2007 καὶ
213 1980 388 2012 διοικεῖσθαι,
413 1980 438 2005 οἱ
464 1979 512 2014 τῆς
538 1979 654 2015 ἀληθοῦς
683 1980 823 2012 εὐσεϐείας
844 1979 938 2014 θεσμοὶ

149 2027 366 2062 διαγορεύουσιψ
381 2026 430 2062 ήδη
448 2026 476 2053 δὲ
495 2027 553 2054 κατ’
575 2025 645 2058 εἶδος
666 2026 738 2057 ἰδίως
760 2026 862 2052 ἕκαστα
884 2025 938 2051 τῶν

151 2073 343 2108 γιγνομὲνων,
371 2072 404 2098 τὰ
431 2074 479 2108 μὲν
502 2073 557 2106 ἕξει
585 2073 652 2107 (59),
678 2072 711 2098 τὰ
734 2071 762 2098 δὲ
789 2071 878 2105 φύσει,
905 2070 940 2097 τὰ

150 2119 182 2145 δὲ
199 2120 272 2155 ὁρμῇ
287 2119 334 2145 καὶ
360 2119 506 2154 φαντασίᾳ,
531 2119 565 2146 τὰ
591 2118 619 2145 δὲ
642 2118 764 2154 λογισμῷ
778 2118 824 2144 καὶ
850 2117 938 2153 οἰκείᾳ

151 2165 244 2201 κρίσει
259 2173 289 2190 τε
309 2165 355 2191 καὶ
381 2166 537 2200 προαιρέσει
559 2165 714 2200 κινούμενα·
731 2165 778 2190 καὶ
807 2163 875 2190 ἄλλα
890 2163 939 2198 μὲν

152 2210 225 2237 κατὰ
243 2210 443 2246 προηγούμενον
460 2210 538 2244 λόγον
557 2211 714 2245 γιγνόμενα,
730 2209 811 2244 ἕτερα
825 2209 852 2235 δὲ
880 2209 938 2235 κατ’

153 2256 394 2292 ὲπισυμϐεΰηκότα
411 2258 466 2288 τοῖς
479 2256 689 2292 προηγουμένως
707 2256 839 2290 γεγονόσι,
854 2255 940 2282 ποικί-

152 2303 203 2335 λην
221 2303 268 2330 καὶ
279 2302 443 2338 πολύτροπον
453 2301 502 2337 τὴν
517 2301 562 2328 τοῦ
579 2301 677 2333 παντὸς
692 2302 873 2337 συνεστήσατο
886 2301 940 2327 δια-

153 2350 301 2384 κόσμησιν,
330 2349 436 2384 ὲκάστῳ
451 2348 523 2383 γένει
541 2348 595 2374 τῶν
612 2348 696 2374 ὅντων
719 2347 785 2374 ἰδίαν
804 2347 850 2374 καὶ
863 2348 940 2381 ἀφω-

153 2395 286 2431 ρισμένην
299 2394 360 2421 τινὰ
376 2394 482 2429 φύσεως
500 2394 672 2429 κατασκευὴν
689 2392 735 2419 τοῦ
747 2393 801 2419 τῶν
818 2393 886 2419 ὅλων
897 2393 937 2419 atl-

153 2442 210 2468 τίου
225 2441 421 2476 διανείμαντος.
448 2441 532 2476 Σχολῇ
551 2441 599 2476 μὲν
625 2438 671 2466 οὖν
689 2448 730 2472 τις
745 2439 790 2465 τὸν
812 2439 874 2474 περὶ
885 2438 939 2465 τῶν

154 2489 242 2517 ἄλλων
257 2489 386 2522 διεξέλθοι
411 2488 499 2522 λόγον·
524 2488 568 2514 τὸν
584 2487 613 2514 δὲ
628 2487 691 2520 περὶ
707 2486 754 2513 τοῦ
767 2485 938 2518 αὑτεξουσίου

155 2537 221 2572 ῥᾷον
231 2535 381 2570 καταμάθοι
392 2534 425 2561 ἂν
438 2531 497 2561 ὦδε.
520 2534 594 2560 Ἐπεὶ
619 2533 655 2569 μὴ
675 2532 816 2568 μονογενὲς
832 2541 858 2558 τι
872 2532 939 2566 χρῆ-

156 2591 205 2618 μα,
224 2583 284 2617 μηδ’
297 2582 330 2608 ἐκ
347 2582 410 2616 μιᾶς
438 2579 572 2611 συνεστὼς
589 2579 694 2614 φύσεως
721 2578 848 2613 τυγχάνει
874 2576 911 2603 ὢν
925 2577 938 2602 ὁ

155 2628 308 2663 ἄνθρωπος,
324 2620 357 2652 ἔκ
369 2627 440 2653 δυοῖν
449 2626 476 2652 δὲ
491 2625 616 2652 ἐναντίων
638 2624 728 2660 εἴληχε
751 2623 799 2658 τὴν
817 2622 937 2653 σύνοδον,

156 2673 281 2708 σώματος
295 2672 341 2698 καὶ
354 2671 451 2706 ψυχῆς·
470 2671 516 2697 τοῦ
536 2670 583 2706 μὲν
610 2670 679 2696 κατὰ
707 2668 876 2704 συμϐεϐηκὸς
891 2667 938 2702 ὀρ-

144 2741 148 2754 ,
192 2759 245 2795 (58)
262 2758 581 2795 Καταλαμόανομένων.
599 2758 678 2784 Forte
691 2757 796 2795 legend,
808 2757 939 2795 sitatam:

155 2791 390 2837 λαμϐανομένοις,
403 2799 431 2821 ut
445 2791 587 2821 conveniat
611 2800 672 2820 cum
695 2792 882 2827 prmeedentib.
901 2791 939 2826 τῷ

156 2836 376 2900 αλῖἕδῗῇἱςξαὲν
388 2863 457 2900 ἕξει.
480 2863 565 2900 Ἐξις,
583 2868 611 2890 ut
627 2862 782 2900 πολύσημόν
802 2862 899 2900 anic
914 2868 940 2888 et

155 2896 293 2935 (inediam;
317 2896 591 2934 ἆντικείμενονζίίυε
621 2896 727 2931 quidem
758 2897 817 2924 loco
835 2896 890 2928 ἓξις
913 2902 938 2924 et

988 1986 1060 2011 esse,
1080 1983 1135 2005 tum
1153 1978 1208 2012 regi
1227 1977 1308 2004 simul
1330 1977 1467 2008 universa,
1485 1985 1554 2003 verte
1573 1977 1713 2011 religionis
1729 1977 1771 2004 de-

988 2029 1061 2052 creta
1084 2023 1219 2051 sanciunt.
1241 2023 1302 2050 Jam
1324 2031 1398 2055 vero,
1419 2031 1480 2058 qum
1497 2023 1564 2049 liunt
1588 2022 1705 2057 singula,
1723 2030 1772 2057 pro

989 2080 1037 2099 sua
1055 2077 1169 2106 qumque
1186 2078 1217 2097 ac
1232 2070 1360 2104 peculiari
1385 2070 1484 2100 forma,
1501 2069 1564 2095 dum
1588 2069 1640 2095 alia
1662 2068 1771 2103 quidem

989 2118 1093 2149 habitu,
1113 2117 1164 2144 alia
1194 2122 1301 2149 natura,
1320 2123 1470 2150 rursusque
1498 2115 1549 2142 alia
1568 2115 1667 2149 impetu
1690 2118 1772 2149 atque

990 2171 1081 2195 sensu,
1097 2164 1149 2191 alia
1167 2171 1232 2190 vero
1256 2161 1471 2193 ratiocinatione,
1487 2168 1519 2188 ac
1539 2160 1651 2195 judicio,
1669 2167 1771 2194 suaque

989 2209 1057 2236 adeo
1074 2214 1169 2244 sponte
1184 2208 1351 2242 arbitrioque
1368 2211 1526 2234 morentur:
1548 2206 1667 2240 dumque
1693 2206 1770 2234 sinti-

989 2255 1050 2282 liter
1069 2256 1121 2282 alia
1138 2255 1272 2290 superiori
1285 2253 1401 2289 quadam
1417 2258 1443 2280 et
1457 2253 1555 2288 praevia
1571 2252 1675 2279 ratione
1692 2252 1769 2283 ﬁunt,

989 2301 1041 2328 alia
1055 2301 1135 2327 modo
1146 2300 1315 2335 superiorum
1333 2299 1386 2325 vim
1405 2306 1436 2325 ac
1449 2299 1559 2324 ductum
1576 2301 1769 2332 consequente,

991 2348 1092 2374 variam
1113 2355 1145 2374 ne
1163 2347 1338 2380 multiplicem
1362 2345 1443 2379 hujus
1460 2345 1578 2371 universi
1595 2344 1712 2378 speciem
1726 2350 1770 2370 or-

990 2399 1139 2427 natumque
1161 2393 1327 2424 contini-unt;
1353 2398 1414 2417 cum
1437 2395 1531 2416 auctor
1553 2389 1673 2416 omnium
1693 2388 1771 2414 moli-

990 2443 1085 2474 torque
1106 2437 1176 2465 Deus
1195 2445 1273 2465 suam
1295 2436 1405 2463 cuilibet
1429 2442 1517 2461 rerum
1542 2433 1633 2468 generi
1654 2433 1771 2468 singula-

990 2493 1101 2520 remque
1134 2489 1237 2512 natura:
1270 2481 1451 2510 conditionem
1472 2479 1633 2506 attribuerit.
1656 2479 1695 2505 Ac
1718 2486 1770 2506 ca?-

989 2537 1109 2558 terarum
1127 2530 1234 2565 quidem
1246 2529 1300 2556 vim
1318 2531 1398 2561 atque
1415 2525 1546 2551 rationem
1565 2524 1676 2559 exsequi
1691 2531 1768 2551 com-

993 2578 1126 2612 plectique
1151 2575 1259 2603 diﬂicile
1285 2574 1380 2607 fuerit;
1402 2572 1504 2600 arbitrii
1532 2579 1596 2598 vero
1618 2571 1769 2597 libertatem

992 2625 1065 2650 hunc
1088 2622 1115 2648 in
1137 2621 1247 2648 modum
1267 2619 1418 2649 ostendere,
1440 2618 1518 2652 longe
1544 2615 1663 2643 facilius.
1689 2614 1771 2650 246

990 2669 1058 2696 Cum
1074 2669 1154 2695 homo
1168 2674 1220 2693 non
1239 2675 1282 2693 res
1297 2673 1348 2693 una
1364 2664 1486 2700 quaedam
1500 2663 1536 2690 sit
1548 2667 1628 2697 atque
1643 2662 1769 2696 simplex,

991 2757 1071 2793 φύσις
1092 2761 1263 2793 opponuntur
1278 2765 1289 2793 γε
1309 2754 1495 2793 meoiudicio,
1512 2753 1581 2793 quod
1601 2752 1695 2793 cape;
1715 2750 1769 2777 ἕξει

989 2788 1120 2820 κινεῖσθαὶ
1129 2788 1135 2791 ’
1146 2792 1180 2819 sit
1200 2793 1228 2817 ὲν
1241 2792 1296 2822 τοῖς
1310 2790 1425 2824 ἀλόγοις,
1441 2789 1470 2815 τὸ
1484 2789 1553 2816 κατὰ
1570 2788 1719 2824 συνήθειαν,
1742 2795 1770 2812 τις

989 2837 1051 2855 vero
1073 2827 1168 2862 φύσει,
1193 2826 1246 2854 ἀπὸ
1267 2823 1455 2860 ταύτομάτου,
1471 2825 1518 2852 καὶ
1542 2823 1632 2855 καθὼς
1655 2823 1770 2850 ἕκασῖυν

988 2866 1117 2898 πέφυκεν.
