2063 3211
329 162 381 188 419

628 160 764 189 EUSEBII
784 160 1024 189 CESARIENSIS
1040 160 1116 188 OPP.
1138 159 1229 187 PARS
1248 161 1280 187 ll.
1301 175 1336 180 ——
1354 158 1604 187 APOLOGETICA.

1897 158 1949 185 £20

331 225 378 248 aut
398 220 478 248 unica
499 225 595 247 natura
615 225 757 250 constans,
776 220 822 248 sed
843 227 876 246 ex
890 220 1005 247 duarum
1030 228 1061 247 ac
1076 220 1111 247 di-

1165 221 1246 254 γάνου
1262 221 1293 256 τῇ
1308 219 1379 255 ψυχῇ
1396 219 1548 254 δεδεμένου,
1560 219 1609 254 τῆς
1620 218 1647 245 δὲ
1667 218 1762 254 νοερᾶς
1776 218 1870 249 οὖσιανς
1884 217 1954 244 κατὰ

331 275 488 299 versarum,
512 266 635 301 corporis
655 266 784 293 nimirum
808 271 834 293 et
865 267 967 300 animi,
986 267 1116 295 societate

331 313 464 346 conﬂata;
487 318 514 340 et
538 319 637 346 corpus
663 311 773 346 quidem
797 311 899 344 animo,
925 318 1056 348 tanquam
1072 313 1115 340 in-

332 364 523 391 strumentum,
537 359 730 394 consequentia
747 359 866 393 quadam
882 359 1040 393 alligatum;
1058 359 1114 394 spi—

332 405 419 432 ritalis
443 412 507 431 vero
524 405 733 440 intelligensque
755 409 864 435 natura.
887 405 913 431 vi
937 405 1066 439 principis
1082 405 1115 432 il-

332 451 384 478 lius
412 450 526 477 rationis
546 450 663 477 existat:
679 457 796 485 cumque
813 450 926 477 alterum
948 451 1054 478 ratione
1071 457 1116 478 ca-

332 500 399 528 reat,
419 496 502 523 altera
522 495 635 529 praedita
650 495 703 528 sit;
722 495 837 522 alterum
851 496 1053 530 corruptionem
1071 503 1116 530 pa-

329 542 422 574 tiatur,
448 541 533 568 altera
554 541 682 575 minime;
707 546 846 575 postremo
863 541 977 568 alterum
1002 542 1115 569 mortale

331 587 375 619 sit,
393 587 476 614 altera
497 587 674 615 immortalis:
691 595 723 614 ac
735 587 850 622 proinde
861 594 961 622 corpus
975 587 1040 614 illud
1054 587 1116 614 bru-

331 634 365 661 tis
384 634 568 661 animantibus
586 633 667 660 afﬁne
680 641 712 660 ac
728 633 865 668 geminum
881 633 1040 666 habeamus,
1056 634 1115 661 ani-

330 686 404 705 mum
417 684 522 710 contra,
542 686 604 706 cum
620 679 786 713 intelligente
798 679 1002 714 immortalique
1017 684 1114 707 natura

329 724 447 759 quadam
461 725 544 752 veluti
557 725 719 760 cognatione
732 725 908 760 conjunctum
920 734 927 752 :
942 725 1041 753 mirum
1055 733 1115 761 pro-

330 770 402 797 fecto
424 778 477 798 non
504 776 556 801 est.
581 771 602 797 si
615 771 752 805 geminum
776 771 860 798 hocce
882 779 1001 806 germen,
1023 776 1115 807 utpote

329 817 447 851 duplicis
465 822 571 845 natura:
595 819 787 846 communione
806 822 998 853 temperatum,
1013 818 1113 853 duplici

334 871 442 897 quoquc
457 863 551 896 \ilam,
571 871 657 898 eaque
675 864 792 897 diversa,
818 864 923 892 ratione
945 864 1111 891 conformet:

331 913 361 935 ut
377 909 458 936 modo
476 909 597 944 corporis
615 909 851 941 naturaaserviat,
868 909 947 936 modo
961 909 1116 942 libertatem,

331 954 416 989 partis
440 954 582 981 divinioris
600 955 737 989 propriam
756 955 968 990 complectatur;
992 955 1114 990 adeoque

331 1001 411 1027 simul
426 1000 452 1027 in
465 1001 605 1034 servitute,
623 1000 704 1028 simul
719 1000 745 1026 in
760 1000 885 1028 libertate
895 1004 1028 1032 versetur,
1043 1000 1114 1028 lianc

330 1055 344 1073 a
360 1045 426 1079 Deo,
448 1054 516 1081 quas
531 1046 566 1073 ob
583 1054 681 1073 causas
697 1046 755 1081 ipse
770 1047 855 1078 novit,
879 1047 1002 1081 corporis
1016 1046 1114 1074 animi-

329 1099 382 1127 que
388 1092 607 1127 conjunetionem
619 1092 756 1119 sortitum.
764 1092 864 1126 Quare,
875 1093 1000 1128 quisquis
1012 1100 1043 1120 ea
1054 1101 1115 1127 quae

329 1137 454 1172 corporis
467 1142 514 1164 aut
533 1137 617 1164 animi
638 1141 743 1165 natura:
758 1138 934 1170 conveniunt,
951 1138 998 1165 fati
1011 1138 1114 1166 abusus

331 1183 452 1216 nomine,
476 1183 632 1210 necessitati
656 1187 785 1218 tanquam
810 1192 901 1211 causa:
919 1184 1075 1220 subjeeerit,
1091 1185 1114 1212 is

329 1228 452 1263 profecto
466 1236 480 1256 a
495 1236 558 1256 vera
573 1229 755 1264 appellatione
777 1230 921 1257 aberrarit.
937 1230 1005 1258 Nam
1024 1231 1047 1258 si
1064 1239 1114 1258 nec

326 1273 377 1301 iati
400 1275 558 1302 necessitati
574 1275 682 1302 obviam
696 1276 730 1302 iri
744 1280 842 1310 potest,
860 1282 887 1304 et
907 1284 969 1312 quae
984 1281 1038 1304 tam
1053 1285 1114 1305 cor-

330 1320 400 1354 pori,
416 1328 498 1356 quam
521 1320 613 1348 animo
632 1326 737 1349 naturae
751 1322 812 1356 jure
835 1322 995 1356 debeantur,
1010 1328 1112 1358 partem

329 1372 399 1400 saepe
427 1365 574 1392 maximam
609 1366 733 1401 impediri
768 1367 879 1394 solent:
912 1367 934 1394 si
956 1375 1051 1395 rursus
1072 1369 1114 1394 in-

329 1411 403 1438 ﬁnita
419 1419 502 1446 prope
519 1411 572 1438 alia
592 1412 763 1440 extrinsecus
778 1413 917 1447 eveniunt,
937 1421 998 1448 quae
1017 1419 1114 1448 praeter

329 1463 454 1486 naturam
471 1466 536 1486 casu
557 1459 675 1493 quodam
693 1460 816 1486 animum
841 1467 997 1494 corpusque
1021 1467 1116 1487 conse-

328 1509 464 1538 quantur;
481 1503 566 1531 fatum
586 1509 612 1532 et
626 1509 752 1532 naturam
775 1506 846 1533 idem
863 1513 923 1534 esse
944 1506 1005 1541 quis
1027 1507 1114 1541 putet?

1166 266 1211 293 τὸν
1226 267 1429 302 προηγούμενον
1443 265 1598 300 ὑποστάσης
1612 264 1698 298 λόγον·
1709 264 1756 291 καὶ
1768 264 1815 290 τοῦ
1832 263 1881 299 μὲν
1893 263 1955 290 ἀλό-

1167 322 1227 347 γου,
1239 314 1288 348 τῆς
1301 313 1329 339 δὲ
1346 312 1458 347 λογικῆς
1472 312 1667 347 τυγχανούσης·
1684 311 1731 337 καὶ
1746 311 1826 338 πάλιν
1838 309 1885 337 τοῦ
1906 311 1954 346 μὲν

1167 358 1355 394 φθαρτοῠ,τῆς
1366 359 1394 385 δὲ
1407 359 1554 394 ἀιρθόιρτου⁸
1569 357 1617 384 καὶ
1630 356 1744 392 θατέρου
1756 356 1864 391 θνητοῦ,
1877 356 1955 382 θατέ-

1167 413 1216 440 ρας
1230 404 1258 430 δὲ
1272 403 1416 431 ἀθανάτου·
1433 404 1496 431 ὥσθ’
1509 404 1581 439 ἡμᾶς
1598 403 1678 438 θηρσὶ
1691 402 1739 438 μὲν
1757 402 1865 436 ἀλόγοις
1877 401 1955 428 ἀδελ-

1166 450 1215 485 φὸν
1228 451 1320 486 φέρειν
1331 451 1361 477 τὸ
1374 450 1559 486 σῶμα,ψυχὴν
1572 449 1601 476 δὲ
1612 451 1644 484 τῇ
1658 449 1753 483 λογικῇ
1769 448 1815 474 καὶ
1827 447 1953 482 ἀθανάτῳ

1167 496 1246 530 φύσει
1258 497 1385 532 συγγενῆ”
1402 495 1488 532 ταύτῃ
1499 504 1540 522 τοι
1562 495 1635 527 εἰκὸς
1647 495 1677 521 τὺ
1696 494 1788 529 διφυὲς
1802 494 1876 519 τουτὶ
1887 493 1952 528 βλά-

1166 552 1268 578 στημα,
1285 543 1375 577 διττῆς
1391 543 1438 569 am
1463 542 1569 577 φύσεως
1585 540 1792 576 κεκοινωνηκὸς,
1811 539 1890 575 διττῷ
1905 539 1953 566 καὶ

1165 588 1283 624 διαφόρῳ
1296 588 1326 614 τὸ
1350 587 1400 623 ζῇν
1422 587 1583 614 ἀπευθύνειν
1610 586 1713 621 τρόπον
1729 586 1789 612 τοτὲ
1805 585 1853 620 μὲν
1872 584 1954 619 φύσει

1167 633 1290 668 σώματος
1304 632 1440 664 δουλεῦον,
1453 632 1514 659 τοτὲ
1525 632 1553 658 δὲ
1566 633 1600 667 τῇ
1615 631 1736 666 Θειοτέρᾳ
1753 630 1834 665 μοίρᾳ
1846 629 1896 665 τὴν
1918 629 1954 656 οἰ-

1166 681 1242 708 κεεαν
1256 679 1444 715 ἀσπαζόμενον
1459 679 1622 714 ἐλευθερίαν·
1641 678 1678 709 ὡς
1699 677 1745 704 καὶ
1769 676 1860 703 δοῦλον
1882 673 1952 704 εἶναι

1164 727 1209 754 τὸν
1222 727 1303 754 αὐτὸν
1325 727 1372 753 καὶ
1400 725 1552 760 ἐλεύθερον,
1573 723 1702 760 τοιαύτην
1726 723 1786 750 τινὰ
1810 723 1885 759 παρά
1905 723 1952 751 τοῦ

1164 773 1242 806 Θεοῦ,
1253 774 1285 800 δι’
1299 772 1345 805 οὒς
1358 772 1412 799 οἶδε
1427 772 1523 807 λόγους
1537 771 1627 803 αὐτὸς,
1642 769 1850 806 κεκληρωμένον
1863 769 1953 805 ψυχῆς

1164 820 1212 847 καὶ
1228 820 1352 855 σώματος
1367 818 1516 854 ἐπιμιξίαν.
1530 818 1562 844 El
1576 817 1607 853 δὴ
1627 815 1674 844 οὖν
1687 825 1729 848 τις
1743 816 1777 843 τὰ
1790 816 1860 843 κατά
1872 817 1954 851 φύσιν

1165 866 1223 901 ἤτοι
1235 865 1281 892 τοῦ
1296 865 1421 901 σώματος
1434 865 1451 900 ἢ
1464 865 1509 891 καὶ
1523 864 1572 899 τῆς
1582 863 1680 898 ψυχῆς,
1706 862 1876 898 εἱμαρμένης
1894 862 1953 888 ὀνό-

1166 920 1229 947 ματι
1239 910 1390 947 χρώμενος,
1407 910 1453 936 ὑπ’
1466 909 1553 936 αἰτίαν
1565 909 1687 944 ἀνάγκης
1709 907 1883 939 καταϐάλλοι,
1896 908 1953 934 δια-

1166 957 1263 993 μάρτοι
1274 957 1307 984 ἂν
1319 957 1367 993 τῆς
1379 956 1483 988 οἰκείας
1495 955 1692 992 προσηγορίας.
1707 953 1739 981 Εἰ
1751 954 1805 990 γὰρ
1818 954 1953 989 εἱμαρμέ-

1164 1013 1211 1039 νης
1223 1004 1344 1039 ἀνάγκης
1357 1012 1399 1035 τις
1409 1001 1443 1039 ἦν
1458 1002 1607 1034 ἀκώλυτος,
1631 1001 1716 1028 πολλὰ
1738 1001 1766 1027 δὲ
1781 1000 1835 1027 τῶν
1847 1000 1886 1035 τῷ
1901 999 1953 1027 σώ-

1166 1059 1230 1086 ματι
1241 1050 1288 1077 καὶ
1298 1051 1330 1085 τῇ
1344 1049 1416 1085 ψυχῇ
1430 1049 1500 1076 κατὰ
1511 1047 1591 1083 φύσιν
1606 1048 1761 1084 προσόντων
1773 1045 1952 1082 παραποδίζε-

1163 1105 1218 1128 ται,
1234 1096 1318 1132 μυρία
1328 1104 1358 1122 τε
1372 1094 1470 1127 ἔξωθεν
1481 1094 1548 1121 ἄλλα
1563 1093 1679 1128 συναντᾷ
1695 1091 1771 1128 παρά
1788 1091 1868 1126 φύσιν
1879 1090 1952 1117 κατά

1163 1152 1189 1169 τι
1204 1142 1375 1178 συμόεὸηκὸς
1397 1141 1444 1168 καὶ
1467 1140 1539 1176 ψυχῇ
1555 1140 1601 1167 καὶ
1631 1139 1736 1174 σώματι
1761 1138 1950 1174 παρεπόμενα·

1165 1189 1224 1221 πῶς
1239 1189 1272 1215 ἂν
1287 1188 1330 1224 εἴη
1353 1187 1450 1214 ταύτὸν
1466 1186 1620 1222 εἱμαρμένη
1649 1186 1695 1212 καὶ
1721 1184 1820 1220 etiam;
1848 1184 1879 1210 Et
1896 1182 1952 1218 γὰρ

1164 1235 1371 1271 ἀπαράλλακτόν
1387 1242 1468 1268 φασιν
1482 1231 1551 1260 εῐναι
1578 1232 1627 1267 τὴν
1640 1231 1821 1267 εἱμαρμένην,
1834 1230 1882 1257 καὶ
1914 1230 1951 1265 μὴ

1163 1281 1291 1308 δύνασθαί
1302 1289 1327 1306 τι
1342 1280 1405 1315 παρ’
1422 1279 1506 1314 αὐτὴν
1519 1278 1641 1313 γίνεσθαι
1665 1278 1802 1313 (ἀνάγκην
1810 1277 1870 1313 ,γὰρ
1881 1274 1950 1304 εἶναι

1164 1326 1385 1363 ἀπαραίτητον),
1411 1325 1496 1351 πολλὰ
1516 1325 1554 1357 δὲ,
1580 1324 1617 1356 ὡς
1630 1324 1708 1360 ἔφην,
1729 1324 1803 1359 παρά
1822 1323 1857 1349 τὰ
1879 1324 1950 1350 κατά

1164 1373 1244 1408 φύσιν
1261 1373 1307 1399 καὶ
1320 1372 1391 1407 ψυχῇ
1407 1371 1453 1398 καὶ
1469 1370 1575 1406 σώματι
1590 1369 1799 1405 συμϐαίνει,οὺκ
1814 1369 1846 1396 ἂν
1862 1368 1950 1403 ὀρθᾶς

1164 1429 1205 1452 τις
1218 1419 1356 1455 ὀνομάζοι,
1369 1418 1466 1444 ταύτὸν
1477 1415 1546 1444 εἶναι
1561 1416 1647 1450 λέγων
1660 1415 1828 1452 εῑμαρμένην
1842 1415 1889 1441 κα¹ι
1905 1416 1952 1448 φῶ

1165 1475 1216 1493 σιν.
1227 1465 1327 1493 Γένοιτ’
1343 1464 1375 1491 ἂν
1388 1462 1434 1491 οὖν
1447 1462 1501 1490 τῶν
1526 1463 1610 1490 ὅντων
1623 1464 1651 1490 ὲν
1668 1464 1733 1498 ἡμῖν
1754 1461 1788 1488 τά
1816 1461 1867 1496 μὲν
1879 1461 1951 1487 κατὶ

1163 1512 1292 1547 λογισμὸν
1306 1511 1354 1538 καὶ
1378 1510 1537 1546 προαίρεσιν
1564 1509 1613 1544 τὴν
1630 1509 1674 1543 ὑφ’
1687 1508 1765 1544 ἡμῶν
1790 1507 1846 1542 (60)
1860 1507 1950 1541 γιγνό-

329 1550 357 1576 Si
372 1550 442 1577 enim
459 1556 506 1577 aut
525 1550 610 1578 fatum
627 1551 682 1578 ullo
701 1551 781 1579 modo
797 1552 939 1583 declinari,
957 1556 1003 1579 aut
1016 1557 1111 1587 praeter

1165 1565 1243 1593 μενα,
1257 1554 1301 1583 οἷα
1313 1556 1348 1583 τά
1363 1556 1433 1583 κατὰ
1462 1555 1543 1590 φύσιν
1555 1555 1653 1590 ψυχῆς,
1679 1554 1713 1580 τὰ
1736 1554 1764 1580 δὲ
1788 1553 1858 1580 κατὰ
1870 1552 1950 1588 φύσιν

329 1596 394 1623 illud
417 1596 474 1623 ﬁeri
491 1597 639 1631 quidquam
663 1605 742 1632 posse
761 1601 869 1632 negent,
890 1598 962 1632 quod
987 1598 1112 1626 inexora»

328 1642 390 1669 bilis
411 1643 447 1670 sit
471 1643 637 1671 necessitas:
658 1647 685 1670 et
712 1644 829 1678 plurima
852 1648 954 1677 tamen,
970 1644 1009 1671 uti
1033 1645 1109 1678 dixi,

328 1688 420 1714 animo
440 1688 602 1723 corporique
622 1693 720 1722 praeter
742 1693 867 1716 naturam
891 1686 1022 1716 eveniunt
1036 1699 1042 1716 :
1055 1698 1113 1725 pcr-

328 1741 420 1767 peram
438 1741 504 1760 sane
522 1733 627 1766 fecerit,
643 1735 690 1769 qui
712 1742 797 1762 unum
812 1735 939 1769 idemque
962 1734 1017 1763 fato
1032 1741 1112 1763 natu-

328 1787 419 1813 raeque
436 1786 535 1806 nomen
551 1780 688 1808 indiderit.
701 1780 856 1814 Enimvero,
878 1786 908 1808 ut
927 1789 1034 1814 eorum,
1051 1790 1112 1817 qua

328 1825 407 1852 nobis
421 1826 524 1859 insunt,
546 1827 597 1853 alia
613 1827 718 1855 ratione
734 1828 902 1863 consilioque
922 1828 989 1856 (iant
1006 1833 1110 1863 nostro,

327 1870 482 1905 cuiusmodi
494 1876 569 1904 sunt,
582 1880 750 1907 quaecunque
762 1881 824 1901 cum
837 1874 920 1900 animi
935 1878 1031 1901 natura
1043 1883 1110 1902 con—

328 1917 449 1950 veniunt,
471 1917 523 1944 alia
542 1923 624 1952 prout
643 1919 770 1953 corporis
791 1924 886 1947 natura
905 1920 1039 1955 postulat;
1058 1921 1109 1948 alia

327 1963 436 1990 demum
450 1965 567 2000 utrique,
577 1965 679 1998 animo,
694 1965 816 2000 inquam,
828 1966 990 2001 corporique
1001 1967 1040 1994 sic
1052 1974 1112 1994 eve-

327 2010 413 2041 niant,
433 2014 462 2036 ut
478 2018 539 2037 cum
565 2010 680 2038 aliarum
703 2019 794 2039 rerum
817 2017 913 2040 natura
936 2012 1108 2040 cohaereant:

327 2061 417 2082 tamen
436 2064 485 2083 nec
499 2064 531 2083 ea
550 2065 610 2091 quae
623 2057 656 2084 ad
679 2058 763 2084 animi
775 2058 994 2092 arbitrium,_nec
1005 2066 1036 2086 ea
1050 2066 1110 2093 quae

327 2101 449 2136 corporis
467 2102 500 2128 ad
528 2107 653 2128 naturam
678 2103 822 2136 pertinent,
843 2103 898 2130 imo
923 2111 973 2130 nec
995 2111 1027 2130 ea
1049 2111 1110 2138 quae

327 2154 392 2173 casu
419 2147 580 2181 contingunt
603 2147 784 2181 extrinsecus,
811 2156 900 2176 causa:
929 2156 985 2176 sum
1012 2149 1109 2176 merito

326 2192 442 2219 subduci
468 2196 578 2226 queant.
593 2192 666 2219 Idem
688 2193 760 2219 enim
785 2193 829 2220 ille
848 2193 929 2226 Deus,
956 2194 1002 2228 qui
1025 2193 1109 2221 totius

1163 1603 1210 1629 τοῦ
1223 1603 1360 1638 σώματος,
1379 1602 1413 1629 τὰ
1425 1602 1452 1628 δὲ
1464 1601 1568 1633 τούτοις
1586 1602 1634 1637 μὲν
1660 1600 1859 1636 συμϐεϐηκότα,
1876 1599 1948 1634 ψυχῇ

1163 1649 1233 1684 λέγω
1253 1650 1300 1675 καὶ
1315 1648 1430 1684 σώματι,
1447 1649 1550 1684 ἑτέροις
1560 1648 1588 1674 δὲ
1602 1646 1800 1682 συντελούμενα
1813 1646 1885 1673 κατὰ
1897 1645 1948 1680 φύ-

1164 1701 1216 1721 σιν·
1232 1694 1290 1720 ἀλλ’
1307 1694 1367 1720 οὔτε
1376 1694 1424 1728 τῆς
1437 1694 1527 1729 ψυχῆς
1540 1693 1570 1720 τὺ
1583 1693 1624 1727 ἐφ’
1639 1694 1714 1728 ἡμῖν,
1727 1692 1787 1718 οὗτε
1799 1690 1846 1718 τοῦ
1858 1690 1950 1725 σώμα-

1162 1749 1207 1771 τος
1226 1740 1256 1767 τὸ
1273 1740 1342 1767 κατὰ
1356 1739 1447 1774 φύσιν,
1463 1740 1523 1766 οὐδὲ
1541 1739 1594 1776 μὴν
1607 1739 1660 1766 τῶν
1676 1738 1773 1772 ἔξωθεν
1791 1737 1820 1777 τὸ
1835 1738 1905 1764 κατά
1918 1737 1949 1764 τὸ

1163 1786 1346 1822 συμὸεὸηκὺς,
1372 1786 1483 1818 ἐνδίκως
1497 1785 1529 1813 ἄν
1544 1795 1585 1818 τις
1610 1785 1757 1820 ἀποστεροῖ
1783 1783 1828 1811 τὸν
1850 1784 1946 1811 αἴτιον.

1162 1832 1227 1864 Θεὸς
1241 1832 1295 1868 γὰρ
1310 1831 1401 1864 αὐτὸς,
1416 1833 1430 1858 ό
1450 1832 1503 1858 τῶν
1530 1831 1607 1863 ὅλων,
1624 1831 1735 1858 καὶτῶν
1749 1830 1791 1866 ἐφ’
1810 1831 1887 1866 ἡμῖν,
1901 1831 1948 1856 καὶ

1162 1877 1215 1904 τῶν
1242 1877 1311 1904 κατά
1335 1877 1427 1910 φύσιν,
1452 1877 1499 1903 καὶ
1522 1876 1575 1903 τῶν
1606 1876 1676 1903 κατά
1701 1875 1871 1912 συμϐεϐηκὸς
1899 1876 1947 1912 δη-

1164 1923 1291 1960 μιουργὸς
1320 1923 1357 1950 ὢν
1395 1924 1596 1958 ἀποπέφανται.
1634 1923 1755 1950 Καθόλου
1793 1923 1848 1959 γὰρ
1884 1924 1947 1959 περὶ

1163 1969 1270 1996 πάντων
1290 1968 1438 1995 ἀκουστέον
1455 1968 1506 2004 τῆς
1530 1968 1621 1996 ἐνθέου
1646 1967 1767 2003 Γραφῆς,
1785 1968 1824 1999 τὸ,
1849 1967 1946 2000 arma;

1161 2013 1257 2045 ebur,
1267 2015 1316 2042 καὶ
1326 2014 1541 2050 ἐγεννήθησαν
1550 2014 1640 2047 αὐτὸς
1652 2014 1831 2046 ἐνετείλατο,
1847 2014 1896 2040 καὶ
1920 2012 1946 2038 ἐ-

1159 2059 1561 2097 κτίσθησανβποφηναμένης·
1572 2059 1603 2085 El.
1610 2058 1641 2093 δὴ
1647 2056 1692 2085 οὖν
1706 2059 1875 2096 βουλομένοις
1883 2059 1945 2087 ποτέ

1160 2116 1231 2140 τινα,
1243 2107 1324 2143 ἕτερα
1349 2107 1426 2142 παρὰ
1446 2106 1494 2142 τὴν
1511 2105 1649 2143 ἡμετέραν
1661 2106 1773 2142 γνώμην
1791 2106 1944 2141 συμὸαἱνει,

1160 2151 1348 2188 ὑπομνηστέον
1361 2151 1467 2183 αὐτοὺς,
1479 2150 1516 2182 ὡς
1541 2151 1595 2186 ἄρα
1610 2150 1682 2176 τοῦτ’
1694 2148 1728 2186 ἦν
1745 2151 1832 2177 ἐκεῖνο
1845 2149 1876 2175 τὸ
1889 2150 1942 2176 διτ-

1159 2197 1203 2224 τὸν
1215 2198 1262 2224 καὶ
1279 2197 1436 2233 έτερογενὲς
1449 2197 1497 2232 τῆς
1514 2198 1543 2223 ὲν
1558 2197 1624 2232 ἡμῖν
1637 2196 1806 2232 συμπλοκῆς,
1830 2195 1903 2230 λέγω
1913 2195 1944 2231 δὴ

327 2238 458 2271 universi,
473 2245 567 2264 eorum
590 2245 699 2272 quoque
718 2238 810 2270 simul,
831 2247 891 2273 qua:
912 2247 959 2266 seu
976 2239 1109 2267 libertatis

1162 2244 1207 2270 καὶ
1235 2243 1323 2279 ψυχῆς
1337 2243 1384 2270 καὶ
1415 2242 1550 2277 σώματος·
1573 2243 1638 2278 παρ’
1651 2242 1666 2269 ὃ
1691 2243 1737 2269 καὶ
1750 2242 1839 2277 ψυχῆς
1855 2241 1942 2271 οὐσία,

326 2286 427 2310 nostrae
445 2287 519 2314 sunt,
539 2290 585 2309 seu
601 2287 715 2315 naturae,
739 2291 786 2310 seu
812 2291 902 2317 casus,
918 2284 998 2320 247
1014 2289 1109 2312 auctor

325 2327 448 2354 omnium
466 2327 630 2362 molitorque
653 2328 815 2355 celebratur.
840 2328 909 2355 Nam
927 2330 992 2356 illud
1010 2329 1108 2357 divinae

327 2373 473 2407 Scriptura:
488 2372 520 2399 de
536 2372 608 2399 nulla
633 2380 662 2399 re
690 2381 743 2400 non
759 2373 945 2408 accipiendum
967 2379 1028 2401 est:
1049 2373 1108 2408 Ipse

323 2420 405 2450 dixit,
419 2423 443 2445 et
456 2418 527 2453 facta
542 2422 619 2451 sunt;
636 2419 782 2450 mandavit,
796 2424 820 2445 et
833 2425 922 2446 creata
935 2426 993 2446 sunt
1006 2420 1039 2446 ¹⁹.
1054 2419 1107 2447 lta-

327 2480 390 2506 que,
407 2473 429 2500 si
445 2471 556 2507 quando
574 2472 653 2499 nobis
671 2476 743 2499 certa
763 2472 887 2507 qutudam
909 2473 1106 2507 expetentibus,

328 2525 380 2552 alia
406 2531 503 2560 praeter
527 2526 693 2553 voluntatem
716 2525 859 2558 eveniant,
880 2525 1027 2552 admonere
1050 2531 1108 2552 tum

327 2578 379 2612 ipsi
396 2585 447 2605 nos
462 2579 602 2610 debemus,
617 2578 684 2605 illud
699 2578 826 2605 nimirum
841 2585 912 2609 esse,
925 2577 1043 2612 duplicis
1056 2577 1108 2604 hu-

323 2628 369 2662 jus
392 2632 491 2655 nostrae
507 2629 674 2664 diversaeque
694 2633 807 2662 naturae,
828 2629 961 2664 corporis,
980 2629 1104 2663 inquam,

325 2680 465 2715 animique
486 2682 696 2716 commercium;
719 2690 773 2717 quo
792 2682 848 2714 ﬁat,
870 2683 909 2709 uti
927 2687 954 2709 et
979 2683 1103 2714 animus,

325 2733 371 2767 qui
395 2738 491 2760 natura
516 2735 644 2769 spiritalis
660 2743 692 2763 ac
713 2735 818 2763 ratione
840 2735 968 2770 praeditus
990 2739 1041 2767 est,
1063 2735 1105 2762 in-

324 2786 410 2813 t'autili
428 2787 516 2813 adhuc
531 2795 578 2821 per
594 2793 719 2815 naturam
736 2796 850 2823 corpore
866 2789 987 2815 inclusus
1002 2792 1101 2822 praeter

361 2833 383 2849 "
394 2832 465 2860 Psal.
478 2841 562 2867 xxx",
580 2835 606 2862 9.

1159 2287 1208 2322 τὴν
1224 2287 1303 2321 φύσιν
1327 2285 1394 2313 οὖσα
1417 2286 1498 2322 νοερὰ
1522 2287 1569 2313 καὶ
1596 2286 1701 2321 λογικὴ,
1735 2287 1762 2312 ὲν
1786 2284 1944 2321 νηπιάζοντι

1159 2332 1229 2360 κατὰ
1244 2332 1323 2367 φύσιν
1340 2332 1445 2367 σώματι
1459 2332 1536 2367 παρά
1553 2331 1632 2366 φύσιν
1660 2331 1728 2367 αὐτὴ
1744 2331 1835 2366 χώραν
1847 2329 1943 2364 ἀλόγου

1161 2378 1313 2413 μετειληφε-
1332 2378 1379 2404 καὶ
1391 2377 1462 2409 νοῦς,
1480 2377 1494 2404 ό
1509 2377 1664 2412 φρονήσεως
1682 2377 1791 2408 οἰκεῖος,
1818 2376 1943 2412 ἀφραίνει

1160 2423 1288 2455 πολλάκις
1302 2423 1373 2451 κατά
1383 2432 1410 2449 τι
1427 2423 1607 2458 συμόεϐηκὸς,
1622 2423 1807 2458 παρατραπεὶς
1818 2423 1846 2448 ὲν
1862 2422 1944 2458 ὑπερ-

1159 2469 1328 2500 ϐαλλούσαις,
1347 2469 1424 2504 φέρε,
1436 2469 1559 2504 σώματος
1577 2468 1750 2503 ἀρρωστίαις.
1770 2467 1903 2498 Πολλάκις
1915 2467 1942 2493 δὲ

1159 2516 1205 2542 καὶ
1219 2515 1316 2551 γῆρας,
1330 2515 1442 2541 ἐπελθὸν
1458 2514 1563 2550 σώματι
1591 2513 1662 2541 κατά
1679 2513 1769 2548 φύσιν,
1793 2513 1848 2540 τῶν
1873 2514 1942 2539 κατά

1158 2561 1206 2596 τὴν
1220 2561 1312 2596 ἀκμὴν
1325 2560 1543 2596 κατορθωμάτων
1568 2559 1617 2595 τὴν
1631 2559 1748 2586 διάνοιαν
1761 2559 1941 2594 ἀπεστέρησε,

1157 2606 1207 2641 τῆς
1223 2606 1318 2641 νοερᾶς
1330 2606 1418 2641 ψυχῆς
1441 2606 1470 2632 τὸ
1484 2606 1591 2639 λογικὸν
1607 2606 1680 2642 παρά
1697 2606 1776 2640 φύσιν
1792 2605 1940 2640 ἀμϐλῦναν.

1159 2653 1250 2678 Δίκίαι
1263 2653 1284 2678 δ’
1297 2651 1329 2679 αὖ
1345 2653 1434 2684 πάλιν,
1460 2653 1506 2679 καὶ
1528 2652 1672 2688 ἀλγηδόνες
1698 2651 1832 2687 σώματος,
1845 2651 1940 2687 πηρώ-

1160 2707 1217 2729 σεις
1233 2706 1260 2724 τε
1275 2698 1460 2733 ὲπισυμῦᾶσαι
1473 2698 1547 2734 παρά
1561 2698 1651 2732 φύσιν,
1663 2698 1693 2724 τὸ
1704 2697 1882 2724 αὖθεκούσιον
1893 2697 1942 2731 τῆς

1157 2743 1245 2778 ψυχῆς
1260 2743 1336 2779 παρά
1358 2744 1388 2770 τὸ
1410 2743 1582 2779 συμὸεὸηκὸς
1607 2742 1775 2778 ὲξενίκησαν,
1803 2742 1941 2774 ὲνδούσαις

1157 2790 1215 2820 ταῖς
1235 2789 1362 2825 ἀλγηδόσι
1377 2789 1420 2816 διὰ
1431 2790 1480 2824 τὴν
1493 2789 1560 2824 πρὸς
1573 2789 1603 2815 τὸ
1622 2788 1701 2824 σῶμα
1721 2789 1889 2825 συμπλοκήν·
1905 2790 1942 2820 ὡς

358 2880 411 2915 (60)
433 2881 490 2915 Ὑφ’
512 2880 602 2916 ἡμῶν.
625 2881 739 2909 Dubium
764 2892 815 2910 non
838 2888 875 2910 est
890 2903 896 2915 ,
913 2884 976 2918 quin
995 2876 1096 2918 legend.

1169 2884 1209 2920 ἐφ’
1225 2885 1300 2918 ἡμῖν,
1319 2883 1453 2918 quomodo
1470 2883 1515 2910 alt.
1532 2891 1668 2911 mauuscr.
