2063 3211
155 152 204 181 ﬂ!

740 149 901 178 PREPAR.
924 150 1050 179 EVANG.
1070 148 1135 177 LIB.
1154 148 1199 178 Vl.

1217 96 1223 110 \

1733 152 1786 180 ιη

156 211 315 239 ἁλίσκεσθαι
330 210 388 247 (οι)
400 210 499 246 δεσμὸν
511 209 632 245 ἄφυκτον
645 209 772 245 ιμποδὼν
793 209 946 246 προϐεϐλῆ-

999 214 1124 237 naturam
1142 209 1201 244 ipse
1222 216 1312 242 suam,
1333 209 1361 236 in
1378 209 1486 238 ratione
1500 210 1655 238 carentium
1671 219 1785 239 numero

157 259 218 287 σθαι
227 259 266 294 τῷ
277 258 353 285 κατὰ
361 258 451 294 ψυχὴν
462 257 606 293 ἐλευθέρῳ,
628 258 689 284 τοτὲ
704 257 752 292 μὲν
763 258 813 292 τὴν
834 257 881 283 τοῦ
896 257 948 283 σώ-

158 314 240 341 ματος
253 305 349 340 φύσιν,
359 305 422 332 τοτὲ
439 304 467 331 δὲ
484 304 520 330 τὰ
537 303 615 335 ἐκτὸς
640 303 879 340 ὲπισυμϐαίνοντα.
895 300 948 329 Ἦν

150 352 184 379 ’δὲ
196 351 249 388 ἄρα
264 351 357 378 καὶτὸ
367 351 416 386 τῆς
429 351 470 384 ἐφ’
483 351 548 386 ἡμῖν
567 350 754 386 προαιρέσεως
766 350 804 380 είς
820 348 947 375 τοσοῦτον

155 396 222 433 ἧκον
236 397 351 432 ἀρετῆς,
368 396 416 423 καὶ
430 395 531 431 ίσχὺος,
544 395 582 426 ὡς
595 394 760 421 ἀντιϐαίνειν
776 394 822 420 ἐπὶ
843 392 948 419 πολλῶν

154 443 269 480 τολμᾷν,
290 443 338 469 καὶ
353 442 501 476 ἀντιλέγειν
514 442 546 476 τῇ
560 449 590 467 τε
602 440 648 467 τοῦ
667 439 792 475 σώματος
809 439 888 474 φύσει
901 439 947 465 καὶ

152 490 212 521 τοῖς
230 487 329 520 ἔξωθεν
349 486 602 522 ὲπισυμϐαίνουσιν.
622 487 654 513 Ἠ
670 486 718 521 μέν
736 494 767 520 γε
784 484 831 511 τοῦ
855 484 947 519 σώμα-

154 543 203 567 τος
213 534 294 569 φύσις
309 534 356 560 ἐπὶ
376 533 430 560 τῶν
460 533 623 569 ἀφροδισίων
639 532 726 568 ὁρμὴν
739 532 785 558 τὸν
803 531 887 566 ἄνδρα
904 540 950 557 κα-

154 579 207 606 λεῖ·
222 581 238 616 ὴ
254 580 283 606 δὲ
293 580 378 615 ψυχὴ,
393 579 464 613 λόγῳ
479 578 598 614 σώφρονι
622 578 729 613 χαλινὸν
741 577 896 613 ἐμϐαλοῦσα
910 576 949 611 τῷ

155 626 252 658 πάθει,
275 626 407 662 κρείττων
435 625 597 652 καθίσταται
613 625 662 660 τῆς
684 624 729 650 τοῦ
755 623 880 658 σώματος
896 623 948 658 φύ-

155 682 238 705 σεως.
256 673 311 699 Καὶ
323 672 404 699 πάλιν
417 673 433 707 ἡ
448 671 507 707 μὲν,
535 672 641 706 πεινῇν,
666 670 714 697 καὶ
738 670 827 705 διψῆν,
845 671 891 697 καὶ
909 672 949 705 ρι-

155 719 235 753 γοῦν,
249 718 297 745 καὶ
313 718 348 745 τὰ
361 717 474 745 τοιαῦτα
489 715 755 754 προσαναγκάζουσα
765 716 830 751 (62),
843 717 888 743 ἐπὶ
900 717 949 748 τὰς

155 765 228 792 κατὰ
243 764 322 799 φύσιν
334 764 481 799 θεραπείας
501 772 530 790 τε
548 763 595 790 καὶ
612 762 767 798 πληρώσεις
784 762 946 798 παρακαλεῖ·

155 812 173 846 ἡ
183 811 213 837 δὲ
229 811 401 846 προαίρεσις,
415 810 504 844 λόγοις
533 810 669 845 σώφροσιν
684 808 887 839 ἁναπεισθεῐσα,
903 809 948 835 καί

155 865 234 888 τινας
243 855 396 892 ἀπητικὰς
408 855 564 892 προτροπὰς
581 855 763 886 αὺθεκουσίως
771 855 946 890 ἀγαπήσασα,

155 903 341 939 πολυημέροις
352 903 471 934 ἀσιτίαις
496 903 543 929 καὶ
571 903 728 937 καρτερίαις
745 902 947 937 παρακρούεται

150 950 206 986 ’τὴν
216 949 264 976 τοῦ
277 949 402 985 σώματος
411 949 501 984 φύσιν,
511 949 595 984 ἀρετῇ
607 948 736 983 λογισμοῦ
749 948 863 983 κρίνασα
870 948 949 974 τοῦτο

155 997 204 1024 καὶ
222 995 347 1032 ἑλομένη.
362 996 417 1022 Καὶ
432 994 466 1022 αὖ
478 995 591 1030 πάλινὴ
608 994 656 1030 μὲν
671 994 742 1021 κατὰ
755 994 835 1029 φύσιν
849 995 948 1027 πάσαις

153 1045 265 1081 ἡδοναῖς
279 1045 368 1080 χαίρει
381 1044 428 1070 καὶ
443 1045 476 1079 τῇ
491 1043 550 1078 λείᾳ
575 1042 628 1069 τῶν
651 1042 794 1077 σωμάτων,
808 1043 824 1077 ή
838 1042 865 1069 δὲ
881 1051 947 1078 προ-

155 1092 264 1128 αίρεσις
276 1091 377 1127 ἀρετῆς
399 1090 533 1126 ἐπιθυμία
558 1090 603 1116 τὸν
620 1089 748 1116 ἐπίπονον
772 1090 819 1115 καὶ
846 1090 948 1125 τραχὺν

156 1138 300 1172 ἠσπάσατο
315 1137 383 1172 βίον.
399 1136 459 1162 Eia!
469 1136 498 1162 δὲ
509 1136 533 1162 οἳ
550 1135 595 1162 καὶ
611 1135 657 1161 ἐπὶ
680 1135 711 1161 τὸ
725 1137 816 1170 χεῖρον
833 1135 949 1171 τραπέν-

155 1193 211 1216 τες,
231 1182 398 1220 μετήλλαξαν
427 1182 476 1218 τὴν
499 1181 616 1216 φυσικὴν
633 1181 731 1217 χρῆσιν
756 1182 795 1213 εἰς
810 1180 858 1216 τὴν
874 1182 949 1217 παρὰ

157 1230 250 1264 φύσιν,
268 1229 382 1265 ἄρσενες
396 1229 425 1254 ὲν
439 1229 534 1264 ἄρσεσι
550 1228 599 1263 τὴν
613 1226 805 1261 ἀσχημοσύνην
818 1235 949 1261 κατεργα-

155 1275 277 1312 ζόμενοι,
294 1274 387 1306 οὕτως
401 1275 453 1311 ἄρα
469 1274 516 1301 καὶ
533 1275 566 1308 τῇ
581 1273 660 1307 φύσει
677 1273 707 1298 οὐ
725 1272 795 1299 κατὰ
810 1273 897 1299 πάντα
910 1274 949 1299 ὲν-

155 1322 265 1349 δεδωσιν
294 1322 308 1348 ὁ
334 1320 474 1356 λογισμὸς,
490 1320 586 1355 κρατεί
599 1320 626 1346 δὲ
641 1320 670 1345 ὲν
693 1319 839 1351 πλείστοις,
853 1319 891 1350 ὡς
902 1319 949 1345 καὶ

156 1369 310 1404 κρατεῖται,
325 1367 373 1394 καὶ
402 1367 463 1393 τοτὲ
489 1366 538 1401 μὲν
565 1365 645 1397 αὐτὸς
662 1365 733 1400 ἄγει,
748 1365 808 1392 τοτὲ
822 1365 850 1391 δὲ
869 1365 949 1396 αὐτὸς

155 1415 265 1448 ἄγεται·
277 1413 315 1445 ὡς
329 1413 376 1440 καλ⁸
389 1411 441 1448 πρὸ
453 1411 527 1447 ὥρας
539 1410 594 1437 ἔσθ’
604 1411 665 1437 ὁποι
678 1411 772 1446 χερσὶν
782 1411 948 1437 ἐπισπᾶσθαι

154 1468 206 1496 την
217 1458 378 1495 ἀπαλλαγὴν
403 1458 450 1484 τοῦ
477 1457 613 1493 σώματος,
639 1457 683 1483 ὅτε
703 1457 734 1483 τὸ
753 1456 801 1492 ζῇν
824 1457 896 1492 αὐτῷ
912 1457 948 1493 μὴ

151 1504 296 1537 λυσιτελὲς
313 1504 432 1540 κριθείη,
443 1504 474 1529 Et
488 1503 537 1538 μὲν
551 1500 597 1530 οὖν
611 1503 678 1538 πρὸς
693 1503 775 1538 μόνην
788 1503 837 1538 τὴν
847 1503 949 1530 οίκείαν

154 1551 204 1578 τοῦ
220 1550 347 1586 σώματος
360 1550 439 1585 φύσιν
453 1550 467 1577 ὁ
479 1550 533 1581 πᾶς
548 1549 622 1583 ἀγὼν
636 1547 669 1584 ἦν
681 1549 766 1584 αὐτῷ,
787 1549 899 1586 μέτριος
915 1550 948 1576 ἂν

154 1595 192 1633 ἦν
203 1593 291 1628 οὗτος
311 1596 371 1623 ἐπεὶ
387 1596 416 1622 δὲ
432 1595 480 1631 τὴν
497 1595 645 1626 πολιτείαν,
661 1595 707 1621 καὶ
726 1595 771 1621 τὸν
793 1596 821 1621 ὲν
846 1595 949 1631 ἀνθρώ-

157 1651 220 1674 ποις
231 1641 288 1677 βίον
299 1642 313 1667 ό
324 1641 389 1672 Θεὸς
403 1640 477 1676 αὺτῷ
492 1640 594 1676 μεταξὺ
611 1640 714 1667 πολλῶν
736 1640 947 1675 καταϐέϐληται,

155 1687 279 1722 ὠςμετὰ
290 1686 391 1722 θηρίων
417 1687 464 1713 καὶ
488 1685 610 1722 ἑρπετῶν
635 1686 754 1718 ἰοϐόλων,
781 1686 809 1712 ὲν
827 1686 902 1721 μέσῳ
918 1695 948 1712 τε

157 1732 247 1768 πρὸς
259 1731 306 1759 καὶ
322 1731 427 1763 ὓδατος,
439 1731 519 1767 ἀέρος
536 1740 564 1757 τε
582 1731 627 1757 τοῦ
643 1731 826 1766 περιέχοντος,
840 1732 886 1758 καὶ
896 1731 949 1758 τῶν

157 1780 187 1806 ιν
199 1778 306 1810 τούτοις
322 1778 407 1806 ἅπασι
420 1777 655 1813 παρηλλαγμένων
675 1778 722 1804 καὶ
734 1778 868 1813 διαφόρων
897 1778 948 1813 φύ-

157 1833 231 1852 σεων
238 1824 288 1856 τὰς
298 1823 438 1860 διατριϐὰς
456 1824 630 1859 πεποιῆσθαι·
645 1823 756 1854 εἰκότως
776 1824 848 1858 αὐτῷ
862 1825 878 1858 ἡ
893 1824 949 1851 δια-

159 1869 237 1906 μάχη
253 1869 301 1897 καὶ
317 1869 470 1906 ἡένστασις
483 1869 513 1895 οὺ
531 1868 598 1904 πρὸς
614 1869 663 1904 τὴν
681 1868 784 1896 οἰκείαν
800 1869 879 1904 μόνον
890 1870 948 1896 ἐστὶ

158 1917 208 1943 καὶ
220 1917 398 1952 συνημμένην
412 1915 558 1951 αὐτόνομον
573 1915 652 1949 φύσιν
665 1915 710 1941 τοῦ
726 1915 860 1950 σώματος,
882 1915 949 1942 ἀλλὰ

157 1963 208 1989 καὶ
227 1962 295 1999 πρὸς
322 1962 406 1998 μυρία
424 1962 458 1988 τὰ
469 1961 547 1993 ἐκτὸς
558 1960 760 1996 συμϐεϐηκότα,
777 1958 814 1987 ὧν
829 1962 858 1987 ὲν
874 1962 948 1996 μέσῳ

158 2009 193 2045 ζῇ
210 2010 226 2036 ὁ
239 2009 286 2036 τὸν
297 2007 392 2043 θνητὸν
412 2007 467 2043 βίον
480 2007 621 2041 διεξάγων,
644 2006 714 2032 ὥστε
725 2007 772 2033 καὶ
782 2007 850 2043 πρὸς
863 2007 948 2034 ταῦτα

157 2054 304 2090 καρτερῶς
315 2053 446 2089 ἀντέχειν.
458 2052 557 2079 Πολλαὶ
573 2052 637 2086 γοῦν
647 2058 659 2072 α
669 2052 715 2077 καὶ
725 2052 831 2078 τοιῶνδε
843 2053 948 2088 τροφῶν

159 2098 268 2134 φύσεις,
292 2098 340 2125 καὶ
364 2098 464 2124 τοιαίδε
496 2096 660 2132 συγκράσεις
687 2096 734 2123 τοῦ
760 2096 947 2131 περιέχοντος,

159 2144 278 2182 κρυμῶν
287 2153 317 2171 τε
335 2144 474 2179 ἐπιφοραὶ,
496 2143 543 2170 καὶ
565 2141 692 2177 φλογμῶν
707 2142 861 2173 ὲκκαύσεις.
874 2142 947 2168 πλεῖ-

160 2190 215 2218 σ’τὰ
225 2199 256 2216 τε
267 2189 335 2217 ἄλλα
348 2189 418 2216 κατά
430 2198 504 2221 τινας
521 2189 637 2219 οίκείους
650 2188 745 2222 λόγους
760 2187 880 2222 φυσικῶς
900 2188 947 2222 μὲν

1001 260 1159 283 censeatur:
1177 259 1204 282 et
1223 262 1311 288 mens,
1332 255 1411 289 cujus
1434 256 1543 290 propria
1565 257 1707 291 prudentia
1727 262 1786 287 est,

1001 302 1093 336 aliquo
1116 308 1237 336 persaepe
1261 308 1326 328 casu
1351 301 1455 332 deliret,
1477 302 1542 329 dum
1566 310 1626 330 eam
1649 304 1787 337 graviores

1000 347 1134 381 praecipue
1152 346 1277 380 corporis
1297 345 1383 372 morbi
1400 353 1449 373 sua
1467 346 1500 374 de
1516 347 1580 374 sede
1598 352 1718 375 movent.
1736 347 1785 375 Se—

1000 399 1095 418 necms
1113 392 1169 426 ipsa
1188 400 1308 426 quoque,
1328 397 1474 427 postquam
1494 398 1598 420 natura:
1615 393 1711 420 ordine
1725 401 1786 421 cor-

1000 445 1051 472 pus
1066 437 1174 468 invasit,
1192 442 1311 465 mentem
1326 438 1358 465 iis
1372 437 1700 474 solertiae'iacultatisque
1719 438 1784 466 viri-
1801 438 1804 442 “

1000 482 1061 513 bus,
1077 482 1175 516 quibus
1193 490 1242 516 per
1264 482 1395 517 integrant
1413 483 1502 512 adhuc
1514 488 1620 510 (etatem
1634 483 1786 511 ﬂorentem-

1001 535 1053 562 que
1068 529 1224 562 prmstabat,
1237 528 1356 563 spoliare
1373 529 1452 562 solet,
1467 534 1494 556 et
1512 529 1638 562 rationis,
1655 537 1716 564 qua:
1730 534 1785 557 tota

1001 573 1130 607 spiritalis
1147 573 1231 600 animi
1254 577 1305 605 est,
1322 578 1420 607 praeter
1437 579 1574 605 naturam,
1594 574 1680 601 aciem
1697 579 1786 601 retun-

1000 620 1072 646 dere.
1088 619 1159 652 Quin
1176 619 1258 646 etiam
1274 619 1360 654 plagae
1371 619 1535 654 doloresque
1547 619 1680 654 corporis,
1697 627 1785 647 mem-

999 665 1167 699 brorumque
1194 665 1411 696 debilitationes,
1445 673 1507 700 quae
1532 670 1629 700 praeter
1658 670 1784 693 naturam

1000 709 1175 745 contingunt,
1194 718 1258 737 casu
1283 710 1342 744 ipso
1356 710 1516 745 plerumque
1533 711 1617 737 animi
1634 710 1784 738 libertatem

999 761 1164 790 expugnant,
1181 757 1246 782 dum
1271 756 1294 782 is
1316 755 1441 790 corporis
1461 755 1590 782 sacietate
1610 755 1709 788 victus,
1726 762 1785 782 mo-

1000 802 1085 829 lestiis
1103 810 1213 837 quoque
1229 802 1423 836 doloribusque
1441 802 1524 829 cedit:
1546 809 1658 836 prorsus
1671 807 1700 829 ut
1729 809 1786 830 eer-

1001 853 1057 875 tum
1080 848 1107 875 id
1130 848 1356 882 exploratumque
1386 847 1538 879 habeatur,
1569 848 1680 875 liberam
1710 848 1784 875 illam

1000 894 1083 921 animi
1096 893 1265 926 facultatem,
1282 893 1381 928 partim
1401 899 1499 921 natura
1525 895 1659 928 corporis,
1685 894 1783 928 partim

998 940 1043 971 iis,
1060 947 1121 974 qua:
1139 940 1310 967 extrinsecus
1333 939 1470 972 accidunt,
1488 939 1606 974 quodam
1627 939 1707 974 quasi
1725 939 1784 966 vin-

998 986 1069 1018 culo,
1083 986 1155 1021 quod
1177 986 1273 1014 evitari
1295 990 1422 1020 nequeat,
1438 986 1606 1021 impeditam,
1620 991 1647 1014 et
1668 985 1786 1013 constri-

998 1036 1069 1067 cta‘m
1086 1031 1182 1058 teneri.
1197 1030 1359 1066 Quanquam
1372 1032 1507 1067 ejusmodi
1522 1031 1644 1067 profecto
1658 1039 1729 1066 smpe
1744 1036 1785 1059 est

998 1065 1104 1103 arbitrii
1126 1077 1212 1104 nostri
1235 1065 1320 1104 virtus
1344 1065 1425 1111 atque
1447 1065 1542 1110 robur,
1558 1082 1587 1104 ut
1605 1077 1631 1104 in
1647 1065 1784 1112 plerisque

999 1121 1090 1153 rebus,
1105 1126 1131 1149 et
1143 1126 1245 1150 natura:
1258 1123 1391 1157 corporis,
1405 1127 1431 1150 et
1449 1123 1656 1150 occurrentibus
1674 1122 1785 1150 aliunde

998 1168 1108 1196 casibus
1122 1175 1259 1203 opponere
1275 1175 1336 1196 sese
1367 1175 1403 1202 ac,
1419 1168 1546 1195 reluctari
1558 1168 1665 1195 audeat.
1681 1168 1785 1204 Quippe

999 1214 1135 1241 hominem
1149 1215 1221 1241 enim
1241 1215 1274 1242 ad
1292 1223 1384 1242 rerum
1403 1222 1578 1242 venerearum
1601 1215 1783 1249 appetentiam

998 1261 1122 1295 corporis
1139 1266 1235 1288 natura
1260 1261 1358 1288 trahit:
1385 1261 1493 1288 animus
1516 1268 1581 1288 vero
1600 1261 1785 1296 temperantiae

1000 1306 1111 1333 ductum
1139 1310 1166 1333 et
1192 1307 1337 1334 consilium
1363 1312 1492 1339 secutus,
1520 1306 1620 1342 injecto
1643 1306 1784 1342 cupiditati

1000 1350 1088 1384 freno,
1113 1352 1237 1386 corporis
1250 1356 1375 1379 naturam
1391 1352 1576 1387 impetumque
1597 1351 1706 1387 frangit.
1734 1351 1786 1380 Ea-

999 1397 1060 1424 dem
1076 1396 1157 1429 fame,
1170 1398 1225 1431 siti,
1243 1397 1343 1432 frigore
1358 1401 1405 1425 aut
1419 1399 1524 1426 caeteris
1540 1398 1566 1426 id
1582 1406 1667 1434 genus
1680 1398 1786 1425 ineomo

999 1443 1086 1472 modis
1112 1444 1177 1471 dum
1199 1449 1276 1478 urget
1297 1452 1329 1471 ac
1355 1445 1462 1479 premit,
1484 1445 1517 1471 ad
1538 1452 1570 1471 ea
1596 1453 1656 1479 qua:
1682 1449 1786 1472 natura:

999 1490 1174 1523 conveniant,
1201 1490 1368 1524 exquirenda
1393 1491 1530 1524 remedia,
1558 1491 1681 1526 satisque
1697 1491 1785 1518 ventri

1000 1535 1164 1569 faciendum,
1187 1537 1324 1564 hominem
1346 1536 1455 1563 excitat.
1479 1535 1610 1564 Voluntas
1630 1541 1724 1564 contra
1740 1544 1784 1563 se-

1001 1583 1155 1611 verioribus
1170 1584 1286 1611 adducta
1304 1583 1468 1616 rationibus,
1483 1588 1508 1611 et
1522 1584 1657 1619 religiosis
1669 1583 1784 1619 quibus-

1001 1630 1061 1656 dam
1080 1630 1315 1657 cohortationibus
1333 1635 1430 1664 sponte
1452 1631 1597 1665 susceptis,
1614 1631 1733 1658 nativam
1751 1630 1784 1658 il-

1000 1676 1054 1703 lam
1078 1676 1202 1711 corporis
1229 1676 1403 1710 cupiditatem
1425 1676 1544 1712 plurium
1575 1677 1655 1704 etiam
1679 1677 1784 1703 dierum

1001 1722 1089 1748 inedia
1107 1721 1304 1756 tolerantiaque
1319 1721 1414 1753 vincit,
1438 1722 1471 1748 ad
1488 1730 1548 1749 eam
1573 1722 1742 1750 subeundam
1758 1721 1785 1748 vi

1001 1769 1229 1801 ratiocinationis,
1243 1776 1275 1795 ac
1290 1773 1386 1804 suopte
1399 1768 1529 1796 instinctu
1543 1768 1712 1803 consilioque
1723 1776 1785 1803 per-

1001 1819 1085 1841 mota.
1105 1813 1238 1840 Similiter
1259 1818 1354 1840 natura
1373 1821 1422 1840 sua
1443 1821 1543 1849 corpus
1560 1814 1634 1840 omni
1658 1814 1784 1848 volupta—

1001 1866 1057 1888 tum
1070 1868 1178 1896 genere,
1193 1868 1225 1887 ac
1236 1860 1288 1887 levi
1300 1860 1430 1894 mollique
1443 1868 1586 1895 corporum
1602 1861 1784 1888 commotione

999 1908 1158 1935 delectatur.
1178 1906 1260 1941 248
1285 1906 1320 1932 At
1334 1906 1462 1933 voluntas
1486 1905 1577 1932 studio
1601 1905 1709 1932 virtutis
1731 1905 1784 1931 im-

999 1954 1078 1988 pulsa
1094 1952 1203 1979 dillicile
1224 1957 1306 1987 atque
1329 1959 1456 1986 asperum
1482 1951 1543 1978 vitae
1566 1959 1652 1984 genus
1678 1951 1783 1985 arripit.

999 1998 1058 2025 Jam
1076 1998 1270 2025 veroexistunt
1304 1997 1384 2023 etiam
1406 1996 1550 2031 aliquando
1573 1996 1705 2027 nonnulli,
1723 1997 1784 2031 qui,

1001 2045 1027 2071 in
1041 2044 1117 2078 pejus
1133 2043 1308 2077 deteriusque
1318 2042 1448 2076 prolapsi,
1462 2041 1612 2068 naturalem
1625 2048 1704 2067 nsum
1721 2049 1782 2068 cum

1000 2098 1043 2121 co,
1062 2097 1142 2125 quem
1164 2090 1274 2115 horreat
1292 2094 1398 2120 natura,
1415 2091 1592 2119 commutent,
1617 2094 1706 2114 mares
1721 2095 1783 2114 cum

1001 2136 1121 2163 maribus
1150 2135 1254 2162 libidini
1280 2134 1437 2161 lmdissima:
1463 2133 1644 2168 indulgentes.
1660 2132 1697 2159 Ita
1716 2134 1784 2160 ratio

1001 2190 1055 2209 non
1073 2189 1177 2216 semper
1199 2185 1302 2213 naturae
1316 2181 1397 2213 cedit,
1411 2179 1458 2207 sed
1482 2179 1508 2205 in
1527 2178 1664 2213 plerisque
1682 2178 1782 2209 vincit.

159 2235 320 2272 κινούμενα,
336 2235 510 2270 συμϐατικῶς
536 2234 564 2260 δὲ
588 2235 654 2269 ἡμῖν
676 2234 890 2269 προσπίπτοντα.
903 2234 948 2259 τά-

1001 2228 1191 2262 interdumquc
1207 2228 1334 2259 vincitur,
1351 2234 1382 2253 ac
1400 2225 1481 2252 modo
1493 2225 1586 2257 trahit,
1605 2225 1686 2251 modo
1702 2225 1783 2252 vicis-

159 2291 246 2319 ραχον
261 2281 294 2309 οὐ
306 2282 353 2309 τδν
363 2281 478 2317 τυχόντα
496 2280 535 2315 τῷ
545 2280 605 2307 καθ’
624 2281 698 2315 ἡμᾶς
719 2279 882 2314 αὐτεξουσίῳ
905 2279 948 2306 διὰ

158 2329 211 2363 τὴν
226 2327 295 2364 πρὸς
305 2323 339 2354 to
359 2326 438 2362 σῶμα
459 2325 618 2361 συμπλοκὴν
643 2324 808 2360 παρέσχηκε,
831 2325 880 2359 τῆς
895 2323 948 2349 τῶν

159 2373 304 2410 ἡμετέρων
318 2372 451 2408 σωμάτων
469 2371 576 2407 φύσεως
594 2371 644 2403 τὰς
669 2370 723 2397 τῶν
743 2369 840 2402 ἔξωθεν
855 2370 949 2404 ἐπιφο-

162 2420 211 2455 ρὰς
227 2419 278 2454 οὐχ
287 2418 484 2454 ὑπομενούσης,
497 2417 684 2453 κρατουμένης
699 2416 727 2442 δὲ
739 2416 785 2442 καὶ
797 2416 949 2451 νικωμένης

161 2465 214 2492 om
236 2464 290 2491 τῶν
309 2463 387 2495 ἐκτὸς
409 2463 479 2490 κατὰ
491 2463 571 2497 φύσιν
596 2462 697 2488 οίκείαν
724 2460 946 2495 ἐπιτελουμένων.

160 2510 246 2538 Πάλιν
262 2518 293 2536 τε
314 2507 360 2541 αὖ,
387 2508 482 2544 ἐπειδὴ
502 2508 569 2543 μετὰ
588 2507 720 2534 πλείστων
741 2507 844 2542 ἀνδρῶν
859 2506 948 2533 ποιού-

161 2555 233 2591 μεθα
247 2555 297 2587 τὰς
311 2554 462 2591 διατριϐὰς,
474 2554 498 2580 oi
524 2554 552 2580 δὲ
576 2554 623 2580 καλ⁴
641 2553 719 2579 αὐτοὶ
737 2553 787 2587 τῆς
802 2553 863 2586 ἴσης
884 2552 949 2587 ἡμῖν

158 2602 289 2638 λαχόντες
306 2601 410 2634 οὐσίας,
433 2600 463 2626 τὺ
489 2599 530 2634 ἐφ’
545 2600 610 2634 ἡμῖν
635 2599 725 2630 αὐτοῖς
744 2600 789 2624 ἐπὶ
815 2598 864 2632 τῆς
883 2597 949 2629 ἰδίας

148 2653 156 2694 ζ
199 2665 214 2679 ι
229 2659 280 2694 Γρ.
293 2657 357 2685 add.
371 2657 434 2692 ἢδη.
470 2664 474 2669 κ

149 2685 153 2703 ν
195 2685 258 2740 (61).
274 2685 480 2740 ’Λμᾳκεσὸριη
491 2703 518 2740 ld
539 2707 589 2740 est,
606 2702 780 2740 ἐλέγχεσθαι,
795 2700 947 2740 φαίνεσθαι,

161 2737 398 2775 ἀποδείκνύεσρςιι,
418 2737 544 2775 τῷλόγῳ
561 2738 711 2775 αἱρεῖσθαι,
726 2738 767 2764 vel
844 2737 949 2775 ἀνάγκη

162 2773 333 2811 ἐλέγχεσθαι.
349 2772 415 2811 Nam
433 2772 447 2800 6
462 2772 538 2808 λόγος
555 2772 635 2811 αἱρεζ,
657 2773 681 2811 id
695 2772 831 2811 esu-ratio
847 2772 950 2811 conuin-

161 2805 340 2844 εἱιξῖὶνάγκη
367 2805 655 2844 ὲλέγχειῄισεωξῂνία
667 2807 801 2844 [utendum
815 2811 871 2844 ἰέι.
889 2805 949 2844 -ΙΙρλ-

162 2840 249 2872 rodot.
263 2840 311 2871 lill.
331 2840 362 2874 il,
379 2840 470 2878 p.114
486 2843 514 2870 Ι).
528 2844 554 2874 Α,
569 2843 619 2868 Τὸν
635 2842 661 2868 δὲ
675 2842 705 2875 δὴ
722 2841 846 2878 ποταμὸν
857 2840 949 2878 τοῦτον

159 2882 204 2907 τὸν
219 2874 476 2915 παραῤῥέονὶα,κα“ι
490 2878 616 2914 ὲτέαρχον
632 2874 805 2904 συνεϐάλλετο
822 2874 890 2903 εἶναι
906 2877 949 2901 τὸν

1000 2275 1051 2302 sim
1070 2274 1186 2301 trahitur
1206 2283 1212 2300 ι
1239 2274 1306 2299 adeo
1316 2278 1346 2299 ut
1362 2273 1384 2298 si
1402 2271 1512 2306 quando
1531 2271 1709 2306 perniciosam
1725 2269 1783 2296 fore

999 2321 1082 2347 vitam
1098 2320 1216 2351 duxerit,
1233 2320 1359 2346 homines
1371 2319 1428 2353 ipsa
1446 2325 1643 2352 nonnunquam
1656 2316 1783 2343 manibus

999 2366 1122 2400 corporis
1136 2373 1195 2392 sese
1213 2365 1329 2392 vinculis
1345 2369 1407 2391 ante
1425 2368 1531 2397 tempus
1559 2362 1685 2396 expedire
1701 2369 1783 2389 cone-

1000 2417 1054 2438 tur.
1070 2411 1242 2446 Quanquam,
1264 2411 1286 2437 si
1309 2418 1369 2437 cum
1393 2410 1502 2444 propria
1515 2409 1646 2435 duntaxat
1661 2407 1782 2442 corporis

1000 2462 1096 2484 natura
1113 2456 1269 2484 luctandum
1285 2456 1335 2490 ipsi
1362 2455 1441 2487 foret,
1464 2455 1567 2481 modica
1584 2459 1656 2481 certe
1670 2454 1779 2489 quidem

1000 2507 1072 2531 esset
1089 2504 1141 2530 ista
1161 2502 1308 2529 contentio.
1326 2501 1403 2529 Nune
1421 2505 1526 2533 autem,
1551 2508 1613 2528 cum
1639 2500 1710 2538 Deus
1727 2500 1779 2527 hu-

1000 2557 1087 2576 manae
1104 2549 1165 2575 vitae
1182 2548 1310 2579 rationes,
1326 2555 1388 2574 cum
1405 2547 1466 2573 aliis
1482 2547 1617 2581 pleriSque
1628 2567 1634 2578 ,
1658 2546 1695 2573 uti
1712 2553 1781 2572 -cum

1001 2596 1064 2622 l‘eris
1084 2594 1278 2628 venenatisque
1307 2593 1489 2627 Set-pentibus,
1511 2592 1671 2627 conjunctas
1695 2592 1720 2619 ei
1751 2599 1783 2618 ac

1000 2698 1103 2724 Νεῖλον·
1113 2698 1157 2724 καὶ
1166 2698 1198 2732 δὴ
1206 2697 1253 2723 καὶ
1261 2697 1274 2722 ὁ
1285 2696 1360 2729 λόγος
1368 2695 1563 2732 οὖτωςγαξρέει,
1572 2693 1597 2732 id
1608 2698 1727 2732 S‘ElLllllll
1738 2700 1783 2732 ra-

1001 2735 1038 2760 tio
1055 2734 1134 2760 etiam
1144 2726 1200 2767 ipsa
1209 2726 1356 2758 convincit.
1368 2731 1438 2767 Idem
1458 2726 1531 2767 ibid._
1541 2737 1568 2767 p.
1589 2729 1638 2756 109
1690 2726 1782 2767 Ἧνᾶν

1000 2778 1025 2794 τι
1050 2763 1166 2798 τοιοῦτον
1186 2767 1276 2798 οὐδὲν,
1291 2767 1328 2797 ὡς
1344 2767 1360 2800 ἡ
1383 2765 1488 2799 ἀνάγκη
1511 2765 1626 2799 ἐλέγχει·
1642 2763 1783 2797 Ejusmodi

1000 2809 1064 2830 esset
1079 2803 1154 2833 nihil,
1165 2809 1191 2828 ut
1204 2801 1350 2828 necessaria
1358 2806 1381 2826 ct
1390 2800 1564 2834 ἀποδεικτική
1576 2800 1647 2825 ratio
1663 2800 1768 2833 probat.

1037 2838 1091 2873 (6'2)
1106 2835 1403 2873 ΙΙροσιιναγκιὶζουσιι.
1419 2835 1498 2873 Fprte
1513 2835 1616 2873 legend.
1631 2841 1785 2873 προσαναγ-

1001 2869 1142 2905 κασθείςᾱ,
1153 2869 1360 2900 nisisnbaudias
1371 2871 1400 2897 τὸ
1418 2870 1508 2906 σῶμα,
1522 2870 1563 2897 vel
1574 2870 1618 2896 τὸν
1631 2869 1781 2903 ἄνθρωπον.
