2063 3211
292 129 341 156 ηδ

588 125 722 154 EUSEBII
738 123 975 152 CESARIENSIS
994 123 1069 152 OPP.
1093 123 1183 151 PARS
1199 123 1230 151 ll.
1251 139 1285 143 —
1308 123 1558 152 APOLOGETICA.

1862 126 1897 152 £2
1902 128 1917 151 I

292 187 436 222 permistas
450 192 512 212 esse
528 184 660 212 voluerit:
676 191 739 211 eum
757 184 828 210 inter
844 183 944 218 ignem,
961 190 1067 218 aquam.

1123 182 1248 215 ἐξουσίας
1262 183 1455 218 ἀποφέρονται,
1484 183 1656 220 ὲλευθέρᾳτῇ
1677 183 1750 219 σφῶν
1774 183 1916 220 χρώμενοι

291 237 318 260 et
335 231 532 260 circumfusum
557 237 666 260 aerem,
692 229 807 263 illasque
828 233 942 256 naturas
966 236 1073 260 omnes,

292 284 346 306 tam
371 278 460 305 varias
482 281 590 309 tamque
612 274 786 310 multiplices,
808 282 869 309 quae
894 274 990 302 iisdem
1020 274 1074 301 cle-

290 325 389 352 mentis
405 323 587 354 continentur,
602 320 694 348 sedem
715 320 766 355 ipsi
781 320 1005 355 domiciliumque
1018 325 1074 347 sta-

290 369 390 396 tuerit:
407 368 506 394 mirum
520 365 640 400 profecto
656 373 709 392 non
723 370 775 399 est,
797 365 820 393 si
842 373 897 392 non
917 366 997 392 modo
1010 373 1072 393 cum

289 414 399 450 propria
412 413 613 447 conjunctaque
625 419 719 439 secum
735 411 857 446 ejusdem
880 411 1001 446 corporis
1020 419 1070 438 na-

289 468 360 493 tura,
388 467 448 495 qum
470 459 527 486 suis
555 458 660 493 legibus
680 458 739 492 ipsa
757 457 834 490 vivit,
855 464 937 491 grave
956 464 988 483 ac
1005 456 1074 483 dilIi-

288 507 339 535 cile
353 511 488 534 certamen
512 505 611 536 instet,
632 511 727 531 verum
747 503 830 530 etiam
852 510 915 530 cum
936 503 1072 530 sexcentis

290 551 351 579 aliis
365 551 536 578 extrinsecus
560 549 760 584 ingruentibus,
779 548 850 575 inter
868 555 929 582 qua:
948 547 1071 574 mortalis

289 599 372 625 homo
406 596 515 627 vivere,
541 593 873 629 snmmaquejitolerantia
897 593 951 620 vim
975 601 1070 620 eorum

288 643 422 670 sustinere
436 645 559 676 cogatur.
574 640 720 667 Enimvero
740 645 815 668 certa
832 646 941 674 quoque
961 644 1016 666 tum
1032 640 1071 666 ei-

287 689 382 715 borum
403 686 583 721 quorumdam
598 690 712 718 natura,
737 689 793 712 tum
814 684 875 712 coeli
897 684 1068 718 temperatio;

286 735 326 761 vis
340 734 404 760 item
417 732 549 766 frigorum
562 737 699 766 azstusque
710 731 877 766 ﬂagrantior,
892 730 998 764 aliaque
1010 737 1066 764 per-

286 780 381 812 multa,
399 784 427 805 nt
441 779 592 813 peculiares
608 777 740 812 quasdam
757 781 916 810 naturaeque
933 783 990 803 sua:
1004 783 1068 810 pro—

287 826 360 860 prias
376 825 491 852 habeant
506 829 596 850 motus
608 824 649 850 sui
666 823 796 855 rationes,
811 823 874 850 dum
899 827 988 849 tamen
1002 830 1067 849 casu

286 879 338 900 nos
356 871 498 903 invadunt,
516 870 746 905 perturbationem
764 869 882 896 libertati
900 873 1002 895 nostra:
1014 876 1067 895 non

286 917 424 952 vulgarem
446 915 542 943 all‘erre
561 915 658 947 solent,
684 919 794 949 propter
812 914 907 941 initam
931 914 983 942 sibi
1005 922 1067 942 cum

286 969 401 998 corpore
425 963 594 994 societatem,
612 962 691 996 cujus
714 966 809 988 natura
830 968 922 988 rerum
943 965 1068 987 externa-

287 1017 347 1036 rum
360 1009 477 1044 impetus
488 1008 558 1035 l'erre
570 1015 623 1035 non
635 1011 733 1042 potest,
747 1007 794 1034 sed
807 1007 842 1034 ab
854 1006 889 1033 iis
901 1014 982 1041 saepe,
997 1010 1068 1033 tam-

287 1055 337 1083 etsi
353 1061 456 1083 naturae
470 1063 526 1082 suae
543 1055 570 1082 vi
590 1054 665 1086 ﬁant,
686 1055 798 1081 omnino
824 1060 978 1089 superatur.
996 1053 1067 1080 Prae-

287 1107 370 1135 terea,
388 1102 518 1137 quoniam
538 1101 635 1135 degere
648 1109 698 1128 nos
710 1105 819 1135 oportet
832 1100 992 1134 versarique
1005 1107 1066 1127 eum

286 1147 431 1182 plurimis,
455 1146 528 1181 iique
550 1147 666 1174 similem
692 1150 792 1173 nostra:
811 1145 900 1173 sortiti
923 1149 1066 1179 naturam,

286 1193 359 1228 quod
385 1198 488 1220 nostrae
504 1192 641 1220 facultatis
662 1196 718 1224 est,
740 1199 790 1219 sua
807 1191 857 1226 ipsi
878 1191 1004 1218 auferunt
1017 1199 1067 1226 po-

286 1243 393 1272 testate,
410 1238 515 1266 arbitrii
532 1238 574 1266 sui
590 1239 713 1265 libertate
729 1237 770 1265 usi
785 1245 792 1264 :
807 1237 837 1264 lit
852 1237 944 1268 etiam.
962 1242 990 1264 ut
1004 1237 1068 1264 alie-

287 1293 328 1312 na:
344 1285 427 1313 simul
442 1285 573 1312 voluntati
590 1284 813 1315 succumbamus,
829 1283 893 1310 dum
910 1283 968 1318 ipsa
989 1283 1068 1310 nobis

287 1334 361 1360 hunc
384 1332 411 1359 in
432 1332 542 1359 modum
558 1332 599 1358 vel
618 1339 731 1366 corpore
755 1331 797 1359 v‘el
821 1331 994 1358 animotenus
1017 1330 1067 1357 ab-

286 1379 380 1406 utitur.
398 1378 628 1412 Quemadmodum
642 1378 713 1405 enim
727 1377 761 1405 ab
780 1377 813 1405 iis
824 1385 886 1412 qua:
899 1377 1067 1404 extrinsecus

285 1425 423 1457 eveniunt,
451 1424 573 1459 corporis
598 1432 668 1459 saepe
689 1423 776 1451 nostri
809 1429 906 1450 natura
934 1423 1065 1457 vincitur,

286 1470 323 1497 ita
347 1470 472 1497 voluntas
497 1470 554 1505 ipsa
577 1477 773 1505 nonnunquam
801 1470 935 1497 sexcentis
952 1469 1066 1496 aliorum

285 1515 460 1550 opinionibus
492 1515 691 1550 sententiisque
726 1515 841 1550 iactata,
882 1520 977 1550 sponte
1005 1515 1067 1542 licet

285 1560 367 1596 25.9
379 1561 547 1595 arbitrioque
560 1567 626 1592 suo,
644 1559 775 1598 voluntati
791 1564 880 1586 tamen
900 1558 1067 1586 obseeundat

285 1607 389 1633 alienre.
408 1606 447 1633 lta
466 1606 561 1633 melior
583 1606 641 1640 ipsa
655 1605 746 1638 modo,
763 1605 843 1632 modo
857 1604 973 1632 deterior
983 1603 1066 1632 eﬂici-

286 1657 339 1679 tur.
360 1651 546 1686 [inproborum
561 1651 633 1678 enim
644 1650 839 1678 consuetudine
854 1651 948 1677 vitium
963 1654 1069 1677 contra-

286 1697 377 1725 himus
387 1716 394 1729 ,
418 1696 647 1732 quemadmodum
658 1695 791 1724 eﬂicimur
804 1696 960 1730 proborum
969 1703 1019 1722 usu
1035 1703 1068 1723 ac

284 1743 415 1770 societate
437 1742 573 1770 meliores.
609 1741 785 1775 Corrumpunt
801 1741 871 1768 enim
890 1749 974 1768 mores
989 1741 1067 1768 bonas

284 1788 414 1823 colloquia
431 1787 501 1815 mela
508 1788 530 1804 ³⁰
543 1796 551 1814 :
567 1787 677 1822 perinde
689 1786 827 1818 nimirum,
837 1786 876 1813 uti
888 1785 1006 1812 virorum
1020 1786 1068 1813 bo-

285 1841 382 1861 norum
399 1840 560 1869 congressus
582 1833 709 1860 virtutem
731 1831 810 1859 nobis
824 1831 925 1866 pariter
938 1831 1067 1858 salutem-

285 1885 339 1912 que
353 1877 489 1906 conciliat.
520 1877 630 1909 Verum,
647 1881 677 1904 ut
699 1876 781 1904 animi
797 1875 912 1904 facultas
926 1875 971 1903 illa
985 1876 1068 1902 ratio-

286 1925 328 1952 llis
346 1931 476 1959 compos,
502 1924 599 1952 alienis
623 1931 693 1958 saepe
718 1922 808 1950 verbis
822 1927 903 1958 atque
916 1922 1067 1949 rationibus

285 1970 338 1998 huc
361 1970 479 2004 illucque
501 1974 624 1997 versetur
647 1978 654 1996 :
673 1969 757 1996 vincit
782 1973 873 1996 tamen
898 1976 948 1996 sua
969 1967 1068 1994 virtute

285 2022 496 2050 nonnunquam,
531 2015 641 2049 vimque
673 2015 752 2049 plane
779 2014 898 2042 divinam
927 2013 1065 2045 ostendit;

285 2062 392 2096 quoties
413 2062 544 2088 adversus
569 2065 695 2088 externos
720 2061 837 2088 assultus
863 2067 957 2087 omnes
981 2058 1066 2086 obﬁr-

286 2111 380 2137 mata,
410 2109 624 2139 cunctorumque
650 2105 733 2132 libera
752 2105 869 2140 quadam
897 2105 1067 2139 iugenuaque

284 2151 436 2178 constantia
455 2151 563 2183 \ietrix,
586 2150 653 2177 nihil
669 2158 781 2185 usquam
805 2151 903 2177 virium
926 2151 1066 2178 remittens

285 2203 396 2223 suarum
409 2216 416 2227 ,
433 2196 466 2223 ad
481 2199 590 2224 strenue
606 2196 849 2230 philosophandum
876 2204 936 2223 sese
953 2204 1064 2231 compa-

285 2245 336 2268 rat.
364 2240 441 2274 Quod
459 2241 578 2268 studium
596 2241 660 2268 dum
680 2242 738 2276 ipsa
754 2242 873 2277 negligit,
890 2250 904 2269 a
924 2242 1065 2269 deteriori—

286 2287 336 2315 bus
351 2287 465 2322 pchime
488 2287 580 2315 haberi
603 2287 725 2322 allicique
737 2288 819 2320 solet;
838 2289 1064 2322 quemadmodum

285 2333 419 2360 exteriore
434 2334 506 2360 cultu
524 2334 655 2368 perpolita
668 2353 675 2366 ,
703 2334 813 2368 majoris
831 2334 857 2360 in
874 2334 931 2361 dies
947 2335 1066 2369 probita-

287 2379 320 2406 tis
334 2379 489 2407 aceessione
503 2380 666 2407 cumulatur.
676 2379 746 2413 Quid
757 2387 839 2414 porro
855 2387 1066 2408 commemorare

287 2426 397 2457 attinet,
417 2429 446 2452 ut
467 2430 601 2452 certorum
623 2426 802 2460 quorumdam
826 2431 853 2453 ct
872 2426 1024 2452 animorum
1040 2431 1067 2452 et

287 2478 430 2504 corporum
445 2475 491 2498 aut
503 2477 666 2506 proventus,
682 2476 728 2498 aut
741 2471 862 2506 penuria,
877 2471 983 2498 tametsi
1000 2479 1065 2499 casu

287 2514 404 2547 quodam
420 2518 452 2542 ad
467 2517 585 2543 universi
604 2517 825 2551 gubernationem
851 2518 959 2552 proprie
974 2517 1065 2544 confe-

289 2564 338 2590 rat,
356 2560 468 2595 ejusque
486 2562 572 2588 ordini
589 2563 716 2597 praeclare
730 2563 841 2590 omnino
855 2564 1006 2596 conveniat,
1021 2568 1064 2591 ta-

321 2605 343 2620 “
357 2604 367 2631 Ι
379 2606 440 2633 Cor.
455 2615 500 2640 xv,
513 2608 557 2635 55.

323 2658 336 2671 ιι
356 2649 399 2675 ἷσ.
413 2648 467 2676 ὅτε.

311 2695 376 2738 ,(65)
397 2697 517 2738 ὀμιλίαι
541 2702 637 2729 κακαί.
670 2701 888 2738 ΠοολΜεηοηᾱτί
914 2702 1064 2733 versiculo,

287 2735 336 2774 τῖες.
348 2733 500 2774 σιεηζιὶνσίιπιςξ
516 2737 631 2774 prpprie,
648 2737 694 2763 καὶ
710 2736 759 2768 τὰς
776 2738 980 2774 συμπεριφορὰς
994 2738 1064 2774 Apo-

287 2768 372 2807 stolus
392 2768 620 2807 intelligit._Rr(-te
639 2776 727 2807 tamen
747 2768 845 2806 vulgat.
868 2768 994 2806 interpr...
1011 2768 1065 2798 ἐοί-

286 2800 392 2842 ίοίίιιίίη
408 2800 560 2842 ﬁuntenim
583 2806 626 2831 διὰ
646 2805 732 2842 λόγων
753 2800 1064 2842 ροῦδδίπιυιηδαίπρὸς

286 2835 415 2878 ἀλλήλους
427 2839 528 2878 ὁμιλίαι
542 2849 548 2866 :
567 2848 615 2867 net.
630 2835 689 2867 alio'
702 2835 760 2868 fere
778 2842 831 2868 telo
845 2835 952 2878 gravius
967 2835 1064 2878 tenerae

287 2872 372 2898 adhuc
391 2878 417 2900 et
440 2873 547 2901 illibatae
572 2879 684 2909 mentes,
710 2884 790 2911 ιειωηι
812 2872 918 2911 procaci
939 2876 1063 2904 oratione

1125 228 1284 264 προαιρέσει
1296 228 1381 265 ταύτῃ
1391 229 1472 256 πάλιν
1483 230 1595 261 εἰκότως
1604 230 1650 257 καὶ
1659 232 1719 261 ταῖς
1731 231 1831 266 ἑτέρων
1844 230 1915 264 γνὼ-

1126 283 1189 308 μαις
1213 274 1422 309 ὑποκεισὸμεθα,
1447 274 1494 300 τοῦ
1514 274 1603 301 αὐτῶν
1616 275 1725 301 ἐκείνων
1737 275 1913 307 αὑτεξουσίου

1124 317 1174 347 ὧδέ
1190 329 1249 352 πως
1261 322 1327 356 ἡμῖν
1344 322 1413 348 κατὰ
1438 321 1485 349 τοῦ
1505 321 1630 357 σώματος
1645 321 1661 356 ἢ
1679 322 1742 357 περὶ
1760 322 1808 357 τὴν
1823 322 1914 357 ψυχὴν

1123 367 1274 402 χρωμένου.
1295 367 1399 403 ’Ὥσπερ
1423 367 1478 403 γὰρ
1506 366 1522 400 ἡ
1551 367 1598 394 τοῦ
1627 367 1751 402 σώματος
1765 367 1842 402 ἡμῶν
1859 367 1913 402 φύ-

1124 421 1165 444 σις
1180 414 1288 439 νικᾶται
1311 413 1440 444 πολλάκις
1457 412 1526 448 πρὸς
1547 412 1600 438 τῶν
1624 412 1722 444 ἔξωθεν
1743 413 1912 439 ὑποπιπτόν-

1122 467 1192 490 των,
1224 458 1309 490 οὕτως
1340 456 1416 485 ἐστὶν
1446 459 1491 484 ὅτε
1517 459 1563 485 καὶ
1592 458 1761 494 προαίρεσις,
1785 458 1835 484 ὑπὸ
1857 468 1910 494 μυ-

1123 505 1188 540 ρίων
1199 504 1298 537 ἔξωθεν
1320 504 1497 540 ἐνοχλουμένη
1520 504 1714 539 προαιρέσεων,
1744 504 1912 539 αὐτεξουσίῳ

1121 550 1217 587 γνώμῃ
1235 551 1386 583 πεισθεῖσα,
1405 550 1504 586 ἑαυτὴν
1516 552 1572 582 τοῖς
1587 550 1685 583 ἔξωθεν
1699 550 1835 576 ὲπιδίδωςι
1845 559 1851 565 ·
1863 551 1912 577 καὶ

1120 597 1181 623 τοτὲ
1197 597 1246 632 μὲν
1261 597 1389 633 βελτίων,
1411 597 1472 624 τοτὲ
1491 597 1520 623 δὲ
1537 597 1636 632 χείρων
1658 596 1841 623 ἀποτελεῖταιο
1855 594 1910 624 οἶδε

1121 643 1175 679 γὰρ
1186 643 1313 669 συνουσία
1328 643 1414 678 φαύλη
1429 643 1567 674 κακύνειν,
1581 642 1675 678 ὥσπερ
1692 640 1725 669 αὖ
1747 642 1826 669 πάλιν
1846 644 1910 669 τοὺ-

1120 687 1224 714 ναντίον
1233 688 1318 713 ποιεῖν
1326 687 1452 722 ἀμείνους
1460 687 1512 714 τῶν
1529 687 1617 714 καλῶν
1628 687 1731 722 ὁμιλία.
1751 688 1911 722 Φθείρουσι

1120 734 1175 769 γὰρ
1187 733 1243 768 ἤθη
1256 734 1373 768 χρηστὰ
1399 734 1511 767 ὁμιλίαι
1533 733 1624 761 κακαί
1645 733 1717 768 (65)·
1743 733 1836 770 ὥσπερ
1861 733 1911 761 οὗν

1120 781 1166 807 καὶ
1181 780 1294 813 σώζουσι
1309 779 1460 815 βελτιοῦσαι
1468 779 1523 806 τῶν
1533 779 1643 814 ἀγαθῶν
1654 781 1681 807 αἱ
1694 781 1842 807 συνουσίαι.
1852 781 1910 808 Καὶ

1119 827 1206 861 λόγοις
1224 827 1272 863 μὲν
1289 828 1305 862 ἡ
1323 827 1416 862 λογικὴ
1428 827 1479 861 τῆς
1493 826 1582 861 ψυχῆς
1595 826 1708 862 δύναμις
1732 827 1786 854 τῶν
1809 827 1910 860 ἔξωθεν

1086 859 1106 886 Β
1122 859 1369 907 ἐπισυμδαινόντων
1384 859 1436 898 ὦδέ
1451 859 1508 903 πως
1593 859 1801 906 τῇδε-φέρεταν
1821 859 1909 906 ἰσχύει

1121 918 1148 945 δὲ
1165 918 1244 945 πάλιν
1256 918 1344 945 οἰκεία
1357 917 1403 944 καὶ
1419 917 1530 952 λογικῆς
1541 917 1635 948 οὐσίας
1646 916 1729 952 ἀρετὴ
1738 938 1744 949 ,
1769 917 1815 943 καὶ
1833 916 1908 943 θείαν

1120 963 1158 996 ὼς
1183 963 1290 999 ἀληθῶς
1309 963 1356 990 καὶ
1382 962 1485 998 θεοειδῆ
1500 962 1548 998 τὴν
1570 962 1683 997 δύναμιν
1708 962 1906 989 ἐπιδείκνυται·

1121 1010 1160 1036 ὅτι
1174 1015 1186 1029 ιι
1203 1009 1270 1046 πρὸς
1287 1009 1374 1035 πάντα
1385 1009 1418 1036 τὰ
1432 1009 1510 1041 ἐκτὸς
1524 1009 1683 1044 ἀντέχουσα,
1697 1009 1743 1035 καὶ
1766 1009 1799 1036 τὰ
1818 1009 1908 1035 πάντα

1121 1056 1254 1092 ἐλευθέρῳ
1271 1057 1423 1092 φρονήματι
1437 1055 1621 1091 ὑπερνικῶσα,
1635 1054 1701 1090 πρὸς
1716 1054 1789 1081 οὐδὲν
1799 1055 1848 1090 τῆς
1869 1055 1909 1081 οἰ-

1121 1103 1196 1134 κείας
1213 1102 1312 1138 ἀρετῆς
1335 1101 1466 1137 ὑφιεμένη
1477 1122 1484 1133 ,
1503 1101 1656 1135 φιλοσοφεῖν
1673 1100 1906 1136 παρεσκεύασται.

1122 1149 1191 1174 Ὅσα
1201 1156 1233 1182 γε
1247 1147 1298 1183 μὴν
1317 1147 1370 1183 (64)
1387 1147 1523 1182 ὀλιγωρεῖ,
1539 1146 1590 1173 ὑπὸ
1601 1146 1655 1173 τῶν
1666 1146 1794 1181 χειρόνων
1807 1145 1840 1172 τὰ
1852 1146 1908 1181 χεί-

1123 1202 1200 1230 ριστα
1215 1192 1372 1225 διατίθεται,
1383 1191 1477 1227 ὥσπερ
1491 1189 1536 1218 οὖν
1550 1192 1596 1218 καὶ
1612 1190 1761 1226 βελτιοῦται
1779 1191 1828 1226 τῆς
1840 1190 1908 1217 ἔσω-

1121 1240 1166 1268 θεν
1184 1239 1354 1275 τυγχάνουσα
1376 1238 1544 1273 ὲπιμελείας.
1561 1238 1593 1264 Τί
1614 1237 1665 1273 χρὴ
1677 1238 1766 1272 λέγειν
1783 1238 1830 1264 ἐπὶ
1844 1237 1907 1264 τού-

1120 1295 1186 1317 τοις,
1197 1285 1234 1317 ὡς
1251 1285 1297 1312 καὶ
1314 1284 1395 1320 φοραὶ
1418 1285 1466 1310 καὶ
1491 1283 1600 1319 ἀφορίαι
1624 1282 1731 1309 τοιῶνδε
1755 1282 1848 1318 ψυχῶν
1859 1280 1908 1309 καὶ

1121 1331 1264 1367 σωμάτων,
1277 1330 1347 1357 κατά
1359 1339 1419 1356 τινα
1431 1330 1597 1366 περίπτωσιν
1608 1329 1714 1361 οἰκείως
1728 1330 1760 1364 τῇ
1777 1329 1824 1355 τοῦ
1836 1338 1906 1355 παν-

1120 1377 1164 1409 τὸς
1179 1376 1309 1411 διοικήσει
1327 1374 1542 1409 συντελούμεναι,
1556 1372 1596 1409 ,εὖ
1612 1382 1642 1400 τε
1659 1374 1705 1400 καὶ
1727 1373 1813 1410 ὀρθῶς
1827 1373 1907 1409 ἐχου-

1122 1431 1166 1449 an
1184 1422 1223 1457 τῷ
1236 1422 1326 1453 παντὶ,
1338 1421 1465 1456 πλείστην
1475 1421 1541 1456 ὅσην
1554 1422 1609 1452 τοῖς
1622 1421 1692 1447 κατὰ
1710 1420 1801 1455 μέρος,
1813 1420 1861 1446 καὶ
1874 1419 1906 1455 δὴ

1121 1469 1228 1499 καὶτοῖς
1239 1468 1280 1502 ἐφ’
1291 1469 1355 1503 ἡμῖν
1365 1468 1490 1498 παντοίας
1499 1467 1630 1502 κινήσεως
1644 1466 1801 1501 περιουσίαν
1809 1466 1906 1499 ἀπειρ-

1120 1515 1252 1549 γάσαντο;
1268 1514 1338 1540 Πᾶσι
1363 1513 1391 1540 δὲ
1419 1512 1532 1540 καθόλου
1559 1513 1615 1543 τοῖς
1629 1510 1686 1538 οὖσι
1700 1532 1707 1544 ,
1724 1512 1780 1543 τοῖς
1793 1520 1823 1538 τε
1839 1517 1905 1546 παρ’

1118 1561 1191 1596 ἡμᾶς
1205 1559 1366 1595 γινομένοις,
1382 1559 1428 1586 καὶ
1441 1559 1515 1595 παρὰ
1527 1559 1574 1594 τὴν
1593 1558 1728 1594 ἡμετέραν
1742 1557 1840 1590 αἰτίαν,
1857 1557 1906 1585 καὶ

1118 1608 1174 1638 τοῖς
1189 1605 1287 1639 ἔξωθεν
1300 1605 1370 1632 κατὰ
1385 1604 1556 1640 συμϐεϐηκὸς
1565 1603 1681 1635 ἐπιοῦσι,
1698 1605 1755 1635 τοῖς
1773 1612 1803 1630 τε
1826 1612 1905 1638 φυσι·

1117 1652 1173 1683 κῶς
1188 1651 1400 1687 ὲνεργουμένοις,
1421 1650 1470 1686 μία
1486 1649 1626 1685 παναλκὴς
1639 1650 1685 1676 καὶ
1702 1649 1905 1684 παντοδύναμος

1118 1699 1258 1725 ἐπιστατεῖ
1271 1699 1287 1732 ἡ
1302 1696 1346 1722 διὰ
1354 1696 1461 1723 πάντων
1475 1695 1692 1732 ὲπιπορευομένη
1699 1695 1745 1722 τοῦ
1758 1695 1826 1722 Θεοῦ
1839 1695 1905 1731 πρό-

1118 1752 1188 1776 νοια,
1204 1744 1220 1779 ἢ
1236 1743 1284 1769 καὶ
1299 1742 1333 1769 τὰ
1349 1743 1463 1769 πλεῖστα
1479 1742 1627 1778 θειοτέροις
1643 1742 1707 1777 ἡμῖν
1728 1750 1756 1768 τε
1775 1742 1906 1777 ἀρρήτοις

1117 1790 1253 1824 οἰκονομεῖ
1277 1788 1376 1822 λόγοις,
1405 1788 1521 1822 εὐηνίως
1550 1787 1579 1814 τὸ
1608 1788 1662 1813 πᾶν
1686 1785 1902 1822 διακυϐερνῶσα,

1119 1835 1202 1862 πολλά
1216 1843 1246 1861 τε
1272 1834 1318 1861 καὶ
1330 1833 1383 1860 τῶν
1398 1834 1468 1861 κατὰ
1481 1834 1559 1869 φύσιν
1582 1834 1628 1860 ἐπὶ
1644 1833 1674 1860 τὺ
1686 1833 1824 1869 προσῆκον
1847 1835 1904 1866 τοῖς

1117 1883 1222 1918 καιροῖς
1239 1881 1493 1917 μετασκευὰζουσα,
1522 1881 1689 1917 συνεργοῦσά
1707 1890 1735 1907 τε
1764 1881 1811 1908 καὶ
1834 1889 1903 1916 συμ-

1118 1928 1272 1964 πράττουσα
1287 1928 1344 1960 τοῖς
1358 1927 1400 1962 ἐφ’
1416 1929 1491 1963 ἡμῖν,
1505 1928 1552 1954 καὶ
1573 1929 1628 1959 τοῖς
1642 1929 1720 1959 sub;
1733 1927 1814 1954 πάλιν
1833 1935 1902 1963 crop.-

1117 1975 1237 2002 ϐαίνουσι
1250 1975 1298 2010 τὴν
1315 1974 1426 2001 δέουσαν
1443 1974 1520 2008 τάξιν
1531 1975 1716 2010 ἀπονέμουσα.
1737 1974 1845 2001 Τούτων
1862 1975 1902 2006 εἰς

1116 2021 1178 2057 τρία
1200 2020 1293 2047 τοῦτον
1311 2020 1481 2056 διῃρημένων
1493 2021 1537 2047 τὸν
1563 2021 1675 2056 τρόπον,
1702 2020 1742 2052 είς
1766 2029 1794 2047 τε
1809 2020 1844 2047 τὰ
1858 2020 1902 2055 ἐφ’

1116 2068 1192 2102 ἡμῖν,
1211 2067 1258 2093 καὶ
1280 2066 1315 2093 τὰ
1338 2066 1409 2093 κατὰ
1429 2066 1510 2101 φύσιν
1540 2066 1681 2102 γινόμενα,
1711 2066 1745 2092 τά
1776 2075 1805 2092 τε
1832 2066 1902 2092 κατὰ

1117 2112 1289 2148 συμὸεῆηκὺς
1300 2133 1308 2145 ,
1326 2112 1433 2140 πάντων
1455 2121 1486 2139 τε
1510 2113 1551 2147 ἐφ’
1563 2113 1611 2139 ἕνα
1626 2113 1704 2146 λόγον
1723 2112 1768 2138 τὸν
1789 2113 1820 2138 ἐχ
1833 2111 1901 2138 Θεοῦ

1117 2159 1215 2195 βουλῆς
1230 2159 1520 2194 ἀνακεφαλαιουμένων
1531 2168 1537 2174 ⁸
1557 2159 1672 2194 οὐδαμοῦ
1689 2159 1737 2194 μὲν
1751 2160 1765 2185 ὁ
1784 2159 1848 2194 περὶ
1867 2159 1902 2184 εί-

1081 2217 1104 2246 D
1119 2205 1260 2240 μαρμένης
1269 2205 1358 2240 χώραν
1369 2204 1424 2236 ἕξει
1437 2204 1525 2238 λόγος.
1539 2204 1646 2231 Γένοιτο
1659 2205 1681 2230 δ’
1693 2204 1726 2230 ἂν
1737 2205 1802 2239 ἡμῖν
1818 2205 1900 2240 εὑρη·

1118 2250 1186 2285 μένη
1203 2250 1249 2276 καὶ
1263 2251 1279 2285 ἡ
1294 2250 1370 2285 παρὰ
1390 2251 1446 2281 τοῖς
1469 2250 1575 2282 πολλοῖς
1588 2249 1760 2285 ἀπορουμένη
1779 2250 1828 2284 τῆς
1851 2258 1894 2276 κα-

1116 2295 1178 2326 κίας
1189 2295 1273 2330 πηγὴ,
1287 2296 1315 2322 ὲν
1328 2295 1414 2322 οὐδενὶ
1431 2296 1479 2331 μὲν
1490 2295 1580 2331 χώραν
1594 2295 1691 2330 ἔχουσα
1702 2295 1756 2321 τῶν
1771 2295 1839 2322 κατὰ
1851 2295 1894 2329 φύα

1117 2349 1170 2372 σιν,
1185 2340 1240 2367 οὔτ’
1264 2342 1292 2367 ἐν
1307 2340 1440 2376 σώμασιν,
1455 2341 1510 2367 οὔτ’
1528 2342 1556 2367 ὲν
1568 2341 1672 2373 οὐσίαις
1692 2342 1899 2375 πνευματικαῖς,

1117 2387 1213 2414 πολλοῦ
1224 2387 1264 2414 δεῖ
1277 2387 1330 2422 (65)
1351 2388 1380 2413 ὲν
1392 2388 1446 2420 τοῖς
1460 2386 1530 2414 κατὰ
1546 2386 1717 2422 συμΰεόηκὸς
1730 2386 1828 2418 ἔξωθεν
1841 2387 1899 2412 ἑπι-

1115 2435 1282 2470 γινομένοις·
1310 2433 1432 2468 εὑρεθείη
1451 2433 1473 2459 δ’
1493 2433 1525 2459 ἂν
1543 2433 1572 2459 ἐν
1592 2432 1659 2468 μόνῃ
1681 2433 1714 2467 τῇ
1739 2432 1788 2466 τῆς
1812 2431 1899 2466 ψυχῆς

1116 2479 1336 2515 αὺτοπροαιρέτῳ
1364 2481 1468 2514 κινήσει
1494 2479 1541 2505 καὶ
1562 2479 1590 2504 ἐν
1606 2477 1692 2512 ταύτῃ
1704 2477 1754 2512 οὐχ
1765 2477 1808 2503 Ek;
1830 2477 1901 2502 κατὰ

1117 2525 1195 2560 φύσιν
1213 2524 1354 2560 βαδίζουσα
1365 2523 1413 2558 τὴν
1429 2523 1536 2550 εὐθεῖαν
1550 2522 1647 2554 ὁδεύει,
1663 2522 1720 2549 ἀλλ’
1735 2522 1779 2548 ὅτε
1790 2521 1839 2557 τῆς
1851 2521 1900 2556 βα-

1117 2571 1222 2605 σιλικῆς
1242 2571 1361 2597 ἐπιστᾶσα
1371 2569 1460 2604 οἰκείᾳ
1475 2568 1570 2604 γνώμῃ
1582 2568 1630 2604 τὴν
1646 2567 1720 2604 παρὰ
1740 2567 1820 2602 φύσιν
1835 2567 1899 2602 τρέ-

1116 2703 1304 2730 vulnerantur.
1320 2702 1377 2735 Qua
1391 2702 1424 2729 de
1437 2709 1467 2729 re
1483 2701 1553 2729 infra
1568 2701 1702 2736 pluribus,
1721 2699 1766 2727 ubi
1788 2707 1820 2736 et
1837 2697 1900 2725 Pla-

1116 2744 1188 2769 tene,
1203 2738 1236 2764 de
1250 2738 1373 2764 habendo
1390 2736 1542 2764 fabularum
1559 2735 1766 2770 carminumque
1778 2735 1897 2761 delectu.

1151 2773 1207 2806 (σι)
1223 2773 1297 2799 Ὅσα
1313 2781 1344 2807 τε
1360 2772 1433 2806 μήν.
1450 2772 1478 2799 Si
1488 2773 1569 2807 locus
1587 2772 1688 2805 integer
1713 2775 1765 2801 est,
1782 2770 1833 2796 ὅσα
1848 2777 1899 2803 po-

1115 2809 1180 2838 suit.
1194 2815 1242 2842 pro
1257 2806 1321 2833 καθ(
1331 2808 1379 2833 ὅσα
1391 2807 1431 2833 vel
1447 2806 1507 2833 καθ’
1522 2807 1593 2838 ὅσον,
1609 2807 1634 2832 id
1646 2811 1687 2833 est
1701 2809 1842 2842 quatenus.

1150 2841 1204 2877 (δῦ)
1218 2842 1337 2869 Πολλοῦ
1350 2842 1402 2869 δεῖ.
1417 2843 1455 2868 tta
1470 2841 1639 2875 reposuimus
1651 2849 1682 2868 ex
1695 2841 1740 2867 alt.
1758 2846 1896 2871 manusc.,

1115 2886 1174 2906 eum
1192 2883 1253 2905 ante
1270 2877 1300 2913 δή
1316 2885 1454 2912 perperam
1470 2877 1613 2910 legeretur.
