2063 3211
133 175 187 202 £25

138 240 236 264 πεται,
261 231 334 268 αὐτὴ
357 231 456 267 ἑαυτῆς
486 231 645 258 καθεστῶσα
676 233 768 268 κυρία.
807 232 931 259 Ἐπειδὰν

136 278 213 306 τοῦτο
226 278 316 314 γέρας
331 278 467 314 ἐξαίρετον
478 278 552 313 παρὰ
568 278 635 305 Θεοῦ
650 278 779 311 λαϐοῦσα,
800 278 929 314 ἐλευθέρα

138 324 185 352 καὶ
200 324 385 359 αὐτοκράτωρ
399 324 536 359 τυγχάνει,
548 323 599 358 τῆς
611 324 715 356 οἰκείας
724 324 811 360 ὁρμῆς
827 324 857 351 τὸ
870 333 930 359 κρι-

139 370 231 405 τήριον
246 370 288 400 εἰς
306 368 405 404 ἑαυτὴν
416 368 622 404 ἁναδεὸειγμὲνη
633 368 687 403 (66)
700 377 706 383 ·
722 370 802 404 νόμος
815 369 842 395 δὲ
860 368 929 400 Gaio;

140 416 207 450 αὐτῇ
224 414 441 450 συνεζευγμένος
455 415 526 441 κατὰ
543 414 622 449 φύσιν
632 415 791 451 λαμπτῆρος
814 416 860 442 καὶ
876 424 929 449 φω-

141 462 238 499 στῆρος
253 462 332 497 δίκην
349 462 478 496 ὲπιφωνεῖ
489 462 592 487 ἔνδοθεν
607 462 719 496 ὑπηχῶν
738 463 804 496 αὐτῇ
828 462 874 488 καὶ
891 462 930 487 λέ-

139 516 210 542 γων·
231 507 301 542 Ὀδῷ
316 507 440 542 βασιλικῇ
467 507 601 542 πορεύσῃ,
617 507 666 533 οὐκ
691 508 823 539 ἑκκλινεῖς
843 507 928 540 δεξιὰ,

140 555 200 581 οὐδὲ
219 554 354 590 ἀριστερά
365 563 372 569 ·
390 554 531 589 βασιλικὴν
548 554 597 589 τὴν
614 553 683 580 κατὰ
700 554 744 579 τὸν
761 554 839 589 ὀρθὸν
853 554 929 587 λόγον

140 600 252 636 πορείαν
263 597 333 627 εἶναι
348 600 490 627 διδάσκων.
507 599 606 625 Τοῦτον
621 600 675 634 γὰρ
691 600 785 636 ἀπάτῃ
800 600 871 635 ψυχῇ
884 608 930 633 φυ-

141 646 214 673 σικὸν
227 646 311 682 νόμον
327 645 422 680 βοηθὸν
435 647 503 680 αὐτῇ
516 646 562 671 καὶ
574 645 716 680 σύμμαχον
729 646 775 672 ἐπὶ
792 645 845 671 τῶν
857 654 929 681 πρα-

140 692 226 718 κτέων
242 692 257 718 ὁ
268 690 323 717 τῶν
339 691 407 717 ὅλων
424 691 591 726 Δημιουργὸς
611 692 780 726 ὑπεστήσατο
792 700 798 705 ·
817 691 860 717 διὰ
882 692 929 725 μὲν

140 737 186 764 τοῦ
201 737 295 772 νόμον,
307 737 357 772 τὴν
371 736 477 762 εὐθεῖαν
486 737 552 771 αὑτῇ
571 736 737 772 παραδείξας
753 737 825 766 ὁδὸν,
843 736 886 762 διὰ
903 737 929 762 δὲ

140 782 188 817 τῆς
200 782 269 817 αὐτῇ
297 782 487 817 δεδωρημένης
508 781 679 813 αὑτεξουσίου
698 782 852 817 ἐλευθερίας
880 782 930 817 τὴν

140 828 194 854 τῶν
204 829 368 864 κρειττόνων
383 828 488 863 αἵρεσιν
506 828 616 854 ἐπαίνου
631 828 676 854 καὶ
699 829 833 863 ἀποδοχῆς
852 828 930 861 ἀξίαν

139 874 294 909 ἀποφήνας,
307 873 396 908 γερῶν
413 882 441 900 τε
453 875 499 900 καὶ
513 873 642 909 μειζόνων
657 874 791 904 ἐπάθλων,
803 874 856 900 τῶν
884 874 929 900 ἐπὶ

138 921 196 950 τοῖς
215 921 451 955 κατορθουμένοις,
467 921 505 946 ὄτι
523 920 559 955 μὴ
572 920 757 954 βεϐιασμένως
767 940 773 951 ,
789 919 885 955 γνώμῃ
901 919 929 945 δὲ

139 965 305 1000 αὐτεξουοίῳ
324 966 475 1002 κατώρθου,
491 965 577 1000 παρὸν
593 966 640 992 καὶ
663 965 710 1000 τὴν
729 965 852 992 ἐναντίαν
871 964 928 990 ἑλέ-

141 1012 201 1039 σθαι
213 1021 219 1027 ·
233 1012 270 1043 ὡς
283 1012 402 1047 ἔμπαλιν
413 1012 461 1047 τὴν
471 1014 504 1038 τὰ
516 1013 639 1047 χείριστα
649 1011 778 1046 ἑλομένην
787 1011 870 1045 ψόγου
882 1010 928 1037 καὶ

144 1057 278 1093 τιμωρίας
303 1055 371 1083 εἶναι
393 1057 486 1090 ἀξίαν,
512 1057 558 1083 ἅτε
574 1058 661 1092 οἰκείᾳ
687 1057 790 1091 κινήσει
811 1056 857 1082 τοῦ
880 1057 928 1091 μὲν

141 1102 211 1129 κατὰ
234 1103 315 1137 φύσιν
334 1103 416 1138 νόμου
430 1103 672 1138 παραμελήςασαν,
688 1102 785 1133 κακίας
797 1102 825 1128 δὲ
841 1102 928 1137 ἀρχὴν

139 1150 186 1175 καὶ
202 1148 294 1184 πηγὴν
307 1149 540 1184 ἀπογεννήσασαν,
559 1148 666 1182 φαύλως
684 1157 714 1173 τε
728 1149 808 1183 ἑαυτῇ
827 1156 927 1182 κεχρη-

141 1195 235 1231 μένην,
247 1196 298 1222 οὺκ
315 1195 354 1222 ἔτι
367 1196 438 1227 τινος
457 1195 556 1228 ἔξωθεν
575 1195 712 1229 ἀνάγκης,
730 1194 785 1220 ἀλλ’
810 1194 839 1226 ἐξ
855 1194 928 1220 ὲλευ-

139 1241 222 1277 θέρας
233 1241 347 1276 γνώμης
361 1250 390 1267 τε
402 1242 447 1267 καὶ
460 1241 586 1276 κρίσεως.
600 1240 677 1266 Αἱτία
691 1241 722 1275 δὴ
732 1239 778 1266 τοῦ
791 1240 926 1274 ἑλομένου,

137 1285 205 1317 Θεὸς
218 1286 348 1317 ἀναίτιος.
363 1284 430 1312 Οὔτε
447 1286 501 1320 γὰρ
516 1285 595 1319 φύσιν
609 1284 712 1320 φαύλην
722 1286 736 1310 ὸ
754 1284 819 1315 Θεὸς
835 1283 927 1318 εἰργα-

139 1339 215 1362 σατο,
227 1331 288 1358 οὐδέ
299 1339 331 1365 γε
343 1330 430 1365 ψυχῆς
445 1331 548 1357 οὐσίαν.
569 1330 675 1365 Ἀγαθῷ
696 1329 750 1365 γὰρ
766 1329 840 1355 οὐδὲν
859 1329 928 1364 πλὴν

138 1377 230 1411 ἀγαθὰ
239 1377 416 1412 δημιουργεῖν
430 1376 520 1411 θέμις.
541 1376 653 1410 Ἀγαθὸν
670 1376 697 1402 δὲ
715 1376 767 1401 πᾶν
782 1376 796 1401 ὃ
811 1384 837 1401 τι
859 1374 929 1401 κατὰ

138 1424 234 1459 φύσιν·
257 1423 330 1458 ψυχῇ
342 1423 370 1449 δὲ
387 1423 461 1458 πάσῃ
474 1423 569 1458 λογικῇ
589 1422 658 1449 κατὰ
675 1423 754 1456 φύσιν
768 1422 883 1457 πάρεστι
899 1422 928 1447 τὸ

138 1469 314 1502 αὐτεξούσιον
328 1468 429 1503 ἀγαθὸν
441 1489 448 1500 ,
466 1469 512 1495 καὶ
527 1469 605 1495 τοῦτο
629 1469 671 1494 ἐπ’
692 1468 800 1502 ἀγαθῶν
825 1468 929 1504 αἱρέσει

138 1515 332 1551 γεγενημένον.
353 1514 462 1546 Φαύλως
480 1514 507 1540 δὲ
524 1515 567 1540 ὅτε
584 1515 713 1549 πράττει,
732 1514 761 1540 οὐ
780 1514 829 1549 τὴν
849 1514 928 1548 φύσιν

139 1562 277 1589 αίτιατέαν
287 1569 293 1576 ·
317 1561 347 1587 οὗ
367 1561 420 1596 γὰρ
437 1560 506 1587 κατὰ
517 1560 598 1594 φύσιν
608 1580 615 1591 ,
633 1560 708 1595 παρὰ
723 1560 801 1594 φύσιν
818 1560 846 1586 δὲ
860 1560 927 1595 αὐτῇ

139 1608 246 1642 γίνεται
255 1608 287 1634 τὸ
301 1603 411 1642 φαῦλον,
430 1607 616 1642 προαιρέσεως
628 1607 667 1638 ὃν,
683 1606 739 1633 ἀλλ’
752 1606 812 1641 οὐχὶ
822 1605 928 1640 φύσεως
943 1603 964 1631 C-

140 1652 232 1688 ιΞργον.
248 1649 284 1687 ᾯ
298 1651 352 1687 γὰρ
366 1652 454 1687 παρῆν
469 1651 583 1687 δύναμις
595 1653 642 1687 τῆς
655 1652 774 1686 τάγαθοῦ
787 1651 928 1686 αἱρέσεως,

139 1699 186 1725 ἅτε
201 1698 239 1734 μὴ
249 1697 328 1724 τοῦτο
339 1697 435 1729 εἵλετο,
460 1697 531 1724 ἑκὼν
542 1698 570 1724 δὲ
581 1699 610 1724 τὸ
619 1700 739 1733 κρεῖττον
755 1697 928 1733 ἀπεστράφη,

139 1745 188 1772 τοῦ
203 1745 323 1781 χείρονος
339 1744 541 1780 μεταποιηθεὶς,
559 1744 601 1776 τίς
618 1744 650 1771 ἂν
663 1744 750 1779 τούτῳ
766 1744 848 1775 τόπος
864 1744 930 1769 ἀπο-

141 1791 232 1826 φυγῆς
245 1791 364 1817 λείποιτο
377 1790 427 1825 τῆς
443 1790 544 1822 οἰκείας
560 1790 638 1825 αἰτίῳ
659 1790 823 1816 καταστάντι
842 1789 929 1820 νόσου,

141 1835 190 1863 τοῦ
200 1844 232 1862 τε
245 1835 385 1871 συμφύτου
397 1835 490 1871 νόμου,
507 1836 629 1870 σωτῆρος
646 1832 690 1862 οἷα
705 1835 752 1861 καὶ
773 1834 864 1870 ἰατροῦ
881 1843 930 1861 πα-

142 1882 344 1918 ραμελῆσαντις
370 1882 398 1908 '0
413 1881 444 1917 δὴ
461 1881 563 1908 τούτων
582 1882 707 1908 ἁπάντων
731 1881 831 1917 μηδένα
853 1882 931 1915 λόγον

141 1927 314 1963 ποιούμενος,
328 1927 451 1962 ἀνάγκης
467 1936 497 1954 τε
510 1928 556 1953 καὶ
571 1927 678 1962 ἄστρων
698 1928 784 1962 φορᾶς
806 1927 931 1962 ἁναρτῶν

140 1974 177 2012 τᾲ
199 1973 305 2005 πάντα,
321 1973 370 2008 τῆς
385 1981 414 1998 τε
434 1973 487 1999 τῶν
501 1973 752 2008 πλημμελουμένων
778 1972 931 2007 ἀνθρώποις

140 2019 268 2052 ἀτοπίας,
281 2019 319 2054 μὴ
334 2019 364 2053 ἐξ
377 2020 455 2054 ἡμῶν
469 2017 538 2046 εἶναι
556 2019 667 2053 φάσκων
676 2018 710 2045 τὰ
724 2018 807 2050 αἴτια,
827 2018 883 2044 ἀλλ’
899 2019 931 2044 ὲκ

140 2065 193 2100 τῆς
207 2065 242 2091 τὰ
262 2065 351 2092 πάντα
372 2065 498 2100 κινούσης
511 2064 660 2100 δυνάμεως,
687 2064 745 2096 πῶς
761 2064 810 2090 οὐκ
826 2064 932 2090 ἀνόσιον

141 2111 191 2138 καὶ
204 2110 322 2145 δυσσεϐῆ
334 2110 462 2146 λογισμὸν
475 2110 595 2145 εἰσφέροι
607 2109 656 2141 ἅν;
672 2109 735 2135 Εἴτε
745 2109 798 2144 γὰρ
811 2108 931 2143 αὐτόμα-

141 2165 190 2183 ¹τον
201 2157 249 2182 καὶ
256 2156 423 2191 ἀπρονόητον
434 2155 494 2190 θείη
511 2155 559 2191 τὴν
575 2155 621 2181 τοῦ
631 2154 730 2186 παντὸς
747 2154 842 2189 φορὰν,
858 2153 932 2187 ἐλέγ-

142 2203 210 2238 χοιτ¹
231 2201 265 2228 ἂν
290 2201 327 2233 ὡς
341 2201 453 2228 αὐτόθεν
475 2201 564 2233 ἄθεος,
580 2201 648 2236 πρὸς
663 2200 702 2235 τῷ
721 2200 767 2226 καὶ
788 2199 932 2225 ἀϐλεπτεῐν

142 2248 209 2284 περὶ
220 2248 270 2283 τὴν
280 2247 417 2282 πάνσοφον
424 2247 555 2282 ἁρμονίαν
568 2247 614 2272 καὶ
629 2245 740 2280 τὴντῶν
755 2245 823 2271 ὅλων
840 2245 931 2271 διάτα-

144 2292 196 2326 ξιν,
211 2290 241 2320 εὖ
255 2293 303 2320 καὶ
317 2293 345 2319 ὲν
359 2293 453 2327 κόσμῳ
467 2292 517 2327 τὴν
539 2292 572 2318 δι’
590 2290 685 2321 αίῶνος
704 2291 809 2326 κίνησιν
831 2291 930 2316 ἀνακυ-

143 2339 297 2375 κλουμένην
308 2346 315 2353 ⁸
331 2337 386 2365 εἴτε
396 2337 463 2364 Θεοῦ
476 2337 603 2372 πρόνοιαν
615 2337 691 2370 ἄγειν
702 2336 751 2362 καὶ
760 2343 862 2370 φερειν.
873 2336 933 2361 ἐπι-

144 2386 253 2413 στατεῖν
265 2392 295 2410 τε
312 2384 389 2416 πᾶσι,
410 2383 456 2410 καὶ
469 2383 597 2416 πανσὸφῳ
617 2381 687 2416 λόγῳ
701 2381 811 2408 διοικ;ἴν
837 2380 933 2416 ὁμολο-

142 2431 233 2465 γήσει,
254 2429 309 2456 οὐδ’
329 2428 399 2455 οὕτω
411 2427 458 2454 τοῦ
475 2427 622 2458 δυσσεΰοῦς
637 2427 791 2460 ἐκπέφευγε
805 2426 854 2461 τὴν
871 2426 934 2451 ἀτο-

143 2475 210 2502 πίαν
232 2481 263 2496 ιο
284 2474 377 2509 ἐπειδὴ
396 2473 450 2500 τῶν
472 2475 500 2499 ὲν
521 2471 674 2507 ἀνθρώποις
704 2471 935 2506 ἁμαρτανομένων

142 2521 206 2555 τοὺς
218 2521 268 2556 μὲν
284 2518 510 2555 πλημμελοῦντας
521 2517 641 2549 ἀπολύει,
654 2518 691 2549 ὡς
708 2517 788 2552 μηδὲν
805 2516 858 2546 τῶν
872 2516 931 2542 ἀτό-

144 2576 204 2593 πων
221 2566 251 2599 εξ
265 2565 367 2596 οἰκείας
376 2564 489 2600 γνώμης
501 2564 757 2598 διαπεπραγμένους
769 2582 776 2594 ,
797 2562 892 2595 ἀνάγει
905 2561 932 2588 δὲ

143 2615 194 2650 τὴν
212 2613 303 2641 αἰτίαν
320 2612 374 2639 τῶν
401 2611 494 2638 κακῶν
518 2611 563 2637 ἐπὶ
589 2610 638 2645 τὴν
659 2609 771 2635 καθόλου
794 2608 931 2643 πρόνοιαν,

145 2659 270 2693 ἀνάγκην
282 2658 368 2694 αὐτὴν
379 2657 424 2684 καὶ
434 2655 603 2692 εἱμαρμένην
618 2654 770 2685 ἀποκαλῶν,
782 2654 827 2679 καὶ
844 2653 936 2687 πάσης

144 2705 194 2740 τῆς
213 2705 242 2731 ὲν
263 2703 417 2740 ἀνθρώποις
447 2701 640 2737 αἰσχρουργίας
666 2701 710 2726 καὶ
728 2698 932 2735 ἁρρητοποιίας,

144 2749 289 2787 ὼμότητός
301 2756 332 2774 τε
348 2747 396 2774 καὶ
411 2746 567 2782 μιαιφονίας
577 2745 664 2772 αἰτίαν
675 2742 744 2770 εἶναι
762 2743 858 2777 λέγων.
879 2743 934 2770 Καὶ

180 2812 194 2827 ι
206 2806 251 2833 τσ.
267 2805 368 2833 αίτίαν.

181 2862 236 2898 (66)
256 2860 504 2898 maestaeque-1,.
526 2859 564 2885 lta
592 2864 697 2884 omnes.
734 2854 838 2883 Sensus
856 2859 949 2882 tamen

147 2897 308 2934 παρα).αείοὖ
313 2905 355 2922 σα.
614 2903 617 2905 ·

308 2945 445 2974 ΡΑι-εοι..
468 2944 527 2974 Gn.
550 2940 633 2972 XXI.

725 174 886 201 ΡηᾸίΡΑίῖ.
909 173 1036 201 EVANG.
1055 172 1119 200 LIB.
1141 171 1183 200 Ἦ.

1713 170 1763 198 ιτς

946 235 967 262 Α
983 239 1044 258 men
1058 238 1120 259 cum
1138 230 1253 266 singulis
1265 229 1398 264 partibus,
1424 233 1480 256 tum
1497 227 1530 256 iis
1543 232 1652 264 quoque
1673 229 1754 258 rebus

979 283 1039 311 quat
1056 275 1192 303 facultatis
1205 282 1236 302 ac
1250 274 1391 309 potestatis
1408 279 1506 301 nostrae
1519 279 1598 307 sunt,
1619 274 1763 302 incredibi-

980 321 1031 347 lem
1049 328 1119 355 saepe
1131 320 1208 355 all‘crt
1220 318 1378 347 mutationis
1395 324 1501 346 aestum.
1513 318 1647 346 Caeterum
1658 321 1764 347 cunctis

980 368 1091 394 omnino
1104 367 1193 398 rebus,
1203 375 1249 393 seu
1266 367 1380 393 consilio
1397 366 1461 392 liant
1474 366 1645 401 impulsuque
1658 370 1763 398 nostro,

980 421 1027 440 seu
1045 413 1156 440 fortuito
1175 413 1283 440 aliunde
1302 413 1469 447 contingant,
1488 420 1534 439 seu
1550 413 1665 447 denique
1682 417 1763 440 natu-

982 460 1063 486 ralem
1082 459 1198 486 habeam
1212 464 1288 486 ortus
1303 459 1342 486 sui
1359 458 1500 490 rationem,
1510 466 1616 486 summa
1628 467 1681 486 una
1693 467 1764 494 prat-

981 511 1131 540 potensque
1158 504 1203 532 Dei
1228 506 1394 539 providentia
1423 505 1595 537 moderatur,
1617 513 1678 540 quae
1701 513 1763 533 cum

981 551 1074 577 omnia
1090 554 1228 585 permeet,
1246 554 1302 576 tum
1321 549 1436 584 plurima
1456 549 1636 577 divinioribus
1651 549 1764 584 quibus-

981 598 1043 624 dam
1069 597 1238 628 rationibus,
1265 601 1428 630 captumqne
1450 601 1572 623 nostrum
1598 595 1763 630 fugientibus

981 643 1162 674 administrat,
1182 649 1299 676 cumque
1322 642 1379 669 suis
1395 642 1476 669 veluti
1498 642 1610 669 habenis
1629 641 1762 669 obsecun-

979 689 1046 716 dans
1068 689 1119 716 hoc
1136 690 1291 716 universum
1312 697 1342 716 ac
1366 689 1481 716 ﬂexibile
1506 690 1622 722 habeat,
1643 696 1698 717 tum
1718 697 1762 716 res

978 738 1059 765 etiam
1076 738 1218 773 plerasque
1235 740 1372 766 naturales
1388 739 1421 766 ad
1439 739 1527 765 varias
1550 743 1701 773 temporum
1717 748 1763 767 oc-

978 787 1101 815 casiones
1120 789 1194 823 lingit
1209 796 1240 815 ac
1263 793 1366 821 mutat,
1381 789 1470 823 itaque
1491 789 1616 822 potestati
1638 789 1764 815 arbitrio—

981 841 1034 869 que
1054 837 1149 860 nostro
1172 832 1294 859 subditas
1311 831 1411 858 auxilio
1432 835 1569 864 promovet
1585 837 1651 862 suo,
1668 835 1697 857 ut
1715 830 1758 862 iis.

948 904 968 930 Β
981 887 1041 914 qua:
1063 878 1232 905 extrinsecus
1255 877 1392 908 eveniunt,
1413 884 1491 903 suum
1509 884 1618 911 quoque
1635 876 1722 903 locum
1735 880 1761 903 et

981 930 1192 953 consentaneum
1212 924 1334 951 ordinem
1359 923 1497 949 attribuat.
1534 922 1601 949 Cum
1622 929 1687 957 ergo
1710 923 1761 949 tria

982 971 1038 998 huic
1053 978 1142 997 rerum
1158 977 1256 1004 genera
1275 973 1437 1000 statuantur,
1452 972 1481 994 ut
1494 968 1554 994 alia:
1564 972 1655 994 nostra
1672 974 1703 994 ex
1715 975 1762 993 vo-

982 1017 1084 1044 luntate
1099 1018 1252 1052 pendeant,
1271 1016 1329 1043 alia:
1344 1020 1423 1050 prout
1439 1020 1533 1042 natura
1554 1015 1687 1049 postulat,
1706 1014 1764 1041 alize

981 1063 1098 1098 denique
1112 1063 1224 1089 fortuito
1241 1062 1377 1093 eveniant,
1387 1061 1533 1095 eademque
1543 1061 1622 1088 simul
1637 1061 1669 1088 ad
1682 1067 1762 1087 uuam

981 1115 1065 1142 divini
1086 1113 1192 1141 consilii
1216 1113 1349 1140 rationem
1374 1112 1506 1139 universa:
1528 1116 1703 1144 revocentur;
1724 1111 1764 1138 ln-

982 1168 1030 1187 cus
1045 1161 1124 1195 plane
1134 1159 1224 1186 nullus
1233 1158 1287 1185 l‘ato
1301 1158 1469 1196 relinquatur
1483 1164 1593 1184 necesse
1605 1162 1657 1184 est.
1678 1157 1764 1190 Quir:-

981 1207 1062 1233 etiam
1080 1207 1180 1233 fontem
1205 1205 1262 1240 jam
1279 1204 1354 1231 illum
1370 1200 1548 1238 improbitatis
1562 1204 1727 1235 noverimus,
1748 1211 1763 1230 a

981 1252 1116 1287 plerisque
1129 1250 1256 1278 omnibus
1270 1250 1439 1285 ignoratum,
1457 1249 1504 1283 qui
1522 1256 1584 1276 cum
1596 1256 1645 1276 nec
1660 1249 1687 1275 in
1703 1256 1764 1276 cor-

982 1305 1095 1333 porum,
1115 1304 1164 1324 nec
1187 1297 1214 1323 in
1237 1296 1400 1330 spiritalium
1422 1295 1635 1322 substantiarum
1653 1299 1760 1326 natura.

982 1344 1067 1371 multo
1083 1343 1174 1370 minus
1188 1343 1215 1369 in
1233 1343 1275 1376 iis,
1299 1350 1359 1377 quae
1373 1341 1544 1369 extrinsecus
1560 1339 1697 1373 accidunt,
1713 1346 1762 1374 po-

983 1395 1050 1422 situs
1066 1395 1117 1426 sit;
1136 1393 1269 1428 reliquum
1292 1397 1343 1424 est,
1369 1396 1398 1418 ut
1422 1391 1448 1417 in
1462 1390 1547 1417 libero
1559 1394 1662 1417 tantum
1679 1389 1762 1417 animi

983 1448 1063 1468 sensu
1080 1439 1160 1475 250
1183 1444 1310 1473 motuque
1323 1438 1472 1472 reperiatur
1487 1447 1493 1464 :
1509 1445 1559 1464 nec
1574 1443 1662 1464 tamen
1675 1457 1682 1468 ,
1698 1436 1761 1463 dum

982 1492 1107 1514 naturain
1123 1492 1249 1519 secutus,
1276 1490 1376 1512 rectam
1401 1484 1501 1511 insistit
1529 1484 1618 1515 viam,
1641 1484 1686 1510 sed
1706 1488 1762 1509 tum

982 1534 1130 1564 duntaxat,
1154 1540 1216 1559 cum
1234 1539 1248 1558 a
1265 1532 1338 1566 regio
1360 1530 1504 1558 deﬂectens
1526 1529 1640 1562 itinere,
1668 1533 1763 1563 suopte

983 1579 1125 1612 arbitratu,
1144 1578 1182 1605 uti
1193 1578 1263 1612 juris
1279 1578 1323 1604 ille
1342 1577 1383 1604 Sui
1399 1583 1508 1610 suaeque
1519 1574 1658 1610 potestatis
1671 1579 1720 1607 est,
1735 1574 1763 1600 in

981 1625 1095 1651 alienam
1111 1632 1125 1651 a
1140 1629 1235 1651 natura
1252 1623 1374 1650 semitam
1390 1622 1506 1649 deerrat.
1526 1620 1679 1652 Enimvero,
1700 1628 1762 1647 cum

980 1670 1110 1696 eximium
1134 1670 1185 1696 hoc
1202 1677 1218 1696 a
1233 1669 1288 1695 Deo
1307 1673 1334 1696 et
1351 1667 1488 1702 singulare
1501 1674 1600 1694 munus
1619 1666 1761 1701 acceperit,

981 1722 1010 1742 ut
1026 1715 1177 1742 libertatem
1197 1722 1229 1741 ac
1254 1721 1392 1741 summum
1415 1713 1443 1740 in
1467 1720 1495 1740 se
1518 1712 1604 1748 ipsam
1619 1712 1761 1746 imperium

981 1762 1133 1792 obtineret;
1155 1765 1279 1788 motuum
1304 1759 1414 1794 quidem
1427 1766 1538 1787 suorum
1553 1758 1671 1785 rationes
1685 1757 1762 1784 habet

981 1814 1030 1833 suo
1045 1814 1078 1833 ex
1090 1806 1202 1833 arbitrio
1224 1805 1382 1840 judicioque
1403 1805 1551 1840 pendentes
1577 1813 1583 1831 :
1608 1803 1654 1831 sed
1673 1808 1762 1830 tamen

981 1852 1071 1878 divina
1087 1852 1129 1878 lex
1150 1858 1212 1878 cum
1228 1850 1334 1883 eodem,
1352 1850 1468 1878 naturali
1490 1848 1607 1885 quadam
1623 1849 1762 1881 societate,

976 1904 1108 1938 lampadis
1127 1904 1213 1930 instar
1230 1902 1351 1936 facisque
1370 1901 1524 1936 conjuncta,
1544 1899 1672 1927 inclamat
1692 1900 1756 1926 sub-

974 1952 1036 1980 inde
1055 1961 1086 1980 ac
1105 1957 1197 1979 monet
1215 1951 1339 1983 interius,
1360 1951 1397 1977 uti
1417 1951 1489 1985 regia
1508 1950 1614 1977 incedat
1634 1950 1687 1982 via,
1707 1957 1756 1976 nec

974 2004 1007 2031 ad
1023 2003 1161 2030 sinistram
1183 2005 1230 2028 aut
1243 2002 1379 2028 dexteram
1394 2000 1528 2027 ullatenus
1543 2000 1669 2031 declinet,
1685 2000 1755 2026 viam

974 2049 1045 2075 hanc
1062 2047 1175 2082 regiam,
1195 2050 1387 2081 congruentem
1408 2050 1434 2072 et
1450 2049 1657 2072 consentaneam
1677 2048 1757 2070 rectae

975 2094 1072 2121 rationi
1087 2093 1158 2119 viam
1173 2099 1233 2119 esse
1247 2092 1356 2118 docens.
1376 2090 1478 2125 Quippe
1494 2089 1644 2116 naturalem
1656 2089 1757 2115 hancce

975 2140 1072 2174 legem,
1087 2147 1139 2173 qua
1155 2139 1211 2165 suis
1227 2138 1253 2164 in
1269 2137 1420 2164 actionibus
1436 2141 1566 2168 uteretur,
1581 2135 1678 2161 animae
1695 2133 1755 2160 cui-

976 2185 1042 2212 libet
1060 2189 1187 2218 tanquam
1211 2183 1418 2213 auxiliatrieem,
1441 2181 1558 2208 universi
1582 2180 1691 2207 molitor
1708 2179 1759 2204 im-

977 2230 1075 2264 pressit
1092 2238 1098 2255 :
1122 2234 1201 2264 atque
1218 2229 1266 2262 ita,
1283 2227 1509 2263 quemadmodum
1535 2226 1616 2261 hujus
1633 2225 1658 2251 vi
1680 2225 1757 2258 legis.

947 2274 1078 2302 Drectam
1100 2275 1151 2309 ipsi
1176 2275 1245 2301 viam
1268 2274 1507 2306 commonstravit,
1531 2271 1570 2300 sic
1593 2272 1672 2307 plena
1697 2270 1760 2300 illa.

980 2328 1061 2355 quam
1081 2319 1168 2347 eidem
1187 2319 1340 2351 concessit,
1361 2319 1518 2352 integraque
1536 2317 1661 2344 libertate
1677 2315 1761 2349 perir-

940 2372 942 2377 ’
979 2370 1026 2402 cit,
1039 2370 1077 2397 uti
1092 2375 1181 2396 rerum
1194 2366 1335 2393 meliorum
1350 2362 1471 2390 delectus
1486 2366 1540 2386 non
1558 2357 1638 2384 laude
1655 2358 1758 2380 tantum

978 2422 1005 2444 et
1019 2399 1242 2451 approbatione,
1267 2409 1314 2437 sed
1339 2406 1518 2442 amplioribus
1537 2403 1634 2434 etiam,
1657 2399 1761 2451 ubi'rcs

980 2445 1108 2498 praeclare
1122 2459 1259 2489 cessisset,
1267 2454 1385 2491 przemiis
1398 2453 1494 2487 dignus
1509 2453 1593 2481 esset;
1608 2445 1682 2482 quod
1694 2445 1761 2473 citra

981 2515 1035 2540 vim
1047 2513 1196 2545 ullam,pro
1208 2508 1339 2535 arbitratu
1354 2503 1521 2536 consilioque
1534 2507 1585 2527 suo
1598 2503 1670 2525 recte
1685 2503 1762 2530 agere

983 2559 1133 2588 statuisset,
1148 2543 1210 2582 cum
1225 2559 1316 2580 tamen
1330 2549 1496 2578 contrarium
1508 2550 1600 2580 optare
1611 2543 1762 2588 potuisset:

983 2586 1133 2636 contraque
1151 2598 1316 2627 deteriorum
1340 2592 1464 2622 clectioni
1485 2589 1645 2625 vituperatio
1659 2586 1762 2621 suppli-

984 2649 1110 2681 ciumque
1123 2645 1276 2673 deberetur,
1288 2640 1358 2676 quod
1372 2640 1397 2666 in
1413 2646 1472 2666 eam
1486 2642 1581 2670 suopte
1594 2639 1662 2661 nutu
1675 2637 1763 2666 spreta

984 2679 1088 2721 natura:
1113 2692 1169 2726 lege
1198 2689 1333 2719 ferretur,
1357 2693 1389 2712 ac
1422 2691 1482 2711 sese
1504 2687 1644 2717 perperam
1669 2679 1763 2708 abUsa,

984 2740 1058 2767 nulla
1078 2725 1246 2766 extrinsecus
1276 2732 1438 2761 necessitate
1460 2735 1590 2764 cogente,
1614 2726 1660 2754 sed
1682 2725 1765 2751 libero

985 2851 1122 2887 pestulare
1147 2847 1263 2879 videtur,
1280 2842 1497 2881 ﬁva5563ﬁtévq,
1522 2842 1575 2868 hoc
1601 2843 1660 2870 est,
1676 2836 1767 2864 θεόθεν

1618 2919 1655 2949 ιι
