2063 3211
280 164 332 191 ιγ]

577 163 621 192 EI}
627 164 711 191 SEBll
729 163 964 192 C.~ESARIE.\'SIS
979 163 1052 192 OPP.

1121 164 1164 191 BS
1184 163 1216 192 ll.
1236 179 1271 185 —
1292 162 1541 192 APOLOGETXCA.

1846 155 1900 183 ιεε

282 222 360 255 plane
377 228 458 248 sensu
477 225 557 256 atque
569 221 688 255 judicio,
707 222 887 256 improbitatis
912 223 968 256 ipsa
986 226 1066 255 caput

1118 222 1158 254 τίς
1170 222 1202 249 ἂν
1215 222 1257 257 εἴη
1274 223 1368 249 τούτου
1380 221 1510 256 δυσσεϐὴς
1524 219 1602 250 ἄλλος
1619 216 1674 252 (67)
1683 236 1690 247 ,
1705 216 1749 242 τὸν
1765 214 1818 241 τῶν
1831 213 1902 240 ὅλων

281 267 436 302 ﬁnitemque
453 267 576 297 aperiret.
597 267 665 293 Tota
677 275 740 301 ergo
755 267 831 301 culpa
847 267 990 302 deligentis
1011 273 1062 299 est,

280 314 353 340 nulla
369 314 424 340 Dei.
445 312 536 347 Neque
550 313 622 339 enim
638 320 748 347 pravam
765 312 847 345 Deus,
863 318 911 340 aut
925 317 1062 344 naturam,

281 364 328 386 aut
344 359 428 386 animi
443 358 622 386 substantiam
637 359 800 394 procreavit.
828 359 895 386 Nam
907 359 995 387 bonus
1007 360 1064 393 ipse

281 413 343 432 cum
355 405 408 437 sit,
427 404 508 431 ullius
528 412 589 431 eum
604 405 642 431 rei
656 425 663 436 ,
680 404 731 431 nisi
755 405 826 432 bona
841 413 950 440 quoque
971 405 1062 435 fuerit,

282 456 418 478 auctorem
434 457 493 478 esse
507 450 583 478 nefas
593 455 643 478 est.
653 450 757 478 Bonum
774 452 800 478 id
813 459 898 488 omne
917 458 997 486 porro
1011 455 1063 484 est,

281 496 410 532 quidquid
426 503 440 522 a
460 501 556 523 natura
575 502 617 523 est
642 505 649 523 :
675 496 784 524 cuilibet
806 500 896 524 autem
916 496 1007 522 animo
1020 504 1064 522 ra-

283 544 356 570 tione
373 542 484 576 prasdito
506 542 637 570 libertatis
655 548 681 569 et
695 543 799 569 arbitrii
821 543 922 569 bonum
939 549 954 569 a
968 547 1063 569 natura

282 590 361 621 inest,
378 597 426 616 nec
440 588 523 615 alium
537 589 569 615 ad
585 588 675 621 linem,
685 597 766 623 quam
782 589 814 616 ad
830 588 892 615 boni
906 588 1063 616 electionem

282 634 409 661 inditum.
430 633 522 668 Neque
540 641 602 659 vero
613 653 619 663 ,
636 641 716 667 prava
729 641 790 660 cum
806 633 928 668 sequitur
941 653 947 663 .
962 637 1065 659 natura:

282 681 474 715 assignandum
492 680 517 706 id
531 685 585 711 est;
597 688 658 707 cum
673 680 724 715 ipsi
736 687 847 715 pravum
864 687 916 706 non
927 686 941 706 a
958 683 1064 711 natura,

283 727 328 752 sed
345 730 440 760 printer
459 729 583 752 naturam
598 725 746 760 contingat,
762 729 856 759 utpote
873 724 943 758 quod
971 724 1065 750 voluti-

284 772 347 798 tatis
363 779 431 805 opus
446 771 491 803 sit,
507 779 560 798 non
578 775 690 798 naturae.
722 770 772 797 Cui
786 770 857 796 enim
875 769 985 803 optandi
1001 768 1064 794 boni

282 817 323 843 vis
337 821 363 843 et
378 816 491 844 facultas
510 816 584 847 insit,
600 817 622 842 is
637 817 659 843 si
675 816 784 842 minime
796 815 938 850 optaverit,
951 814 973 841 si
986 822 1066 848 repu-

283 862 364 889 diatis
385 866 481 896 sponte
504 862 672 894 melioribus,
695 861 829 888 deteriora
841 864 959 888 sectatus
972 859 1064 892 fuerit,

1117 267 1191 299 Θεὸν,
1210 268 1290 294 αὑτδν
1302 268 1333 303 δὴ
1348 268 1392 294 τὸν
1405 267 1516 302 ποιητὴν
1530 265 1576 292 καὶ
1589 261 1751 299 δημιουργὸν
1765 260 1840 287 τοῦδε
1852 257 1900 285 τοῦ

1118 313 1217 344 παντὸς
1229 314 1357 348 εἰσάγων,
1374 313 1526 346 ἐπάναγκες
1541 309 1732 344 ἐκϐιαζόμενον
1747 306 1819 333 τόνδε
1838 305 1899 340 μὲν,

1117 360 1166 385 οὐκ
1181 359 1304 385 ἐθέλοντα
1316 359 1432 391 ὰσεῦεῖν,
1444 358 1521 384 τοῦτο
1535 357 1672 392 πράττειν,
1685 355 1731 381 καὶ
1741 352 1819 380 ἄθεον
1831 350 1901 378 εἶναι

1117 405 1177 430 κατ’
1199 405 1321 439 ἀνάγκην
1333 425 1340 435 ,
1359 404 1404 430 καὶ
1422 404 1460 434 εἰς
1471 402 1564 429 ἐαυτδν
1580 401 1752 436 βλάσφημον
1771 397 1846 424 τόνδε
1859 396 1899 428 δὲ,

1117 448 1145 473 ὃν
1161 448 1241 479 αὐτὸς
1265 448 1312 483 τὴν
1340 448 1419 482 φύσιν
1447 447 1548 483 ἄρρενει
1573 442 1901 480 ουνεστήσατο,πέιπχειν

1118 494 1193 527 παρὰ
1205 493 1285 528 φύσιν
1296 494 1329 520 τὰ
1354 493 1478 529 θηλειῶν,
1499 493 1528 519 οὐ
1546 492 1615 519 κατὰ
1633 490 1800 526 προαίρεσιν,
1836 497 1902 514 κατ-

1117 540 1322 575 ηναγκασμένον
1337 539 1364 566 δὲ
1381 539 1448 574 πρὸς
1465 538 1560 565 αὑτοῦ·
1575 539 1621 564 καὶ
1643 537 1721 564 ἄλλον
1743 534 1903 569 ἀνδροφόνον

1118 584 1248 618 γίνεσθαι,
1263 584 1299 620 μὴ
1317 584 1390 620 παρὰ
1401 585 1450 619 τὴν
1461 584 1562 609 οἰκείαν
1577 581 1703 616 γνώμην,
1720 580 1764 606 ὑπ’
1779 579 1902 612 ἀνάγκης

1117 630 1146 656 δὲ
1163 631 1339 666 ἐλαυνόμενον
1351 630 1397 656 τοῦ
1410 630 1492 661 Θεοῦ;
1511 630 1548 660 ὡς
1565 628 1624 664 μηδ’
1645 628 1760 661 εὐλόγως
1783 626 1902 660 ὲπιμέμυ

1118 677 1214 710 φεσθαι
1225 679 1282 708 τοῖς
1295 676 1498 712 πλημμελοῦσιν
1509 684 1515 690 ·
1530 676 1585 702 ἀλλ’
1600 675 1659 710 ἦτοι
1681 674 1747 709 μηδὲ
1774 673 1901 708 ἁμαρτή-

1120 731 1192 757 ματα
1209 723 1286 748 ταῦτ’
1299 721 1368 749 εἶναι
1392 722 1533 758 ἡγεῖσθαι.
1556 722 1572 757 ἢ
1594 721 1647 747 τῶν
1660 720 1753 746 κακῶν
1774 720 1902 746 ἁπάντων

1119 768 1235 803 ποιητὴν
1246 766 1314 794 εἶναι
1326 768 1370 794 τὸν
1385 768 1450 793 Θεόν
1462 766 1667 801 ἀποφαίνεσθαι.
1684 766 1744 792 Εἴτε
1758 766 1811 800 γὰρ
1822 765 1904 795 αὐτὸς

1118 815 1174 845 τοῖς
1186 814 1268 839 πᾶσιν
1283 812 1436 847 ὲπιπαρὼν,
1450 812 1495 838 καὶ
1514 812 1547 838 τὰ
1568 812 1656 838 πάντα
1671 811 1741 848 ὁρῶν
1752 832 1759 844 ,
1775 812 1820 838 καὶ
1833 811 1903 838 πάν-

1119 868 1172 886 των
1192 858 1307 891 ἀκούων,
1323 858 1408 885 ταῦτα
1421 859 1549 894 πράττειν
1560 858 1717 891 ἀναγκάζοι,
1730 858 1784 884 εἴτε
1798 858 1846 892 τὴν
1855 857 1903 884 τοῦ

283 917 363 944 quem
389 909 445 943 ipse
460 907 568 935 tandem
590 908 723 942 reliquum
745 907 842 934 haheat
866 907 1008 941 eﬂ‘ugiendi
1025 906 1064 933 lo-

1118 905 1213 936 παντὸς
1229 904 1314 940 φορὰν
1324 927 1331 938 ,
1347 905 1393 931 καὶ
1412 905 1462 939 τὴν
1473 904 1576 930 τοιάνδε
1597 903 1650 930 τῶν
1675 903 1781 939 ἄστρων
1797 903 1903 939 κίνησιν

284 961 357 985 cum,
374 954 421 988 qui
437 959 463 980 et
476 953 631 981 intestinum
655 953 707 980 sibi
719 953 845 980 morbum
860 952 970 985 crearit,
986 956 1013 979 et
1030 952 1067 978 iu-

284 1002 373 1025 natam
385 998 436 1025 sibi
454 998 551 1033 legent.
568 997 679 1032 perinde
695 1005 726 1024 ac
741 1001 906 1024 servatorem
921 997 1065 1032 quemdam

284 1044 474 1079 medicumque
492 1044 660 1079 neglexerit?
685 1043 815 1079 Quisquis
830 1051 913 1078 ergo,
931 1044 1003 1070 nulla
1018 1044 1066 1070 ho-

285 1098 344 1117 rum
359 1090 480 1117 omnium
499 1091 588 1117 habita
613 1090 733 1122 ratione.
756 1099 788 1117 ex
805 1091 965 1117 necessitate
976 1090 1066 1125 potius

284 1143 316 1161 ac
338 1136 457 1162 siderum
479 1135 657 1162 conversione
680 1140 777 1162 cttncta
795 1134 947 1169 suspendit,
966 1135 1067 1169 quique

283 1188 394 1213 eorum,
417 1181 525 1215 quieab
539 1181 696 1208 hominibus
712 1178 873 1215 peccantur,
896 1181 1068 1215 pravitatem.

285 1226 364 1261 251
384 1234 437 1253 non
452 1227 508 1261 jam
524 1227 619 1260 nobis,
637 1227 683 1254 sed
699 1226 725 1253 vi
745 1227 852 1254 cuidam
878 1234 910 1253 ac
933 1227 1069 1261 potestati,

285 1281 337 1308 qua
351 1278 495 1300 moventur
508 1273 597 1300 omnia
607 1293 614 1306 ,
632 1273 802 1300 tribuendam
826 1280 887 1300 esse
901 1273 994 1305 docet;
1008 1273 1070 1307 quis

284 1326 339 1346 non
352 1319 510 1354 ﬂagitiosam
525 1319 559 1346 ab
573 1326 605 1346 eo
620 1319 785 1353 impiamque
805 1318 965 1346 sententiam
980 1318 1068 1345 inrehi

285 1364 522 1392 arbitretur?Nam
534 1365 590 1392 sive
603 1373 668 1392 casu
684 1372 714 1391 ae
729 1370 830 1391 temere
846 1365 898 1391 hoc
913 1364 1069 1390 universum

288 1411 388 1437 moveri
407 1411 516 1443 statuet,
532 1416 710 1445 praeterquam
726 1410 799 1445 quod
815 1411 841 1437 in
857 1410 1071 1445 exquisitissimo

1118 951 1198 982 αὐτὸς
1222 950 1324 976 τούτων
1338 950 1482 985 ποιητικὴν
1502 951 1549 976 καὶ
1564 950 1764 985 ἀναγκαστικὴν
1786 950 1904 984 ὑπεστή-

1119 1004 1183 1023 σατο
1193 1004 1199 1010 ·
1215 997 1228 1022 ὁ
1243 997 1273 1022 τὸ
1288 996 1388 1023 τοιόνδε
1405 996 1539 1030 συστήσας
1561 996 1676 1031 δργανον
1687 1017 1694 1027 ,
1715 996 1761 1022 καὶ
1779 995 1828 1030 τὴν
1849 995 1904 1021 τῶν

1118 1043 1285 1079 θηρωμένων
1300 1042 1402 1076 παγίδα
1425 1042 1665 1078 μηχανησάμενος,
1682 1041 1723 1077 εἴη
1746 1041 1777 1067 ἂν
1796 1041 1876 1071 αὐτὸς
1890 1041 1905 1067 ὁ

1119 1091 1165 1116 καὶ
1180 1089 1233 1115 τῶν
1245 1089 1428 1123 ἁλισκομένων
1439 1088 1533 1120 αἴτιος.
1547 1088 1602 1114 Εἶτ’
1613 1086 1659 1114 οὖν
1676 1087 1756 1118 αὐτὸς
1769 1087 1830 1113 καθ’
1844 1087 1906 1113 ἑαυ-

1118 1135 1172 1167 τὸν,
1188 1135 1236 1161 εἴτ’
1250 1133 1296 1161 οὖν
1308 1134 1387 1160 πάλιν
1400 1134 1480 1166 αὐτὸς
1494 1134 1537 1160 διά
1550 1142 1620 1165 τινος
1635 1133 1716 1168 ἄλλης
1733 1133 1800 1168 πρὸς
1821 1133 1905 1159 αὑτοῦ

1119 1180 1348 1216 μεμηχανημένης
1362 1180 1494 1215 ἀνάγκης,
1506 1180 1569 1211 τοὺς
1590 1180 1640 1206 οὑκ
1660 1179 1798 1209 ἐθέλοντας
1817 1178 1904 1204 τοῖσδε

1117 1228 1172 1258 τοῖς
1184 1227 1278 1256 κακοῖς
1290 1225 1458 1261 περιῦἁλλοι,
1476 1225 1557 1256 αὐτὸς
1573 1225 1604 1251 ἂν
1618 1225 1671 1260 εἴη,
1689 1225 1736 1250 καὶ
1751 1225 1799 1250 οὐκ
1813 1224 1904 1255 ἄλλος,

1118 1274 1132 1300 ὁ
1152 1273 1259 1299 πάντων
1285 1271 1378 1299 κακῶν
1404 1272 1559 1307 ποιητικός’
1573 1272 1619 1298 καὶ
1638 1272 1688 1297 οὐκ
1703 1271 1741 1298 ἔτ’
1755 1270 1787 1297 ἂν
1800 1272 1828 1297 ὲν
1841 1270 1905 1307 δίκῃ

1123 1318 1290 1354 ἡμαρτηκὼς
1315 1318 1412 1352 λέγοιτ’
1432 1318 1465 1344 ἂν
1483 1319 1497 1344 ὁ
1522 1317 1678 1352 ἅνθρωπος,
1694 1317 1750 1343 ἀλλ’
1773 1317 1788 1342 ὁ
1810 1315 1906 1342 τούτου

1124 1365 1237 1399 ποιητὴς
1261 1363 1336 1395 Θεός.
1353 1364 1406 1390 Καὶ
1420 1364 1461 1395 τίς
1476 1363 1509 1390 ἂν
1523 1362 1615 1390 τούτου
1638 1363 1733 1397 γένοιτ’
1761 1362 1793 1389 ἂν
1813 1362 1906 1398 ἕτερος

1124 1409 1212 1444 λόγων
1233 1409 1414 1440 ἀσεϐέστατος
1426 1417 1434 1441 ;

286 1457 332 1485 illo
346 1462 478 1484 concentu
490 1478 497 1490 ,
523 1465 555 1485 ae
569 1465 659 1485 rerum
682 1458 870 1485 universarum
891 1457 999 1488 ordine,
1019 1457 1065 1491 qui
1085 1461 1188 1483 motum
1203 1457 1259 1491 ipse
1274 1464 1353 1483 suum
1369 1464 1400 1483 ex
1417 1457 1490 1483 omni
1519 1464 1576 1484 aevo
1595 1464 1700 1484 summa
1729 1463 1791 1483 cum
1808 1463 1902 1490 aequa-

285 1503 388 1530 bilitate
409 1494 558 1535 convertit,
578 1503 690 1530 omnino
713 1504 849 1535 excutiet;
867 1502 984 1529 divinam
1011 1502 1062 1529 hoc
1081 1502 1140 1536 ipso
1173 1506 1298 1528 naturam
1320 1502 1398 1536 plane
1431 1502 1578 1529 sustulerit.
1606 1501 1668 1529 Sive
1690 1502 1782 1529 divina
1800 1501 1899 1528 Provi-

285 1549 375 1577 dentia
399 1547 469 1576 ﬂecti
493 1549 603 1584 regique
624 1549 735 1581 orbem,
753 1556 867 1582 eamque
888 1556 941 1574 non
964 1548 1068 1574 cunctis
1088 1547 1168 1574 modo
1181 1555 1298 1582 przcesse
1311 1548 1400 1575 rebus.
1411 1547 1456 1574 sed
1483 1548 1555 1582 ipsas
1576 1554 1684 1582 quoque
1703 1547 1906 1581 sapientissimo

284 1595 400 1622 consilio
428 1595 561 1623 moderari
576 1595 704 1622 fatebitur
727 1604 734 1622 :
754 1603 787 1622 ne
802 1596 841 1622 sic
861 1595 969 1629 quidem
984 1594 1130 1629 impietatis
1154 1595 1257 1621 crimen
1288 1594 1420 1630 effugerit,
1441 1603 1503 1622 cum
1527 1600 1553 1622 et
1571 1595 1605 1622 ab
1622 1595 1655 1622 iis
1671 1593 1829 1627 sceleribus,
1843 1602 1906 1629 quae.

286 1640 356 1666 inter
369 1641 491 1668 homines
504 1641 584 1674 vulgo
597 1641 805 1668 committuntur
817 1661 824 1673 ,
841 1645 965 1668 auctores
983 1641 1066 1675 ipsos,
1086 1639 1164 1674 quasi
1179 1640 1246 1667 nihil
1269 1640 1302 1667 ab
1321 1641 1355 1671 iis
1376 1645 1469 1675 suapte
1494 1641 1630 1668 voluntate
1646 1647 1786 1676 peccetur,
1803 1641 1907 1670 immu-

287 1692 335 1712 nes
350 1693 382 1713 ac
402 1686 501 1713 liberos
522 1694 583 1714 esse
607 1686 685 1719 velit;
712 1691 739 1714 et
759 1686 891 1713 malormn
908 1694 1017 1713 causam
1039 1686 1065 1712 in
1084 1694 1256 1713 communem
1280 1686 1353 1714 illam
1375 1687 1606 1721 universalcmque
1620 1686 1817 1713 Pravidentiam
1839 1694 1907 1714 con-

287 1731 366 1764 terat,
381 1731 549 1759 necessitatis
561 1739 621 1758 eam
637 1731 738 1767 latique
763 1732 889 1764 nomine,
909 1732 1084 1759 obscenitatis
1105 1732 1193 1759 omnis
1213 1738 1294 1767 atque
1308 1733 1419 1768 ﬂagitii,
1440 1733 1510 1767 quod
1529 1733 1562 1759 ab
1582 1733 1737 1760 hominibus
1765 1734 1903 1768 suseipia-

287 1782 342 1810 tur,
362 1777 528 1805 crudelitatis
558 1778 628 1805 idem
649 1785 681 1805 ac
703 1779 841 1813 parricidii
868 1778 968 1805 fontem
1003 1786 1063 1806 esse
1091 1779 1247 1806 defendens.
1277 1779 1360 1814 Cujus
1382 1778 1555 1814 vero'major
1577 1780 1700 1815 impietas
1725 1787 1785 1807 esse
1808 1781 1906 1815 possit,

288 1830 369 1857 quam
387 1822 458 1857 ejus,
475 1824 522 1858 qui
534 1831 624 1850 rerum
640 1823 761 1851 omnium
775 1828 963 1858 praepotentem
977 1823 1071 1857 Deum,
1084 1824 1182 1859 ipsum,
1197 1825 1318 1859 inquam.
1333 1826 1450 1853 universi
1472 1825 1638 1852 conditorem
1668 1830 1695 1852 et
1724 1826 1904 1852 architectum

287 1868 408 1900 inducat,
424 1869 499 1896 alteri
528 1869 636 1904 quidem
658 1869 822 1904 impietatem
846 1870 992 1902 aversanti,
1009 1875 1038 1896 ut
1069 1871 1186 1904 impius,
1209 1875 1290 1904 atque
1308 1871 1335 1898 in
1367 1879 1396 1898 se
1413 1872 1517 1905 ipsum,
1542 1871 1614 1898 omni
1632 1871 1762 1906 religione
1783 1872 1903 1904 sublata,

287 1916 500 1943 contumeliosus
521 1916 571 1949 sit,
595 1916 783 1942 necessitatem
808 1915 978 1948 all'erentem;
1004 1915 1136 1946 alterum,
1156 1923 1236 1950 quem
1269 1916 1326 1950 ipse
1347 1921 1443 1943 natura
1468 1924 1568 1944 marem
1595 1916 1755 1951 procrearit,
1785 1917 1818 1944 ad
1843 1924 1907 1944 Inu-

286 1962 380 1988 iiebria
396 1966 491 1996 praeter
505 1966 647 1993 naturam,
671 1968 724 1987 non
741 1960 910 1993 voluntarie,
935 1960 982 1987 sed
1009 1961 1083 1987 illata
1104 1960 1140 1993 vi,
1161 1961 1301 1988 subeunda
1321 1967 1460 1996 cogentem
1483 1971 1490 1988 ε
1519 1962 1631 1989 alterum
1650 1962 1784 1997 denique,
1806 1963 1839 1990 ad
1857 1963 1908 1990 ho-

287 2011 390 2034 minum
403 2008 500 2040 caedes,
517 2008 630 2034 invitum
644 2007 715 2039 licet,
729 2007 859 2035 divinitus
871 2007 1071 2042 impellentem?
1090 2007 1128 2034 Ex
1150 2015 1182 2035 eo
1200 2009 1299 2043 quippe
1315 2016 1486 2044 consequens
1504 2010 1616 2037 omnino
1646 2009 1743 2043 fuerit,
1766 2018 1846 2037 nemo
1877 2014 1908 2038 ut

287 2053 357 2086 illos,
373 2053 563 2088 quiejusmodi
575 2059 635 2080 sese
647 2052 788 2080 maleticiis
818 2052 1025 2085 obstrinxerim,
1060 2060 1191 2080 accusare
1209 2054 1304 2081 merito
1329 2054 1430 2088 possit;
1456 2055 1502 2082 sed
1525 2055 1630 2089 potius,
1655 2060 1684 2082 ut
1700 2056 1741 2082 vel
1770 2056 1821 2082 ista
1851 2065 1907 2084 nun

285 2101 340 2136 jam
357 2105 527 2135 peccatorum
549 2100 576 2125 in
599 2099 659 2126 loco
674 2100 840 2133 habeantur,
862 2100 904 2127 vel
922 2099 992 2127 Deus
1007 2100 1064 2135 ipse
1083 2101 1216 2127 malorum
1229 2101 1350 2128 omnium
1369 2108 1463 2129 auctor
1475 2107 1627 2130 censeatur.
1648 2101 1716 2130 Nam
1748 2103 1804 2130 sive
1833 2111 1905 2138 pra:-

286 2155 349 2175 scns
365 2147 421 2182 ipse
438 2147 518 2174 rebus
531 2147 637 2174 intersit
649 2147 786 2180 omnibus,
800 2148 890 2174 omnia
904 2147 1004 2180 videat,
1036 2148 1129 2174 audiat
1156 2149 1258 2181 omnia,
1293 2149 1427 2184 simulque
1453 2150 1485 2177 ad
1508 2158 1540 2177 ea
1562 2159 1592 2178 se
1608 2151 1663 2177 lera
1689 2151 1817 2178 mortales
1851 2151 1910 2178 adi-

286 2198 351 2228 gat:
369 2194 425 2221 sive
438 2192 641 2220 conversionem
657 2192 788 2224 universi,
803 2197 996 2227 astrorumque
1015 2198 1117 2220 motum
1149 2194 1262 2228 ipsemet
1294 2194 1429 2229 ejusmodi
1451 2197 1637 2228 constituerit,
1664 2196 1708 2223 cui
1730 2201 1770 2224 tot
1802 2197 1909 2224 malcll-

287 2241 390 2268 ciorum
415 2239 561 2266 necessitas
580 2238 710 2266 debeatur
734 2247 741 2266 :
767 2239 814 2274 qui
839 2239 891 2266 tale
911 2239 1068 2266 conﬂaverit
1088 2239 1311 2271 instrtnnentum,
1344 2247 1370 2269 et
1398 2243 1536 2277 capiendis
1570 2244 1767 2279 induendisque
1789 2246 1908 2273 homini»

286 2289 337 2317 bus
354 2289 479 2323 laqueum
494 2287 666 2314 machinatus
680 2287 726 2317 sit.
743 2287 767 2314 is
782 2286 903 2322 profecto
918 2294 968 2314 cur
998 2287 1079 2332 iidem
1099 2287 1271 2321 irretiantur,‘
1283 2296 1366 2316 causa
1396 2290 1441 2322 sit,
1459 2298 1570 2318 necesse
1585 2296 1636 2319 est.
1667 2292 1758 2326 Itaque
1789 2301 1837 2320 seu
1854 2301 1903 2328 per

286 2343 346 2363 sese
357 2335 438 2367 Deus,
455 2342 503 2361 seu
516 2334 569 2361 alia
582 2333 688 2368 quavis,
700 2341 782 2368 quam
812 2333 920 2360 molitus
936 2333 994 2367 ipse
1008 2333 1101 2365 fuerit,
1121 2335 1292 2368 necessitate,
1319 2336 1361 2363 his
1400 2337 1478 2363 tnalis
1500 2337 1597 2364 invitos
1625 2338 1805 2372 constringat;
1837 2347 1908 2367 unus

287 2382 344 2416 ipse
357 2381 446 2416 plane,
463 2381 533 2407 alius
562 2387 653 2413 nemo,
683 2385 843 2406 eunctorutn
866 2380 1001 2407 malorum
1026 2381 1191 2409 architectus
1219 2382 1352 2409 habeatur
1372 2391 1379 2410 :
1409 2390 1459 2410 nec
1479 2383 1534 2418 jam
1560 2384 1706 2412 sceleratus
1731 2385 1812 2412 homo
1832 2385 1907 2420 jure.

286 2430 332 2456 sed
346 2429 406 2464 ejus
417 2432 572 2464 procreator
581 2427 686 2455 dicatur
696 2427 778 2455 Deus.
790 2427 870 2462 252
887 2426 946 2461 Quo
958 2427 1066 2463 quidem
1086 2430 1220 2457 orationis
1232 2438 1330 2465 genere
1345 2430 1481 2465 quodnam
1502 2431 1575 2458 aliud
1591 2432 1702 2466 impium
1735 2434 1822 2468 magis
1845 2441 1908 2461 esse

286 2477 386 2510 queat?

322 2523 426 2551 Maneat
441 2525 521 2559 igitur
531 2545 539 2558 ,
553 2524 600 2560 qui
615 2523 699 2552 fatum
712 2525 844 2552 invexerit
857 2544 864 2557 ,
882 2525 917 2552 ab
933 2532 965 2552 eo
982 2524 1065 2552 Deum

1161 2526 1189 2552 '0
1217 2524 1248 2560 δὴ
1272 2522 1317 2551 οὖν
1344 2523 1513 2559 εἱμαρμένην
1541 2523 1657 2558 εἰσάγων
1686 2523 1815 2558 ἄντικρυς
1841 2523 1908 2550 Θιδν

288 2575 415 2595 contnin
443 2570 542 2606 Deique
566 2571 762 2605 providentiam
793 2571 916 2600 funditus
940 2573 1068 2600 extermi-

287 2615 346 2641 nari
361 2625 367 2641 :
387 2616 508 2649 perinde,
525 2621 553 2643 ut
572 2617 617 2651 qui
632 2616 717 2644 Deum
735 2618 818 2645 rebus
832 2618 944 2653 praeﬁcit
958 2618 1069 2645 univcr-

286 2661 337 2692 sis,
353 2669 459 2688 omnem
472 2663 494 2689 is
509 2671 562 2690 una
576 2665 645 2691 tollit
661 2665 707 2691 l'ati
736 2666 879 2691 rationem.
909 2664 1068 2697 Enimvero,

287 2709 334 2732 aut
349 2705 421 2733 Deus
430 2711 456 2733 et
467 2707 549 2734 fatum
564 2709 632 2735 idem
649 2714 739 2742 erunt,
755 2714 801 2736 aut
813 2710 927 2736 alterum
938 2710 971 2737 ab
985 2710 1070 2736 altero

286 2751 476 2785 distinguetur.
489 2751 547 2778 Jan:
565 2758 592 2780 ut
605 2753 674 2780 idem
689 2755 753 2787 sint,
768 2755 825 2782 ﬁeri
842 2756 917 2782 nullo
930 2756 1010 2782 modo
1022 2763 1070 2790 po—

321 2827 376 2865 (67)
399 2827 554 2865 Δρσσεᾷὴς
577 2828 685 2862 ἄλλος,
705 2836 757 2859 etc.
782 2831 900 2859 Omnino
923 2832 1066 2865 legendum

286 2862 409 2895 videtur,
422 2862 628 2899 δυτσεὸἐστερος
653 2865 740 2897 ἄλλος,
755 2866 800 2893 τοῦ
817 2867 872 2893 τῶν
896 2862 964 2893 ὅλων
988 2867 1064 2899 Θεόν,

1119 2573 1165 2599 καὶ
1185 2571 1252 2598 Θεοῦ
1273 2571 1399 2606 πρόνοιαν
1426 2569 1532 2603 ἐξωθεῖ·
1555 2569 1648 2606 ὥσπερ
1669 2571 1683 2596 ὁ
1703 2571 1747 2596 τὸν
1769 2569 1835 2596 Θεὸν
1862 2571 1910 2605 ἰφ-

1119 2617 1194 2648 ιστὰς
1225 2618 1280 2647 τοῖς
1302 2616 1383 2642 πᾶσιν
1408 2616 1494 2641 ἀνέλοι
1522 2615 1554 2642 ἂν
1575 2616 1620 2641 τὸν
1647 2615 1712 2652 περὶ
1738 2617 1910 2653 εἱμαρμένης

1118 2662 1204 2695 λόγον.
1233 2661 1268 2686 Ἤ
1296 2659 1350 2695 γὰρ
1370 2659 1469 2686 ταύτὸν
1499 2659 1531 2686 ἃν
1561 2659 1602 2695 εἴη
1621 2660 1635 2685 ὁ
1657 2659 1723 2691 Θεὸς
1742 2659 1789 2686 καὶ
1813 2661 1910 2694 εἱμαρ-

1121 2708 1198 2743 μένη.
1215 2707 1230 2743 ἦ
1245 2707 1357 2741 θάτερον
1373 2705 1485 2736 διεστὼς
1500 2706 1593 2741 ἐτέρου
1617 2706 1637 2731 Τ
1640 2706 1719 2732 αὐτὸν
1733 2706 1782 2741 μὲν
1796 2704 1844 2732 οὖν
1859 2706 1910 2732 οὐκ

1123 2754 1155 2781 ἂν
1166 2753 1278 2787 γένοιτο.
1294 2753 1325 2779 Εἰ
1334 2753 1388 2787 γὰρ
1400 2753 1449 2788 τὴν
1457 2752 1626 2787 εἱμαρμένην
1639 2751 1732 2788 εἱρμὸν
1742 2760 1802 2779 τινα
1815 2751 1911 2779 αἰτιῶν

1121 2834 1173 2856 etc.
1191 2829 1218 2855 In
1246 2829 1298 2856 fine
1323 2832 1413 2855 autem
1441 2827 1566 2858 membri,
1591 2827 1756 2861 εἰσάγοντος,
1771 2834 1854 2861 qualn
1871 2826 1910 2854 le-

1123 2866 1238 2892 ctionem
1254 2865 1281 2890 in
1299 2863 1430 2891 vertendo
1445 2868 1556 2890 secutus
1571 2869 1643 2889 sum.
