2063 3211
198 148 251 177 129

784 141 943 173 ΡΒᾸΞΡᾹΒ.
967 143 1090 174 EYANG.
1113 144 1175 174 LIB.
1199 146 1239 175 Vl.

1769 151 1823 178 ‘50

200 205 269 235 εἷναί
283 214 376 241 φασιν.
392 205 439 233 ἀπ’
451 204 547 238 αἰῶνος
563 205 746 242 ἀπαρασάτως
761 207 807 233 καὶ
817 207 975 242 ἀμετακινή-

1034 211 1096 234 test.
1127 206 1193 234 Nam
1207 207 1230 235 si
1249 207 1332 235 fatum
1355 207 1453 235 seriem
1468 207 1614 243 quamdam
1637 215 1698 236 esse
1713 209 1821 240 volunt.

201 261 253 285 τως
263 254 295 279 ὲκ
306 253 359 287 τῆς
376 252 429 278 τῶν
449 252 580 288 οὐρανίων
601 252 706 287 ἄστρων
720 253 805 287 φορᾶς
822 252 984 287 καθήκοντα,

200 298 258 330 πῶς
271 299 302 324 οὺ
318 298 438 333 πρότερα
448 297 480 324 ἃν
494 297 537 333 εἴη
548 298 596 332 τῆς
613 298 780 333 εἱμαρμένης
791 298 824 324 τὰ
844 299 986 333 σωματικὰ

201 343 321 379 στοιχεῖα
334 364 341 376 ,
357 342 387 374 ἐξ
406 339 443 369 ὧν
455 342 502 369 καὶ
515 343 549 368 τὰ
563 343 676 378 οὐράνια
691 342 864 376 συνέστηκεν,
885 339 922 368 ὧν
937 343 985 377 τὴν

201 388 372 424 εἱμαρμένην
390 387 561 423 συμϐεϐηκός
580 397 606 414 τι
625 387 779 422 σύμπτωμα
800 388 872 422 λέγοι
892 389 922 414 ἀν
944 397 985 419 τις

199 435 311 465 εἰκότως
322 444 330 467 ;
341 435 396 461 Καὶ
408 434 465 465 πῶς
478 433 510 460 ἂν
521 434 617 460 ταύτὸν
633 434 674 469 εἴη
691 435 721 461 τὸ
742 434 912 469 συμϐεϐηκὸς
929 437 985 467 τοῖς

202 481 344 517 στοιχείοις
365 481 404 516 τῷ
424 481 469 507 ἐπὶ
491 481 598 507 πάντων
616 480 691 515 Θεῷς
712 481 735 506 εί
754 480 785 515 δὴ
809 481 844 506 τὰ
866 482 984 516 στοιχεῖα

199 527 291 563 ἄψυχα
304 528 351 553 καὶ
361 526 445 561 ἄλογα
459 526 528 552 κατὰ
542 526 591 560 τὴν
603 526 705 551 οἰκείαν
722 525 910 561 ὲπιθεωρεῐται
932 526 982 560 φύ-

199 581 252 605 σιν,
266 574 280 600 ὁ
294 573 323 599 δὲ
333 573 399 604 Θεὸς
412 572 464 605 ἔξω
481 572 612 607 σωμάτων
626 571 748 605 αὑτοζωὴ
765 572 811 597 καὶ
825 572 905 606 σοφία
918 580 983 606 τυγ-

198 619 274 655 χάνει
285 618 338 650 ὢν,
350 618 400 653 τῆς
411 617 441 650 ἐξ
455 617 537 644 αὐτοῦ
550 618 731 653 δημιουργίας
744 619 799 648 τοῖς
810 627 838 643 τε
851 619 920 644 κατὰ
936 619 982 652 μὲ-

199 673 245 701 po;
258 664 397 699 στοιχείοις
410 665 456 691 καὶ
470 666 501 699 τῇ
513 664 565 690 τῶν
576 664 643 690 ὅλων
657 664 835 699 διακοσμήσει
852 664 901 699 τὴν
914 664 981 691 ἀπό-

196 711 291 738 λαυσιν
304 710 482 747 δωρούμενος.
505 711 542 736 Οὐ
555 711 651 737 ταύτὸν
676 711 729 746 ἄρα
741 711 805 742 Θεὸς
822 712 867 737 καὶ
884 713 981 747 εἱμαρ-

198 757 277 792 μένη.
290 757 321 783 El
333 757 362 783 δὲ
373 757 405 792 δὴ
416 757 518 792 ἕτερον,
532 756 643 792 πότερον
664 758 798 792 κρεῖττον;
823 757 890 783 Ἀλλ’
904 758 980 783 οὐδὲν

195 802 243 833 τοῦ
258 802 324 829 Θεοῦ
346 802 472 834 κάλλιον,
489 802 549 828 οὐδέ
570 811 594 828 τι
616 802 843 838 δυναμικώτερον.
877 803 979 829 Οὐκοῦν

194 848 329 883 κρατήσει
349 848 395 873 καὶ
416 848 555 882 περιέσται
574 847 620 873 τοῦ
645 848 806 883 χείρονος,ἢ
831 848 978 884 συγχωρῶν

191 893 335 928 ηκακοτοοιῷ
352 893 523 929 τυγχανούσῃ
536 894 568 927 τῇ
587 893 750 929 εἱμαρμένῃ,
765 894 844 925 αὐτὸς
858 894 890 920 ἂν
903 895 979 929 ἐφέλ-
994 888 1015 914 Β

194 947 270 966 κοιτο
279 939 329 974 τὴν
342 939 441 971 αἰτίαν,
453 939 492 971 ὃς,
507 939 618 970 δυνατὸς
631 938 668 965 ὢν
687 941 806 974 ἐπισχεῖν
827 940 876 975 τὴν
895 949 977 967 κακο-

194 985 272 1012 ποιὸν
284 985 416 1020 ἀνάγκην,
432 986 481 1011 οὑκ
495 985 605 1020 ἐποίησε
619 984 713 1016 τοῦτο,
730 986 814 1020 ἀνῆκε
835 986 862 1012 δὲ
880 986 978 1021 ἄφετον

194 1031 241 1057 ἐπὶ
252 1031 325 1067 λύμῃ
338 1031 385 1057 καὶ
396 1030 526 1066 διαφθορᾷ
536 1031 589 1057 τῶν
599 1031 734 1062 ἁπάντων,
749 1032 847 1066 μᾶλλον
859 1032 885 1058 δὲ
899 1033 978 1064 αὐτὸς

193 1077 275 1104 τοῦτο
290 1077 447 1113 εἰργάσατο,
462 1078 485 1103 εἰ
499 1077 529 1112 δὴ
540 1077 648 1103 πάντων
657 1077 702 1103 καὶ
714 1078 797 1112 αὐτῆς
810 1079 977 1114 εἱμαρμένης

193 1122 308 1157 ποιητὴς
323 1123 369 1149 καὶ
382 1122 545 1158 δημιουργὸς
556 1122 702 1156 εἰσάγοιτο.
719 1123 749 1149 Εἰ
764 1124 784 1149 δ’
800 1124 885 1155 οὐδεὶς
903 1124 977 1159 αὐτῷ

191 1168 271 1202 λόγος
284 1169 334 1204 τῆς
353 1169 399 1195 τοῦ
415 1168 514 1200 παντὸς
531 1168 687 1201 διατάξεως,
712 1169 798 1195 ἀθέων
817 1168 893 1201 αὖθις
914 1170 977 1196 ἁνα-

193 1214 289 1248 κύψειε
302 1214 387 1250 φωνὴ,
406 1215 472 1250 πρὸς
483 1215 515 1250 ἣν
527 1215 576 1246 τὰς
592 1215 675 1246 ἀκοὰς
691 1216 881 1242 ἀποκλειστέον
896 1238 903 1249 ,
927 1216 976 1251 τῆς

191 1259 285 1286 ἐνθέου
300 1260 423 1297 προνοίας
435 1261 481 1287 καὶ
495 1261 632 1296 δυνάμεως
643 1261 763 1297 ἐναργῶς
775 1262 976 1298 ἀποφαινούσης

192 1306 292 1341 ἑαυτὴν
310 1306 342 1332 ἐκ
356 1315 386 1333 τε
405 1307 457 1333 τῶν
478 1307 591 1333 καθόλου
607 1308 751 1341 πανσόφων
779 1308 825 1333 καὶ
847 1309 976 1342 τεχνικῶν

190 1352 430 1386 ἀποτελεσμάτων,
449 1352 479 1378 ἐκ
501 1361 529 1378 τε
546 1352 599 1378 τῶν
616 1353 676 1379 καθ’
692 1353 764 1387 ἡμᾶς
786 1354 976 1388 ἀναμφιλόγως

189 1396 241 1431 τὴν
251 1396 395 1432 ἐλευθέραν
410 1397 455 1423 καὶ
469 1397 639 1428 αὐτεξούσιον
650 1398 699 1432 τῆς
712 1398 822 1432 λογικῆς
835 1399 922 1433 ψυχῆς
932 1399 976 1424 δύ-

189 1451 273 1477 ναμιν
301 1443 555 1477 παραδεικνυμένων
568 1451 574 1457 ·
591 1442 656 1479 καθ’
674 1443 706 1477 ἣν
719 1463 726 1474 ,
751 1443 839 1469 καίτοι
872 1445 974 1479 μυρίων

188 1487 290 1521 ἔξωθεν
305 1488 428 1523 ἐμποδὼν
448 1490 480 1523 τῇ
497 1497 525 1514 τε
548 1487 593 1514 τοῦ
618 1487 741 1523 σώματος
769 1489 847 1522 φύσει
867 1491 925 1521 ταῖς
944 1497 974 1516 τε

189 1533 262 1560 κατὰ
280 1534 439 1569 προαίρεσιν
461 1534 502 1568 ἐφ’
514 1535 697 1569 ἡμῖνιιὸρμαῖς,
712 1535 781 1561 κατά
795 1544 821 1561 τι
838 1534 974 1570 συμϐεϐη-
988 1555 1009 1584 C

188 1580 238 1611 κὸς
247 1580 482 1616 προσπιπτόντων,
496 1580 569 1615 ὅμως
585 1580 652 1615 πρὸς
665 1580 772 1607 ἅπαντα
782 1582 831 1616 τῆς
847 1582 916 1608 κατά
924 1582 975 1617 ψυ-

186 1626 240 1661 χὴν
254 1626 353 1662 ἀρετῆς
361 1626 390 1652 τὸ
403 1625 542 1660 ἐλεύθερον
557 1626 673 1661 ἀντέχει,
689 1627 794 1661 ἄμαχον
810 1627 855 1653 καὶ
872 1628 972 1663 ἀήττη-

186 1679 234 1698 τον
244 1671 275 1697 τὸ
286 1671 327 1705 ἐφ’
343 1672 409 1708 ἡμῖν
427 1671 481 1698 τῶν
502 1671 591 1698 καλῶν
608 1671 657 1707 τὴν
672 1672 777 1707 αἵρεσιν
789 1673 975 1708 ἐπιδεικνύμε-

186 1725 243 1744 νον.
258 1717 341 1743 Τοῦτο
353 1717 381 1743 δὲ
395 1717 510 1752 μάλιστα
524 1718 571 1744 καὶ
586 1718 600 1744 ὁ
624 1718 719 1753 παρὼν
741 1718 835 1753 καιρὸς
852 1719 902 1753 τῆς
927 1719 973 1745 τοῦ

187 1762 314 1798 Σωτῆρος
324 1762 400 1797 ήμῶν
411 1762 591 1797 εὑαγγελικῆς
603 1762 774 1794 διδασκαλίας
784 1763 873 1798 ἔργοις
885 1764 974 1795 αὐτοῖς

186 1808 387 1843 παρεστήσατο.
405 1808 465 1834 Ὅτι
479 1807 533 1843 γὰρ
543 1808 627 1834 ταῦτα
647 1808 682 1844 μὴ
691 1809 771 1843 ψόφοι
782 1810 828 1835 καὶ
847 1809 911 1835 κενὰ
927 1810 974 1845 ῥή-

188 1861 271 1888 ματα,
287 1853 400 1888 πάρεστί
413 1862 452 1880 σοι
471 1854 515 1880 τὸν
530 1854 584 1880 τῶν
601 1854 732 1880 θεοσεϐῶν
754 1855 846 1889 ἀγῶνα
869 1855 974 1881 ἐπιϐλέ-

185 1897 246 1931 ψαι,
260 1898 308 1923 καὶ
328 1898 442 1924 συνιδεῖν
462 1899 525 1929 τοὺς
542 1899 699 1935 προαιρέσει
725 1900 892 1935 αὑθεκουσίῳ
911 1900 973 1931 τοὺς

185 1943 285 1974 πόνους
305 1943 359 1970 τῶν
381 1944 450 1980 ὑπὲρ
469 1944 608 1976 εὐσεϐείας
631 1945 718 1971 ἄθλων
730 1946 971 1980 ἀναδεδεγμένους’

182 1989 232 2020 οὓς
246 1989 306 2016 καθ’
316 1989 378 2025 ὅλης
392 1990 440 2024 τῆς
457 1991 605 2026 ἀνθρώπων
615 1991 775 2026 οἰκουμένης
788 1992 871 2026 μυρία
882 1991 971 2027 πλήθη

190 2034 327 2070 Ἑλλήνων
349 2044 378 2061 τε
402 2036 447 2062 καὶ
467 2036 611 2073 βαρϐάρων
631 2037 784 2069 ὲνεδέξατο,
810 2037 900 2067 πάσας
924 2037 972 2072 μὲν

183 2080 333 2116 προθύμως
346 2081 395 2112 τὰς
420 2081 490 2108 κατὰ
505 2081 551 2107 τοῦ
575 2082 698 2117 σώματος
726 2082 909 2115 ὑπομείναντα
931 2083 972 2108 αἰ-

183 2127 257 2158 κίας,
270 2127 324 2153 πᾶν
335 2127 363 2153 δὲ
379 2127 500 2161 βασάνων
515 2125 583 2158 εἶδος
594 2127 698 2162 φαιδρῷ
710 2127 748 2162 τῷ
758 2126 896 2163 προσώπῳ
904 2127 972 2153 διελς

182 2172 274 2204 Θόντα,
289 2173 335 2199 καὶ
352 2172 427 2204 τέλος
441 2173 619 2208 πολυτρόποις
638 2173 759 2209 σχήμασι
778 2172 825 2208 τὴν
851 2173 904 2199 ἀπὸ
924 2172 971 2199 τοῦ

1039 261 1192 287 nexumque
1205 261 1360 286 causarum,
1375 258 1449 281 certo
1462 258 1541 288 ιιιηυε
1553 259 1710 281 constanter
1722 262 1754 281 ex
1768 263 1821 282 οω

1037 299 1144 326 lestiutn
1160 303 1295 326 astrorum
1311 300 1487 327 conversione
1502 300 1673 334 pendentem,
1690 300 1754 335 quis
1768 309 1821 328 non

1036 345 1126 378 priora
1143 345 1197 371 fato
1215 346 1273 379 ipso
1284 350 1416 373 elementa
1429 353 1490 373 esse
1510 346 1657 381 intelligat,
1674 354 1707 374 ex
1724 347 1822 380 quibus

1035 391 1156 418 cmlestia
1170 399 1285 425 corpora
1303 392 1417 419 conﬂata
1432 392 1502 424 sint,
1517 399 1633 426 quorum
1647 399 1712 419 sane
1730 391 1824 418 fortui-

1035 441 1091 463 tum
1114 437 1257 471 quemdam
1279 445 1372 464 casum
1398 445 1459 464 esse
1484 437 1585 471 fatum,
1610 438 1700 472 quivis
1724 438 1822 472 opinor

1035 482 1131 508 merito
1157 482 1275 508 dixerit?
1303 482 1380 515 Quod
1403 486 1491 509 autem
1513 483 1654 510 elementis
1678 483 1819 511 fortuitum

1033 532 1085 560 est,
1100 528 1169 554 idem
1185 528 1249 554 illud
1267 536 1298 555 ac
1310 533 1502 563 pra-potentem
1516 529 1635 556 universi
1649 528 1733 557 Deum
1747 537 1818 563 esse,

1033 574 1095 608 quis
1114 574 1206 608 putet?
1233 573 1371 600 Elementa
1398 575 1514 609 quippe.
1543 579 1639 602 natura
1664 583 1730 608 sua,
1756 583 1818 603 cum

1033 620 1123 646 anima
1138 624 1194 646 tum
1209 621 1311 647 ratione
1326 626 1435 652 carent;
1451 626 1478 647 at
1492 620 1562 648 Deus
1575 625 1601 648 et
1619 622 1653 648 ab
1666 622 1739 649 omni
1756 630 1818 650 cor-

1032 666 1107 700 poris
1132 666 1305 693 concretione
1329 667 1478 702 sejunclus,
1494 673 1521 694 et
1533 668 1586 694 vita
1600 675 1647 702 per
1667 675 1726 696 sese
1742 676 1818 703 quat-

1032 711 1093 737 dam
1110 719 1141 738 ac
1153 711 1285 746 sapientia
1298 718 1348 745 est,
1366 713 1491 747 idemque
1507 721 1559 740 non
1575 715 1690 748 singulis
1712 720 1816 742 tantum

1030 758 1182 790 elementis,
1205 758 1252 785 sed
1267 758 1350 786 totius
1371 759 1452 786 etiam
1467 760 1651 787 universitatis
1668 761 1818 794 pulchritu-

1030 804 1098 835 dini,
1114 804 1154 831 vis
1169 804 1196 830 in
1210 804 1378 838 procreando
1390 812 1445 831 suae
1456 805 1561 839 copiam
1576 804 1649 832 iacit.
1670 805 1728 832 Non
1744 805 1814 833 idem

1031 856 1095 884 ergo
1110 853 1174 876 sunt
1187 848 1271 876 fatum
1293 854 1374 884 atque
1394 849 1474 877 Deus.
1509 850 1556 877 Sin
1571 855 1660 877 autem
1677 851 1815 878 diversum

1029 895 1130 929 aliquid
1149 903 1164 921 a
1181 894 1236 922 Deo
1260 895 1345 923 fatum
1360 900 1409 926 est.
1433 900 1526 923 utrum
1548 896 1645 923 melius
1659 896 1817 931 quidpiam?

1028 940 1063 966 At
1084 940 1139 967 Deo
1150 961 1157 972 ,
1174 948 1222 967 nec
1238 941 1336 968 melius
1358 942 1507 976 quidquam
1519 962 1526 974 ,
1545 949 1594 968 nec
1611 942 1747 976 potentius
1763 947 1814 969 est.

1028 985 1081 1011 Aut
1093 985 1177 1019 igitur
1190 986 1280 1013 vincet
1303 986 1347 1013 ille
1368 986 1579 1020 superabitque,
1597 985 1668 1020 quod
1684 986 1815 1013 humilius

1028 1035 1080 1063 est,
1092 1035 1138 1058 aut
1154 1031 1177 1058 si
1194 1030 1249 1058 fato
1267 1032 1400 1058 malorum
1414 1031 1564 1058 architecto
1577 1031 1814 1066 ccsserit,culpam

1028 1076 1086 1111 ipse
1112 1081 1194 1103 totam
1219 1076 1381 1109 sustinebit,
1407 1076 1453 1111 qui
1468 1084 1530 1103 cum
1545 1076 1674 1103 artiﬁcem
1692 1076 1754 1103 mali
1768 1084 1814 1104 ne-

1028 1122 1181 1149 cessitatem
1200 1121 1324 1148 inhibere
1338 1125 1440 1155 posset,
1460 1129 1513 1149 non
1529 1121 1621 1149 fecerit
1637 1125 1725 1148 tamen
1736 1141 1744 1154 ,
1766 1122 1813 1149 sed

1027 1175 1085 1193 cam
1100 1168 1189 1201 potius
1204 1167 1230 1193 in
1245 1167 1366 1194 onmium
1390 1172 1492 1201 pestem
1518 1171 1602 1200 atque
1617 1166 1764 1200 perniciem
1781 1166 1813 1193 li-

1028 1213 1090 1239 bere
1105 1212 1222 1247 grassari
1236 1212 1409 1247 permiserit,
1436 1220 1482 1239 seu
1498 1212 1589 1239 verius
1604 1211 1629 1238 id
1645 1211 1759 1246 ipsemet
1775 1211 1813 1238 fe-

1027 1258 1103 1290 cerit,
1120 1258 1252 1293 siquidem
1267 1258 1290 1284 is
1312 1263 1339 1284 et
1353 1265 1443 1284 rerum
1461 1257 1594 1287 omnium,
1607 1262 1633 1283 et
1647 1256 1733 1291 ipsius
1746 1264 1814 1291 quo-

1026 1312 1078 1338 que
1090 1303 1137 1330 fati
1150 1309 1243 1331 auctor
1258 1312 1290 1332 ac
1302 1304 1414 1330 molitor
1428 1303 1567 1331 habeatur.
1588 1301 1656 1330 Nam
1673 1303 1695 1330 si
1709 1303 1741 1330 de
1754 1302 1814 1330 uni-

1026 1350 1097 1377 versi
1119 1350 1371 1381 administratione,
1389 1350 1442 1376 Deo
1462 1357 1565 1385 susque
1585 1350 1688 1384 deque;
1702 1357 1753 1376 vox
1772 1349 1815 1376 de-

1026 1404 1080 1423 nuo
1093 1395 1238 1430 impiorum
1256 1395 1380 1427 exsistat,
1408 1395 1451 1421 cui
1468 1401 1558 1422 tamen
1576 1395 1750 1430 occludenda:
1764 1403 1813 1422 au-

1026 1448 1069 1467 res
1085 1440 1159 1467 illico
1174 1445 1255 1473 sunt;
1281 1448 1342 1467 cum
1357 1448 1416 1467 sese
1432 1440 1523 1467 divina
1536 1440 1577 1467 vis
1593 1448 1624 1467 ac
1641 1427 1813 1468 i’rovidentia

1026 1486 1098 1512 clare
1115 1486 1288 1519 spectandam
1315 1485 1459 1516 exhibeat,
1487 1490 1513 1512 et
1537 1485 1663 1512 universe
1685 1485 1814 1520 operibus

1026 1531 1177 1557 admirabili
1189 1531 1268 1565 plane
1280 1530 1395 1557 consilio
1409 1530 1575 1564 solertiaque
1589 1529 1726 1563 perfectis,
1739 1535 1765 1559 et
1779 1530 1814 1557 iis

1025 1575 1210 1610 propric,qu:e
1223 1575 1301 1602 uobis
1316 1575 1461 1609 conjuncta
1476 1582 1538 1602 cum
1555 1575 1619 1607 sint,
1631 1578 1686 1600 tum
1700 1574 1812 1602 liberam

1025 1629 1129 1656 suoque
1146 1621 1306 1656 gaudentem
1321 1620 1383 1655 jure
1397 1620 1480 1647 animi
1495 1620 1599 1647 ratione
1612 1619 1716 1655 praediti
1731 1619 1814 1647 facul—

1024 1672 1106 1694 tatem
1125 1667 1263 1694 evidenter
1277 1666 1436 1694 ostendunt.
1457 1666 1516 1699 Qua
1536 1666 1645 1701 quidem
1662 1666 1719 1693 lieri
1731 1666 1811 1699 solet,

1025 1719 1053 1741 ut
1066 1713 1171 1740 inlinita
1198 1713 1260 1740 licet
1286 1712 1467 1745 extrinsecus,
1487 1717 1535 1739 aut
1554 1717 1657 1739 natura;
1679 1713 1812 1747 corporis,

1024 1763 1071 1785 aut
1095 1758 1229 1793 susceptis
1250 1758 1320 1784 ultro
1340 1758 1458 1785 motibus
1481 1758 1673 1792 impedimenta
1701 1757 1813 1785 fortuito

1024 1813 1083 1832 sese
1101 1805 1241 1840 objiciunt,
1267 1805 1394 1832 omnibus
1417 1809 1506 1831 tamen
1527 1805 1612 1832 libera
1626 1805 1713 1832 virtus
1728 1805 1812 1832 auinti

1023 1853 1180 1876 constanter
1208 1849 1333 1882 obsistat,
1352 1849 1535 1876 voluntariam
1553 1850 1615 1876 boni
1639 1850 1811 1883 electionem,

1024 1898 1123 1921 nostra!
1139 1894 1280 1928 cujusdam
1301 1894 1443 1928 potestatis
1462 1902 1524 1921 esse
1536 1915 1543 1926 ,
1565 1902 1626 1929 quae
1640 1895 1712 1922 vinci
1728 1903 1813 1930 expu-

1022 1940 1154 1975 gnarique
1168 1947 1221 1966 non
1234 1940 1330 1974 possit,
1345 1940 1500 1966 ostendens.
1515 1940 1594 1975 253
1609 1941 1697 1975 Atque
1714 1941 1738 1967 id
1751 1949 1814 1976 pro-

1023 1985 1108 2017 fecto,
1129 1986 1170 2011 vel
1192 1986 1243 2012 hoc
1258 1985 1347 2020 ipsum
1369 1986 1532 2022 evangelicae
1547 1987 1701 2015 Servatoris
1725 1989 1811 2015 nostri

1022 2031 1153 2058 doctrina:
1186 2035 1293 2065 tempus
1321 2038 1349 2057 te
1377 2030 1435 2065 ipsa
1463 2032 1581 2058 maxime
1612 2033 1809 2067 comprobavit.

1021 2076 1141 2111 Quippe,
1155 2084 1189 2104 ne
1203 2083 1230 2103 tu
1245 2077 1296 2103 ista
1311 2076 1381 2103 torte
1397 2077 1543 2104 verborum
1565 2079 1673 2105 inanem
1690 2078 1809 2106 sonitum

1021 2125 1180 2158 existimes,
1201 2132 1256 2151 uno
1276 2128 1385 2159 aspectu
1408 2124 1645 2151 sanctissimorum
1659 2129 1808 2160 martyrum

1021 2171 1237 2203 dimicationem,
1253 2178 1404 2205 eorumque
1418 2170 1518 2197 seriem
1540 2169 1639 2198 intueri
1653 2175 1729 2205 potes
1739 2191 1747 2203 ,
1761 2172 1807 2206 qui

134 2218 137 2221 ’
180 2217 311 2253 σώματος
328 2218 403 2245 λύσιν
423 2219 471 2253 τῆς
486 2219 574 2253 ψυχῆς
590 2219 735 2249 ἀσπαστῶς
756 2218 968 2253 καταδεξάμενα.

1025 2223 1116 2252 suopte
1129 2217 1242 2244 arbitrio
1255 2221 1442 2251 susceptorum
1457 2223 1506 2251 pro
1518 2216 1616 2251 pietate
1629 2217 1807 2244 certaminum

181 2264 238 2290 Καὶ
253 2264 307 2299 μὴν
323 2264 409 2295 οὐδεὶς
421 2264 535 2291 ἐνταῦθα
546 2264 622 2299 λόγος
633 2264 786 2300 ἐπιτρέψειε
803 2264 851 2299 τὴν
872 2266 969 2300 εἱμαρ‹

182 2309 269 2345 μένην
280 2310 428 2336 αἰτιᾶσθαι.
446 2310 500 2336 Ποῦ
515 2311 567 2346 γάρ
583 2319 624 2337 σοι
634 2311 666 2336 ὲκ
679 2310 783 2346 μακροῦ
797 2311 894 2341 αἰῶνος
914 2319 969 2336 τοι-

181 2355 262 2382 ούσδε
289 2355 408 2391 ἀθλητὰς
432 2356 570 2387 εὐσεϐείας
594 2356 709 2392 ἤνεγκεν
737 2357 754 2391 ἡ
781 2356 835 2382 τῶν
862 2357 969 2392 ἄστρων

181 2401 273 2437 (popa;
288 2401 324 2428 Ἦ
337 2402 402 2428 πότε
417 2402 430 2428 ὁ
444 2401 497 2428 τῶν
513 2401 661 2437 ἀνθρώπων
682 2402 738 2437 βίος
748 2421 755 2433 ,
778 2401 830 2435 πρὸ
852 2402 902 2436 τῆς
922 2401 968 2428 τοῦ

179 2446 308 2482 Σωτῆρος
319 2446 397 2482 ἡμῶν
411 2448 450 2478 είς
466 2447 568 2478 πάντας
582 2446 741 2481 ἀνθρώπους
756 2446 968 2482 καταϐληθείσης

177 2492 365 2525 διδασκαλίας,
383 2493 484 2520 τοιόνδε
501 2492 684 2528 προϐέϐληται
701 2493 762 2519 καθ’
775 2493 838 2528 ὅλης
850 2492 899 2527 τῆς
920 2493 967 2518 ἀν-

178 2537 298 2575 θρώπων
309 2539 470 2574 οἰκουμένης
485 2538 593 2572 ἀγῶνα;
606 2539 660 2565 Ποῦ
671 2539 700 2565 δὲ
716 2539 821 2566 τοιωνδὶ
835 2539 921 2572 λόγων
933 2539 968 2566 δι-

175 2583 339 2615 δασκάλων,
364 2584 557 2620 δεισιδαίμονος
584 2585 634 2619 μὲν
658 2585 760 2620 πλάνης
784 2585 965 2620 ἀναιρετικὸν,

175 2630 238 2662 ἑνὸς
261 2629 290 2657 δὲ
305 2630 352 2656 τοῦ
369 2630 416 2656 ἐπὶ
435 2630 543 2657 πάντων
564 2630 631 2657 Θεοῦ
654 2631 778 2665 γνώσεως
803 2631 964 2664 διδακτικὸν,

174 2676 279 2703 ἅπασιν
290 2676 454 2712 ἀνθρώποις,
468 2677 578 2712 Ἕλλησί
592 2685 621 2703 τε
635 2678 681 2703 καὶ
698 2677 844 2713 βαρϐάροις
854 2698 861 2708 ,
882 2679 896 2704 ὁ
912 2678 966 2709 πᾶς

173 2722 242 2749 αἰὼν
266 2723 386 2758 ἡνεγκες
402 2723 450 2755 Τίς
463 2723 491 2749 δὲ
503 2723 533 2755 ἐξ
546 2723 644 2755 αἰῶνος
660 2723 713 2750 τῶν
732 2724 814 2751 πάλαι
835 2724 964 2760 ἀοιδίμων

173 2769 275 2804 σοφῶν.
290 2768 453 2804 βάρϐαροςῆ
468 2769 577 2805 Ἕλλην,
593 2768 698 2796 τοιᾶσδέ
717 2779 782 2796 ποτε
793 2770 896 2806 ἠξιώθη
925 2771 963 2796 εἰ-

172 2816 328 2851 μαρμένης,
341 2815 380 2848 ὡς
393 2816 433 2847 εἰς
448 2816 493 2843 τὸν
508 2816 651 2851 σύμπαντα
672 2816 773 2851 κόσμον
787 2816 902 2851 διαφανῆ
919 2825 966 2842 κα-

167 2861 303 2896 ταστῆσαι
323 2860 370 2888 τὸν
394 2861 439 2888 in‘
463 2861 545 2888 αὑτοῦ
574 2861 757 2896 προϐληθέντα
777 2860 864 2895 λόγον,
895 2870 963 2895 γνω-

1022 2262 1129 2289 labores
1153 2262 1285 2289 maximos
1301 2262 1502 2297 subiere:quos
1521 2262 1630 2297 quidem
1651 2262 1808 2289 innumera-

1022 2307 1084 2334 bilis
1102 2311 1157 2334 toto
1171 2306 1272 2341 passim
1288 2306 1363 2337 orbe,
1377 2310 1432 2333 tam
1446 2306 1624 2334 barbarorum
1637 2314 1718 2341 quam
1735 2306 1808 2334 Grae-

1020 2361 1114 2380 corum
1149 2352 1293 2379 multitudo
1326 2352 1470 2384 sustinuit;
1500 2360 1560 2387 quze
1591 2360 1651 2379 cum
1681 2352 1808 2380 alacriter

1020 2407 1115 2426 omnes
1143 2399 1265 2433 corporis
1297 2398 1435 2426 cruciatus
1463 2398 1623 2431 tolerasset,
1650 2406 1682 2425 ac
1708 2406 1805 2433 genera

1021 2449 1217 2472 tormentorum
1238 2444 1330 2471 omnia
1350 2444 1430 2471 hilari
1451 2444 1526 2470 vultu
1546 2440 1728 2476 exhausisset,
1747 2448 1804 2471 tum

1020 2491 1122 2518 variam
1145 2491 1263 2525 denique
1277 2511 1284 2523 ,
1305 2498 1337 2517 ac
1360 2490 1449 2525 specie
1468 2489 1610 2524 formaque
1627 2489 1804 2524 multiplicem

1019 2537 1103 2563 animi
1123 2536 1301 2571 corporisque
1315 2536 1523 2563 dissolutionem
1542 2535 1705 2570 perlibenter
1726 2543 1805 2563 exce—

1018 2584 1066 2618 pit.
1087 2583 1147 2616 Quo
1160 2583 1269 2617 quidem
1285 2583 1311 2610 in
1330 2590 1439 2618 genere,
1460 2581 1514 2609 fato
1532 2589 1643 2609 causam
1664 2582 1805 2617 assignare

1017 2629 1087 2655 ratio
1103 2629 1175 2655 nulla
1192 2628 1320 2662 patiatur.
1353 2626 1419 2654 Nam
1437 2627 1482 2654 ubi
1501 2627 1608 2654 tandem
1619 2646 1626 2658 ,
1651 2631 1679 2653 ut
1694 2634 1726 2653 ex
1743 2626 1804 2653 lon-

1016 2675 1129 2710 gissima
1145 2674 1276 2701 memoria
1292 2679 1407 2707 repetas,
1421 2673 1555 2708 ejusmodi
1570 2673 1678 2708 pietatis
1689 2674 1805 2701 athletas

1016 2722 1136 2750 siderum
1161 2721 1305 2748 conversio
1329 2719 1461 2754 protulit?
1479 2719 1627 2754 Ecquando
1642 2720 1802 2754 priusquam

1016 2771 1129 2794 cunctas
1143 2768 1196 2794 late
1208 2766 1333 2793 nationes
1350 2765 1502 2793 Servatoris
1514 2766 1600 2793 nostri
1612 2766 1733 2792 doctrina
1744 2773 1805 2800 per-

1017 2814 1140 2847 rasisset,
1155 2812 1289 2847 ejusmodi
1301 2812 1354 2839 vita
1368 2812 1510 2839 hominum
1529 2812 1655 2839 universa
1670 2816 1727 2839 toto
1742 2820 1804 2846 pas-

1016 2861 1066 2888 sim
1081 2860 1146 2888 orbe
1168 2865 1304 2888 certamen
1326 2858 1465 2887 exhibuit?
1487 2858 1634 2894 Ecquando
1647 2858 1804 2893 disciplina-
