2063 3211
256 140 306 167 451

576 138 712 167 EUSEBll
730 137 972 167 CESARIENSIS
991 138 1067 168 OPP.
1089 138 1182 168 PARS
1201 139 1233 167 ll.
1253 154 1290 161 —-
1308 139 1561 168 APOLOGETICA.

1827 142 1881 170 ,ιτα

257 207 318 226 ram
331 196 465 233 ejusmodi
481 198 602 225 scholam
617 199 710 231 ullam,
724 206 785 233 quae
795 206 857 226 cum
873 199 1036 234 superstitio

1093 198 1191 226 σθέντα
1204 208 1233 226 τε
1245 199 1325 236 μέχρι
1345 200 1392 227 καὶ
1408 200 1462 227 τῶν
1483 199 1624 236 ὲσχατιῶν,
1645 199 1692 227 καὶ
1713 199 1779 226 Θεοῦ
1802 199 1881 233 δόξαν

257 253 318 271 sunt
337 251 460 271 errorem
484 244 656 276 convelleret,
682 247 737 270 tum
764 244 845 272 unius
867 245 1042 279 praepotentis

258 290 304 318 Dei
320 290 501 324 cognitionem
517 291 636 321 doceret,
645 289 779 317 universis
790 289 956 323 hominibus,
968 289 1042 317 Grae-

255 337 350 371 cisque
367 336 468 370 pariter
493 343 524 362 ae
544 335 683 366 barbaris,
707 334 834 369 superius
860 339 932 361 retro
955 343 1041 361 terum

255 381 378 415 aperuit?
397 380 495 414 Ecquis
512 387 593 414 porro
611 380 824 407 clarissimorum
839 381 903 407 olim
924 388 957 407 ex
969 380 1043 407 omni

255 432 365 454 aetatum
381 426 509 453 memoria
521 426 685 459 sapientum,
704 433 750 453 seu
767 426 900 453 barbarus
921 426 977 456 ille,
995 434 1041 453 seu

253 473 365 500 Graecus
379 472 469 503 fuerit,
483 471 617 506 ejusmodi
631 479 751 506 unquam
768 471 852 498 fatum
866 472 978 499 sortitus
990 476 1042 504 est,

255 523 284 544 ut
298 517 424 552 profectae
446 517 495 544 abs
514 525 574 544 sese
595 517 727 544 doctrinae
741 517 830 544 lucem
853 517 885 544 ad
904 522 1043 545 extremos

253 572 340 599 usque
355 564 430 591 orbis
447 563 565 590 universi
579 564 646 590 lines
667 568 838 598 propagaret,
856 563 957 598 Deique
971 564 1042 599 apud

252 619 316 644 eos,
339 610 385 646 qui
410 610 496 637 sacris
518 610 614 636 initiati
631 610 688 637 suis
701 613 809 643 essent,
833 618 930 636 nomen
952 610 1001 637 sibi
1016 615 1043 637 et

252 656 408 691 opinionem
428 655 617 690 compararet?
638 655 714 687 Quod
730 655 751 681 si
768 659 807 682 tot
821 662 853 682 ac
875 660 946 682 tanta
968 656 1041 682 nullo

253 709 372 736 unquam
391 706 525 736 tempore.
539 701 580 727 Vel
596 700 653 727 ﬁeri
668 701 813 734 quisquam
830 701 906 733 vidit,
918 701 958 727 vel
972 701 1041 728 facta

251 747 370 780 audivit;
385 755 479 774 eorutn
493 754 559 780 ergo
573 754 654 773 causa
670 753 755 772 nexus
771 746 815 772 ille
830 754 976 773 causarum
991 755 1039 773 ne-

253 793 321 820 cessi
336 800 421 827 asque
433 800 487 819 non
503 792 562 819 fuit.
583 792 660 825 Quod
673 792 744 818 enim
761 791 949 826 eamdemjam
963 792 1039 823 olim,

251 839 345 865 eadem
358 842 514 865 recurrente
528 838 646 864 siderum
659 837 848 868 conversione,
858 843 934 864 ortus
946 838 1040 872 pleris-

251 891 304 918 que
317 883 420 918 fatique
439 883 572 909 rationem
589 882 738 914 invideret,
759 890 872 917 prorsus
886 888 945 909 erat
959 883 1036 910 nihil.

253 927 304 955 Sed
320 936 375 963 quo
393 933 481 955 tamen
499 927 564 960 fato,
586 927 712 954 Servator
725 932 818 955 noster
833 927 905 955 Deus
919 933 979 963 post
990 929 1039 955 ad-

251 981 362 1003 ventum
375 983 455 1003 suum
469 975 534 1002 orbe
550 979 605 1001 toto
617 980 793 1002 consecratus
803 980 861 1007 est;
873 983 942 1009 quos
954 975 1039 1002 Grzeei

252 1022 355 1056 pridem
373 1029 407 1049 ac
426 1021 535 1048 barbari
561 1021 626 1047 deos
650 1021 816 1054 habuerant,
839 1021 938 1048 sublati
956 1022 1040 1048 sunt?

252 1075 301 1095 nec
323 1067 401 1094 aliter
427 1074 508 1101 quam
534 1066 596 1093 novi
619 1065 745 1093 Numinis
767 1067 892 1093 doctrina
918 1067 1041 1094 sublati?

251 1114 392 1147 Quodnam
411 1121 492 1148 porro
509 1113 606 1144 fatum,
630 1118 743 1140 cunctos
756 1113 880 1140 homines
893 1113 977 1141 Deum
997 1122 1040 1141 re-

252 1168 311 1187 rum
333 1167 394 1188 esse
411 1160 564 1187 molitorem
589 1159 712 1186 omnium
737 1159 848 1193 docuit,
872 1159 957 1187 fatum
979 1167 1040 1188 esse

252 1206 356 1233 nullum
374 1205 492 1240 protileri
508 1204 614 1239 coegit?
626 1204 676 1237 QUI
692 1204 750 1230 ﬁeri
769 1204 855 1239 potuit
866 1224 873 1236 ,
893 1208 921 1230 ut
936 1210 969 1229 ex
987 1203 1038 1229 ho-

252 1255 357 1282 minum
378 1263 426 1282 ore
444 1255 524 1282 simul
540 1259 567 1282 et
590 1254 754 1289 cogitatione
773 1254 859 1281 fatum
877 1253 925 1280 l'ati
945 1253 1039 1281 vi-tol-

252 1304 369 1332 leretur?
385 1304 454 1337 Quid
480 1312 575 1331 eorum
598 1304 742 1332 multitudo
763 1308 855 1335 tanta,
873 1303 919 1338 qui
939 1310 1038 1338 genera

249 1354 430 1381 certaminum
449 1353 539 1380 omnia
554 1373 561 1384 ,
587 1360 636 1387 pro
650 1352 731 1391 254
743 1351 907 1379 Christianae
928 1352 1038 1387 pietatis

249 1399 434 1433 doctrimeque
459 1398 636 1432 defensione,
662 1406 725 1425 eum
748 1398 937 1433 superioribus
966 1404 1038 1426 retro

248 1445 356 1473 saeculis
371 1445 490 1477 subiere,
506 1449 562 1471 tum
577 1449 656 1471 aetate
668 1452 777 1480 quoque
792 1449 887 1472 nostra
900 1445 1038 1473 subeunt?

250 1488 310 1519 Uno
323 1490 448 1518 videlicet
460 1498 555 1518 omnes
568 1491 717 1525 eodemque
735 1491 790 1518 fato
803 1492 859 1518 nati
875 1496 947 1524 sunt,
964 1493 1036 1526 quod

248 1543 275 1565 et
291 1538 351 1565 illos
366 1537 453 1564 eidem
468 1536 594 1564 instituto
616 1536 800 1571 doctrinaeque
818 1537 995 1572 maneiparit,
1011 1543 1037 1565 et

1094 245 1169 281 παρὰ
1195 247 1251 277 τοῖς
1276 246 1349 282 αὑτῴ
1374 246 1594 282 καθωσιωμένοις
1617 246 1785 282 κτήσασθαι;
1806 246 1838 273 Ει
1851 246 1881 273 δὲ

1093 291 1178 318 ταῦτα
1191 291 1219 325 ἐξ
1232 292 1328 324 αἰῶνος
1344 290 1453 328 οὔτ’-ἧν,
1471 292 1533 319 οὔτε
1552 293 1678 327 γέγονεν,
1702 291 1763 318 οὔτε
1785 293 1881 324 ἀκοαῖς

1093 340 1223 375 ἤκουσται
1234 349 1240 355 ³
1264 340 1313 366 οὐκ
1328 338 1361 375 ἦν
1377 340 1430 376 ἄρα
1450 341 1543 376 εἱρμὸς
1559 341 1651 367 αἰτιῶν
1673 340 1719 366 καὶ
1731 340 1836 374 ἀνάγκη
1851 339 1881 365 τὸ

1093 386 1194 412 τούτων
1213 386 1308 413 αἴτιον.
1323 387 1409 414 Πάλαι
1424 387 1478 422 γὰρ
1493 387 1524 414 ἂν
1543 387 1586 414 διὰ
1604 387 1654 422 τῆς
1675 387 1758 421 αὐτῆς
1780 387 1881 412 ἀνακυ-

1093 432 1214 466 κλήσεως
1226 433 1271 459 καὶ
1285 434 1435 468 περιφορᾶς
1444 433 1498 460 τῶν
1513 433 1618 468 ἄστρων
1631 432 1717 464 οὐδεὶς
1732 430 1765 467 ἦν
1785 431 1879 466 φθόνος

1093 479 1138 505 καὶ
1150 479 1245 510 ἄλλους
1258 479 1307 514 τῆς
1323 479 1408 514 αὐτῆς
1420 481 1509 514 τυχεῖν
1521 479 1652 514 γενέσεώς
1666 488 1695 505 τε
1721 479 1767 504 καὶ
1781 479 1879 513 εἱμαρ-

1095 525 1186 560 μένης.
1208 526 1254 551 Ἐκ
1267 527 1344 558 ποίας
1359 526 1386 552 δὲ
1401 527 1454 562 ἄρα
1470 526 1636 561 εἱμαρμένης
1652 526 1666 552 ὁ
1685 526 1731 560 μὲν
1746 525 1880 560 ἡμέτερος

1092 571 1186 605 Σωτὴρ
1205 572 1270 603 Θεὸς
1284 572 1423 605 ἐπιφανεὶς
1435 572 1494 598 καθ’
1504 572 1566 606 ὅλης
1581 572 1629 606 τῆς
1641 571 1801 606 οἰκουμένης
1815 572 1880 605 ἀνη-

1092 616 1235 650 γόρευται·
1249 618 1272 642 οἱ
1286 617 1313 643 δὲ
1331 617 1413 644 πάλαι
1427 617 1613 652 νενομισμένοι
1629 617 1704 652 παρὰ
1720 626 1749 642 τε
1766 617 1880 651 Ἕλλησι

1092 661 1138 687 καὶ
1156 661 1302 697 βαρϐάροις
1320 662 1375 689 θεοὶ
1386 662 1570 698 καθῄρηνται;
1588 663 1635 688 καὶ
1659 662 1707 689 οἰκ
1727 663 1812 694 ἄλλως
1831 672 1881 689 κα-

1092 706 1221 742 θῄρηνται
1233 708 1248 743 ἢ
1261 708 1303 734 διὰ
1321 709 1368 743 τῆς
1381 709 1426 735 τοῦ
1443 709 1502 735 νέου
1518 709 1584 735 Θεοῦ
1598 709 1785 742 διδασκαλίας,
1811 711 1880 737 Ποία

1091 753 1112 779 δ’
1130 753 1218 779 αὐτῶν
1231 760 1242 774 α
1259 755 1411 790 εἱμαρμένη
1426 755 1491 781 Θεὸν
1507 755 1670 791 δημιουργὸν
1688 757 1813 783 ἁπάντων
1832 758 1881 784 πᾶ-

1092 806 1132 824 σιν
1146 798 1298 834 ἀνθρώποις
1309 801 1498 836 κατήγγειλεν,
1516 801 1684 836 εἱμαρμένην
1705 802 1732 828 δὲ
1756 803 1792 837 μὴ
1810 800 1880 828 εἶναι

1092 845 1174 879 φάναι
1189 846 1373 881 ἑξηνάγκασε;
1390 847 1443 873 Καὶ
1462 847 1548 882 πώςὴ
1569 848 1721 883 εἱμαρμένη
1745 848 1781 883 μὴ
1809 846 1879 876 εἶναι

1059 902 1078 928 Β
1092 892 1191 926 ἑαυτὴν
1204 892 1294 926 λέγειν
1305 901 1334 918 τε
1352 893 1399 919 καὶ
1414 894 1521 928 φρονεῖν
1535 893 1675 926 ἐϐιάσατο;
1692 894 1723 920 Τί
1747 894 1775 921 δὲ
1788 895 1812 921 οἱ
1829 895 1880 930 τῆς

1090 938 1137 964 τοῦ
1150 939 1275 974 Σωτῆρος
1292 939 1369 974 ἡμῶν
1386 940 1513 971 εὐσεϐοῦς
1529 940 1609 966 ἕνεκα
1622 939 1793 972 διδασκαλίας
1812 950 1879 967 παν-

1090 983 1177 1014 τοίους
1186 983 1283 1014 ἄθλους
1296 983 1411 1010 ἔκπαλαι
1424 984 1613 1018 ἠγωνισμένοι,
1628 985 1674 1011 καὶ
1692 985 1775 1011 εἰσέτι
1799 984 1880 1020 δεῦρο

1089 1029 1259 1061 διαθλοῦντες
1272 1039 1278 1062 ;
1298 1031 1361 1065 μιᾶς
1374 1030 1426 1065 ἄρα
1441 1030 1488 1056 καὶ
1502 1030 1551 1064 τῆς
1561 1030 1644 1065 αὐτῆς
1657 1030 1750 1065 ἔτυχον
1770 1031 1878 1066 μοίρας,

1089 1074 1125 1106 ὡς
1142 1074 1186 1108 ὑφ’
1199 1075 1238 1100 ἑνὶ
1249 1074 1319 1110 λόγῳ
1336 1075 1383 1101 καὶ
1394 1075 1551 1110 διδασκαλίᾳ
1566 1075 1732 1110 δουλωθῆναι
1745 1096 1753 1108 ,
1772 1076 1837 1111 μίαν
1848 1084 1879 1102 τε

1088 1122 1200 1157 γνώμην
1215 1122 1261 1148 καὶ
1274 1121 1432 1157 προαίρεσιν
1446 1121 1624 1154 ἐνδείξασθαι,
1641 1123 1687 1148 καὶ
1704 1122 1792 1157 ψυχῆς
1813 1123 1880 1158 ἀρε-

1088 1167 1137 1203 τὴν
1152 1167 1225 1202 μίαν,
1242 1166 1290 1192 ’ένα
1304 1175 1333 1192 τε
1348 1167 1395 1192 καὶ
1407 1166 1452 1192 τὺν
1464 1166 1545 1192 αὐτὸν
1558 1166 1735 1199 ἀναδέξασθαι
1753 1167 1819 1202 βίον,
1832 1168 1879 1194 καὶ

1088 1212 1166 1246 λόγον
1180 1212 1321 1246 ἀγαπῆσαι
1333 1212 1377 1238 τὸν
1389 1212 1480 1243 αὑτὸν,
1493 1212 1542 1243 τὰς
1557 1221 1586 1238 τε
1601 1212 1683 1244 αὐτὰς
1699 1213 1878 1248 ἀγαπητικῶς

1089 1257 1232 1293 ὑπομεῖναι
1247 1258 1260 1277 ιι
1274 1258 1363 1289 πάσας
1393 1258 1426 1283 δι’
1449 1258 1571 1284 ἔνστασιν
1587 1259 1740 1293 εὐσεϐείας;
1763 1260 1818 1286 Καὶ
1836 1260 1879 1292 τίς

1089 1303 1122 1330 ἂν
1133 1303 1211 1339 ὀρθὸς
1223 1303 1300 1330 τοῦτο
1314 1304 1499 1339 συγχωρήσειε
1511 1303 1598 1338 λόγος,
1614 1305 1689 1336 νέους
1703 1305 1772 1331 κατά
1784 1306 1877 1337 ταὺτὸ,

1088 1349 1134 1375 καὶ
1148 1349 1311 1384 πρεσϐύτας,
1327 1349 1374 1376 καὶ
1389 1350 1443 1375 πάν
1457 1349 1554 1385 μέτρον
1566 1351 1685 1385 ἡλικίας,
1707 1351 1830 1387 ἀρρένων
1848 1360 1878 1378 τε

1088 1395 1134 1421 καὶ
1151 1395 1263 1430 θηλειῶν
1279 1395 1354 1430 γένη,
1369 1395 1462 1429 φύσεις
1476 1405 1505 1422 τε
1520 1396 1663 1432 βαρϐάρων
1675 1397 1788 1433 ἀνδρῶν,
1806 1399 1879 1424 οἰκε-

1086 1439 1140 1466 τῶν
1151 1441 1217 1476 ὁμοῦ
1242 1442 1288 1467 καὶ
1302 1441 1470 1476 ἐλευθερίων,
1483 1442 1580 1475 λογίων
1604 1450 1634 1468 τε
1655 1442 1700 1468 καὶ
1712 1443 1834 1474 παιδείας
1846 1443 1879 1470 ἁ-

1089 1488 1220 1522 μετόχων,
1236 1488 1285 1514 οὐκ
1295 1488 1323 1513 ἐν
1331 1488 1416 1522 γωνίᾳ.
1432 1488 1493 1523 γῆς,
1506 1488 1559 1514 οὐδ’
1568 1489 1620 1515 ὑπὸ
1634 1489 1719 1515 τοῖσδε
1726 1490 1878 1525 γενομένων

1086 1534 1143 1564 τοῖς
1155 1533 1275 1569 ἄστροις,
1286 1533 1348 1560 καθ’
1362 1534 1426 1569 ὅλης
1435 1534 1463 1560 δὲ
1475 1534 1523 1569 τῆς
1539 1533 1689 1568 ἀνθρώπων
1704 1535 1877 1570 οἰκουμένης,

247 1583 370 1611 eamdem
386 1582 419 1610 ab
437 1582 491 1610 illis
509 1581 671 1609 sententiam
689 1589 722 1609 ac
737 1582 901 1609 voluntatem
927 1590 1036 1617 expres-

1088 1579 1256 1614 εἱμαρμένης
1271 1579 1378 1615 ἁνάγκῃ
1393 1579 1475 1614 φάναι
1488 1579 1698 1614 βεϐιασμένους,
1719 1580 1793 1606 τόνδε
1817 1581 1879 1607 τινὰ

247 1629 330 1661 serit;
357 1628 418 1655 illos
439 1628 556 1662 denique
576 1635 631 1655 non
655 1628 688 1654 ad
711 1628 926 1663 amplectendam
947 1629 1036 1656 snlum

247 1675 371 1702 eamdem
397 1673 458 1701 vitae
477 1680 643 1707 morumque
668 1674 817 1707 rationem,
838 1675 883 1702 sed
902 1676 984 1701 etiam
1004 1676 1036 1702 ad

247 1722 358 1750 eosdem
381 1721 494 1748 omnino
515 1721 654 1748 cruciatus
680 1721 820 1755 religionis
835 1722 1037 1756 propugnandae

247 1769 334 1804 gratia
349 1767 525 1795 sustinendos
532 1766 686 1801 impulerit.
708 1765 806 1801 Ecqua:
819 1767 939 1798 tandem,
954 1767 977 1794 si
994 1775 1035 1794 re-

247 1818 290 1841 cta
303 1814 384 1840 modo
398 1813 449 1845 sit,
468 1813 538 1839 ratio
554 1811 637 1844 ferat,
656 1813 693 1839 uti
712 1813 828 1847 juvenes
849 1813 930 1840 simul
956 1818 1037 1848 atque

247 1866 327 1886 senes
339 1879 347 1891 ,
366 1858 523 1892 nullamque
546 1857 615 1884 adeo
640 1864 694 1884 non
720 1862 825 1885 :etatem
840 1878 847 1890 ,
864 1866 953 1886 mares
973 1858 1035 1885 item

246 1904 348 1940 pariter
361 1911 392 1931 ac
409 1903 536 1935 feminas,
560 1907 598 1930 tot
614 1903 792 1930 barbarorum
813 1912 922 1938 genera,
943 1911 1036 1931 servos

245 1957 322 1985 :eque
335 1957 366 1977 ac
379 1949 493 1982 liberos,
503 1949 626 1976 eruditos
641 1949 722 1976 simul
737 1948 809 1975 etab
825 1950 898 1976 omni
911 1949 1035 1977 doctrina

245 1996 402 2031 imparatos,
416 2003 469 2022 non
482 1995 509 2021 in
524 1995 616 2029 aliquo
634 1999 767 2021 terrarum
787 1994 897 2030 angulo,
910 2002 964 2022 non
980 2003 1032 2022 cer-

244 2044 280 2072 tis
300 2043 464 2078 quibusdam
487 2043 537 2069 sub
554 2042 634 2069 astris
658 2041 849 2076 sideribusque
866 2046 963 2074 natos,
988 2040 1034 2068 sed

244 2090 310 2118 orbe
323 2089 426 2124 passim
442 2088 579 2120 universo,
599 2093 709 2115 coactos
724 2095 786 2114 esse
808 2088 883 2115 dicas
899 2092 1034 2115 recentem

243 2133 390 2168 quemdam
406 2132 488 2159 ritum
508 2132 602 2167 patriis
618 2131 744 2158 omnibus
758 2132 904 2164 anteferre,
918 2137 1032 2160 mortem

243 2179 417 2214 praepotentis
435 2178 516 2205 unius
533 2176 578 2205 Dei
593 2185 675 2205 causa
688 2178 802 2205 libenter
828 2178 973 2210 sustinuere,
989 2186 1033 2206 re-

243 2225 374 2253 ctissimis
392 2225 426 2252 de
440 2224 594 2251 animorum
622 2224 825 2250 immortalitate
841 2223 975 2258 dogmatis
990 2225 1032 2251 in-

243 2271 371 2305 formari,
390 2275 416 2298 et
428 2269 628 2305 philosophiam
645 2277 802 2304 expressam
816 2270 960 2304 operibus.
976 2278 1029 2297 non

242 2319 332 2346 verbis
347 2318 539 2346 adumbratam
561 2316 703 2351 profiteri?
732 2315 781 2343 Vel
805 2323 893 2343 (aecus
908 2315 1029 2350 profecto

241 2366 331 2393 videat
352 2363 504 2399 disciplina:
516 2363 573 2390 luec
584 2367 612 2390 et
626 2362 808 2389 institutionis
822 2370 898 2395 esse,
918 2370 971 2389 non
989 2362 1030 2388 ul-

240 2410 294 2438 lius
307 2409 494 2441 necessitatis,
513 2409 636 2443 adeoque
651 2407 796 2435 manifesta
810 2407 957 2435 voluntatis
968 2407 1029 2442 jure

241 2457 343 2484 utentis
365 2463 429 2487 suo,
451 2455 598 2489 liberaeque
620 2454 758 2481 facultatis
772 2459 944 2489 argumenta.
964 2453 1030 2480 Pos-

242 2510 299 2530 sem
317 2502 441 2536 equidem
455 2501 590 2529 sexcentis
602 2500 663 2527 aliis
678 2501 779 2528 hancce
794 2501 972 2535 quaestionem
985 2508 1027 2527 ra-

242 2548 362 2576 tionibus
382 2547 533 2580 illustrare,
551 2546 689 2582 plerisque
707 2552 797 2573 tamen
816 2548 867 2574 hoc
890 2547 949 2574 loeo
965 2555 1032 2582 pran-

1087 1625 1141 1651 τῶν
1155 1624 1288 1660 πατρῴων
1311 1626 1439 1652 ἁπάντων
1460 1626 1627 1661 προτιμῆσαι
1653 1625 1740 1659 λόγον,
1759 1627 1806 1653 καὶ
1832 1627 1877 1653 τὸν

1088 1672 1158 1706 ὑπὲρ
1179 1671 1320 1703 εὐσεϐείας
1345 1671 1403 1703 ἐνὸς
1417 1671 1463 1698 τοῦ
1481 1673 1528 1697 ἐπὶ
1547 1672 1654 1698 πάντων
1673 1672 1740 1698 Θεοῦ
1763 1673 1877 1699 θάνατον

1088 1716 1265 1752 ἀγαπητικῶς
1279 1717 1386 1744 ἑλέσθαι
1397 1738 1404 1748 ,
1417 1717 1452 1743 τά
1462 1726 1492 1744 τε
1508 1718 1572 1753 περὶ
1583 1717 1672 1752 ψυχῆς
1686 1717 1835 1749 ἀθανασίας
1846 1716 1875 1744 εὖ

1089 1762 1160 1797 μάλα
1173 1762 1295 1797 δόγματα
1309 1762 1493 1795 παιδεύεσθαι,
1508 1763 1554 1789 καὶ
1566 1763 1721 1798 φιλοσοφίαν
1737 1764 1767 1790 οὺ
1786 1764 1834 1799 τὴν
1848 1765 1878 1790 ἐν

1087 1807 1185 1842 λόγοις,
1199 1809 1249 1843 τὴν
1263 1808 1291 1834 δὲ
1307 1808 1340 1836 δι’
1357 1799 1645 1844 ἔργων-προτιμῆσαη
1664 1808 1756 1835 Ταῦτα
1771 1810 1825 1845 γάρ
1843 1810 1876 1836 ἂν

1087 1853 1128 1889 εἴη
1143 1853 1176 1880 τὰ
1188 1854 1234 1880 καὶ
1245 1854 1337 1889 τυφλῷ
1351 1854 1428 1889 δῆλα,
1441 1854 1478 1886 ὼς
1495 1855 1622 1890 οὐδεμιᾶς
1642 1854 1773 1889 ἀνάγκης,
1786 1855 1876 1891 μαθή-

1088 1898 1155 1930 σεώς
1170 1907 1198 1925 τε
1219 1905 1230 1918 ε
1248 1899 1295 1926 καὶ
1308 1899 1481 1931 διδασκαλίας
1497 1901 1584 1927 οἰκεῖα
1594 1900 1732 1935 τυγχάνει,
1749 1900 1877 1927 αὺθεκου-

1087 1945 1144 1971 σίου
1156 1944 1267 1979 γνώμης
1283 1946 1329 1971 καὶ
1341 1946 1525 1981 προαιρέσεως
1534 1946 1677 1980 ἐλευθέρας
1694 1946 1795 1981 ἐναργῆ
1809 1955 1874 1980 τυγ-

1086 1991 1200 2026 χάνοντα
1214 1991 1431 2026 παραδείγματα.
1450 1992 1556 2018 Γένοιτο
1581 1992 1603 2018 δ’
1625 1992 1657 2019 ἂν
1676 1993 1723 2019 καὶ
1739 1992 1806 2019 ἄλλα
1827 1992 1875 2018 τοῦ

1086 2036 1276 2072 προϐλήματος
1296 2038 1486 2073 παραστατικὰ
1502 2038 1595 2073 μυρία·
1611 2035 1648 2065 ὧν
1662 2039 1695 2065 τα
1708 2038 1791 2065 πολλὰ
1809 2047 1877 2073 παρ-

1084 2084 1133 2116 εὶς,
1147 2083 1225 2115 αὐτὸς
1241 2084 1289 2118 μὲν
1307 2085 1363 2115 τοῖς
1380 2084 1535 2119 εἰρημένοις
1559 2084 1778 2120 ἁρκεσθήσῑμαι·
1794 2085 1836 2110 σοὶ
1846 2084 1875 2111 δὲ

1084 2129 1114 2156 τὸ
1132 2129 1177 2156 σὺν
1192 2130 1359 2164 ἀνάγνωσμα
1372 2130 1426 2156 τῶν
1439 2130 1528 2165 σοφῶν
1550 2139 1596 2156 σου
1620 2130 1771 2165 φιλοσόφων
1790 2139 1875 2158 κατα-

1085 2175 1168 2210 λείψω
1181 2177 1300 2207 σκοπεῖν,
1316 2177 1353 2208 ὠς
1367 2176 1399 2203 ἂν
1416 2176 1512 2211 μάθοις
1527 2177 1588 2204 ὅσον
1605 2177 1658 2212 ἄρα
1675 2177 1728 2204 τῶν
1742 2185 1873 2212 χρησμῳ-

1084 2221 1135 2248 δῶν
1164 2230 1209 2248 σου
1228 2222 1296 2251 θεῶν
1321 2223 1472 2258 σοφώτερος
1491 2220 1525 2257 ἦν
1543 2223 1589 2248 καὶ
1603 2222 1713 2257 βελτίων
1732 2223 1875 2258 ἄνθρωπος

1083 2270 1096 2295 ό
1107 2269 1170 2300 τοὺς
1183 2269 1351 2304 θαυμασίους
1364 2268 1506 2304 χρησμοὺς
1519 2268 1625 2303 ψευδεῖς
1646 2269 1812 2305 ἀπελέγχων,
1826 2270 1878 2296 καὶ⁴

1083 2316 1129 2342 τὸν
1145 2315 1243 2343 Πύθιον
1259 2316 1351 2346 αὑτὸν,
1373 2317 1415 2350 ἐφ’
1432 2314 1472 2347 οἷς
1489 2316 1588 2352 ἔχρησε
1609 2317 1672 2352 περὶ
1693 2317 1873 2354 εἱμαρμένης,

1084 2362 1281 2397 ἐπιρῤαπίζων.
1296 2363 1393 2388 ’Ἄκουε
1405 2362 1426 2388 δ’
1438 2360 1484 2389 οὖν
1495 2361 1571 2394 αὖθις
1580 2363 1626 2389 τοῦ
1635 2366 1684 2398 τὴν
1691 2364 1744 2390 τῶν
1752 2364 1775 2389 Γ
1777 2363 1875 2396 mitur

1084 2409 1179 2443 φορὰν
1194 2409 1224 2434 τὸ
1244 2410 1342 2435 οἰκεῖον
1360 2409 1576 2444 ἐπονομάσαντος
1588 2409 1755 2444 σύγγραμμα
1767 2430 1774 2441 ,
1789 2410 1827 2441 ὡς
1842 2407 1873 2436 εὖ

1086 2454 1158 2489 μάλα
1173 2454 1288 2489 νεανικῷ
1301 2455 1453 2489 φρονήματι
1464 2455 1510 2481 τὸν
1522 2455 1620 2481 πλάνον
1634 2455 1687 2482 τῶν
1701 2455 1815 2487 πολλῶν,
1827 2457 1875 2483 καὶ

1085 2501 1167 2527 αὑτοῦ
1184 2509 1215 2534 γε
1228 2501 1274 2527 τοῦ
1296 2501 1460 2533 ’Λπόλλωνος
1473 2502 1681 2537 ἐπανορθοῦται,
1703 2502 1737 2528 δι’
1752 2499 1790 2529 ὧν
1806 2503 1875 2538 γράα

1086 2556 1130 2581 φει
1147 2547 1209 2574 τάδε
1224 2547 1294 2574 κατὰ
1308 2547 1388 2579 λέξιν.

241 2593 390 2625 terinissis,
407 2593 538 2621 hactenus
550 2593 639 2620 allatis
663 2598 807 2620 contentus
826 2601 884 2620 ero.
915 2593 993 2626 Quod
1023 2598 1159 2628 superest,
1184 2594 1260 2628 juvat
1279 2595 1407 2621 nonnulla
1424 2594 1487 2628 tibi,
1512 2600 1604 2630 utpote
1616 2595 1741 2630 propria,
1763 2600 1790 2623 et
1822 2596 1876 2624 tuis

240 2642 294 2668 illis
317 2641 484 2675 sapientibus
505 2641 673 2676 philosophis
697 2641 810 2676 legenda
834 2642 1095 2676 contemplandaque
1122 2642 1295 2676 relinquere,
1321 2648 1350 2669 ut
1379 2642 1529 2678 intelligas,
1560 2647 1691 2677 quantum
1714 2644 1877 2670 numinibus

240 2689 294 2716 tuis
306 2688 478 2715 oraculorum
492 2689 650 2716 cantoribus
662 2689 745 2715 homo
759 2697 812 2716 non
824 2690 957 2723 sapientia
980 2695 1095 2722 tantum,
1119 2690 1165 2717 sed
1180 2690 1261 2716 etiam
1277 2690 1432 2725 integritate
1455 2690 1618 2725 praestiterit,
1638 2690 1684 2724 qui
1708 2697 1770 2717 cum
1800 2698 1876 2725 egre

240 2735 284 2768 gia
300 2734 426 2760 vaticinia
442 2734 576 2761 mendacii
598 2741 625 2762 et
648 2736 777 2762 vanitatis
803 2741 951 2771 argueret,
971 2741 1028 2763 tum
1048 2736 1137 2770 ipsum
1156 2744 1264 2771 quoque
1285 2736 1412 2772 Pythiqu
1447 2737 1482 2764 ob
1511 2744 1543 2764 ea
1556 2757 1563 2769 ,
1588 2744 1648 2771 qum
1661 2737 1694 2764 de
1707 2736 1762 2764 fato
1777 2737 1874 2771 edidit,

284 2871 301 2886 ι
312 2866 354 2894 ῐσ.
368 2865 454 2902 αὖθις.
470 2901 478 2905 η
493 2869 560 2897 hic.
577 2870 646 2898 deest
663 2871 805 2907 βασάνους.
845 2878 856 2892 ε
874 2872 917 2899 ισ.
930 2872 969 2901 δέ.
