2063 3211
290 227 340 255 655

288 285 410 313 Chironis
426 286 513 320 magni
528 285 626 312 soboles
638 293 773 320 germana,
789 285 903 318 Cariue,

287 355 383 382 Desere
400 355 534 382 Peliacum
551 360 672 391 montem,
691 354 845 391 Eubwwque
861 358 986 384 tumentis

287 392 351 426 Alta
365 391 443 418 subi:
461 398 563 416 sacram
580 390 621 416 hic
638 390 722 424 fatum
736 395 774 418 eu
794 391 841 417 tibi
862 400 958 426 ponere
971 392 1068 420 sedem.

289 425 360 460 Ergo
373 433 431 460 age,
448 432 538 459 rumpe
552 432 652 452 morae.

286 482 347 509 Ain‘
359 485 388 508 tu
400 481 489 509 serio?
499 481 619 516 Aliquid,
636 489 652 509 ο
662 482 769 516 Apollo,
781 490 844 509 vere
855 483 973 510 hominis
989 483 1070 519 256

286 527 314 554 in
328 530 459 561 potestate
469 527 534 554 est?
545 526 608 554 licet
621 527 688 554 mihi
701 535 750 562 pro
761 528 873 555 arbitrio
884 529 950 556 velle
965 528 1068 556 Pelium

287 571 464 606 relinquere?
476 572 558 606 Atqui
572 579 605 600 ex
620 572 714 600 multis
727 573 893 608 sapientibus
909 574 1068 608 audieram,

285 618 307 645 si
322 617 389 645 mihi
409 617 494 645 fatum
508 622 596 651 esset,
614 618 641 646 in
665 618 774 646 Euboea:
790 620 1007 654 promontorium
1024 627 1069 647 ve-

285 663 353 696 nire,
366 668 392 690 et
403 671 511 691 sacrum
526 663 562 690 ibi
576 663 743 691 domicilium
755 665 882 697 excitare,
903 673 945 692 me
956 672 1069 700 prorsus

282 715 309 736 et
325 714 480 741 venturum,
498 714 524 736 et
540 710 720 737 excitaturum
735 717 810 742 esse,
828 718 876 737 seu
889 710 1001 742 dixeris.
1019 718 1068 738 seu

285 762 349 788 non,
375 755 430 781 imo
445 754 540 787 velim,
555 755 648 782 nolim.
671 755 718 782 Sin
740 760 830 782 autem
847 755 872 782 id
892 763 934 782 me
961 763 1069 791 quoque

284 801 351 828 velle
368 805 501 835 oporteat,
519 801 592 835 quod
608 801 657 827 abs
672 808 715 828 me
738 801 886 828 necessitas
907 801 946 828 uti
969 802 1012 829 vel
1025 802 1067 828 in-

283 847 356 874 vitus
371 847 462 880 velim,
479 851 640 881 extorqueat
653 856 659 873 :
678 851 706 873 tu
724 847 775 874 (ide
789 847 917 874 nimirum
929 867 937 879 ,
952 848 1048 884 Apollo
1059 868 1066 880 ,

283 892 392 927 dignior
416 900 457 919 es.
485 892 546 919 Tibi
574 899 638 927 ergo
665 899 709 919 tne
734 891 806 919 dicto
833 892 986 920 audientem
1007 899 1068 921 eSse

285 942 405 972 praestat.

284 982 310 1015 I,
328 982 472 1018 Pariosque
486 991 571 1014 mone.
587 983 735 1017 Telesiam,
751 984 855 1011 numine
870 990 970 1018 nostro,

286 1039 379 1066 Insula
395 1040 421 1066 in
439 1040 518 1066 Aeria
533 1039 671 1067 sublimem
685 1049 701 1067 a
715 1040 818 1067 sedibus
832 1041 922 1068 urbem

283 1075 400 1102 Condere
416 1080 439 1101 te
451 1075 568 1109 jussum.

281 1121 390 1148 Faciam
407 1128 474 1148 vero
497 1121 589 1155 (dicet
611 1121 728 1149 fortasse
742 1122 896 1156 protervior
909 1122 1044 1158 quispiam
1057 1143 1065 1157 ,

281 1172 327 1193 aut
343 1167 469 1201 quisquis
486 1167 632 1201 suggillare
654 1172 680 1194 te
699 1167 837 1203 volet),ut
855 1167 953 1203 jubeas
977 1169 1065 1196 nihil:

280 1213 306 1239 id
318 1213 390 1239 enim
405 1212 490 1239 fatum
504 1213 570 1239 mihi
585 1218 636 1240 est.
652 1212 785 1240 Caeterum
810 1213 888 1240 Aeria
912 1213 957 1241 illa
977 1214 1065 1242 insula

280 1258 388 1286 Thasus
403 1263 461 1290 est,
477 1258 502 1284 in
518 1266 601 1293 quam
617 1263 728 1286 auctore
747 1259 911 1287 Archilocho
927 1259 982 1288 ﬁlio
1005 1268 1066 1288 meo

281 1303 353 1330 Parii
377 1304 589 1336 commeabunt;
617 1304 674 1331 haec
694 1305 766 1331 enim
790 1305 879 1332 insula
896 1306 971 1340 prius
984 1306 1066 1334 Aeria

280 1350 438 1376 vocabatur.
463 1349 503 1376 Tu
532 1355 622 1377 autem
646 1355 675 1377 ut
697 1351 725 1377 in
748 1350 906 1378 ulciscendo
927 1351 1017 1386 gravis
1039 1357 1066 1379 et

279 1396 394 1423 acerbus
409 1404 450 1428 es,
466 1404 617 1430 nunquam,
633 1396 742 1431 opinor,
755 1397 892 1424 hominem
908 1403 962 1425 tam
976 1398 1066 1433 ingra-

278 1447 335 1469 tum
351 1446 433 1477 atque
446 1442 576 1470 audacem
594 1441 667 1470 feras
681 1452 687 1470 :
703 1443 750 1478 qui
766 1443 818 1470 nisi
837 1451 900 1471 eum
917 1445 954 1471 rei
971 1444 1066 1471 admo-

278 1496 343 1516 nere
357 1488 501 1521 voluisses,
515 1496 565 1516 nec
583 1489 608 1515 id
625 1496 744 1524 unquam
762 1489 819 1523 ipse
835 1490 997 1522 nuntiasset,
1015 1496 1066 1516 nec

277 1533 456 1561 Archilochus
477 1534 598 1568 ejusdem
624 1534 695 1561 ﬁlius
714 1534 857 1561 Pariorum
881 1535 1015 1561 coloniam
1031 1542 1064 1562 eo

277 1579 445 1611 deduxisset,
458 1587 508 1607 nec
519 1579 590 1606 Parii
603 1579 723 1607 Thasum
739 1581 907 1608 habuissent.
920 1580 1063 1616 Equidem,

606 226 742 256 EUSEBII
760 227 998 256 CESARIENSIS
1018 229 1092 257 OPP.
1116 230 1207 258 PARS
1225 231 1256 259 Il.
1277 247 1312 252 —
1331 231 1580 260 APOLOGETICA.

1083 290 1104 317 Δ
1119 291 1264 325 Χείρωνος
1294 289 1349 324 (7i)
1380 290 1450 323 φίλε
1477 288 1582 316 τέκνον
1603 289 1790 325 ἀγακλυτοῖο,
1815 289 1906 323 Κόρι-

1849 232 1904 261 436

1742 331 1795 350 στε
1801 328 1807 351 t
1812 325 1844 351 72

1120 360 1234 393 Πήλιον
1243 360 1444 393 ἐκπρολιπὼν,
1455 360 1582 392 Εὐϐοίας
1592 359 1686 393 ἄκρον
1698 326 1867 392 [ubisit-.12»

1122 395 1200 422 Ἔνθ’
1212 395 1293 429 ἱερὰν
1307 395 1406 428 χώραν
1418 395 1524 425 κτίζειν
1533 402 1582 422 σοι
1592 394 1744 429 θέσφατόν
1757 395 1850 422 ἐστιν.

1127 430 1206 457 Ἀλλ’
1223 431 1272 461 ἴθι,
1287 430 1392 464 μηκέτι
1406 429 1510 464 μέλλε.

1119 485 1158 514 Ἥ
1174 487 1228 523 γὰρ
1242 487 1279 518 ὡς
1292 486 1399 522 ἀληθῶς
1409 487 1451 512 ἐπ’
1466 485 1601 522 ἀνθρώπῳ
1614 486 1641 513 τί
1657 487 1740 519 ἐστιν,
1759 483 1782 513 ὦ
1806 487 1906 513 Ἄπολ-

1120 533 1181 566 λον;
1195 534 1241 560 καὶ
1261 532 1421 568 βουληθῆναι
1435 532 1532 568 Πήλιον
1547 532 1722 568 ὲκπρολιπεῖν
1742 531 1835 568 κύριός
1847 533 1905 567 ειμι

1120 580 1194 614 ὲγώ;
1212 580 1266 606 Καὶ
1278 579 1331 614 μὴν
1342 579 1439 613 ἢκουον
1463 578 1539 615 παρά
1559 578 1664 605 πολλῶν
1683 578 1787 612 σοφῶν,
1807 579 1864 610 ἕντι,
1879 578 1908 604 εῐ

1121 635 1165 661 μοι
1183 625 1324 662 πέπρωται
1341 624 1456 656 Εὐϐοίας
1471 625 1554 660 ἄκρον
1568 624 1682 656 ἱκέσθαι,
1695 624 1741 650 καὶ
1755 624 1829 660 ἱερὰν
1849 623 1906 659 χὼ-

1121 679 1169 706 ραν
1192 670 1304 703 κτίζειν,
1323 670 1369 696 κα)⁴
1381 669 1472 704 ἵξομαι
1494 669 1541 696 καὶ
1555 669 1633 700 κτιῶ,
1649 669 1703 696 εἴτε
1725 669 1824 703 λέγοις,
1850 669 1906 696 εἴτε

1121 714 1168 749 μὴ,
1186 714 1233 740 καὶ
1256 714 1310 740 εἴτε
1338 713 1482 748 βουλοίμην
1493 733 1500 745 ,
1516 712 1571 739 εἴτε
1588 714 1636 749 μή.
1663 714 1695 740 Εἰ
1713 713 1741 740 δέ
1756 723 1788 749 με
1805 714 1906 741 δεῖκαὶ

1120 759 1293 795 βουληθῆναι,
1305 760 1319 786 ὂ
1335 767 1361 786 τι
1378 767 1423 794 μοι
1440 759 1545 795 ἀνάγκη
1557 760 1625 791 ἐστὶ,
1640 760 1685 786 καὶ
1706 761 1730 786 ει
1751 760 1787 795 μὴ
1805 759 1908 794 βουλοί-

1120 814 1183 841 μην,
1204 805 1367 842 βουληθῆναι
1377 815 1383 822 ”
1399 806 1466 834 ἀλλὰ
1481 808 1524 839 σὺ,
1542 804 1564 833 ὢ
1577 806 1717 838 Ἀπολλον,
1731 805 1906 832 πιστεύεσθαι

1118 851 1295 888 δικαιότερος.
1315 853 1409 880 Ἔοικα
1426 853 1456 889 δή
1473 862 1514 880 σοι
1530 852 1629 889 μᾶλλον
1647 852 1797 888 προσέξειν.

1120 995 1277 1030 Ἀγγειλον
1292 995 1412 1029 Παρίοις
1426 995 1493 1031 (75),
1521 995 1720 1027 Τελεσίκλεες,
1744 994 1906 1056 magmate-

1800 1037 1858 1056 ευω

1116 1065 1208 1098 Νήσῳ
1218 1065 1253 1092 ἐν
1270 1066 1368 1100 Ἠερίη
1383 1064 1491 1095 κτίζειν
1505 1065 1659 1093 εὐδείελον
1670 1065 1757 1092 ἄστυ.
1769 1029 1867 1065 “eum,

1124 1122 1243 1156 Ἀγγελῶ
1255 1122 1288 1158 νὴ
1308 1122 1367 1154 Δία,
1383 1122 1474 1157 (φήσει
1489 1122 1560 1156 τάχα
1571 1130 1622 1148 που
1643 1122 1683 1153 τὶς
1704 1121 1904 1157 τετυφωμένος,

1117 1169 1134 1203 ἦ
1149 1177 1178 1195 σε
1193 1168 1334 1204 ὲλὲγχων,)
1348 1168 1399 1195 κᾶν
1413 1168 1450 1203 μὴ
1461 1168 1593 1204 κελεύσῃς
1605 1176 1612 1182 ·
1622 1167 1762 1203 πέπρωται
1773 1167 1837 1203 γάρ.
1849 1167 1906 1194 Καὶ

1116 1214 1173 1242 ἔστι
1190 1214 1278 1246 Θάσος
1299 1214 1349 1250 μὲν
1365 1215 1381 1250 ὴ
1401 1214 1495 1249 Ἢερία
1506 1215 1597 1248 νῆσος·
1614 1213 1707 1249 ἥξουσι
1723 1213 1744 1240 δ’
1760 1214 1802 1239 ἐπ’
1818 1212 1904 1248 αὐτὴν

1117 1261 1224 1296 Πάριοι,
1246 1260 1400 1295 Ἀρχιλόχου
1414 1260 1461 1286 τοῦ
1477 1259 1544 1294 ἐμοῦ
1567 1259 1625 1286 uio?)
1645 1260 1811 1295 φράσαντος,
1828 1259 1869 1285 ὅτι
1885 1259 1902 1294 ἡ

1116 1306 1196 1340 νῆσος
1207 1303 1274 1340 αὕτη
1289 1304 1353 1340 πρὶν
1377 1303 1469 1340 Ἡερία
1483 1304 1613 1330 ἐκαλεῖτο.
1632 1305 1667 1330 Σὺ
1681 1302 1737 1335 οὖν,
1750 1304 1834 1335 δεινὸς
1849 1303 1904 1339 γὰρ

1116 1347 1277 1381 ἐπεξελθεῖν,
1286 1348 1336 1374 οὐκ
1350 1348 1441 1383 ἀνέξῃ,
1456 1346 1542 1383 οἶμαι,
1554 1348 1646 1380 αὑτοῦ,
1657 1348 1741 1380 οὕτως
1750 1348 1825 1379 ὄντος
1839 1349 1904 1383 ἀχα-

1117 1395 1208 1430 ρίστου
1223 1394 1270 1421 καὶ
1285 1394 1410 1430 θρασέος,
1425 1394 1464 1426 ὃς,
1479 1395 1502 1421 εἰ
1518 1394 1554 1430 μὴ
1568 1395 1600 1421 σὺ
1612 1394 1728 1430 μηνῦσαι
1739 1393 1812 1429 αὐτῷ
1827 1393 1904 1420 k600-

1116 1440 1278 1476 λήθης,.οὖκ
1300 1441 1332 1467 ἄν
1352 1449 1417 1466 ποτε
1434 1440 1571 1475 ἦγγειλεν,
1587 1440 1641 1466 οὐδ’
1661 1441 1694 1467 ἂν
1719 1440 1872 1476 Ἀρχίλοχος
1888 1440 1903 1465 6

1117 1486 1173 1517 υἱὸς
1187 1486 1267 1512 αὑτοῦ
1285 1486 1401 1522 Παρίους
1413 1485 1583 1521 ὲξενάγησεν,
1598 1486 1650 1512 οὐδ’
1661 1486 1693 1513 ἂν
1703 1487 1727 1512 oi
1742 1486 1836 1522 Πάριοι
1849 1485 1903 1512 Θά-

1117 1541 1161 1559 σον
1173 1532 1294 1568 ᾤκησαν.
1305 1533 1361 1559 Οὺκ
1377 1530 1424 1559 οἷδ’
1442 1531 1489 1559 οὖν
1502 1534 1525 1559 εἰ
1540 1534 1571 1559 σὺ
1580 1532 1668 1567 λέγεις
1683 1533 1731 1568 μὲν
1743 1532 1839 1564 ταῦτα,
1852 1532 1902 1558 οὐκ

1115 1577 1193 1605 οἶσθα
1205 1578 1243 1611 δὲ,
1258 1578 1276 1605 ἃ
1290 1578 1388 1612 λέγεις.
1409 1578 1477 1605 Ἀλλ’
1492 1579 1552 1605 ἐπεὶ
1566 1578 1662 1614 σχολὴν
1673 1579 1750 1613 ἄγειν
1763 1579 1902 1614 ἐοίκαμεν,

278 1625 385 1651 istucne
413 1624 506 1656 dicas,
523 1632 573 1651 nec
589 1629 698 1657 tamen,
718 1624 791 1659 quod
808 1625 893 1657 dicis,
910 1625 1044 1660 intelligas
1056 1645 1063 1658 ,

1115 1624 1163 1652 δαὶ
1189 1624 1296 1660 μακρὰν
1317 1624 1499 1659 διαλέγεσθαι,
1515 1625 1528 1650 6
1544 1625 1572 1651 δὲ
1599 1625 1675 1658 λόγος
1701 1625 1731 1651 οὐ
1754 1625 1901 1660 πάρεργος,

277 1669 371 1697 nescio
383 1680 390 1696 :
408 1670 454 1697 sed
471 1676 559 1696 tamen
572 1670 700 1704 quoniam
712 1675 740 1696 et
750 1670 897 1704 longiorem
909 1678 1063 1698 sermonem

277 1714 362 1741 otium
377 1718 498 1741 nostrum
516 1713 627 1748 patitur,
649 1721 699 1740 nec
719 1714 741 1741 is
756 1714 862 1741 alienus
875 1719 920 1741 est
934 1714 1041 1742 l'uturus
1055 1723 1062 1748 ;

277 1760 332 1792 die,
348 1763 446 1788 amabo
460 1761 547 1795 (satis
558 1760 630 1787 enim
648 1760 718 1788 forte
741 1769 827 1796 pauca
841 1761 874 1788 de
892 1761 984 1789 multis
1003 1763 1064 1789 atti-

277 1807 349 1842 gisse
371 1805 568 1841 fuerit):Num
590 1806 692 1841 aliquid
713 1815 763 1842 ego
780 1812 862 1842 tuque
876 1808 990 1836 sumus?
1011 1807 1064 1836 Su-

278 1861 360 1883 mus.
391 1853 509 1887 inquies.
531 1852 589 1881 Hoc
603 1858 692 1880 autem
725 1854 772 1888 qui
789 1854 916 1882 scimus?
941 1861 988 1883 aut
1008 1863 1063 1890 quo

277 1898 357 1925 nobis
378 1904 538 1933 argumento
563 1906 613 1926 nos
639 1899 666 1926 id
688 1899 758 1927 scire
782 1901 990 1934 persuasimus?
1004 1900 1063 1929 Non

278 1944 382 1977 fateris,
398 1944 454 1971 alio
468 1945 543 1972 nullo
557 1945 668 1980 perinde
681 1945 735 1974 hoc
749 1946 829 1979 elIici,
849 1955 881 1974 ac
899 1955 980 1975 sensu
995 1955 1064 1983 quo-

277 1991 338 2018 dam
352 1991 580 2025 perceplioneque
591 1993 704 2019 nostra?
715 1991 775 2020 Jam
788 1994 941 2021 animantes
955 2001 1064 2028 quoque

276 2045 326 2064 nos
342 2044 414 2069 esse,
438 2037 669 2071 quemadmodum
695 2038 775 2066 nobis
800 2039 950 2067 consistit?
965 2047 1062 2075 quem-

275 2083 423 2110 admodum
439 2091 471 2110 ex
485 2083 686 2116 animantibus,
696 2089 726 2110 ut
739 2084 804 2111 mihi
817 2085 927 2119 quidem
948 2085 1064 2120 loquen—

275 2129 339 2157 dum
355 2129 473 2162 videtur,
490 2129 614 2157 homines
628 2138 635 2162 ;
653 2137 686 2156 ex
704 2129 860 2158 hominibus
873 2131 1062 2159 circulatorem

275 2175 402 2208 alterum,
416 2175 532 2202 alterum
545 2175 717 2202 circulatoris
727 2177 937 2211 exagitatorem:
952 2182 981 2205 ut
997 2185 1062 2206 vero

274 2222 404 2258 loqueris,
418 2222 498 2249 deum
520 2222 649 2254 alterum,
667 2222 782 2249 alterum
800 2223 937 2250 hominem
952 2223 964 2250 ’ἔ
985 2224 1062 2251 item-

273 2277 326 2304 que
344 2273 431 2296 vatem
447 2267 574 2300 alterum,
591 2268 705 2295 alterunt
722 2269 916 2303 sycophantam
931 2270 942 2296 Ἰ
965 2269 998 2296 Et
1013 2270 1061 2297 ha-

275 2315 339 2342 beas
361 2314 387 2341 id
406 2318 433 2341 tu
453 2313 562 2348 quidem
586 2321 634 2348 per
649 2321 692 2341 me
714 2313 795 2345 licet,
812 2314 900 2342 victus
924 2314 1010 2342 luero.
1037 2315 1060 2342 A
1077 2310 1099 2338 Ῑ)

274 2359 351 2387 nobis
381 2366 445 2386 vero
469 2359 539 2386 hunc
566 2358 813 2393 impraesentiarum
845 2359 1058 2394 disputationem

274 2405 377 2435 haberi,
402 2413 455 2440 qua
483 2405 590 2432 tandem
615 2405 721 2432 ratione
748 2405 966 2440 cognoscimus?
988 2406 1059 2440 Quid

274 2450 331 2477 ais?
344 2449 481 2486 Numquid
497 2450 626 2486 praclare
639 2449 674 2478 de
685 2455 779 2478 nostra
792 2451 956 2486 percipiendi
972 2453 1008 2486 vi,
1025 2460 1060 2480 ex

309 2527 322 2541 ι
336 2530 380 2556 τρ-
395 2521 443 2557 τῷ.
483 2522 498 2542 δ
512 2523 554 2550 la.
571 2522 616 2550 σύ.
653 2528 664 2542 ε
683 2531 727 2557 γρ.
744 2524 815 2558 ἕχον.

309 2590 365 2626 (71)
386 2593 542 2626 Χείρωνος.
556 2592 614 2620 Hoc
628 2593 769 2621 oraculum
791 2594 854 2621 alibi
879 2594 998 2621 nondum
1013 2601 1059 2621 oc-

272 2626 368 2664 currit.
385 2626 528 2655 Lectorum
547 2629 698 2656 abutuntur
712 2630 778 2660 otio.
795 2629 841 2664 qui
856 2628 1021 2656 Herodotum
1033 2635 1060 2656 et

274 2661 415 2700 Platonem
425 2664 520 2700 citant,
534 2665 604 2700 apud
618 2672 691 2700 quos
705 2664 739 2691 de
754 2661 882 2700 ἱΙΙυ”μηδὲ
900 2664 962 2699 γρύ.

308 2696 705 2735 (72)-Κάριστεηδιερὴοηυε
732 2696 875 2735 Κάρυστον
899 2696 1008 2732 scribit,
1026 2699 1060 2726 ab

272 2739 359 2765 noque
370 2731 518 2767 Qarystum
536 2734 562 2760 in
584 2731 685 2761 Euboan
701 2731 840 2762 conditum
865 2734 949 2762 fuisse
965 2731 1057 2767 tradit,

272 2766 555 2804 quamjlteOdoriglas
568 2768 726 2804 Chironiam
741 2770 866 2804 appellat,
879 2770 950 2796 haud
968 2766 1058 2803 dubie,

272 2801 485 2838 i,uodCliironis
501 2803 573 2830 illius
587 2803 718 2838 Carystus
731 2801 813 2832 esset.

308 2837 363 2874 (75)
381 2837 686 2874 Ἀτγ-ειλονληαρίόις.
708 2839 778 2866 Idem
797 2840 936 2866 oraculum
958 2838 1060 2874 prolcrt

273 2872 447 2908 Stephanus,
463 2880 489 2900 v.
507 2872 640 2904 Θάσσος.
657 2874 700 2900 ubi
724 2879 750 2900 et
775 2874 807 2901 de
828 2875 941 2908 antiquo
959 2872 1061 2901 insula:

273 2908 390 2944 potuine,
408 2907 486 2944 Aeria
503 2907 622 2944 :"Oztfi‘:
636 2909 788 2944 Xil".fA59l1
804 2910 820 2944 ἡ
834 2907 949 2944 ΕὀἀσσοςΞ
962 2909 1059 2942 inquit,

270 2941 346 2978 ζῆλον
366 2943 397 2968 ἐκ
413 2942 458 2968 τοῦ
476 2942 611 2977 χρησμοῦ,
628 2943 673 2970 τοῦ
690 2941 861 2976 δοθέντοςτιῖι
877 2944 921 2973 τοῦ
941 2941 1061 2978 219-206-

1115 1671 1203 1697 ὲκεῖνό
1221 1679 1265 1706 μοι
1290 1670 1352 1704 λέγε
1376 1670 1385 1705 (
1394 1670 1459 1702 ῖσως
1471 1671 1517 1697 καὶ
1529 1670 1606 1705 ὀλίγα
1627 1671 1659 1697 ἐκ
1674 1670 1777 1697 πολλῶν
1793 1671 1902 1706 ἀρκεϊ)“

1115 1713 1188 1751 *Αρά
1201 1715 1233 1750 γέ
1245 1715 1270 1742 τί
1282 1716 1364 1751 ἐσμεν
1375 1714 1430 1749 ἐγώ
1446 1724 1475 1741 τε
1488 1716 1534 1742 καὶ
1552 1715 1582 1741 σύ
1595 1724 1602 1748 ;
1616 1715 1699 1751 φαίης
1713 1715 1756 1742 ἄν.
1774 1714 1858 1741 Τοῦτο
1873 1714 1902 1741 δὲ

1114 1761 1212 1788 ὁπόθεν
1230 1761 1325 1797 ῖσμεν;
1342 1761 1373 1788 τὸ
1383 1767 1396 1781 ι
1409 1761 1468 1788 πότ’
1479 1761 1531 1797 ἀρα
1539 1760 1617 1788 τοῦτο
1627 1761 1724 1788 εἰδέναι
1737 1761 1884 1796 ἐκρίναμεν
1894 1769 1902 1793 ;

1115 1808 1131 1843 ἢ
1148 1808 1197 1834 οὐκ
1210 1807 1274 1835 ἄλλο
1298 1808 1389 1834 ἰκανὸν
1407 1807 1493 1839 οὕτως
1505 1828 1512 1838 ,
1533 1807 1570 1839 ὡς
1585 1808 1601 1842 ἡ
1623 1807 1796 1842 συναίσθησίς
1812 1815 1842 1833 τε
1856 1807 1903 1847 καὶ

1115 1853 1256 1889 ἀντίληψις
1279 1853 1356 1888 ἡμῶν
1377 1853 1484 1886 αὐτών;
1503 1854 1535 1880 Τί
1550 1854 1572 1880 δ’
1585 1854 1626 1880 ὅτι
1642 1853 1699 1885 ζῶἀ
1712 1854 1795 1888 ἐσμεν
1809 1873 1816 1884 ,
1844 1852 1902 1884 πῶς

1115 1900 1173 1926 ποτ’
1190 1899 1243 1935 ἄρα
1258 1899 1420 1935 ἐξεύρομεν,
1433 1899 1491 1931 πῶς
1504 1900 1526 1925 δ’
1538 1900 1580 1926 ὄτι
1593 1899 1640 1925 καὶ
1654 1898 1740 1931 ζώων,
1753 1899 1791 1930 ὡς
1807 1899 1856 1933 μὲν
1870 1898 1904 1925 ἂν

1114 1946 1170 1980 ἐγὼ
1186 1945 1300 1980 εἴποιμι,
1315 1945 1468 1980 ἄνθρωποι·
1485 1945 1531 1972 καὶ
1545 1944 1694 1980 ἀνθρώπων
1706 1946 1720 1971 6
1733 1945 1781 1980 μὲν
1798 1944 1874 1979 γόης,
1888 1944 1903 1971 6

1113 1992 1142 2019 δὲ
1158 1992 1254 2027 γόητος
1265 1991 1450 2027 ἁπελεγκτής’
1467 1991 1504 2023 ὡς
1517 1991 1539 2018 δ’
1552 1991 1584 2018 ἄν
1601 1999 1642 2018 σοι
1656 1991 1680 2022 ι),
1695 1991 1709 2017 ὁ
1730 1990 1780 2025 μὲν
1798 1989 1904 2025 ἄνθρω-

1115 2047 1182 2071 πος,
1196 2039 1210 2064 6
1223 2038 1251 2065 δὲ
1265 2038 1335 2069 θεὸς,
1353 2038 1400 2064 καὶ
1411 2039 1425 2064 6
1443 2037 1492 2073 μὲν
1509 2037 1615 2072 μάντις,
1632 2039 1646 2064 6
1665 2037 1693 2063 δὲ
1714 2037 1902 2072 συκοφάντης;

1114 2084 1168 2111 Καὶ
1184 2083 1254 2110 ἔστω
1273 2092 1304 2117 γε
1319 2083 1360 2109 σοὶ
1373 2082 1459 2114 οὕτως
1472 2082 1539 2117 ἔχων
1556 2087 1566 2101 ε
1579 2102 1586 2113 ,
1606 2082 1708 2116 ἐάνπερ
1726 2081 1813 2115 ἔγωγε
1833 2080 1901 2108 ἁλῶ.

1114 2130 1176 2161 Πῶς
1194 2129 1216 2155 δ’
1237 2129 1277 2155 ὅτι
1298 2127 1474 2163 διαλεγόμεθα
1496 2128 1523 2153 ὲν
1534 2127 1573 2163 τῷ
1588 2127 1701 2162 παρόντι
1723 2126 1900 2162 ὲγνώκαμενῖ

1113 2177 1146 2203 Τί
1160 2176 1212 2211 φῄς
1223 2184 1230 2208 ;
1243 2173 1305 2211 'Ap‘
1323 2175 1372 2201 οὐκ
1390 2173 1479 2210 ὀρθῶς
1495 2173 1641 2209 ἐκρίναμεν
1655 2173 1705 2208 τὴν
1721 2172 1796 2207 ἡμῶν
1812 2172 1902 2199 αὐτῶν

1114 2223 1264 2258 ἀντίληψιν,
1290 2221 1328 2257 τῷ
1343 2221 1450 2247 πάντων
1473 2220 1615 2256 ὲγγυτάτῳ
1642 2219 1784 2256 πράγματι
1808 2219 1900 2255 αὒτῷς

1113 2268 1248 2304 Δηλονότι.
1264 2267 1301 2294 Ub
1315 2266 1369 2302 γὰρ
1380 2265 1413 2302 ἦν
1428 2266 1491 2294 ἀλλο
1504 2266 1586 2293 αὑτοῦ
1600 2265 1661 2292 οὔτε
1676 2265 1820 2302 ἀνώτερον,
1837 2265 1900 2292 οὗτε

1111 2314 1314 2350 τρεσῆύτερον,
1337 2312 1398 2340 οὔτε
1421 2313 1591 2348 πιστότερον.
1613 2312 1689 2339 Ἐπεὶ
1707 2313 1730 2339 ει
1755 2312 1792 2347 μὴ
1814 2311 1901 2344 οὕτως

1113 2359 1179 2393 ἕξει,
1196 2362 1265 2397 μήτε
1282 2360 1336 2396 ἀρα
1347 2360 1384 2392 ὥς
1405 2359 1436 2386 σέ
1451 2368 1492 2391 τις
1506 2360 1546 2389 εἰς
1567 2359 1685 2393 Δελφοὺς
1704 2357 1901 2394 παραγενέσθαι

1114 2407 1205 2434 λοιπὸν
1215 2427 1222 2439 ,
1245 2407 1330 2442 δνομα
1359 2405 1512 2441 ’Δλκμαίων
1524 2426 1531 2438 ,
1548 2405 1704 2438 ἀπεκτονὼς
1720 2405 1768 2440 τὴν
1783 2405 1899 2441 μητέρα,

1115 2454 1162 2480 καὶ
1176 2453 1280 2480 οἴκοθεν
1298 2453 1474 2488 ἐλαυνόμενος
1487 2473 1494 2486 ,
1512 2453 1558 2480 καὶ
1575 2452 1665 2478 οἴκαδε
1685 2451 1839 2487 ἐπιθυμῶν
1868 2451 1899 2478 οὐ

1112 2604 1171 2631 χου.
1188 2595 1275 2631 Adde,
1288 2595 1385 2631 iraa-pi.
1403 2594 1516 2631 Alioqui
1531 2594 1615 2621 lilium
1638 2601 1778 2631 perperam
1796 2592 1900 2631 innue-

1113 2628 1163 2658 ret.
1188 2629 1274 2657 Porro
1300 2628 1469 2660 Herodotus,
1491 2629 1536 2656 lib.
1555 2637 1585 2661 ιι,
1607 2634 1634 2656 et
1653 2629 1775 2663 pluribus
1796 2628 1843 2655 lib.
1859 2636 1899 2660 vr,

1114 2665 1234 2693 Thasum
1260 2666 1365 2696 urbem,
1388 2673 1403 2692 a
1426 2664 1599 2692 Phcenieibus
1619 2663 1753 2698 Europam
1773 2671 1901 2698 quaeren-

1115 2701 1187 2728 tibus
1210 2701 1363 2730 conditam,
1386 2704 1466 2734 atque
1491 2707 1506 2726 a
1523 2698 1630 2731 Thaso,
1653 2698 1849 2732 expeditionis,
1869 2703 1900 2725 ut

1115 2737 1230 2766 videtur.
1249 2736 1370 2770 principe
1384 2735 1483 2762 dictam
1505 2741 1565 2761 esse
1580 2735 1670 2761 tradit.
1687 2734 1899 2770 Quomodo‘igi.

1115 2776 1184 2798 tura
1203 2767 1300 2801 Pariis.
1316 2767 1385 2797 duce
1399 2770 1570 2801 Archilocho,
1585 2769 1623 2796 uti
1640 2770 1720 2795 etiam
1737 2768 1807 2803 apud
1822 2767 1900 2795 Stra-

1115 2806 1179 2833 lion.
1204 2806 1249 2832 lib.
1266 2813 1281 2832 κ
1306 2805 1544 2839 lcginms.condita
1573 2804 1643 2831 fuit?
1666 2804 1746 2839 Forte
1761 2804 1899 2839 instaurat

1115 2847 1187 2868 tores
1204 2841 1261 2874 ejus
1275 2837 1358 2873 Parii,
1377 2847 1429 2867 non
1446 2839 1525 2874 primi
1539 2839 1693 2866 conditores
1710 2838 1785 2865 fuere
1799 2847 1806 2871 ;
1825 2837 1898 2874 quod

1115 2876 1148 2903 de
1172 2871 1232 2903 aliis
1254 2871 1388 2910 plerisque
1408 2871 1519 2901 urbibus
1537 2875 1589 2900 dici
1611 2879 1709 2908 potest,
1725 2871 1842 2910 quarum
1857 2871 1900 2899 vel

1116 2909 1289 2943 instauratio,
1304 2911 1345 2938 vel
1360 2910 1531 2946 ampliﬁcatio
1553 2914 1642 2937 notior
1661 2917 1741 2946 quam
1759 2909 1897 2936 conditus.
