  <div class='ocr_page' id='page_1' title='image "/cluster/home/n/w/nwhite01/storage/ocr_20150623/21/njp.32101077772489/252.png"; bbox 0 0 2063 3211; ppageno 0'>
   <div class='ocr_carea' id='block_1_1' title="bbox 141 177 926 215">
    <p class='ocr_par' dir='ltr' id='par_1_1' title="bbox 141 182 926 215">
     <span class='ocr_line' id='line_1_1' title="bbox 141 182 926 215; baseline -0.005 -1"><span class='ocrx_word' id='word_1_1' title='bbox 141 187 188 215; x_wconf 72' lang='grc'><strong>457</strong></span> <span class='ocrx_word' id='word_1_2' title='bbox 717 182 878 210; x_wconf 75' lang='grc' dir='ltr'><strong>ΡΒΑΞΡΑΒ.</strong></span> <span class='ocrx_word' id='word_1_3' title='bbox 901 182 926 211; x_wconf 79' lang='grc' dir='ltr'><strong>Ε“</strong></span> 
     </span>
    </p>
   </div>
   <div class='ocr_carea' id='block_1_2' title="bbox 977 177 1739 215">
    <p class='ocr_par' dir='ltr' id='par_1_2' title="bbox 977 177 1739 211">
     <span class='ocr_line' id='line_1_2' title="bbox 977 177 1739 211; baseline -0.008 -1"><span class='ocrx_word' id='word_1_4' title='bbox 977 183 1025 211; x_wconf 61' lang='lat' dir='ltr'><strong>NG.</strong></span> <span class='ocrx_word' id='word_1_5' title='bbox 1046 183 1109 210; x_wconf 85' lang='lat' dir='ltr'><strong>LIB.</strong></span> <span class='ocrx_word' id='word_1_6' title='bbox 1133 181 1173 210; x_wconf 75' lang='lat' dir='ltr'><strong>Vi.</strong></span> <span class='ocrx_word' id='word_1_7' title='bbox 1690 177 1739 204; x_wconf 67' lang='grc'><strong>458</strong></span> 
     </span>
    </p>
   </div>
   <div class='ocr_carea' id='block_1_3' title="bbox 139 235 926 280">
    <p class='ocr_par' dir='ltr' id='par_1_3' title="bbox 139 241 910 280">
     <span class='ocr_line' id='line_1_3' title="bbox 139 241 910 280; baseline -0.005 -9"><span class='ocrx_word' id='word_1_8' title='bbox 139 245 188 280; x_wconf 73' lang='grc' dir='ltr'><strong>γὰρ</strong></span> <span class='ocrx_word' id='word_1_9' title='bbox 199 243 275 275; x_wconf 80' lang='grc' dir='ltr'>οἶδεν,</span> <span class='ocrx_word' id='word_1_10' title='bbox 298 243 351 270; x_wconf 72' lang='grc' dir='ltr'><strong>οὔτ’</strong></span> <span class='ocrx_word' id='word_1_11' title='bbox 364 243 386 268; x_wconf 81' lang='grc' dir='ltr'><strong>εί</strong></span> <span class='ocrx_word' id='word_1_12' title='bbox 397 243 453 269; x_wconf 84' lang='grc' dir='ltr'>ἑστι</span> <span class='ocrx_word' id='word_1_13' title='bbox 478 250 504 268; x_wconf 84' lang='grc' dir='ltr'><strong>τι</strong></span> <span class='ocrx_word' id='word_1_14' title='bbox 520 242 600 273; x_wconf 78' lang='grc' dir='ltr'>αὐτὸς</span> <span class='ocrx_word' id='word_1_15' title='bbox 614 241 774 276; x_wconf 80' lang='grc' dir='ltr'><strong>τοπαράπαν</strong></span> <span class='ocrx_word' id='word_1_16' title='bbox 785 261 793 273; x_wconf 87' lang='grc'><strong>,</strong></span> <span class='ocrx_word' id='word_1_17' title='bbox 809 241 870 268; x_wconf 75' lang='grc' dir='ltr'>οὒτε</span> <span class='ocrx_word' id='word_1_18' title='bbox 887 241 910 267; x_wconf 83' lang='grc' dir='ltr'><strong>εί</strong></span> 
     </span>
    </p>
   </div>
   <div class='ocr_carea' id='block_1_4' title="bbox 977 235 1741 280">
    <p class='ocr_par' dir='ltr' id='par_1_4' title="bbox 977 235 1741 275">
     <span class='ocr_line' id='line_1_4' title="bbox 977 235 1741 275; baseline -0.013 -7"><span class='ocrx_word' id='word_1_19' title='bbox 977 248 1016 268; x_wconf 81' lang='grc' dir='ltr'>ιοο</span> <span class='ocrx_word' id='word_1_20' title='bbox 1028 241 1087 275; x_wconf 89' lang='lat' dir='ltr'><strong>ipso</strong></span> <span class='ocrx_word' id='word_1_21' title='bbox 1102 239 1287 275; x_wconf 90' lang='lat' dir='ltr'><strong>potissimum,</strong></span> <span class='ocrx_word' id='word_1_22' title='bbox 1298 236 1371 271; x_wconf 82' lang='lat' dir='ltr'><strong>quod</strong></span> <span class='ocrx_word' id='word_1_23' title='bbox 1387 236 1414 264; x_wconf 92' lang='lat' dir='ltr'><strong>in</strong></span> <span class='ocrx_word' id='word_1_24' title='bbox 1431 235 1557 263; x_wconf 84' lang='lat' dir='ltr'><strong>manibus</strong></span> <span class='ocrx_word' id='word_1_25' title='bbox 1569 237 1619 265; x_wconf 84' lang='lat' dir='ltr'><strong>est,</strong></span> <span class='ocrx_word' id='word_1_26' title='bbox 1635 238 1741 267; x_wconf 80' lang='lat' dir='ltr'><strong>negotm</strong></span> 
     </span>
    </p>
   </div>
   <div class='ocr_carea' id='block_1_5' title="bbox 139 279 926 322">
    <p class='ocr_par' dir='ltr' id='par_1_5' title="bbox 139 279 910 322">
     <span class='ocr_line' id='line_1_5' title="bbox 139 279 910 322; baseline -0.006 -4"><span class='ocrx_word' id='word_1_27' title='bbox 139 279 234 318; x_wconf 65' lang='grc' dir='ltr'>οἴκοθεν</span> <span class='ocrx_word' id='word_1_28' title='bbox 245 289 394 319; x_wconf 78' lang='grc' dir='ltr'>ἐλαύνεται,</span> <span class='ocrx_word' id='word_1_29' title='bbox 414 287 467 315; x_wconf 71' lang='grc' dir='ltr'><strong>οὔτ’</strong></span> <span class='ocrx_word' id='word_1_30' title='bbox 485 289 508 315; x_wconf 82' lang='grc' dir='ltr'>εἰ</span> <span class='ocrx_word' id='word_1_31' title='bbox 525 288 615 314; x_wconf 83' lang='grc' dir='ltr'>οἴκαδε</span> <span class='ocrx_word' id='word_1_32' title='bbox 637 288 774 322; x_wconf 80' lang='grc' dir='ltr'>ἐπιθυμεῖ.</span> <span class='ocrx_word' id='word_1_33' title='bbox 802 286 870 313; x_wconf 80' lang='grc' dir='ltr'>Ἀλλ’</span> <span class='ocrx_word' id='word_1_34' title='bbox 887 288 910 313; x_wconf 85' lang='grc' dir='ltr'><strong>εί</strong></span> 
     </span>
    </p>
   </div>
   <div class='ocr_carea' id='block_1_6' title="bbox 977 279 1740 322">
    <p class='ocr_par' dir='ltr' id='par_1_6' title="bbox 979 279 1740 313">
     <span class='ocr_line' id='line_1_6' title="bbox 979 279 1740 313; baseline -0.012 0"><span class='ocrx_word' id='word_1_35' title='bbox 979 285 1131 313; x_wconf 87' lang='lat' dir='ltr'><strong>tatuimus?</strong></span> <span class='ocrx_word' id='word_1_36' title='bbox 1151 285 1276 312; x_wconf 81' lang='lat' dir='ltr'><strong>Omnino.</strong></span> <span class='ocrx_word' id='word_1_37' title='bbox 1294 283 1348 310; x_wconf 86' lang='lat' dir='ltr'><strong>Nec</strong></span> <span class='ocrx_word' id='word_1_38' title='bbox 1362 283 1433 310; x_wconf 90' lang='lat' dir='ltr'><strong>enim</strong></span> <span class='ocrx_word' id='word_1_39' title='bbox 1457 281 1529 309; x_wconf 85' lang='lat' dir='ltr'><strong>aliud</strong></span> <span class='ocrx_word' id='word_1_40' title='bbox 1551 287 1584 307; x_wconf 88' lang='lat' dir='ltr'><strong>eo</strong></span> <span class='ocrx_word' id='word_1_41' title='bbox 1603 279 1642 306; x_wconf 79' lang='lat' dir='ltr'><strong>vel</strong></span> <span class='ocrx_word' id='word_1_42' title='bbox 1664 286 1740 313; x_wconf 85' lang='lat' dir='ltr'><strong>supe-</strong></span> 
     </span>
    </p>
   </div>
   <div class='ocr_carea' id='block_1_7' title="bbox 139 329 926 371">
    <p class='ocr_par' dir='ltr' id='par_1_7' title="bbox 139 332 910 371">
     <span class='ocr_line' id='line_1_7' title="bbox 139 332 910 371; baseline -0.006 -8"><span class='ocrx_word' id='word_1_43' title='bbox 139 337 180 364; x_wconf 79' lang='grc' dir='ltr'><strong>καὶ</strong></span> <span class='ocrx_word' id='word_1_44' title='bbox 193 335 337 371; x_wconf 82' lang='grc' dir='ltr'>μαίνεταιό</span> <span class='ocrx_word' id='word_1_45' title='bbox 358 334 519 369; x_wconf 80' lang='grc' dir='ltr'><strong>Ἀλκμαίων,</strong></span> <span class='ocrx_word' id='word_1_46' title='bbox 538 334 584 360; x_wconf 77' lang='grc' dir='ltr'>καὶ</span> <span class='ocrx_word' id='word_1_47' title='bbox 605 334 712 360; x_wconf 76' lang='grc' dir='ltr'>ὑπονοεῖ</span> <span class='ocrx_word' id='word_1_48' title='bbox 730 333 764 359; x_wconf 84' lang='grc' dir='ltr'>τὰ</span> <span class='ocrx_word' id='word_1_49' title='bbox 784 332 820 368; x_wconf 82' lang='grc' dir='ltr'>μὴ</span> <span class='ocrx_word' id='word_1_50' title='bbox 836 332 910 364; x_wconf 74' lang='grc' dir='ltr'>ὄντα,</span> 
     </span>
    </p>
   </div>
   <div class='ocr_carea' id='block_1_8' title="bbox 977 329 1741 371">
    <p class='ocr_par' dir='ltr' id='par_1_8' title="bbox 979 329 1741 367">
     <span class='ocr_line' id='line_1_8' title="bbox 979 329 1741 367; baseline -0.012 -7"><span class='ocrx_word' id='word_1_51' title='bbox 979 334 1032 365; x_wconf 87' lang='lat' dir='ltr'><strong>ius,</strong></span> <span class='ocrx_word' id='word_1_52' title='bbox 1056 333 1096 360; x_wconf 83' lang='lat' dir='ltr'><strong>vel</strong></span> <span class='ocrx_word' id='word_1_53' title='bbox 1121 332 1270 367; x_wconf 87' lang='lat' dir='ltr'><strong>antiquius.</strong></span> <span class='ocrx_word' id='word_1_54' title='bbox 1298 331 1338 358; x_wconf 86' lang='lat' dir='ltr'><strong>vel</strong></span> <span class='ocrx_word' id='word_1_55' title='bbox 1362 330 1414 357; x_wconf 75' lang='lat' dir='ltr'><strong>inde</strong></span> <span class='ocrx_word' id='word_1_56' title='bbox 1438 329 1545 363; x_wconf 79' lang='lat' dir='ltr'><strong>dignius</strong></span> <span class='ocrx_word' id='word_1_57' title='bbox 1566 334 1626 354; x_wconf 85' lang='lat' dir='ltr'><strong>esse</strong></span> <span class='ocrx_word' id='word_1_58' title='bbox 1650 329 1741 360; x_wconf 81' lang='lat' dir='ltr'><strong>queat.</strong></span> 
     </span>
    </p>
   </div>
   <div class='ocr_carea' id='block_1_9' title="bbox 139 370 926 417">
    <p class='ocr_par' dir='ltr' id='par_1_9' title="bbox 139 370 774 417">
     <span class='ocr_line' id='line_1_9' title="bbox 139 370 774 417; baseline -0.008 -8"><span class='ocrx_word' id='word_1_59' title='bbox 139 370 297 417; x_wconf 19' lang='lat' dir='ltr'><strong>ayarﬂﬁOm;</strong></span> <span class='ocrx_word' id='word_1_60' title='bbox 308 382 337 407; x_wconf 82' lang='grc' dir='ltr'>οὐ</span> <span class='ocrx_word' id='word_1_61' title='bbox 355 381 478 416; x_wconf 84' lang='grc' dir='ltr'>μαίνεται</span> <span class='ocrx_word' id='word_1_62' title='bbox 488 388 495 395; x_wconf 83' lang='grc'><em>”</em></span> <span class='ocrx_word' id='word_1_63' title='bbox 514 379 581 415; x_wconf 72' lang='grc' dir='ltr'>μηδὲ</span> <span class='ocrx_word' id='word_1_64' title='bbox 596 379 657 413; x_wconf 83' lang='grc' dir='ltr'><strong>λέγε</strong></span> <span class='ocrx_word' id='word_1_65' title='bbox 673 378 758 409; x_wconf 78' lang='grc' dir='ltr'>οὕτως</span> <span class='ocrx_word' id='word_1_66' title='bbox 768 386 774 392; x_wconf 94' lang='grc'><strong>·</strong></span> 
     </span>
    </p>
   </div>
   <div class='ocr_carea' id='block_1_10' title="bbox 977 370 1742 417">
    <p class='ocr_par' dir='ltr' id='par_1_10' title="bbox 977 370 1742 411">
     <span class='ocr_line' id='line_1_10' title="bbox 977 370 1742 411; baseline -0.013 -5"><span class='ocrx_word' id='word_1_67' title='bbox 977 380 1050 406; x_wconf 72' lang='lat' dir='ltr'><strong>Secus</strong></span> <span class='ocrx_word' id='word_1_68' title='bbox 1063 379 1146 411; x_wconf 85' lang='lat' dir='ltr'><strong>enim,</strong></span> <span class='ocrx_word' id='word_1_69' title='bbox 1158 378 1264 405; x_wconf 84' lang='lat' dir='ltr'><strong>desinat</strong></span> <span class='ocrx_word' id='word_1_70' title='bbox 1276 378 1302 404; x_wconf 94' lang='lat' dir='ltr'><strong>in</strong></span> <span class='ocrx_word' id='word_1_71' title='bbox 1318 381 1455 411; x_wconf 88' lang='lat' dir='ltr'><strong>posterum</strong></span> <span class='ocrx_word' id='word_1_72' title='bbox 1466 375 1601 401; x_wconf 55' lang='lat' dir='ltr'><strong>Alcmaeon</strong></span> <span class='ocrx_word' id='word_1_73' title='bbox 1614 377 1640 400; x_wconf 90' lang='lat' dir='ltr'><strong>te</strong></span> <span class='ocrx_word' id='word_1_74' title='bbox 1651 370 1742 398; x_wconf 87' lang='lat' dir='ltr'><strong>nescio</strong></span> 
     </span>
    </p>
   </div>
   <div class='ocr_carea' id='block_1_11' title="bbox 141 420 1743 468">
    <p class='ocr_par' dir='ltr' id='par_1_11' title="bbox 141 420 1743 468">
     <span class='ocr_line' id='line_1_11' title="bbox 141 420 1743 468; baseline -0.007 -12"><span class='ocrx_word' id='word_1_75' title='bbox 141 430 213 464; x_wconf 85' lang='lat' dir='ltr'><strong>quis,</strong></span> <span class='ocrx_word' id='word_1_76' title='bbox 230 427 370 456; x_wconf 80' lang='lat' dir='ltr'><strong>interfecta</strong></span> <span class='ocrx_word' id='word_1_77' title='bbox 390 432 474 454; x_wconf 85' lang='lat' dir='ltr'><strong>matre</strong></span> <span class='ocrx_word' id='word_1_78' title='bbox 487 447 495 458; x_wconf 89' lang='lat'><strong>,</strong></span> <span class='ocrx_word' id='word_1_79' title='bbox 511 426 593 454; x_wconf 91' lang='lat' dir='ltr'><strong>domo</strong></span> <span class='ocrx_word' id='word_1_80' title='bbox 611 426 725 468; x_wconf 79' lang='lat' dir='ltr'><strong>pulsus,</strong></span> <span class='ocrx_word' id='word_1_81' title='bbox 740 426 853 461; x_wconf 82' lang='lat' dir='ltr'><strong>ejusque</strong></span> <span class='ocrx_word' id='word_1_82' title='bbox 874 430 963 453; x_wconf 82' lang='lat' dir='ltr'><strong>tamen</strong></span> <span class='ocrx_word' id='word_1_83' title='bbox 988 427 1112 461; x_wconf 86' lang='lat' dir='ltr'><strong>cupidus,</strong></span> <span class='ocrx_word' id='word_1_84' title='bbox 1139 426 1248 461; x_wconf 88' lang='lat' dir='ltr'><strong>Delphis</strong></span> <span class='ocrx_word' id='word_1_85' title='bbox 1273 424 1428 453; x_wconf 88' lang='lat' dir='ltr'><strong>convenire.</strong></span> <span class='ocrx_word' id='word_1_86' title='bbox 1453 422 1531 457; x_wconf 76' lang='lat'><strong>257</strong></span> <span class='ocrx_word' id='word_1_87' title='bbox 1554 420 1667 455; x_wconf 81' lang='lat' dir='ltr'><strong>Quippe,</strong></span> <span class='ocrx_word' id='word_1_88' title='bbox 1694 425 1743 445; x_wconf 88' lang='lat' dir='ltr'><strong>nec</strong></span> 
     </span>
    </p>
   </div>
   <div class='ocr_carea' id='block_1_12' title="bbox 141 466 1741 510">
    <p class='ocr_par' dir='ltr' id='par_1_12' title="bbox 141 466 1741 510">
     <span class='ocr_line' id='line_1_12' title="bbox 141 466 1741 510; baseline -0.008 -6"><span class='ocrx_word' id='word_1_89' title='bbox 141 482 224 504; x_wconf 91' lang='lat' dir='ltr'><strong>utrum</strong></span> <span class='ocrx_word' id='word_1_90' title='bbox 241 475 340 510; x_wconf 86' lang='lat' dir='ltr'><strong>aliquid</strong></span> <span class='ocrx_word' id='word_1_91' title='bbox 360 475 416 509; x_wconf 88' lang='lat' dir='ltr'><strong>ipse</strong></span> <span class='ocrx_word' id='word_1_92' title='bbox 430 475 542 501; x_wconf 91' lang='lat' dir='ltr'><strong>omnino</strong></span> <span class='ocrx_word' id='word_1_93' title='bbox 563 474 616 506; x_wconf 85' lang='lat' dir='ltr'><strong>sit,</strong></span> <span class='ocrx_word' id='word_1_94' title='bbox 640 466 689 501; x_wconf 84' lang='lat' dir='ltr'><strong>nec</strong></span> <span class='ocrx_word' id='word_1_95' title='bbox 712 479 802 501; x_wconf 89' lang='lat' dir='ltr'><strong>utrum</strong></span> <span class='ocrx_word' id='word_1_96' title='bbox 828 474 908 501; x_wconf 90' lang='lat' dir='ltr'><strong>domo</strong></span> <span class='ocrx_word' id='word_1_97' title='bbox 926 474 1049 509; x_wconf 80' lang='lat' dir='ltr'><strong>pellatur,</strong></span> <span class='ocrx_word' id='word_1_98' title='bbox 1068 481 1118 501; x_wconf 90' lang='lat' dir='ltr'><strong>nec</strong></span> <span class='ocrx_word' id='word_1_99' title='bbox 1149 478 1238 500; x_wconf 89' lang='lat' dir='ltr'><strong>utrum</strong></span> <span class='ocrx_word' id='word_1_100' title='bbox 1270 472 1391 507; x_wconf 84' lang='lat' dir='ltr'><strong>ejusdem</strong></span> <span class='ocrx_word' id='word_1_101' title='bbox 1409 469 1526 504; x_wconf 86' lang='lat' dir='ltr'><strong>cupidus</strong></span> <span class='ocrx_word' id='word_1_102' title='bbox 1543 468 1589 498; x_wconf 85' lang='lat' dir='ltr'><strong>sit.</strong></span> <span class='ocrx_word' id='word_1_103' title='bbox 1607 466 1741 496; x_wconf 70' lang='lat' dir='ltr'><strong>intelligit.</strong></span> 
     </span>
    </p>
   </div>
   <div class='ocr_carea' id='block_1_13' title="bbox 141 511 1743 554">
    <p class='ocr_par' dir='ltr' id='par_1_13' title="bbox 141 511 1743 554">
     <span class='ocr_line' id='line_1_13' title="bbox 141 511 1743 554; baseline -0.008 -5"><span class='ocrx_word' id='word_1_104' title='bbox 141 523 171 550; x_wconf 63' lang='lat' dir='ltr'><strong>At</strong></span> <span class='ocrx_word' id='word_1_105' title='bbox 187 522 256 548; x_wconf 89' lang='lat' dir='ltr'><strong>enim</strong></span> <span class='ocrx_word' id='word_1_106' title='bbox 281 521 349 548; x_wconf 84' lang='lat' dir='ltr'><strong>furat</strong></span> <span class='ocrx_word' id='word_1_107' title='bbox 363 521 499 548; x_wconf 60' lang='lat' dir='ltr'><strong>Alcmaeon</strong></span> <span class='ocrx_word' id='word_1_108' title='bbox 515 520 587 553; x_wconf 85' lang='lat' dir='ltr'><strong>licet,</strong></span> <span class='ocrx_word' id='word_1_109' title='bbox 604 527 717 554; x_wconf 68' lang='lat' dir='ltr'><strong>quaaque</strong></span> <span class='ocrx_word' id='word_1_110' title='bbox 734 519 807 546; x_wconf 88' lang='lat' dir='ltr'><strong>nulla</strong></span> <span class='ocrx_word' id='word_1_111' title='bbox 824 524 908 553; x_wconf 88' lang='lat' dir='ltr'><strong>sunt,</strong></span> <span class='ocrx_word' id='word_1_112' title='bbox 928 520 1018 547; x_wconf 91' lang='lat' dir='ltr'><strong>animo</strong></span> <span class='ocrx_word' id='word_1_113' title='bbox 1038 520 1089 547; x_wconf 83' lang='lat' dir='ltr'><strong>sibi</strong></span> <span class='ocrx_word' id='word_1_114' title='bbox 1115 519 1216 553; x_wconf 84' lang='lat' dir='ltr'><strong>lingat:</strong></span> <span class='ocrx_word' id='word_1_115' title='bbox 1247 526 1300 546; x_wconf 90' lang='lat' dir='ltr'><strong>non</strong></span> <span class='ocrx_word' id='word_1_116' title='bbox 1317 517 1383 545; x_wconf 79' lang='lat' dir='ltr'><strong>furit</strong></span> <span class='ocrx_word' id='word_1_117' title='bbox 1407 515 1515 550; x_wconf 86' lang='lat' dir='ltr'><strong>quidem</strong></span> <span class='ocrx_word' id='word_1_118' title='bbox 1547 513 1670 546; x_wconf 78' lang='lat' dir='ltr'><strong>Pythius.</strong></span> <span class='ocrx_word' id='word_1_119' title='bbox 1689 511 1743 537; x_wconf 88' lang='lat' dir='ltr'><strong>lmo</strong></span> 
     </span>
    </p>
   </div>
   <div class='ocr_carea' id='block_1_14' title="bbox 141 565 580 600">
    <p class='ocr_par' dir='ltr' id='par_1_14' title="bbox 141 565 580 600">
     <span class='ocr_line' id='line_1_14' title="bbox 141 565 580 600; baseline -0.007 -6"><span class='ocrx_word' id='word_1_120' title='bbox 141 575 200 596; x_wconf 88' lang='lat' dir='ltr'><strong>cave</strong></span> <span class='ocrx_word' id='word_1_121' title='bbox 216 572 244 594; x_wconf 88' lang='lat' dir='ltr'><strong>tu</strong></span> <span class='ocrx_word' id='word_1_122' title='bbox 257 573 364 600; x_wconf 89' lang='lat' dir='ltr'><strong>quoque</strong></span> <span class='ocrx_word' id='word_1_123' title='bbox 378 565 403 592; x_wconf 90' lang='lat' dir='ltr'><strong>id</strong></span> <span class='ocrx_word' id='word_1_124' title='bbox 418 565 442 592; x_wconf 86' lang='lat' dir='ltr'><strong>ei</strong></span> <span class='ocrx_word' id='word_1_125' title='bbox 457 565 580 597; x_wconf 86' lang='lat' dir='ltr'><strong>occinas,</strong></span> 
     </span>
    </p>
   </div>
   <div class='ocr_carea' id='block_1_15' title="bbox 140 623 772 657">
    <p class='ocr_par' dir='ltr' id='par_1_15' title="bbox 140 623 772 657">
     <span class='ocr_line' id='line_1_15' title="bbox 140 623 772 657; baseline -0.006 -4"><span class='ocrx_word' id='word_1_126' title='bbox 140 626 250 653; x_wconf 76' lang='grc' dir='ltr'><strong>Νόστων</strong></span> <span class='ocrx_word' id='word_1_127' title='bbox 263 623 355 656; x_wconf 82' lang='grc' dir='ltr'><strong>δίζηαι</strong></span> <span class='ocrx_word' id='word_1_128' title='bbox 371 623 498 657; x_wconf 75' lang='grc' dir='ltr'>πατρίην</span> <span class='ocrx_word' id='word_1_129' title='bbox 509 623 541 656; x_wconf 86' lang='grc' dir='ltr'><strong>ἐς</strong></span> <span class='ocrx_word' id='word_1_130' title='bbox 553 623 640 657; x_wconf 76' lang='grc' dir='ltr'>γαῖαν</span> <span class='ocrx_word' id='word_1_131' title='bbox 658 623 772 650; x_wconf 73' lang='grc' dir='ltr'><strong>ἱκέσθαι</strong></span> 
     </span>
    </p>
   </div>
   <div class='ocr_carea' id='block_1_16' title="bbox 146 659 390 695">
    <p class='ocr_par' dir='ltr' id='par_1_16' title="bbox 146 659 390 695">
     <span class='ocr_line' id='line_1_16' title="bbox 146 659 390 695; baseline -0.008 -9"><span class='ocrx_word' id='word_1_132' title='bbox 146 660 225 695; x_wconf 66' lang='grc' dir='ltr'><strong>Ἀμφὶ</strong></span> <span class='ocrx_word' id='word_1_133' title='bbox 243 659 390 693; x_wconf 73' lang='grc' dir='ltr'>Ἀρκαδίῃ,</span> 
     </span>
    </p>
   </div>
   <div class='ocr_carea' id='block_1_17' title="bbox 142 713 912 754">
    <p class='ocr_par' dir='ltr' id='par_1_17' title="bbox 142 713 912 754">
     <span class='ocr_line' id='line_1_17' title="bbox 142 713 912 754; baseline -0.008 -9"><span class='ocrx_word' id='word_1_134' title='bbox 142 719 203 745; x_wconf 81' lang='grc' dir='ltr'><strong>οὐδὲ</strong></span> <span class='ocrx_word' id='word_1_135' title='bbox 219 718 271 754; x_wconf 80' lang='grc' dir='ltr'>γὰρ</span> <span class='ocrx_word' id='word_1_136' title='bbox 285 714 362 743; x_wconf 72' lang='grc' dir='ltr'><strong>οἶσθά.</strong></span> <span class='ocrx_word' id='word_1_137' title='bbox 374 725 430 748; x_wconf 88' lang='grc' dir='ltr'>πως</span> <span class='ocrx_word' id='word_1_138' title='bbox 446 715 473 742; x_wconf 76' lang='grc' dir='ltr'><strong>εἴ</strong></span> <span class='ocrx_word' id='word_1_139' title='bbox 481 713 512 741; x_wconf 81' lang='grc' dir='ltr'><strong>σέ</strong></span> <span class='ocrx_word' id='word_1_140' title='bbox 522 723 563 746; x_wconf 82' lang='grc' dir='ltr'>τις</span> <span class='ocrx_word' id='word_1_141' title='bbox 573 715 662 750; x_wconf 73' lang='grc' dir='ltr'>ἐρωτᾷ</span> <span class='ocrx_word' id='word_1_142' title='bbox 676 714 745 749; x_wconf 78' lang='grc' dir='ltr'><strong>ἀμφὶ</strong></span> <span class='ocrx_word' id='word_1_143' title='bbox 759 714 912 750; x_wconf 79' lang='grc' dir='ltr'><strong>Ἀρκαδίης,</strong></span> 
     </span>
    </p>
   </div>
   <div class='ocr_carea' id='block_1_18' title="bbox 141 756 914 797">
    <p class='ocr_par' dir='ltr' id='par_1_18' title="bbox 141 756 914 797">
     <span class='ocr_line' id='line_1_18' title="bbox 141 756 914 797; baseline -0.008 -7"><span class='ocrx_word' id='word_1_144' title='bbox 141 764 190 790; x_wconf 66' lang='grc' dir='ltr'><strong>οὔδ’</strong></span> <span class='ocrx_word' id='word_1_145' title='bbox 206 765 228 789; x_wconf 83' lang='grc' dir='ltr'><strong>εί</strong></span> <span class='ocrx_word' id='word_1_146' title='bbox 245 763 276 788; x_wconf 79' lang='grc' dir='ltr'>σὺ</span> <span class='ocrx_word' id='word_1_147' title='bbox 287 760 311 788; x_wconf 76' lang='grc' dir='ltr'>εἷ</span> <span class='ocrx_word' id='word_1_148' title='bbox 326 763 340 788; x_wconf 83' lang='grc' dir='ltr'>ὁ</span> <span class='ocrx_word' id='word_1_149' title='bbox 354 760 537 797; x_wconf 77' lang='grc' dir='ltr'>ἐρωτώμενος,</span> <span class='ocrx_word' id='word_1_150' title='bbox 555 760 602 787; x_wconf 64' lang='lat' dir='ltr'><strong>uti.</strong></span> <span class='ocrx_word' id='word_1_151' title='bbox 616 759 704 793; x_wconf 79' lang='grc' dir='ltr'>λέγειν</span> <span class='ocrx_word' id='word_1_152' title='bbox 717 759 784 794; x_wconf 74' lang='grc' dir='ltr'>ἔχων</span> <span class='ocrx_word' id='word_1_153' title='bbox 800 759 862 794; x_wconf 78' lang='grc' dir='ltr'>περὶ</span> <span class='ocrx_word' id='word_1_154' title='bbox 878 756 914 784; x_wconf 83' lang='grc' dir='ltr'>ὦν</span> 
     </span>
    </p>
   </div>
   <div class='ocr_carea' id='block_1_19' title="bbox 141 803 915 842">
    <p class='ocr_par' dir='ltr' id='par_1_19' title="bbox 141 803 915 842">
     <span class='ocr_line' id='line_1_19' title="bbox 141 803 915 842; baseline -0.008 -8"><span class='ocrx_word' id='word_1_155' title='bbox 141 817 178 839; x_wconf 81' lang='grc' dir='ltr'><strong>τις</strong></span> <span class='ocrx_word' id='word_1_156' title='bbox 192 808 287 842; x_wconf 76' lang='grc' dir='ltr'>ἐρωτᾷ.</span> <span class='ocrx_word' id='word_1_157' title='bbox 304 806 379 841; x_wconf 82' lang='grc' dir='ltr'><strong>Μηδὲ</strong></span> <span class='ocrx_word' id='word_1_158' title='bbox 392 806 550 841; x_wconf 79' lang='grc' dir='ltr'>Χρύσιππος</span> <span class='ocrx_word' id='word_1_159' title='bbox 563 805 616 840; x_wconf 77' lang='grc' dir='ltr'>ἄρα</span> <span class='ocrx_word' id='word_1_160' title='bbox 638 805 653 830; x_wconf 84' lang='grc' dir='ltr'>ὁ</span> <span class='ocrx_word' id='word_1_161' title='bbox 675 803 722 839; x_wconf 86' lang='grc' dir='ltr'><strong>τὴν</strong></span> <span class='ocrx_word' id='word_1_162' title='bbox 745 803 915 838; x_wconf 86' lang='grc' dir='ltr'>ἡμιδουλείαν</span> 
     </span>
    </p>
   </div>
   <div class='ocr_carea' id='block_1_20' title="bbox 143 849 916 886">
    <p class='ocr_par' dir='ltr' id='par_1_20' title="bbox 143 849 916 886">
     <span class='ocr_line' id='line_1_20' title="bbox 143 849 916 886; baseline -0.006 -7"><span class='ocrx_word' id='word_1_163' title='bbox 143 853 261 886; x_wconf 70' lang='grc' dir='ltr'>εἰσάγων,</span> <span class='ocrx_word' id='word_1_164' title='bbox 275 853 289 878; x_wconf 82' lang='grc' dir='ltr'><strong>ὅ</strong></span> <span class='ocrx_word' id='word_1_165' title='bbox 301 861 328 877; x_wconf 84' lang='grc' dir='ltr'><strong>τι</strong></span> <span class='ocrx_word' id='word_1_166' title='bbox 345 851 410 877; x_wconf 87' lang='grc' dir='ltr'><strong>ποτὲ</strong></span> <span class='ocrx_word' id='word_1_167' title='bbox 424 851 480 886; x_wconf 72' lang='grc'><strong>(74)</strong></span> <span class='ocrx_word' id='word_1_168' title='bbox 500 851 573 876; x_wconf 72' lang='grc' dir='ltr'>ἐστιν</span> <span class='ocrx_word' id='word_1_169' title='bbox 586 850 651 876; x_wconf 84' lang='grc' dir='ltr'>αὐτὸ</span> <span class='ocrx_word' id='word_1_170' title='bbox 667 849 754 881; x_wconf 83' lang='grc' dir='ltr'>τοῦτο,</span> <span class='ocrx_word' id='word_1_171' title='bbox 770 849 916 876; x_wconf 81' lang='grc' dir='ltr'><strong>ἀπαντάτω</strong></span> 
     </span>
    </p>
   </div>
   <div class='ocr_carea' id='block_1_21' title="bbox 141 894 915 933">
    <p class='ocr_par' dir='ltr' id='par_1_21' title="bbox 141 894 915 933">
     <span class='ocr_line' id='line_1_21' title="bbox 141 894 915 933; baseline -0.006 -9"><span class='ocrx_word' id='word_1_172' title='bbox 141 900 177 930; x_wconf 83' lang='grc' dir='ltr'>είς</span> <span class='ocrx_word' id='word_1_173' title='bbox 191 898 237 933; x_wconf 80' lang='grc' dir='ltr'>τὴν</span> <span class='ocrx_word' id='word_1_174' title='bbox 253 897 344 928; x_wconf 70' lang='grc' dir='ltr'>στοὰν,</span> <span class='ocrx_word' id='word_1_175' title='bbox 360 896 420 932; x_wconf 83' lang='grc' dir='ltr'>μηδ’</span> <span class='ocrx_word' id='word_1_176' title='bbox 432 895 528 922; x_wconf 79' lang='grc' dir='ltr'><strong>οἰέσθω</strong></span> <span class='ocrx_word' id='word_1_177' title='bbox 539 894 740 930; x_wconf 82' lang='grc' dir='ltr'>ἀπαντήσεσθαι</span> <span class='ocrx_word' id='word_1_178' title='bbox 765 894 826 925; x_wconf 77' lang='grc' dir='ltr'>τοὺς</span> <span class='ocrx_word' id='word_1_179' title='bbox 842 894 915 928; x_wconf 85' lang='grc' dir='ltr'>βλεν-</span> 
     </span>
    </p>
   </div>
   <div class='ocr_carea' id='block_1_22' title="bbox 970 616 1672 655">
    <p class='ocr_par' dir='ltr' id='par_1_22' title="bbox 970 616 1672 655">
     <span class='ocr_line' id='line_1_22' title="bbox 970 616 1672 655; baseline -0.014 -6"><span class='ocrx_word' id='word_1_180' title='bbox 970 622 1006 649; x_wconf 85' lang='lat' dir='ltr'><strong>Tu</strong></span> <span class='ocrx_word' id='word_1_181' title='bbox 1024 622 1136 649; x_wconf 76' lang='lat' dir='ltr'><strong>reditum</strong></span> <span class='ocrx_word' id='word_1_182' title='bbox 1150 621 1176 647; x_wconf 78' lang='lat' dir='ltr'><strong>in</strong></span> <span class='ocrx_word' id='word_1_183' title='bbox 1188 620 1301 655; x_wconf 82' lang='lat' dir='ltr'><strong>patriam</strong></span> <span class='ocrx_word' id='word_1_184' title='bbox 1317 619 1383 646; x_wconf 69' lang='lat' dir='ltr'><strong>votis</strong></span> <span class='ocrx_word' id='word_1_185' title='bbox 1397 616 1570 652; x_wconf 76' lang='lat' dir='ltr'><strong>ﬂagrantibus</strong></span> <span class='ocrx_word' id='word_1_186' title='bbox 1587 621 1672 649; x_wconf 70' lang='lat' dir='ltr'><strong>urges,</strong></span> 
     </span>
    </p>
   </div>
   <div class='ocr_carea' id='block_1_23' title="bbox 972 656 1235 684">
    <p class='ocr_par' dir='ltr' id='par_1_23' title="bbox 972 656 1235 684">
     <span class='ocr_line' id='line_1_23' title="bbox 972 656 1235 684; baseline -0.008 0"><span class='ocrx_word' id='word_1_187' title='bbox 972 658 1067 684; x_wconf 69' lang='lat' dir='ltr'><strong>Versus</strong></span> <span class='ocrx_word' id='word_1_188' title='bbox 1084 656 1235 684; x_wconf 76' lang='lat' dir='ltr'><strong>Arcadiam.</strong></span> 
     </span>
    </p>
   </div>
   <div class='ocr_carea' id='block_1_24' title="bbox 967 705 1745 746">
    <p class='ocr_par' dir='ltr' id='par_1_24' title="bbox 967 705 1745 746">
     <span class='ocr_line' id='line_1_24' title="bbox 967 705 1745 746; baseline -0.012 -6"><span class='ocrx_word' id='word_1_189' title='bbox 967 712 1033 740; x_wconf 86' lang='lat' dir='ltr'><strong>Nam</strong></span> <span class='ocrx_word' id='word_1_190' title='bbox 1053 720 1086 739; x_wconf 91' lang='lat' dir='ltr'><strong>ne</strong></span> <span class='ocrx_word' id='word_1_191' title='bbox 1103 712 1160 746; x_wconf 89' lang='lat' dir='ltr'><strong>ipse</strong></span> <span class='ocrx_word' id='word_1_192' title='bbox 1174 711 1281 746; x_wconf 85' lang='lat' dir='ltr'><strong>quidem</strong></span> <span class='ocrx_word' id='word_1_193' title='bbox 1307 709 1450 744; x_wconf 77' lang='lat' dir='ltr'><strong>intelligis,</strong></span> <span class='ocrx_word' id='word_1_194' title='bbox 1467 712 1528 735; x_wconf 89' lang='lat' dir='ltr'><strong>tene</strong></span> <span class='ocrx_word' id='word_1_195' title='bbox 1543 707 1686 742; x_wconf 82' lang='lat' dir='ltr'><strong>quisquam</strong></span> <span class='ocrx_word' id='word_1_196' title='bbox 1712 705 1745 732; x_wconf 90' lang='lat' dir='ltr'><strong>de</strong></span> 
     </span>
    </p>
   </div>
   <div class='ocr_carea' id='block_1_25' title="bbox 968 749 1744 789">
    <p class='ocr_par' dir='ltr' id='par_1_25' title="bbox 968 749 1744 789">
     <span class='ocr_line' id='line_1_25' title="bbox 968 749 1744 789; baseline -0.015 -4"><span class='ocrx_word' id='word_1_197' title='bbox 968 758 1086 785; x_wconf 86' lang='lat' dir='ltr'><strong>Arcadia</strong></span> <span class='ocrx_word' id='word_1_198' title='bbox 1103 755 1238 787; x_wconf 83' lang='lat' dir='ltr'><strong>consulat,</strong></span> <span class='ocrx_word' id='word_1_199' title='bbox 1255 755 1279 782; x_wconf 86' lang='lat' dir='ltr'><strong>is</strong></span> <span class='ocrx_word' id='word_1_200' title='bbox 1294 762 1327 781; x_wconf 84' lang='lat' dir='ltr'><strong>ne</strong></span> <span class='ocrx_word' id='word_1_201' title='bbox 1343 761 1424 789; x_wconf 89' lang='lat' dir='ltr'><strong>porro</strong></span> <span class='ocrx_word' id='word_1_202' title='bbox 1439 753 1478 780; x_wconf 90' lang='lat' dir='ltr'><strong>sis</strong></span> <span class='ocrx_word' id='word_1_203' title='bbox 1489 772 1495 783; x_wconf 89' lang='lat'><strong>,</strong></span> <span class='ocrx_word' id='word_1_204' title='bbox 1511 751 1556 786; x_wconf 85' lang='lat' dir='ltr'><strong>qui</strong></span> <span class='ocrx_word' id='word_1_205' title='bbox 1575 749 1723 778; x_wconf 88' lang='lat' dir='ltr'><strong>consulitur</strong></span> <span class='ocrx_word' id='word_1_206' title='bbox 1735 767 1744 780; x_wconf 86' lang='lat'><strong>,</strong></span> 
     </span>
    </p>
   </div>
   <div class='ocr_carea' id='block_1_26' title="bbox 969 794 1744 836">
    <p class='ocr_par' dir='ltr' id='par_1_26' title="bbox 969 794 1744 836">
     <span class='ocr_line' id='line_1_26' title="bbox 969 794 1744 836; baseline -0.013 -6"><span class='ocrx_word' id='word_1_207' title='bbox 969 803 1115 835; x_wconf 81' lang='lat' dir='ltr'><strong>habeasne,</strong></span> <span class='ocrx_word' id='word_1_208' title='bbox 1130 802 1202 836; x_wconf 89' lang='lat' dir='ltr'><strong>quod</strong></span> <span class='ocrx_word' id='word_1_209' title='bbox 1217 808 1275 828; x_wconf 84' lang='lat' dir='ltr'><strong>eam</strong></span> <span class='ocrx_word' id='word_1_210' title='bbox 1291 800 1318 826; x_wconf 91' lang='lat' dir='ltr'><strong>in</strong></span> <span class='ocrx_word' id='word_1_211' title='bbox 1331 807 1399 831; x_wconf 80' lang='lat' dir='ltr'><strong>rem,</strong></span> <span class='ocrx_word' id='word_1_212' title='bbox 1414 806 1466 833; x_wconf 86' lang='lat' dir='ltr'><strong>qua</strong></span> <span class='ocrx_word' id='word_1_213' title='bbox 1483 797 1516 824; x_wconf 86' lang='lat' dir='ltr'><strong>de</strong></span> <span class='ocrx_word' id='word_1_214' title='bbox 1528 797 1596 824; x_wconf 86' lang='lat' dir='ltr'><strong>alius</strong></span> <span class='ocrx_word' id='word_1_215' title='bbox 1608 794 1744 826; x_wconf 87' lang='lat' dir='ltr'><strong>consulit,</strong></span> 
     </span>
    </p>
   </div>
   <div class='ocr_carea' id='block_1_27' title="bbox 969 838 1747 882">
    <p class='ocr_par' dir='ltr' id='par_1_27' title="bbox 969 838 1747 882">
     <span class='ocr_line' id='line_1_27' title="bbox 969 838 1747 882; baseline -0.014 -7"><span class='ocrx_word' id='word_1_216' title='bbox 969 847 1143 882; x_wconf 85' lang='lat' dir='ltr'><strong>respondeas.</strong></span> <span class='ocrx_word' id='word_1_217' title='bbox 1161 845 1272 872; x_wconf 86' lang='lat' dir='ltr'><strong>Desinat</strong></span> <span class='ocrx_word' id='word_1_218' title='bbox 1284 843 1364 870; x_wconf 80' lang='lat' dir='ltr'><strong>etiam</strong></span> <span class='ocrx_word' id='word_1_219' title='bbox 1379 843 1556 878; x_wconf 82' lang='lat' dir='ltr'><strong>Chrysippus.</strong></span> <span class='ocrx_word' id='word_1_220' title='bbox 1572 841 1594 867; x_wconf 90' lang='lat' dir='ltr'><strong>is</strong></span> <span class='ocrx_word' id='word_1_221' title='bbox 1606 839 1652 874; x_wconf 90' lang='lat' dir='ltr'><strong>qui</strong></span> <span class='ocrx_word' id='word_1_222' title='bbox 1668 838 1747 864; x_wconf 85' lang='lat' dir='ltr'><strong>dimi-</strong></span> 
     </span>
    </p>
   </div>
   <div class='ocr_carea' id='block_1_28' title="bbox 969 887 1748 921">
    <p class='ocr_par' dir='ltr' id='par_1_28' title="bbox 969 887 1748 921">
     <span class='ocr_line' id='line_1_28' title="bbox 969 887 1748 921; baseline -0.013 -1"><span class='ocrx_word' id='word_1_223' title='bbox 969 893 1071 920; x_wconf 84' lang='lat' dir='ltr'><strong>diatam</strong></span> <span class='ocrx_word' id='word_1_224' title='bbox 1090 891 1193 918; x_wconf 83' lang='lat' dir='ltr'><strong>invehit</strong></span> <span class='ocrx_word' id='word_1_225' title='bbox 1209 891 1377 921; x_wconf 83' lang='lat' dir='ltr'><strong>servitutem,</strong></span> <span class='ocrx_word' id='word_1_226' title='bbox 1399 896 1460 915; x_wconf 87' lang='lat' dir='ltr'><strong>eum</strong></span> <span class='ocrx_word' id='word_1_227' title='bbox 1483 887 1508 914; x_wconf 91' lang='lat' dir='ltr'><strong>id</strong></span> <span class='ocrx_word' id='word_1_228' title='bbox 1527 887 1614 920; x_wconf 87' lang='lat' dir='ltr'><strong>ipsum</strong></span> <span class='ocrx_word' id='word_1_229' title='bbox 1636 891 1748 919; x_wconf 84' lang='lat' dir='ltr'><strong>prorsus</strong></span> 
     </span>
    </p>
   </div>
   <div class='ocr_carea' id='block_1_29' title="bbox 142 929 926 975">
    <p class='ocr_par' dir='ltr' id='par_1_29' title="bbox 142 929 914 975">
     <span class='ocr_line' id='line_1_29' title="bbox 142 929 914 975; baseline -0.008 -5"><span class='ocrx_word' id='word_1_230' title='bbox 142 943 198 974; x_wconf 73' lang='grc' dir='ltr'>νοὺς</span> <span class='ocrx_word' id='word_1_231' title='bbox 225 929 411 973; x_wconf 32' lang='grc' dir='ltr'>ὲκείνουςξῶς</span> <span class='ocrx_word' id='word_1_232' title='bbox 437 941 517 967; x_wconf 78' lang='grc' dir='ltr'>αὑτὸν</span> <span class='ocrx_word' id='word_1_233' title='bbox 538 939 735 975; x_wconf 80' lang='grc' dir='ltr'><strong>ἀκουσομένους</strong></span> <span class='ocrx_word' id='word_1_234' title='bbox 757 939 801 965; x_wconf 83' lang='grc' dir='ltr'><strong>τὸν</strong></span> <span class='ocrx_word' id='word_1_235' title='bbox 817 938 914 965; x_wconf 74' lang='grc' dir='ltr'>Οὖτιν·</span> 
     </span>
    </p>
   </div>
   <div class='ocr_carea' id='block_1_30' title="bbox 977 929 1748 975">
    <p class='ocr_par' dir='ltr' id='par_1_30' title="bbox 979 929 1748 973">
     <span class='ocr_line' id='line_1_30' title="bbox 979 929 1748 973; baseline -0.014 -8"><span class='ocrx_word' id='word_1_236' title='bbox 979 942 1083 973; x_wconf 75' lang='lat' dir='ltr'><strong>gnoret,</strong></span> <span class='ocrx_word' id='word_1_237' title='bbox 1099 937 1125 964; x_wconf 90' lang='lat' dir='ltr'><strong>in</strong></span> <span class='ocrx_word' id='word_1_238' title='bbox 1142 936 1279 963; x_wconf 85' lang='lat' dir='ltr'><strong>Porticum</strong></span> <span class='ocrx_word' id='word_1_239' title='bbox 1302 934 1447 965; x_wconf 86' lang='lat' dir='ltr'><strong>ventitare,</strong></span> <span class='ocrx_word' id='word_1_240' title='bbox 1464 940 1513 959; x_wconf 85' lang='lat' dir='ltr'><strong>nec</strong></span> <span class='ocrx_word' id='word_1_241' title='bbox 1525 931 1618 958; x_wconf 88' lang='lat' dir='ltr'><strong>eodem</strong></span> <span class='ocrx_word' id='word_1_242' title='bbox 1635 929 1748 957; x_wconf 86' lang='lat' dir='ltr'><strong>hlennos</strong></span> 
     </span>
    </p>
   </div>
   <div class='ocr_carea' id='block_1_31' title="bbox 145 984 915 1025">
    <p class='ocr_par' dir='ltr' id='par_1_31' title="bbox 145 984 915 1025">
     <span class='ocr_line' id='line_1_31' title="bbox 145 984 915 1025; baseline -0.008 -9"><span class='ocrx_word' id='word_1_243' title='bbox 145 990 205 1025; x_wconf 78' lang='grc' dir='ltr'>μηδὲ</span> <span class='ocrx_word' id='word_1_244' title='bbox 218 988 392 1016; x_wconf 81' lang='grc' dir='ltr'>διατεινέσθω</span> <span class='ocrx_word' id='word_1_245' title='bbox 409 988 472 1022; x_wconf 75' lang='grc' dir='ltr'>περὶ</span> <span class='ocrx_word' id='word_1_246' title='bbox 490 986 602 1022; x_wconf 80' lang='grc' dir='ltr'>μηδενὸς</span> <span class='ocrx_word' id='word_1_247' title='bbox 617 984 763 1016; x_wconf 81' lang='grc' dir='ltr'>καταστὰς,</span> <span class='ocrx_word' id='word_1_248' title='bbox 784 984 851 1020; x_wconf 65' lang='grc' dir='ltr'>πρὴς</span> <span class='ocrx_word' id='word_1_249' title='bbox 867 985 915 1020; x_wconf 80' lang='grc' dir='ltr'><strong>μὲν</strong></span> 
     </span>
    </p>
   </div>
   <div class='ocr_carea' id='block_1_32' title="bbox 148 1030 914 1071">
    <p class='ocr_par' dir='ltr' id='par_1_32' title="bbox 148 1030 914 1071">
     <span class='ocr_line' id='line_1_32' title="bbox 148 1030 914 1071; baseline -0.009 -9"><span class='ocrx_word' id='word_1_250' title='bbox 148 1035 315 1071; x_wconf 68' lang='grc' dir='ltr'>Ἀρκεσίλαον</span> <span class='ocrx_word' id='word_1_251' title='bbox 324 1033 454 1068; x_wconf 79' lang='grc' dir='ltr'>παρόντα,</span> <span class='ocrx_word' id='word_1_252' title='bbox 467 1033 533 1067; x_wconf 76' lang='grc' dir='ltr'>πρὸς</span> <span class='ocrx_word' id='word_1_253' title='bbox 541 1032 568 1057; x_wconf 80' lang='grc' dir='ltr'><strong>δὲ</strong></span> <span class='ocrx_word' id='word_1_254' title='bbox 583 1031 689 1057; x_wconf 82' lang='grc' dir='ltr'>Ἐπὶκου</span> <span class='ocrx_word' id='word_1_255' title='bbox 694 1039 738 1066; x_wconf 86' lang='grc' dir='ltr'>ρον</span> <span class='ocrx_word' id='word_1_256' title='bbox 747 1030 776 1056; x_wconf 81' lang='grc' dir='ltr'><strong>οὐ</strong></span> <span class='ocrx_word' id='word_1_257' title='bbox 787 1030 914 1064; x_wconf 79' lang='grc' dir='ltr'>παρόντα·</span> 
     </span>
    </p>
   </div>
   <div class='ocr_carea' id='block_1_33' title="bbox 143 1073 919 1116">
    <p class='ocr_par' dir='ltr' id='par_1_33' title="bbox 143 1073 919 1116">
     <span class='ocr_line' id='line_1_33' title="bbox 143 1073 919 1116; baseline -0.012 -8"><span class='ocrx_word' id='word_1_258' title='bbox 143 1081 166 1108; x_wconf 81' lang='grc' dir='ltr'><strong>τί</strong></span> <span class='ocrx_word' id='word_1_259' title='bbox 180 1081 231 1116; x_wconf 77' lang='grc' dir='ltr'>γάρ</span> <span class='ocrx_word' id='word_1_260' title='bbox 247 1081 321 1106; x_wconf 75' lang='grc' dir='ltr'>ἐστιν</span> <span class='ocrx_word' id='word_1_261' title='bbox 337 1080 351 1105; x_wconf 85' lang='grc' dir='ltr'>ὁ</span> <span class='ocrx_word' id='word_1_262' title='bbox 368 1077 551 1113; x_wconf 82' lang='grc' dir='ltr'>Ἀρκεσίλαος,</span> <span class='ocrx_word' id='word_1_263' title='bbox 563 1076 590 1102; x_wconf 83' lang='grc' dir='ltr'><strong>τί</strong></span> <span class='ocrx_word' id='word_1_264' title='bbox 603 1075 631 1101; x_wconf 83' lang='grc' dir='ltr'><strong>δὲ</strong></span> <span class='ocrx_word' id='word_1_265' title='bbox 645 1077 659 1102; x_wconf 82' lang='grc' dir='ltr'>ὁ</span> <span class='ocrx_word' id='word_1_266' title='bbox 682 1075 850 1109; x_wconf 73' lang='grc' dir='ltr'>Ἐπίκουρος,</span> <span class='ocrx_word' id='word_1_267' title='bbox 862 1074 878 1108; x_wconf 86' lang='grc' dir='ltr'>ἢ</span> <span class='ocrx_word' id='word_1_268' title='bbox 892 1073 919 1099; x_wconf 74' lang='grc' dir='ltr'><strong>τί</strong></span> 
     </span>
    </p>
   </div>
   <div class='ocr_carea' id='block_1_34' title="bbox 145 1117 917 1162">
    <p class='ocr_par' dir='ltr' id='par_1_34' title="bbox 145 1117 917 1162">
     <span class='ocr_line' id='line_1_34' title="bbox 145 1117 917 1162; baseline -0.009 -10"><span class='ocrx_word' id='word_1_269' title='bbox 145 1126 241 1162; x_wconf 82' lang='grc' dir='ltr'><strong>ήστοὰ,</strong></span> <span class='ocrx_word' id='word_1_270' title='bbox 258 1125 275 1160; x_wconf 82' lang='grc' dir='ltr'>ἢ</span> <span class='ocrx_word' id='word_1_271' title='bbox 299 1124 325 1150; x_wconf 81' lang='grc' dir='ltr'><strong>τί</strong></span> <span class='ocrx_word' id='word_1_272' title='bbox 339 1125 362 1150; x_wconf 77' lang='grc' dir='ltr'>οἱ</span> <span class='ocrx_word' id='word_1_273' title='bbox 379 1124 450 1153; x_wconf 83' lang='grc' dir='ltr'>νέοι,</span> <span class='ocrx_word' id='word_1_274' title='bbox 470 1123 487 1157; x_wconf 80' lang='grc' dir='ltr'>ἢ</span> <span class='ocrx_word' id='word_1_275' title='bbox 505 1122 545 1153; x_wconf 83' lang='grc' dir='ltr'>τίς</span> <span class='ocrx_word' id='word_1_276' title='bbox 557 1121 571 1146; x_wconf 82' lang='grc' dir='ltr'>ὁ</span> <span class='ocrx_word' id='word_1_277' title='bbox 582 1120 672 1151; x_wconf 73' lang='grc' dir='ltr'>Οὖτις,</span> <span class='ocrx_word' id='word_1_278' title='bbox 692 1120 746 1146; x_wconf 72' lang='grc' dir='ltr'>οὒτ’</span> <span class='ocrx_word' id='word_1_279' title='bbox 761 1117 840 1151; x_wconf 76' lang='grc' dir='ltr'>οἶδεν,</span> <span class='ocrx_word' id='word_1_280' title='bbox 857 1119 917 1145; x_wconf 72' lang='grc' dir='ltr'>οὔτε</span> 
     </span>
    </p>
   </div>
   <div class='ocr_carea' id='block_1_35' title="bbox 143 1163 918 1202">
    <p class='ocr_par' dir='ltr' id='par_1_35' title="bbox 143 1163 918 1202">
     <span class='ocr_line' id='line_1_35' title="bbox 143 1163 918 1202; baseline -0.01 -6"><span class='ocrx_word' id='word_1_281' title='bbox 143 1167 191 1201; x_wconf 75' lang='grc' dir='ltr'>οἷος</span> <span class='ocrx_word' id='word_1_282' title='bbox 212 1170 328 1196; x_wconf 79' lang='grc' dir='ltr'>εξδέναι·</span> <span class='ocrx_word' id='word_1_283' title='bbox 363 1167 429 1194; x_wconf 82' lang='grc' dir='ltr'>πολὺ</span> <span class='ocrx_word' id='word_1_284' title='bbox 446 1166 499 1202; x_wconf 82' lang='grc' dir='ltr'>γὰρ</span> <span class='ocrx_word' id='word_1_285' title='bbox 515 1166 644 1201; x_wconf 82' lang='grc' dir='ltr'>πρότερον</span> <span class='ocrx_word' id='word_1_286' title='bbox 666 1165 718 1191; x_wconf 80' lang='grc' dir='ltr'><strong>οὐδ’</strong></span> <span class='ocrx_word' id='word_1_287' title='bbox 745 1165 769 1190; x_wconf 85' lang='grc' dir='ltr'><strong>εί</strong></span> <span class='ocrx_word' id='word_1_288' title='bbox 788 1163 867 1195; x_wconf 74' lang='grc' dir='ltr'>αὑτός</span> <span class='ocrx_word' id='word_1_289' title='bbox 893 1163 918 1189; x_wconf 83' lang='grc' dir='ltr'><strong>τί</strong></span> 
     </span>
    </p>
   </div>
   <div class='ocr_carea' id='block_1_36' title="bbox 143 1208 919 1244">
    <p class='ocr_par' dir='ltr' id='par_1_36' title="bbox 143 1208 919 1244">
     <span class='ocr_line' id='line_1_36' title="bbox 143 1208 919 1244; baseline -0.012 -2"><span class='ocrx_word' id='word_1_290' title='bbox 143 1216 209 1242; x_wconf 72' lang='grc' dir='ltr'>ἐστὶν</span> <span class='ocrx_word' id='word_1_291' title='bbox 220 1213 300 1241; x_wconf 78' lang='grc' dir='ltr'>οἶδεν.</span> <span class='ocrx_word' id='word_1_292' title='bbox 324 1213 392 1239; x_wconf 76' lang='grc' dir='ltr'>Ἀλλ’</span> <span class='ocrx_word' id='word_1_293' title='bbox 409 1213 459 1239; x_wconf 74' lang='grc' dir='ltr'>οὐκ</span> <span class='ocrx_word' id='word_1_294' title='bbox 480 1210 604 1244; x_wconf 76' lang='grc' dir='ltr'><strong>ἀνέξεσθε</strong></span> <span class='ocrx_word' id='word_1_295' title='bbox 623 1210 684 1236; x_wconf 72' lang='grc' dir='ltr'>οὔτε</span> <span class='ocrx_word' id='word_1_296' title='bbox 705 1210 801 1243; x_wconf 80' lang='grc' dir='ltr'>ὑμεῖς,</span> <span class='ocrx_word' id='word_1_297' title='bbox 822 1208 882 1234; x_wconf 69' lang='grc' dir='ltr'>οὕτε</span> <span class='ocrx_word' id='word_1_298' title='bbox 905 1210 919 1234; x_wconf 84' lang='grc' dir='ltr'>ὁ</span> 
     </span>
    </p>
   </div>
   <div class='ocr_carea' id='block_1_37' title="bbox 145 1253 920 1296">
    <p class='ocr_par' dir='ltr' id='par_1_37' title="bbox 145 1253 920 1296">
     <span class='ocr_line' id='line_1_37' title="bbox 145 1253 920 1296; baseline -0.01 -9"><span class='ocrx_word' id='word_1_299' title='bbox 145 1261 316 1296; x_wconf 71' lang='grc' dir='ltr'>Δημόκριτος,</span> <span class='ocrx_word' id='word_1_300' title='bbox 330 1260 354 1285; x_wconf 82' lang='grc' dir='ltr'><strong>εί</strong></span> <span class='ocrx_word' id='word_1_301' title='bbox 366 1258 438 1292; x_wconf 80' lang='grc' dir='ltr'>λέγοι</span> <span class='ocrx_word' id='word_1_302' title='bbox 453 1266 493 1288; x_wconf 82' lang='grc' dir='ltr'>τις</span> <span class='ocrx_word' id='word_1_303' title='bbox 504 1256 601 1283; x_wconf 79' lang='grc' dir='ltr'>ταῦτα·</span> <span class='ocrx_word' id='word_1_304' title='bbox 618 1256 647 1281; x_wconf 86' lang='grc' dir='ltr'>οὑ</span> <span class='ocrx_word' id='word_1_305' title='bbox 663 1255 716 1290; x_wconf 71' lang='grc' dir='ltr'><strong>γὰρ</strong></span> <span class='ocrx_word' id='word_1_306' title='bbox 736 1253 804 1280; x_wconf 80' lang='grc' dir='ltr'>εἶναι</span> <span class='ocrx_word' id='word_1_307' title='bbox 828 1254 920 1280; x_wconf 81' lang='grc' dir='ltr'>πιστό-</span> 
     </span>
    </p>
   </div>
   <div class='ocr_carea' id='block_1_38' title="bbox 144 1299 920 1342">
    <p class='ocr_par' dir='ltr' id='par_1_38' title="bbox 144 1299 920 1342">
     <span class='ocr_line' id='line_1_38' title="bbox 144 1299 920 1342; baseline -0.009 -10"><span class='ocrx_word' id='word_1_308' title='bbox 144 1315 214 1342; x_wconf 79' lang='grc' dir='ltr'>τερον</span> <span class='ocrx_word' id='word_1_309' title='bbox 241 1306 341 1341; x_wconf 78' lang='grc' dir='ltr'><strong>μέτρον</strong></span> <span class='ocrx_word' id='word_1_310' title='bbox 357 1302 387 1331; x_wconf 69' lang='grc' dir='ltr'>οὗ</span> <span class='ocrx_word' id='word_1_311' title='bbox 402 1304 488 1337; x_wconf 75' lang='grc' dir='ltr'>λέγω·</span> <span class='ocrx_word' id='word_1_312' title='bbox 510 1303 563 1328; x_wconf 73' lang='grc' dir='ltr'>οὐδ’</span> <span class='ocrx_word' id='word_1_313' title='bbox 581 1301 686 1328; x_wconf 82' lang='grc' dir='ltr'>εἰδοκεῖ</span> <span class='ocrx_word' id='word_1_314' title='bbox 700 1302 745 1327; x_wconf 74' lang='grc' dir='ltr'>καὶ</span> <span class='ocrx_word' id='word_1_315' title='bbox 770 1300 836 1327; x_wconf 83' lang='grc' dir='ltr'>ἄλλα</span> <span class='ocrx_word' id='word_1_316' title='bbox 861 1299 920 1326; x_wconf 79' lang='grc' dir='ltr'>τινὰ</span> 
     </span>
    </p>
   </div>
   <div class='ocr_carea' id='block_1_39' title="bbox 145 1346 920 1385">
    <p class='ocr_par' dir='ltr' id='par_1_39' title="bbox 145 1346 920 1385">
     <span class='ocr_line' id='line_1_39' title="bbox 145 1346 920 1385; baseline -0.009 -7"><span class='ocrx_word' id='word_1_317' title='bbox 145 1350 216 1383; x_wconf 82' lang='grc' dir='ltr'>εἶναι,</span> <span class='ocrx_word' id='word_1_318' title='bbox 229 1351 318 1385; x_wconf 82' lang='grc' dir='ltr'>τούτῳ</span> <span class='ocrx_word' id='word_1_319' title='bbox 332 1350 397 1384; x_wconf 76' lang='grc' dir='ltr'>γοῦν</span> <span class='ocrx_word' id='word_1_320' title='bbox 427 1348 609 1385; x_wconf 82' lang='grc' dir='ltr'>παρισωοείη·</span> <span class='ocrx_word' id='word_1_321' title='bbox 637 1348 653 1382; x_wconf 86' lang='grc' dir='ltr'>ἢ</span> <span class='ocrx_word' id='word_1_322' title='bbox 678 1346 846 1383; x_wconf 80' lang='grc' dir='ltr'>παρισωθείη</span> <span class='ocrx_word' id='word_1_323' title='bbox 872 1346 920 1381; x_wconf 78' lang='grc' dir='ltr'><strong>μὲν</strong></span> 
     </span>
    </p>
   </div>
   <div class='ocr_carea' id='block_1_40' title="bbox 146 1389 921 1432">
    <p class='ocr_par' dir='ltr' id='par_1_40' title="bbox 146 1389 921 1432">
     <span class='ocr_line' id='line_1_40' title="bbox 146 1389 921 1432; baseline -0.009 -8"><span class='ocrx_word' id='word_1_324' title='bbox 146 1399 183 1430; x_wconf 83' lang='grc' dir='ltr'>ἂν,</span> <span class='ocrx_word' id='word_1_325' title='bbox 195 1397 358 1432; x_wconf 72' lang='grc' dir='ltr'>ὑπερϐάλλω</span> <span class='ocrx_word' id='word_1_326' title='bbox 372 1397 399 1422; x_wconf 76' lang='grc' dir='ltr'>δὲ</span> <span class='ocrx_word' id='word_1_327' title='bbox 414 1396 463 1422; x_wconf 77' lang='grc' dir='ltr'>οὐκ</span> <span class='ocrx_word' id='word_1_328' title='bbox 478 1396 517 1422; x_wconf 80' lang='grc' dir='ltr'><strong>ἄν.</strong></span> <span class='ocrx_word' id='word_1_329' title='bbox 532 1393 634 1421; x_wconf 76' lang='grc' dir='ltr'><strong>Οὐκοῦν</strong></span> <span class='ocrx_word' id='word_1_330' title='bbox 650 1394 758 1429; x_wconf 82' lang='grc' dir='ltr'>φήσειεν</span> <span class='ocrx_word' id='word_1_331' title='bbox 776 1392 807 1419; x_wconf 76' lang='grc' dir='ltr'>ἄν</span> <span class='ocrx_word' id='word_1_332' title='bbox 823 1400 879 1423; x_wconf 84' lang='grc' dir='ltr'>τις,</span> <span class='ocrx_word' id='word_1_333' title='bbox 899 1389 921 1418; x_wconf 83' lang='grc' dir='ltr'>ὦ</span> 
     </span>
    </p>
   </div>
   <div class='ocr_carea' id='block_1_41' title="bbox 146 1435 920 1480">
    <p class='ocr_par' dir='ltr' id='par_1_41' title="bbox 146 1435 920 1480">
     <span class='ocr_line' id='line_1_41' title="bbox 146 1435 920 1480; baseline -0.009 -10"><span class='ocrx_word' id='word_1_334' title='bbox 146 1444 291 1480; x_wconf 74' lang='grc' dir='ltr'><strong>Δημόκριτε</strong></span> <span class='ocrx_word' id='word_1_335' title='bbox 305 1464 313 1476; x_wconf 85' lang='grc'><strong>,</strong></span> <span class='ocrx_word' id='word_1_336' title='bbox 332 1443 378 1469; x_wconf 74' lang='grc' dir='ltr'>καὶ</span> <span class='ocrx_word' id='word_1_337' title='bbox 395 1443 426 1468; x_wconf 78' lang='grc' dir='ltr'><strong>σὺ</strong></span> <span class='ocrx_word' id='word_1_338' title='bbox 436 1462 444 1472; x_wconf 83' lang='lat'><strong>,</strong></span> <span class='ocrx_word' id='word_1_339' title='bbox 459 1438 481 1467; x_wconf 77' lang='grc' dir='ltr'>ὧ</span> <span class='ocrx_word' id='word_1_340' title='bbox 496 1440 650 1476; x_wconf 74' lang='grc' dir='ltr'>Χρύσιππε,</span> <span class='ocrx_word' id='word_1_341' title='bbox 675 1439 722 1466; x_wconf 75' lang='grc' dir='ltr'><strong>καὶ</strong></span> <span class='ocrx_word' id='word_1_342' title='bbox 739 1439 781 1470; x_wconf 84' lang='grc' dir='ltr'><strong>σὺ,</strong></span> <span class='ocrx_word' id='word_1_343' title='bbox 795 1435 816 1464; x_wconf 81' lang='grc' dir='ltr'><strong>ὦ</strong></span> <span class='ocrx_word' id='word_1_344' title='bbox 832 1438 920 1473; x_wconf 82' lang='grc' dir='ltr'><strong>μάντι,</strong></span> 
     </span>
    </p>
   </div>
   <div class='ocr_carea' id='block_1_42' title="bbox 147 1482 923 1524">
    <p class='ocr_par' dir='ltr' id='par_1_42' title="bbox 147 1482 923 1524">
     <span class='ocr_line' id='line_1_42' title="bbox 147 1482 923 1524; baseline -0.009 -10"><span class='ocrx_word' id='word_1_345' title='bbox 147 1487 232 1524; x_wconf 73' lang='grc' dir='ltr'>ὲπειδὴ</span> <span class='ocrx_word' id='word_1_346' title='bbox 245 1488 426 1523; x_wconf 81' lang='grc' dir='ltr'><strong>ἀγανακτεῖτε</strong></span> <span class='ocrx_word' id='word_1_347' title='bbox 449 1486 475 1512; x_wconf 73' lang='grc' dir='ltr'>εἴ</span> <span class='ocrx_word' id='word_1_348' title='bbox 488 1494 528 1516; x_wconf 92' lang='grc' dir='ltr'><strong>τις</strong></span> <span class='ocrx_word' id='word_1_349' title='bbox 550 1485 675 1519; x_wconf 79' lang='grc' dir='ltr'>ἐθελήσαι</span> <span class='ocrx_word' id='word_1_350' title='bbox 695 1482 858 1518; x_wconf 80' lang='grc' dir='ltr'><strong>παρελέσθαι</strong></span> <span class='ocrx_word' id='word_1_351' title='bbox 875 1482 923 1517; x_wconf 82' lang='grc' dir='ltr'>τὴν</span> 
     </span>
    </p>
   </div>
   <div class='ocr_carea' id='block_1_43' title="bbox 147 1526 925 1570">
    <p class='ocr_par' dir='ltr' id='par_1_43' title="bbox 147 1526 925 1570">
     <span class='ocr_line' id='line_1_43' title="bbox 147 1526 925 1570; baseline -0.012 -9"><span class='ocrx_word' id='word_1_352' title='bbox 147 1535 216 1570; x_wconf 78' lang='grc' dir='ltr'>ὑμῶν</span> <span class='ocrx_word' id='word_1_353' title='bbox 233 1532 325 1561; x_wconf 81' lang='grc' dir='ltr'>αὐτῶν</span> <span class='ocrx_word' id='word_1_354' title='bbox 339 1531 493 1566; x_wconf 67' lang='grc' dir='ltr'><strong>ἀντίληψιν⁵</strong></span> <span class='ocrx_word' id='word_1_355' title='bbox 508 1530 538 1556; x_wconf 76' lang='grc' dir='ltr'>οὐ</span> <span class='ocrx_word' id='word_1_356' title='bbox 553 1529 607 1564; x_wconf 81' lang='grc' dir='ltr'>γὰρ</span> <span class='ocrx_word' id='word_1_357' title='bbox 617 1528 656 1555; x_wconf 78' lang='grc' dir='ltr'><strong>ἔτι</strong></span> <span class='ocrx_word' id='word_1_358' title='bbox 671 1528 718 1560; x_wconf 79' lang='grc' dir='ltr'>τὰς</span> <span class='ocrx_word' id='word_1_359' title='bbox 738 1527 836 1559; x_wconf 77' lang='grc' dir='ltr'>πολλὰς</span> <span class='ocrx_word' id='word_1_360' title='bbox 856 1526 925 1553; x_wconf 81' lang='grc' dir='ltr'>ὲκεί-</span> 
     </span>
    </p>
   </div>
   <div class='ocr_carea' id='block_1_44' title="bbox 147 1573 923 1614">
    <p class='ocr_par' dir='ltr' id='par_1_44' title="bbox 147 1573 923 1614">
     <span class='ocr_line' id='line_1_44' title="bbox 147 1573 923 1614; baseline -0.01 -8"><span class='ocrx_word' id='word_1_361' title='bbox 147 1589 189 1611; x_wconf 83' lang='grc' dir='ltr'>νας</span> <span class='ocrx_word' id='word_1_362' title='bbox 205 1579 313 1614; x_wconf 72' lang='grc' dir='ltr'><strong>βίϐλους</strong></span> <span class='ocrx_word' id='word_1_363' title='bbox 333 1575 415 1604; x_wconf 81' lang='grc' dir='ltr'>εἶναι·</span> <span class='ocrx_word' id='word_1_364' title='bbox 438 1576 503 1611; x_wconf 80' lang='grc' dir='ltr'>φέρε</span> <span class='ocrx_word' id='word_1_365' title='bbox 520 1575 565 1602; x_wconf 67' lang='grc' dir='ltr'>καὶ</span> <span class='ocrx_word' id='word_1_366' title='bbox 580 1575 660 1610; x_wconf 81' lang='grc' dir='ltr'><strong>ἡμεῖς</strong></span> <span class='ocrx_word' id='word_1_367' title='bbox 678 1573 923 1608; x_wconf 68' lang='grc' dir='ltr'>ἀνταγανακτήσω-</span> 
     </span>
    </p>
   </div>
   <div class='ocr_carea' id='block_1_45' title="bbox 148 1616 924 1660">
    <p class='ocr_par' dir='ltr' id='par_1_45' title="bbox 148 1616 924 1660">
     <span class='ocr_line' id='line_1_45' title="bbox 148 1616 924 1660; baseline -0.013 -8"><span class='ocrx_word' id='word_1_368' title='bbox 148 1634 201 1660; x_wconf 85' lang='grc' dir='ltr'>μεν.</span> <span class='ocrx_word' id='word_1_369' title='bbox 215 1625 246 1651; x_wconf 86' lang='grc' dir='ltr'>Τί</span> <span class='ocrx_word' id='word_1_370' title='bbox 261 1624 295 1658; x_wconf 85' lang='grc' dir='ltr'>δή</span> <span class='ocrx_word' id='word_1_371' title='bbox 311 1631 375 1649; x_wconf 85' lang='grc' dir='ltr'>ποτε</span> <span class='ocrx_word' id='word_1_372' title='bbox 388 1631 394 1655; x_wconf 93' lang='grc'><strong>;</strong></span> <span class='ocrx_word' id='word_1_373' title='bbox 415 1621 477 1648; x_wconf 73' lang='grc' dir='ltr'>ἔνθα</span> <span class='ocrx_word' id='word_1_374' title='bbox 490 1621 538 1656; x_wconf 81' lang='grc' dir='ltr'><strong>μὲν</strong></span> <span class='ocrx_word' id='word_1_375' title='bbox 551 1621 583 1646; x_wconf 87' lang='grc' dir='ltr'><strong>ἂν</strong></span> <span class='ocrx_word' id='word_1_376' title='bbox 594 1621 657 1655; x_wconf 86' lang='grc' dir='ltr'>ὑμῖν</span> <span class='ocrx_word' id='word_1_377' title='bbox 668 1619 743 1654; x_wconf 86' lang='grc' dir='ltr'>δοκῇ,</span> <span class='ocrx_word' id='word_1_378' title='bbox 756 1618 832 1645; x_wconf 70' lang='grc' dir='ltr'>ἔσται</span> <span class='ocrx_word' id='word_1_379' title='bbox 844 1616 924 1643; x_wconf 80' lang='grc' dir='ltr'>τοῦτο</span> 
     </span>
    </p>
   </div>
   <div class='ocr_carea' id='block_1_46' title="bbox 149 1663 925 1703">
    <p class='ocr_par' dir='ltr' id='par_1_46' title="bbox 149 1663 925 1703">
     <span class='ocr_line' id='line_1_46' title="bbox 149 1663 925 1703; baseline -0.013 -6"><span class='ocrx_word' id='word_1_380' title='bbox 149 1671 189 1697; x_wconf 70' lang='grc' dir='ltr'>καὶ</span> <span class='ocrx_word' id='word_1_381' title='bbox 202 1669 363 1696; x_wconf 78' lang='grc' dir='ltr'>πιστότατον</span> <span class='ocrx_word' id='word_1_382' title='bbox 374 1667 420 1694; x_wconf 75' lang='grc' dir='ltr'>καὶ</span> <span class='ocrx_word' id='word_1_383' title='bbox 434 1666 617 1703; x_wconf 76' lang='grc' dir='ltr'>πρεσϐύτατον</span> <span class='ocrx_word' id='word_1_384' title='bbox 629 1674 635 1680; x_wconf 79' lang='lat'><strong>&#39;</strong></span> <span class='ocrx_word' id='word_1_385' title='bbox 649 1665 710 1691; x_wconf 67' lang='grc' dir='ltr'>ἔνθα</span> <span class='ocrx_word' id='word_1_386' title='bbox 723 1664 744 1690; x_wconf 82' lang='grc' dir='ltr'>δ’</span> <span class='ocrx_word' id='word_1_387' title='bbox 760 1663 792 1690; x_wconf 79' lang='grc' dir='ltr'><strong>διν</strong></span> <span class='ocrx_word' id='word_1_388' title='bbox 805 1663 841 1698; x_wconf 87' lang='grc' dir='ltr'>μὴ</span> <span class='ocrx_word' id='word_1_389' title='bbox 850 1663 925 1697; x_wconf 78' lang='grc' dir='ltr'>δοκῇ,</span> 
     </span>
    </p>
   </div>
   <div class='ocr_carea' id='block_1_47' title="bbox 147 1707 926 1747">
    <p class='ocr_par' dir='ltr' id='par_1_47' title="bbox 147 1707 926 1747">
     <span class='ocr_line' id='line_1_47' title="bbox 147 1707 926 1747; baseline -0.01 -6"><span class='ocrx_word' id='word_1_390' title='bbox 147 1713 390 1742; x_wconf 60' lang='grc' dir='ltr'>καταδυειαστεῦσαί</span> <span class='ocrx_word' id='word_1_391' title='bbox 414 1711 468 1747; x_wconf 81' lang='grc'><strong>(75)</strong></span> <span class='ocrx_word' id='word_1_392' title='bbox 489 1720 516 1737; x_wconf 90' lang='grc' dir='ltr'><strong>τι</strong></span> <span class='ocrx_word' id='word_1_393' title='bbox 537 1710 649 1744; x_wconf 76' lang='grc' dir='ltr'>λεληθὸς</span> <span class='ocrx_word' id='word_1_394' title='bbox 672 1708 754 1736; x_wconf 82' lang='grc' dir='ltr'>αὑτοῦ</span> <span class='ocrx_word' id='word_1_395' title='bbox 774 1707 926 1743; x_wconf 78' lang='grc' dir='ltr'>εἱμαρμένη</span> 
     </span>
    </p>
   </div>
   <div class='ocr_carea' id='block_1_48' title="bbox 148 1751 928 1794">
    <p class='ocr_par' dir='ltr' id='par_1_48' title="bbox 148 1751 928 1794">
     <span class='ocr_line' id='line_1_48' title="bbox 148 1751 928 1794; baseline -0.012 -8"><span class='ocrx_word' id='word_1_396' title='bbox 148 1761 321 1794; x_wconf 80' lang='grc' dir='ltr'>πεπρωμένη,</span> <span class='ocrx_word' id='word_1_397' title='bbox 341 1755 469 1792; x_wconf 72' lang='grc' dir='ltr'>διαφορὰν</span> <span class='ocrx_word' id='word_1_398' title='bbox 482 1755 588 1789; x_wconf 76' lang='grc' dir='ltr'><strong>ἑκάστῳ</strong></span> <span class='ocrx_word' id='word_1_399' title='bbox 603 1754 679 1789; x_wconf 78' lang='grc' dir='ltr'>ὑμῶν</span> <span class='ocrx_word' id='word_1_400' title='bbox 690 1754 787 1788; x_wconf 70' lang='grc' dir='ltr'>ἔχουσα</span> <span class='ocrx_word' id='word_1_401' title='bbox 797 1773 803 1785; x_wconf 85' lang='grc'><strong>,</strong></span> <span class='ocrx_word' id='word_1_402' title='bbox 823 1751 861 1787; x_wconf 84' lang='grc' dir='ltr'>τῷ</span> <span class='ocrx_word' id='word_1_403' title='bbox 879 1751 928 1786; x_wconf 85' lang='grc' dir='ltr'><strong>μὲν</strong></span> 
     </span>
    </p>
   </div>
   <div class='ocr_carea' id='block_1_49' title="bbox 148 1797 928 1838">
    <p class='ocr_par' dir='ltr' id='par_1_49' title="bbox 148 1797 928 1838">
     <span class='ocr_line' id='line_1_49' title="bbox 148 1797 928 1838; baseline -0.01 -7"><span class='ocrx_word' id='word_1_404' title='bbox 148 1806 176 1831; x_wconf 79' lang='grc' dir='ltr'>ὲκ</span> <span class='ocrx_word' id='word_1_405' title='bbox 191 1804 268 1835; x_wconf 78' lang='grc' dir='ltr'>Θεοῦ,</span> <span class='ocrx_word' id='word_1_406' title='bbox 283 1803 324 1838; x_wconf 84' lang='grc' dir='ltr'>τῷ</span> <span class='ocrx_word' id='word_1_407' title='bbox 340 1802 368 1828; x_wconf 72' lang='grc' dir='ltr'>δὲ</span> <span class='ocrx_word' id='word_1_408' title='bbox 384 1803 415 1828; x_wconf 85' lang='grc' dir='ltr'>ὲκ</span> <span class='ocrx_word' id='word_1_409' title='bbox 431 1803 480 1837; x_wconf 83' lang='grc' dir='ltr'><strong>τῆς</strong></span> <span class='ocrx_word' id='word_1_410' title='bbox 494 1801 548 1827; x_wconf 84' lang='grc' dir='ltr'>τῶν</span> <span class='ocrx_word' id='word_1_411' title='bbox 561 1800 664 1835; x_wconf 86' lang='grc' dir='ltr'>μικρῶν</span> <span class='ocrx_word' id='word_1_412' title='bbox 675 1799 785 1826; x_wconf 77' lang='grc' dir='ltr'>ἐκείνων</span> <span class='ocrx_word' id='word_1_413' title='bbox 796 1797 928 1833; x_wconf 83' lang='grc' dir='ltr'>σωμάτων</span> 
     </span>
    </p>
   </div>
   <div class='ocr_carea' id='block_1_50' title="bbox 147 1843 929 1885">
    <p class='ocr_par' dir='ltr' id='par_1_50' title="bbox 147 1843 929 1885">
     <span class='ocr_line' id='line_1_50' title="bbox 147 1843 929 1885; baseline -0.01 -8"><span class='ocrx_word' id='word_1_414' title='bbox 147 1850 196 1876; x_wconf 80' lang='grc' dir='ltr'><strong>τῶν</strong></span> <span class='ocrx_word' id='word_1_415' title='bbox 209 1850 367 1885; x_wconf 78' lang='grc' dir='ltr'>φερομένων</span> <span class='ocrx_word' id='word_1_416' title='bbox 381 1848 466 1879; x_wconf 79' lang='grc' dir='ltr'>κάτω,</span> <span class='ocrx_word' id='word_1_417' title='bbox 488 1847 535 1873; x_wconf 72' lang='grc' dir='ltr'>καὶ</span> <span class='ocrx_word' id='word_1_418' title='bbox 554 1845 779 1880; x_wconf 81' lang='grc' dir='ltr'>ἀναπαλλομένων</span> <span class='ocrx_word' id='word_1_419' title='bbox 794 1845 848 1871; x_wconf 81' lang='grc' dir='ltr'>ἂνω</span> <span class='ocrx_word' id='word_1_420' title='bbox 858 1864 865 1875; x_wconf 83' lang='grc'><strong>,</strong></span> <span class='ocrx_word' id='word_1_421' title='bbox 882 1843 929 1869; x_wconf 77' lang='grc' dir='ltr'>καὶ</span> 
     </span>
    </p>
   </div>
   <div class='ocr_carea' id='block_1_51' title="bbox 149 1889 927 1930">
    <p class='ocr_par' dir='ltr' id='par_1_51' title="bbox 149 1889 927 1930">
     <span class='ocr_line' id='line_1_51' title="bbox 149 1889 927 1930; baseline -0.008 -9"><span class='ocrx_word' id='word_1_422' title='bbox 149 1893 394 1930; x_wconf 81' lang='grc' dir='ltr'>περιπλεκομένων,</span> <span class='ocrx_word' id='word_1_423' title='bbox 407 1893 454 1919; x_wconf 76' lang='grc' dir='ltr'><strong>καὶ</strong></span> <span class='ocrx_word' id='word_1_424' title='bbox 470 1891 659 1926; x_wconf 77' lang='grc' dir='ltr'>διαλυομένων,</span> <span class='ocrx_word' id='word_1_425' title='bbox 677 1891 723 1917; x_wconf 75' lang='grc' dir='ltr'>καὶ</span> <span class='ocrx_word' id='word_1_426' title='bbox 742 1889 927 1925; x_wconf 74' lang='grc' dir='ltr'>διισταμένων,</span> 
     </span>
    </p>
   </div>
   <div class='ocr_carea' id='block_1_52' title="bbox 148 1932 929 1976">
    <p class='ocr_par' dir='ltr' id='par_1_52' title="bbox 148 1932 929 1976">
     <span class='ocr_line' id='line_1_52' title="bbox 148 1932 929 1976; baseline -0.008 -9"><span class='ocrx_word' id='word_1_427' title='bbox 148 1941 192 1968; x_wconf 81' lang='grc' dir='ltr'><strong>καὶ</strong></span> <span class='ocrx_word' id='word_1_428' title='bbox 202 1939 426 1976; x_wconf 76' lang='grc' dir='ltr'>παρατιθεμένων</span> <span class='ocrx_word' id='word_1_429' title='bbox 442 1937 471 1970; x_wconf 80' lang='grc' dir='ltr'><strong>ἐξ</strong></span> <span class='ocrx_word' id='word_1_430' title='bbox 484 1938 604 1972; x_wconf 80' lang='grc' dir='ltr'><strong>ἀνάγκης</strong></span> <span class='ocrx_word' id='word_1_431' title='bbox 617 1945 624 1969; x_wconf 90' lang='grc'>;</span> <span class='ocrx_word' id='word_1_432' title='bbox 644 1937 708 1963; x_wconf 78' lang='grc' dir='ltr'>Ἰδοὺ</span> <span class='ocrx_word' id='word_1_433' title='bbox 725 1935 778 1971; x_wconf 88' lang='grc' dir='ltr'>γὰρ</span> <span class='ocrx_word' id='word_1_434' title='bbox 799 1932 821 1969; x_wconf 80' lang='grc' dir='ltr'>ᾧ</span> <span class='ocrx_word' id='word_1_435' title='bbox 836 1935 929 1970; x_wconf 86' lang='grc' dir='ltr'>τρόπῳ</span> 
     </span>
    </p>
   </div>
   <div class='ocr_carea' id='block_1_53' title="bbox 150 1981 930 2022">
    <p class='ocr_par' dir='ltr' id='par_1_53' title="bbox 150 1981 930 2022">
     <span class='ocr_line' id='line_1_53' title="bbox 150 1981 930 2022; baseline -0.01 -8"><span class='ocrx_word' id='word_1_436' title='bbox 150 1987 221 2022; x_wconf 82' lang='grc' dir='ltr'>ήμῶν</span> <span class='ocrx_word' id='word_1_437' title='bbox 240 1986 331 2013; x_wconf 70' lang='grc' dir='ltr'>αὐτῶν</span> <span class='ocrx_word' id='word_1_438' title='bbox 354 1982 565 2018; x_wconf 82' lang='grc' dir='ltr'>ἁντειλήμμεθα,</span> <span class='ocrx_word' id='word_1_439' title='bbox 581 1982 665 2017; x_wconf 78' lang='grc' dir='ltr'>τούτῳ</span> <span class='ocrx_word' id='word_1_440' title='bbox 679 1981 791 2008; x_wconf 74' lang='grc' dir='ltr'>καὶτῶν</span> <span class='ocrx_word' id='word_1_441' title='bbox 816 1981 844 2007; x_wconf 85' lang='grc' dir='ltr'>ὲν</span> <span class='ocrx_word' id='word_1_442' title='bbox 864 1981 930 2016; x_wconf 81' lang='grc' dir='ltr'>ἡμῖν</span> 
     </span>
    </p>
   </div>
   <div class='ocr_carea' id='block_1_54' title="bbox 150 2027 931 2068">
    <p class='ocr_par' dir='ltr' id='par_1_54' title="bbox 150 2027 931 2068">
     <span class='ocr_line' id='line_1_54' title="bbox 150 2027 931 2068; baseline -0.009 -8"><span class='ocrx_word' id='word_1_443' title='bbox 150 2033 315 2068; x_wconf 71' lang='grc' dir='ltr'>αὐθαιρέτων</span> <span class='ocrx_word' id='word_1_444' title='bbox 329 2031 374 2057; x_wconf 70' lang='grc' dir='ltr'><strong>καὶ</strong></span> <span class='ocrx_word' id='word_1_445' title='bbox 392 2030 495 2065; x_wconf 82' lang='grc' dir='ltr'>βιαίων.</span> <span class='ocrx_word' id='word_1_446' title='bbox 511 2030 548 2055; x_wconf 77' lang='grc' dir='ltr'><strong>Οὐ</strong></span> <span class='ocrx_word' id='word_1_447' title='bbox 562 2029 657 2064; x_wconf 77' lang='grc' dir='ltr'>λέληθε</span> <span class='ocrx_word' id='word_1_448' title='bbox 675 2028 703 2054; x_wconf 81' lang='grc' dir='ltr'><strong>δὲ</strong></span> <span class='ocrx_word' id='word_1_449' title='bbox 727 2028 801 2063; x_wconf 79' lang='grc' dir='ltr'><strong>ἡμᾶς</strong></span> <span class='ocrx_word' id='word_1_450' title='bbox 819 2027 879 2053; x_wconf 79' lang='grc' dir='ltr'>ὅσον</span> <span class='ocrx_word' id='word_1_451' title='bbox 901 2027 931 2053; x_wconf 75' lang='grc' dir='ltr'><strong>τὸ</strong></span> 
     </span>
    </p>
   </div>
   <div class='ocr_carea' id='block_1_55' title="bbox 151 2072 929 2113">
    <p class='ocr_par' dir='ltr' id='par_1_55' title="bbox 151 2072 929 2113">
     <span class='ocr_line' id='line_1_55' title="bbox 151 2072 929 2113; baseline -0.009 -8"><span class='ocrx_word' id='word_1_452' title='bbox 151 2079 246 2113; x_wconf 71' lang='grc' dir='ltr'>μεταξῦ</span> <span class='ocrx_word' id='word_1_453' title='bbox 260 2077 308 2104; x_wconf 73' lang='grc' dir='ltr'><strong>τοῦ</strong></span> <span class='ocrx_word' id='word_1_454' title='bbox 323 2077 437 2112; x_wconf 78' lang='grc' dir='ltr'>βαδίζειν</span> <span class='ocrx_word' id='word_1_455' title='bbox 453 2076 499 2102; x_wconf 71' lang='grc' dir='ltr'><strong>καὶ</strong></span> <span class='ocrx_word' id='word_1_456' title='bbox 522 2075 568 2101; x_wconf 77' lang='grc' dir='ltr'><strong>τοῦ</strong></span> <span class='ocrx_word' id='word_1_457' title='bbox 582 2075 694 2108; x_wconf 73' lang='grc' dir='ltr'>ἄγεσθαι</span> <span class='ocrx_word' id='word_1_458' title='bbox 705 2094 712 2104; x_wconf 84' lang='grc'><strong>,</strong></span> <span class='ocrx_word' id='word_1_459' title='bbox 731 2074 790 2100; x_wconf 79' lang='grc' dir='ltr'>οὐδὲ</span> <span class='ocrx_word' id='word_1_460' title='bbox 805 2074 866 2099; x_wconf 80' lang='grc' dir='ltr'><strong>ὅσον</strong></span> <span class='ocrx_word' id='word_1_461' title='bbox 882 2072 929 2098; x_wconf 80' lang='grc' dir='ltr'>τοῦ</span> 
     </span>
    </p>
   </div>
   <div class='ocr_carea' id='block_1_56' title="bbox 151 2116 929 2159">
    <p class='ocr_par' dir='ltr' id='par_1_56' title="bbox 151 2116 929 2159">
     <span class='ocr_line' id='line_1_56' title="bbox 151 2116 929 2159; baseline -0.008 -10"><span class='ocrx_word' id='word_1_462' title='bbox 151 2123 281 2159; x_wconf 78' lang='grc' dir='ltr'>αἱρεῖσθαι</span> <span class='ocrx_word' id='word_1_463' title='bbox 297 2123 343 2149; x_wconf 70' lang='grc' dir='ltr'>καὶ</span> <span class='ocrx_word' id='word_1_464' title='bbox 358 2122 404 2148; x_wconf 78' lang='grc' dir='ltr'>τοῦ</span> <span class='ocrx_word' id='word_1_465' title='bbox 421 2120 630 2155; x_wconf 78' lang='grc' dir='ltr'>ἀναγκάζεσθαι.</span> <span class='ocrx_word' id='word_1_466' title='bbox 644 2116 694 2145; x_wconf 84' lang='grc' dir='ltr'>Ὧν</span> <span class='ocrx_word' id='word_1_467' title='bbox 705 2119 734 2145; x_wconf 79' lang='grc' dir='ltr'>δὲ</span> <span class='ocrx_word' id='word_1_468' title='bbox 750 2118 830 2144; x_wconf 81' lang='grc' dir='ltr'>ἓνεκα</span> <span class='ocrx_word' id='word_1_469' title='bbox 843 2117 929 2144; x_wconf 82' lang='grc' dir='ltr'>ταῦτα</span> 
     </span>
    </p>
   </div>
   <div class='ocr_carea' id='block_1_57' title="bbox 152 2161 924 2204">
    <p class='ocr_par' dir='ltr' id='par_1_57' title="bbox 152 2161 924 2204">
     <span class='ocr_line' id='line_1_57' title="bbox 152 2161 924 2204; baseline -0.009 -9"><span class='ocrx_word' id='word_1_470' title='bbox 152 2171 322 2204; x_wconf 75' lang='grc' dir='ltr'>προσήνεγκα</span> <span class='ocrx_word' id='word_1_471' title='bbox 341 2167 379 2203; x_wconf 82' lang='grc' dir='ltr'><strong>τῷ</strong></span> <span class='ocrx_word' id='word_1_472' title='bbox 393 2167 483 2202; x_wconf 71' lang='grc' dir='ltr'>λόγῳς</span> <span class='ocrx_word' id='word_1_473' title='bbox 498 2167 575 2193; x_wconf 81' lang='grc' dir='ltr'>ὂτισε</span> <span class='ocrx_word' id='word_1_474' title='bbox 591 2165 757 2199; x_wconf 74' lang='grc' dir='ltr'>ἐκπέφευγεν</span> <span class='ocrx_word' id='word_1_475' title='bbox 769 2185 775 2196; x_wconf 88' lang='grc'><strong>,</strong></span> <span class='ocrx_word' id='word_1_476' title='bbox 793 2161 815 2191; x_wconf 84' lang='grc' dir='ltr'>ὧ</span> <span class='ocrx_word' id='word_1_477' title='bbox 835 2164 924 2198; x_wconf 82' lang='grc' dir='ltr'>μάντι,</span> 
     </span>
    </p>
   </div>
   <div class='ocr_carea' id='block_1_58' title="bbox 150 2207 933 2250">
    <p class='ocr_par' dir='ltr' id='par_1_58' title="bbox 150 2207 933 2250">
     <span class='ocr_line' id='line_1_58' title="bbox 150 2207 933 2250; baseline -0.01 -9"><span class='ocrx_word' id='word_1_478' title='bbox 150 2211 185 2240; x_wconf 81' lang='grc' dir='ltr'>ὧν</span> <span class='ocrx_word' id='word_1_479' title='bbox 195 2214 284 2250; x_wconf 74' lang='grc' dir='ltr'>κύριοί</span> <span class='ocrx_word' id='word_1_480' title='bbox 304 2213 386 2248; x_wconf 73' lang='grc' dir='ltr'>ὲσμεν</span> <span class='ocrx_word' id='word_1_481' title='bbox 403 2214 491 2248; x_wconf 82' lang='grc' dir='ltr'>ἡμεῖς,</span> <span class='ocrx_word' id='word_1_482' title='bbox 505 2212 550 2238; x_wconf 76' lang='grc' dir='ltr'><strong>καὶ</strong></span> <span class='ocrx_word' id='word_1_483' title='bbox 565 2212 579 2237; x_wconf 88' lang='grc' dir='ltr'><strong>ό</strong></span> <span class='ocrx_word' id='word_1_484' title='bbox 590 2211 623 2237; x_wconf 82' lang='grc' dir='ltr'>τὰ</span> <span class='ocrx_word' id='word_1_485' title='bbox 640 2210 727 2236; x_wconf 76' lang='grc' dir='ltr'>πάντα</span> <span class='ocrx_word' id='word_1_486' title='bbox 739 2208 827 2240; x_wconf 78' lang='grc' dir='ltr'>εἰδὼς,</span> <span class='ocrx_word' id='word_1_487' title='bbox 846 2207 933 2234; x_wconf 82' lang='grc' dir='ltr'>ταῦτά</span> 
     </span>
    </p>
   </div>
   <div class='ocr_carea' id='block_1_59' title="bbox 967 974 1748 1016">
    <p class='ocr_par' dir='ltr' id='par_1_59' title="bbox 967 974 1748 1016">
     <span class='ocr_line' id='line_1_59' title="bbox 967 974 1748 1016; baseline -0.013 -6"><span class='ocrx_word' id='word_1_488' title='bbox 967 983 1027 1010; x_wconf 89' lang='lat' dir='ltr'><strong>illos</strong></span> <span class='ocrx_word' id='word_1_489' title='bbox 1046 982 1198 1016; x_wconf 78' lang='lat' dir='ltr'><strong>bardosque</strong></span> <span class='ocrx_word' id='word_1_490' title='bbox 1224 985 1350 1007; x_wconf 87' lang='lat' dir='ltr'><strong>venturos</strong></span> <span class='ocrx_word' id='word_1_491' title='bbox 1373 982 1461 1014; x_wconf 88' lang='lat' dir='ltr'><strong>putet,</strong></span> <span class='ocrx_word' id='word_1_492' title='bbox 1481 976 1601 1004; x_wconf 83' lang='lat' dir='ltr'><strong>Neminis</strong></span> <span class='ocrx_word' id='word_1_493' title='bbox 1623 974 1748 1001; x_wconf 86' lang='lat' dir='ltr'><strong>audiendi</strong></span> 
     </span>
    </p>
   </div>
   <div class='ocr_carea' id='block_1_60' title="bbox 967 1019 1749 1060">
    <p class='ocr_par' dir='ltr' id='par_1_60' title="bbox 967 1019 1749 1060">
     <span class='ocr_line' id='line_1_60' title="bbox 967 1019 1749 1060; baseline -0.013 -5"><span class='ocrx_word' id='word_1_494' title='bbox 967 1035 1048 1055; x_wconf 85' lang='lat' dir='ltr'><strong>causa</strong></span> <span class='ocrx_word' id='word_1_495' title='bbox 1069 1036 1075 1053; x_wconf 92' lang='lat'>:</span> <span class='ocrx_word' id='word_1_496' title='bbox 1092 1033 1141 1054; x_wconf 89' lang='lat' dir='ltr'><strong>nec</strong></span> <span class='ocrx_word' id='word_1_497' title='bbox 1152 1026 1206 1060; x_wconf 82' lang='lat' dir='ltr'><strong>jam</strong></span> <span class='ocrx_word' id='word_1_498' title='bbox 1223 1025 1276 1052; x_wconf 83' lang='lat' dir='ltr'><strong>lixo</strong></span> <span class='ocrx_word' id='word_1_499' title='bbox 1291 1024 1391 1059; x_wconf 79' lang='lat' dir='ltr'><strong>gradu,</strong></span> <span class='ocrx_word' id='word_1_500' title='bbox 1413 1028 1459 1050; x_wconf 91' lang='lat' dir='ltr'><strong>aut</strong></span> <span class='ocrx_word' id='word_1_501' title='bbox 1475 1026 1605 1057; x_wconf 63' lang='lat' dir='ltr'><strong>praesente</strong></span> <span class='ocrx_word' id='word_1_502' title='bbox 1618 1027 1680 1047; x_wconf 92' lang='lat' dir='ltr'><strong>cum</strong></span> <span class='ocrx_word' id='word_1_503' title='bbox 1696 1019 1749 1046; x_wconf 81' lang='lat' dir='ltr'><strong>Ar-</strong></span> 
     </span>
    </p>
   </div>
   <div class='ocr_carea' id='block_1_61' title="bbox 968 1064 1751 1104">
    <p class='ocr_par' dir='ltr' id='par_1_61' title="bbox 968 1064 1751 1104">
     <span class='ocr_line' id='line_1_61' title="bbox 968 1064 1751 1104; baseline -0.014 -4"><span class='ocrx_word' id='word_1_504' title='bbox 968 1073 1059 1104; x_wconf 87' lang='lat' dir='ltr'><strong>cesila,</strong></span> <span class='ocrx_word' id='word_1_505' title='bbox 1085 1072 1126 1099; x_wconf 87' lang='lat' dir='ltr'><strong>vel</strong></span> <span class='ocrx_word' id='word_1_506' title='bbox 1149 1079 1210 1098; x_wconf 88' lang='lat' dir='ltr'><strong>cum</strong></span> <span class='ocrx_word' id='word_1_507' title='bbox 1228 1069 1344 1104; x_wconf 79' lang='lat' dir='ltr'><strong>Epicuro</strong></span> <span class='ocrx_word' id='word_1_508' title='bbox 1359 1069 1470 1096; x_wconf 75' lang='lat' dir='ltr'><strong>absente</strong></span> <span class='ocrx_word' id='word_1_509' title='bbox 1489 1067 1604 1094; x_wconf 88' lang='lat' dir='ltr'><strong>luctetur</strong></span> <span class='ocrx_word' id='word_1_510' title='bbox 1619 1074 1624 1091; x_wconf 92' lang='lat'>:</span> <span class='ocrx_word' id='word_1_511' title='bbox 1640 1064 1751 1099; x_wconf 82' lang='lat' dir='ltr'><strong>quando</strong></span> 
     </span>
    </p>
   </div>
   <div class='ocr_carea' id='block_1_62' title="bbox 970 1110 1751 1153">
    <p class='ocr_par' dir='ltr' id='par_1_62' title="bbox 970 1110 1751 1153">
     <span class='ocr_line' id='line_1_62' title="bbox 970 1110 1751 1153; baseline -0.014 -7"><span class='ocrx_word' id='word_1_512' title='bbox 970 1119 1002 1150; x_wconf 87' lang='lat' dir='ltr'><strong>is,</strong></span> <span class='ocrx_word' id='word_1_513' title='bbox 1018 1118 1083 1153; x_wconf 89' lang='lat' dir='ltr'><strong>quid</strong></span> <span class='ocrx_word' id='word_1_514' title='bbox 1102 1122 1148 1144; x_wconf 89' lang='lat' dir='ltr'><strong>aut</strong></span> <span class='ocrx_word' id='word_1_515' title='bbox 1159 1115 1304 1148; x_wconf 80' lang='lat' dir='ltr'><strong>Arcesilas,</strong></span> <span class='ocrx_word' id='word_1_516' title='bbox 1322 1118 1370 1142; x_wconf 87' lang='lat' dir='ltr'><strong>aut</strong></span> <span class='ocrx_word' id='word_1_517' title='bbox 1388 1113 1538 1148; x_wconf 86' lang='lat' dir='ltr'><strong>Epicurus,</strong></span> <span class='ocrx_word' id='word_1_518' title='bbox 1555 1111 1610 1137; x_wconf 87' lang='lat' dir='ltr'><strong>imo</strong></span> <span class='ocrx_word' id='word_1_519' title='bbox 1625 1110 1687 1144; x_wconf 88' lang='lat' dir='ltr'><strong>quid</strong></span> <span class='ocrx_word' id='word_1_520' title='bbox 1704 1113 1751 1136; x_wconf 83' lang='lat' dir='ltr'><strong>aut</strong></span> 
     </span>
    </p>
   </div>
   <div class='ocr_carea' id='block_1_63' title="bbox 969 1155 1749 1196">
    <p class='ocr_par' dir='ltr' id='par_1_63' title="bbox 969 1155 1749 1196">
     <span class='ocr_line' id='line_1_63' title="bbox 969 1155 1749 1196; baseline -0.014 -5"><span class='ocrx_word' id='word_1_521' title='bbox 969 1163 1101 1195; x_wconf 83' lang='lat' dir='ltr'><strong>Porticus,</strong></span> <span class='ocrx_word' id='word_1_522' title='bbox 1125 1162 1189 1196; x_wconf 87' lang='lat' dir='ltr'><strong>quid</strong></span> <span class='ocrx_word' id='word_1_523' title='bbox 1214 1161 1416 1192; x_wconf 79' lang='lat' dir='ltr'><strong>adolescentes,</strong></span> <span class='ocrx_word' id='word_1_524' title='bbox 1440 1157 1505 1192; x_wconf 88' lang='lat' dir='ltr'><strong>quid</strong></span> <span class='ocrx_word' id='word_1_525' title='bbox 1523 1157 1604 1186; x_wconf 84' lang='lat' dir='ltr'><strong>Nemo</strong></span> <span class='ocrx_word' id='word_1_526' title='bbox 1625 1156 1681 1189; x_wconf 89' lang='lat' dir='ltr'><strong>ipse</strong></span> <span class='ocrx_word' id='word_1_527' title='bbox 1703 1155 1749 1185; x_wconf 79' lang='lat' dir='ltr'><strong>sit,</strong></span> 
     </span>
    </p>
   </div>
   <div class='ocr_carea' id='block_1_64' title="bbox 969 1204 1749 1244">
    <p class='ocr_par' dir='ltr' id='par_1_64' title="bbox 969 1204 1749 1244">
     <span class='ocr_line' id='line_1_64' title="bbox 969 1204 1749 1244; baseline -0.014 -7"><span class='ocrx_word' id='word_1_528' title='bbox 969 1218 1020 1237; x_wconf 90' lang='lat' dir='ltr'><strong>nec</strong></span> <span class='ocrx_word' id='word_1_529' title='bbox 1039 1209 1178 1244; x_wconf 73' lang='lat' dir='ltr'><strong>intelligit,</strong></span> <span class='ocrx_word' id='word_1_530' title='bbox 1201 1215 1250 1235; x_wconf 89' lang='lat' dir='ltr'><strong>nec</strong></span> <span class='ocrx_word' id='word_1_531' title='bbox 1275 1206 1423 1241; x_wconf 75' lang='lat' dir='ltr'><strong>intelligere</strong></span> <span class='ocrx_word' id='word_1_532' title='bbox 1438 1204 1549 1231; x_wconf 84' lang='lat' dir='ltr'><strong>omnino</strong></span> <span class='ocrx_word' id='word_1_533' title='bbox 1562 1206 1665 1237; x_wconf 83' lang='lat' dir='ltr'><strong>potest;</strong></span> <span class='ocrx_word' id='word_1_534' title='bbox 1688 1208 1749 1228; x_wconf 89' lang='lat' dir='ltr'><strong>nam</strong></span> 
     </span>
    </p>
   </div>
   <div class='ocr_carea' id='block_1_65' title="bbox 970 1246 1753 1289">
    <p class='ocr_par' dir='ltr' id='par_1_65' title="bbox 970 1246 1753 1289">
     <span class='ocr_line' id='line_1_65' title="bbox 970 1246 1753 1289; baseline -0.013 -7"><span class='ocrx_word' id='word_1_535' title='bbox 970 1255 1042 1289; x_wconf 87' lang='lat' dir='ltr'><strong>quod</strong></span> <span class='ocrx_word' id='word_1_536' title='bbox 1068 1254 1153 1281; x_wconf 91' lang='lat' dir='ltr'><strong>multo</strong></span> <span class='ocrx_word' id='word_1_537' title='bbox 1176 1253 1250 1288; x_wconf 88' lang='lat' dir='ltr'><strong>prius</strong></span> <span class='ocrx_word' id='word_1_538' title='bbox 1282 1256 1341 1284; x_wconf 89' lang='lat' dir='ltr'><strong>est,</strong></span> <span class='ocrx_word' id='word_1_539' title='bbox 1366 1251 1437 1278; x_wconf 86' lang='lat' dir='ltr'><strong>sitne</strong></span> <span class='ocrx_word' id='word_1_540' title='bbox 1458 1250 1570 1284; x_wconf 82' lang='lat' dir='ltr'><strong>ipsemet</strong></span> <span class='ocrx_word' id='word_1_541' title='bbox 1586 1246 1703 1282; x_wconf 88' lang='lat' dir='ltr'><strong>aliquid,</strong></span> <span class='ocrx_word' id='word_1_542' title='bbox 1719 1252 1753 1273; x_wconf 82' lang='lat' dir='ltr'><strong>ne</strong></span> 
     </span>
    </p>
   </div>
   <div class='ocr_carea' id='block_1_66' title="bbox 971 1294 1753 1334">
    <p class='ocr_par' dir='ltr' id='par_1_66' title="bbox 971 1294 1753 1334">
     <span class='ocr_line' id='line_1_66' title="bbox 971 1294 1753 1334; baseline -0.013 -7"><span class='ocrx_word' id='word_1_543' title='bbox 971 1301 1023 1327; x_wconf 89' lang='lat' dir='ltr'><strong>hoc</strong></span> <span class='ocrx_word' id='word_1_544' title='bbox 1043 1299 1151 1334; x_wconf 88' lang='lat' dir='ltr'><strong>quidem</strong></span> <span class='ocrx_word' id='word_1_545' title='bbox 1173 1299 1256 1325; x_wconf 81' lang='lat' dir='ltr'><strong>novit.</strong></span> <span class='ocrx_word' id='word_1_546' title='bbox 1281 1297 1315 1323; x_wconf 80' lang='lat' dir='ltr'><strong>At</strong></span> <span class='ocrx_word' id='word_1_547' title='bbox 1338 1295 1488 1323; x_wconf 81' lang='lat' dir='ltr'><strong>oralionem</strong></span> <span class='ocrx_word' id='word_1_548' title='bbox 1504 1294 1584 1320; x_wconf 88' lang='lat' dir='ltr'><strong>istam</strong></span> <span class='ocrx_word' id='word_1_549' title='bbox 1599 1299 1685 1326; x_wconf 87' lang='lat' dir='ltr'><strong>neque</strong></span> <span class='ocrx_word' id='word_1_550' title='bbox 1704 1297 1753 1317; x_wconf 87' lang='lat' dir='ltr'><strong>vos</strong></span> 
     </span>
    </p>
   </div>
   <div class='ocr_carea' id='block_1_67' title="bbox 971 1336 1753 1378">
    <p class='ocr_par' dir='ltr' id='par_1_67' title="bbox 971 1336 1753 1378">
     <span class='ocr_line' id='line_1_67' title="bbox 971 1336 1753 1378; baseline -0.013 -6"><span class='ocrx_word' id='word_1_551' title='bbox 971 1345 1181 1378; x_wconf 86' lang='lat' dir='ltr'><strong>seilicel,neque</strong></span> <span class='ocrx_word' id='word_1_552' title='bbox 1198 1342 1368 1369; x_wconf 88' lang='lat' dir='ltr'><strong>Democritus</strong></span> <span class='ocrx_word' id='word_1_553' title='bbox 1382 1340 1449 1367; x_wconf 73' lang='lat' dir='ltr'><strong>[erat</strong></span> <span class='ocrx_word' id='word_1_554' title='bbox 1467 1348 1473 1366; x_wconf 92' lang='lat'>:</span> <span class='ocrx_word' id='word_1_555' title='bbox 1492 1338 1562 1373; x_wconf 90' lang='lat' dir='ltr'><strong>quod</strong></span> <span class='ocrx_word' id='word_1_556' title='bbox 1578 1338 1629 1364; x_wconf 88' lang='lat' dir='ltr'><strong>alia</strong></span> <span class='ocrx_word' id='word_1_557' title='bbox 1644 1336 1753 1367; x_wconf 91' lang='lat' dir='ltr'><strong>certior,</strong></span> 
     </span>
    </p>
   </div>
   <div class='ocr_carea' id='block_1_68' title="bbox 971 1382 1754 1425">
    <p class='ocr_par' dir='ltr' id='par_1_68' title="bbox 971 1382 1754 1425">
     <span class='ocr_line' id='line_1_68' title="bbox 971 1382 1754 1425; baseline -0.014 -7"><span class='ocrx_word' id='word_1_558' title='bbox 971 1399 1002 1419; x_wconf 86' lang='lat' dir='ltr'><strong>ea</strong></span> <span class='ocrx_word' id='word_1_559' title='bbox 1017 1397 1098 1425; x_wconf 90' lang='lat' dir='ltr'><strong>quam</strong></span> <span class='ocrx_word' id='word_1_560' title='bbox 1118 1389 1232 1424; x_wconf 87' lang='lat' dir='ltr'><strong>protuli,</strong></span> <span class='ocrx_word' id='word_1_561' title='bbox 1259 1387 1339 1422; x_wconf 86' lang='lat' dir='ltr'><strong>hujus</strong></span> <span class='ocrx_word' id='word_1_562' title='bbox 1362 1385 1527 1413; x_wconf 59' lang='lat' dir='ltr'><strong>aestimanda</strong></span> <span class='ocrx_word' id='word_1_563' title='bbox 1542 1383 1580 1410; x_wconf 90' lang='lat' dir='ltr'><strong>rei</strong></span> <span class='ocrx_word' id='word_1_564' title='bbox 1598 1383 1667 1410; x_wconf 70' lang='lat' dir='ltr'><strong>ratio</strong></span> <span class='ocrx_word' id='word_1_565' title='bbox 1682 1382 1754 1408; x_wconf 88' lang='lat' dir='ltr'><strong>nulla</strong></span> 
     </span>
    </p>
   </div>
   <div class='ocr_carea' id='block_1_69' title="bbox 972 1428 1755 1471">
    <p class='ocr_par' dir='ltr' id='par_1_69' title="bbox 972 1428 1755 1471">
     <span class='ocr_line' id='line_1_69' title="bbox 972 1428 1755 1471; baseline -0.014 -7"><span class='ocrx_word' id='word_1_566' title='bbox 972 1444 1033 1464; x_wconf 88' lang='lat' dir='ltr'><strong>esse</strong></span> <span class='ocrx_word' id='word_1_567' title='bbox 1046 1436 1147 1471; x_wconf 86' lang='lat' dir='ltr'><strong>possit;</strong></span> <span class='ocrx_word' id='word_1_568' title='bbox 1165 1439 1212 1462; x_wconf 85' lang='lat' dir='ltr'><strong>aut</strong></span> <span class='ocrx_word' id='word_1_569' title='bbox 1229 1434 1251 1461; x_wconf 89' lang='lat' dir='ltr'><strong>si</strong></span> <span class='ocrx_word' id='word_1_570' title='bbox 1268 1433 1326 1460; x_wconf 73' lang='lat' dir='ltr'><strong>alia:</strong></span> <span class='ocrx_word' id='word_1_571' title='bbox 1342 1436 1468 1466; x_wconf 56' lang='lat' dir='ltr'><strong>praeterea</strong></span> <span class='ocrx_word' id='word_1_572' title='bbox 1482 1430 1553 1460; x_wconf 84' lang='lat' dir='ltr'><strong>sint,</strong></span> <span class='ocrx_word' id='word_1_573' title='bbox 1579 1436 1639 1456; x_wconf 90' lang='lat' dir='ltr'><strong>cum</strong></span> <span class='ocrx_word' id='word_1_574' title='bbox 1655 1428 1699 1454; x_wconf 90' lang='lat' dir='ltr'><strong>illa</strong></span> <span class='ocrx_word' id='word_1_575' title='bbox 1713 1432 1755 1454; x_wconf 86' lang='lat' dir='ltr'><strong>ta-</strong></span> 
     </span>
    </p>
   </div>
   <div class='ocr_carea' id='block_1_70' title="bbox 973 1473 1754 1516">
    <p class='ocr_par' dir='ltr' id='par_1_70' title="bbox 973 1473 1754 1516">
     <span class='ocr_line' id='line_1_70' title="bbox 973 1473 1754 1516; baseline -0.014 -6"><span class='ocrx_word' id='word_1_576' title='bbox 973 1490 1034 1510; x_wconf 90' lang='lat' dir='ltr'><strong>men</strong></span> <span class='ocrx_word' id='word_1_577' title='bbox 1047 1482 1148 1516; x_wconf 69' lang='lat' dir='ltr'><strong>aequari</strong></span> <span class='ocrx_word' id='word_1_578' title='bbox 1161 1484 1312 1515; x_wconf 85' lang='lat' dir='ltr'><strong>nequeant;</strong></span> <span class='ocrx_word' id='word_1_579' title='bbox 1326 1482 1372 1505; x_wconf 89' lang='lat' dir='ltr'><strong>aut</strong></span> <span class='ocrx_word' id='word_1_580' title='bbox 1387 1477 1410 1504; x_wconf 93' lang='lat' dir='ltr'><strong>si</strong></span> <span class='ocrx_word' id='word_1_581' title='bbox 1425 1477 1506 1503; x_wconf 86' lang='lat' dir='ltr'><strong>etiam</strong></span> <span class='ocrx_word' id='word_1_582' title='bbox 1526 1474 1627 1509; x_wconf 74' lang='lat' dir='ltr'><strong>:cquari</strong></span> <span class='ocrx_word' id='word_1_583' title='bbox 1641 1473 1754 1509; x_wconf 80' lang='lat' dir='ltr'><strong>possint,</strong></span> 
     </span>
    </p>
   </div>
   <div class='ocr_carea' id='block_1_71' title="bbox 973 1519 1754 1561">
    <p class='ocr_par' dir='ltr' id='par_1_71' title="bbox 973 1519 1754 1561">
     <span class='ocr_line' id='line_1_71' title="bbox 973 1519 1754 1561; baseline -0.014 -5"><span class='ocrx_word' id='word_1_584' title='bbox 973 1536 1033 1556; x_wconf 88' lang='lat' dir='ltr'><strong>eam</strong></span> <span class='ocrx_word' id='word_1_585' title='bbox 1049 1532 1122 1555; x_wconf 86' lang='lat' dir='ltr'><strong>certe</strong></span> <span class='ocrx_word' id='word_1_586' title='bbox 1135 1526 1242 1561; x_wconf 90' lang='lat' dir='ltr'><strong>quidem</strong></span> <span class='ocrx_word' id='word_1_587' title='bbox 1255 1531 1383 1559; x_wconf 85' lang='lat' dir='ltr'><strong>superare</strong></span> <span class='ocrx_word' id='word_1_588' title='bbox 1396 1531 1451 1551; x_wconf 93' lang='lat' dir='ltr'><strong>non</strong></span> <span class='ocrx_word' id='word_1_589' title='bbox 1465 1521 1580 1557; x_wconf 86' lang='lat' dir='ltr'><strong>possint.</strong></span> <span class='ocrx_word' id='word_1_590' title='bbox 1602 1519 1661 1547; x_wconf 84' lang='lat' dir='ltr'><strong>Jam</strong></span> <span class='ocrx_word' id='word_1_591' title='bbox 1680 1527 1754 1550; x_wconf 85' lang='lat' dir='ltr'><strong>vero,</strong></span> 
     </span>
    </p>
   </div>
   <div class='ocr_carea' id='block_1_72' title="bbox 974 1567 1756 1607">
    <p class='ocr_par' dir='ltr' id='par_1_72' title="bbox 974 1567 1756 1607">
     <span class='ocr_line' id='line_1_72' title="bbox 974 1567 1756 1607; baseline -0.013 -6"><span class='ocrx_word' id='word_1_592' title='bbox 974 1574 1046 1601; x_wconf 86' lang='lat' dir='ltr'><strong>dicat</strong></span> <span class='ocrx_word' id='word_1_593' title='bbox 1065 1573 1173 1607; x_wconf 85' lang='lat' dir='ltr'><strong>aliquis,</strong></span> <span class='ocrx_word' id='word_1_594' title='bbox 1191 1579 1208 1599; x_wconf 89' lang='grc' dir='ltr'><strong>ο</strong></span> <span class='ocrx_word' id='word_1_595' title='bbox 1220 1570 1373 1598; x_wconf 90' lang='lat' dir='ltr'><strong>Democrite</strong></span> <span class='ocrx_word' id='word_1_596' title='bbox 1383 1589 1390 1601; x_wconf 91' lang='lat'><strong>,</strong></span> <span class='ocrx_word' id='word_1_597' title='bbox 1407 1573 1488 1603; x_wconf 86' lang='lat' dir='ltr'><strong>tuque</strong></span> <span class='ocrx_word' id='word_1_598' title='bbox 1501 1576 1516 1595; x_wconf 94' lang='grc' dir='ltr'><strong>ο</strong></span> <span class='ocrx_word' id='word_1_599' title='bbox 1530 1567 1679 1602; x_wconf 83' lang='lat' dir='ltr'><strong>Chrysippe</strong></span> <span class='ocrx_word' id='word_1_600' title='bbox 1689 1585 1696 1596; x_wconf 83' lang='lat'><strong>,</strong></span> <span class='ocrx_word' id='word_1_601' title='bbox 1712 1571 1756 1592; x_wconf 90' lang='lat' dir='ltr'><strong>tu-</strong></span> 
     </span>
    </p>
   </div>
   <div class='ocr_carea' id='block_1_73' title="bbox 977 1609 1758 1653">
    <p class='ocr_par' dir='ltr' id='par_1_73' title="bbox 977 1609 1758 1653">
     <span class='ocr_line' id='line_1_73' title="bbox 977 1609 1758 1653; baseline -0.015 -7"><span class='ocrx_word' id='word_1_602' title='bbox 977 1626 1039 1653; x_wconf 87' lang='lat' dir='ltr'><strong>que,</strong></span> <span class='ocrx_word' id='word_1_603' title='bbox 1054 1618 1120 1645; x_wconf 89' lang='lat' dir='ltr'><strong>adeo</strong></span> <span class='ocrx_word' id='word_1_604' title='bbox 1137 1617 1208 1644; x_wconf 87' lang='lat' dir='ltr'><strong>bone</strong></span> <span class='ocrx_word' id='word_1_605' title='bbox 1222 1619 1306 1648; x_wconf 84' lang='lat' dir='ltr'><strong>vates,</strong></span> <span class='ocrx_word' id='word_1_606' title='bbox 1323 1614 1346 1641; x_wconf 87' lang='lat' dir='ltr'><strong>si</strong></span> <span class='ocrx_word' id='word_1_607' title='bbox 1360 1613 1422 1648; x_wconf 90' lang='lat' dir='ltr'><strong>quis</strong></span> <span class='ocrx_word' id='word_1_608' title='bbox 1437 1617 1607 1639; x_wconf 88' lang='lat' dir='ltr'><strong>communem</strong></span> <span class='ocrx_word' id='word_1_609' title='bbox 1620 1609 1693 1636; x_wconf 92' lang='lat' dir='ltr'><strong>illum</strong></span> <span class='ocrx_word' id='word_1_610' title='bbox 1711 1616 1758 1635; x_wconf 90' lang='lat' dir='ltr'><strong>vo-</strong></span> 
     </span>
    </p>
   </div>
   <div class='ocr_carea' id='block_1_74' title="bbox 977 1655 1759 1692">
    <p class='ocr_par' dir='ltr' id='par_1_74' title="bbox 977 1655 1759 1692">
     <span class='ocr_line' id='line_1_74' title="bbox 977 1655 1759 1692; baseline -0.014 -1"><span class='ocrx_word' id='word_1_611' title='bbox 977 1664 1018 1691; x_wconf 80' lang='lat' dir='ltr'><strong>bis</strong></span> <span class='ocrx_word' id='word_1_612' title='bbox 1034 1670 1144 1690; x_wconf 89' lang='lat' dir='ltr'><strong>sensum</strong></span> <span class='ocrx_word' id='word_1_613' title='bbox 1170 1670 1201 1689; x_wconf 89' lang='lat' dir='ltr'><strong>ac</strong></span> <span class='ocrx_word' id='word_1_614' title='bbox 1224 1661 1361 1688; x_wconf 85' lang='lat' dir='ltr'><strong>notionem</strong></span> <span class='ocrx_word' id='word_1_615' title='bbox 1378 1658 1482 1692; x_wconf 83' lang='lat' dir='ltr'><strong>eripere</strong></span> <span class='ocrx_word' id='word_1_616' title='bbox 1505 1659 1665 1687; x_wconf 85' lang='lat' dir='ltr'><strong>conaretur,</strong></span> <span class='ocrx_word' id='word_1_617' title='bbox 1689 1655 1759 1681; x_wconf 83' lang='lat' dir='ltr'><strong>indi-</strong></span> 
     </span>
    </p>
   </div>
   <div class='ocr_carea' id='block_1_75' title="bbox 977 1700 1758 1747">
    <p class='ocr_par' dir='ltr' id='par_1_75' title="bbox 977 1700 1758 1747">
     <span class='ocr_line' id='line_1_75' title="bbox 977 1700 1758 1747; baseline -0.014 -10"><span class='ocrx_word' id='word_1_618' title='bbox 977 1709 1126 1747; x_wconf 80' lang='lat' dir='ltr'><strong>gnaremini</strong></span> <span class='ocrx_word' id='word_1_619' title='bbox 1138 1729 1146 1740; x_wconf 86' lang='lat'><strong>,</strong></span> <span class='ocrx_word' id='word_1_620' title='bbox 1164 1716 1214 1735; x_wconf 87' lang='lat' dir='ltr'><strong>nec</strong></span> <span class='ocrx_word' id='word_1_621' title='bbox 1227 1707 1298 1734; x_wconf 88' lang='lat' dir='ltr'><strong>enim</strong></span> <span class='ocrx_word' id='word_1_622' title='bbox 1313 1706 1338 1733; x_wconf 89' lang='lat' dir='ltr'><strong>id</strong></span> <span class='ocrx_word' id='word_1_623' title='bbox 1351 1705 1406 1740; x_wconf 83' lang='lat' dir='ltr'><strong>jam</strong></span> <span class='ocrx_word' id='word_1_624' title='bbox 1422 1708 1507 1735; x_wconf 80' lang='lat' dir='ltr'><strong>esset,</strong></span> <span class='ocrx_word' id='word_1_625' title='bbox 1525 1703 1659 1737; x_wconf 79' lang='lat' dir='ltr'><strong>ingentem</strong></span> <span class='ocrx_word' id='word_1_626' title='bbox 1678 1700 1758 1728; x_wconf 85' lang='lat' dir='ltr'><strong>istam</strong></span> 
     </span>
    </p>
   </div>
   <div class='ocr_carea' id='block_1_76' title="bbox 978 1747 1760 1791">
    <p class='ocr_par' dir='ltr' id='par_1_76' title="bbox 978 1747 1760 1791">
     <span class='ocr_line' id='line_1_76' title="bbox 978 1747 1760 1791; baseline -0.014 -7"><span class='ocrx_word' id='word_1_627' title='bbox 978 1756 1070 1784; x_wconf 89' lang='lat' dir='ltr'><strong>nescio</strong></span> <span class='ocrx_word' id='word_1_628' title='bbox 1084 1763 1164 1791; x_wconf 91' lang='lat' dir='ltr'><strong>quam</strong></span> <span class='ocrx_word' id='word_1_629' title='bbox 1178 1754 1309 1781; x_wconf 89' lang='lat' dir='ltr'><strong>librorum</strong></span> <span class='ocrx_word' id='word_1_630' title='bbox 1330 1749 1520 1786; x_wconf 81' lang='lat' dir='ltr'><strong>supellectilem</strong></span> <span class='ocrx_word' id='word_1_631' title='bbox 1542 1748 1646 1783; x_wconf 83' lang='lat' dir='ltr'><strong>eripere</strong></span> <span class='ocrx_word' id='word_1_632' title='bbox 1661 1756 1668 1774; x_wconf 92' lang='lat'>:</span> <span class='ocrx_word' id='word_1_633' title='bbox 1687 1747 1760 1774; x_wconf 88' lang='lat' dir='ltr'><strong>indi-</strong></span> 
     </span>
    </p>
   </div>
   <div class='ocr_carea' id='block_1_77' title="bbox 978 1793 1760 1838">
    <p class='ocr_par' dir='ltr' id='par_1_77' title="bbox 978 1793 1760 1838">
     <span class='ocr_line' id='line_1_77' title="bbox 978 1793 1760 1838; baseline -0.014 -8"><span class='ocrx_word' id='word_1_634' title='bbox 978 1810 1091 1838; x_wconf 84' lang='lat' dir='ltr'><strong>gnemur</strong></span> <span class='ocrx_word' id='word_1_635' title='bbox 1109 1801 1189 1835; x_wconf 82' lang='lat' dir='ltr'><strong>igitur</strong></span> <span class='ocrx_word' id='word_1_636' title='bbox 1202 1799 1283 1826; x_wconf 87' lang='lat' dir='ltr'><strong>etiam</strong></span> <span class='ocrx_word' id='word_1_637' title='bbox 1303 1805 1362 1825; x_wconf 91' lang='lat' dir='ltr'><strong>nos.</strong></span> <span class='ocrx_word' id='word_1_638' title='bbox 1383 1796 1453 1830; x_wconf 84' lang='lat' dir='ltr'><strong>Quid</strong></span> <span class='ocrx_word' id='word_1_639' title='bbox 1467 1795 1560 1822; x_wconf 77' lang='lat' dir='ltr'><strong>enim?</strong></span> <span class='ocrx_word' id='word_1_640' title='bbox 1574 1794 1619 1822; x_wconf 90' lang='lat' dir='ltr'><strong>ubi</strong></span> <span class='ocrx_word' id='word_1_641' title='bbox 1636 1793 1712 1820; x_wconf 90' lang='lat' dir='ltr'><strong>vobis</strong></span> <span class='ocrx_word' id='word_1_642' title='bbox 1724 1793 1760 1819; x_wconf 87' lang='lat' dir='ltr'><strong>ita</strong></span> 
     </span>
    </p>
   </div>
   <div class='ocr_carea' id='block_1_78' title="bbox 979 1840 1762 1879">
    <p class='ocr_par' dir='ltr' id='par_1_78' title="bbox 979 1840 1762 1879">
     <span class='ocr_line' id='line_1_78' title="bbox 979 1840 1762 1879; baseline -0.014 -4"><span class='ocrx_word' id='word_1_643' title='bbox 979 1848 1067 1874; x_wconf 92' lang='lat' dir='ltr'><strong>visum</strong></span> <span class='ocrx_word' id='word_1_644' title='bbox 1084 1847 1150 1879; x_wconf 92' lang='lat' dir='ltr'><strong>erit,</strong></span> <span class='ocrx_word' id='word_1_645' title='bbox 1165 1844 1348 1873; x_wconf 82' lang='lat' dir='ltr'><strong>certissimum</strong></span> <span class='ocrx_word' id='word_1_646' title='bbox 1366 1843 1417 1870; x_wconf 92' lang='lat' dir='ltr'><strong>hoc</strong></span> <span class='ocrx_word' id='word_1_647' title='bbox 1431 1841 1554 1869; x_wconf 79' lang='lat' dir='ltr'><strong>videlicet</strong></span> <span class='ocrx_word' id='word_1_648' title='bbox 1574 1840 1698 1874; x_wconf 85' lang='lat' dir='ltr'><strong>idemque</strong></span> <span class='ocrx_word' id='word_1_649' title='bbox 1711 1846 1762 1865; x_wconf 82' lang='lat' dir='ltr'><strong>an-</strong></span> 
     </span>
    </p>
   </div>
   <div class='ocr_carea' id='block_1_79' title="bbox 980 1886 1762 1928">
    <p class='ocr_par' dir='ltr' id='par_1_79' title="bbox 980 1886 1762 1928">
     <span class='ocr_line' id='line_1_79' title="bbox 980 1886 1762 1928; baseline -0.013 -8"><span class='ocrx_word' id='word_1_650' title='bbox 980 1892 1164 1928; x_wconf 85' lang='lat' dir='ltr'><strong>tiquissimum</strong></span> <span class='ocrx_word' id='word_1_651' title='bbox 1191 1894 1378 1925; x_wconf 73' lang='lat' dir='ltr'><strong>argumentum</strong></span> <span class='ocrx_word' id='word_1_652' title='bbox 1404 1887 1469 1920; x_wconf 82' lang='lat' dir='ltr'><strong>erit;</strong></span> <span class='ocrx_word' id='word_1_653' title='bbox 1495 1886 1540 1913; x_wconf 83' lang='lat' dir='ltr'><strong>tibi</strong></span> <span class='ocrx_word' id='word_1_654' title='bbox 1571 1889 1661 1913; x_wconf 86' lang='lat' dir='ltr'><strong>autem</strong></span> <span class='ocrx_word' id='word_1_655' title='bbox 1683 1891 1762 1912; x_wconf 88' lang='lat' dir='ltr'><strong>secus</strong></span> 
     </span>
    </p>
   </div>
   <div class='ocr_carea' id='block_1_80' title="bbox 980 1930 1763 1970">
    <p class='ocr_par' dir='ltr' id='par_1_80' title="bbox 980 1930 1763 1970">
     <span class='ocr_line' id='line_1_80' title="bbox 980 1930 1763 1970; baseline -0.013 -4"><span class='ocrx_word' id='word_1_656' title='bbox 980 1937 1179 1969; x_wconf 77' lang='lat' dir='ltr'><strong>existimabitis,</strong></span> <span class='ocrx_word' id='word_1_657' title='bbox 1197 1942 1252 1963; x_wconf 87' lang='lat' dir='ltr'><strong>tum</strong></span> <span class='ocrx_word' id='word_1_658' title='bbox 1267 1943 1299 1962; x_wconf 90' lang='lat' dir='ltr'><strong>eo</strong></span> <span class='ocrx_word' id='word_1_659' title='bbox 1312 1934 1448 1970; x_wconf 87' lang='lat' dir='ltr'><strong>potentius</strong></span> <span class='ocrx_word' id='word_1_660' title='bbox 1459 1933 1509 1959; x_wconf 91' lang='lat' dir='ltr'><strong>erit</strong></span> <span class='ocrx_word' id='word_1_661' title='bbox 1522 1931 1658 1959; x_wconf 89' lang='lat' dir='ltr'><strong>occultum</strong></span> <span class='ocrx_word' id='word_1_662' title='bbox 1670 1930 1763 1958; x_wconf 85' lang='lat' dir='ltr'><strong>nescio</strong></span> 
     </span>
    </p>
   </div>
   <div class='ocr_carea' id='block_1_81' title="bbox 980 1975 1763 2020">
    <p class='ocr_par' dir='ltr' id='par_1_81' title="bbox 980 1975 1763 2020">
     <span class='ocr_line' id='line_1_81' title="bbox 980 1975 1763 2020; baseline -0.014 -8"><span class='ocrx_word' id='word_1_663' title='bbox 980 1985 1055 2020; x_wconf 87' lang='lat' dir='ltr'><strong>quid,</strong></span> <span class='ocrx_word' id='word_1_664' title='bbox 1074 1983 1173 2015; x_wconf 80' lang='lat' dir='ltr'><strong>fatalis,</strong></span> <span class='ocrx_word' id='word_1_665' title='bbox 1191 1982 1312 2016; x_wconf 86' lang='lat' dir='ltr'><strong>inquam,</strong></span> <span class='ocrx_word' id='word_1_666' title='bbox 1329 1979 1374 2006; x_wconf 88' lang='lat' dir='ltr'><strong>illa</strong></span> <span class='ocrx_word' id='word_1_667' title='bbox 1385 1978 1545 2009; x_wconf 89' lang='lat' dir='ltr'><strong>necessitas,</strong></span> <span class='ocrx_word' id='word_1_668' title='bbox 1565 1975 1653 2012; x_wconf 86' lang='lat' dir='ltr'><strong>quade</strong></span> <span class='ocrx_word' id='word_1_669' title='bbox 1670 1983 1704 2002; x_wconf 89' lang='lat' dir='ltr'><strong>ne</strong></span> <span class='ocrx_word' id='word_1_670' title='bbox 1719 1982 1763 2001; x_wconf 82' lang='lat' dir='ltr'><strong>vo-</strong></span> 
     </span>
    </p>
   </div>
   <div class='ocr_carea' id='block_1_82' title="bbox 981 2021 1764 2064">
    <p class='ocr_par' dir='ltr' id='par_1_82' title="bbox 981 2021 1764 2064">
     <span class='ocr_line' id='line_1_82' title="bbox 981 2021 1764 2064; baseline -0.015 -6"><span class='ocrx_word' id='word_1_671' title='bbox 981 2032 1022 2059; x_wconf 85' lang='lat' dir='ltr'><strong>bis</strong></span> <span class='ocrx_word' id='word_1_672' title='bbox 1037 2030 1146 2064; x_wconf 89' lang='lat' dir='ltr'><strong>quidem</strong></span> <span class='ocrx_word' id='word_1_673' title='bbox 1164 2029 1234 2054; x_wconf 89' lang='lat' dir='ltr'><strong>inter</strong></span> <span class='ocrx_word' id='word_1_674' title='bbox 1248 2034 1297 2053; x_wconf 78' lang='lat' dir='ltr'><strong>vos</strong></span> <span class='ocrx_word' id='word_1_675' title='bbox 1310 2026 1384 2060; x_wconf 86' lang='lat' dir='ltr'><strong>ipsos</strong></span> <span class='ocrx_word' id='word_1_676' title='bbox 1395 2023 1535 2055; x_wconf 89' lang='lat' dir='ltr'><strong>convenit;</strong></span> <span class='ocrx_word' id='word_1_677' title='bbox 1549 2029 1611 2049; x_wconf 90' lang='lat' dir='ltr'><strong>cum</strong></span> <span class='ocrx_word' id='word_1_678' title='bbox 1623 2021 1692 2048; x_wconf 86' lang='lat' dir='ltr'><strong>alius</strong></span> <span class='ocrx_word' id='word_1_679' title='bbox 1702 2028 1764 2047; x_wconf 88' lang='lat' dir='ltr'><strong>eam</strong></span> 
     </span>
    </p>
   </div>
   <div class='ocr_carea' id='block_1_83' title="bbox 981 2068 1765 2105">
    <p class='ocr_par' dir='ltr' id='par_1_83' title="bbox 981 2068 1765 2105">
     <span class='ocr_line' id='line_1_83' title="bbox 981 2068 1765 2105; baseline -0.015 -1"><span class='ocrx_word' id='word_1_680' title='bbox 981 2086 1012 2105; x_wconf 86' lang='lat' dir='ltr'><strong>ex</strong></span> <span class='ocrx_word' id='word_1_681' title='bbox 1027 2077 1117 2103; x_wconf 83' lang='lat' dir='ltr'><strong>divino</strong></span> <span class='ocrx_word' id='word_1_682' title='bbox 1129 2073 1246 2101; x_wconf 82' lang='lat' dir='ltr'><strong>Numine</strong></span> <span class='ocrx_word' id='word_1_683' title='bbox 1257 2093 1263 2104; x_wconf 89' lang='lat'><strong>,</strong></span> <span class='ocrx_word' id='word_1_684' title='bbox 1288 2072 1357 2099; x_wconf 88' lang='lat' dir='ltr'><strong>alius</strong></span> <span class='ocrx_word' id='word_1_685' title='bbox 1370 2079 1403 2098; x_wconf 84' lang='lat' dir='ltr'><strong>ex</strong></span> <span class='ocrx_word' id='word_1_686' title='bbox 1417 2069 1536 2097; x_wconf 88' lang='lat' dir='ltr'><strong>minimis</strong></span> <span class='ocrx_word' id='word_1_687' title='bbox 1550 2068 1602 2095; x_wconf 90' lang='lat' dir='ltr'><strong>illis</strong></span> <span class='ocrx_word' id='word_1_688' title='bbox 1614 2075 1765 2102; x_wconf 86' lang='lat' dir='ltr'><strong>corpuscu-</strong></span> 
     </span>
    </p>
   </div>
   <div class='ocr_carea' id='block_1_84' title="bbox 982 2108 1763 2156">
    <p class='ocr_par' dir='ltr' id='par_1_84' title="bbox 982 2108 1763 2156">
     <span class='ocr_line' id='line_1_84' title="bbox 982 2108 1763 2156; baseline -0.014 -7"><span class='ocrx_word' id='word_1_689' title='bbox 982 2124 1015 2150; x_wconf 86' lang='lat' dir='ltr'><strong>lis</strong></span> <span class='ocrx_word' id='word_1_690' title='bbox 1031 2121 1147 2156; x_wconf 85' lang='lat' dir='ltr'><strong>pendere</strong></span> <span class='ocrx_word' id='word_1_691' title='bbox 1161 2119 1302 2152; x_wconf 66' lang='lat' dir='ltr'><strong>velit,quae</strong></span> <span class='ocrx_word' id='word_1_692' title='bbox 1312 2108 1392 2144; x_wconf 77' lang='lat' dir='ltr'><strong>modo</strong></span> <span class='ocrx_word' id='word_1_693' title='bbox 1403 2115 1529 2143; x_wconf 87' lang='lat' dir='ltr'><strong>deorsum</strong></span> <span class='ocrx_word' id='word_1_694' title='bbox 1542 2113 1674 2145; x_wconf 73' lang='lat' dir='ltr'><strong>ferantur,</strong></span> <span class='ocrx_word' id='word_1_695' title='bbox 1683 2112 1763 2139; x_wconf 89' lang='lat' dir='ltr'><strong>modo</strong></span> 
     </span>
    </p>
   </div>
   <div class='ocr_carea' id='block_1_85' title="bbox 983 2158 1765 2194">
    <p class='ocr_par' dir='ltr' id='par_1_85' title="bbox 983 2158 1765 2194">
     <span class='ocr_line' id='line_1_85' title="bbox 983 2158 1765 2194; baseline -0.014 0"><span class='ocrx_word' id='word_1_696' title='bbox 983 2172 1077 2194; x_wconf 87' lang='lat' dir='ltr'><strong>contra</strong></span> <span class='ocrx_word' id='word_1_697' title='bbox 1097 2165 1238 2191; x_wconf 85' lang='lat' dir='ltr'><strong>vibrentur</strong></span> <span class='ocrx_word' id='word_1_698' title='bbox 1261 2169 1384 2194; x_wconf 85' lang='lat' dir='ltr'><strong>sursum,</strong></span> <span class='ocrx_word' id='word_1_699' title='bbox 1400 2165 1481 2194; x_wconf 88' lang='lat' dir='ltr'><strong>atque</strong></span> <span class='ocrx_word' id='word_1_700' title='bbox 1495 2158 1628 2194; x_wconf 88' lang='lat' dir='ltr'><strong>ejusmodi</strong></span> <span class='ocrx_word' id='word_1_701' title='bbox 1647 2158 1718 2190; x_wconf 87' lang='lat' dir='ltr'><strong>sint,</strong></span> <span class='ocrx_word' id='word_1_702' title='bbox 1735 2161 1765 2184; x_wconf 90' lang='lat' dir='ltr'><strong>ut</strong></span> 
     </span>
    </p>
   </div>
   <div class='ocr_carea' id='block_1_86' title="bbox 985 2203 1765 2244">
    <p class='ocr_par' dir='ltr' id='par_1_86' title="bbox 985 2203 1765 2244">
     <span class='ocr_line' id='line_1_86' title="bbox 985 2203 1765 2244; baseline -0.013 -5"><span class='ocrx_word' id='word_1_703' title='bbox 985 2213 1054 2240; x_wconf 89' lang='lat' dir='ltr'><strong>inter</strong></span> <span class='ocrx_word' id='word_1_704' title='bbox 1077 2218 1136 2238; x_wconf 89' lang='lat' dir='ltr'><strong>sese</strong></span> <span class='ocrx_word' id='word_1_705' title='bbox 1159 2209 1240 2244; x_wconf 88' lang='lat' dir='ltr'><strong>paulo</strong></span> <span class='ocrx_word' id='word_1_706' title='bbox 1268 2213 1329 2235; x_wconf 88' lang='lat' dir='ltr'><strong>ante</strong></span> <span class='ocrx_word' id='word_1_707' title='bbox 1349 2206 1504 2237; x_wconf 84' lang='lat' dir='ltr'><strong>commissa,</strong></span> <span class='ocrx_word' id='word_1_708' title='bbox 1521 2204 1602 2239; x_wconf 89' lang='lat' dir='ltr'><strong>paulo</strong></span> <span class='ocrx_word' id='word_1_709' title='bbox 1619 2208 1680 2239; x_wconf 84' lang='lat' dir='ltr'><strong>post</strong></span> <span class='ocrx_word' id='word_1_710' title='bbox 1697 2203 1765 2230; x_wconf 89' lang='lat' dir='ltr'><strong>diri-</strong></span> 
     </span>
    </p>
   </div>
   <div class='ocr_carea' id='block_1_87' title="bbox 152 2253 926 2294">
    <p class='ocr_par' dir='ltr' id='par_1_87' title="bbox 152 2255 926 2294">
     <span class='ocr_line' id='line_1_87' title="bbox 152 2255 926 2294; baseline -0.009 -7"><span class='ocrx_word' id='word_1_711' title='bbox 152 2269 180 2294; x_wconf 83' lang='grc' dir='ltr'><strong>γε</strong></span> <span class='ocrx_word' id='word_1_712' title='bbox 194 2262 242 2287; x_wconf 70' lang='grc' dir='ltr'>οὐκ</span> <span class='ocrx_word' id='word_1_713' title='bbox 255 2261 289 2287; x_wconf 77' lang='grc' dir='ltr'><strong>ἂν</strong></span> <span class='ocrx_word' id='word_1_714' title='bbox 309 2260 416 2294; x_wconf 80' lang='grc' dir='ltr'>εἰδείης,</span> <span class='ocrx_word' id='word_1_715' title='bbox 433 2256 470 2286; x_wconf 88' lang='grc' dir='ltr'>ὧν</span> <span class='ocrx_word' id='word_1_716' title='bbox 485 2259 519 2285; x_wconf 82' lang='grc' dir='ltr'>τὰ</span> <span class='ocrx_word' id='word_1_717' title='bbox 535 2258 671 2292; x_wconf 78' lang='grc' dir='ltr'>πείσματα</span> <span class='ocrx_word' id='word_1_718' title='bbox 690 2256 808 2291; x_wconf 83' lang='grc' dir='ltr'>ἀνῆπται</span> <span class='ocrx_word' id='word_1_719' title='bbox 830 2256 861 2281; x_wconf 82' lang='grc' dir='ltr'><strong>ὲκ</strong></span> <span class='ocrx_word' id='word_1_720' title='bbox 884 2255 926 2289; x_wconf 78' lang='grc' dir='ltr'><strong>τῆς</strong></span> 
     </span>
    </p>
   </div>
   <div class='ocr_carea' id='block_1_88' title="bbox 977 2253 1767 2294">
    <p class='ocr_par' dir='ltr' id='par_1_88' title="bbox 985 2253 1767 2290">
     <span class='ocr_line' id='line_1_88' title="bbox 985 2253 1767 2290; baseline -0.014 -4"><span class='ocrx_word' id='word_1_721' title='bbox 985 2264 1108 2290; x_wconf 85' lang='lat' dir='ltr'><strong>mantur;</strong></span> <span class='ocrx_word' id='word_1_722' title='bbox 1125 2264 1157 2285; x_wconf 87' lang='lat' dir='ltr'><strong>ac</strong></span> <span class='ocrx_word' id='word_1_723' title='bbox 1171 2255 1291 2283; x_wconf 89' lang='lat' dir='ltr'><strong>vicissim</strong></span> <span class='ocrx_word' id='word_1_724' title='bbox 1305 2253 1439 2288; x_wconf 67' lang='lat' dir='ltr'><strong>disiuncta</strong></span> <span class='ocrx_word' id='word_1_725' title='bbox 1451 2253 1524 2288; x_wconf 88' lang='lat' dir='ltr'><strong>prius</strong></span> <span class='ocrx_word' id='word_1_726' title='bbox 1536 2259 1598 2279; x_wconf 91' lang='lat' dir='ltr'><strong>cum</strong></span> <span class='ocrx_word' id='word_1_727' title='bbox 1609 2254 1709 2282; x_wconf 87' lang='lat' dir='ltr'><strong>essent,</strong></span> <span class='ocrx_word' id='word_1_728' title='bbox 1722 2256 1767 2276; x_wconf 89' lang='lat' dir='ltr'><strong>ne-</strong></span> 
     </span>
    </p>
   </div>
   <div class='ocr_carea' id='block_1_89' title="bbox 152 2299 932 2341">
    <p class='ocr_par' dir='ltr' id='par_1_89' title="bbox 152 2299 932 2341">
     <span class='ocr_line' id='line_1_89' title="bbox 152 2299 932 2341; baseline -0.009 -9"><span class='ocrx_word' id='word_1_729' title='bbox 152 2306 285 2341; x_wconf 80' lang='grc' dir='ltr'>ἡμετέρας</span> <span class='ocrx_word' id='word_1_730' title='bbox 304 2305 464 2340; x_wconf 83' lang='grc' dir='ltr'>βουλήσεως.</span> <span class='ocrx_word' id='word_1_731' title='bbox 485 2304 557 2338; x_wconf 77' lang='grc' dir='ltr'><strong>Δῦτη</strong></span> <span class='ocrx_word' id='word_1_732' title='bbox 571 2303 598 2329; x_wconf 79' lang='grc' dir='ltr'>δέ</span> <span class='ocrx_word' id='word_1_733' title='bbox 612 2311 643 2337; x_wconf 88' lang='grc' dir='ltr'><strong>γε</strong></span> <span class='ocrx_word' id='word_1_734' title='bbox 665 2302 789 2336; x_wconf 76' lang='grc' dir='ltr'>ἐφαίνετο</span> <span class='ocrx_word' id='word_1_735' title='bbox 808 2301 858 2326; x_wconf 83' lang='grc' dir='ltr'><strong>οὑκ</strong></span> <span class='ocrx_word' id='word_1_736' title='bbox 877 2299 932 2326; x_wconf 79' lang='grc' dir='ltr'>ὀλί-</span> 
     </span>
    </p>
   </div>
   <div class='ocr_carea' id='block_1_90' title="bbox 152 2343 933 2385">
    <p class='ocr_par' dir='ltr' id='par_1_90' title="bbox 152 2343 933 2385">
     <span class='ocr_line' id='line_1_90' title="bbox 152 2343 933 2385; baseline -0.009 -7"><span class='ocrx_word' id='word_1_737' title='bbox 152 2359 205 2385; x_wconf 83' lang='grc' dir='ltr'><strong>γων</strong></span> <span class='ocrx_word' id='word_1_738' title='bbox 218 2349 287 2378; x_wconf 78' lang='grc' dir='ltr'>οὖσα</span> <span class='ocrx_word' id='word_1_739' title='bbox 303 2350 470 2385; x_wconf 82' lang='grc' dir='ltr'>πραγμάτων</span> <span class='ocrx_word' id='word_1_740' title='bbox 483 2349 567 2384; x_wconf 71' lang='grc' dir='ltr'>ἀρχή·</span> <span class='ocrx_word' id='word_1_741' title='bbox 583 2347 613 2374; x_wconf 81' lang='grc' dir='ltr'>ὃν</span> <span class='ocrx_word' id='word_1_742' title='bbox 628 2347 656 2374; x_wconf 79' lang='grc' dir='ltr'><strong>δὲ</strong></span> <span class='ocrx_word' id='word_1_743' title='bbox 679 2348 695 2382; x_wconf 88' lang='grc' dir='ltr'>ἡ</span> <span class='ocrx_word' id='word_1_744' title='bbox 711 2347 780 2381; x_wconf 84' lang='grc' dir='ltr'>ἀρχὴ</span> <span class='ocrx_word' id='word_1_745' title='bbox 793 2367 800 2378; x_wconf 88' lang='grc'><strong>,</strong></span> <span class='ocrx_word' id='word_1_746' title='bbox 823 2346 882 2381; x_wconf 80' lang='grc' dir='ltr'>ἥτις</span> <span class='ocrx_word' id='word_1_747' title='bbox 900 2343 933 2380; x_wconf 84' lang='grc' dir='ltr'>ἦν</span> 
     </span>
    </p>
   </div>
   <div class='ocr_carea' id='block_1_91' title="bbox 153 2391 935 2431">
    <p class='ocr_par' dir='ltr' id='par_1_91' title="bbox 153 2391 935 2431">
     <span class='ocr_line' id='line_1_91' title="bbox 153 2391 935 2431; baseline -0.008 -8"><span class='ocrx_word' id='word_1_748' title='bbox 153 2397 202 2422; x_wconf 77' lang='grc' dir='ltr'><strong>τῶν</strong></span> <span class='ocrx_word' id='word_1_749' title='bbox 216 2397 286 2431; x_wconf 77' lang='grc' dir='ltr'>μετὰ</span> <span class='ocrx_word' id='word_1_750' title='bbox 298 2395 384 2422; x_wconf 77' lang='grc' dir='ltr'>ταῦτα</span> <span class='ocrx_word' id='word_1_751' title='bbox 397 2395 480 2426; x_wconf 80' lang='grc' dir='ltr'>αἰτία,</span> <span class='ocrx_word' id='word_1_752' title='bbox 495 2394 672 2427; x_wconf 74' lang='grc' dir='ltr'>ἐκπέφευγεν,</span> <span class='ocrx_word' id='word_1_753' title='bbox 685 2391 755 2428; x_wconf 78' lang='grc' dir='ltr'>ἦπού</span> <span class='ocrx_word' id='word_1_754' title='bbox 771 2400 802 2425; x_wconf 88' lang='grc' dir='ltr'><strong>γε</strong></span> <span class='ocrx_word' id='word_1_755' title='bbox 819 2391 853 2418; x_wconf 80' lang='grc' dir='ltr'>τὰ</span> <span class='ocrx_word' id='word_1_756' title='bbox 867 2391 935 2426; x_wconf 78' lang='grc' dir='ltr'>μετὰ</span> 
     </span>
    </p>
   </div>
   <div class='ocr_carea' id='block_1_92' title="bbox 154 2437 935 2478">
    <p class='ocr_par' dir='ltr' id='par_1_92' title="bbox 154 2437 935 2478">
     <span class='ocr_line' id='line_1_92' title="bbox 154 2437 935 2478; baseline -0.008 -9"><span class='ocrx_word' id='word_1_757' title='bbox 154 2442 199 2477; x_wconf 80' lang='grc' dir='ltr'><strong>τὴν</strong></span> <span class='ocrx_word' id='word_1_758' title='bbox 215 2442 302 2478; x_wconf 82' lang='grc' dir='ltr'>ἀρχὴν</span> <span class='ocrx_word' id='word_1_759' title='bbox 314 2441 396 2476; x_wconf 81' lang='grc' dir='ltr'>εἰδείη</span> <span class='ocrx_word' id='word_1_760' title='bbox 410 2441 442 2467; x_wconf 86' lang='grc' dir='ltr'>ἂν</span> <span class='ocrx_word' id='word_1_761' title='bbox 464 2437 549 2471; x_wconf 71' lang='grc' dir='ltr'><strong>οὗτος.</strong></span> <span class='ocrx_word' id='word_1_762' title='bbox 569 2440 754 2473; x_wconf 78' lang='grc' dir='ltr'><strong>’Δναίσχυντος</strong></span> <span class='ocrx_word' id='word_1_763' title='bbox 773 2437 871 2473; x_wconf 87' lang='grc' dir='ltr'>δηλαδὴ</span> <span class='ocrx_word' id='word_1_764' title='bbox 892 2443 903 2457; x_wconf 76' lang='grc' dir='ltr'>α</span> <span class='ocrx_word' id='word_1_765' title='bbox 921 2437 935 2463; x_wconf 77' lang='grc' dir='ltr'>ὁ</span> 
     </span>
    </p>
   </div>
   <div class='ocr_carea' id='block_1_93' title="bbox 154 2483 933 2523">
    <p class='ocr_par' dir='ltr' id='par_1_93' title="bbox 154 2483 933 2523">
     <span class='ocr_line' id='line_1_93' title="bbox 154 2483 933 2523; baseline -0.005 -9"><span class='ocrx_word' id='word_1_766' title='bbox 154 2488 226 2523; x_wconf 79' lang='grc' dir='ltr'>Λαΐῳ</span> <span class='ocrx_word' id='word_1_767' title='bbox 248 2487 510 2522; x_wconf 79' lang='grc' dir='ltr'>προμαντευόμενος,</span> <span class='ocrx_word' id='word_1_768' title='bbox 535 2486 574 2512; x_wconf 81' lang='grc' dir='ltr'><strong>ὅτι</strong></span> <span class='ocrx_word' id='word_1_769' title='bbox 590 2485 669 2511; x_wconf 81' lang='grc' dir='ltr'>αὐτὸν</span> <span class='ocrx_word' id='word_1_770' title='bbox 686 2485 828 2511; x_wconf 83' lang='grc' dir='ltr'>ἀποκτενεῖ</span> <span class='ocrx_word' id='word_1_771' title='bbox 846 2484 860 2509; x_wconf 85' lang='grc' dir='ltr'>ὁ</span> <span class='ocrx_word' id='word_1_772' title='bbox 873 2483 933 2517; x_wconf 82' lang='grc' dir='ltr'><strong>φύς.</strong></span> 
     </span>
    </p>
   </div>
   <div class='ocr_carea' id='block_1_94' title="bbox 157 2527 935 2568">
    <p class='ocr_par' dir='ltr' id='par_1_94' title="bbox 157 2527 935 2568">
     <span class='ocr_line' id='line_1_94' title="bbox 157 2527 935 2568; baseline -0.008 -9"><span class='ocrx_word' id='word_1_773' title='bbox 157 2533 272 2567; x_wconf 78' lang='grc' dir='ltr'>Ἔμελλε</span> <span class='ocrx_word' id='word_1_774' title='bbox 289 2533 338 2568; x_wconf 73' lang='grc' dir='ltr'>γάρ</span> <span class='ocrx_word' id='word_1_775' title='bbox 352 2541 403 2558; x_wconf 85' lang='grc' dir='ltr'><strong>που</strong></span> <span class='ocrx_word' id='word_1_776' title='bbox 423 2532 437 2558; x_wconf 85' lang='grc' dir='ltr'>ὁ</span> <span class='ocrx_word' id='word_1_777' title='bbox 458 2533 509 2566; x_wconf 79' lang='grc' dir='ltr'>φὺς</span> <span class='ocrx_word' id='word_1_778' title='bbox 531 2531 623 2566; x_wconf 79' lang='grc' dir='ltr'>κύριος</span> <span class='ocrx_word' id='word_1_779' title='bbox 643 2529 750 2556; x_wconf 70' lang='grc' dir='ltr'>ἔσεσθαι</span> <span class='ocrx_word' id='word_1_780' title='bbox 768 2529 817 2564; x_wconf 84' lang='grc' dir='ltr'><strong>τῆς</strong></span> <span class='ocrx_word' id='word_1_781' title='bbox 840 2527 935 2555; x_wconf 79' lang='grc' dir='ltr'>ἑαυτοῦ</span> 
     </span>
    </p>
   </div>
   <div class='ocr_carea' id='block_1_95' title="bbox 156 2574 936 2614">
    <p class='ocr_par' dir='ltr' id='par_1_95' title="bbox 156 2574 936 2614">
     <span class='ocr_line' id='line_1_95' title="bbox 156 2574 936 2614; baseline -0.008 -8"><span class='ocrx_word' id='word_1_782' title='bbox 156 2578 320 2614; x_wconf 75' lang='grc' dir='ltr'><strong>βουλήσεως·</strong></span> <span class='ocrx_word' id='word_1_783' title='bbox 337 2579 382 2606; x_wconf 77' lang='grc' dir='ltr'><strong>καὶ</strong></span> <span class='ocrx_word' id='word_1_784' title='bbox 394 2578 455 2605; x_wconf 71' lang='grc' dir='ltr'>οὔτε</span> <span class='ocrx_word' id='word_1_785' title='bbox 469 2587 511 2609; x_wconf 84' lang='grc' dir='ltr'>τις</span> <span class='ocrx_word' id='word_1_786' title='bbox 542 2577 693 2610; x_wconf 84' lang='grc' dir='ltr'>Ἀπόλλων,</span> <span class='ocrx_word' id='word_1_787' title='bbox 718 2576 780 2603; x_wconf 66' lang='grc' dir='ltr'>οὔτε</span> <span class='ocrx_word' id='word_1_788' title='bbox 800 2584 842 2606; x_wconf 86' lang='grc' dir='ltr'><strong>τις</strong></span> <span class='ocrx_word' id='word_1_789' title='bbox 854 2574 936 2601; x_wconf 76' lang='grc' dir='ltr'>αὑτοῦ</span> 
     </span>
    </p>
   </div>
   <div class='ocr_carea' id='block_1_96' title="bbox 157 2616 937 2659">
    <p class='ocr_par' dir='ltr' id='par_1_96' title="bbox 157 2616 937 2659">
     <span class='ocr_line' id='line_1_96' title="bbox 157 2616 937 2659; baseline -0.003 -11"><span class='ocrx_word' id='word_1_790' title='bbox 157 2623 303 2659; x_wconf 79' lang='grc' dir='ltr'>ὑπέρτερος</span> <span class='ocrx_word' id='word_1_791' title='bbox 318 2624 479 2656; x_wconf 76' lang='grc' dir='ltr'>ἐξικνεῖσθαι</span> <span class='ocrx_word' id='word_1_792' title='bbox 492 2623 592 2654; x_wconf 71' lang='grc' dir='ltr'>ἱκανὸς,</span> <span class='ocrx_word' id='word_1_793' title='bbox 611 2623 671 2649; x_wconf 73' lang='grc' dir='ltr'>οὐδὲ</span> <span class='ocrx_word' id='word_1_794' title='bbox 693 2623 740 2657; x_wconf 86' lang='grc' dir='ltr'>μιᾷ</span> <span class='ocrx_word' id='word_1_795' title='bbox 754 2621 880 2655; x_wconf 82' lang='grc' dir='ltr'>δυνάμει,</span> <span class='ocrx_word' id='word_1_796' title='bbox 900 2616 937 2646; x_wconf 81' lang='grc' dir='ltr'>ὧν</span> 
     </span>
    </p>
   </div>
   <div class='ocr_carea' id='block_1_97' title="bbox 156 2667 936 2704">
    <p class='ocr_par' dir='ltr' id='par_1_97' title="bbox 156 2667 936 2704">
     <span class='ocr_line' id='line_1_97' title="bbox 156 2667 936 2704; baseline -0.005 -8"><span class='ocrx_word' id='word_1_797' title='bbox 156 2669 204 2696; x_wconf 67' lang='grc' dir='ltr'><strong>οὐκ</strong></span> <span class='ocrx_word' id='word_1_798' title='bbox 231 2670 305 2696; x_wconf 77' lang='grc' dir='ltr'>ἐστιν</span> <span class='ocrx_word' id='word_1_799' title='bbox 326 2670 387 2696; x_wconf 73' lang='grc' dir='ltr'>οὒτε</span> <span class='ocrx_word' id='word_1_800' title='bbox 411 2669 544 2704; x_wconf 78' lang='grc' dir='ltr'>ὒπαρξις,</span> <span class='ocrx_word' id='word_1_801' title='bbox 567 2668 628 2696; x_wconf 75' lang='grc' dir='ltr'>οὔτε</span> <span class='ocrx_word' id='word_1_802' title='bbox 653 2668 786 2702; x_wconf 82' lang='grc' dir='ltr'>γενέσεως</span> <span class='ocrx_word' id='word_1_803' title='bbox 819 2667 936 2701; x_wconf 81' lang='grc' dir='ltr'>ἀνάγκη.</span> 
     </span>
    </p>
   </div>
   <div class='ocr_carea' id='block_1_98' title="bbox 192 2737 331 2772">
    <p class='ocr_par' dir='ltr' id='par_1_98' title="bbox 192 2737 331 2772">
     <span class='ocr_line' id='line_1_98' title="bbox 192 2737 331 2772; baseline -0.014 -8"><span class='ocrx_word' id='word_1_804' title='bbox 192 2742 204 2757; x_wconf 81' lang='grc' dir='ltr'><strong>ι</strong></span> <span class='ocrx_word' id='word_1_805' title='bbox 225 2745 270 2772; x_wconf 64' lang='grc' dir='ltr'><strong>τι).</strong></span> <span class='ocrx_word' id='word_1_806' title='bbox 288 2737 331 2772; x_wconf 82' lang='grc' dir='ltr'><strong>δή.</strong></span> 
     </span>
    </p>
   </div>
   <div class='ocr_carea' id='block_1_99' title="bbox 191 2788 938 2853">
    <p class='ocr_par' dir='ltr' id='par_1_99' title="bbox 191 2788 938 2853">
     <span class='ocr_line' id='line_1_99' title="bbox 191 2788 938 2853; baseline -0.008 -33"><span class='ocrx_word' id='word_1_807' title='bbox 191 2792 247 2853; x_wconf 52' lang='lat' dir='ltr'><strong>(7L?</strong></span> <span class='ocrx_word' id='word_1_808' title='bbox 265 2793 295 2819; x_wconf 86' lang='grc' dir='ltr'>Ὅ</span> <span class='ocrx_word' id='word_1_809' title='bbox 319 2801 346 2819; x_wconf 79' lang='grc' dir='ltr'><strong>τι</strong></span> <span class='ocrx_word' id='word_1_810' title='bbox 370 2793 450 2819; x_wconf 81' lang='grc' dir='ltr'>ποτέ.</span> <span class='ocrx_word' id='word_1_811' title='bbox 468 2792 625 2819; x_wconf 78' lang='lat' dir='ltr'><strong>Addendum</strong></span> <span class='ocrx_word' id='word_1_812' title='bbox 649 2791 763 2820; x_wconf 84' lang='lat' dir='ltr'><strong>videtur.</strong></span> <span class='ocrx_word' id='word_1_813' title='bbox 784 2790 833 2816; x_wconf 75' lang='grc' dir='ltr'>οὐκ</span> <span class='ocrx_word' id='word_1_814' title='bbox 851 2788 938 2821; x_wconf 79' lang='grc' dir='ltr'>εἰδώς,</span> 
     </span>
     <span class='ocr_line' id='line_1_100' title="bbox 196 2826 849 2853; baseline -0.005 0"><span class='ocrx_word' id='word_1_815' title='bbox 196 2833 232 2853; x_wconf 88' lang='lat' dir='ltr'><strong>ta</strong></span> <span class='ocrx_word' id='word_1_816' title='bbox 246 2828 318 2853; x_wconf 87' lang='lat' dir='ltr'><strong>iouid</strong></span> <span class='ocrx_word' id='word_1_817' title='bbox 335 2828 437 2853; x_wconf 84' lang='lat' dir='ltr'><strong>simile:</strong></span> <span class='ocrx_word' id='word_1_818' title='bbox 453 2828 553 2853; x_wconf 85' lang='lat' dir='ltr'><strong>aliooni</strong></span> <span class='ocrx_word' id='word_1_819' title='bbox 567 2826 690 2853; x_wconf 83' lang='lat' dir='ltr'><strong>nendebil</strong></span> <span class='ocrx_word' id='word_1_820' title='bbox 708 2826 849 2852; x_wconf 87' lang='lat' dir='ltr'><strong>sententia.</strong></span> 
     </span>
    </p>
   </div>
   <div class='ocr_carea' id='block_1_100' title="bbox 159 2826 849 2862">
    <p class='ocr_par' dir='ltr' id='par_1_100' title="bbox 159 2826 849 2862">
     <span class='ocr_line' id='line_1_101' title="bbox 159 2826 849 2862; baseline -0.004 -9"><span class='ocrx_word' id='word_1_821' title='bbox 159 2833 205 2853; x_wconf 84' lang='lat' dir='ltr'><strong>aut</strong></span> <span class='ocrx_word' id='word_1_822' title='bbox 217 2826 318 2862; x_wconf 86' lang='lat' dir='ltr'><strong>aliquid</strong></span> <span class='ocrx_word' id='word_1_823' title='bbox 335 2828 437 2860; x_wconf 84' lang='lat' dir='ltr'><strong>simile;</strong></span> <span class='ocrx_word' id='word_1_824' title='bbox 453 2828 553 2862; x_wconf 85' lang='lat' dir='ltr'><strong>alioqui</strong></span> <span class='ocrx_word' id='word_1_825' title='bbox 567 2826 690 2861; x_wconf 83' lang='lat' dir='ltr'><strong>pendebil</strong></span> <span class='ocrx_word' id='word_1_826' title='bbox 708 2826 849 2862; x_wconf 78' lang='lat' dir='ltr'><strong>sententia.</strong></span> 
     </span>
    </p>
   </div>
   <div class='ocr_carea' id='block_1_101' title="bbox 194 2860 940 2897">
    <p class='ocr_par' dir='ltr' id='par_1_101' title="bbox 194 2860 940 2897">
     <span class='ocr_line' id='line_1_102' title="bbox 194 2860 940 2897; baseline -0.005 -8"><span class='ocrx_word' id='word_1_827' title='bbox 194 2862 249 2897; x_wconf 81' lang='lat'><strong>(75)</strong></span> <span class='ocrx_word' id='word_1_828' title='bbox 261 2860 555 2889; x_wconf 77' lang='grc' dir='ltr'>Καταδυναστεῦσὶιι.</span> <span class='ocrx_word' id='word_1_829' title='bbox 569 2860 686 2888; x_wconf 64' lang='lat' dir='ltr'><strong>Alterius</strong></span> <span class='ocrx_word' id='word_1_830' title='bbox 701 2868 753 2897; x_wconf 73' lang='lat' dir='ltr'><strong>ms.</strong></span> <span class='ocrx_word' id='word_1_831' title='bbox 766 2860 844 2897; x_wconf 76' lang='lat' dir='ltr'><strong>lectio</strong></span> <span class='ocrx_word' id='word_1_832' title='bbox 857 2867 940 2897; x_wconf 74' lang='grc' dir='ltr'>κατα-</span> 
     </span>
    </p>
   </div>
   <div class='ocr_carea' id='block_1_102' title="bbox 161 2894 939 2933">
    <p class='ocr_par' dir='ltr' id='par_1_102' title="bbox 161 2894 939 2933">
     <span class='ocr_line' id='line_1_103' title="bbox 161 2894 939 2933; baseline -0.004 -10"><span class='ocrx_word' id='word_1_833' title='bbox 161 2894 344 2932; x_wconf 68' lang='grc' dir='ltr'>δυναατεύσει,</span> <span class='ocrx_word' id='word_1_834' title='bbox 367 2902 517 2933; x_wconf 88' lang='lat' dir='ltr'><strong>opportune</strong></span> <span class='ocrx_word' id='word_1_835' title='bbox 534 2897 639 2931; x_wconf 87' lang='lat' dir='ltr'><strong>supplet</strong></span> <span class='ocrx_word' id='word_1_836' title='bbox 661 2895 791 2930; x_wconf 87' lang='lat' dir='ltr'><strong>quidquid</strong></span> <span class='ocrx_word' id='word_1_837' title='bbox 814 2895 864 2922; x_wconf 80' lang='lat' dir='ltr'><strong>hoc</strong></span> <span class='ocrx_word' id='word_1_838' title='bbox 881 2894 939 2921; x_wconf 92' lang='lat' dir='ltr'><strong>loco</strong></span> 
     </span>
    </p>
   </div>
   <div class='ocr_carea' id='block_1_103' title="bbox 983 2296 1766 2337">
    <p class='ocr_par' dir='ltr' id='par_1_103' title="bbox 983 2296 1766 2337">
     <span class='ocr_line' id='line_1_104' title="bbox 983 2296 1766 2337; baseline -0.014 -5"><span class='ocrx_word' id='word_1_839' title='bbox 983 2303 1101 2332; x_wconf 87' lang='lat' dir='ltr'><strong>cessario</strong></span> <span class='ocrx_word' id='word_1_840' title='bbox 1125 2300 1296 2337; x_wconf 90' lang='lat' dir='ltr'><strong>postmodum</strong></span> <span class='ocrx_word' id='word_1_841' title='bbox 1327 2299 1526 2333; x_wconf 83' lang='lat' dir='ltr'><strong>conjungantur</strong></span> <span class='ocrx_word' id='word_1_842' title='bbox 1539 2297 1556 2324; x_wconf 85' lang='lat'><strong>?.</strong></span> <span class='ocrx_word' id='word_1_843' title='bbox 1580 2296 1684 2323; x_wconf 87' lang='lat' dir='ltr'><strong>Etenim</strong></span> <span class='ocrx_word' id='word_1_844' title='bbox 1712 2303 1766 2329; x_wconf 85' lang='lat' dir='ltr'><strong>quo</strong></span> 
     </span>
    </p>
   </div>
   <div class='ocr_carea' id='block_1_104' title="bbox 984 2341 1766 2383">
    <p class='ocr_par' dir='ltr' id='par_1_104' title="bbox 984 2341 1766 2383">
     <span class='ocr_line' id='line_1_105' title="bbox 984 2341 1766 2383; baseline -0.014 -6"><span class='ocrx_word' id='word_1_845' title='bbox 984 2357 1034 2377; x_wconf 74' lang='lat' dir='ltr'><strong>nus</strong></span> <span class='ocrx_word' id='word_1_846' title='bbox 1051 2348 1099 2383; x_wconf 92' lang='lat' dir='ltr'><strong>ipsi</strong></span> <span class='ocrx_word' id='word_1_847' title='bbox 1119 2347 1200 2374; x_wconf 90' lang='lat' dir='ltr'><strong>modo</strong></span> <span class='ocrx_word' id='word_1_848' title='bbox 1217 2347 1349 2374; x_wconf 84' lang='lat' dir='ltr'><strong>sentimus</strong></span> <span class='ocrx_word' id='word_1_849' title='bbox 1365 2350 1447 2380; x_wconf 83' lang='lat' dir='ltr'><strong>atque</strong></span> <span class='ocrx_word' id='word_1_850' title='bbox 1461 2343 1659 2378; x_wconf 82' lang='lat' dir='ltr'><strong>cognoscimus,</strong></span> <span class='ocrx_word' id='word_1_851' title='bbox 1672 2341 1766 2368; x_wconf 88' lang='lat' dir='ltr'><strong>eodem</strong></span> 
     </span>
    </p>
   </div>
   <div class='ocr_carea' id='block_1_105' title="bbox 984 2387 1768 2430">
    <p class='ocr_par' dir='ltr' id='par_1_105' title="bbox 984 2387 1768 2430">
     <span class='ocr_line' id='line_1_106' title="bbox 984 2387 1768 2430; baseline -0.011 -8"><span class='ocrx_word' id='word_1_852' title='bbox 984 2396 1062 2430; x_wconf 87' lang='lat' dir='ltr'><strong>plane</strong></span> <span class='ocrx_word' id='word_1_853' title='bbox 1076 2395 1108 2422; x_wconf 92' lang='lat' dir='ltr'><strong>de</strong></span> <span class='ocrx_word' id='word_1_854' title='bbox 1123 2394 1204 2421; x_wconf 90' lang='lat' dir='ltr'><strong>rebus</strong></span> <span class='ocrx_word' id='word_1_855' title='bbox 1221 2393 1271 2426; x_wconf 86' lang='lat' dir='ltr'><strong>iis,</strong></span> <span class='ocrx_word' id='word_1_856' title='bbox 1296 2399 1356 2426; x_wconf 70' lang='lat' dir='ltr'><strong>qum</strong></span> <span class='ocrx_word' id='word_1_857' title='bbox 1382 2395 1429 2417; x_wconf 89' lang='lat' dir='ltr'><strong>aut</strong></span> <span class='ocrx_word' id='word_1_858' title='bbox 1452 2389 1605 2416; x_wconf 87' lang='lat' dir='ltr'><strong>volentibus</strong></span> <span class='ocrx_word' id='word_1_859' title='bbox 1627 2387 1705 2414; x_wconf 89' lang='lat' dir='ltr'><strong>nobis</strong></span> <span class='ocrx_word' id='word_1_860' title='bbox 1722 2390 1768 2413; x_wconf 87' lang='lat' dir='ltr'><strong>aut</strong></span> 
     </span>
    </p>
   </div>
   <div class='ocr_carea' id='block_1_106' title="bbox 986 2431 1768 2470">
    <p class='ocr_par' dir='ltr' id='par_1_106' title="bbox 986 2431 1768 2470">
     <span class='ocr_line' id='line_1_107' title="bbox 986 2431 1768 2470; baseline -0.013 -2"><span class='ocrx_word' id='word_1_861' title='bbox 986 2441 1077 2468; x_wconf 87' lang='lat' dir='ltr'><strong>invitis</strong></span> <span class='ocrx_word' id='word_1_862' title='bbox 1091 2439 1230 2470; x_wconf 86' lang='lat' dir='ltr'><strong>eveniunt,</strong></span> <span class='ocrx_word' id='word_1_863' title='bbox 1244 2438 1397 2465; x_wconf 81' lang='lat' dir='ltr'><strong>statuimus.</strong></span> <span class='ocrx_word' id='word_1_864' title='bbox 1429 2435 1520 2469; x_wconf 81' lang='lat' dir='ltr'><strong>Neque</strong></span> <span class='ocrx_word' id='word_1_865' title='bbox 1533 2441 1582 2460; x_wconf 91' lang='lat' dir='ltr'><strong>nos</strong></span> <span class='ocrx_word' id='word_1_866' title='bbox 1596 2433 1714 2468; x_wconf 84' lang='lat' dir='ltr'><strong>profecto</strong></span> <span class='ocrx_word' id='word_1_867' title='bbox 1729 2431 1768 2458; x_wconf 82' lang='lat' dir='ltr'><strong>1a-</strong></span> 
     </span>
    </p>
   </div>
   <div class='ocr_carea' id='block_1_107' title="bbox 986 2479 1769 2520">
    <p class='ocr_par' dir='ltr' id='par_1_107' title="bbox 986 2479 1769 2520">
     <span class='ocr_line' id='line_1_108' title="bbox 986 2479 1769 2520; baseline -0.011 -7"><span class='ocrx_word' id='word_1_868' title='bbox 986 2490 1039 2518; x_wconf 85' lang='lat' dir='ltr'><strong>tet,</strong></span> <span class='ocrx_word' id='word_1_869' title='bbox 1068 2489 1200 2520; x_wconf 87' lang='lat' dir='ltr'><strong>quantum</strong></span> <span class='ocrx_word' id='word_1_870' title='bbox 1225 2484 1296 2510; x_wconf 93' lang='lat' dir='ltr'><strong>inter</strong></span> <span class='ocrx_word' id='word_1_871' title='bbox 1317 2490 1378 2509; x_wconf 90' lang='lat' dir='ltr'><strong>eum</strong></span> <span class='ocrx_word' id='word_1_872' title='bbox 1411 2481 1456 2515; x_wconf 89' lang='lat' dir='ltr'><strong>qui</strong></span> <span class='ocrx_word' id='word_1_873' title='bbox 1483 2484 1577 2515; x_wconf 90' lang='lat' dir='ltr'><strong>sponte</strong></span> <span class='ocrx_word' id='word_1_874' title='bbox 1598 2479 1719 2511; x_wconf 85' lang='lat' dir='ltr'><strong>incedat,</strong></span> <span class='ocrx_word' id='word_1_875' title='bbox 1743 2483 1769 2505; x_wconf 87' lang='lat' dir='ltr'><strong>et</strong></span> 
     </span>
    </p>
   </div>
   <div class='ocr_carea' id='block_1_108' title="bbox 987 2523 1769 2565">
    <p class='ocr_par' dir='ltr' id='par_1_108' title="bbox 987 2523 1769 2565">
     <span class='ocr_line' id='line_1_109' title="bbox 987 2523 1769 2565; baseline -0.01 -8"><span class='ocrx_word' id='word_1_876' title='bbox 987 2538 1049 2558; x_wconf 82' lang='lat' dir='ltr'><strong>eum</strong></span> <span class='ocrx_word' id='word_1_877' title='bbox 1080 2530 1127 2565; x_wconf 90' lang='lat' dir='ltr'><strong>qui</strong></span> <span class='ocrx_word' id='word_1_878' title='bbox 1154 2533 1259 2564; x_wconf 78' lang='lat' dir='ltr'><strong>agatur,</strong></span> <span class='ocrx_word' id='word_1_879' title='bbox 1275 2532 1405 2562; x_wconf 90' lang='lat' dir='ltr'><strong>quantum</strong></span> <span class='ocrx_word' id='word_1_880' title='bbox 1423 2526 1493 2552; x_wconf 90' lang='lat' dir='ltr'><strong>inter</strong></span> <span class='ocrx_word' id='word_1_881' title='bbox 1509 2532 1569 2552; x_wconf 91' lang='lat' dir='ltr'><strong>eum</strong></span> <span class='ocrx_word' id='word_1_882' title='bbox 1589 2523 1634 2559; x_wconf 92' lang='lat' dir='ltr'><strong>qui</strong></span> <span class='ocrx_word' id='word_1_883' title='bbox 1654 2527 1727 2558; x_wconf 89' lang='lat' dir='ltr'><strong>optet</strong></span> <span class='ocrx_word' id='word_1_884' title='bbox 1737 2531 1769 2550; x_wconf 87' lang='lat' dir='ltr'><strong>ac</strong></span> 
     </span>
    </p>
   </div>
   <div class='ocr_carea' id='block_1_109' title="bbox 987 2567 1770 2609">
    <p class='ocr_par' dir='ltr' id='par_1_109' title="bbox 987 2567 1770 2609">
     <span class='ocr_line' id='line_1_110' title="bbox 987 2567 1770 2609; baseline -0.013 -7"><span class='ocrx_word' id='word_1_885' title='bbox 987 2576 1096 2609; x_wconf 74' lang='lat' dir='ltr'><strong>deligat,</strong></span> <span class='ocrx_word' id='word_1_886' title='bbox 1113 2578 1139 2601; x_wconf 90' lang='lat' dir='ltr'><strong>et</strong></span> <span class='ocrx_word' id='word_1_887' title='bbox 1155 2581 1216 2600; x_wconf 92' lang='lat' dir='ltr'><strong>eum</strong></span> <span class='ocrx_word' id='word_1_888' title='bbox 1235 2572 1280 2607; x_wconf 89' lang='lat' dir='ltr'><strong>qui</strong></span> <span class='ocrx_word' id='word_1_889' title='bbox 1300 2575 1423 2605; x_wconf 78' lang='lat' dir='ltr'><strong>cogatur,</strong></span> <span class='ocrx_word' id='word_1_890' title='bbox 1443 2569 1557 2596; x_wconf 81' lang='lat' dir='ltr'><strong>intersit.</strong></span> <span class='ocrx_word' id='word_1_891' title='bbox 1574 2567 1708 2600; x_wconf 86' lang='lat' dir='ltr'><strong>Quorsum</strong></span> <span class='ocrx_word' id='word_1_892' title='bbox 1722 2574 1770 2593; x_wconf 84' lang='lat' dir='ltr'><strong>au-</strong></span> 
     </span>
    </p>
   </div>
   <div class='ocr_carea' id='block_1_110' title="bbox 988 2612 1769 2653">
    <p class='ocr_par' dir='ltr' id='par_1_110' title="bbox 988 2612 1769 2653">
     <span class='ocr_line' id='line_1_111' title="bbox 988 2612 1769 2653; baseline -0.012 -6"><span class='ocrx_word' id='word_1_893' title='bbox 988 2625 1041 2648; x_wconf 85' lang='lat' dir='ltr'><strong>tem</strong></span> <span class='ocrx_word' id='word_1_894' title='bbox 1057 2620 1114 2646; x_wconf 62' lang='lat' dir='ltr'><strong>hazc</strong></span> <span class='ocrx_word' id='word_1_895' title='bbox 1127 2619 1214 2646; x_wconf 86' lang='lat' dir='ltr'><strong>oratio</strong></span> <span class='ocrx_word' id='word_1_896' title='bbox 1230 2616 1360 2653; x_wconf 85' lang='lat' dir='ltr'><strong>pertinet?</strong></span> <span class='ocrx_word' id='word_1_897' title='bbox 1380 2615 1463 2650; x_wconf 73' lang='lat'><strong>258</strong></span> <span class='ocrx_word' id='word_1_898' title='bbox 1482 2613 1560 2649; x_wconf 79' lang='lat' dir='ltr'><strong>Fugit</strong></span> <span class='ocrx_word' id='word_1_899' title='bbox 1581 2618 1606 2641; x_wconf 91' lang='lat' dir='ltr'><strong>te</strong></span> <span class='ocrx_word' id='word_1_900' title='bbox 1629 2612 1769 2645; x_wconf 88' lang='lat' dir='ltr'><strong>nimirum,</strong></span> 
     </span>
    </p>
   </div>
   <div class='ocr_carea' id='block_1_111' title="bbox 987 2658 1771 2698">
    <p class='ocr_par' dir='ltr' id='par_1_111' title="bbox 987 2658 1771 2698">
     <span class='ocr_line' id='line_1_112' title="bbox 987 2658 1771 2698; baseline -0.011 -5"><span class='ocrx_word' id='word_1_901' title='bbox 987 2666 1058 2693; x_wconf 88' lang='lat' dir='ltr'><strong>bone</strong></span> <span class='ocrx_word' id='word_1_902' title='bbox 1079 2670 1170 2696; x_wconf 86' lang='lat' dir='ltr'><strong>vates,</strong></span> <span class='ocrx_word' id='word_1_903' title='bbox 1199 2671 1321 2698; x_wconf 80' lang='lat' dir='ltr'><strong>quamam</strong></span> <span class='ocrx_word' id='word_1_904' title='bbox 1347 2661 1450 2689; x_wconf 86' lang='lat' dir='ltr'><strong>arbitrii</strong></span> <span class='ocrx_word' id='word_1_905' title='bbox 1473 2659 1558 2688; x_wconf 87' lang='lat' dir='ltr'><strong>nostri</strong></span> <span class='ocrx_word' id='word_1_906' title='bbox 1576 2658 1771 2694; x_wconf 85' lang='lat' dir='ltr'><strong>potestatisque</strong></span> 
     </span>
    </p>
   </div>
   <div class='ocr_carea' id='block_1_112' title="bbox 989 2777 1807 2818">
    <p class='ocr_par' dir='ltr' id='par_1_112' title="bbox 989 2777 1807 2818">
     <span class='ocr_line' id='line_1_113' title="bbox 989 2777 1807 2818; baseline -0.011 -4"><span class='ocrx_word' id='word_1_907' title='bbox 989 2786 1115 2814; x_wconf 90' lang='lat' dir='ltr'><strong>mutilum</strong></span> <span class='ocrx_word' id='word_1_908' title='bbox 1140 2785 1223 2812; x_wconf 79' lang='lat' dir='ltr'><strong>videri</strong></span> <span class='ocrx_word' id='word_1_909' title='bbox 1253 2788 1352 2818; x_wconf 83' lang='lat' dir='ltr'><strong>posset.</strong></span> <span class='ocrx_word' id='word_1_910' title='bbox 1370 2781 1556 2818; x_wconf 81' lang='lat' dir='ltr'><strong>Theodoretus</strong></span> <span class='ocrx_word' id='word_1_911' title='bbox 1579 2788 1652 2818; x_wconf 69' lang='lat' dir='ltr'><strong>vero,</strong></span> <span class='ocrx_word' id='word_1_912' title='bbox 1677 2777 1770 2818; x_wconf 75' lang='lat' dir='ltr'><strong>lib._vr</strong></span> <span class='ocrx_word' id='word_1_913' title='bbox 1803 2792 1807 2795; x_wconf 89' lang='lat'><strong><em>-</em></strong></span> 
     </span>
    </p>
   </div>
   <div class='ocr_carea' id='block_1_113' title="bbox 989 2813 1772 2853">
    <p class='ocr_par' dir='ltr' id='par_1_113' title="bbox 989 2813 1772 2853">
     <span class='ocr_line' id='line_1_114' title="bbox 989 2813 1772 2853; baseline -0.009 -5"><span class='ocrx_word' id='word_1_914' title='bbox 989 2813 1028 2848; x_wconf 81' lang='lat' dir='ltr'><strong>De</strong></span> <span class='ocrx_word' id='word_1_915' title='bbox 1046 2821 1155 2848; x_wconf 70' lang='lat' dir='ltr'><strong>curanti.</strong></span> <span class='ocrx_word' id='word_1_916' title='bbox 1182 2813 1266 2847; x_wconf 67' lang='grc' dir='ltr'><strong>(ἐι-σιξ.</strong></span> <span class='ocrx_word' id='word_1_917' title='bbox 1288 2820 1387 2853; x_wconf 79' lang='grc' dir='ltr'>αΙῙεει.,</span> <span class='ocrx_word' id='word_1_918' title='bbox 1409 2817 1454 2844; x_wconf 86' lang='lat' dir='ltr'><strong>ubi</strong></span> <span class='ocrx_word' id='word_1_919' title='bbox 1479 2815 1669 2853; x_wconf 68' lang='lat' dir='ltr'><strong>disputationis</strong></span> <span class='ocrx_word' id='word_1_920' title='bbox 1690 2813 1772 2853; x_wconf 54' lang='lat' dir='ltr'><strong>huius</strong></span> 
     </span>
    </p>
   </div>
   <div class='ocr_carea' id='block_1_114' title="bbox 990 2848 1774 2899">
    <p class='ocr_par' dir='ltr' id='par_1_114' title="bbox 990 2848 1774 2899">
     <span class='ocr_line' id='line_1_115' title="bbox 990 2848 1774 2899; baseline -0.011 -16"><span class='ocrx_word' id='word_1_921' title='bbox 990 2857 1148 2899; x_wconf 76' lang='lat' dir='ltr'><strong>particulam</strong></span> <span class='ocrx_word' id='word_1_922' title='bbox 1171 2855 1284 2888; x_wconf 86' lang='lat' dir='ltr'><strong>inserit,</strong></span> <span class='ocrx_word' id='word_1_923' title='bbox 1302 2848 1328 2881; x_wconf 65' lang='lat' dir='ltr'><strong>ii.</strong></span> <span class='ocrx_word' id='word_1_924' title='bbox 1347 2848 1470 2888; x_wconf 76' lang='lat' dir='ltr'><strong>praesenti</strong></span> <span class='ocrx_word' id='word_1_925' title='bbox 1493 2848 1566 2887; x_wconf 63' lang='lat' dir='ltr'><strong>legit,</strong></span> <span class='ocrx_word' id='word_1_926' title='bbox 1583 2850 1641 2877; x_wconf 67' lang='grc' dir='ltr'>ἐκεῖ</span> <span class='ocrx_word' id='word_1_927' title='bbox 1657 2848 1774 2876; x_wconf 70' lang='grc' dir='ltr'>καταδυ-</span> 
     </span>
    </p>
   </div>
   <div class='ocr_carea' id='block_1_115' title="bbox 991 2899 1123 2919">
    <p class='ocr_par' dir='ltr' id='par_1_115' title="bbox 991 2899 1123 2919">
     <span class='ocr_line' id='line_1_116' title="bbox 991 2899 1123 2919; baseline 0 -1"><span class='ocrx_word' id='word_1_928' title='bbox 991 2899 1123 2919; x_wconf 74' lang='grc' dir='ltr'>ναστευει.</span> 
     </span>
    </p>
   </div>
  </div>
