2063 3211
444 144 457 155 ι

148 183 196 211 Ml

736 181 896 211 PREPAB.
919 183 1044 212 EVANG.
1066 183 1130 212 LIB.
1152 183 1197 212 VL

1726 186 1779 213 442

149 244 185 279 μὴ
199 244 240 275 εις
269 243 390 279 Ἄργος,
413 243 471 270 ἀλλ’
486 244 526 276 εἰς
557 243 680 280 Λιϐύην,
700 244 716 281 ἢ
740 244 937 280 Πεῤῥαιΰαιους

994 250 1036 274 aut
1051 246 1144 273 oculos
1161 245 1212 274 sibi
1228 245 1354 278 emisset,
1373 249 1419 271 aut
1433 244 1492 271 illas
1506 243 1642 278 Euripidis
1662 247 1779 278 tuasque

148 289 275 316 ἀπελθεῖν
286 298 293 304 ·
320 289 337 325 ἢ
359 289 486 316 εἰσελθὼν
498 290 544 316 ἐπὶ
565 290 596 317 τὸ
614 291 646 317 Ἀ
653 298 725 326 ργος,
743 290 813 325 ἔγνω
828 300 938 326 ταριχο-

149 335 259 366 πωλεῖν,
273 336 321 362 καὶ
339 335 377 371 μὴ
394 335 522 364 πλουσίαν
535 336 627 363 λαϐεῖν
643 338 774 371 γυναῖκα,
794 337 861 364 ἀλλὰ
875 346 938 373 χερ-

149 380 225 414 νῆτιν
239 388 311 412 τινα,
325 380 341 416 ἢ
353 381 470 417 κάπηλιν
480 390 486 396 ·
498 381 514 416 ἢ
527 382 550 408 εἰ
563 382 576 407 ὁ
591 381 738 418 Ἄδραστος
751 382 787 417 μὴ
798 382 880 409 ἔδωκε
891 381 940 417 τὴν

150 425 289 461 (θυγατέρα
312 427 387 462 αὐτῷ
398 436 404 442 ·
419 427 434 462 ῆ
449 429 472 454 ει
486 429 500 454 ὁ
513 428 562 463 μὲν
583 427 682 454 ἔδωκεν
692 449 699 459 ,
711 429 724 455 ὁ
738 428 760 454 δ’
777 428 827 454 οὐκ
842 427 940 454 ὲπεθύ-

150 480 222 508 μησε
240 472 296 508 (78)
313 474 362 508 τῆς
377 473 466 500 οἴκαδε
478 474 553 500 ὀδοῦ·
571 474 586 509 ἢ
600 475 623 500 εξ
639 473 808 510 ἐπιθυμήσας
823 475 939 509 ἐκράτη-

149 526 194 544 σεν
211 517 326 545 ἑαυτοῦ·
347 518 364 554 ἢ
380 519 404 545 εἰ
419 519 456 554 μὴ
470 519 620 555 προσέσχεν
641 519 715 555 αὐτῷ
732 519 851 555 δεομένῳ
873 529 940 555 συμ-

150 563 251 598 μαχίας
266 565 281 590 ὁ
298 563 447 600 Ἄδραστος
457 574 463 580 ·
479 565 494 600 ἢ
508 567 530 592 sl
545 565 583 601 τῷ
601 566 739 601 Ἀδράστῳ
758 568 827 601 μήτε
840 567 854 593 ὁ
874 567 938 601 ’Λμ-

148 611 274 647 φιάραος,
295 612 364 648 μήτε
379 614 393 639 ὸ
405 613 515 646 Τυδεὺς,
533 614 599 649 μηδὲ
615 614 668 640 τῶν
685 614 771 640 ἄλλων
788 615 939 650 ταξιάρχων

148 657 264 690 ἕκαστος
278 658 456 693 ἠκολούθουν·
474 659 490 696 ἢ
506 661 529 686 εἰ
546 662 570 686 οἱ
583 661 630 695 μὲν
641 661 852 697 συνηκολούθουν
862 681 869 693 ,
883 663 896 687 ὀ
911 661 938 687 δὲ

149 703 234 731 ἐλθὼν
249 705 300 732 οὐκ
312 705 430 740 ἐμάχετο
449 706 486 741 τῷ
501 706 616 742 ἀδελφῷ,
635 707 692 734 ἀλλ’
712 708 728 743 ἢ
747 708 855 743 συμϐὰς
874 708 939 735 ἐϐα-

150 749 272 777 σίλευσεν
298 751 357 787 ἅμα
378 752 501 788 αὑτῷ,ἢ
531 753 567 788 μὴ
594 753 748 789 βουλομένῳ
772 754 938 790 ἀνεχώρησε,

149 795 272 829 πεισθεὶς
288 797 419 834 Εὐριπίδῃ
432 798 536 832 λέγοντι
548 808 554 814 ·

989 292 1064 319 diras
1087 292 1145 319 suis
1170 291 1227 326 ipse
1249 291 1341 318 liberis
1362 290 1525 325 imprecatus
1548 289 1660 317 fuisset?
1681 294 1779 317 caetera

990 337 1072 372 259
1086 338 1219 372 denique,
1251 337 1296 364 ubi
1319 336 1424 371 priores
1444 337 1570 364 deessent
1589 342 1693 367 causae,
1724 341 1778 368 qua

990 385 1098 411 tandem
1114 385 1218 412 ratione
1235 384 1290 411 fieri
1307 383 1479 419 potuissent?
1494 382 1558 417 quid
1576 387 1606 409 tu
1619 382 1687 416 ipse,
1704 380 1778 415 quod

991 429 1026 456 de
1052 429 1143 456 futuro
1165 430 1372 464 pronuntiarcs,
1404 427 1565 456 habuisses?
1588 426 1737 457 Praeterea,
1754 425 1778 453 si

991 474 1087 509 (Edipi
1104 474 1205 507 liberis,
1221 480 1268 501 aut
1281 474 1362 501 simul
1377 473 1529 508 conjunctis
1541 472 1641 499 animis
1655 479 1776 506 regnare,

994 525 1040 548 aut
1054 521 1119 548 inito
1133 521 1166 547 de
1180 525 1272 548 mutua
1293 521 1411 548 vicissim
1433 520 1460 547 in
1476 526 1588 554 regnum
1602 518 1778 546 successione

994 572 1092 602 pacto,
1117 572 1190 595 stare
1214 567 1362 602 placuisSet
1378 576 1384 594 :
1403 566 1522 600 itemque
1546 565 1569 592 si
1589 565 1684 599 pulsus
1700 563 1777 596 alter,

995 621 1047 640 non
1062 613 1118 647 jam
1131 615 1217 648 Argos
1229 633 1236 645 ,
1254 613 1299 640 sed
1315 613 1355 639 vel
1369 612 1395 638 in
1409 611 1520 647 Libyam
1532 631 1539 643 ,
1556 611 1598 639 vel
1614 611 1647 637 ad
1659 610 1779 637 Perrhae-

994 660 1067 687 bzeos
1081 659 1198 694 migrare
1210 659 1366 691 statuisset;
1385 664 1432 685 aut
1444 658 1467 685 si
1482 658 1568 693 Argos
1577 657 1716 692 appulsus,
1726 656 1779 683 sal-

993 706 1188 733 samentarium
1206 713 1285 741 agere
1299 705 1477 738 decrevisset,
1500 705 1620 739 adeoque
1636 712 1689 731 non
1703 703 1778 731 locu-

995 753 1091 788 pletem
1107 752 1225 786 aliquam
1240 756 1267 779 et
1281 751 1435 786 opulentam
1454 759 1577 781 uxorem.
1603 751 1648 778 sed
1664 757 1781 785 pauper-

994 799 1083 826 culam
1099 792 1254 833 tﬁtamdam,
1272 803 1299 825 et
1313 798 1413 825 victum
1428 805 1557 824 manuum
1573 798 1666 825 labore
1681 795 1780 831 quaeri-

149 846 264 874 tanlem,
278 843 320 870 vel
337 843 473 871 addictam
491 845 662 879 cauponaria:
674 845 772 873 ducere
784 846 934 873 voluisset:
953 850 1000 871 aut
1016 844 1039 871 si
1053 843 1135 871 filiam
1151 843 1284 871 Adrastus
1303 851 1381 871 suam
1410 843 1435 871 ei
1463 838 1599 878 negasset,
1616 848 1662 870 aut
1684 844 1706 871 si
1731 844 1779 871 de-

150 888 235 917 disset
251 889 297 917 ille
319 890 449 925 quidem,
473 891 543 918 alius
572 896 661 919 tamen
691 894 733 920 vel
750 894 843 928 patriae
875 892 1039 920 desiderium
1064 891 1227 926 abjecisset,
1243 892 1285 919 vel
1304 899 1337 918 eo
1361 896 1515 919 commotus
1538 892 1614 925 licet,
1638 899 1668 919 se
1690 892 1778 926 ipsum

149 936 329 971 animumque
343 937 452 965 vicisset
469 947 476 964 :
495 942 542 965 aut
574 938 596 966 si
629 939 669 966 vel
692 939 823 966 auxilium
842 940 1029 974 implorantem
1062 938 1194 965 Adrastus
1210 938 1365 973 repulisset,
1380 939 1420 965 vel
1434 939 1550 965 Adrasto
1565 946 1595 965 se
1612 939 1736 966 comitem
1749 945 1782 966 ac

149 981 274 1012 socium,
292 989 382 1016 neque
397 982 596 1017 Amphiaraus,
612 993 699 1019 neque
718 984 842 1020 Tydeus,
856 993 944 1020 neque
963 985 1061 1012 ducum
1079 985 1192 1011 aliorum
1221 984 1530 1020 quisquam-adjungcre
1552 985 1681 1012 voluisset
1696 994 1702 1012 ε
1734 987 1782 1012 aut

150 1028 172 1055 si
184 1035 281 1056 eorum
307 1029 436 1057 societate
459 1030 613 1065 impetrata,
632 1040 757 1060 reversus
783 1033 809 1059 in
829 1033 955 1068 patriam,
974 1041 1072 1060 manus
1088 1040 1149 1059 cum
1166 1032 1250 1060 fratre
1267 1040 1320 1059 non
1350 1032 1544 1064 conseruisset,
1569 1032 1614 1059 sed
1631 1033 1721 1066 potius
1738 1031 1781 1058 vel

150 1076 220 1104 facta
233 1085 299 1112 pace
312 1077 340 1104 in
354 1078 429 1113 regni
449 1086 510 1105 cum
525 1087 557 1106 eo
574 1080 730 1108 societatem
748 1081 885 1114 venisset,
911 1081 953 1108 vel
971 1080 1059 1109 eidem
1081 1080 1242 1115 repugnanti
1270 1080 1341 1106 ultro
1360 1079 1506 1113 cessisset,
1528 1078 1648 1114 Euripidi
1667 1079 1781 1106 obsecu-

150 1129 196 1151 tus
214 1124 288 1151 bunc
301 1124 328 1151 in
348 1124 457 1152 modum
474 1125 660 1160 praecipienti:

157 1181 320 1214 ’.ἀσύνετος
333 1180 359 1207 δ’
375 1178 467 1215 ἦλθες
483 1181 533 1208 καὶ
547 1182 598 1213 σὺ,
616 1182 776 1216 πορθήσων
793 1183 924 1218 πάτραν-⁸

1034 1171 1150 1199 Vesanus
1164 1171 1245 1198 etiam
1258 1171 1353 1205 pati-ite
1368 1177 1504 1205 oppressor
1518 1169 1606 1202 venis;

150 1238 167 1273 ἢ
187 1239 211 1264 et
224 1235 300 1270 οὗτος
313 1238 362 1273 μὲν
378 1238 425 1274 μὴ,
437 1239 452 1265 ὁ
462 1238 484 1265 δ’
497 1239 661 1276 ἓτερος,τῶν
672 1240 848 1276 Εὐριπιδείων
858 1240 940 1267 ἁκοΰ-
952 1233 956 1237 ”

151 1293 202 1315 σας
215 1285 439 1320 σοφιστευμάτων
452 1285 564 1312 ἐκείνων
581 1285 635 1312 τῶν
650 1285 746 1312 ἄλλων·

149 1375 211 1402 Εἶθ’
226 1376 311 1409 ἥλιος
320 1375 379 1410 μὲν
390 1376 449 1409 νύξ
460 1385 492 1404 τε
506 1376 661 1403 δουλεύειν
670 1377 801 1410 βροτοῖς,

151 1411 196 1439 Σὺ
207 1411 234 1437 δ’
246 1412 301 1437 οὐκ
316 1411 410 1446 ἀνέξῃ
428 1412 568 1446 δωμάτων
578 1411 660 1446 ἔχειν
676 1412 762 1444 feror,-

151 1466 217 1498 Πῶς
242 1466 274 1493 ἂν
300 1467 447 1499 συστάντες
463 1467 606 1503 ἐμάχοντο,
629 1468 676 1494 καὶ
688 1468 771 1494 Λαΐου
795 1469 849 1496 πᾶν
865 1469 943 1505 δῶμα

152 1513 202 1548 ἐστι
220 1514 254 1540 δι’
267 1514 399 1549 αῖματοςς
423 1514 503 1541 Ἀλλὰ
522 1514 592 1550 μὴν,
614 1515 720 1550 φήσεις,
735 1516 830 1549 γέγονε
845 1515 942 1543 ταῦτα.

152 1560 278 1594 Γέγονεν.
297 1559 378 1586 Ἀλλὰ
393 1561 425 1587 σὺ
441 1561 506 1596 ποίᾳ
521 1561 572 1597 ὁδῷ
584 1562 707 1597 εἰσῆλθες
719 1564 758 1595 εἰς
773 1562 820 1599 τήν
841 1563 942 1590 τούτων

152 1604 273 1638 εἷδησιν;
291 1605 327 1631 Ἦ
339 1605 388 1640 οὐχ
402 1606 478 1640 ὁρᾷς,
494 1605 532 1637 ὡς
555 1607 644 1634 πυκνὰ
664 1607 809 1643 διακέκοφε
830 1609 860 1635 τὸ
875 1609 943 1636 ὅλων

151 1650 246 1685 δρᾶμα
258 1652 275 1686 ἡ
290 1651 319 1677 ἐν
331 1652 396 1686 ἡμῖν
414 1652 471 1684 τοῖς
482 1656 492 1670 ³
510 1651 539 1678 τὸ
553 1652 643 1688 δρᾶμα
654 1654 851 1690 συμπληροῦσα
865 1654 943 1681 δύνα-

154 1705 221 1731 μις;
239 1696 372 1733 Οὖτωδὴ
391 1698 438 1724 καὶ
460 1699 492 1733 ἦν
509 1698 597 1733 βούλει
616 1699 743 1726 ὑπόθεσιν
758 1700 862 1732 λαϐὼν,
884 1701 943 1728 δια-

152 1743 229 1778 τεμῶ
242 1743 288 1769 τὸν
306 1743 400 1778 εἱρμὸν
415 1744 501 1779 ὑμῶν,
523 1744 653 1779 ἀποφανῶ
671 1754 701 1771 τε
724 1745 852 1772 ἀδύνατον
868 1745 941 1773 ὅντα.

159 1788 242 1815 una:
255 1789 289 1815 σὺ
306 1789 340 1815 τὰ
350 1791 400 1825 τῆς
411 1790 563 1822 ὑποθέσεως
579 1790 680 1825 ἔσχατα
698 1791 796 1818 εἰδέναι
809 1791 911 1826 λέγεις·
926 1791 942 1827 ή

153 1834 182 1860 δὲ
195 1833 324 1865 ὑπόθεσις
336 1835 367 1878 ἐξ
381 1834 511 1870 διακοπῆς
521 1834 617 1869 εὶρμοῦ
629 1836 769 1870 δυνάμεως
783 1836 833 1870 ὅλη
852 1836 944 1863 συντὲ-
956 1854 977 1882 η

152 1888 263 1907 τακται.
279 1881 314 1907 Ἢ
325 1880 339 1906 ὃ
350 1881 420 1914 λέγω
431 1881 460 1907 οὺ
476 1881 574 1913 συνιείς
588 1882 618 1914 b;
642 1882 720 1909 Ἀλλὰ
744 1883 803 1909 καθ’
826 1884 943 1920 ἑκάστην

153 1925 294 1958 ὑπόθεσιν,
311 1922 332 1952 ὦ
346 1926 435 1959 μάντι,
448 1926 482 1953 τὰ
497 1926 564 1959 ζῶα,
580 1927 596 1962 ἦ
611 1927 702 1962 ὀλίγας
717 1928 844 1961 πολλάκις
857 1929 944 1965 ἀρχὰς

153 1972 306 2006 ποιούμενα
320 1971 386 2006 (79),
402 1971 418 2007 ἦ
433 1972 532 2004 πολλὰς
549 1974 577 2000 ἐν
591 1973 671 2009 αὐτῇ.
686 1974 718 1999 Αἱ
736 1974 764 1999 δὲ
788 1975 871 2009 ἀρχαὶ
889 1975 941 2007 ἀεὶ,

151 2017 188 2044 τὰ
206 2017 304 2053 μέχρις
317 2018 406 2044 αὐτῶν
436 2018 608 2054 διακόψασαι,
633 2019 702 2046 αὐτὰ
721 2020 787 2046 ἄλλα
802 2020 856 2056 (80)
878 2030 945 2057 προ-

153 2063 252 2097 άγουσι
270 2063 428 2098 πράγματα·
447 2064 481 2090 τὰ
496 2064 518 2091 δ’
532 2066 578 2091 ἐπὶ
592 2065 716 2092 τοσοῦτον
735 2068 885 2102 προχωρεῖν
901 2067 945 2094 δύ-

153 2118 244 2142 ναται,
253 2110 298 2143 ἐφ’
307 2110 369 2136 ὅσον
382 2109 428 2135 ἐὰν
441 2109 477 2145 μὴ
488 2109 542 2145 (81)
551 2111 615 2147 ἄλλη
625 2111 705 2138 ποθὲν
719 2112 853 2139 ἐπιστᾶσα
864 2113 945 2148 ἀρχὴ,

153 2155 188 2182 τὰ
210 2156 270 2191 μετ’
287 2156 370 2191 αὐτὴν
383 2157 420 2191 μὴ
441 2157 496 2188 τοῖς
515 2156 670 2192 ἔμπροσθεν
692 2157 864 2191 ἀκολουθεῖν,
889 2159 946 2185 ἀλλ’

155 2202 240 2237 ἑαυτῇ
256 2201 382 2238 κελεύσῃ.
400 2202 449 2237 Εἴη
463 2202 485 2229 δ’
502 2203 534 2229 ἂν
549 2203 630 2238 ἀρχὴ,
644 2205 691 2230 καὶ
705 2204 774 2238 ὄνος,
794 2205 839 2231 καὶ
860 2204 942 2237 κύων,

154 2248 204 2274 καὶ
214 2247 302 2282 oena
312 2256 319 2262 '
337 2248 367 2274 οὑ
380 2247 434 2284 γὰρ
447 2250 612 2284 παραιρήσει
632 2249 693 2276 οὐδὲ
708 2251 755 2286 τῆς
767 2250 884 2286 ψύλλης,
908 2252 945 2287 μὰ

154 2294 201 2321 τὸν
223 2294 353 2326 Ἀπόλλω,
370 2294 420 2330 τὴν
432 2295 570 2328 ἐξουσίαν·
589 2296 646 2323 ἀλλ’
666 2297 782 2332 ὁρμήσει
802 2298 862 2324 τινὰ
878 2298 945 2324 ἰδίαν

154 2341 244 2377 ὁρμὴν
258 2341 275 2375 ἡ
290 2339 387 2375 ψύλλα,
403 2341 431 2376 ἣ,
445 2342 492 2367 καὶ
506 2343 562 2373 τοῖς
585 2342 763 2378 ἀνθρωπίνοις
789 2344 946 2379 πράγμασιν

155 2386 242 2412 ἐνίοτε
258 2385 458 2420 συμπλακεῖσα,
473 2387 559 2422 ἀρχὴν
581 2387 678 2423 ἑαυτὴν
704 2387 852 2423 παρέξεταί
875 2397 946 2420 τινος

155 2430 227 2458 ὀδοῦ.
245 2431 281 2457 Σὺ
295 2431 324 2457 δὲ
336 2431 476 2467 χρώμενος
492 2432 542 2458 οὐκ
556 2432 636 2468 αῑσοῃ
654 2432 693 2468 τῷ
706 2433 779 2467 γένει
796 2433 892 2468 τούτῳ.

991 1234 1040 1257 aut
1059 1229 1082 1257 si
1097 1236 1151 1256 non
1170 1229 1214 1256 ille
1236 1227 1360 1264 quidem,
1378 1227 1424 1255 sed
1445 1226 1530 1254 frater
1550 1226 1640 1261 potius
1656 1233 1739 1261 regno
1753 1233 1782 1253 se

992 1277 1156 1308 abdicasset,
1174 1275 1235 1303 aliis
1251 1275 1326 1302 hisce
1343 1273 1464 1309 ejusdem
1483 1277 1569 1308 poeta:
1582 1272 1725 1308 praestigiis
1738 1272 1780 1299 fa—

993 1327 1127 1355 scmatus,

1029 1378 1186 1406 Hominibus
1199 1386 1260 1413 ergo
1277 1377 1365 1412 solque
1379 1383 1481 1413 noxque
1496 1375 1621 1413 serviant,

1029 1415 1125 1441 Parem
1142 1415 1195 1448 ipse
1210 1409 1366 1448 quemquam
1383 1409 1451 1446 ferre
1468 1419 1518 1438 non
1531 1411 1614 1446 possis
1630 1409 1713 1436 domi.

993 1468 1136 1502 Quomodo
1150 1466 1260 1494 tandem
1277 1471 1324 1493 aut
1340 1465 1462 1500 praelium
1475 1465 1545 1492 inter
1562 1472 1591 1492 se
1608 1464 1688 1491 ambo
1704 1471 1783 1491 com~

993 1513 1149 1545 misissent,
1162 1516 1208 1539 aut
1220 1511 1353 1546 sanguine
1368 1510 1464 1537 obruta
1474 1509 1531 1537 Laii
1546 1509 1643 1537 domus
1657 1509 1782 1536 universa

992 1551 1135 1596 periisset?
1154 1558 1346 1586 Verumtamen
1381 1557 1449 1588 haec,
1464 1556 1565 1591 inquis,
1583 1555 1674 1582 omnia
1694 1554 1782 1590 reipsa

993 1606 1139 1640 contigere.
1169 1604 1298 1632 Omnino.
1330 1602 1383 1630 Sed
1409 1610 1502 1638 quaero
1528 1609 1616 1633 nunc,
1638 1608 1691 1635 qua
1704 1605 1732 1627 tu
1748 1600 1783 1627 ad

993 1659 1084 1680 rerum
1099 1652 1213 1678 istarum
1229 1649 1442 1685 praesensionem
1457 1648 1579 1682 aspirare
1593 1648 1635 1674 via
1650 1647 1781 1682 potueris.

993 1696 1052 1724 Non
1078 1697 1154 1724 vides
1177 1703 1258 1731 quam
1278 1702 1348 1730 saepe
1370 1698 1453 1721 totam
1475 1693 1594 1721 fabulam
1614 1692 1785 1728 interceperit

993 1751 1036 1776 ea,
1053 1751 1114 1778 quae,
1128 1750 1190 1769 vere
1202 1741 1321 1769 fabulam
1336 1742 1363 1768 in
1379 1741 1459 1768 nobis
1471 1745 1591 1775 potestas
1605 1739 1718 1774 implet?
1731 1739 1785 1774 Ego

993 1797 1068 1822 vero,
1085 1789 1268 1824 quodcunque
1284 1791 1312 1814 tu
1327 1791 1516 1823 argumentum
1534 1786 1676 1821 delegeris,
1690 1785 1784 1813 eadem

996 1834 1125 1862 facilitate
1156 1841 1254 1860 nexum
1280 1833 1353 1859 hunc
1371 1836 1490 1859 vestrum
1506 1831 1641 1864 incidam,
1664 1838 1714 1857 nec
1731 1830 1785 1857 ullo

995 1881 1075 1908 modo
1090 1885 1162 1908 stare
1176 1888 1256 1915 posse
1269 1879 1441 1906 convincam.
1475 1877 1552 1904 Dicos
1566 1877 1717 1913 argumenti
1733 1885 1784 1903 no-

993 1927 1105 1954 vissima
1121 1926 1260 1960 explorata
1278 1925 1324 1951 tilti
1350 1931 1381 1951 ac
1396 1927 1534 1958 perspecta
1557 1930 1617 1950 esse
1637 1932 1644 1950 :
1662 1923 1735 1957 atqui
1752 1930 1786 1950 ex

996 1973 1077 2008 hujus
1091 1979 1199 2006 quoque
1213 1978 1299 1997 nexus
1315 1970 1466 2002 interrupta
1479 1968 1503 1994 vi
1516 1973 1706 2003 argumentum
1718 1968 1784 1995 illud

998 2021 1155 2048 universum
1168 2023 1260 2053 aptum
1279 2022 1330 2045 est.
1351 2017 1390 2043 An
1408 2016 1494 2048 forte,
1513 2015 1577 2050 quid
1596 2014 1683 2041 dicam
1695 2034 1702 2045 ,
1730 2020 1785 2040 non

997 2066 1145 2102 intelligis?
1163 2065 1304 2092 Eksistunt
1323 2064 1468 2095 nimirum,
1484 2062 1554 2089 bone
1567 2064 1657 2092 vates,
1673 2059 1707 2086 ab
1720 2059 1788 2093 ipsis

998 2113 1181 2140 animantibus
1206 2111 1233 2138 in
1258 2110 1355 2145 quovis
1378 2111 1540 2144 argumento
1558 2106 1634 2133 initia
1649 2105 1784 2140 quaedam,

998 2159 1126 2194 pauciora
1140 2164 1347 2191 nonnunquam,
1362 2155 1550 2188 interdumque
1562 2153 1650 2187 plura.
1672 2149 1723 2178 Ubi
1737 2158 1787 2177 au-

998 2212 1051 2233 tem
1068 2213 1099 2232 ea
1115 2211 1205 2231 rerum
1219 2203 1251 2230 ad
1265 2210 1325 2230 sese
1335 2200 1528 2237 pertinentium
1543 2197 1739 2226 connexionem
1753 2204 1788 2224 ac

998 2251 1095 2279 seriem
1110 2249 1310 2280 interciderint.
1337 2249 1457 2283 ipsarum
1473 2253 1582 2282 quoque
1598 2244 1718 2272 rationes
1737 2251 1787 2270 na—

1000 2302 1144 2332 turamque
1162 2300 1279 2323 mutant.
1300 2295 1407 2322 Eaedem
1424 2301 1505 2328 porro
1518 2297 1630 2320 eatenus
1642 2290 1787 2318 'duntaxat

1000 2343 1123 2378 progredi
1150 2346 1292 2377 poterunt,
1316 2341 1379 2368 dum
1405 2339 1568 2375 principium
1591 2338 1663 2365 aliud
1678 2336 1791 2364 aliunde

1000 2389 1102 2416 nullum
1120 2389 1237 2423 ingruet,
1255 2386 1329 2422 quod
1349 2394 1454 2419 secum,
1478 2393 1531 2413 non
1554 2390 1644 2412 autem
1661 2391 1721 2412 cum
1740 2391 1787 2410 su-

1000 2433 1152 2469 perioribus
1167 2433 1308 2468 sequentia
1320 2432 1456 2459 cohaerere
1468 2430 1572 2465 jubeat.
1589 2429 1670 2464 260
1685 2428 1787 2464 Finga-

155 2486 218 2505 mus
226 2486 291 2512 ergo
305 2477 415 2512 aliquod
430 2477 563 2512 ejusmodi
578 2478 740 2513 principium
751 2487 811 2507 esse
824 2480 944 2513 asinum,
963 2487 1068 2511 canem,
1087 2479 1220 2514 pulicem;
1239 2484 1327 2512 neque
1344 2476 1428 2506 enim.
1452 2483 1499 2510 per
1524 2475 1687 2510 Apollinem,
1708 2482 1791 2502 suam

155 2526 199 2552 vel
227 2526 309 2560 puliei
331 2526 486 2553 facultatem
511 2530 538 2553 et
559 2525 717 2554 instinctum
742 2527 841 2562 eripias

866 2536 873 2554 :
893 2536 943 2555 suo
961 2528 1019 2562 ipse
1035 2534 1144 2562 quoque
1168 2534 1200 2553 ac
1219 2525 1329 2560 proprio
1345 2523 1446 2551 feretur
1471 2523 1585 2557 impetu,
1606 2521 1728 2556 adeoque
1743 2529 1787 2549 re-

157 2574 209 2600 ltus
220 2581 415 2609 nonnunquam
426 2573 553 2601 humanis
565 2574 721 2609 implicitus,
733 2575 874 2610 cujusdam
888 2583 947 2602 sese
967 2575 1015 2602 vizr.
1029 2575 1126 2602 ducem
1144 2572 1363 2609 principiumque
1383 2570 1540 2598 constituet.
1563 2569 1603 2597 Tu
1625 2574 1715 2597 autem
1737 2569 1787 2598 hoc

157 2622 208 2648 abs
223 2626 247 2648 te
262 2628 371 2656 quoque
394 2619 553 2647 animalium
577 2628 675 2655 genere
697 2621 804 2649 consuli
827 2629 880 2649 non
904 2621 1041 2657 intelligis.

195 2696 207 2711 ι·
222 2691 266 2717 ἵσ.
288 2691 388 2723 αὐτοῖς.
423 2691 437 2711 b
454 2690 497 2718 ῑσ.
516 2690 619 2725 συνίης.

194 2760 252 2795 (78)
273 2760 344 2797 '076‘
358 2761 413 2797 ei»;
434 2761 555 2796 ἑπεθύμ.
576 2761 613 2788 De
637 2760 765 2797 Polynice
780 2761 830 2788 ista
850 2761 948 2789 dicun-

159 2801 214 2826 tur,
232 2803 286 2836 non
302 2796 335 2823 de
353 2795 467 2836 (Edipo,
480 2795 630 2832 quinescio
643 2795 697 2831 quo
711 2802 789 2831 pacto
806 2798 832 2823 in
845 2798 950 2824 versio-

160 2839 220 2858 nem
242 2832 390 2865 irrepserit.

195 2866 251 2899 (79)
265 2867 442 2901 Ποιούμενα,
457 2866 624 2895 Subauditur
639 2865 722 2899 ἐστίν,
736 2871 782 2894 aut
794 2866 829 2894 al.
846 2867 945 2894 simile.

197 2901 254 2936 (80)
269 2902 351 2928 Αὺτὰ
373 2901 462 2929 ἄλλα.
476 2902 637 2937 Legebatur,
655 2902 750 2937 opinor
773 2903 800 2929 in
815 2901 861 2929 alt.
881 2911 945 2935 ιιιδ.⁷

1002 2761 1082 2788 αὑταὶ
1105 2760 1187 2791 ἄλλα,
1210 2760 1256 2787 sed
1279 2764 1446 2794 postremum
1470 2765 1634 2788 elementum
1657 2759 1786 2787 abrasum

1001 2802 1052 2824 est.
1079 2795 1239 2830 Utrumque,
1267 2803 1329 2822 meo
1350 2795 1453 2830 judicio
1475 2801 1597 2829 rectum;
1623 2794 1671 2823 sed
1697 2799 1796 2823 tamen.

1001 2831 1070 2861 αὺτά
1082 2831 1167 2863 magis
1180 2831 1319 2865 probatur.

1035 2866 1090 2903 (8t)
1110 2864 1243 2900 Ἓὰνέμή.
1261 2865 1362 2900 Malim,
1378 2865 1410 2893 ἂν
1427 2866 1475 2902 μή.
