2063 3211
285 164 336 192 ηδ

283 220 305 257 ρ
322 219 412 253 Lorre,
430 220 584 249 Herculeam
603 224 672 257 [erro
689 223 813 250 Trichina
829 226 906 252 ruistt
922 233 931 252 :

280 253 403 294 luppiter
419 257 473 291 ipse
488 266 577 292 gravet
594 253 664 284 ultra
678 267 724 292 pro
738 260 845 287 crimine
858 268 946 293 pinna:

285 332 356 366 Quid
369 333 428 360 ais?
453 332 511 360 Non
526 333 663 361 decretum
688 334 714 361 id
737 333 785 361 fati
807 343 823 362 a
843 335 921 364 vobis
941 341 1017 368 erat,
1033 337 1071 364 uti

285 379 474 407 everteretur?
497 387 560 406 num
580 380 662 415 hujus
681 385 808 408 auctores
834 383 930 409 excidii
958 382 1070 414 fuimus.

251 451 253 454 ,
286 433 318 453 ac
333 433 387 452 non
405 426 494 460 potius
510 431 600 453 vestra
625 427 669 453 illa
686 427 854 454 necessitas?
867 427 1018 462 lujuriosus
1030 436 1069 459 es.

287 477 304 498 ο
319 471 430 505 Apollo,
454 478 505 498 nec
521 478 614 498 verum
635 476 677 499 est
699 479 793 507 poenas
809 471 858 498 abs
874 477 899 500 te
914 473 1007 505 nobis,
1025 473 1071 507 qui

286 516 353 543 nihil
367 517 550 551 peccavimus,
563 516 689 553 irrogari.
718 517 786 545 Nam
801 523 892 546 vester
904 518 1012 553 quidem
1029 519 1072 546 ille

284 561 388 596 Jupiter
403 563 470 595 (illa,
486 562 608 598 inquam,
618 564 787 592 necessitatis
796 569 892 592 vestrae
900 565 1071 598 necessitas),

284 616 414 643 quorsum
433 609 460 635 in
476 616 537 640 nos,
555 617 587 636 ac
601 616 655 636 non
672 610 773 644 potius,
800 611 910 646 quando
927 618 1021 645 pinnas
1040 611 1072 637 li-

284 654 328 681 bet
343 654 460 688 exigere,
473 654 499 680 in
512 662 541 681 se
554 654 644 689 ipsum
655 655 862 688 animadvertat,
876 655 922 690 qui
937 655 1071 690 ejusmodi

284 707 343 727 esse
359 700 547 727 necessitatem
563 700 732 727 ostenderit?
757 701 893 734 Quorsum
908 709 973 728 Vero
994 702 1072 729 uobis

285 747 425 775 minatur?
441 755 572 782 quorsum
590 748 651 782 ipsi,
667 748 745 782 quasi
758 756 789 775 ea
807 756 850 776 res
865 750 1007 783 potestatis
1024 757 1073 776 no-

284 798 346 821 strae
358 793 450 825 fuerit,
469 793 539 820 fame
551 793 787 821 contabescimus?
803 784 1070 828 Cmterum‘ersdem

285 839 401 866 civitatis
415 839 515 873 aliquid
531 845 578 866 aut
594 847 608 866 a
622 839 700 866 nobis
715 840 924 873 instaurabitur,
935 844 983 867 aut
997 848 1050 868 non
1063 850 1070 868 :

617 163 750 192 EUSEBH
767 162 1009 191 CASSARIENSIS
1028 162 1102 191 OPP.
1122 163 1212 192 PARS
1232 165 1263 193 ΙΙ.
1286 181 1319 186 -
1336 166 1573 196 APOLOGETICA

1087 227 1108 255 Α
1123 225 1232 262 Τριχῐνπ
1245 225 1362 262 ἐξεῖλες
1375 226 1430 262 (82)
1444 227 1533 262 πόλιν
1553 227 1714 262 Ἡρακλῆος
1725 230 1817 262 θείου,

1849 172 1902 199 ΗΛ

1123 257 1156 286 Ὦ
1167 257 1270 294 Ᾰοκρέ·
1287 261 1336 288 σοὶ
1349 257 1383 288 δέ
1395 257 1469 295 Ζεὺς
1479 257 1596 295 (illac-
1609 257 1677 290 86m;
1689 257 1791 297 1f8“£u
1806 257 1905 292 δώσει.

1122 338 1155 364 Τί
1166 338 1236 374 φῄςς
1254 339 1284 366 οὺ
1300 339 1355 375 γὰρ
1370 340 1512 376 ἐπέπρωτο
1525 341 1570 375 ὑφ’
1584 341 1659 376 ὑμῶν
1675 342 1846 378 ἐξαιρεθῆναι
1858 344 1908 370 αύ-

1121 385 1170 417 τήν
1181 392 1188 415 ;
1203 384 1251 410 καὶ
1264 383 1291 410 τί
1302 383 1382 410 αἴτιοι
1393 385 1481 419 ἡμεῖς,
1499 384 1555 411 ἀλλ’
1565 385 1640 420 οὺχὴ
1657 385 1776 420 ὑμετέρα
1787 385 1904 421 ἀνάγκης

1122 429 1159 455 Οὐ
1176 429 1267 454 δίκαια
1282 430 1377 459 ποιεῖς,
1396 425 1418 454 ὦ
1435 428 1580 460 Ἀπολλον,
1595 428 1648 454 οὐδ’
1669 428 1756 464 ὀρθῶς
1779 429 1906 463 ἐπιτιμᾷς

1122 475 1178 505 τοῖς
1189 473 1265 500 οὐδὲν
1280 472 1417 499 ἀδικοῦσιν
1431 473 1508 508 ἡμῖν.
1532 473 1560 499 '0
1572 472 1600 498 δὲ
1623 471 1691 503 Ζεὺς
1708 468 1785 503 οὗτος
1796 492 1803 504 ,
1819 473 1835 507 ἠ
1856 471 1906 505 τῆς

1122 519 1258 554 ὑμετέρας
1275 518 1396 553 ἀνάγκης
1419 518 1535 553 ἀνάγκη,
1554 517 1580 543 τί
1601 517 1673 552 ἡμᾶς
1693 517 1830 548 τίννυται,
1849 516 1907 544 ἀλλ’

1121 565 1172 591 οὐκ
1187 564 1283 600 (εἴπερ
1293 564 1360 599 ἄρα)
1375 563 1479 593 ἑαυτὸν,
1487 563 1528 590 ὅτι
1541 563 1668 598 τοιαύτην
1678 562 1829 594 κατέδειξεν
1839 561 1907 588 εἶναι

1122 610 1170 646 τὴν
1185 610 1324 645 ἀνάγκηνς
1342 609 1374 636 Τί
1391 609 1418 636 δὲ
1433 610 1480 636 καὶ
1490 609 1596 636 ἀπειλεί
1606 610 1669 644 ἡμῖν
1682 617 1688 640 ;
1704 608 1720 643 ἢ
1733 608 1759 634 τί
1773 608 1861 643 ἡμεῖς,
1870 607 1908 638 ὡς

1122 657 1198 688 ὅντες
1214 655 1309 682 τούτου
1320 655 1420 690 κύριοι,
1439 655 1623 690 λιμώττομενς
1649 654 1728 681 Ἀλλὰ
1747 655 1793 681 καὶ
1814 653 1840 680 εἴ
1848 662 1874 680 τι
1894 653 1907 672 1³

1122 701 1341 737 ἁνοικισθήσεται
1353 702 1421 737 πρὸς
1435 701 1523 736 ἡμῶν,
1541 702 1558 736 ἦ
1576 700 1620 727 οὕι
1642 701 1769 737 ὁπότερον
1785 700 1807 726 8‘
1825 700 1858 726 ἂν
1878 698 1907 736 ᾗ,

1122 750 1200 776 τοῦτο
1214 750 1367 785 πέπρωται.
1387 748 1473 784 Λῆξον
1486 748 1528 784 δὴ,
1546 745 1568 774 ὦ
1583 747 1634 774 Ζεῦ
1650 747 1784 782 λιμοποιὲ,
1799 747 1845 773 τοῦ
1862 746 1910 772 θυ-

1125 795 1191 830 μοῦ·
1211 795 1268 821 ἔστι
1290 794 1343 829 γὰρ
1371 794 1384 820 ὃ
1416 794 1568 829 πέπρωται,
1591 793 1637 820 καὶ
1656 792 1734 819 τοῦτο
1762 791 1911 827 προστέτα-

1124 850 1184 868 κται
1199 843 1284 867 ποιεῖν
1298 842 1312 867 ὁ
1329 841 1373 872 σὸς
1388 840 1489 876 εἱρμός·
1507 841 1586 875 ἡμεῖς
1601 840 1628 866 δὲ
1642 839 1710 874 πρὸς
1724 838 1817 865 τοῦτον
1833 837 1909 864 οὐδέν

284 889 375 912 utrum
392 890 480 912 autem
493 885 610 917 eveniat,
624 885 650 912 in
665 884 727 912 fatis
739 885 794 919 jam
809 891 861 913 est.
881 885 979 913 Desine
996 893 1071 920 ergo,

1125 888 1216 922 ἐσμεν.
1224 886 1330 914 Παῦσαι
1337 887 1364 913 δὲ
1373 887 1419 913 καὶ
1431 887 1473 918 σὺ,
1485 883 1506 912 ὦ
1519 885 1659 917 Ἄπολλον,
1669 885 1768 919 μάταια
1778 893 1906 920 χρησμῳ-

283 930 389 964 Jupiter
408 930 488 958 famis
504 931 661 963 architecte,
688 931 797 966 gravius
814 932 904 959 irasci.
929 932 975 959 Est
999 932 1071 959 enim

284 976 322 1009 id,
338 976 409 1010 quod
427 981 454 1003 ut
469 980 552 1010 esset,
570 975 654 1003 fatum
668 976 728 1009 fuit,
747 983 829 1012 atque
840 978 865 1004 id
883 983 945 1006 tuus
963 978 1012 1006 iste
1027 986 1075 1005 ne-

1125 933 1176 960 δῶν
1188 942 1194 948 -
1208 933 1282 959 ἔσται
1297 932 1361 968 γὰρ,
1376 933 1390 959 ὃ
1403 932 1435 967 δὴ
1451 932 1537 964 ἔσται,
1555 931 1606 958 κᾶν
1624 931 1656 957 σὺ
1675 931 1790 965 σιωπᾷς.
1815 930 1910 965 Ἡμεῖς

1125 979 1164 1010 δὲ,
1180 976 1202 1005 ὦ
1215 978 1265 1005 Ζεῦ
1278 978 1325 1005 καὶ
1339 978 1482 1008 Ἄπολλον,
1496 978 1522 1004 τί
1538 976 1677 1012 πάθωμεν,
1693 976 1769 1002 οὐδὲν
1779 975 1853 1006 ὀντες
1864 976 1908 1002 αἴ-

284 1030 335 1050 xus
349 1023 476 1057 perlicere
490 1023 584 1056 jussus
599 1027 658 1050 est:
675 1031 724 1050 nos
743 1031 805 1051 vero
815 1043 822 1055 ,
839 1024 861 1051 si
874 1032 935 1052 cum
948 1032 980 1052 eo
997 1031 1073 1051 com-

1125 1033 1176 1050 τιοι
1192 1024 1242 1059 τῆς
1253 1024 1388 1059 ὑμετέρας
1405 1023 1616 1058 νομοθετήσεως,
1640 1022 1777 1049 τουτέστιν
1793 1022 1911 1055 ἀναγκας

284 1069 437 1101 mittamur,
455 1069 522 1096 nulli
539 1077 646 1096 sumus.
669 1069 708 1096 Tu
722 1077 842 1104 quoque,
858 1070 963 1104 Apollo,
973 1070 1073 1097 frustra

1126 1071 1276 1106 θετήσεως;
1292 1070 1324 1097 Τί
1340 1070 1362 1096 8‘
1383 1070 1447 1104 ἡμῖν
1460 1070 1507 1095 καὶ⁹
1524 1070 1584 1100 ταῖς
1599 1068 1744 1103 ὑμετέραις
1760 1067 1837 1099 ἄταις
1849 1087 1856 1099 ,
1877 1066 1910 1098 ἃς

284 1114 426 1141 vaticinari
439 1114 541 1142 desine.
562 1114 620 1142 Erit
634 1115 704 1142 enim
722 1115 747 1142 id
764 1115 895 1150 profecto,
906 1117 978 1151 quod
996 1116 1071 1143 futu-

1126 1117 1203 1143 αὐτοὶ
1216 1116 1287 1151 ἔχειν
1299 1115 1396 1142 δίκαιοί
1411 1116 1481 1147 ἐστε,
1493 1115 1562 1150 ὑπὲρ
1582 1111 1620 1140 ὦν
1641 1114 1721 1149 ἡμεῖς
1736 1112 1910 1148 ἡναγκάσθη-

284 1168 346 1187 rum
364 1165 421 1192 est,
439 1166 467 1188 ut
482 1161 600 1188 maxime
614 1162 740 1189 tacueris.
769 1161 823 1189 Nos
835 1167 942 1194 autem,
957 1161 1071 1198 Jupiter,
1128 1171 1194 1198 μεν;

284 1212 368 1243 tuque
396 1209 504 1242 Apollo,
523 1209 587 1244 quid
612 1216 743 1244 agamus,
760 1209 806 1244 qui
832 1210 906 1237 nullo
922 1210 1003 1237 tnodo
1032 1211 1164 1245 imposita-
1177 1219 1192 1237 a
1205 1210 1281 1237 vobis
1296 1218 1349 1237 non
1365 1214 1418 1237 tam
1431 1209 1507 1245 legis,
1530 1217 1612 1244 quam
1642 1208 1810 1236 necessitatis
1827 1214 1910 1234 causa

282 1256 387 1283 simus?
406 1255 475 1288 Quid
492 1256 572 1284 uobis
595 1263 658 1283 cum
685 1256 782 1283 vestris
808 1257 860 1284 illis
877 1258 964 1292 poenis
994 1265 1025 1285 ac
1053 1257 1141 1290 furiis,
1159 1267 1226 1294 quas
1248 1258 1299 1292 ipsi
1320 1257 1452 1292 profecto,
1471 1257 1506 1283 ob
1527 1264 1569 1288 ea,
1596 1255 1696 1291 quibus
1717 1263 1765 1290 per
1787 1255 1841 1281 vim
1861 1253 1910 1282 ob-

283 1303 370 1330 stricti
387 1310 494 1336 sumus,
509 1302 579 1330 ferre
594 1303 692 1330 merito
708 1310 739 1329 ac
752 1303 886 1331 sustinere
897 1303 1037 1331 debeatis?

285 1360 325 1398 Ne
339 1369 392 1398 nos,
414 1360 506 1393 Oetaei,
524 1369 592 1389 meo
611 1370 681 1390 mens
695 1363 818 1398 improba
832 1367 904 1390 motu

282 1396 415 1430 Abripiat.
468 1400 472 1404 '

284 1441 365 1476 Atqui
391 1449 444 1468 non
472 1441 632 1471 festinamus
645 1464 652 1477 ,
674 1443 770 1478 Apollo
783 1464 790 1476 ,
818 1443 863 1471 sed
881 1443 1004 1479 agimur;
1022 1451 1072 1470 nec

285 1487 402 1514 amentia
415 1508 423 1521 ,
439 1488 485 1515 sed
500 1490 661 1517 necessitate
677 1494 775 1517 vestra.
796 1489 855 1516 Jam
873 1497 952 1522 vero,
971 1489 1072 1524 Lycur-

284 1540 365 1568 gum,
392 1534 505 1568 Apollo,
528 1535 593 1570 quid
610 1540 672 1569 est,
690 1536 868 1571 quamobrem
883 1536 920 1563 ita
933 1535 1072 1570 prmdices,

283 1579 330 1613 qui
348 1587 402 1606 non
419 1585 515 1614 sponte
536 1588 585 1608 sua
597 1601 604 1612 ,
629 1582 669 1608 vel
696 1582 853 1609 inductione
873 1580 957 1608 animi
973 1581 1074 1615 probus

283 1629 352 1657 erat,
367 1625 413 1652 sed
431 1625 510 1660 plane
526 1626 648 1654 invitus?
663 1627 685 1654 si
700 1631 791 1654 latuen
807 1627 910 1662 probus
928 1627 1072 1662 quisquam

284 1671 385 1698 invitus
398 1679 458 1698 esse
472 1675 571 1706 potest.
607 1672 723 1700 Perinde
749 1673 862 1700 omnino
886 1673 982 1708 agitis,
1004 1680 1036 1699 ac
1051 1673 1074 1699 si

284 1716 346 1751 quis
360 1717 496 1752 elegantes
514 1725 545 1744 ac
560 1717 696 1746 formosos
711 1719 834 1746 laudaret
850 1718 1023 1753 praemiisque
1035 1718 1076 1745 ai-

285 1761 386 1795 liceret,
401 1767 493 1798 turpes
508 1764 674 1798 vituperaret
688 1772 720 1791 ac
730 1765 847 1800 puniret.
865 1764 960 1792 Merito
976 1764 1075 1799 quippe

284 1808 362 1836 vobis
379 1808 494 1844 improbi
512 1809 652 1844 objiciunt,
680 1810 806 1844 virtutem
822 1811 873 1838 sibi
895 1818 943 1845 per
961 1818 1010 1838 vos
1025 1811 1076 1837 mi-

285 1855 359 1883 nime
370 1856 458 1883 colere
478 1856 600 1889 licuisse,
617 1856 671 1883 imo
686 1857 762 1884 vobis
775 1857 934 1892 cogentibus
949 1864 1009 1884 sese
1023 1856 1075 1883 im-

286 1903 387 1936 probos
413 1901 509 1929 fuisse.
539 1901 644 1930 Probos
658 1909 733 1935 vero,
752 1902 774 1930 si
789 1902 903 1930 nimium
916 1903 967 1929 sibi
980 1903 1074 1937 placu-

284 1948 372 1981 erint,
396 1956 476 1975 nemo
490 1948 558 1976 ferat
574 1958 581 1975 :
597 1948 651 1975 imo
667 1956 721 1976 non
735 1949 797 1983 jure
809 1949 957 1976 succlamet
976 1956 1073 1975 nemo:

284 1995 440 2030 Audi261
456 1995 505 2027 sis,
521 1995 680 2031 Chrysippe,
697 2000 790 2030 tuque.
804 2004 821 2023 ο
843 1996 999 2028 Cleanthes,
1014 2003 1077 2022 Vos-

285 2048 338 2075 que
352 2041 446 2068 circuli
471 2036 592 2077 ejusdem
609 2042 698 2069 cmteri
715 2042 802 2077 (vobis
815 2042 887 2069 enim
912 2042 1075 2076 probitatem

285 2087 461 2123 attribuitis);
487 2087 613 2122 equidem
635 2088 762 2115 virtutem
786 2089 881 2121 laudo,
911 2097 961 2116 vos
987 2094 1076 2116 tamen

285 2132 366 2159 etiam
388 2133 488 2160 virtute
503 2133 630 2167 przeditos
646 2142 701 2160 non
719 2134 811 2161 laudo.
847 2134 916 2168 Quin
929 2134 1075 2170 Epicurum

1125 1360 1243 1393 Οἰταῖοι,
1257 1359 1299 1395 μὴ
1311 1357 1448 1386 σπεύδετ“
1461 1358 1663 1392 ἀτασθαλίῃσι
1677 1358 1768 1384 νόοιο.

1131 1448 1199 1474 Ἀλλ’
1213 1448 1243 1474 οὐ
1256 1446 1417 1481 σπεύδομεν,
1439 1442 1461 1472 ὦ
1483 1445 1634 1476 Ἄπολλον,
1655 1444 1711 1471 ἀλλ’
1731 1443 1908 1478 ὲλαυνόμεθα,

1099 1517 1106 1526 ,
1124 1495 1184 1520 οὑδὲ
1201 1493 1383 1526 ἀτασθαλίαις,
1403 1491 1471 1519 ἀλλὰ
1493 1493 1526 1527 τῇ
1539 1492 1656 1527 ὑμετέρᾳ
1672 1491 1787 1525 ἀνάγκη.
1809 1490 1860 1516 Τὸν
1881 1490 1910 1516 δὲ

1124 1540 1280 1575 Λυκοῦργον
1294 1541 1395 1565 ἐκεῖνον
1407 1538 1475 1570 πῶς,
1487 1536 1509 1564 ὦ
1524 1537 1665 1569 Ἀπολλον,
1678 1538 1807 1569 ἐπαινεῖς,
1819 1536 1849 1568 ὃς
1859 1536 1910 1562 οὐκ

1123 1584 1156 1621 ἦν
1169 1585 1279 1620 ἀγαθὸς,
1291 1584 1352 1611 οὔτε
1363 1584 1444 1615 ἑκὼν,
1457 1583 1513 1610 οὗθ’
1529 1583 1664 1618 ἐλόμενος,
1678 1581 1744 1609 ἀλλὰ
1760 1581 1849 1613 ἄκων;
1871 1580 1911 1607 εἷ-

1125 1639 1176 1666 περ
1204 1639 1255 1656 που
1276 1631 1323 1657 καὶ
1341 1629 1445 1664 γίνεται
1468 1638 1511 1660 τις
1524 1628 1625 1663 ἀγαθὸς
1643 1627 1727 1654 ἄκων.
1750 1627 1840 1653 Ἐοικε
1854 1626 1884 1653 δὲ
1897 1626 1912 1652 ὃ

1125 1677 1173 1703 νῦν
1190 1678 1302 1708 ποιεῖτε,
1323 1676 1361 1708 ὡς
1377 1676 1458 1707 εἴτις
1470 1676 1532 1707 τοὺς
1551 1675 1599 1710 μὲν
1621 1674 1719 1705 καλοὺς
1741 1673 1776 1700 τὰ
1799 1672 1914 1708 σώματα

1126 1723 1249 1757 ἐπαινοίη
1266 1722 1312 1748 καὶ
1335 1722 1469 1758 γεραίροι,
1485 1721 1548 1752 τοὺς
1569 1720 1597 1746 δὲ
1619 1719 1748 1755 αἰσχροὺς
1770 1718 1848 1753 ψέγοι
1865 1717 1913 1744 καὶ

1125 1769 1243 1800 κολάζοι.
1259 1769 1354 1794 Δίκαια
1369 1768 1422 1803 γὰρ
1436 1768 1536 1794 εἴποιεν
1558 1765 1590 1793 ἂν
1609 1765 1676 1801 πρὸς
1691 1765 1762 1800 ὑμᾶς
1786 1765 1811 1790 οἱ
1828 1772 1913 1798 πονη-

1127 1816 1178 1850 ροὶ,
1192 1815 1244 1846 ὅτι,
1259 1814 1316 1840 οὐκ
1332 1812 1499 1848 ἐπετρέψατε
1512 1813 1588 1847 ἡμῖν,
1602 1808 1625 1838 ὦ
1639 1811 1705 1843 θεοὶ,
1718 1810 1829 1845 ἀγαθοῖς
1841 1809 1915 1844 γίνε-

1127 1861 1205 1887 σθαι·
1223 1860 1253 1886 οὐ
1277 1859 1355 1895 μόνον
1381 1858 1425 1890 δὲ,
1439 1857 1507 1885 ἀλλὰ
1521 1858 1568 1885 καὶ
1578 1856 1724 1884 ἐϐιάσασθε
1746 1854 1813 1882 εἶναι
1829 1863 1914 1890 πονη-

1127 1907 1207 1942 ρούς·
1223 1906 1248 1932 οἵ
1263 1914 1292 1932 τε
1309 1904 1416 1939 ἀγαθοὶ,
1431 1905 1456 1931 εἰ
1477 1903 1707 1940 ἐξηγκωνισμένοι
1727 1902 1913 1937 περιπατοίεν,

1127 1953 1176 1979 οὐκ
1195 1951 1334 1987 ἐπιτρέψει
1351 1960 1393 1982 τις
1405 1951 1506 1982 αὐτοῖς,
1520 1950 1587 1976 ἀλλὰ
1609 1950 1699 1984 φήσει·
1717 1946 1752 1974 τΩ
1767 1945 1914 1982 Χρύσιππιέ

1126 2007 1156 2024 τε
1173 1999 1220 2025 καὶ
1231 1997 1376 2030 Κλέανθες,
1392 1998 1439 2024 καὶ
1453 1997 1509 2023 ὅσοι
1522 1996 1616 2022 τούτου
1630 1995 1676 2021 τοῦ
1690 1993 1770 2029 χοροῦ
1781 2013 1789 2024 ,
1814 1993 1915 2027 (ὑμεῖς

1127 2043 1180 2079 γὰρ
1210 2043 1359 2078 πεποίησθε
1389 2040 1458 2069 εἶναι
1488 2041 1624 2076 ἀγαθοί’)
1654 2039 1708 2074 ἐγὼ
1737 2039 1784 2074 μὲν
1812 2037 1914 2073 ἀρετὴν

1127 2090 1241 2122 ἐπαινῶ,
1265 2090 1336 2125 ὑμᾶς
1352 2090 1379 2116 δὲ
1404 2090 1466 2121 τοὺς
1483 2087 1627 2122 ἐναρέτους
1640 2087 1690 2113 οὐκ
1703 2084 1815 2112 ἐπαινῶ.
1835 2082 1915 2110 Ἀλλὰ

1128 2136 1175 2162 καὶ
1190 2135 1234 2162 τὸν
1255 2135 1426 2170 Ἐπίκουρον,
1443 2134 1473 2161 ὂν
1489 2135 1520 2161 σὺ
1531 2133 1624 2165 πολλὰ,
1638 2129 1823 2168 ὣΧρύσιππε,
1836 2129 1915 2156 ὲὸλα-

286 2179 374 2212 illum,
388 2187 468 2214 quem
483 2184 510 2206 tu
521 2199 528 2211 ,
542 2179 693 2215 Chrysippe
709 2199 715 2211 ,
732 2181 800 2207 adeo
813 2182 986 2208 vehementer
1004 2181 1073 2208 iuse-

1131 2183 1287 2218 σφήμησας,
1305 2181 1360 2216 ἐγὼ
1375 2182 1407 2208 τό
1423 2189 1454 2215 γε
1471 2181 1516 2206 ἐπὶ
1531 2179 1572 2207 σοὶ
1588 2180 1688 2214 ἀφίημι
1704 2177 1757 2204 τῶν
1773 2175 1914 2211 ἐγκλημά-

286 2225 380 2258 ctaris,
399 2226 421 2252 si
437 2232 494 2252 rem
507 2225 561 2252 tuis
573 2232 606 2252 ex
623 2225 738 2252 decretis
751 2226 861 2258 deﬁnio,
879 2227 912 2253 ab
933 2226 1008 2253 omni
1023 2226 1076 2253 cri-

286 2272 360 2298 mine
375 2271 489 2298 liberum
506 2270 691 2306 pronuntiem.
723 2271 793 2304 Quid
807 2272 878 2298 enim
899 2275 1010 2306 ageret,
1030 2272 1076 2306 qui

1129 2235 1193 2254 των.
1212 2227 1245 2253 Τί
1258 2226 1311 2262 γὰρ
1327 2225 1410 2262 πάθῃ,
1423 2226 1452 2257 ὃς
1467 2226 1516 2260 οὺχ
1540 2223 1610 2252 ἑκὼν
1633 2222 1666 2259 ἦν
1695 2221 1812 2258 μαλακὸς
1825 2241 1832 2253 ,
1855 2219 1915 2246 οὐδὲ

1130 2272 1231 2305 ἄδικος,
1246 2272 1342 2307 ὥσπερ
1356 2271 1484 2302 πολλάκις
1501 2271 1580 2297 αὑτὸν
1596 2268 1782 2304 ὲλοιδόρησας;

287 2328 340 2348 non
359 2323 456 2355 sponte
471 2326 519 2346 sua
531 2318 573 2345 vel
589 2318 622 2345 ad
635 2318 696 2345 vitae
710 2319 862 2353 mollitiem,
889 2319 930 2346 vel
946 2319 980 2346 ad
996 2319 1195 2354 improbitatem
1219 2321 1424 2352 adhaeresceret,
1447 2325 1502 2353 quo
1518 2323 1546 2344 tu
1567 2325 1628 2344 eum
1652 2316 1760 2342 nomine
1774 2311 1915 2341 criminari

287 2369 359 2396 soles
373 2369 384 2395 ?

290 2416 321 2444 In
333 2416 451 2450 placidos
466 2417 601 2442 hominum
613 2416 744 2442 inclinant
759 2415 805 2449 pia
819 2415 927 2442 numina
941 2423 1038 2448 mores,

289 2452 390 2478 Horum
402 2453 482 2478 etiam
495 2452 578 2483 cultu,
590 2457 614 2478 et
628 2459 703 2478 sacro
718 2451 844 2478 [tutantur
859 2451 966 2477 honore.

288 2507 352 2535 Mihi
367 2508 475 2543 quidem
492 2509 570 2544 plane
583 2508 745 2544 persuadeo,
761 2515 901 2543 nunquam
917 2515 966 2535 vos
988 2508 1023 2534 ita
1037 2507 1077 2534 lo-

289 2558 401 2580 cuturos
418 2561 477 2581 esse
490 2574 497 2586 ,
524 2554 576 2581 nisi
600 2554 725 2581 homines
740 2553 773 2580 ad
787 2560 818 2580 ea
836 2560 896 2587 quae
915 2558 1075 2587 sequuntur,

292 2606 345 2624 tzon
360 2598 386 2624 vi
402 2599 466 2631 ulla,
483 2599 529 2626 sed
543 2600 680 2626 voluntate
695 2607 744 2626 sua
757 2599 820 2626 duci
835 2600 990 2626 crederetis.
1013 2598 1078 2631 Quae

292 2650 373 2676 porro
388 2643 534 2671 voluntatis
551 2649 652 2672 nostra:
666 2645 731 2677 sint,
746 2652 825 2671 nemo
839 2652 976 2678 unquam,
991 2651 1078 2677 neque

327 2715 341 2730 ι
357 2719 400 2744 no.
414 2710 506 2743 ἆττας.
546 2711 561 2731 ιι
575 2711 618 2738 ῑσ.
637 2711 654 2746 ἡ
669 2719 705 2738 τι.

330 2777 385 2811 (8'2)
402 2778 506 2812 Tplzir‘
521 2778 644 2811 ἐξεῖλες.
656 2777 721 2805 Vide
735 2786 826 2811 supra.

331 2814 386 2847 (85)
409 2814 482 2839 Οὔτε
501 2813 654 2846 ἅνθρωπος
665 2833 672 2844 ,
688 2819 739 2840 elc.
754 2813 839 2840 Voces
853 2813 956 2847 aliquot
970 2817 1079 2847 praeter-

296 2849 395 2875 missas
417 2849 451 2874 ita
478 2849 588 2882 supple,
603 2856 682 2882 neque
704 2848 797 2880 homo,
816 2853 843 2874 ut
867 2849 946 2875 etiam
963 2847 1080 2882 sophista

298 2884 395 2918 fuerit,
411 2883 449 2910 Itis
465 2884 522 2919 jam
547 2883 582 2910 ita
607 2883 811 2916 demonstratis,
834 2883 998 2916 necessitati,
1027 2888 1078 2911 etc.

1128 2411 1287 2440 Εὺτάκτων
1300 2408 1513 2443 θνητῶν-βιοτῇ
1527 2408 1587 2435 θεοὶ
1601 2408 1681 2434 “ac!
1691 2409 1780 2439 εἰσιν,

1128 2447 1285 2475 Εὑσεϐἐων
1301 2446 1325 2474 0‘
1340 2446 1426 2480 ἁγίας
1439 2444 1548 2476 θυσίας
1563 2442 1647 2478 τιμάς
1658 2451 1689 2469 τε
1703 2443 1850 2477 δέχονται.

1130 2507 1238 2533 Δοκεῖτε
1254 2504 1284 2530 δέ
1302 2512 1347 2539 μοι
1371 2504 1422 2530 οὐκ
1434 2503 1466 2530 ἂν
1480 2502 1565 2529 ταῦτα
1584 2501 1690 2536 λέγειν,
1713 2502 1748 2537 μὴ
1767 2501 1916 2536 πεπεισμέο

1131 2561 1182 2582 νοι,
1199 2552 1240 2578 ὅτι
1255 2551 1304 2577 οὐκ
1321 2549 1442 2581 ἄκοντες,
1456 2548 1522 2575 ἀλλὰ
1537 2547 1691 2584 βουλόμενοι
1709 2547 1854 2582 χωροῦσιν,
1874 2547 1915 2581 ἐφ’

1131 2598 1149 2625 ἃ
1163 2596 1306 2632 χωροῦσιν.
1323 2597 1356 2622 ’Δ
1370 2595 1392 2621 δ’
1405 2595 1438 2621 ἂν
1452 2594 1626 2630 βουληθῶσιν,
1645 2594 1705 2620 οὒτε
1717 2593 1785 2624 θεὸς,
1797 2592 1858 2619 οὔτε
1872 2592 1916 2619 ἄν·

1133 2644 1240 2679 θρωπος
1254 2642 1309 2677 (85)
1324 2641 1462 2676 σοφιστὴς,
1476 2640 1546 2667 οὕτω
1558 2639 1807 2676 προεληλεγμένων,
1821 2637 1917 2674 τολμή-

1133 2775 1189 2802 Nisi
1209 2774 1356 2805 malumus,
1378 2772 1449 2799 οὕτω
1471 2770 1712 2808 προεληλεγμένος,
1732 2773 1780 2808 aut
1801 2768 1916 2804 προεληι

1133 2810 1281 2845 λεγμένων,
1298 2814 1326 2836 ut
1348 2809 1384 2845 ait
1398 2804 1519 2845 deum_et
1539 2804 1676 2832 hutuiuem
1691 2804 1844 2845 referatur,
1856 2811 1916 2845 nou

1135 2839 1237 2873 adures
1263 2845 1346 2879 ipsas.
1361 2842 1525 2879 Utrumlibet
1546 2846 1668 2876 optetur,
1690 2839 1806 2874 ἔλλειψις
1829 2839 1917 2867 Attica

1135 2886 1186 2914 est,
1200 2877 1286 2916 eaque
1300 2887 1352 2907 nou
1366 2877 1536 2912 infrequens.
