2063 3211
184 187 232 218 “5

752 187 913 217 PREPAR.
934 187 1059 216 EVANG.
1082 187 1151 215 UB.“
1167 187 1210 216 Vl.

1743 187 1795 215 ιιε

181 257 217 275 ut
231 246 327 280 λέγειν,
343 246 383 273 ὃτι
400 235 590 274 ὑποτέτακται.
617 247 653 273 Ἦ
675 245 770 282 λόγους
795 248 843 283 μὲν
861 248 933 275 οὐκέι

984 266 989 279 ,
1004 246 1085 281 Deus,
1098 254 1186 283 neque
1199 247 1281 274 homo
1295 246 1450 274 necessitati
1461 246 1600 282 assignare
1614 245 1722 273 audeat.
1741 246 1795 274 Aut

180 294 239 329 πρὸς
261 293 340 320 αὑτὸν
356 292 522 328 ποιησόμεθα
535 313 542 326 ,
559 292 658 325 σκῦτος
673 293 702 320 δέ
719 301 745 320 τι
767 293 821 320 τῶν
837 294 954 321 εὖτόνων

179 339 305 370 λαϐόντες,
333 338 370 370 ὡς
384 339 428 364 ἐπ’
441 339 581 373 ἀνάγωγον
605 339 688 366 παῖδα
714 339 762 372 τὰς
786 340 904 377 πλευρὰς
923 339 952 368 εὖ

177 384 240 419 μάλα
257 383 406 416 καταξανοῦ
411 393 459 419 μεν
470 385 562 411 αὑτοῦ.
585 394 594 411 ι
612 384 737 411 Τοσαῦτα
750 385 817 420 πρὸς
828 385 873 412 τὸν
887 395 953 422 χρη-

176 431 273 465 σμῳδὸν
291 431 305 456 ὁ
319 430 450 466 Οἰνόμαος
464 431 635 458 ἀπετεινατο.
654 431 689 457 Σὺ
707 432 729 458 δ’
746 431 802 458 ἀλλ’
817 433 841 458 εἰ
859 432 896 468 μὴ
913 432 952 467 τῷ

174 476 256 510 τοιῷδε
272 476 393 511 χαίρεις,
415 475 504 503 λαϐὼν
528 476 664 511 ἀνάγνωθι
691 477 726 504 τὰ
743 477 841 504 ἐκτῶν
864 477 951 505 ἄλλων

172 521 314 556 φιλοσόφων
331 522 394 557 περὶ
412 521 600 558 εἱμαρμένης,
618 522 647 548 οὐ
668 522 748 557 μόνον
764 522 819 549 τῶν
842 531 950 558 προπα-

173 566 328 602 ρατεθέντων
350 566 483 602 χρησμῶν
507 566 705 601 ἀνατρεπτικὰ,
721 566 798 594 μάλλὰ
826 568 873 593 καὶ
895 567 950 594 τῶν

170 611 249 638 ἄλλων
276 611 389 638 καθόλου
421 612 484 647 περὶ
513 611 559 638 τοῦ
576 611 711 647 δόγματος
737 612 947 647 ἐπινοουμὲνων.

175 657 274 693 Ἐπειδὴ
287 657 341 693 γὰρ
366 658 404 693 μὴ
421 658 501 693 μόνον
512 658 626 694 ἀμαθεῖς
644 659 689 684 καὶ
708 658 829 691 ἰδιῶται,
849 658 898 694 ἥδη
919 658 947 684 δὲ

168 704 209 729 καὶ
223 703 267 730 ἐπὶ
290 703 413 739 παιδεία,
437 704 484 730 καὶ
505 704 647 739 φιλοσοφίᾳ
671 704 742 740 μέγα
765 705 948 740 φρονήσαντες

167 748 266 780 πλείους
284 749 474 785 κατεσύρησαν
483 750 566 784 ὁμόσε
580 749 617 785 τῷ
629 750 753 785 δόγματι,
766 750 883 786 ἠγοῦμαι
893 750 947 777 δεῖν

165 795 311 829 ἀναγκαίως
323 795 373 827 τὰς
388 795 478 822 αὐτῶν
495 795 646 831 φιλοσόφων
667 796 735 832 πρὸς
756 797 826 830 σφᾶς
849 796 946 828 αὐτοὺς

165 841 328 876 ἀντιρρήσεις
343 841 538 873 ὲκθέσθαι,εῑς
561 841 661 877 ἀκριϐῆ
684 842 730 868 τοῦ
755 842 945 878 προϐλήματος

164 885 303 921 διάσκεψιν.
328 887 429 922 Πρῶτα
452 887 483 923 δὴ
500 885 547 914 οὖν
569 896 610 914 σοι
630 887 878 923 παραναγνώσομαι
892 887 945 914 ἀπὸ

1007 293 1030 321 si
1045 294 1107 328 quis
1124 297 1214 321 tamen
1230 293 1282 320 erit
1301 292 1454 327 ejusmodi,
1478 300 1531 319 non
1546 292 1603 327 jam
1625 292 1716 320 verbis
1731 300 1792 320 cum

1005 344 1038 365 eo
1063 337 1273 370 contendamus,
1307 336 1355 364 sed
1382 341 1489 371 arrepta
1505 337 1546 371 (ut
1567 337 1594 363 in
1618 342 1793 365 contumaces

1004 391 1103 418 pueros
1125 383 1182 410 lieri
1198 382 1289 417 solet),
1306 382 1416 409 duriore
1439 383 1555 414 scutica,
1571 382 1655 417 plagis
1669 383 1693 409 ei
1708 382 1790 409 latera

1002 429 1111 463 egregie
1132 428 1321 455 concidamus.
1337 436 1347 452 ι
1369 427 1456 460 Atque
1480 426 1525 454 illa
1547 431 1626 459 sunt,
1648 427 1747 461 quibus
1762 427 1790 454 in

1001 473 1104 501 bonum
1120 479 1207 500 vatem
1224 472 1380 500 (Enomaus
1397 471 1543 499 invehitur.
1577 472 1628 504 Qui
1645 471 1667 498 si
1683 472 1729 498 tibi
1743 479 1789 499 sa-

1001 518 1035 545 tis
1059 525 1114 545 non
1135 521 1195 549 est,
1217 517 1324 552 perlege
1348 524 1408 551 quae
1422 524 1437 543 a
1452 517 1558 544 caneris
1572 517 1741 552 philosophis
1755 517 1789 544 de

1000 562 1057 590 fato
1071 562 1208 595 dicuntur.
1225 570 1340 598 quaeque
1356 570 1409 589 non
1424 562 1554 597 producta
1570 562 1650 589 modo
1663 563 1788 597 superius

1000 609 1122 641 oracula,
1152 609 1199 636 sed
1214 609 1295 636 etiam
1309 608 1439 643 quidquid
1459 616 1574 643 usquam
1593 608 1655 635 huic
1668 608 1787 642 dogmati

999 655 1142 684 statuendo
1156 655 1304 690 excogitari
1318 655 1396 687 solet,
1414 654 1537 682 funditus
1550 658 1684 681 evertunt.
1718 653 1786 681 Nam

998 708 1059 728 cum
1073 708 1127 728 non
1142 700 1224 727 rudes
1238 700 1325 727 solum
1340 705 1367 727 et
1381 700 1509 732 imperiti,
1519 699 1567 726 sed
1581 700 1661 727 etiam
1677 700 1724 734 qui
1737 699 1790 726 do-

997 746 1145 773 ctrinarum
1161 753 1193 773 ac
1209 745 1350 780 sapientia:
1373 745 1462 772 studio
1491 745 1608 772 maxime
1621 745 1784 780 gloriantur,

996 792 1048 819 hac
1061 792 1143 819 simul
1166 792 1294 826 opinione
1307 792 1377 819 trahi
1391 791 1448 826 jam
1465 791 1587 824 soleant,
1601 796 1710 818 mutuas
1723 791 1784 825 phi-

995 838 1169 873 losophorum
1192 838 1315 872 ipsorum
1332 845 1452 872 pugnas,
1475 845 1530 872 quo
1545 837 1689 872 propositae
1706 845 1782 872 quae-

996 884 1092 912 stionis
1107 884 1208 911 veritas
1223 888 1349 911 accurate
1363 884 1533 918 dispiciatur,
1546 883 1632 910 oculis
1647 883 1782 918 subjicere

163 931 204 958 τοῦ
219 933 389 966 Διογενιανοῦ
415 933 449 959 τὰ
474 933 538 969 περὶ
555 933 736 969 εἱμαρμένης,
750 931 801 960 ὧδέ
823 942 880 965 πως
903 932 933 968 τᾷ

991 931 1175 958 necessarium
1190 930 1319 958 arbitror.
1337 929 1458 957 Primum
1472 930 1564 965 igitur,
1576 938 1608 956 ex
1623 929 1780 965 Diogeniani

163 978 307 1014 Χρυσίππῳ
325 979 517 1015 ἀντειρημένα.

415 1079 615 1106 ΚΕΦΛΛΑῘΟΝ
631 1076 672 1105 Η¹.

160 1123 214 1150 Ἔτι
229 1125 294 1158 περὶ
310 1124 363 1151 τοῦ
375 1125 468 1151 αὑτοῦ
484 1125 542 1151 ἀπὸ
558 1124 616 1150 τῶν
625 1123 811 1158 Διογενιανοῦ
822 1123 874 1150 τοῦ
888 1125 939 1150 Πε-

184 1159 387 1193 ριπατητικοῦ,
405 1159 480 1193 πρὸς
491 1159 678 1193 Χρύσιππον,
690 1159 750 1194 ἅμα
757 1160 815 1194 μὲν
824 1159 937 1190 βουλό-

188 1202 275 1226 μενον
297 1194 404 1224 σώζειν
420 1194 477 1227 τὴν
498 1194 565 1228 παρ’
594 1194 672 1228 ἡμᾶς
695 1193 803 1226 αἰτίαν,
825 1195 885 1228 ἅμα
903 1193 938 1220 δὲ

188 1229 281 1256 πάντα
297 1229 491 1264 καθειμάρθαι
510 1230 651 1264 λέγον-ω’
673 1230 721 1256 καὶ
738 1229 782 1256 ὅτι
803 1229 874 1256 οὐδὲ
900 1229 937 1256 τὰ

185 1264 383 1304 παρ’-Ὁμήρῳ
404 1265 470 1298 περὶ
495 1264 551 1299 τῆς
575 1264 755 1300 εἱμαρμένης
789 1265 936 1298 λεγόμενα

185 1308 329 1334 συνηκεν.

185 1364 194 1381 ι
210 1356 300 1388 Ἄξιον
315 1356 343 1383 δὲ
357 1357 403 1383 ἐπὶ
418 1356 523 1389 τούτοις
545 1356 630 1384 ἅπασι
653 1356 823 1392 παραθέσθαι
843 1356 888 1383 καὶ
901 1357 934 1384 τὰ

150 1401 268 1428 δοκοῦντα
280 1402 437 1438 Χρυσίππῳ
450 1403 489 1438 τῷ
505 1403 615 1438 Στωῖκῷ
632 1403 694 1438 περὶ
700 1402 746 1429 τοῦ
754 1402 832 1436 λόγου
847 1402 931 1430 τοῦδε.

151 1445 224 1480 Οὗτος
239 1448 293 1484 γὰρ
319 1449 348 1475 ἐν
365 1449 403 1484 τῷ
419 1449 518 1484 πρώτῳ
539 1449 608 1483 Περὶ
630 1449 808 1484 ειμαρμένης
825 1448 930 1484 βιϐλίῳ,

150 1493 303 1529 βουλόμενος
331 1493 465 1521 δεικνύναι
487 1495 518 1521 τὸ
536 1494 567 1530 δὴ
581 1495 659 1521 πάνθ’
679 1495 730 1521 ὑπὸ
745 1495 795 1530 τῆς
811 1495 932 1530 ἀνάγκης

148 1540 192 1574 τῆς
213 1540 386 1576 εἱμαρμένης
411 1540 600 1576 κατειλῆφθαι,
624 1541 784 1576 μαρτυρίοις
798 1541 886 1573 ἄλλοις
901 1550 931 1568 τε

147 1585 196 1612 τισὶ
210 1587 321 1621 χρῆται,
346 1587 393 1613 καὶ
413 1588 469 1618 τοῖς
487 1586 586 1613 οὑτωσὶ
611 1588 676 1622 παρ’
703 1587 814 1623 Ὁμήρῳ
832 1588 930 1623 ποιητῇ
945 1595 965 1623 c

147 1631 305 1667 λεγομένοις·
343 1669 347 1672 _

293 1708 304 1714 -
320 1699 330 1716 1
353 1710 360 1716 .
383 1711 389 1717 .
416 1689 497 1717 Ἀλλ’
511 1690 563 1725 ἐμὲ
573 1690 632 1724 μὲν
642 1690 698 1724 κὴρ
717 1690 772 1725 (8t)

151 1722 312 1758 ‘Apgsézare
325 1725 466 1760 στυγερὴ,
478 1722 554 1760 ἦπὲρ
564 1722 640 1760 λάχε
648 1722 822 1760 γεινόμενόν
841 1732 907 1759 περ.

145 1778 203 1805 Καί·

144 1852 177 1872 ζ.
198 1855 204 1862 .
219 1836 363 1872 Ὕστερον
371 1836 426 1872 (85)
436 1836 509 1864 αὖτε
516 1838 552 1865 τὰ
564 1838 708 1869 πείσεται,
723 1838 804 1865 ὅσσα
811 1840 838 1866 οι
849 1836 926 1866 Αἶσα

143 1870 308 1905 Γεινομένῳ
322 1870 452 1906 ἐπένησε
460 1873 545 1907 λίνῳ,
554 1873 603 1900 ὅτε
613 1882 667 1908 μιν
675 1873 741 1900 τέκε
749 1874 858 1908 μήτηρ.

145 1927 204 1953 Καί·

140 1973 246 2007 Μοῖραν
261 1974 290 2001 δ’
303 1975 408 2002 οὔτινά
434 1984 508 2011 φημι
522 1976 924 2048 πεφυγμένονῶμιφνμέϐἱὶν-

745 2020 807 2045 ρων
880 2031 886 2038 .

745 2020 807 2045 ρων
821 2020 886 2045 (δυ).

139 2064 173 2091 Οὐ
188 2065 312 2102 θεωρῶν,
327 2067 367 2093 ὅτι
381 2067 414 2094 τὰ
437 2067 553 2102 ἀλλαχοῦ
575 2067 654 2094 πάλιν
671 2066 746 2102 παρὰ
763 2066 803 2102 τῷ
825 2068 922 2102 ποιητῇ

138 2108 267 2145 λεγόμενα,
285 2111 386 2143 τούτοις
401 2112 528 2147 ἄντικρυς
544 2112 706 2146 ἠναντίωται
718 2120 725 2127 ·
751 2110 791 2144 οἷς
814 2113 860 2138 καὶ
875 2112 924 2138 αὺ-

136 2154 178 2187 τὸς
189 2157 217 2183 ὲν
233 2156 275 2191 τῷ
289 2157 405 2193 δευτέρῳ
422 2157 517 2193 βιϐλίῳ
532 2159 647 2194 χρῆται,
672 2157 832 2192 βουλόμενος
858 2166 921 2185 συν-

136 2203 207 2237 ιπᾷν
216 2202 248 2229 τὸ
259 2202 308 2229 καὶ
324 2203 389 2239 παρ’
405 2205 478 2239 ἡμᾶς
493 2203 576 2230 πολλὰ
586 2204 722 2238 γίνεσθαι·
740 2201 796 2230 οἷον
809 2204 849 2230 τό·

934 2273 956 2301 D

134 2299 218 2326 Αὐτοὶ
234 2300 292 2336 γὰρ
305 2301 359 2337 (87)
377 2302 561 2337 σφετέρῃσιν
568 2303 789 2339 ἀτασθαλίῃσιν
799 2304 915 2332 ὄλοντο.

134 2345 185 2372 Καὶ
198 2347 239 2380 τὸ,

171 2395 267 2431 ξιόποι
284 2395 349 2429 (88),
358 2393 422 2422 οἷον
431 2396 469 2430 δή
485 2405 523 2423 νυ
533 2397 620 2430 θεοὺς
629 2397 733 2431 ,βροτοὶ
741 2398 918 2424 αἰτιόωνται]

139 2428 183 2461 Ἐξ
201 2428 302 2464 ἡμέων
313 2431 368 2465 γάρ
379 2428 539 2466 sputu—udi
561 2428 693 2467 ἐμμένοι,
709 2434 736 2459 ol
749 2432 782 2459 δὲ
799 2433 848 2467 καὶ
864 2434 917 2460 αὑ-

131 2498 249 2533 Σφῇσιν
263 2501 485 2537 ἀτασθαλίῃσιν
498 2502 574 2537 ὑπὲρ
588 2503 683 2538 μόρον
700 2502 780 2538 ἄλγε’
797 2466 913 2536 simu.

166 2555 221 2616 (ἓ.)
247 2557 328 2584 Ἀλλ’
355 2557 409 2592 ἐμὲ
431 2557 490 2593 μὲν
508 2558 575 2593 κήρ.
599 2557 710 2587 Homer.
742 2558 838 2586 Ἰλιαδ.
869 2560 912 2592 Ψ’,

133 2596 156 2617 1.
172 2596 213 2617 19.

163 2625 218 2661 (85)
232 2627 383 2661 Ὕστερον.
400 2627 482 2655 Iliad.
499 2627 536 2661 γ’,
551 2628 596 2656 28.

163 2660 218 2695 (86)
235 2660 322 2689 Iliad.
333 2663 369 2694 Z’,
383 2671 408 2689 v.
422 2663 484 2690 488.

163 2695 218 2737 (Si)
231 2697 321 2737 Αὐτοὶ
409 2697 494 2737 liud.
507 2699 544 2731 A',
555 2698 746 2737 409._Sed_pr:0
760 2700 836 2737 αὐτοὶ
847 2700 912 2737 γάρ,

129 2729 436 2771 Ιοεῃιιτιὶιεῖνοιήδέᾏᾼι
452 2729 603 2771 Odyss-.753
619 2735 652 2771 Ἰ,
665 2729 753 2771 αὐτῶν
769 2736 832 2771 γάρ.

152 2765 217 2805 ,(88)
229 2765 261 2805 το
274 2767 373 2794 πόποι.
387 2767 483 2805 Odyss.
493 2765 535 2802 λ’,
547 2765 600 2801 52,
609 2769 654 2796 ubi
669 2765 836 2803 Eustatliiu's,
850 2779 913 2800 cum

129 2798 301 2841 Dirige-hisne
320 2798 447 2841 οπως-Ιοςὲ
474 2798 666 2841 consentiens,
684 2812 716 2841 ex
744 2798 835 2841 malis,
851 2798 912 2841 quae

127 2836 212 2871 vitam
230 2836 369 2864 hominum
388 2837 514 2866 infestam
533 2836 663 2871 habeant,
678 2840 729 2866 alia
750 2836 848 2868 divinae
860 2836 911 2868 'vo-

127 2868 224 2910 inritati
249 2873 341 2910 (quant
366 2872 548 2910 fatiﬂnomine
575 2868 709 2910 intelligit)
729 2875 795 2902 citra
823 2877 904 2903 ullam

124 2908 217 2930 corum
236 2905 342 2942 culpam
361 2908 493 2942 attribuit,
506 2909 557 2937 alia
574 2905 714 2937 hominum
730 2910 851 2945 ipsorum
864 2912 906 2940 vel

990 977 1129 1011 operibus,
1146 985 1206 1012 qua:
1218 977 1253 1004 ab
1263 984 1295 1004 eo
1308 981 1401 1003 contra
1417 976 1598 1011 Chrysippum
1613 976 1646 1004 de
1659 975 1714 1004 lato
1727 977 1782 1004 dis-

990 1027 1128 1057 putantur,
1145 1022 1275 1050 recitabo.
1296 1021 1334 1049 lla
1351 1022 1459 1049 habent.

1276 1076 1390 1104 CAPUT
1418 1075 1483 1103 Vill.

988 1121 1027 1148 De
1037 1122 1128 1149 eodem
1142 1130 1174 1149 ea:
1186 1122 1350 1159 VDiogeaiano
1362 1123 1539 1157 Peripatetico
1554 1123 1678 1150 adversus
1694 1123 1776 1159 Chry-

1023 1158 1136 1191 sippum,
1146 1158 1190 1192 qui
1201 1158 1281 1184 simul
1292 1163 1316 1184 et
1329 1167 1435 1184 causam
1453 1158 1527 1184 nobis
1543 1167 1629 1185 rerum
1643 1158 1774 1187 vindicare

1022 1192 1183 1225 conabatur,
1201 1199 1224 1219 et
1242 1193 1298 1227 fato
1324 1199 1412 1220 tamen
1436 1194 1525 1219 omnia
1547 1194 1606 1228 ﬁeri
1634 1194 1773 1221 contende-

1021 1227 1066 1288 zu!
1081 1235 1090 1253 .'
1103 1230 1227 1288 lquodque
1245 1235 1296 1254 non
1308 1230 1403 1264 ceperit
1416 1236 1475 1264 qua
1489 1229 1521 1255 ab
1542 1227 1655 1256 Homero
1671 1230 1702 1257 de
1716 1230 1772 1264 [ato

1040 1271 1099 1288 tcun
1115 1271 1155 1288 ur.

1040 1263 1155 1290 icuntur.

1019 1361 1100 1396 262
1113 1370 1121 1387 I
1132 1360 1232 1388 Verum
1246 1369 1334 1396 opera:
1348 1362 1463 1397 pretium
1477 1362 1568 1395 fuerit,
1578 1363 1676 1399 inquit,
1691 1371 1772 1399 supe-

983 1407 1103 1434 rioribus
1114 1407 1242 1435 omnibus
1258 1407 1404 1444 Chrysippi
1419 1417 1528 1444 quoque
1550 1409 1671 1437 hominis
1686 1409 1769 1437 Stoici

983 1451 1035 1479 hoc
1047 1452 1105 1479 loco
1118 1452 1279 1479 sententiam
1303 1453 1461 1488 adjungere.
1491 1453 1537 1481 Ille
1552 1455 1623 1482 enim
1636 1455 1724 1489 primo
1736 1455 1769 1481 li-

982 1498 1032 1525 bro
1047 1498 1083 1525 De
1109 1498 1166 1532 fato
1180 1519 1187 1531 ,
1203 1507 1265 1526 cum
1288 1500 1459 1528 necessitatis
1475 1500 1565 1528 omnia
1583 1501 1687 1535 fatique
1704 1501 1769 1536 legi-

981 1542 1033 1570 bus
1056 1543 1138 1570 teneri
1167 1544 1283 1578 probare
1306 1544 1404 1578 vellet,
1434 1553 1495 1572 cum
1517 1546 1578 1574 aliis
1593 1546 1766 1580 quibusdam,

983 1593 1039 1616 tum
1064 1589 1242 1624 sequentibus
1266 1588 1375 1617 Homeri
1406 1595 1491 1625 poetae
1520 1591 1682 1619 testimoniis
1701 1599 1768 1619 usus

980 1638 1022 1662 est
1034 1643 1040 1661 :

1138 1712 1146 1719 .
1163 1711 1170 1718 .
1191 1712 1198 1719 .
1217 1713 1225 1720 .
1246 1712 1253 1718 .
1276 1691 1318 1719 Me
1335 1692 1420 1727 fatum
1436 1693 1569 1719 absorbuit
1583 1697 1662 1720 atros:

979 1727 1055 1758 Quod
1071 1735 1111 1754 me
1128 1727 1221 1754 vitales
1236 1733 1383 1755 nascentem
1400 1727 1490 1754 eduxit
1505 1729 1533 1754 in
1547 1736 1639 1756 aurae.

977 1781 1114 1816 Itemque:

1043 1857 1049 1863 .
1071 1858 1077 1865 .
1097 1858 1111 1874 .7
1126 1858 1133 1866 .
1154 1859 1160 1865 .
1181 1837 1251 1865 Exin
1266 1843 1360 1865 cuncta
1377 1839 1452 1873 feret,
1466 1847 1524 1874 qua:
1538 1841 1634 1867 neverit
1648 1840 1711 1868 olim

976 1872 1063 1899 Parca
1077 1873 1138 1906 sibi,
1155 1874 1247 1900 matria
1263 1881 1322 1900 cum
1333 1872 1447 1908 primum
1463 1872 1545 1902 exiret
1559 1876 1591 1902 ab
1603 1875 1672 1903 alvo.

975 1929 1008 1956 Et
1024 1937 1120 1957 rursus
1142 1939 1149 1957 :

976 1974 1060 2002 Nemo
1073 1974 1206 2002 hominum
1221 1983 1275 2002 sese
1289 1975 1345 2009 fato
1358 1976 1513 2003 subduxerit
1527 1985 1650 2011 unquam.

974 2063 1033 2097 Quo
1046 2064 1073 2091 in
1087 2071 1184 2099 genere
1195 2072 1248 2091 non
1264 2064 1340 2096 vidit,
1352 2064 1403 2092 alia
1416 2065 1542 2100 pleraque
1553 2067 1623 2101 apud
1634 2068 1760 2096 eumdem

972 2115 1079 2145 poetam
1103 2115 1210 2137 exstare
1228 2111 1287 2138 loca
1300 2131 1307 2144 ,
1324 2119 1385 2146 qua:
1406 2118 1468 2138 cum
1491 2111 1552 2139 istis
1575 2113 1686 2140 omnino
1710 2121 1760 2149 pu-

973 2160 1064 2191 gnent.
1077 2155 1182 2189 Quibus
1197 2160 1297 2188 tamen,
1309 2162 1437 2191 sequente
1451 2157 1530 2190 libro,
1547 2157 1580 2184 ad
1592 2158 1758 2193 probandam

971 2200 998 2226 in
1013 2199 1137 2234 plurimis
1163 2200 1311 2228 voluntatis
1334 2205 1434 2228 nostra:
1457 2202 1511 2229 vim
1536 2210 1567 2229 ac
1586 2208 1758 2238 potestatem,

972 2245 1086 2281 ipsemet
1098 2246 1228 2274 abutitur.
1248 2246 1406 2282 Cujusmodi
1425 2248 1489 2276 illud
1502 2255 1561 2276 est:

971 2301 1037 2329 Illos
1051 2302 1144 2337 quippe
1155 2303 1237 2329 animi
1249 2311 1344 2338 pravus
1357 2303 1425 2330 male
1438 2304 1552 2338 perdidit
1564 2313 1648 2332 error.

970 2348 1091 2384 Itemque
1103 2350 1175 2384 quod
1192 2350 1315 2384 sequitur
1327 2359 1334 2378 :

970 2395 1044 2432 Proh
1054 2399 1151 2429 quanta
1162 2394 1189 2421 in
1201 2405 1309 2431 superos
1325 2397 1449 2424 mortales
1471 2397 1582 2424 crimina
1597 2398 1720 2432 ﬁngunt!

972 2431 1028 2459 Nos
1042 2431 1082 2457 illi
1097 2440 1244 2466 causasque
1258 2439 1360 2463 uocanl,
1378 2432 1512 2466 fontesque
1526 2431 1654 2459 malorum
1666 2441 1676 2460 .'

968 2466 1034 2493 Cum
1048 2467 1142 2493 mentis
1158 2467 1232 2499 vitio,
1248 2467 1298 2494 sibi
1309 2471 1405 2501 praeter
1416 2467 1474 2501 fata
1489 2467 1592 2494 dolores

967 2501 1062 2536 Sponte
1076 2506 1172 2529 creent.

965 2560 1099 2592 socordia,
1115 2560 1156 2587 vel
1173 2559 1354 2594 improbitate,
1373 2566 1426 2586 non
1441 2563 1531 2587 tamen
1546 2563 1642 2594 praeter
1654 2560 1752 2589 divinae

968 2596 1148 2622 Providentiae
1180 2595 1323 2622 consilium
1359 2595 1468 2622 evenire
1496 2595 1584 2622 docet.
1619 2595 1749 2623 Observat

967 2630 1037 2657 idem
1056 2629 1408 2667 praeterea,_=tbvata).aubv
1431 2630 1649 2667 ἀκριϐεστέρους,
1666 2631 1750 2667 ὑπέρ-

969 2673 1050 2700 μορον
1067 2673 1147 2699 quam
1163 2665 1232 2700 ὑπὲρ
1248 2665 1330 2700 μόρον
1343 2665 1430 2700 legere
1450 2666 1588 2692 rnaluiSse.
1605 2665 1681 2698 Quod
1698 2665 1748 2692 au-

967 2705 1020 2727 tem
1045 2701 1119 2727 addit
1144 2700 1315 2736 ὑπέρμορον,
1337 2701 1386 2736 vel
1401 2700 1470 2735 ὑπὲρ
1498 2700 1595 2736 μόρον,
1620 2700 1748 2734 explicari

966 2735 1047 2771 etiam
1073 2742 1170 2771 posse,
1195 2734 1264 2771 ὑπὲρ
1278 2735 1308 2760 τὸ
1325 2734 1461 2770 καθῆκον,
1479 2734 1550 2769 quod
1566 2735 1648 2770 μόρος
1665 2736 1748 2771 inter-

966 2770 1030 2797 dum
1047 2771 1106 2797 ἀντὶ
1118 2770 1165 2796 τοῦ
1177 2769 1352 2805 καθήκοντος,
1367 2769 1513 2804 uSurpetur
1529 2780 1535 2797 :
1555 2775 1584 2797 ut
1595 2769 1658 2797 alibi
1676 2769 1746 2797 forte

964 2805 1054 2832 locum
1080 2805 1106 2832 id
1135 2805 1241 2837 habeat,
1268 2806 1340 2832 hunc
1363 2810 1451 2832 tamen
1476 2812 1585 2832 sensum
1608 2805 1659 2831 hoc
1686 2805 1746 2833 loco

964 2845 1049 2874 poetae
1063 2841 1142 2868 verba
1160 2848 1214 2868 non
1238 2840 1338 2867 ferunt.
1359 2839 1426 2867 lllud
1443 2840 1514 2867 enim
1534 2840 1688 2875 ὑπέρμορον
1703 2839 1745 2867 in-

963 2877 1057 2912 texuit,
1075 2880 1104 2904 ut
1117 2876 1223 2912 culpam
1240 2875 1268 2904 in
1290 2875 1356 2904 deos
1373 2875 1509 2904 immerito
1520 2874 1636 2903 conferri
1652 2879 1743 2903 osten-

961 2910 1045 2939 deret.
