2063 3211
292 170 343 198 “1

610 169 746 197 EUSEBH
765 167 1006 197 C/ESARIENSIS
1024 166 1099 196 OPP.
1119 165 1212 194 PARS
1228 165 1261 193 Ii.
1282 180 1317 186 —-
1335 164 1586 194 APOLOGETICA.

1853 164 1908 191 ΝΒ

291 231 340 258 His
353 230 424 257 enim
442 228 562 265 profecto
576 233 658 264 atque
671 229 823 261 similibus.
840 237 895 256 non
912 228 1002 256 omnia
1019 228 1074 255 l‘ato

1132 226 1217 253 Γαῦτα
1231 225 1285 262 γὰρ
1299 226 1346 252 καὶ
1358 226 1391 252 τὰ
1411 225 1522 252 τοιαῦτα
1538 225 1575 260 τῷ
1596 224 1683 251 πάντα
1705 223 1828 258 γίνεσθαι
1846 223 1909 250 καθ’

291 276 350 304 ﬁeri
365 276 485 304 docetur.
506 274 562 301 lino
577 282 610 301 ne
627 275 678 301 hoc
689 275 796 309 quidem
811 275 901 302 videre
917 275 1014 310 potuit.
1024 273 1075 300 Ho—

292 329 397 348 merum
411 320 528 354 dogmati
553 326 614 351 suo,
633 327 803 354 nequaquam
821 320 1005 354 superioribus
1021 319 1074 347 illis

291 366 416 392 versibus
427 364 579 399 suffragari.
600 362 654 391 Nec
665 364 737 391 enim
752 364 776 391 is
792 365 882 391 omnia
893 386 899 395 .
917 364 964 392 sed
985 364 1074 398 aliqua

292 414 396 437 tantum
411 409 465 436 fato
487 409 649 444 assignanda
669 416 729 436 esse
744 408 829 444 ponit.
850 408 916 435 Nam
934 408 996 435 illud
1014 407 1074 443 qui-

292 454 352 482 dem
365 464 371 470 ·

465 573 471 579 .
493 573 500 580 .
524 572 530 579 .
551 573 558 579 .
578 552 619 580 Me
633 552 719 587 fatum
733 553 868 580 absorbuit
880 558 968 586 atrox,

293 587 368 620 Quod
382 596 422 614 me
436 588 524 615 vitales
536 593 683 615 nascentem
697 588 787 615 eduxit
799 589 826 615 in
838 597 929 621 auras,

292 649 406 672 mortem
421 644 520 678 solum,
544 653 598 672 non
613 645 704 672 omnia
727 644 782 672 t‘ato
796 645 953 680 contingere
973 646 1076 680 signiﬁ-

291 695 356 718 cat:
375 696 446 718 recte
459 691 485 717 id
501 691 622 726 quidem.
635 691 710 718 omni
723 692 795 718 enim
812 691 957 724 animanti,
971 699 1003 718 ex
1022 699 1076 726 quo

291 735 433 769 nascitur,
452 736 581 764 continuo
597 735 666 763 mori
689 735 775 764 fatum
800 741 850 764 est.
882 736 959 770 Quod
984 737 1076 772 sequi-

293 786 355 809 ιυτε

293 837 363 875 {Exin
377 843 471 865 cuncta
485 838 559 873 feret.
572 847 630 874 qua:
641 839 736 866 acuerit
749 839 813 866 olim
827 839 907 875 263

293 872 382 900 Parca
394 874 454 906 sibi,
469 872 560 900 matris
574 872 633 901 eum
647 876 763 910 primum
772 872 902 902 exire—fat?
913 875 971 902 alvo
981 896 988 908 ,

293 929 418 956 eumdem
445 930 523 964 plane
540 938 649 958 sensum
666 931 755 958 habet.
787 930 841 959 Nec
855 932 926 958 enim
949 939 1077 967 quascun-

293 982 348 1009 que
363 975 488 1010 deinceps
505 975 594 1003 futura
608 981 710 1009 essent,
727 985 759 1004 ea
773 976 829 1004 fato
849 977 939 1005 futura
958 986 1078 1012 pronun-

295 1021 344 1047 tiat
360 1022 461 1053 omnia,
476 1022 522 1049 sed
535 1030 629 1049 eorum
642 1024 771 1050 nonnulla
783 1024 913 1051 duntaxat
924 1025 1078 1052 necessitati

295 1065 398 1093 tribuit.
419 1066 486 1093 Nam
501 1067 545 1094 illa
561 1068 636 1095 vocis
660 1068 760 1104 hujus,
785 1078 962 1104 qun‘cunque,
985 1070 1079 1098 distin-

294 1111 349 1138 ctio
359 1132 365 1142 .
382 1111 446 1146 quid
467 1113 576 1140 tandem
591 1113 679 1146 aliud,
698 1114 750 1141 nisi
765 1113 816 1141 hoc
830 1114 918 1148 ipsum
928 1135 936 1148 ,
959 1115 1080 1142 indicat?

294 1155 377 1183 Nobis
393 1165 484 1191 porro,
505 1158 544 1185 uti
557 1165 610 1185 non
626 1159 727 1192 omnia,
751 1160 790 1187 sic
804 1160 932 1195 pleraque
947 1161 972 1188 vi
985 1169 1080 1189 neces-

295 1200 384 1227 sitatis
401 1201 526 1236 ingruere
543 1206 646 1229 certum
659 1208 709 1230 est.
729 1204 796 1231 Illud
815 1204 896 1231 etiam
919 1214 925 1231 :

296 1255 380 1283 Nemo
394 1257 527 1284 hominum
541 1266 595 1285 sese
606 1258 661 1292 fato
675 1260 829 1288 subduxerit
850 1269 977 1296 unquam,

295 1355 396 1390 optime
410 1356 512 1384 dictum
531 1362 583 1386 est.
616 1357 683 1392 Quis
697 1359 768 1386 enim
780 1367 810 1387 ea
823 1367 884 1395 qua:
897 1361 1080 1390 animantibus

296 1403 423 1429 uiiiuibus
449 1403 602 1431 necessario
626 1405 774 1438 eveniunt,
802 1406 939 1434 declinare
971 1408 1081 1442 possit?

296 1446 411 1475 Tantum
425 1448 506 1482 igitur
518 1449 605 1483 abest,
622 1454 651 1477 ut
664 1449 799 1479 Homerus
821 1451 973 1488 Chrysippo
988 1462 1080 1482 rerum

296 1494 417 1520 omnium
432 1494 551 1522 rationes
570 1495 596 1522 in
620 1495 676 1533 {ato
696 1497 838 1525 collocanti
856 1498 1033 1534 suﬂragetur,
1050 1504 1081 1527 ut

296 1539 377 1566 etiam
399 1547 460 1567 cum
481 1548 514 1568 eo
535 1546 652 1576 pugnet;
684 1550 744 1570 cum
770 1544 814 1571 ille
841 1545 925 1572 multa
951 1553 1022 1581 saepe
1049 1553 1080 1574 ac

296 1584 396 1612 diserte
403 1585 473 1620 juris
486 1573 650 1620 arbitriique-
659 1587 745 1615 nostri
759 1587 862 1622 fecerit,
872 1573 1005 1625 nusquam
1017 1573 1081 1618 vero
1094 1573 1116 1602 C

298 1631 452 1658 necessitati
468 1632 560 1659 omnia
575 1634 714 1668 conceptis
735 1634 824 1661 verbis
844 1636 1000 1670 assignat-it.
1023 1636 1081 1664 C2-

298 1681 385 1703 terum
401 1683 487 1712 poetae
512 1677 647 1711 fortassis,
667 1679 712 1713 qui
737 1687 791 1706 non
814 1680 870 1715 jam
892 1688 983 1708 rerum
1003 1682 1082 1710 nobis

298 1730 447 1758 earumque
471 1728 576 1751 natura:
597 1725 737 1752 veritatem
754 1725 911 1760 pollicetur,
927 1727 973 1755 sed
989 1729 1081 1755 multi~

299 1768 383 1802 plices
399 1776 430 1795 ac
447 1769 536 1796 varias
552 1769 691 1797 hominum
708 1771 941 1805 perturbationes,
959 1781 1082 1800 morum-

300 1822 353 1848 que
375 1822 407 1841 ac
431 1815 624 1842 sententiarum
640 1816 758 1844 rationes
782 1818 920 1852 congerit,
937 1819 1083 1854 pugnantia

301 1867 371 1894 sape
384 1859 456 1894 loqui
473 1860 550 1888 liceat
565 1869 572 1888 :
590 1861 782 1896 philosophum
803 1863 911 1898 quidem
929 1873 1016 1899 neque
1031 1873 1082 1900 pu-

303 1906 411 1940 mautia
425 1906 508 1940 loqui,
518 1914 606 1941 neque
619 1912 757 1943 poetarum
768 1908 793 1934 in
803 1916 863 1936 eum
873 1910 952 1937 linem
963 1911 1082 1938 testimo-

303 1951 355 1978 niis
368 1951 442 1978 abuti
454 1952 559 1979 deceat.
572 1963 581 1978 ι
595 1951 626 1980 Et
641 1954 778 1981 nonnullis
794 1955 940 1990 interjectis
952 1965 958 1983 :
971 1965 979 1981 ι
993 1957 1083 1990 Aliud,

302 1996 400 2031 inquit,
418 1997 473 2024 fato
486 1998 565 2026 rebus
579 1998 605 2025 in
622 1999 749 2027 omnibus
767 2001 922 2034 statuendo,
939 2006 1034 2036 potens
1058 2003 1085 2030 in

301 2042 398 2078 primis
411 2051 442 2070 ac
455 2043 571 2071 solidum
591 2050 779 2079 argumentum
793 2053 853 2073 esse
862 2046 1029 2082 Chrysippus
1043 2056 1087 2075 ar-

301 2088 428 2120 bitratur.
446 2089 531 2123 ipsam
546 2091 687 2117 nominum
707 2091 840 2124 ejusmodi
854 2092 997 2120 rationem.
1017 2092 1085 2120 Nam

301 2134 483 2171 πεπρωμένην
494 2134 613 2169 quidem,
624 2136 734 2169 perinde
741 2144 771 2163 ac
779 2137 989 2172 πεπερασμένην
996 2146 1087 2172 quam-

301 2180 375 2210 dam.
394 2182 445 2208 hoc
457 2186 508 2214 est,
522 2181 596 2208 omni
611 2189 643 2208 ex
659 2187 736 2216 parte
750 2184 913 2210 cumulatam
928 2183 1087 2218 perfectam-

301 2234 354 2261 que
368 2226 640 2259 administrationem,
656 2228 814 2262 appellatam
829 2236 890 2256 essc
904 2229 980 2256 vult:
993 2230 1087 2266 εἱμαρ-
1101 2242 1123 2270 D

303 2274 386 2310 μένην
401 2281 464 2301 vero
476 2274 553 2309 quasi
567 2275 719 2311 εἰρημένην,
733 2276 784 2303 hoc
797 2280 847 2309 est,
861 2277 935 2304 omni
947 2285 980 2304 ex
994 2277 1084 2305 divina

303 2320 448 2352 voluntate,
471 2323 519 2346 aut
539 2320 590 2347 alia
611 2321 707 2354 quavis
728 2329 759 2348 ex
779 2329 862 2349 causa
882 2330 978 2349 nexam
1005 2326 1086 2357 atque

303 2371 402 2399 aptam.
417 2364 487 2398 Quin
500 2365 580 2392 etiam
593 2366 696 2402 Μοίρας
708 2365 828 2402 (Parcas)
840 2375 872 2394 cx
885 2375 916 2395 eo
928 2367 1015 2395 dictas
1027 2368 1085 2403 opi-

304 2413 393 2440 natur,
410 2409 480 2444 quod
495 2409 641 2444 unicuique
662 2415 784 2438 nostrum
809 2419 862 2439 una
882 2420 975 2440 earum
994 2414 1084 2448 aliqua

306 2455 487 2490 μεμέρισται,
524 2456 652 2483 attributa
674 2457 717 2484 sit.
754 2458 812 2485 lmo
848 2466 898 2486 nec
928 2459 1036 2487 aliunde
1055 2460 1086 2486 τὸ

305 2500 390 2535 χρεών
404 2502 564 2536 appellatum
577 2509 637 2529 esse
648 2522 656 2535 ,
673 2510 752 2537 quam
766 2504 837 2538 quod
850 2503 905 2532 fato
917 2505 975 2540 ipso
987 2505 1085 2533 debea-

305 2552 359 2574 tur.
381 2545 440 2573 Jam
452 2547 598 2575 Parcarum
613 2556 756 2576 numerum
766 2569 774 2582 ,
796 2550 882 2578 tribus
895 2551 948 2578 illis
960 2552 1088 2586 tempori-

270 2584 274 2614 ἶ
307 2592 473 2626 bus,quihus
484 2594 574 2620 omnia
588 2594 731 2621 volvuntur
744 2602 777 2622 ac
785 2595 970 2630 perﬁciuntur,
979 2584 1086 2625 accom-

308 2637 409 2664 modat.
434 2637 466 2664 Et
488 2637 619 2667 Lachesin
640 2640 748 2675 quidem
771 2641 807 2668 ita
828 2642 994 2669 nominatam
1015 2651 1086 2677 esse,

307 2682 380 2715 quod
392 2689 467 2708 suam
480 2683 576 2717 cuique
587 2689 685 2712 sortem
698 2685 829 2722 λαγχάνῃ,
845 2687 974 2715 attribuat
986 2697 993 2715 :
1005 2688 1088 2716 Atro-

309 2734 362 2761 pon
382 2734 457 2759 vero,
478 2728 547 2754 κατὰ
559 2729 588 2755 τὸ
601 2730 734 2765 ἄτρεπτον
743 2750 750 2762 ,
771 2732 841 2766 quod
853 2739 884 2759 ea
896 2740 956 2760 sors
967 2741 1017 2760 nec
1029 2741 1089 2760 mu-

310 2771 360 2798 tari
383 2778 432 2798 nec
452 2771 579 2799 declinari
597 2774 679 2807 possit
696 2784 702 2801 :
716 2773 814 2803 Clotho
825 2776 950 2809 denique,
973 2777 1046 2804 παρὰ
1058 2777 1089 2804 τὸ

1125 273 1294 308 εἱμαρμένην
1314 272 1484 307 ὴναντίωται.
1504 272 1540 298 Οὐ
1558 271 1609 307 μὴν
1624 271 1676 297 οὐδ’
1690 272 1777 297 ἐκεῖνο
1794 270 1909 297 συνιδεῖν

1124 318 1253 354 semen,
1275 318 1306 344 τὸ
1321 317 1453 353 μηδαμῶς
1470 317 1516 344 τὸν
1530 317 1652 352 ’Όμηρον
1668 315 1726 351 μηδ’
1751 317 1780 342 ὲν
1794 316 1909 347 ἐκείνοις

1125 366 1180 395 τοῖς
1195 364 1271 390 ἔπεσι
1285 364 1488 399 συμμαρτυρεῖν
1503 362 1577 398 αὐτῷ
1599 362 1638 397 τῷ
1657 362 1780 397 δόγματι.
1800 362 1836 388 Οὐ
1853 362 1908 397 γάρ

1124 408 1154 434 τὸ
1167 407 1254 434 πάντα
1268 406 1390 441 γίνεσθαι
1402 407 1462 434 καθ’
1479 406 1661 442 εἱμαρμένην,
1679 405 1745 433 ἀλλὰ
1766 406 1864 441 μᾶλλον
1878 406 1909 432 τό

1124 461 1184 479 τινα
1202 453 1261 479 κατ’
1286 453 1393 487 ἐκείνην
1421 452 1576 488 συμϐαίνειν
1592 451 1620 485 ἐξ
1641 452 1730 478 αὐτῶν
1752 452 1908 478 ὑποδάλλων

1125 497 1308 533 εὑρεθήσεται.
1325 497 1361 524 Τὸ
1375 497 1439 534 γάρ·

1284 575 1291 581 .
1315 575 1321 581 .
1343 575 1350 581 .
1373 575 1379 581 .
1401 574 1409 580 .
1436 555 1515 581 ’Λνιϊ
1532 554 1584 588 ἐμὲ
1592 554 1650 588 μὲν
1665 553 1723 588 κὴρ

1132 590 1296 624 Ἀμφέχανε
1306 589 1447 624 στυγερὴ,
1465 589 1530 623 ἣτις
1543 589 1618 624 λάχε
1631 589 1801 624 γεινόμενόν
1815 596 1881 623 περ.

1125 646 1174 681 οὐχ
1187 647 1227 673 ὅτι
1246 646 1333 672 πάντα
1348 646 1417 673 κατὰ
1429 646 1478 681 τὴν
1491 645 1564 681 κῆρα
1576 645 1731 680 συμϐαίνειν
1746 645 1851 679 λέγοιτο
1865 645 1910 676 ἂν.

1126 691 1183 717 ἀλλ’
1196 691 1261 718 αὐτὸ
1275 691 1305 717 τὸ
1318 690 1499 727 τεθνήξεσθαι.
1511 691 1564 717 Καὶ
1575 690 1639 726 γὰρ,
1651 690 1687 722 ὡς
1700 690 1814 725 ἀληθῶς,
1830 690 1912 716 παντὶ

1127 737 1248 773 γεννητῷ
1263 737 1323 773 ζώῳ
1337 737 1427 764 θανεῖν
1442 737 1635 772 καθείμαρται.
1657 736 1737 763 Ἀλλὰ
1747 736 1800 763 tm
1812 737 1858 763 καὶ
1868 735 1910 762 τό·

1129 855 1136 863 ,
1160 856 1166 862 .
1190 856 1196 863 ,
1217 856 1224 862 .
1245 837 1384 870 Ὕστερον
1396 834 1467 863 αὖτε
1477 837 1512 863 τὰ
1527 837 1671 869 πείσεται,
1686 836 1766 863 ὅσσα
1788 835 1816 863 el
1833 835 1913 863 Αἶσα

1129 872 1153 897 Γ
1154 871 1295 905 εινομένῳ
1306 871 1436 904 ἐπένησε
1451 872 1534 903 λίνῳ,
1549 871 1598 898 ὅτε
1611 881 1664 906 μιν
1674 873 1739 898 τέκε
1753 871 1859 905 μήτηρ,

1127 928 1157 954 τὸ
1172 927 1237 954 αὐτὸ
1254 928 1385 963 βούλεται.
1398 929 1435 954 Οὐ
1448 928 1512 964 γὰρ,
1529 930 1570 956 ὅτι
1581 929 1680 955 ιπάντα
1697 927 1770 962 αὑτῴ
1794 928 1854 954 καθ’
1875 928 1914 954 εἱ-

1130 973 1271 1008 μαρμένην
1285 973 1319 999 τὰ
1337 973 1405 1008 μετὰ
1416 973 1502 1000 ταῦτα
1516 974 1695 1010 συμϐήσεται,
1705 973 1787 1007 λέγει,
1806 973 1860 999 ἀλλ’
1872 973 1914 999 ὅτι

1128 1019 1188 1045 κατ’
1205 1019 1328 1054 ἀνάγκην
1343 1019 1417 1054 αὐτῷ
1432 1028 1492 1046 τινα
1517 1019 1696 1056 συμϐήσεται.
1728 1020 1758 1046 'H
1770 1019 1824 1055 γὰρ
1847 1019 1894 1046 τοῦ
1904 1040 1912 1051 ,

1129 1065 1218 1096 ὅσσα.
1234 1065 1373 1101 διαστολὴ,
1401 1066 1427 1092 τί
1445 1074 1509 1092 ποτε
1526 1066 1617 1102 ἕτερον
1633 1066 1650 1101 ἣ
1669 1065 1747 1092 τοῦτο
1767 1065 1914 1101 σημαίνει;

1129 1111 1217 1137 Πολλὰ
1227 1111 1255 1136 δὲ
1269 1111 1329 1137 κατ’
1341 1112 1462 1147 ἀνάγκην
1474 1113 1549 1147 ἡμῖν,
1570 1113 1593 1138 εὶ
1610 1112 1655 1138 καὶ
1672 1111 1709 1147 μὴ
1725 1111 1812 1138 πάντα
1827 1131 1834 1144 ,
1855 1111 1914 1138 ἐπί-

1129 1164 1226 1182 κειται.
1243 1156 1296 1182 Καὶ
1310 1156 1350 1182 τόο

1129 1265 1242 1299 Illa/"par
1267 1265 1293 1291 δ’
1306 1266 1410 1293 οὔτινά
1429 1275 1502 1302 φημι
1523 1270 1714 1303 πεφυγμένον
1727 1269 1848 1339 ἕμμῦςναέ
1863 1269 1916 1297 ἀνι-

1804 1313 1878 1338 ρων,

1804 1313 1878 1338 ρων,

1130 1356 1229 1392 ἄριστα
1244 1358 1360 1393 εῐρηται.
1375 1358 1422 1390 Τίς
1436 1359 1490 1395 γάρ
1499 1359 1532 1386 ἂν
1549 1359 1655 1387 δύναιτο
1672 1361 1710 1389 τὰ
1719 1362 1778 1388 κατ’
1793 1362 1916 1398 ἀνάγκην

1131 1403 1212 1429 παντὶ
1229 1403 1290 1439 ζώῳ
1303 1405 1490 1439 συγκυροῦντα
1500 1406 1658 1441 διαφυγεῖνς
1677 1408 1752 1434 Ὧστ’
1773 1407 1822 1443 οὐχ
1841 1408 1916 1440 ὅπως

1132 1448 1275 1483 σύμψηφον
1298 1449 1330 1476 ἂν
1349 1450 1406 1484 ἔχοι
1428 1450 1473 1477 τὸν
1498 1452 1620 1487 Ὅμηρον
1642 1451 1803 1487 Χρύσιππος
1822 1453 1851 1478 ὲν
1876 1453 1917 1488 τῷ

1131 1494 1219 1520 πάντα
1234 1493 1293 1520 καθ’
1308 1495 1477 1531 εἱμαρμένην
1490 1496 1611 1530 γίνεσθαι
1631 1495 1749 1532 νομίζειν
1761 1518 1768 1528 ,
1790 1497 1857 1524 ἀλλὰ
1870 1499 1918 1524 καὶ

1132 1539 1336 1575 ἐναντιούμενον
1347 1561 1354 1573 ,
1376 1541 1403 1567 εἷ
1420 1550 1451 1576 γε
1464 1543 1566 1574 ἐκεῖνος
1579 1543 1639 1578 μὲν,
1657 1543 1698 1570 ὃτι
1719 1544 1802 1570 πολλὰ
1813 1544 1917 1578 γίνεται

1133 1585 1197 1620 παρ’
1214 1586 1297 1621 ἡμᾶς,
1310 1586 1401 1621 σαφῶς
1411 1588 1456 1614 καὶ
1468 1588 1596 1620 πολλάκις
1607 1589 1710 1624 εἴρηκε,
1724 1589 1754 1615 τὺ
1764 1589 1785 1615 δ’
1798 1590 1835 1616 ὅτι
1846 1590 1919 1617 κατὰ

1133 1632 1254 1667 ἀνάγκην
1274 1632 1360 1660 πάντα
1373 1633 1523 1668 συμϐαίνει,
1541 1634 1658 1670 οὐδαμοῦ
1674 1635 1762 1670 ῥητῶς
1784 1635 1869 1668 λέγων
1885 1635 1918 1662 ἂν

1133 1678 1267 1714 εὑρεθείη.
1290 1679 1345 1705 Καὶ
1363 1679 1401 1714 τῷ
1420 1681 1518 1715 ποιητῇ
1533 1679 1600 1714 μὲν,
1617 1680 1664 1706 ἅτε
1676 1680 1706 1706 οὐ
1716 1680 1767 1716 τὴν
1789 1680 1919 1715 ἀλήθειαν

1133 1712 1198 1761 ἡμῖν
1212 1712 1260 1760 τῆς
1274 1725 1328 1752 τῶν
1339 1712 1423 1753 ὄντων
1439 1712 1545 1761 φύσεως
1559 1712 1774 1761 ὑπισχνουμένίρ,
1792 1712 1859 1753 ἀλλὰ
1872 1735 1920 1761 με-

1136 1770 1258 1806 μιγμένῳ
1279 1771 1351 1806 πάθη
1373 1780 1402 1797 τε
1418 1771 1465 1798 καὶ
1479 1771 1541 1807 ἢθη,
1559 1771 1606 1798 καὶ
1623 1771 1700 1804 δόξας
1723 1772 1852 1803 παντοίας
1873 1773 1917 1798 ἁν-

1134 1814 1259 1850 θρὼπων,
1278 1817 1412 1852 ἁρμόττον
1423 1816 1456 1842 ἂν
1467 1816 1508 1851 εἴη
1526 1816 1573 1842 καὶ
1588 1815 1621 1842 τά
1632 1815 1738 1842 ἐναντία
1752 1815 1842 1850 λέγειν
1855 1816 1919 1842 πολ-

1134 1858 1228 1891 λάκις’
1255 1860 1390 1896 φιλοσόφῳ
1408 1860 1436 1887 δὲ
1459 1861 1519 1887 οὐδὲ
1541 1860 1575 1887 τὰ
1598 1861 1704 1887 ἐναντία
1729 1860 1833 1895 λέγειν,
1858 1861 1920 1888 οὐδὲ

1135 1908 1232 1942 ποιητῇ
1250 1906 1282 1932 δι’
1296 1907 1360 1933 αὑτὺ
1372 1906 1451 1933 τοῦτο
1471 1906 1588 1942 χρῆσθαι
1605 1906 1733 1942 μάρτυρι.
1751 1916 1760 1932 ι
1779 1907 1834 1934 Καὶ
1860 1907 1919 1940 μεθ’

1136 1952 1217 1987 ἕτερά
1242 1961 1324 1987 φησι·
1341 1962 1350 1977 ι
1368 1953 1522 1988 Τεκμήριον
1547 1952 1575 1978 δὲ
1602 1952 1666 1979 ἄλλο
1692 1952 1800 1988 ἰσχυρὸν
1826 1953 1921 1988 φέρειν

1136 1997 1297 2033 Χρύσιππος
1319 1998 1403 2024 οἴεται
1427 1998 1475 2032 τῆς
1491 1998 1519 2023 ὲν
1539 1997 1639 2024 ἅπασιν
1665 1997 1853 2033 εἱμαρμένης,
1871 1999 1921 2034 τὴν

1136 2044 1209 2070 θέσιν
1226 2043 1279 2070 τῶν
1294 2043 1421 2070 τοιούτων
1436 2043 1585 2078 ὀνομάτων.
1609 2044 1663 2079 Τήν
1685 2052 1715 2070 τε
1731 2044 1784 2079 γὰρ
1809 2053 1921 2079 πεπρω-

1139 2089 1221 2124 μένην
1236 2088 1290 2124 (89)
1310 2087 1524 2124 πεπερασμένην
1536 2088 1598 2115 τινά
1613 2098 1695 2125 φησιν
1710 2086 1780 2116 εἷναι
1797 2089 1844 2116 καὶ
1858 2098 1920 2116 συν-

1135 2135 1329 2170 τετελεσμένην
1340 2135 1480 2169 διοίκησιν,
1492 2136 1542 2170 τήν
1555 2144 1584 2161 τε
1597 2135 1765 2171 εἱμαρμένην
1778 2136 1920 2171 εἰρομένην

1136 2180 1206 2212 τινὰ,
1224 2181 1278 2206 εῖτε
1294 2181 1326 2206 ὲκ
1344 2181 1411 2206 Θεοῦ
1427 2181 1587 2216 βουλήσεως,
1605 2181 1660 2207 εἴτε
1673 2180 1702 2213 ἐξ
1718 2179 1752 2216 ἧς
1766 2181 1866 2216 δήποτε
1879 2182 1921 2208 ai-

1137 2227 1207 2258 τίας.
1229 2226 1309 2253 Ἀλλὰ
1317 2227 1364 2253 καὶ
1379 2227 1428 2258 τὰς
1441 2227 1546 2262 Μοίρας
1558 2227 1713 2262 ὠνομάσθαι
1738 2227 1791 2254 ἀπὸ
1807 2227 1854 2254 τοῦ
1873 2236 1921 2263 με-

1139 2273 1266 2308 μερίσθαι
1293 2273 1340 2298 καὶ
1365 2272 1600 2308 κατανενεμῆσθαι
1626 2281 1686 2300 τινα
1707 2273 1783 2308 ήμῶν
1801 2273 1919 2308 ἑκάστῳ.

1138 2318 1214 2345 Οὕτω
1234 2318 1262 2344 δὲ
1282 2318 1328 2344 καὶ
1351 2318 1381 2344 τὸ
1396 2318 1484 2354 χρεὼν
1506 2319 1641 2354 εἰρῆσθαι,
1661 2319 1690 2346 τὸ
1709 2319 1852 2346 ἐπιϐάλλον
1876 2320 1922 2346 καὶ

1137 2364 1255 2399 καθῆκον
1280 2363 1349 2390 κατὰ
1372 2364 1421 2399 τὴν
1435 2364 1613 2400 εἱμαρμένην.
1629 2364 1680 2398 Τόν
1695 2373 1723 2391 τε
1738 2365 1853 2400 ἀριθμὸν
1867 2365 1921 2391 τῶν

1137 2409 1246 2445 Μοιρῶν
1259 2410 1319 2441 τοὺς
1335 2410 1409 2445 τρεῖς
1423 2409 1565 2437 ὑποϐάλλει
1579 2410 1700 2445 χρόνους,
1718 2413 1746 2437 έν
1759 2409 1800 2442 οἷς
1815 2411 1922 2438 κυκλεῖ-

1137 2465 1181 2482 ται
1197 2456 1230 2482 τὰ
1244 2456 1342 2487 πάντα,
1361 2456 1407 2482 καὶ
1421 2456 1454 2482 δι’
1473 2453 1510 2483 ὧν
1529 2456 1707 2483 ἐπιτελεῖται*
1733 2457 1779 2483 καὶ
1805 2457 1922 2492 Λάχεσιν

1141 2505 1189 2540 μὲν
1215 2504 1363 2539 κεκλῆσθαι
1387 2504 1462 2540 παρὰ
1485 2505 1515 2530 τὸ
1536 2504 1681 2539 λαγχάνειν
1699 2504 1804 2539 ἑκάστῳ
1823 2504 1853 2531 τὸ
1873 2512 1922 2530 πε-

1139 2551 1298 2586 πρωμένον
1325 2551 1459 2587 Ἄτροπον
1486 2551 1515 2577 δὲ
1551 2551 1622 2577 κατὰ
1650 2551 1680 2576 τὸ
1711 2551 1844 2586 ἄτρεπτον
1876 2549 1921 2577 καὶ

1139 2596 1308 2631 ἀμετάϐοιτον
1321 2596 1366 2622 τοῦ
1386 2597 1518 2632 μερισμοῦ
1529 2605 1535 2612 ·
1556 2595 1659 2623 Κλωθὼ
1672 2596 1699 2622 δὲ
1716 2596 1789 2631 παρὰ
1808 2596 1839 2622 τὸ
1858 2604 1923 2630 συγ-

1140 2642 1292 2668 κεκλῶσθαι
1311 2642 1358 2668 καὶ
1384 2641 1555 2678 συνείρεσθαι
1584 2642 1618 2668 τὰ
1646 2642 1749 2674 πάντα,
1780 2642 1828 2668 καὶ
1858 2642 1922 2676 μίαν

1139 2687 1227 2714 αὐτῶν
1270 2688 1438 2724 τεταγμένην
1468 2688 1529 2715 τινὰ
1559 2688 1629 2715 εἶναι
1660 2688 1786 2721 διέξοδον.
1830 2687 1923 2714 Ταῦτα

1139 2733 1193 2768 γὰρ
1224 2733 1320 2760 καὶτὰ
1336 2733 1438 2766 τούτοις
1463 2734 1641 2769 παραπλήσια
1673 2733 1820 2768 φλυαρῶν,
1857 2734 1924 2760 ἀπο-

1139 2778 1273 2804 δεικνύναι
1291 2778 1340 2815 τὴν
1358 2779 1387 2806 ὲν
1403 2780 1504 2807 ἅπασιν
1519 2779 1640 2815 ἀνάγκην
1659 2779 1774 2815 νομίζει.
1806 2779 1883 2814 Ἐμοὶ
1895 2779 1936 2833 δὲι

415 2859 620 2903 Πεπρωμέιςην.
637 2860 811 2903 Theodoret._,
826 2871 851 2903 VII
869 2863 906 2891 De
927 2863 1041 2893 Crator.
1065 2865 1208 2902 αθέειίοηη
1231 2868 1321 2896 locum
1340 2867 1422 2900 hunc,
1451 2867 1586 2903 praeterito
1615 2866 1774 2902 Diogentani
1803 2865 1924 2894 nomine.

315 2894 425 2922 totidem
440 2903 506 2930 pene
518 2896 607 2923 verbis
623 2901 781 2929 conceptum
798 2898 887 2926 habet.
