  <div class='ocr_page' id='page_1' title='image "/cluster/home/n/w/nwhite01/storage/ocr_20150623/21/njp.32101077772489/258.png"; bbox 0 0 2063 3211; ppageno 0'>
   <div class='ocr_carea' id='block_1_1' title="bbox 126 158 177 187">
    <p class='ocr_par' dir='ltr' id='par_1_1' title="bbox 126 158 177 187">
     <span class='ocr_line' id='line_1_1' title="bbox 126 158 177 187; baseline 0.02 -1"><span class='ocrx_word' id='word_1_1' title='bbox 126 158 177 187; x_wconf 69' lang='lat' dir='ltr'><strong>M9</strong></span> 
     </span>
    </p>
   </div>
   <div class='ocr_carea' id='block_1_2' title="bbox 714 157 1174 187">
    <p class='ocr_par' dir='ltr' id='par_1_2' title="bbox 714 157 1174 187">
     <span class='ocr_line' id='line_1_2' title="bbox 714 157 1174 187; baseline -0.002 0"><span class='ocrx_word' id='word_1_2' title='bbox 714 158 876 187; x_wconf 68' lang='lat' dir='ltr'><strong>PREPAR.</strong></span> <span class='ocrx_word' id='word_1_3' title='bbox 897 157 1023 187; x_wconf 74' lang='lat' dir='ltr'><strong>EVANG.</strong></span> <span class='ocrx_word' id='word_1_4' title='bbox 1045 158 1110 187; x_wconf 85' lang='lat' dir='ltr'><strong>LIB.</strong></span> <span class='ocrx_word' id='word_1_5' title='bbox 1129 158 1174 187; x_wconf 80' lang='lat' dir='ltr'><strong>Vl.</strong></span> 
     </span>
    </p>
   </div>
   <div class='ocr_carea' id='block_1_3' title="bbox 1708 162 1762 190">
    <p class='ocr_par' dir='ltr' id='par_1_3' title="bbox 1708 162 1762 190">
     <span class='ocr_line' id='line_1_3' title="bbox 1708 162 1762 190; baseline 0 0"><span class='ocrx_word' id='word_1_6' title='bbox 1708 162 1762 190; x_wconf 69' lang='grc'><strong>451)</strong></span> 
     </span>
    </p>
   </div>
   <div class='ocr_carea' id='block_1_4' title="bbox 129 216 921 253">
    <p class='ocr_par' dir='ltr' id='par_1_4' title="bbox 129 216 921 253">
     <span class='ocr_line' id='line_1_4' title="bbox 129 216 921 253; baseline 0.001 -9"><span class='ocrx_word' id='word_1_7' title='bbox 129 216 284 253; x_wconf 68' lang='grc' dir='ltr'>θαυμάζειν</span> <span class='ocrx_word' id='word_1_8' title='bbox 299 216 416 251; x_wconf 71' lang='grc' dir='ltr'>ἔπεισιν,</span> <span class='ocrx_word' id='word_1_9' title='bbox 429 217 454 244; x_wconf 79' lang='grc' dir='ltr'>εἰ</span> <span class='ocrx_word' id='word_1_10' title='bbox 478 216 593 244; x_wconf 83' lang='grc' dir='ltr'>τοιαῦτα</span> <span class='ocrx_word' id='word_1_11' title='bbox 610 216 696 251; x_wconf 76' lang='grc' dir='ltr'>λέγων</span> <span class='ocrx_word' id='word_1_12' title='bbox 720 217 771 244; x_wconf 74' lang='grc' dir='ltr'>οὐκ</span> <span class='ocrx_word' id='word_1_13' title='bbox 791 217 921 253; x_wconf 72' lang='grc' dir='ltr'><strong>ᾐσθάνετο</strong></span> 
     </span>
    </p>
   </div>
   <div class='ocr_carea' id='block_1_5' title="bbox 972 216 1764 253">
    <p class='ocr_par' dir='ltr' id='par_1_5' title="bbox 976 216 1764 253">
     <span class='ocr_line' id='line_1_5' title="bbox 976 216 1764 253; baseline 0.003 -10"><span class='ocrx_word' id='word_1_14' title='bbox 976 216 1194 251; x_wconf 77' lang='grc' dir='ltr'>συγκεκλῶσθαι,</span> <span class='ocrx_word' id='word_1_15' title='bbox 1219 216 1291 252; x_wconf 88' lang='lat' dir='ltr'><strong>quod</strong></span> <span class='ocrx_word' id='word_1_16' title='bbox 1310 224 1365 245; x_wconf 90' lang='lat' dir='ltr'><strong>uno</strong></span> <span class='ocrx_word' id='word_1_17' title='bbox 1387 217 1470 245; x_wconf 86' lang='lat' dir='ltr'><strong>veluti</strong></span> <span class='ocrx_word' id='word_1_18' title='bbox 1492 224 1686 253; x_wconf 81' lang='lat' dir='ltr'><strong>communique</strong></span> <span class='ocrx_word' id='word_1_19' title='bbox 1707 224 1764 246; x_wconf 76' lang='lat' dir='ltr'><strong>sta-</strong></span> 
     </span>
    </p>
   </div>
   <div class='ocr_carea' id='block_1_6' title="bbox 130 263 920 300">
    <p class='ocr_par' dir='ltr' id='par_1_6' title="bbox 130 263 920 300">
     <span class='ocr_line' id='line_1_6' title="bbox 130 263 920 300; baseline 0 -10"><span class='ocrx_word' id='word_1_20' title='bbox 130 265 177 300; x_wconf 67' lang='grc' dir='ltr'>τῆς</span> <span class='ocrx_word' id='word_1_21' title='bbox 194 263 390 299; x_wconf 79' lang='grc' dir='ltr'><strong>ματαιολογίας</strong></span> <span class='ocrx_word' id='word_1_22' title='bbox 415 263 466 298; x_wconf 80' lang='grc' dir='ltr'><strong>τῆς</strong></span> <span class='ocrx_word' id='word_1_23' title='bbox 489 263 597 290; x_wconf 78' lang='grc' dir='ltr'>ἑαυτοῦ.</span> <span class='ocrx_word' id='word_1_24' title='bbox 618 264 708 290; x_wconf 81' lang='grc' dir='ltr'><strong>Ἔστω</strong></span> <span class='ocrx_word' id='word_1_25' title='bbox 737 264 790 300; x_wconf 78' lang='grc' dir='ltr'><strong>γὰρ</strong></span> <span class='ocrx_word' id='word_1_26' title='bbox 808 264 920 296; x_wconf 78' lang='grc' dir='ltr'><strong>ταύταις</strong></span> 
     </span>
    </p>
   </div>
   <div class='ocr_carea' id='block_1_7' title="bbox 131 309 920 345">
    <p class='ocr_par' dir='ltr' id='par_1_7' title="bbox 131 309 920 345">
     <span class='ocr_line' id='line_1_7' title="bbox 131 309 920 345; baseline -0.003 -7"><span class='ocrx_word' id='word_1_27' title='bbox 131 312 187 342; x_wconf 83' lang='grc' dir='ltr'>ταῖς</span> <span class='ocrx_word' id='word_1_28' title='bbox 201 310 320 342; x_wconf 75' lang='grc' dir='ltr'><strong>ἐννοίαις</strong></span> <span class='ocrx_word' id='word_1_29' title='bbox 334 309 520 345; x_wconf 74' lang='grc' dir='ltr'><strong>κεχρημένους</strong></span> <span class='ocrx_word' id='word_1_30' title='bbox 532 310 594 342; x_wconf 79' lang='grc' dir='ltr'>τοὺς</span> <span class='ocrx_word' id='word_1_31' title='bbox 614 309 782 345; x_wconf 73' lang='grc' dir='ltr'><strong>ἀνθρώπους⁷</strong></span> <span class='ocrx_word' id='word_1_32' title='bbox 797 310 857 336; x_wconf 79' lang='grc' dir='ltr'>καθ’</span> <span class='ocrx_word' id='word_1_33' title='bbox 874 309 920 342; x_wconf 78' lang='grc' dir='ltr'>οὓς</span> 
     </span>
    </p>
   </div>
   <div class='ocr_carea' id='block_1_8' title="bbox 132 355 921 391">
    <p class='ocr_par' dir='ltr' id='par_1_8' title="bbox 132 355 921 391">
     <span class='ocr_line' id='line_1_8' title="bbox 132 355 921 391; baseline -0.001 -8"><span class='ocrx_word' id='word_1_34' title='bbox 132 356 208 388; x_wconf 76' lang='grc' dir='ltr'>αὐτὸς</span> <span class='ocrx_word' id='word_1_35' title='bbox 226 355 398 391; x_wconf 76' lang='grc' dir='ltr'>ἑτυμολογεῖ,</span> <span class='ocrx_word' id='word_1_36' title='bbox 411 355 445 382; x_wconf 81' lang='grc' dir='ltr'><strong>τὰ</strong></span> <span class='ocrx_word' id='word_1_37' title='bbox 467 355 586 390; x_wconf 86' lang='grc' dir='ltr'>ὀνόματα</span> <span class='ocrx_word' id='word_1_38' title='bbox 614 355 749 382; x_wconf 82' lang='grc' dir='ltr'>τεθεῖσθαι</span> <span class='ocrx_word' id='word_1_39' title='bbox 776 355 809 382; x_wconf 84' lang='grc' dir='ltr'><strong>τὰ</strong></span> <span class='ocrx_word' id='word_1_40' title='bbox 832 355 921 382; x_wconf 76' lang='grc' dir='ltr'>ἐκκεί-</span> 
     </span>
    </p>
   </div>
   <div class='ocr_carea' id='block_1_9' title="bbox 135 401 920 438">
    <p class='ocr_par' dir='ltr' id='par_1_9' title="bbox 135 401 920 438">
     <span class='ocr_line' id='line_1_9' title="bbox 135 401 920 438; baseline -0.004 -9"><span class='ocrx_word' id='word_1_41' title='bbox 135 410 209 438; x_wconf 82' lang='grc' dir='ltr'>μενα,</span> <span class='ocrx_word' id='word_1_42' title='bbox 227 401 390 434; x_wconf 80' lang='grc' dir='ltr'><strong>δοξάζοντας</strong></span> <span class='ocrx_word' id='word_1_43' title='bbox 404 401 449 427; x_wconf 66' lang='grc' dir='ltr'><strong>τὰ</strong></span> <span class='ocrx_word' id='word_1_44' title='bbox 461 401 549 427; x_wconf 69' lang='grc' dir='ltr'>πάντα</span> <span class='ocrx_word' id='word_1_45' title='bbox 572 401 761 436; x_wconf 77' lang='grc' dir='ltr'><strong>κατειληφέναι</strong></span> <span class='ocrx_word' id='word_1_46' title='bbox 784 401 920 436; x_wconf 81' lang='grc' dir='ltr'>εἱμαρμέ-</span> 
     </span>
    </p>
   </div>
   <div class='ocr_carea' id='block_1_10' title="bbox 131 445 922 483">
    <p class='ocr_par' dir='ltr' id='par_1_10' title="bbox 131 445 922 483">
     <span class='ocr_line' id='line_1_10' title="bbox 131 445 922 483; baseline -0.003 -8"><span class='ocrx_word' id='word_1_47' title='bbox 131 456 190 483; x_wconf 78' lang='grc' dir='ltr'>νην,</span> <span class='ocrx_word' id='word_1_48' title='bbox 207 448 255 474; x_wconf 74' lang='grc' dir='ltr'>καὶ</span> <span class='ocrx_word' id='word_1_49' title='bbox 267 447 452 482; x_wconf 81' lang='grc' dir='ltr'><strong>ἀμεταθέτους</strong></span> <span class='ocrx_word' id='word_1_50' title='bbox 472 445 540 472; x_wconf 74' lang='grc' dir='ltr'>εἶναι</span> <span class='ocrx_word' id='word_1_51' title='bbox 553 447 602 478; x_wconf 77' lang='grc' dir='ltr'>τὰς</span> <span class='ocrx_word' id='word_1_52' title='bbox 615 447 645 479; x_wconf 77' lang='grc' dir='ltr'>ἐξ</span> <span class='ocrx_word' id='word_1_53' title='bbox 665 447 761 478; x_wconf 73' lang='grc' dir='ltr'>αἰῶνος</span> <span class='ocrx_word' id='word_1_54' title='bbox 776 455 922 482; x_wconf 74' lang='grc' dir='ltr'>προκατειο</span> 
     </span>
    </p>
   </div>
   <div class='ocr_carea' id='block_1_11' title="bbox 131 490 922 529">
    <p class='ocr_par' dir='ltr' id='par_1_11' title="bbox 131 490 922 529">
     <span class='ocr_line' id='line_1_11' title="bbox 131 490 922 529; baseline -0.004 -9"><span class='ocrx_word' id='word_1_55' title='bbox 131 493 273 529; x_wconf 84' lang='grc' dir='ltr'>λημμένας</span> <span class='ocrx_word' id='word_1_56' title='bbox 289 492 346 528; x_wconf 89' lang='grc'>(90)</span> <span class='ocrx_word' id='word_1_57' title='bbox 373 493 402 519; x_wconf 88' lang='grc' dir='ltr'>ὲν</span> <span class='ocrx_word' id='word_1_58' title='bbox 419 493 483 518; x_wconf 76' lang='grc' dir='ltr'>πᾶσι</span> <span class='ocrx_word' id='word_1_59' title='bbox 499 493 555 524; x_wconf 87' lang='grc' dir='ltr'>τοῖς</span> <span class='ocrx_word' id='word_1_60' title='bbox 582 490 640 518; x_wconf 79' lang='grc' dir='ltr'>οὖσί</span> <span class='ocrx_word' id='word_1_61' title='bbox 657 500 685 518; x_wconf 82' lang='grc' dir='ltr'>τε</span> <span class='ocrx_word' id='word_1_62' title='bbox 708 492 754 518; x_wconf 64' lang='grc' dir='ltr'>καὶ</span> <span class='ocrx_word' id='word_1_63' title='bbox 770 491 922 527; x_wconf 78' lang='grc' dir='ltr'><strong>γινομένοις</strong></span> 
     </span>
    </p>
   </div>
   <div class='ocr_carea' id='block_1_12' title="bbox 131 534 921 572">
    <p class='ocr_par' dir='ltr' id='par_1_12' title="bbox 131 534 921 572">
     <span class='ocr_line' id='line_1_12' title="bbox 131 534 921 572; baseline -0.003 -8"><span class='ocrx_word' id='word_1_64' title='bbox 131 539 237 570; x_wconf 77' lang='grc' dir='ltr'>αἰτίοις.</span> <span class='ocrx_word' id='word_1_65' title='bbox 252 538 285 564; x_wconf 83' lang='grc' dir='ltr'>Τί</span> <span class='ocrx_word' id='word_1_66' title='bbox 302 535 348 564; x_wconf 80' lang='grc' dir='ltr'>οὖν</span> <span class='ocrx_word' id='word_1_67' title='bbox 367 537 531 569; x_wconf 81' lang='grc' dir='ltr'>ἀκολουθεῖς.</span> <span class='ocrx_word' id='word_1_68' title='bbox 547 534 569 563; x_wconf 80' lang='grc' dir='ltr'><strong>ὦ</strong></span> <span class='ocrx_word' id='word_1_69' title='bbox 580 537 735 572; x_wconf 75' lang='grc' dir='ltr'><strong>Χρύσιππε,</strong></span> <span class='ocrx_word' id='word_1_70' title='bbox 746 537 846 568; x_wconf 77' lang='grc' dir='ltr'>πάσαις</span> <span class='ocrx_word' id='word_1_71' title='bbox 861 538 921 568; x_wconf 85' lang='grc' dir='ltr'>ταῖς</span> 
     </span>
    </p>
   </div>
   <div class='ocr_carea' id='block_1_13' title="bbox 130 583 921 621">
    <p class='ocr_par' dir='ltr' id='par_1_13' title="bbox 130 583 921 621">
     <span class='ocr_line' id='line_1_13' title="bbox 130 583 921 621; baseline -0.004 -10"><span class='ocrx_word' id='word_1_72' title='bbox 130 584 185 610; x_wconf 82' lang='grc' dir='ltr'><strong>τῶν</strong></span> <span class='ocrx_word' id='word_1_73' title='bbox 199 584 351 621; x_wconf 81' lang='grc' dir='ltr'>ἀνθρώπων</span> <span class='ocrx_word' id='word_1_74' title='bbox 365 584 470 616; x_wconf 72' lang='grc' dir='ltr'>δόξαιςς</span> <span class='ocrx_word' id='word_1_75' title='bbox 486 584 532 611; x_wconf 77' lang='grc' dir='ltr'>καὶ</span> <span class='ocrx_word' id='word_1_76' title='bbox 548 583 660 618; x_wconf 71' lang='grc' dir='ltr'>οὐδεμία.</span> <span class='ocrx_word' id='word_1_77' title='bbox 671 592 711 609; x_wconf 90' lang='grc' dir='ltr'><strong>σοι</strong></span> <span class='ocrx_word' id='word_1_78' title='bbox 726 583 790 618; x_wconf 76' lang='grc' dir='ltr'>περὶ</span> <span class='ocrx_word' id='word_1_79' title='bbox 817 583 921 614; x_wconf 76' lang='grc' dir='ltr'>οὐδενὸς</span> 
     </span>
    </p>
   </div>
   <div class='ocr_carea' id='block_1_14' title="bbox 132 628 921 665">
    <p class='ocr_par' dir='ltr' id='par_1_14' title="bbox 132 628 921 665">
     <span class='ocr_line' id='line_1_14' title="bbox 132 628 921 665; baseline -0.001 -10"><span class='ocrx_word' id='word_1_80' title='bbox 132 631 257 665; x_wconf 82' lang='grc' dir='ltr'>φαίνεται</span> <span class='ocrx_word' id='word_1_81' title='bbox 270 630 468 665; x_wconf 78' lang='grc' dir='ltr'>διεψευσμένη;</span> <span class='ocrx_word' id='word_1_82' title='bbox 502 629 582 655; x_wconf 75' lang='grc' dir='ltr'>Ἀλλὰ</span> <span class='ocrx_word' id='word_1_83' title='bbox 601 630 699 660; x_wconf 76' lang='grc' dir='ltr'>πάντες</span> <span class='ocrx_word' id='word_1_84' title='bbox 728 630 777 664; x_wconf 81' lang='grc' dir='ltr'><strong>τῆς</strong></span> <span class='ocrx_word' id='word_1_85' title='bbox 793 628 921 663; x_wconf 78' lang='grc' dir='ltr'><strong>ἀληθείας</strong></span> 
     </span>
    </p>
   </div>
   <div class='ocr_carea' id='block_1_15' title="bbox 131 671 919 708">
    <p class='ocr_par' dir='ltr' id='par_1_15' title="bbox 131 671 919 708">
     <span class='ocr_line' id='line_1_15' title="bbox 131 671 919 708; baseline 0 -9"><span class='ocrx_word' id='word_1_86' title='bbox 131 673 184 700; x_wconf 69' lang='lat' dir='ltr'><strong>eici.</strong></span> <span class='ocrx_word' id='word_1_87' title='bbox 217 673 394 708; x_wconf 84' lang='grc' dir='ltr'>θεωρητικοί;</span> <span class='ocrx_word' id='word_1_88' title='bbox 413 673 474 704; x_wconf 81' lang='grc' dir='ltr'><strong>Πῶς</strong></span> <span class='ocrx_word' id='word_1_89' title='bbox 499 671 544 699; x_wconf 75' lang='grc' dir='ltr'>οὖν</span> <span class='ocrx_word' id='word_1_90' title='bbox 570 673 663 700; x_wconf 73' lang='grc' dir='ltr'>οὐδένα</span> <span class='ocrx_word' id='word_1_91' title='bbox 689 673 741 708; x_wconf 79' lang='grc' dir='ltr'>φῂς</span> <span class='ocrx_word' id='word_1_92' title='bbox 768 673 919 708; x_wconf 82' lang='grc' dir='ltr'>ἄνθρωπον,</span> 
     </span>
    </p>
   </div>
   <div class='ocr_carea' id='block_1_16' title="bbox 131 718 921 755">
    <p class='ocr_par' dir='ltr' id='par_1_16' title="bbox 131 718 921 755">
     <span class='ocr_line' id='line_1_16' title="bbox 131 718 921 755; baseline 0 -10"><span class='ocrx_word' id='word_1_93' title='bbox 131 719 160 751; x_wconf 80' lang='grc' dir='ltr'>ὓς</span> <span class='ocrx_word' id='word_1_94' title='bbox 173 718 235 754; x_wconf 78' lang='grc' dir='ltr'><strong>οὺχὶ</strong></span> <span class='ocrx_word' id='word_1_95' title='bbox 255 718 397 754; x_wconf 81' lang='grc' dir='ltr'>μαίνεσθαί</span> <span class='ocrx_word' id='word_1_96' title='bbox 415 727 455 745; x_wconf 85' lang='grc' dir='ltr'><strong>σοι</strong></span> <span class='ocrx_word' id='word_1_97' title='bbox 466 719 539 745; x_wconf 76' lang='grc' dir='ltr'>δοκεῖ</span> <span class='ocrx_word' id='word_1_98' title='bbox 551 719 608 745; x_wconf 79' lang='grc' dir='ltr'>κατ’</span> <span class='ocrx_word' id='word_1_99' title='bbox 627 718 682 745; x_wconf 82' lang='grc' dir='ltr'>ἴσον</span> <span class='ocrx_word' id='word_1_100' title='bbox 705 719 818 755; x_wconf 77' lang='grc' dir='ltr'><strong>Ὀρέστῃ</strong></span> <span class='ocrx_word' id='word_1_101' title='bbox 833 727 862 745; x_wconf 86' lang='grc' dir='ltr'>τε</span> <span class='ocrx_word' id='word_1_102' title='bbox 876 719 921 745; x_wconf 76' lang='grc' dir='ltr'>καὶ</span> 
     </span>
    </p>
   </div>
   <div class='ocr_carea' id='block_1_17' title="bbox 138 765 922 800">
    <p class='ocr_par' dir='ltr' id='par_1_17' title="bbox 138 765 922 800">
     <span class='ocr_line' id='line_1_17' title="bbox 138 765 922 800; baseline -0.001 -8"><span class='ocrx_word' id='word_1_103' title='bbox 138 765 315 800; x_wconf 75' lang='grc' dir='ltr'><strong>Ἀλκμαίωνι,</strong></span> <span class='ocrx_word' id='word_1_104' title='bbox 329 765 399 800; x_wconf 55' lang='lat' dir='ltr'><strong>rel-ip!</strong></span> <span class='ocrx_word' id='word_1_105' title='bbox 418 765 464 791; x_wconf 81' lang='grc' dir='ltr'><strong>τοῦ</strong></span> <span class='ocrx_word' id='word_1_106' title='bbox 480 765 579 799; x_wconf 72' lang='grc' dir='ltr'>σοφοῦ;</span> <span class='ocrx_word' id='word_1_107' title='bbox 603 765 651 791; x_wconf 86' lang='grc' dir='ltr'>ἓνα</span> <span class='ocrx_word' id='word_1_108' title='bbox 682 765 709 791; x_wconf 86' lang='grc' dir='ltr'>δὲ</span> <span class='ocrx_word' id='word_1_109' title='bbox 725 765 741 800; x_wconf 80' lang='grc' dir='ltr'>ἢ</span> <span class='ocrx_word' id='word_1_110' title='bbox 763 765 809 791; x_wconf 78' lang='grc' dir='ltr'>δύο</span> <span class='ocrx_word' id='word_1_111' title='bbox 826 765 922 800; x_wconf 79' lang='grc' dir='ltr'>μόνους</span> 
     </span>
    </p>
   </div>
   <div class='ocr_carea' id='block_1_18' title="bbox 133 813 921 848">
    <p class='ocr_par' dir='ltr' id='par_1_18' title="bbox 133 813 921 848">
     <span class='ocr_line' id='line_1_18' title="bbox 133 813 921 848; baseline 0.001 -10"><span class='ocrx_word' id='word_1_112' title='bbox 133 813 185 847; x_wconf 72' lang='grc' dir='ltr'><strong>φῂς</strong></span> <span class='ocrx_word' id='word_1_113' title='bbox 202 813 302 847; x_wconf 79' lang='grc' dir='ltr'>σοφοὺς</span> <span class='ocrx_word' id='word_1_114' title='bbox 310 813 461 847; x_wconf 81' lang='grc' dir='ltr'>γεγονέναι,</span> <span class='ocrx_word' id='word_1_115' title='bbox 481 814 544 845; x_wconf 73' lang='grc' dir='ltr'>τοὺς</span> <span class='ocrx_word' id='word_1_116' title='bbox 570 814 597 840; x_wconf 82' lang='grc' dir='ltr'>δὲ</span> <span class='ocrx_word' id='word_1_117' title='bbox 613 813 709 845; x_wconf 76' lang='grc' dir='ltr'>ἄλλους</span> <span class='ocrx_word' id='word_1_118' title='bbox 718 813 751 839; x_wconf 77' lang='grc' dir='ltr'>δι’</span> <span class='ocrx_word' id='word_1_119' title='bbox 767 813 921 848; x_wconf 78' lang='grc' dir='ltr'>ἀφροσύνην</span> 
     </span>
    </p>
   </div>
   <div class='ocr_carea' id='block_1_19' title="bbox 134 859 921 896">
    <p class='ocr_par' dir='ltr' id='par_1_19' title="bbox 134 859 921 896">
     <span class='ocr_line' id='line_1_19' title="bbox 134 859 921 896; baseline 0.003 -11"><span class='ocrx_word' id='word_1_120' title='bbox 134 859 233 894; x_wconf 80' lang='grc' dir='ltr'>ἐπίσης</span> <span class='ocrx_word' id='word_1_121' title='bbox 247 860 303 890; x_wconf 79' lang='grc' dir='ltr'>τοῖς</span> <span class='ocrx_word' id='word_1_122' title='bbox 318 860 527 896; x_wconf 79' lang='grc' dir='ltr'>προειρημένοις</span> <span class='ocrx_word' id='word_1_123' title='bbox 546 860 712 895; x_wconf 82' lang='grc' dir='ltr'>μεμηνέναι;</span> <span class='ocrx_word' id='word_1_124' title='bbox 729 860 791 892; x_wconf 81' lang='grc' dir='ltr'><strong>Πῶς</strong></span> <span class='ocrx_word' id='word_1_125' title='bbox 805 860 832 886; x_wconf 81' lang='grc' dir='ltr'>δὲ</span> <span class='ocrx_word' id='word_1_126' title='bbox 856 861 921 887; x_wconf 76' lang='grc' dir='ltr'>ἀνα-</span> 
     </span>
    </p>
   </div>
   <div class='ocr_carea' id='block_1_20' title="bbox 973 263 1763 299">
    <p class='ocr_par' dir='ltr' id='par_1_20' title="bbox 973 263 1763 299">
     <span class='ocr_line' id='line_1_20' title="bbox 973 263 1763 299; baseline 0.003 -10"><span class='ocrx_word' id='word_1_127' title='bbox 973 263 1046 289; x_wconf 92' lang='lat' dir='ltr'><strong>mine</strong></span> <span class='ocrx_word' id='word_1_128' title='bbox 1058 263 1138 290; x_wconf 88' lang='lat' dir='ltr'><strong>ducta</strong></span> <span class='ocrx_word' id='word_1_129' title='bbox 1148 271 1324 298; x_wconf 75' lang='lat' dir='ltr'><strong>connexaque</strong></span> <span class='ocrx_word' id='word_1_130' title='bbox 1333 263 1425 291; x_wconf 81' lang='lat' dir='ltr'><strong>omnia</strong></span> <span class='ocrx_word' id='word_1_131' title='bbox 1438 263 1502 295; x_wconf 90' lang='lat' dir='ltr'><strong>sint,</strong></span> <span class='ocrx_word' id='word_1_132' title='bbox 1511 268 1537 290; x_wconf 88' lang='lat' dir='ltr'><strong>et</strong></span> <span class='ocrx_word' id='word_1_133' title='bbox 1550 271 1634 290; x_wconf 85' lang='lat' dir='ltr'><strong>unum</strong></span> <span class='ocrx_word' id='word_1_134' title='bbox 1646 264 1763 299; x_wconf 84' lang='lat' dir='ltr'><strong>aliquem</strong></span> 
     </span>
    </p>
   </div>
   <div class='ocr_carea' id='block_1_21' title="bbox 973 310 1762 345">
    <p class='ocr_par' dir='ltr' id='par_1_21' title="bbox 973 310 1762 345">
     <span class='ocr_line' id='line_1_21' title="bbox 973 310 1762 345; baseline 0.003 -9"><span class='ocrx_word' id='word_1_135' title='bbox 973 310 1113 345; x_wconf 87' lang='lat' dir='ltr'><strong>proprium</strong></span> <span class='ocrx_word' id='word_1_136' title='bbox 1127 318 1159 337; x_wconf 85' lang='lat' dir='ltr'><strong>ac</strong></span> <span class='ocrx_word' id='word_1_137' title='bbox 1171 310 1337 345; x_wconf 82' lang='lat' dir='ltr'><strong>singularem</strong></span> <span class='ocrx_word' id='word_1_138' title='bbox 1354 317 1466 337; x_wconf 87' lang='lat' dir='ltr'><strong>cursum</strong></span> <span class='ocrx_word' id='word_1_139' title='bbox 1481 315 1507 338; x_wconf 88' lang='lat' dir='ltr'><strong>et</strong></span> <span class='ocrx_word' id='word_1_140' title='bbox 1519 310 1621 338; x_wconf 82' lang='lat' dir='ltr'><strong>exitum</strong></span> <span class='ocrx_word' id='word_1_141' title='bbox 1635 310 1762 338; x_wconf 84' lang='lat' dir='ltr'><strong>habeam.</strong></span> 
     </span>
    </p>
   </div>
   <div class='ocr_carea' id='block_1_22' title="bbox 972 355 1765 390">
    <p class='ocr_par' dir='ltr' id='par_1_22' title="bbox 972 355 1765 390">
     <span class='ocr_line' id='line_1_22' title="bbox 972 355 1765 390; baseline 0.004 -9"><span class='ocrx_word' id='word_1_142' title='bbox 972 355 1061 389; x_wconf 80' lang='lat' dir='ltr'><strong>Atque</strong></span> <span class='ocrx_word' id='word_1_143' title='bbox 1076 355 1118 382; x_wconf 86' lang='lat' dir='ltr'><strong>his</strong></span> <span class='ocrx_word' id='word_1_144' title='bbox 1130 355 1320 390; x_wconf 84' lang='lat' dir='ltr'><strong>similibusque</strong></span> <span class='ocrx_word' id='word_1_145' title='bbox 1332 356 1411 390; x_wconf 77' lang='lat' dir='ltr'><strong>nugis</strong></span> <span class='ocrx_word' id='word_1_146' title='bbox 1422 375 1429 387; x_wconf 84' lang='grc'><strong>,</strong></span> <span class='ocrx_word' id='word_1_147' title='bbox 1441 363 1501 383; x_wconf 81' lang='lat' dir='ltr'><strong>eam</strong></span> <span class='ocrx_word' id='word_1_148' title='bbox 1513 363 1542 383; x_wconf 91' lang='lat' dir='ltr'><strong>se</strong></span> <span class='ocrx_word' id='word_1_149' title='bbox 1556 355 1603 383; x_wconf 79' lang='lat' dir='ltr'><strong>fati</strong></span> <span class='ocrx_word' id='word_1_150' title='bbox 1616 356 1765 384; x_wconf 84' lang='lat' dir='ltr'><strong>necessita-</strong></span> 
     </span>
    </p>
   </div>
   <div class='ocr_carea' id='block_1_23' title="bbox 973 401 1766 437">
    <p class='ocr_par' dir='ltr' id='par_1_23' title="bbox 973 401 1766 437">
     <span class='ocr_line' id='line_1_23' title="bbox 973 401 1766 437; baseline 0.004 -10"><span class='ocrx_word' id='word_1_151' title='bbox 973 406 1039 433; x_wconf 91' lang='lat' dir='ltr'><strong>tem,</strong></span> <span class='ocrx_word' id='word_1_152' title='bbox 1053 409 1113 435; x_wconf 63' lang='lat' dir='ltr'><strong>quae</strong></span> <span class='ocrx_word' id='word_1_153' title='bbox 1127 401 1207 428; x_wconf 87' lang='lat' dir='ltr'><strong>rebus</strong></span> <span class='ocrx_word' id='word_1_154' title='bbox 1219 402 1348 428; x_wconf 89' lang='lat' dir='ltr'><strong>omnibus</strong></span> <span class='ocrx_word' id='word_1_155' title='bbox 1360 401 1526 432; x_wconf 89' lang='lat' dir='ltr'><strong>dominetur.</strong></span> <span class='ocrx_word' id='word_1_156' title='bbox 1549 402 1700 430; x_wconf 80' lang='lat' dir='ltr'><strong>confecisse</strong></span> <span class='ocrx_word' id='word_1_157' title='bbox 1713 411 1766 437; x_wconf 89' lang='lat' dir='ltr'><strong>pu-</strong></span> 
     </span>
    </p>
   </div>
   <div class='ocr_carea' id='block_1_24' title="bbox 973 447 1765 484">
    <p class='ocr_par' dir='ltr' id='par_1_24' title="bbox 973 447 1765 484">
     <span class='ocr_line' id='line_1_24' title="bbox 973 447 1765 484; baseline 0.006 -12"><span class='ocrx_word' id='word_1_158' title='bbox 973 450 1019 473; x_wconf 89' lang='lat' dir='ltr'><strong>tat.</strong></span> <span class='ocrx_word' id='word_1_159' title='bbox 1044 447 1107 473; x_wconf 85' lang='lat' dir='ltr'><strong>Mihi</strong></span> <span class='ocrx_word' id='word_1_160' title='bbox 1122 455 1185 474; x_wconf 87' lang='lat' dir='ltr'><strong>vero</strong></span> <span class='ocrx_word' id='word_1_161' title='bbox 1198 448 1275 481; x_wconf 78' lang='lat' dir='ltr'><strong>plane</strong></span> <span class='ocrx_word' id='word_1_162' title='bbox 1290 448 1382 474; x_wconf 87' lang='lat' dir='ltr'><strong>mirari</strong></span> <span class='ocrx_word' id='word_1_163' title='bbox 1396 447 1478 484; x_wconf 64' lang='grc'><strong>264</strong></span> <span class='ocrx_word' id='word_1_164' title='bbox 1489 449 1572 481; x_wconf 88' lang='lat' dir='ltr'><strong>subit,</strong></span> <span class='ocrx_word' id='word_1_165' title='bbox 1586 449 1765 484; x_wconf 86' lang='lat' dir='ltr'><strong>quemadmo-</strong></span> 
     </span>
    </p>
   </div>
   <div class='ocr_carea' id='block_1_25' title="bbox 972 492 1764 530">
    <p class='ocr_par' dir='ltr' id='par_1_25' title="bbox 972 492 1764 530">
     <span class='ocr_line' id='line_1_25' title="bbox 972 492 1764 530; baseline 0.006 -12"><span class='ocrx_word' id='word_1_166' title='bbox 972 492 1036 518; x_wconf 93' lang='lat' dir='ltr'><strong>dum</strong></span> <span class='ocrx_word' id='word_1_167' title='bbox 1052 493 1119 527; x_wconf 87' lang='lat' dir='ltr'><strong>ipse,</strong></span> <span class='ocrx_word' id='word_1_168' title='bbox 1147 493 1211 519; x_wconf 86' lang='lat' dir='ltr'><strong>dum</strong></span> <span class='ocrx_word' id='word_1_169' title='bbox 1225 494 1274 520; x_wconf 88' lang='lat' dir='ltr'><strong>ista</strong></span> <span class='ocrx_word' id='word_1_170' title='bbox 1287 493 1400 526; x_wconf 83' lang='lat' dir='ltr'><strong>diceret,</strong></span> <span class='ocrx_word' id='word_1_171' title='bbox 1423 502 1504 528; x_wconf 88' lang='lat' dir='ltr'><strong>quam</strong></span> <span class='ocrx_word' id='word_1_172' title='bbox 1524 494 1615 522; x_wconf 88' lang='lat' dir='ltr'><strong>inania</strong></span> <span class='ocrx_word' id='word_1_173' title='bbox 1627 503 1764 530; x_wconf 87' lang='lat' dir='ltr'><strong>quamque</strong></span> 
     </span>
    </p>
   </div>
   <div class='ocr_carea' id='block_1_26' title="bbox 972 537 1764 574">
    <p class='ocr_par' dir='ltr' id='par_1_26' title="bbox 972 537 1764 574">
     <span class='ocr_line' id='line_1_26' title="bbox 972 537 1764 574; baseline 0.008 -10"><span class='ocrx_word' id='word_1_174' title='bbox 972 537 1069 565; x_wconf 79' lang='lat' dir='ltr'><strong>frivola</strong></span> <span class='ocrx_word' id='word_1_175' title='bbox 1081 539 1194 571; x_wconf 83' lang='lat' dir='ltr'><strong>diceret,</strong></span> <span class='ocrx_word' id='word_1_176' title='bbox 1210 547 1263 566; x_wconf 92' lang='lat' dir='ltr'><strong>non</strong></span> <span class='ocrx_word' id='word_1_177' title='bbox 1276 541 1401 567; x_wconf 85' lang='lat' dir='ltr'><strong>senserit.</strong></span> <span class='ocrx_word' id='word_1_178' title='bbox 1426 540 1490 567; x_wconf 83' lang='lat' dir='ltr'><strong>Esto</strong></span> <span class='ocrx_word' id='word_1_179' title='bbox 1503 541 1574 568; x_wconf 90' lang='lat' dir='ltr'><strong>enim</strong></span> <span class='ocrx_word' id='word_1_180' title='bbox 1587 562 1594 574; x_wconf 96' lang='lat'><strong>,</strong></span> <span class='ocrx_word' id='word_1_181' title='bbox 1608 542 1704 569; x_wconf 82' lang='lat' dir='ltr'><strong>demus</strong></span> <span class='ocrx_word' id='word_1_182' title='bbox 1716 550 1764 570; x_wconf 91' lang='lat' dir='ltr'><strong>cos</strong></span> 
     </span>
    </p>
   </div>
   <div class='ocr_carea' id='block_1_27' title="bbox 972 585 1763 622">
    <p class='ocr_par' dir='ltr' id='par_1_27' title="bbox 972 585 1763 622">
     <span class='ocr_line' id='line_1_27' title="bbox 972 585 1763 622; baseline 0.008 -13"><span class='ocrx_word' id='word_1_183' title='bbox 972 588 1040 616; x_wconf 84' lang='lat' dir='ltr'><strong>tum,</strong></span> <span class='ocrx_word' id='word_1_184' title='bbox 1064 592 1134 619; x_wconf 89' lang='lat' dir='ltr'><strong>quos</strong></span> <span class='ocrx_word' id='word_1_185' title='bbox 1150 585 1177 611; x_wconf 93' lang='lat' dir='ltr'><strong>in</strong></span> <span class='ocrx_word' id='word_1_186' title='bbox 1190 585 1317 612; x_wconf 88' lang='lat' dir='ltr'><strong>eruendis</strong></span> <span class='ocrx_word' id='word_1_187' title='bbox 1330 587 1528 614; x_wconf 89' lang='lat' dir='ltr'><strong>&#39;notationibus</strong></span> <span class='ocrx_word' id='word_1_188' title='bbox 1552 587 1606 615; x_wconf 86' lang='lat' dir='ltr'><strong>illis</strong></span> <span class='ocrx_word' id='word_1_189' title='bbox 1627 589 1763 622; x_wconf 87' lang='lat' dir='ltr'><strong>sequitur,</strong></span> 
     </span>
    </p>
   </div>
   <div class='ocr_carea' id='block_1_28' title="bbox 972 628 1764 669">
    <p class='ocr_par' dir='ltr' id='par_1_28' title="bbox 972 628 1764 669">
     <span class='ocr_line' id='line_1_28' title="bbox 972 628 1764 669; baseline 0.009 -14"><span class='ocrx_word' id='word_1_190' title='bbox 972 628 1115 656; x_wconf 88' lang='lat' dir='ltr'><strong>hominum</strong></span> <span class='ocrx_word' id='word_1_191' title='bbox 1139 638 1237 658; x_wconf 88' lang='lat' dir='ltr'><strong>sensus</strong></span> <span class='ocrx_word' id='word_1_192' title='bbox 1259 636 1285 658; x_wconf 86' lang='lat' dir='ltr'><strong>et</strong></span> <span class='ocrx_word' id='word_1_193' title='bbox 1307 631 1486 666; x_wconf 75' lang='lat' dir='ltr'><strong>cogitationes</strong></span> <span class='ocrx_word' id='word_1_194' title='bbox 1499 632 1592 665; x_wconf 82' lang='lat' dir='ltr'><strong>fuisse,</strong></span> <span class='ocrx_word' id='word_1_195' title='bbox 1616 641 1678 660; x_wconf 92' lang='lat' dir='ltr'><strong>cum</strong></span> <span class='ocrx_word' id='word_1_196' title='bbox 1691 635 1764 669; x_wconf 89' lang='lat' dir='ltr'><strong>ejus-</strong></span> 
     </span>
    </p>
   </div>
   <div class='ocr_carea' id='block_1_29' title="bbox 972 675 1771 714">
    <p class='ocr_par' dir='ltr' id='par_1_29' title="bbox 972 675 1771 714">
     <span class='ocr_line' id='line_1_29' title="bbox 972 675 1771 714; baseline 0.008 -13"><span class='ocrx_word' id='word_1_197' title='bbox 972 675 1045 702; x_wconf 90' lang='lat' dir='ltr'><strong>modi</strong></span> <span class='ocrx_word' id='word_1_198' title='bbox 1059 676 1216 703; x_wconf 87' lang='lat' dir='ltr'><strong>nominibus</strong></span> <span class='ocrx_word' id='word_1_199' title='bbox 1230 681 1386 709; x_wconf 82' lang='lat' dir='ltr'><strong>uterentur,</strong></span> <span class='ocrx_word' id='word_1_200' title='bbox 1410 678 1480 711; x_wconf 88' lang='lat' dir='ltr'><strong>quod</strong></span> <span class='ocrx_word' id='word_1_201' title='bbox 1495 677 1550 704; x_wconf 83' lang='lat' dir='ltr'><strong>fato</strong></span> <span class='ocrx_word' id='word_1_202' title='bbox 1563 679 1647 705; x_wconf 78' lang='lat' dir='ltr'><strong>teneri</strong></span> <span class='ocrx_word' id='word_1_203' title='bbox 1661 680 1771 714; x_wconf 80' lang='lat' dir='ltr'><strong>oninia,‘</strong></span> 
     </span>
    </p>
   </div>
   <div class='ocr_carea' id='block_1_30' title="bbox 972 720 1765 760">
    <p class='ocr_par' dir='ltr' id='par_1_30' title="bbox 972 720 1765 760">
     <span class='ocr_line' id='line_1_30' title="bbox 972 720 1765 760; baseline 0.006 -13"><span class='ocrx_word' id='word_1_204' title='bbox 972 725 998 747; x_wconf 89' lang='lat' dir='ltr'><strong>ct</strong></span> <span class='ocrx_word' id='word_1_205' title='bbox 1010 720 1193 748; x_wconf 87' lang='lat' dir='ltr'><strong>immutabiles</strong></span> <span class='ocrx_word' id='word_1_206' title='bbox 1207 729 1240 748; x_wconf 84' lang='lat' dir='ltr'><strong>ex</strong></span> <span class='ocrx_word' id='word_1_207' title='bbox 1252 722 1326 748; x_wconf 91' lang='lat' dir='ltr'><strong>omni</strong></span> <span class='ocrx_word' id='word_1_208' title='bbox 1339 729 1396 749; x_wconf 72' lang='lat' dir='ltr'><strong>azvo</strong></span> <span class='ocrx_word' id='word_1_209' title='bbox 1409 730 1498 749; x_wconf 89' lang='lat' dir='ltr'><strong>rerum</strong></span> <span class='ocrx_word' id='word_1_210' title='bbox 1511 731 1605 750; x_wconf 88' lang='lat' dir='ltr'><strong>earum</strong></span> <span class='ocrx_word' id='word_1_211' title='bbox 1619 745 1626 757; x_wconf 90' lang='lat'><strong>,</strong></span> <span class='ocrx_word' id='word_1_212' title='bbox 1650 732 1765 760; x_wconf 62' lang='lat' dir='ltr'><strong>qumque</strong></span> 
     </span>
    </p>
   </div>
   <div class='ocr_carea' id='block_1_31' title="bbox 972 767 1764 802">
    <p class='ocr_par' dir='ltr' id='par_1_31' title="bbox 972 767 1764 802">
     <span class='ocr_line' id='line_1_31' title="bbox 972 767 1764 802; baseline 0.006 -9"><span class='ocrx_word' id='word_1_213' title='bbox 972 771 1046 799; x_wconf 87' lang='lat' dir='ltr'><strong>sunt,</strong></span> <span class='ocrx_word' id='word_1_214' title='bbox 1069 775 1184 802; x_wconf 61' lang='lat' dir='ltr'><strong>quaeque</strong></span> <span class='ocrx_word' id='word_1_215' title='bbox 1206 767 1284 800; x_wconf 87' lang='lat' dir='ltr'><strong>ﬁunt,</strong></span> <span class='ocrx_word' id='word_1_216' title='bbox 1308 768 1412 802; x_wconf 87' lang='lat' dir='ltr'><strong>positas</strong></span> <span class='ocrx_word' id='word_1_217' title='bbox 1435 772 1497 795; x_wconf 89' lang='lat' dir='ltr'><strong>ante</strong></span> <span class='ocrx_word' id='word_1_218' title='bbox 1518 776 1549 795; x_wconf 91' lang='lat' dir='ltr'><strong>ac</strong></span> <span class='ocrx_word' id='word_1_219' title='bbox 1561 769 1687 797; x_wconf 82' lang='lat' dir='ltr'><strong>deﬁnitas</strong></span> <span class='ocrx_word' id='word_1_220' title='bbox 1704 778 1764 798; x_wconf 88' lang='lat' dir='ltr'><strong>esse</strong></span> 
     </span>
    </p>
   </div>
   <div class='ocr_carea' id='block_1_32' title="bbox 972 813 1763 850">
    <p class='ocr_par' dir='ltr' id='par_1_32' title="bbox 972 813 1763 850">
     <span class='ocr_line' id='line_1_32' title="bbox 972 813 1763 850; baseline 0.008 -12"><span class='ocrx_word' id='word_1_221' title='bbox 972 820 1069 839; x_wconf 82' lang='lat' dir='ltr'><strong>causas</strong></span> <span class='ocrx_word' id='word_1_222' title='bbox 1095 817 1230 847; x_wconf 83' lang='lat' dir='ltr'><strong>putarent.</strong></span> <span class='ocrx_word' id='word_1_223' title='bbox 1256 813 1392 846; x_wconf 84' lang='lat' dir='ltr'><strong>Quorsum</strong></span> <span class='ocrx_word' id='word_1_224' title='bbox 1406 821 1481 848; x_wconf 83' lang='lat' dir='ltr'><strong>ergo,</strong></span> <span class='ocrx_word' id='word_1_225' title='bbox 1494 814 1654 850; x_wconf 80' lang='lat' dir='ltr'><strong>Chrysippe,</strong></span> <span class='ocrx_word' id='word_1_226' title='bbox 1667 824 1763 844; x_wconf 84' lang='lat' dir='ltr'><strong>omnes</strong></span> 
     </span>
    </p>
   </div>
   <div class='ocr_carea' id='block_1_33' title="bbox 975 858 1762 894">
    <p class='ocr_par' dir='ltr' id='par_1_33' title="bbox 975 858 1762 894">
     <span class='ocr_line' id='line_1_33' title="bbox 975 858 1762 894; baseline 0.008 -10"><span class='ocrx_word' id='word_1_227' title='bbox 975 858 1021 885; x_wconf 90' lang='lat' dir='ltr'><strong>tibi</strong></span> <span class='ocrx_word' id='word_1_228' title='bbox 1037 859 1177 885; x_wconf 88' lang='lat' dir='ltr'><strong>hominum</strong></span> <span class='ocrx_word' id='word_1_229' title='bbox 1190 859 1335 894; x_wconf 86' lang='lat' dir='ltr'><strong>opiniones</strong></span> <span class='ocrx_word' id='word_1_230' title='bbox 1346 860 1496 894; x_wconf 87' lang='lat' dir='ltr'><strong>probantur</strong></span> <span class='ocrx_word' id='word_1_231' title='bbox 1507 861 1518 886; x_wconf 89' lang='lat'><strong>?</strong></span> <span class='ocrx_word' id='word_1_232' title='bbox 1529 869 1578 888; x_wconf 86' lang='lat' dir='ltr'><strong>cur</strong></span> <span class='ocrx_word' id='word_1_233' title='bbox 1590 861 1656 888; x_wconf 81' lang='lat' dir='ltr'><strong>falsa</strong></span> <span class='ocrx_word' id='word_1_234' title='bbox 1669 863 1723 890; x_wconf 92' lang='lat' dir='ltr'><strong>ullo</strong></span> <span class='ocrx_word' id='word_1_235' title='bbox 1736 865 1762 890; x_wconf 92' lang='lat' dir='ltr'><strong>in</strong></span> 
     </span>
    </p>
   </div>
   <div class='ocr_carea' id='block_1_34' title="bbox 134 903 921 941">
    <p class='ocr_par' dir='ltr' id='par_1_34' title="bbox 134 905 921 941">
     <span class='ocr_line' id='line_1_34' title="bbox 134 905 921 941; baseline 0.001 -10"><span class='ocrx_word' id='word_1_236' title='bbox 134 905 278 938; x_wconf 82' lang='grc' dir='ltr'>σκευάζεις</span> <span class='ocrx_word' id='word_1_237' title='bbox 291 905 381 932; x_wconf 82' lang='grc' dir='ltr'>αὐτῶν</span> <span class='ocrx_word' id='word_1_238' title='bbox 396 906 446 937; x_wconf 85' lang='grc' dir='ltr'><strong>τὰς</strong></span> <span class='ocrx_word' id='word_1_239' title='bbox 457 906 534 939; x_wconf 82' lang='grc' dir='ltr'>δόξας</span> <span class='ocrx_word' id='word_1_240' title='bbox 545 906 651 938; x_wconf 81' lang='grc' dir='ltr'>ὲκείνας</span> <span class='ocrx_word' id='word_1_241' title='bbox 670 906 707 938; x_wconf 86' lang='grc' dir='ltr'><strong>ὡς</strong></span> <span class='ocrx_word' id='word_1_242' title='bbox 732 905 921 941; x_wconf 70' lang='grc' dir='ltr'>διημαρτημέ‹</span> 
     </span>
    </p>
   </div>
   <div class='ocr_carea' id='block_1_35' title="bbox 972 903 1763 941">
    <p class='ocr_par' dir='ltr' id='par_1_35' title="bbox 973 905 1763 938">
     <span class='ocr_line' id='line_1_35' title="bbox 973 905 1763 938; baseline 0.008 -8"><span class='ocrx_word' id='word_1_243' title='bbox 973 912 1070 938; x_wconf 81' lang='lat' dir='ltr'><strong>genere</strong></span> <span class='ocrx_word' id='word_1_244' title='bbox 1093 905 1199 931; x_wconf 91' lang='lat' dir='ltr'><strong>videtur</strong></span> <span class='ocrx_word' id='word_1_245' title='bbox 1223 906 1319 933; x_wconf 87' lang='lat' dir='ltr'><strong>nulla?</strong></span> <span class='ocrx_word' id='word_1_246' title='bbox 1341 905 1410 933; x_wconf 83' lang='lat' dir='ltr'><strong>Num</strong></span> <span class='ocrx_word' id='word_1_247' title='bbox 1435 913 1528 933; x_wconf 89' lang='lat' dir='ltr'><strong>verum</strong></span> <span class='ocrx_word' id='word_1_248' title='bbox 1548 907 1689 935; x_wconf 88' lang='lat' dir='ltr'><strong>arbitraris</strong></span> <span class='ocrx_word' id='word_1_249' title='bbox 1708 916 1763 936; x_wconf 91' lang='lat' dir='ltr'><strong>non</strong></span> 
     </span>
    </p>
   </div>
   <div class='ocr_carea' id='block_1_36' title="bbox 132 948 920 988">
    <p class='ocr_par' dir='ltr' id='par_1_36' title="bbox 132 948 920 988">
     <span class='ocr_line' id='line_1_36' title="bbox 132 948 920 988; baseline 0.003 -11"><span class='ocrx_word' id='word_1_250' title='bbox 132 959 192 983; x_wconf 84' lang='grc' dir='ltr'>νας,</span> <span class='ocrx_word' id='word_1_251' title='bbox 209 948 266 978; x_wconf 75' lang='grc' dir='ltr'>οἷον</span> <span class='ocrx_word' id='word_1_252' title='bbox 282 951 331 983; x_wconf 76' lang='grc' dir='ltr'>τὰς</span> <span class='ocrx_word' id='word_1_253' title='bbox 344 951 408 987; x_wconf 76' lang='grc' dir='ltr'>περὶ</span> <span class='ocrx_word' id='word_1_254' title='bbox 423 951 548 983; x_wconf 79' lang='grc' dir='ltr'>πλούτου,</span> <span class='ocrx_word' id='word_1_255' title='bbox 565 953 611 979; x_wconf 75' lang='grc' dir='ltr'>καὶ</span> <span class='ocrx_word' id='word_1_256' title='bbox 638 952 726 988; x_wconf 78' lang='grc' dir='ltr'>δόξης,</span> <span class='ocrx_word' id='word_1_257' title='bbox 745 953 791 979; x_wconf 78' lang='grc' dir='ltr'><strong>καὶ</strong></span> <span class='ocrx_word' id='word_1_258' title='bbox 820 961 920 988; x_wconf 85' lang='grc' dir='ltr'>τυραν-</span> 
     </span>
    </p>
   </div>
   <div class='ocr_carea' id='block_1_37' title="bbox 133 996 921 1034">
    <p class='ocr_par' dir='ltr' id='par_1_37' title="bbox 133 996 921 1034">
     <span class='ocr_line' id='line_1_37' title="bbox 133 996 921 1034; baseline 0.003 -11"><span class='ocrx_word' id='word_1_259' title='bbox 133 996 214 1029; x_wconf 76' lang='grc' dir='ltr'>νίδος,</span> <span class='ocrx_word' id='word_1_260' title='bbox 230 996 345 1024; x_wconf 70' lang='grc' dir='ltr'>καθόλου</span> <span class='ocrx_word' id='word_1_261' title='bbox 362 1007 392 1024; x_wconf 82' lang='grc' dir='ltr'>τε</span> <span class='ocrx_word' id='word_1_262' title='bbox 415 998 522 1033; x_wconf 81' lang='grc' dir='ltr'>ἡδονῆς.</span> <span class='ocrx_word' id='word_1_263' title='bbox 541 999 612 1034; x_wconf 74' lang='grc' dir='ltr'>ἅπερ</span> <span class='ocrx_word' id='word_1_264' title='bbox 629 999 718 1033; x_wconf 79' lang='grc' dir='ltr'>ἀγαθὰ</span> <span class='ocrx_word' id='word_1_265' title='bbox 748 999 921 1034; x_wconf 74' lang='grc' dir='ltr'>νενομίκασιν</span> 
     </span>
    </p>
   </div>
   <div class='ocr_carea' id='block_1_38' title="bbox 133 1042 922 1081">
    <p class='ocr_par' dir='ltr' id='par_1_38' title="bbox 133 1042 922 1081">
     <span class='ocr_line' id='line_1_38' title="bbox 133 1042 922 1081; baseline 0.003 -12"><span class='ocrx_word' id='word_1_266' title='bbox 133 1042 158 1069; x_wconf 89' lang='grc' dir='ltr'>οἱ</span> <span class='ocrx_word' id='word_1_267' title='bbox 168 1042 307 1075; x_wconf 64' lang='grc' dir='ltr'>πλεῖστοις</span> <span class='ocrx_word' id='word_1_268' title='bbox 320 1043 383 1075; x_wconf 85' lang='grc' dir='ltr'><strong>Πῶς</strong></span> <span class='ocrx_word' id='word_1_269' title='bbox 396 1043 424 1070; x_wconf 83' lang='grc' dir='ltr'>δὲ</span> <span class='ocrx_word' id='word_1_270' title='bbox 435 1044 499 1075; x_wconf 72' lang='grc' dir='ltr'>τοὺς</span> <span class='ocrx_word' id='word_1_271' title='bbox 524 1044 665 1079; x_wconf 80' lang='grc' dir='ltr'>κειμένους</span> <span class='ocrx_word' id='word_1_272' title='bbox 688 1045 787 1080; x_wconf 87' lang='grc' dir='ltr'>νόμους</span> <span class='ocrx_word' id='word_1_273' title='bbox 801 1046 922 1081; x_wconf 79' lang='grc' dir='ltr'>ἡμαρτῆ-</span> 
     </span>
    </p>
   </div>
   <div class='ocr_carea' id='block_1_39' title="bbox 134 1088 920 1126">
    <p class='ocr_par' dir='ltr' id='par_1_39' title="bbox 134 1088 920 1126">
     <span class='ocr_line' id='line_1_39' title="bbox 134 1088 920 1126; baseline 0.004 -12"><span class='ocrx_word' id='word_1_274' title='bbox 134 1088 196 1114; x_wconf 86' lang='grc' dir='ltr'>σθαι</span> <span class='ocrx_word' id='word_1_275' title='bbox 203 1089 258 1124; x_wconf 76' lang='grc' dir='ltr'>φῂς</span> <span class='ocrx_word' id='word_1_276' title='bbox 275 1089 407 1121; x_wconf 71' lang='grc' dir='ltr'>ἅπαντας,</span> <span class='ocrx_word' id='word_1_277' title='bbox 420 1090 465 1116; x_wconf 77' lang='grc' dir='ltr'>καὶ</span> <span class='ocrx_word' id='word_1_278' title='bbox 479 1090 528 1121; x_wconf 79' lang='grc' dir='ltr'><strong>τὰς</strong></span> <span class='ocrx_word' id='word_1_279' title='bbox 552 1090 703 1123; x_wconf 81' lang='grc' dir='ltr'>πολιτείας;</span> <span class='ocrx_word' id='word_1_280' title='bbox 729 1091 745 1126; x_wconf 85' lang='grc' dir='ltr'><strong>ἥ</strong></span> <span class='ocrx_word' id='word_1_281' title='bbox 758 1091 801 1117; x_wconf 79' lang='grc' dir='ltr'><strong>διὰ</strong></span> <span class='ocrx_word' id='word_1_282' title='bbox 812 1091 837 1117; x_wconf 85' lang='grc' dir='ltr'>τί</span> <span class='ocrx_word' id='word_1_283' title='bbox 851 1091 920 1126; x_wconf 78' lang='grc' dir='ltr'>πλῆ-</span> 
     </span>
    </p>
   </div>
   <div class='ocr_carea' id='block_1_40' title="bbox 135 1133 921 1172">
    <p class='ocr_par' dir='ltr' id='par_1_40' title="bbox 135 1133 921 1172">
     <span class='ocr_line' id='line_1_40' title="bbox 135 1133 921 1172; baseline 0.003 -12"><span class='ocrx_word' id='word_1_284' title='bbox 135 1133 181 1165; x_wconf 86' lang='grc' dir='ltr'><strong>θος</strong></span> <span class='ocrx_word' id='word_1_285' title='bbox 190 1135 329 1161; x_wconf 76' lang='grc' dir='ltr'>τοσούτων</span> <span class='ocrx_word' id='word_1_286' title='bbox 356 1134 465 1170; x_wconf 75' lang='grc' dir='ltr'><strong>βιῦλὶων</strong></span> <span class='ocrx_word' id='word_1_287' title='bbox 492 1135 672 1170; x_wconf 56' lang='grc' dir='ltr'>συνέγραψας,</span> <span class='ocrx_word' id='word_1_288' title='bbox 688 1137 711 1163; x_wconf 81' lang='grc' dir='ltr'><strong>εί</strong></span> <span class='ocrx_word' id='word_1_289' title='bbox 729 1137 791 1172; x_wconf 75' lang='grc' dir='ltr'>περὶ</span> <span class='ocrx_word' id='word_1_290' title='bbox 810 1136 921 1171; x_wconf 79' lang='grc' dir='ltr'>μηδενὸς</span> 
     </span>
    </p>
   </div>
   <div class='ocr_carea' id='block_1_41' title="bbox 134 1179 919 1221">
    <p class='ocr_par' dir='ltr' id='par_1_41' title="bbox 134 1179 919 1221">
     <span class='ocr_line' id='line_1_41' title="bbox 134 1179 919 1221; baseline 0.004 -13"><span class='ocrx_word' id='word_1_291' title='bbox 134 1179 207 1217; x_wconf 77' lang='grc' dir='ltr'>εἶχαν</span> <span class='ocrx_word' id='word_1_292' title='bbox 221 1183 246 1209; x_wconf 80' lang='grc' dir='ltr'>οἱ</span> <span class='ocrx_word' id='word_1_293' title='bbox 262 1182 400 1218; x_wconf 76' lang='grc' dir='ltr'>ἄνθρωποι</span> <span class='ocrx_word' id='word_1_294' title='bbox 417 1183 494 1216; x_wconf 80' lang='grc' dir='ltr'>δόξας</span> <span class='ocrx_word' id='word_1_295' title='bbox 521 1183 763 1220; x_wconf 85' lang='grc' dir='ltr'>διημαρτημένας;</span> <span class='ocrx_word' id='word_1_296' title='bbox 791 1185 828 1211; x_wconf 77' lang='grc' dir='ltr'><strong>Οὐ</strong></span> <span class='ocrx_word' id='word_1_297' title='bbox 855 1185 919 1221; x_wconf 79' lang='grc' dir='ltr'>γὰρ,</span> 
     </span>
    </p>
   </div>
   <div class='ocr_carea' id='block_1_42' title="bbox 133 1222 922 1267">
    <p class='ocr_par' dir='ltr' id='par_1_42' title="bbox 133 1222 922 1267">
     <span class='ocr_line' id='line_1_42' title="bbox 133 1222 922 1267; baseline 0.006 -14"><span class='ocrx_word' id='word_1_298' title='bbox 133 1228 198 1254; x_wconf 84' lang='grc' dir='ltr'>ὅταν</span> <span class='ocrx_word' id='word_1_299' title='bbox 211 1222 261 1264; x_wconf 75' lang='grc' dir='ltr'>μὲῦ</span> <span class='ocrx_word' id='word_1_300' title='bbox 278 1229 364 1255; x_wconf 82' lang='grc' dir='ltr'><strong>ταύτά</strong></span> <span class='ocrx_word' id='word_1_301' title='bbox 381 1238 422 1255; x_wconf 87' lang='grc' dir='ltr'><strong>σοι</strong></span> <span class='ocrx_word' id='word_1_302' title='bbox 436 1229 694 1266; x_wconf 48' lang='grc' dir='ltr'>δοξάζωσινλόρθῶς</span> <span class='ocrx_word' id='word_1_303' title='bbox 706 1233 812 1267; x_wconf 78' lang='grc' dir='ltr'>φρονεῖν</span> <span class='ocrx_word' id='word_1_304' title='bbox 824 1232 922 1263; x_wconf 74' lang='grc' dir='ltr'>αὐτοὺς</span> 
     </span>
    </p>
   </div>
   <div class='ocr_carea' id='block_1_43' title="bbox 134 1274 921 1312">
    <p class='ocr_par' dir='ltr' id='par_1_43' title="bbox 134 1274 921 1312">
     <span class='ocr_line' id='line_1_43' title="bbox 134 1274 921 1312; baseline 0.005 -13"><span class='ocrx_word' id='word_1_305' title='bbox 134 1274 268 1308; x_wconf 75' lang='grc' dir='ltr'>φήσομεν,</span> <span class='ocrx_word' id='word_1_306' title='bbox 280 1274 345 1300; x_wconf 85' lang='grc' dir='ltr'>ὃταν</span> <span class='ocrx_word' id='word_1_307' title='bbox 370 1274 399 1301; x_wconf 85' lang='grc' dir='ltr'>δὲ</span> <span class='ocrx_word' id='word_1_308' title='bbox 415 1274 541 1311; x_wconf 81' lang='grc' dir='ltr'>διάφορα,</span> <span class='ocrx_word' id='word_1_309' title='bbox 562 1276 714 1311; x_wconf 78' lang='grc' dir='ltr'>μαίνεσθαι.</span> <span class='ocrx_word' id='word_1_310' title='bbox 738 1277 848 1312; x_wconf 82' lang='grc' dir='ltr'>Πρῶτον</span> <span class='ocrx_word' id='word_1_311' title='bbox 873 1277 921 1312; x_wconf 73' lang='grc' dir='ltr'>μὲν</span> 
     </span>
    </p>
   </div>
   <div class='ocr_carea' id='block_1_44' title="bbox 133 1319 920 1358">
    <p class='ocr_par' dir='ltr' id='par_1_44' title="bbox 133 1319 920 1358">
     <span class='ocr_line' id='line_1_44' title="bbox 133 1319 920 1358; baseline 0.005 -13"><span class='ocrx_word' id='word_1_312' title='bbox 133 1319 188 1355; x_wconf 67' lang='grc' dir='ltr'><strong>γὰρ</strong></span> <span class='ocrx_word' id='word_1_313' title='bbox 200 1319 262 1346; x_wconf 75' lang='grc' dir='ltr'>οὐδὲ</span> <span class='ocrx_word' id='word_1_314' title='bbox 279 1320 310 1347; x_wconf 77' lang='grc' dir='ltr'>σὺ</span> <span class='ocrx_word' id='word_1_315' title='bbox 325 1321 378 1356; x_wconf 83' lang='grc' dir='ltr'>φῂς</span> <span class='ocrx_word' id='word_1_316' title='bbox 394 1322 475 1356; x_wconf 75' lang='grc' dir='ltr'>σοφὸν</span> <span class='ocrx_word' id='word_1_317' title='bbox 492 1319 560 1348; x_wconf 86' lang='grc' dir='ltr'>εἶναι</span> <span class='ocrx_word' id='word_1_318' title='bbox 576 1322 697 1354; x_wconf 78' lang='grc' dir='ltr'>σεαυτὸν,</span> <span class='ocrx_word' id='word_1_319' title='bbox 720 1324 818 1358; x_wconf 79' lang='grc' dir='ltr'><strong>μήτιγε</strong></span> <span class='ocrx_word' id='word_1_320' title='bbox 830 1323 920 1358; x_wconf 77' lang='grc' dir='ltr'>ἡμεῖς,</span> 
     </span>
    </p>
   </div>
   <div class='ocr_carea' id='block_1_45' title="bbox 134 1365 922 1403">
    <p class='ocr_par' dir='ltr' id='par_1_45' title="bbox 134 1365 922 1403">
     <span class='ocr_line' id='line_1_45' title="bbox 134 1365 922 1403; baseline 0.004 -11"><span class='ocrx_word' id='word_1_321' title='bbox 134 1365 179 1393; x_wconf 86' lang='grc' dir='ltr'>ἶνα</span> <span class='ocrx_word' id='word_1_322' title='bbox 192 1366 336 1403; x_wconf 78' lang='grc' dir='ltr'>κριτήριον</span> <span class='ocrx_word' id='word_1_323' title='bbox 360 1367 500 1403; x_wconf 78' lang='grc' dir='ltr'>ποιώμεθα</span> <span class='ocrx_word' id='word_1_324' title='bbox 515 1368 562 1394; x_wconf 74' lang='grc' dir='ltr'><strong>τοῦ</strong></span> <span class='ocrx_word' id='word_1_325' title='bbox 575 1368 665 1400; x_wconf 82' lang='grc' dir='ltr'>καλῶς</span> <span class='ocrx_word' id='word_1_326' title='bbox 692 1378 756 1395; x_wconf 79' lang='grc' dir='ltr'>ποτε</span> <span class='ocrx_word' id='word_1_327' title='bbox 781 1369 835 1402; x_wconf 83' lang='lat' dir='ltr'><strong>(9i)</strong></span> <span class='ocrx_word' id='word_1_328' title='bbox 853 1369 922 1396; x_wconf 82' lang='grc' dir='ltr'>ἐκεί-</span> 
     </span>
    </p>
   </div>
   <div class='ocr_carea' id='block_1_46' title="bbox 132 1413 920 1451">
    <p class='ocr_par' dir='ltr' id='par_1_46' title="bbox 132 1413 920 1451">
     <span class='ocr_line' id='line_1_46' title="bbox 132 1413 920 1451; baseline 0.005 -13"><span class='ocrx_word' id='word_1_329' title='bbox 132 1419 195 1444; x_wconf 75' lang='grc' dir='ltr'>νους</span> <span class='ocrx_word' id='word_1_330' title='bbox 211 1414 331 1448; x_wconf 80' lang='grc' dir='ltr'>φρονεῖν,</span> <span class='ocrx_word' id='word_1_331' title='bbox 346 1413 385 1448; x_wconf 88' lang='grc' dir='ltr'><strong>τῷ</strong></span> <span class='ocrx_word' id='word_1_332' title='bbox 400 1414 437 1449; x_wconf 84' lang='grc' dir='ltr'>μὴ</span> <span class='ocrx_word' id='word_1_333' title='bbox 451 1415 484 1449; x_wconf 84' lang='grc' dir='ltr'><strong>τῇ</strong></span> <span class='ocrx_word' id='word_1_334' title='bbox 499 1415 530 1449; x_wconf 80' lang='grc' dir='ltr'>σῇ</span> <span class='ocrx_word' id='word_1_335' title='bbox 543 1414 605 1450; x_wconf 75' lang='grc' dir='ltr'>δόξῃ</span> <span class='ocrx_word' id='word_1_336' title='bbox 618 1415 787 1451; x_wconf 75' lang='grc' dir='ltr'>συνδραμεῖν·</span> <span class='ocrx_word' id='word_1_337' title='bbox 804 1415 887 1442; x_wconf 78' lang='grc' dir='ltr'><strong>ἔπειτ’</strong></span> <span class='ocrx_word' id='word_1_338' title='bbox 897 1416 920 1442; x_wconf 79' lang='grc' dir='ltr'>εὶ</span> 
     </span>
    </p>
   </div>
   <div class='ocr_carea' id='block_1_47' title="bbox 132 1456 922 1496">
    <p class='ocr_par' dir='ltr' id='par_1_47' title="bbox 132 1456 922 1496">
     <span class='ocr_line' id='line_1_47' title="bbox 132 1456 922 1496; baseline 0.005 -12"><span class='ocrx_word' id='word_1_339' title='bbox 132 1457 182 1484; x_wconf 77' lang='grc' dir='ltr'>καὶ</span> <span class='ocrx_word' id='word_1_340' title='bbox 193 1457 274 1485; x_wconf 81' lang='grc' dir='ltr'>τοῦτο</span> <span class='ocrx_word' id='word_1_341' title='bbox 285 1456 318 1494; x_wconf 78' lang='grc' dir='ltr'>ἦν</span> <span class='ocrx_word' id='word_1_342' title='bbox 332 1459 440 1494; x_wconf 78' lang='grc' dir='ltr'>ἀληθὲς,</span> <span class='ocrx_word' id='word_1_343' title='bbox 457 1460 483 1486; x_wconf 84' lang='grc' dir='ltr'>τί</span> <span class='ocrx_word' id='word_1_344' title='bbox 503 1460 591 1495; x_wconf 85' lang='grc' dir='ltr'>λέγειν</span> <span class='ocrx_word' id='word_1_345' title='bbox 606 1461 689 1496; x_wconf 81' lang='grc' dir='ltr'>ἐχρῆν</span> <span class='ocrx_word' id='word_1_346' title='bbox 703 1461 844 1496; x_wconf 81' lang='grc' dir='ltr'>μαίνεσθαι</span> <span class='ocrx_word' id='word_1_347' title='bbox 856 1462 922 1488; x_wconf 84' lang='grc' dir='ltr'><strong>πάν-</strong></span> 
     </span>
    </p>
   </div>
   <div class='ocr_carea' id='block_1_48' title="bbox 132 1504 922 1542">
    <p class='ocr_par' dir='ltr' id='par_1_48' title="bbox 132 1504 922 1542">
     <span class='ocr_line' id='line_1_48' title="bbox 132 1504 922 1542; baseline 0.006 -13"><span class='ocrx_word' id='word_1_348' title='bbox 132 1512 183 1535; x_wconf 81' lang='grc' dir='ltr'>τας</span> <span class='ocrx_word' id='word_1_349' title='bbox 198 1504 309 1540; x_wconf 71' lang='grc' dir='ltr'>ἐπίσης,</span> <span class='ocrx_word' id='word_1_350' title='bbox 327 1506 376 1532; x_wconf 70' lang='grc' dir='ltr'>καὶ</span> <span class='ocrx_word' id='word_1_351' title='bbox 389 1506 458 1541; x_wconf 76' lang='grc' dir='ltr'>οὐχὶ,</span> <span class='ocrx_word' id='word_1_352' title='bbox 477 1506 545 1533; x_wconf 80' lang='grc' dir='ltr'>καθὸ</span> <span class='ocrx_word' id='word_1_353' title='bbox 567 1508 615 1542; x_wconf 83' lang='grc' dir='ltr'>μὲν</span> <span class='ocrx_word' id='word_1_354' title='bbox 630 1509 768 1542; x_wconf 66' lang='grc' dir='ltr'>ἐφαίνοντο</span> <span class='ocrx_word' id='word_1_355' title='bbox 781 1509 865 1535; x_wconf 77' lang='grc' dir='ltr'>ταύτά</span> <span class='ocrx_word' id='word_1_356' title='bbox 882 1517 922 1534; x_wconf 87' lang='grc' dir='ltr'><strong>σοι</strong></span> 
     </span>
    </p>
   </div>
   <div class='ocr_carea' id='block_1_49' title="bbox 132 1549 921 1590">
    <p class='ocr_par' dir='ltr' id='par_1_49' title="bbox 132 1549 921 1590">
     <span class='ocr_line' id='line_1_49' title="bbox 132 1549 921 1590; baseline 0.005 -14"><span class='ocrx_word' id='word_1_357' title='bbox 132 1549 303 1583; x_wconf 79' lang='grc' dir='ltr'>δοξάζοντες,</span> <span class='ocrx_word' id='word_1_358' title='bbox 317 1551 387 1578; x_wconf 79' lang='grc' dir='ltr'>κατὰ</span> <span class='ocrx_word' id='word_1_359' title='bbox 402 1552 479 1579; x_wconf 78' lang='grc' dir='ltr'>τοῦτο</span> <span class='ocrx_word' id='word_1_360' title='bbox 504 1553 602 1585; x_wconf 82' lang='grc' dir='ltr'>αὐτοὺς</span> <span class='ocrx_word' id='word_1_361' title='bbox 628 1554 759 1586; x_wconf 81' lang='grc' dir='ltr'>ἐπαινεῖν,</span> <span class='ocrx_word' id='word_1_362' title='bbox 777 1554 813 1586; x_wconf 82' lang='grc' dir='ltr'>ὡς</span> <span class='ocrx_word' id='word_1_363' title='bbox 841 1554 921 1590; x_wconf 80' lang='grc' dir='ltr'>ὀρθοῦ</span> 
     </span>
    </p>
   </div>
   <div class='ocr_carea' id='block_1_50' title="bbox 132 1596 921 1636">
    <p class='ocr_par' dir='ltr' id='par_1_50' title="bbox 132 1596 921 1636">
     <span class='ocr_line' id='line_1_50' title="bbox 132 1596 921 1636; baseline 0.008 -15"><span class='ocrx_word' id='word_1_364' title='bbox 132 1603 206 1626; x_wconf 82' lang='grc' dir='ltr'>τινος</span> <span class='ocrx_word' id='word_1_365' title='bbox 221 1596 449 1632; x_wconf 75' lang='grc' dir='ltr'>ὲπειλημμένους·</span> <span class='ocrx_word' id='word_1_366' title='bbox 467 1598 534 1624; x_wconf 78' lang='grc' dir='ltr'>καθὸ</span> <span class='ocrx_word' id='word_1_367' title='bbox 563 1599 591 1625; x_wconf 82' lang='grc' dir='ltr'>δὲ</span> <span class='ocrx_word' id='word_1_368' title='bbox 617 1599 774 1633; x_wconf 78' lang='grc' dir='ltr'>διεφώνουν,</span> <span class='ocrx_word' id='word_1_369' title='bbox 797 1600 921 1636; x_wconf 79' lang='grc' dir='ltr'>ἁμαρτά-</span> 
     </span>
    </p>
   </div>
   <div class='ocr_carea' id='block_1_51' title="bbox 132 1641 922 1680">
    <p class='ocr_par' dir='ltr' id='par_1_51' title="bbox 132 1641 922 1680">
     <span class='ocr_line' id='line_1_51' title="bbox 132 1641 922 1680; baseline 0.005 -13"><span class='ocrx_word' id='word_1_370' title='bbox 132 1649 190 1667; x_wconf 84' lang='grc' dir='ltr'>νειν</span> <span class='ocrx_word' id='word_1_371' title='bbox 201 1641 302 1674; x_wconf 76' lang='grc' dir='ltr'>αὐτοὺς</span> <span class='ocrx_word' id='word_1_372' title='bbox 332 1643 550 1678; x_wconf 72' lang='grc' dir='ltr'>ὑπολαμϐάνειν;</span> <span class='ocrx_word' id='word_1_373' title='bbox 578 1645 622 1671; x_wconf 80' lang='lat' dir='ltr'><strong>Mat</strong></span> <span class='ocrx_word' id='word_1_374' title='bbox 628 1645 734 1680; x_wconf 82' lang='grc' dir='ltr'>ρτύριον</span> <span class='ocrx_word' id='word_1_375' title='bbox 763 1645 853 1680; x_wconf 83' lang='grc' dir='ltr'>μέντοι</span> <span class='ocrx_word' id='word_1_376' title='bbox 873 1648 922 1680; x_wconf 80' lang='grc' dir='ltr'><strong>τῆς</strong></span> 
     </span>
    </p>
   </div>
   <div class='ocr_carea' id='block_1_52' title="bbox 133 1686 923 1724">
    <p class='ocr_par' dir='ltr' id='par_1_52' title="bbox 133 1686 923 1724">
     <span class='ocr_line' id='line_1_52' title="bbox 133 1686 923 1724; baseline 0.006 -12"><span class='ocrx_word' id='word_1_377' title='bbox 133 1686 263 1722; x_wconf 79' lang='grc' dir='ltr'>ἀληθείας</span> <span class='ocrx_word' id='word_1_378' title='bbox 280 1687 371 1716; x_wconf 78' lang='grc' dir='ltr'>ἱκανὸν</span> <span class='ocrx_word' id='word_1_379' title='bbox 386 1689 509 1724; x_wconf 79' lang='grc' dir='ltr'>ἡγεῖσθαι</span> <span class='ocrx_word' id='word_1_380' title='bbox 521 1690 551 1716; x_wconf 76' lang='grc' dir='ltr'><strong>τὸ</strong></span> <span class='ocrx_word' id='word_1_381' title='bbox 561 1690 655 1717; x_wconf 77' lang='grc' dir='ltr'>δοκοῦν</span> <span class='ocrx_word' id='word_1_382' title='bbox 666 1691 789 1723; x_wconf 71' lang='grc' dir='ltr'>ἐκείνοις·</span> <span class='ocrx_word' id='word_1_383' title='bbox 806 1691 864 1717; x_wconf 70' lang='grc' dir='ltr'>οὐδὲ</span> <span class='ocrx_word' id='word_1_384' title='bbox 879 1692 923 1718; x_wconf 76' lang='grc' dir='ltr'><strong>οὖ-</strong></span> 
     </span>
    </p>
   </div>
   <div class='ocr_carea' id='block_1_53' title="bbox 132 1733 921 1772">
    <p class='ocr_par' dir='ltr' id='par_1_53' title="bbox 132 1733 921 1772">
     <span class='ocr_line' id='line_1_53' title="bbox 132 1733 921 1772; baseline 0.006 -14"><span class='ocrx_word' id='word_1_385' title='bbox 132 1740 188 1764; x_wconf 77' lang='grc' dir='ltr'><strong>τως</strong></span> <span class='ocrx_word' id='word_1_386' title='bbox 196 1733 282 1768; x_wconf 84' lang='grc' dir='ltr'>ὲχρῆν</span> <span class='ocrx_word' id='word_1_387' title='bbox 294 1733 374 1768; x_wconf 78' lang='grc' dir='ltr'>φύσει</span> <span class='ocrx_word' id='word_1_388' title='bbox 385 1734 450 1769; x_wconf 75' lang='grc'><strong>(92),</strong></span> <span class='ocrx_word' id='word_1_389' title='bbox 469 1736 516 1762; x_wconf 82' lang='grc' dir='ltr'>καὶ</span> <span class='ocrx_word' id='word_1_390' title='bbox 537 1736 573 1771; x_wconf 85' lang='grc' dir='ltr'>μὴ</span> <span class='ocrx_word' id='word_1_391' title='bbox 589 1736 875 1772; x_wconf 77' lang='grc' dir='ltr'>μαίνεσθαι,καθάπερ</span> <span class='ocrx_word' id='word_1_392' title='bbox 891 1738 921 1763; x_wconf 69' lang='grc' dir='ltr'>σὺ</span> 
     </span>
    </p>
   </div>
   <div class='ocr_carea' id='block_1_54' title="bbox 133 1776 922 1816">
    <p class='ocr_par' dir='ltr' id='par_1_54' title="bbox 133 1776 922 1816">
     <span class='ocr_line' id='line_1_54' title="bbox 133 1776 922 1816; baseline 0.008 -13"><span class='ocrx_word' id='word_1_393' title='bbox 133 1776 195 1809; x_wconf 70' lang='grc' dir='ltr'>οἴει,</span> <span class='ocrx_word' id='word_1_394' title='bbox 209 1777 280 1805; x_wconf 81' lang='grc' dir='ltr'>ἀλλὰ</span> <span class='ocrx_word' id='word_1_395' title='bbox 294 1779 361 1806; x_wconf 87' lang='grc' dir='ltr'>πολύ</span> <span class='ocrx_word' id='word_1_396' title='bbox 374 1788 405 1814; x_wconf 86' lang='grc' dir='ltr'><strong>γε</strong></span> <span class='ocrx_word' id='word_1_397' title='bbox 429 1781 612 1815; x_wconf 81' lang='grc' dir='ltr'>ἀφεστηκέναι</span> <span class='ocrx_word' id='word_1_398' title='bbox 636 1782 731 1816; x_wconf 78' lang='grc' dir='ltr'>σοφίας</span> <span class='ocrx_word' id='word_1_399' title='bbox 753 1784 806 1814; x_wconf 81' lang='grc' dir='ltr'><strong>πᾶς</strong></span> <span class='ocrx_word' id='word_1_400' title='bbox 833 1783 865 1809; x_wconf 88' lang='grc' dir='ltr'>ἄν</span> <span class='ocrx_word' id='word_1_401' title='bbox 881 1792 922 1815; x_wconf 81' lang='grc' dir='ltr'>τις</span> 
     </span>
    </p>
   </div>
   <div class='ocr_carea' id='block_1_55' title="bbox 132 1823 921 1865">
    <p class='ocr_par' dir='ltr' id='par_1_55' title="bbox 132 1823 921 1865">
     <span class='ocr_line' id='line_1_55' title="bbox 132 1823 921 1865; baseline 0.008 -16"><span class='ocrx_word' id='word_1_402' title='bbox 132 1823 321 1859; x_wconf 77' lang='grc' dir='ltr'>ὁμολογήσειε.</span> <span class='ocrx_word' id='word_1_403' title='bbox 352 1825 465 1858; x_wconf 82' lang='grc' dir='ltr'>Γελοίως</span> <span class='ocrx_word' id='word_1_404' title='bbox 481 1825 527 1854; x_wconf 79' lang='grc' dir='ltr'>οὖν</span> <span class='ocrx_word' id='word_1_405' title='bbox 559 1828 656 1855; x_wconf 75' lang='grc' dir='ltr'>καὶσὺ</span> <span class='ocrx_word' id='word_1_406' title='bbox 689 1830 777 1865; x_wconf 86' lang='grc' dir='ltr'>χρήσῃ</span> <span class='ocrx_word' id='word_1_407' title='bbox 805 1830 921 1864; x_wconf 84' lang='grc' dir='ltr'>μάρτυσι</span> 
     </span>
    </p>
   </div>
   <div class='ocr_carea' id='block_1_56' title="bbox 132 1868 922 1909">
    <p class='ocr_par' dir='ltr' id='par_1_56' title="bbox 132 1868 922 1909">
     <span class='ocr_line' id='line_1_56' title="bbox 132 1868 922 1909; baseline 0.006 -14"><span class='ocrx_word' id='word_1_408' title='bbox 132 1868 238 1902; x_wconf 78' lang='grc' dir='ltr'>τούτοις</span> <span class='ocrx_word' id='word_1_409' title='bbox 249 1870 295 1898; x_wconf 80' lang='grc' dir='ltr'><strong>διὰ</strong></span> <span class='ocrx_word' id='word_1_410' title='bbox 310 1872 359 1907; x_wconf 79' lang='grc' dir='ltr'><strong>τῆς</strong></span> <span class='ocrx_word' id='word_1_411' title='bbox 373 1871 471 1904; x_wconf 80' lang='grc' dir='ltr'>θέσεως</span> <span class='ocrx_word' id='word_1_412' title='bbox 497 1873 550 1899; x_wconf 84' lang='grc' dir='ltr'><strong>τῶν</strong></span> <span class='ocrx_word' id='word_1_413' title='bbox 563 1873 712 1909; x_wconf 85' lang='grc' dir='ltr'>ὀνομάτων,</span> <span class='ocrx_word' id='word_1_414' title='bbox 732 1873 778 1905; x_wconf 83' lang='grc' dir='ltr'>οὓς</span> <span class='ocrx_word' id='word_1_415' title='bbox 804 1873 878 1900; x_wconf 78' lang='grc' dir='ltr'>οὐδὲν</span> <span class='ocrx_word' id='word_1_416' title='bbox 889 1874 922 1901; x_wconf 83' lang='grc' dir='ltr'>ἂν</span> 
     </span>
    </p>
   </div>
   <div class='ocr_carea' id='block_1_57' title="bbox 133 1916 921 1956">
    <p class='ocr_par' dir='ltr' id='par_1_57' title="bbox 133 1916 921 1956">
     <span class='ocr_line' id='line_1_57' title="bbox 133 1916 921 1956; baseline 0.005 -14"><span class='ocrx_word' id='word_1_417' title='bbox 133 1916 204 1943; x_wconf 73' lang='grc' dir='ltr'>κατά</span> <span class='ocrx_word' id='word_1_418' title='bbox 215 1923 248 1950; x_wconf 82' lang='grc' dir='ltr'>γε</span> <span class='ocrx_word' id='word_1_419' title='bbox 275 1916 382 1944; x_wconf 82' lang='grc' dir='ltr'>σύνεσιν</span> <span class='ocrx_word' id='word_1_420' title='bbox 407 1919 519 1945; x_wconf 78' lang='grc' dir='ltr'>σεαυτοῦ</span> <span class='ocrx_word' id='word_1_421' title='bbox 544 1920 645 1954; x_wconf 86' lang='grc' dir='ltr'>φήσαις</span> <span class='ocrx_word' id='word_1_422' title='bbox 666 1919 813 1955; x_wconf 77' lang='grc' dir='ltr'>διαφέρειν·</span> <span class='ocrx_word' id='word_1_423' title='bbox 834 1921 858 1945; x_wconf 86' lang='grc' dir='ltr'>ει</span> <span class='ocrx_word' id='word_1_424' title='bbox 885 1920 921 1956; x_wconf 87' lang='grc' dir='ltr'>μὴ</span> 
     </span>
    </p>
   </div>
   <div class='ocr_carea' id='block_1_58' title="bbox 134 1960 923 2001">
    <p class='ocr_par' dir='ltr' id='par_1_58' title="bbox 134 1960 923 2001">
     <span class='ocr_line' id='line_1_58' title="bbox 134 1960 923 2001; baseline 0.008 -15"><span class='ocrx_word' id='word_1_425' title='bbox 134 1961 189 1995; x_wconf 74' lang='grc' dir='ltr'>ἄρα</span> <span class='ocrx_word' id='word_1_426' title='bbox 199 1960 265 1993; x_wconf 79' lang='grc' dir='ltr'>τοὺς</span> <span class='ocrx_word' id='word_1_427' title='bbox 279 1961 309 1993; x_wconf 77' lang='grc' dir='ltr'><strong>ὲξ</strong></span> <span class='ocrx_word' id='word_1_428' title='bbox 336 1962 423 1998; x_wconf 82' lang='grc' dir='ltr'>ἀρχῆς</span> <span class='ocrx_word' id='word_1_429' title='bbox 439 1963 567 1999; x_wconf 82' lang='grc' dir='ltr'>θεμένους</span> <span class='ocrx_word' id='word_1_430' title='bbox 594 1965 679 1991; x_wconf 82' lang='grc' dir='ltr'>ταῦτα</span> <span class='ocrx_word' id='word_1_431' title='bbox 693 1965 728 1992; x_wconf 82' lang='grc' dir='ltr'><strong>τὰ</strong></span> <span class='ocrx_word' id='word_1_432' title='bbox 741 1966 860 2001; x_wconf 85' lang='grc' dir='ltr'>ὀνόματα</span> <span class='ocrx_word' id='word_1_433' title='bbox 880 1974 923 1992; x_wconf 91' lang='grc' dir='ltr'>σο-</span> 
     </span>
    </p>
   </div>
   <div class='ocr_carea' id='block_1_59' title="bbox 133 2005 920 2047">
    <p class='ocr_par' dir='ltr' id='par_1_59' title="bbox 133 2005 920 2047">
     <span class='ocr_line' id='line_1_59' title="bbox 133 2005 920 2047; baseline 0.005 -14"><span class='ocrx_word' id='word_1_434' title='bbox 133 2007 200 2041; x_wconf 67' lang='grc' dir='ltr'>φοὺς</span> <span class='ocrx_word' id='word_1_435' title='bbox 212 2005 285 2034; x_wconf 77' lang='grc' dir='ltr'>εῖναι</span> <span class='ocrx_word' id='word_1_436' title='bbox 299 2009 482 2045; x_wconf 71' lang='grc' dir='ltr'>ωμῦἑόηκεν,</span> <span class='ocrx_word' id='word_1_437' title='bbox 496 2010 564 2046; x_wconf 80' lang='grc' dir='ltr'>ὅπερ</span> <span class='ocrx_word' id='word_1_438' title='bbox 574 2011 699 2046; x_wconf 86' lang='grc' dir='ltr'>οὐδαμῶς</span> <span class='ocrx_word' id='word_1_439' title='bbox 711 2011 795 2044; x_wconf 81' lang='grc' dir='ltr'>δεῖξαι</span> <span class='ocrx_word' id='word_1_440' title='bbox 808 2011 920 2047; x_wconf 80' lang='grc' dir='ltr'>δυνήσῃ.</span> 
     </span>
    </p>
   </div>
   <div class='ocr_carea' id='block_1_60' title="bbox 139 2051 923 2092">
    <p class='ocr_par' dir='ltr' id='par_1_60' title="bbox 139 2051 923 2092">
     <span class='ocr_line' id='line_1_60' title="bbox 139 2051 923 2092; baseline 0.004 -12"><span class='ocrx_word' id='word_1_441' title='bbox 139 2051 226 2080; x_wconf 72' lang='grc' dir='ltr'>Ἀλλὰ</span> <span class='ocrx_word' id='word_1_442' title='bbox 232 2053 288 2090; x_wconf 80' lang='grc' dir='ltr'>γὰρ</span> <span class='ocrx_word' id='word_1_443' title='bbox 300 2053 415 2081; x_wconf 78' lang='grc' dir='ltr'>δεδόσθω</span> <span class='ocrx_word' id='word_1_444' title='bbox 426 2063 466 2082; x_wconf 88' lang='grc' dir='ltr'><strong>σοι</strong></span> <span class='ocrx_word' id='word_1_445' title='bbox 476 2055 548 2082; x_wconf 77' lang='grc' dir='ltr'><strong>τοῦθ’</strong></span> <span class='ocrx_word' id='word_1_446' title='bbox 559 2056 644 2088; x_wconf 78' lang='grc' dir='ltr'>οὕτως</span> <span class='ocrx_word' id='word_1_447' title='bbox 658 2056 738 2092; x_wconf 75' lang='grc' dir='ltr'>ἔχειν,</span> <span class='ocrx_word' id='word_1_448' title='bbox 751 2058 796 2083; x_wconf 75' lang='grc' dir='ltr'><strong>καὶ</strong></span> <span class='ocrx_word' id='word_1_449' title='bbox 818 2056 852 2083; x_wconf 84' lang='grc' dir='ltr'><strong>τὰ</strong></span> <span class='ocrx_word' id='word_1_450' title='bbox 864 2057 923 2083; x_wconf 80' lang='grc' dir='ltr'>ὀνό-</span> 
     </span>
    </p>
   </div>
   <div class='ocr_carea' id='block_1_61' title="bbox 135 2100 922 2138">
    <p class='ocr_par' dir='ltr' id='par_1_61' title="bbox 135 2100 922 2138">
     <span class='ocr_line' id='line_1_61' title="bbox 135 2100 922 2138; baseline 0.005 -13"><span class='ocrx_word' id='word_1_451' title='bbox 135 2107 207 2134; x_wconf 66' lang='grc' dir='ltr'>ματα</span> <span class='ocrx_word' id='word_1_452' title='bbox 219 2101 313 2127; x_wconf 72' lang='grc' dir='ltr'>ἐκεῖνα</span> <span class='ocrx_word' id='word_1_453' title='bbox 325 2100 445 2128; x_wconf 82' lang='grc' dir='ltr'>τίθεσθαι</span> <span class='ocrx_word' id='word_1_454' title='bbox 458 2122 465 2133; x_wconf 86' lang='grc'><strong>,</strong></span> <span class='ocrx_word' id='word_1_455' title='bbox 490 2103 528 2134; x_wconf 83' lang='grc' dir='ltr'><strong>ὡς</strong></span> <span class='ocrx_word' id='word_1_456' title='bbox 541 2104 573 2130; x_wconf 78' lang='grc' dir='ltr'>σὺ</span> <span class='ocrx_word' id='word_1_457' title='bbox 606 2103 705 2138; x_wconf 79' lang='grc' dir='ltr'>βούλει,</span> <span class='ocrx_word' id='word_1_458' title='bbox 721 2103 770 2135; x_wconf 84' lang='grc' dir='ltr'><strong>τὰς</strong></span> <span class='ocrx_word' id='word_1_459' title='bbox 785 2103 922 2138; x_wconf 87' lang='grc' dir='ltr'>σημασίας</span> 
     </span>
    </p>
   </div>
   <div class='ocr_carea' id='block_1_62' title="bbox 133 2145 921 2184">
    <p class='ocr_par' dir='ltr' id='par_1_62' title="bbox 133 2145 921 2184">
     <span class='ocr_line' id='line_1_62' title="bbox 133 2145 921 2184; baseline 0.004 -12"><span class='ocrx_word' id='word_1_460' title='bbox 133 2145 240 2181; x_wconf 73' lang='grc' dir='ltr'>ἔχοντα,</span> <span class='ocrx_word' id='word_1_461' title='bbox 255 2146 304 2173; x_wconf 68' lang='grc' dir='ltr'>καὶ</span> <span class='ocrx_word' id='word_1_462' title='bbox 318 2147 354 2183; x_wconf 86' lang='grc' dir='ltr'>μὴ</span> <span class='ocrx_word' id='word_1_463' title='bbox 366 2148 436 2174; x_wconf 84' lang='grc' dir='ltr'>κατὰ</span> <span class='ocrx_word' id='word_1_464' title='bbox 452 2148 529 2182; x_wconf 79' lang='grc' dir='ltr'>δόξας</span> <span class='ocrx_word' id='word_1_465' title='bbox 543 2149 650 2184; x_wconf 80' lang='grc' dir='ltr'>ψευδεῖς</span> <span class='ocrx_word' id='word_1_466' title='bbox 667 2150 697 2176; x_wconf 78' lang='grc' dir='ltr'>τὸ</span> <span class='ocrx_word' id='word_1_467' title='bbox 710 2150 828 2177; x_wconf 75' lang='grc' dir='ltr'>τοιοῦτον</span> <span class='ocrx_word' id='word_1_468' title='bbox 841 2157 921 2184; x_wconf 80' lang='grc' dir='ltr'>γεγο-</span> 
     </span>
    </p>
   </div>
   <div class='ocr_carea' id='block_1_63' title="bbox 132 2191 922 2231">
    <p class='ocr_par' dir='ltr' id='par_1_63' title="bbox 132 2191 922 2231">
     <span class='ocr_line' id='line_1_63' title="bbox 132 2191 922 2231; baseline 0.005 -13"><span class='ocrx_word' id='word_1_469' title='bbox 132 2191 218 2219; x_wconf 75' lang='grc' dir='ltr'>νέναι.</span> <span class='ocrx_word' id='word_1_470' title='bbox 233 2193 290 2220; x_wconf 80' lang='grc' dir='ltr'><strong>Ποῦ</strong></span> <span class='ocrx_word' id='word_1_471' title='bbox 313 2194 402 2221; x_wconf 78' lang='grc' dir='ltr'>τοίνυν</span> <span class='ocrx_word' id='word_1_472' title='bbox 426 2194 459 2222; x_wconf 87' lang='grc' dir='ltr'><strong>δι’</strong></span> <span class='ocrx_word' id='word_1_473' title='bbox 474 2195 562 2222; x_wconf 82' lang='grc' dir='ltr'>αὐτῶν</span> <span class='ocrx_word' id='word_1_474' title='bbox 587 2197 747 2231; x_wconf 86' lang='grc' dir='ltr'>σημαίνεται</span> <span class='ocrx_word' id='word_1_475' title='bbox 776 2196 810 2222; x_wconf 84' lang='grc' dir='ltr'><strong>τὰ</strong></span> <span class='ocrx_word' id='word_1_476' title='bbox 832 2196 922 2223; x_wconf 84' lang='grc' dir='ltr'>πάντα</span> 
     </span>
    </p>
   </div>
   <div class='ocr_carea' id='block_1_64' title="bbox 131 2238 958 2279">
    <p class='ocr_par' dir='ltr' id='par_1_64' title="bbox 131 2238 958 2279">
     <span class='ocr_line' id='line_1_64' title="bbox 131 2238 958 2279; baseline 0.005 -14"><span class='ocrx_word' id='word_1_477' title='bbox 131 2238 302 2272; x_wconf 75' lang='grc' dir='ltr'>ἁπαξαπλῶς</span> <span class='ocrx_word' id='word_1_478' title='bbox 328 2240 388 2267; x_wconf 75' lang='grc' dir='ltr'>καθ’</span> <span class='ocrx_word' id='word_1_479' title='bbox 401 2241 573 2277; x_wconf 72' lang='grc' dir='ltr'>εἱμαρμένην</span> <span class='ocrx_word' id='word_1_480' title='bbox 588 2241 666 2275; x_wconf 78' lang='grc' dir='ltr'>εἶναι,</span> <span class='ocrx_word' id='word_1_481' title='bbox 688 2244 735 2270; x_wconf 68' lang='grc' dir='ltr'><strong>καὶ</strong></span> <span class='ocrx_word' id='word_1_482' title='bbox 750 2243 786 2278; x_wconf 82' lang='grc' dir='ltr'>μὴ</span> <span class='ocrx_word' id='word_1_483' title='bbox 805 2243 840 2277; x_wconf 86' lang='grc' dir='ltr'><strong>(εἰ</strong></span> <span class='ocrx_word' id='word_1_484' title='bbox 855 2243 919 2278; x_wconf 83' lang='grc' dir='ltr'>ἄρα)</span> <span class='ocrx_word' id='word_1_485' title='bbox 937 2253 958 2279; x_wconf 82' lang='grc' dir='ltr'>ι)</span> 
     </span>
    </p>
   </div>
   <div class='ocr_carea' id='block_1_65' title="bbox 130 2283 920 2325">
    <p class='ocr_par' dir='ltr' id='par_1_65' title="bbox 130 2283 920 2325">
     <span class='ocr_line' id='line_1_65' title="bbox 130 2283 920 2325; baseline 0.005 -14"><span class='ocrx_word' id='word_1_486' title='bbox 130 2285 219 2314; x_wconf 76' lang='grc' dir='ltr'>ταῦτα</span> <span class='ocrx_word' id='word_1_487' title='bbox 233 2285 303 2321; x_wconf 80' lang='grc' dir='ltr'>μόνα</span> <span class='ocrx_word' id='word_1_488' title='bbox 326 2283 364 2314; x_wconf 81' lang='grc' dir='ltr'>ὧν</span> <span class='ocrx_word' id='word_1_489' title='bbox 394 2288 467 2314; x_wconf 88' lang='grc' dir='ltr'>ὲστιν</span> <span class='ocrx_word' id='word_1_490' title='bbox 493 2289 665 2325; x_wconf 84' lang='grc' dir='ltr'>εἱμαρμένη;</span> <span class='ocrx_word' id='word_1_491' title='bbox 683 2290 715 2316; x_wconf 88' lang='grc' dir='ltr'><em>Ὂ</em></span> <span class='ocrx_word' id='word_1_492' title='bbox 738 2298 767 2315; x_wconf 84' lang='grc' dir='ltr'>τε</span> <span class='ocrx_word' id='word_1_493' title='bbox 798 2289 852 2324; x_wconf 76' lang='grc' dir='ltr'>γὰρ</span> <span class='ocrx_word' id='word_1_494' title='bbox 866 2288 920 2315; x_wconf 81' lang='grc' dir='ltr'><strong>τῶν</strong></span> 
     </span>
    </p>
   </div>
   <div class='ocr_carea' id='block_1_66' title="bbox 130 2331 921 2371">
    <p class='ocr_par' dir='ltr' id='par_1_66' title="bbox 130 2331 921 2371">
     <span class='ocr_line' id='line_1_66' title="bbox 130 2331 921 2371; baseline 0.004 -13"><span class='ocrx_word' id='word_1_495' title='bbox 130 2331 244 2368; x_wconf 80' lang='grc' dir='ltr'>Μοιρῶν</span> <span class='ocrx_word' id='word_1_496' title='bbox 257 2332 384 2369; x_wconf 78' lang='grc' dir='ltr'>ἀριθμὸς,</span> <span class='ocrx_word' id='word_1_497' title='bbox 401 2334 448 2361; x_wconf 78' lang='grc' dir='ltr'>καὶ</span> <span class='ocrx_word' id='word_1_498' title='bbox 464 2335 498 2362; x_wconf 81' lang='grc' dir='ltr'><strong>τὰ.</strong></span> <span class='ocrx_word' id='word_1_499' title='bbox 520 2336 639 2371; x_wconf 84' lang='grc' dir='ltr'>ὀνόματα</span> <span class='ocrx_word' id='word_1_500' title='bbox 661 2336 761 2368; x_wconf 76' lang='grc' dir='ltr'>αὐτῶν,</span> <span class='ocrx_word' id='word_1_501' title='bbox 781 2337 827 2363; x_wconf 76' lang='grc' dir='ltr'><strong>καὶ</strong></span> <span class='ocrx_word' id='word_1_502' title='bbox 842 2338 856 2363; x_wconf 88' lang='grc' dir='ltr'><em>ὁ</em></span> <span class='ocrx_word' id='word_1_503' title='bbox 872 2336 921 2370; x_wconf 85' lang='grc' dir='ltr'><strong>τῆς</strong></span> 
     </span>
    </p>
   </div>
   <div class='ocr_carea' id='block_1_67' title="bbox 130 2377 919 2420">
    <p class='ocr_par' dir='ltr' id='par_1_67' title="bbox 130 2377 919 2420">
     <span class='ocr_line' id='line_1_67' title="bbox 130 2377 919 2420; baseline 0.008 -16"><span class='ocrx_word' id='word_1_504' title='bbox 130 2377 261 2410; x_wconf 76' lang='grc' dir='ltr'>Κλωθοῦς</span> <span class='ocrx_word' id='word_1_505' title='bbox 272 2378 417 2414; x_wconf 76' lang='grc' dir='ltr'>ἄτρακτος,</span> <span class='ocrx_word' id='word_1_506' title='bbox 435 2381 482 2407; x_wconf 73' lang='grc' dir='ltr'><strong>καὶ</strong></span> <span class='ocrx_word' id='word_1_507' title='bbox 499 2381 529 2408; x_wconf 76' lang='grc' dir='ltr'><strong>τὸ</strong></span> <span class='ocrx_word' id='word_1_508' title='bbox 539 2382 738 2417; x_wconf 77' lang='grc' dir='ltr'>ἐπειλημμένον</span> <span class='ocrx_word' id='word_1_509' title='bbox 749 2383 823 2418; x_wconf 74' lang='grc' dir='ltr'><strong>αὑτῷ</strong></span> <span class='ocrx_word' id='word_1_510' title='bbox 835 2386 919 2420; x_wconf 79' lang='grc' dir='ltr'>νῆμα,</span> 
     </span>
    </p>
   </div>
   <div class='ocr_carea' id='block_1_68' title="bbox 130 2422 922 2460">
    <p class='ocr_par' dir='ltr' id='par_1_68' title="bbox 130 2422 922 2460">
     <span class='ocr_line' id='line_1_68' title="bbox 130 2422 922 2460; baseline 0.009 -11"><span class='ocrx_word' id='word_1_511' title='bbox 130 2422 221 2450; x_wconf 76' lang='grc' dir='ltr'>καὶτὸ</span> <span class='ocrx_word' id='word_1_512' title='bbox 232 2423 395 2460; x_wconf 80' lang='grc' dir='ltr'>ὲπίκλωσμα</span> <span class='ocrx_word' id='word_1_513' title='bbox 414 2425 518 2458; x_wconf 80' lang='grc' dir='ltr'>τούτου,</span> <span class='ocrx_word' id='word_1_514' title='bbox 534 2427 581 2454; x_wconf 70' lang='grc' dir='ltr'>καὶ</span> <span class='ocrx_word' id='word_1_515' title='bbox 593 2428 642 2454; x_wconf 84' lang='grc' dir='ltr'>ὃσα</span> <span class='ocrx_word' id='word_1_516' title='bbox 669 2428 782 2455; x_wconf 75' lang='grc' dir='ltr'>τοιαῦτα</span> <span class='ocrx_word' id='word_1_517' title='bbox 797 2429 862 2456; x_wconf 80' lang='grc' dir='ltr'>ἄλλα</span> <span class='ocrx_word' id='word_1_518' title='bbox 879 2430 922 2456; x_wconf 86' lang='grc' dir='ltr'>λέ-</span> 
     </span>
    </p>
   </div>
   <div class='ocr_carea' id='block_1_69' title="bbox 165 2498 920 2541">
    <p class='ocr_par' dir='ltr' id='par_1_69' title="bbox 165 2498 920 2541">
     <span class='ocr_line' id='line_1_69' title="bbox 165 2498 920 2541; baseline 0.013 -16"><span class='ocrx_word' id='word_1_519' title='bbox 165 2498 225 2535; x_wconf 85' lang='lat'><strong>(90)</strong></span> <span class='ocrx_word' id='word_1_520' title='bbox 236 2500 543 2541; x_wconf 52' lang='grc' dir='ltr'>Προξπεενιημμξῂας,</span> <span class='ocrx_word' id='word_1_521' title='bbox 554 2509 605 2531; x_wconf 86' lang='lat' dir='ltr'><strong>etc.</strong></span> <span class='ocrx_word' id='word_1_522' title='bbox 615 2505 666 2537; x_wconf 84' lang='lat' dir='ltr'><strong>An,</strong></span> <span class='ocrx_word' id='word_1_523' title='bbox 677 2511 705 2533; x_wconf 87' lang='lat' dir='ltr'><strong>ut</strong></span> <span class='ocrx_word' id='word_1_524' title='bbox 717 2506 784 2533; x_wconf 87' lang='lat' dir='ltr'><strong>alter</strong></span> <span class='ocrx_word' id='word_1_525' title='bbox 795 2515 827 2533; x_wconf 78' lang='lat' dir='ltr'><strong>ex</strong></span> <span class='ocrx_word' id='word_1_526' title='bbox 843 2515 920 2541; x_wconf 84' lang='lat' dir='ltr'><strong>mss.,</strong></span> 
     </span>
    </p>
   </div>
   <div class='ocr_carea' id='block_1_70' title="bbox 130 2534 920 2575">
    <p class='ocr_par' dir='ltr' id='par_1_70' title="bbox 130 2534 920 2575">
     <span class='ocr_line' id='line_1_70' title="bbox 130 2534 920 2575; baseline 0.013 -15"><span class='ocrx_word' id='word_1_527' title='bbox 130 2534 430 2575; x_wconf 50' lang='grc' dir='ltr'>πηχαταῦιῦλημένας</span> <span class='ocrx_word' id='word_1_528' title='bbox 439 2534 558 2575; x_wconf 28' lang='grc' dir='ltr'><strong>Ῠῖιιέιίεζο,</strong></span> <span class='ocrx_word' id='word_1_529' title='bbox 574 2540 638 2567; x_wconf 90' lang='lat' dir='ltr'><strong>dum</strong></span> <span class='ocrx_word' id='word_1_530' title='bbox 661 2534 779 2575; x_wconf 72' lang='lat' dir='ltr'><strong>reponas</strong></span> <span class='ocrx_word' id='word_1_531' title='bbox 803 2551 833 2568; x_wconf 76' lang='lat' dir='ltr'><strong>ex</strong></span> <span class='ocrx_word' id='word_1_532' title='bbox 858 2534 920 2570; x_wconf 64' lang='lat' dir='ltr'><strong>end:</strong></span> 
     </span>
    </p>
   </div>
   <div class='ocr_carea' id='block_1_71' title="bbox 129 2569 919 2612">
    <p class='ocr_par' dir='ltr' id='par_1_71' title="bbox 129 2569 919 2612">
     <span class='ocr_line' id='line_1_71' title="bbox 129 2569 919 2612; baseline 0.013 -18"><span class='ocrx_word' id='word_1_533' title='bbox 129 2569 224 2612; x_wconf 58' lang='grc' dir='ltr'>αίξίας</span> <span class='ocrx_word' id='word_1_534' title='bbox 245 2576 296 2612; x_wconf 65' lang='lat' dir='ltr'><strong>pro</strong></span> <span class='ocrx_word' id='word_1_535' title='bbox 317 2569 423 2612; x_wconf 57' lang='grc' dir='ltr'>αἰσίοις.</span> <span class='ocrx_word' id='word_1_536' title='bbox 447 2569 720 2612; x_wconf 62' lang='grc' dir='ltr'>Προξαεαὸαλλεσθξιι</span> <span class='ocrx_word' id='word_1_537' title='bbox 744 2577 793 2612; x_wconf 79' lang='grc' dir='ltr'><strong>τὴν</strong></span> <span class='ocrx_word' id='word_1_538' title='bbox 819 2569 919 2610; x_wconf 69' lang='grc' dir='ltr'>αἰτίαν,</span> 
     </span>
    </p>
   </div>
   <div class='ocr_carea' id='block_1_72' title="bbox 129 2606 921 2648">
    <p class='ocr_par' dir='ltr' id='par_1_72' title="bbox 129 2606 921 2648">
     <span class='ocr_line' id='line_1_72' title="bbox 129 2606 921 2648; baseline 0.011 -18"><span class='ocrx_word' id='word_1_539' title='bbox 129 2607 173 2631; x_wconf 72' lang='lat' dir='ltr'><strong>est</strong></span> <span class='ocrx_word' id='word_1_540' title='bbox 189 2606 429 2648; x_wconf 38' lang='lat' dir='ltr'><strong>ﬁpoﬁjrottlifeoit,</strong></span> <span class='ocrx_word' id='word_1_541' title='bbox 448 2606 661 2648; x_wconf 60' lang='grc' dir='ltr'>προϋποτεῆναι,</span> <span class='ocrx_word' id='word_1_542' title='bbox 683 2606 879 2648; x_wconf 58' lang='grc' dir='ltr'>προῡέάρχειψ</span> <span class='ocrx_word' id='word_1_543' title='bbox 894 2606 921 2640; x_wconf 79' lang='lat' dir='ltr'><strong>at</strong></span> 
     </span>
    </p>
   </div>
   <div class='ocr_carea' id='block_1_73' title="bbox 129 2640 920 2682">
    <p class='ocr_par' dir='ltr' id='par_1_73' title="bbox 129 2640 920 2682">
     <span class='ocr_line' id='line_1_73' title="bbox 129 2640 920 2682; baseline 0.013 -17"><span class='ocrx_word' id='word_1_544' title='bbox 129 2640 455 2682; x_wconf 56' lang='grc' dir='ltr'>προξαῖαλαμδάνεοθαι,</span> <span class='ocrx_word' id='word_1_545' title='bbox 467 2640 508 2682; x_wconf 53' lang='grc' dir='ltr'><strong>ἔξει</strong></span> <span class='ocrx_word' id='word_1_546' title='bbox 520 2640 748 2682; x_wconf 64' lang='grc' dir='ltr'>προδιορίζεσθάι,</span> <span class='ocrx_word' id='word_1_547' title='bbox 762 2640 869 2682; x_wconf 48' lang='lat' dir='ltr'><strong>praecipi</strong></span> <span class='ocrx_word' id='word_1_548' title='bbox 889 2657 920 2676; x_wconf 91' lang='lat' dir='ltr'><strong>ac</strong></span> 
     </span>
    </p>
   </div>
   <div class='ocr_carea' id='block_1_74' title="bbox 130 2675 919 2717">
    <p class='ocr_par' dir='ltr' id='par_1_74' title="bbox 130 2675 919 2717">
     <span class='ocr_line' id='line_1_74' title="bbox 130 2675 919 2717; baseline 0.011 -16"><span class='ocrx_word' id='word_1_549' title='bbox 130 2675 262 2717; x_wconf 51' lang='lat' dir='ltr'><strong>praelii-tiri</strong></span> <span class='ocrx_word' id='word_1_550' title='bbox 277 2675 451 2717; x_wconf 35' lang='lat' dir='ltr'><strong>{utrumque</strong></span> <span class='ocrx_word' id='word_1_551' title='bbox 468 2675 631 2717; x_wconf 59' lang='lat' dir='ltr'><strong>Syiic&#39;oruni</strong></span> <span class='ocrx_word' id='word_1_552' title='bbox 647 2675 770 2717; x_wconf 64' lang='lat' dir='ltr'><strong>dogma:</strong></span> <span class='ocrx_word' id='word_1_553' title='bbox 782 2675 856 2717; x_wconf 68' lang='lat' dir='ltr'><strong>prius</strong></span> <span class='ocrx_word' id='word_1_554' title='bbox 880 2675 919 2710; x_wconf 78' lang='lat' dir='ltr'><strong>ta-</strong></span> 
     </span>
    </p>
   </div>
   <div class='ocr_carea' id='block_1_75' title="bbox 130 2710 919 2745">
    <p class='ocr_par' dir='ltr' id='par_1_75' title="bbox 130 2710 919 2745">
     <span class='ocr_line' id='line_1_75' title="bbox 130 2710 919 2745; baseline 0.009 -9"><span class='ocrx_word' id='word_1_555' title='bbox 130 2717 193 2737; x_wconf 77' lang='lat' dir='ltr'><strong>men</strong></span> <span class='ocrx_word' id='word_1_556' title='bbox 213 2710 267 2738; x_wconf 88' lang='lat' dir='ltr'><strong>hoc</strong></span> <span class='ocrx_word' id='word_1_557' title='bbox 292 2711 352 2740; x_wconf 91' lang='lat' dir='ltr'><strong>loco</strong></span> <span class='ocrx_word' id='word_1_558' title='bbox 365 2710 467 2740; x_wconf 81' lang='lat' dir='ltr'><strong>malim.</strong></span> <span class='ocrx_word' id='word_1_559' title='bbox 486 2714 590 2742; x_wconf 80' lang='lat' dir='ltr'><strong>Causas</strong></span> <span class='ocrx_word' id='word_1_560' title='bbox 606 2716 666 2743; x_wconf 90' lang='lat' dir='ltr'><strong>illas</strong></span> <span class='ocrx_word' id='word_1_561' title='bbox 684 2710 791 2744; x_wconf 65' lang='lat' dir='ltr'><strong>Tullius</strong></span> <span class='ocrx_word' id='word_1_562' title='bbox 812 2724 919 2745; x_wconf 62' lang='grc' dir='ltr'><strong>διηνεμ-</strong></span> 
     </span>
    </p>
   </div>
   <div class='ocr_carea' id='block_1_76' title="bbox 129 2748 918 2786">
    <p class='ocr_par' dir='ltr' id='par_1_76' title="bbox 129 2748 918 2786">
     <span class='ocr_line' id='line_1_76' title="bbox 129 2748 918 2786; baseline 0.011 -15"><span class='ocrx_word' id='word_1_563' title='bbox 129 2748 243 2778; x_wconf 73' lang='lat' dir='ltr'><strong>dentes,</strong></span> <span class='ocrx_word' id='word_1_564' title='bbox 261 2750 444 2786; x_wconf 66' lang='lat' dir='ltr'><strong>antegressas,</strong></span> <span class='ocrx_word' id='word_1_565' title='bbox 463 2751 632 2784; x_wconf 67' lang='lat' dir='ltr'><strong>pra-positas,</strong></span> <span class='ocrx_word' id='word_1_566' title='bbox 649 2753 816 2786; x_wconf 75' lang='lat' dir='ltr'><strong>antepositas</strong></span> <span class='ocrx_word' id='word_1_567' title='bbox 830 2755 918 2780; x_wconf 87' lang='lat' dir='ltr'><strong>uomi-</strong></span> 
     </span>
    </p>
   </div>
   <div class='ocr_carea' id='block_1_77' title="bbox 129 2783 864 2822">
    <p class='ocr_par' dir='ltr' id='par_1_77' title="bbox 129 2783 864 2822">
     <span class='ocr_line' id='line_1_77' title="bbox 129 2783 864 2822; baseline 0.008 -14"><span class='ocrx_word' id='word_1_568' title='bbox 129 2785 264 2822; x_wconf 35' lang='lat' dir='ltr'><strong>natzqug</strong></span> <span class='ocrx_word' id='word_1_569' title='bbox 278 2783 491 2822; x_wconf 54' lang='grc' dir='ltr'>ἰτροηῖορμεναι,</span> <span class='ocrx_word' id='word_1_570' title='bbox 505 2783 551 2822; x_wconf 75' lang='lat' dir='ltr'><strong>aut</strong></span> <span class='ocrx_word' id='word_1_571' title='bbox 563 2783 864 2822; x_wconf 70' lang='grc' dir='ltr'>προκαταὸέῦλημέναι.</span> 
     </span>
    </p>
   </div>
   <div class='ocr_carea' id='block_1_78' title="bbox 165 2789 919 2853">
    <p class='ocr_par' dir='ltr' id='par_1_78' title="bbox 165 2789 919 2853">
     <span class='ocr_line' id='line_1_78' title="bbox 165 2789 864 2823; baseline 0.01 -16"><span class='ocrx_word' id='word_1_572' title='bbox 165 2789 186 2812; x_wconf 79' lang='grc' dir='ltr'><strong>ι,</strong></span> <span class='ocrx_word' id='word_1_573' title='bbox 200 2790 207 2807; x_wconf 87' lang='grc' dir='ltr'><strong>ι</strong></span> <span class='ocrx_word' id='word_1_574' title='bbox 221 2789 264 2809; x_wconf 74' lang='lat' dir='ltr'><strong>ua:</strong></span> <span class='ocrx_word' id='word_1_575' title='bbox 278 2789 491 2823; x_wconf 56' lang='grc' dir='ltr'>ἱεροητορμεναι.</span> <span class='ocrx_word' id='word_1_576' title='bbox 505 2790 551 2812; x_wconf 83' lang='lat' dir='ltr'><strong>aut</strong></span> <span class='ocrx_word' id='word_1_577' title='bbox 563 2789 864 2822; x_wconf 74' lang='grc' dir='ltr'>προκαταδεΰλημέναι.</span> 
     </span>
     <span class='ocr_line' id='line_1_79' title="bbox 165 2789 919 2853; baseline 0.011 -10"><span class='ocrx_word' id='word_1_578' title='bbox 165 2789 222 2853; x_wconf 65' lang='grc' dir='ltr'><strong>(οῇ</strong></span> <span class='ocrx_word' id='word_1_579' title='bbox 238 2817 297 2843; x_wconf 85' lang='lat' dir='ltr'><strong>Tov</strong></span> <span class='ocrx_word' id='word_1_580' title='bbox 316 2819 415 2852; x_wconf 66' lang='grc' dir='ltr'>καλως</span> <span class='ocrx_word' id='word_1_581' title='bbox 428 2827 510 2846; x_wconf 76' lang='grc' dir='ltr'>ποτε.</span> <span class='ocrx_word' id='word_1_582' title='bbox 531 2820 585 2847; x_wconf 81' lang='lat' dir='ltr'><strong>Aut</strong></span> <span class='ocrx_word' id='word_1_583' title='bbox 604 2821 693 2853; x_wconf 83' lang='grc' dir='ltr'>καλῶς</span> <span class='ocrx_word' id='word_1_584' title='bbox 708 2823 866 2850; x_wconf 78' lang='lat' dir='ltr'><strong>mutandum</strong></span> <span class='ocrx_word' id='word_1_585' title='bbox 891 2823 919 2851; x_wconf 92' lang='lat' dir='ltr'><strong>in</strong></span> 
     </span>
    </p>
   </div>
   <div class='ocr_carea' id='block_1_79' title="bbox 129 2850 918 2893">
    <p class='ocr_par' dir='ltr' id='par_1_79' title="bbox 129 2850 918 2893">
     <span class='ocr_line' id='line_1_80' title="bbox 129 2850 918 2893; baseline 0.009 -15"><span class='ocrx_word' id='word_1_586' title='bbox 129 2850 297 2893; x_wconf 63' lang='lat' dir='ltr'><strong>x1xt_3¢,_aut</strong></span> <span class='ocrx_word' id='word_1_587' title='bbox 319 2850 444 2893; x_wconf 71' lang='lat' dir='ltr'><strong>sequenti</strong></span> <span class='ocrx_word' id='word_1_588' title='bbox 467 2856 590 2893; x_wconf 80' lang='lat' dir='ltr'><strong>mem_hro</strong></span> <span class='ocrx_word' id='word_1_589' title='bbox 613 2850 719 2891; x_wconf 64' lang='grc' dir='ltr'>ηιξκιιίίο</span> <span class='ocrx_word' id='word_1_590' title='bbox 748 2859 783 2893; x_wconf 81' lang='grc' dir='ltr'>μή</span> <span class='ocrx_word' id='word_1_591' title='bbox 813 2850 918 2892; x_wconf 77' lang='lat' dir='ltr'><strong>expan</strong></span> 
     </span>
    </p>
   </div>
   <div class='ocr_carea' id='block_1_80' title="bbox 129 2885 917 2927">
    <p class='ocr_par' dir='ltr' id='par_1_80' title="bbox 129 2885 917 2927">
     <span class='ocr_line' id='line_1_81' title="bbox 129 2885 917 2927; baseline 0.009 -14"><span class='ocrx_word' id='word_1_592' title='bbox 129 2886 230 2927; x_wconf 68' lang='lat' dir='ltr'><strong>gxenda._</strong></span> <span class='ocrx_word' id='word_1_593' title='bbox 242 2885 409 2916; x_wconf 81' lang='lat' dir='ltr'><strong>Utrumlibet</strong></span> <span class='ocrx_word' id='word_1_594' title='bbox 430 2890 492 2923; x_wconf 83' lang='lat' dir='ltr'><strong>tiat,</strong></span> <span class='ocrx_word' id='word_1_595' title='bbox 511 2890 548 2926; x_wconf 81' lang='grc' dir='ltr'>τῷ</span> <span class='ocrx_word' id='word_1_596' title='bbox 562 2892 635 2926; x_wconf 87' lang='lat' dir='ltr'><strong>quod</strong></span> <span class='ocrx_word' id='word_1_597' title='bbox 647 2885 828 2927; x_wconf 55' lang='lat' dir='ltr'><strong>&#39;negati&#39;oiiem</strong></span> <span class='ocrx_word' id='word_1_598' title='bbox 844 2885 917 2921; x_wconf 76' lang='lat' dir='ltr'><strong>illam</strong></span> 
     </span>
    </p>
   </div>
   <div class='ocr_carea' id='block_1_81' title="bbox 973 951 1763 989">
    <p class='ocr_par' dir='ltr' id='par_1_81' title="bbox 973 951 1763 989">
     <span class='ocr_line' id='line_1_82' title="bbox 973 951 1763 989; baseline 0.006 -12"><span class='ocrx_word' id='word_1_599' title='bbox 973 951 1112 985; x_wconf 89' lang='lat' dir='ltr'><strong>pervidere</strong></span> <span class='ocrx_word' id='word_1_600' title='bbox 1127 951 1281 979; x_wconf 76' lang='lat' dir='ltr'><strong>neminem?</strong></span> <span class='ocrx_word' id='word_1_601' title='bbox 1291 952 1347 979; x_wconf 81' lang='lat' dir='ltr'><strong>Cur</strong></span> <span class='ocrx_word' id='word_1_602' title='bbox 1359 960 1434 987; x_wconf 78' lang='lat' dir='ltr'><strong>ergo,</strong></span> <span class='ocrx_word' id='word_1_603' title='bbox 1448 958 1545 988; x_wconf 70' lang='lat' dir='ltr'><strong>praeter</strong></span> <span class='ocrx_word' id='word_1_604' title='bbox 1556 962 1640 981; x_wconf 93' lang='lat' dir='ltr'><strong>unum</strong></span> <span class='ocrx_word' id='word_1_605' title='bbox 1655 955 1763 989; x_wconf 86' lang='lat' dir='ltr'><strong>sapien-</strong></span> 
     </span>
    </p>
   </div>
   <div class='ocr_carea' id='block_1_82' title="bbox 973 998 1765 1034">
    <p class='ocr_par' dir='ltr' id='par_1_82' title="bbox 973 998 1765 1034">
     <span class='ocr_line' id='line_1_83' title="bbox 973 998 1765 1034; baseline 0.006 -11"><span class='ocrx_word' id='word_1_606' title='bbox 973 1001 1038 1030; x_wconf 89' lang='lat' dir='ltr'><strong>tem,</strong></span> <span class='ocrx_word' id='word_1_607' title='bbox 1063 998 1218 1024; x_wconf 80' lang='lat' dir='ltr'><strong>mortalium</strong></span> <span class='ocrx_word' id='word_1_608' title='bbox 1242 998 1379 1025; x_wconf 89' lang='lat' dir='ltr'><strong>neminem</strong></span> <span class='ocrx_word' id='word_1_609' title='bbox 1403 1007 1458 1026; x_wconf 91' lang='lat' dir='ltr'><strong>non</strong></span> <span class='ocrx_word' id='word_1_610' title='bbox 1476 1000 1588 1034; x_wconf 89' lang='lat' dir='ltr'><strong>perinde</strong></span> <span class='ocrx_word' id='word_1_611' title='bbox 1600 1005 1629 1027; x_wconf 90' lang='lat' dir='ltr'><strong>ut</strong></span> <span class='ocrx_word' id='word_1_612' title='bbox 1641 1000 1765 1028; x_wconf 86' lang='lat' dir='ltr'><strong>Orestem</strong></span> 
     </span>
    </p>
   </div>
   <div class='ocr_carea' id='block_1_83' title="bbox 973 1044 1764 1080">
    <p class='ocr_par' dir='ltr' id='par_1_83' title="bbox 973 1044 1764 1080">
     <span class='ocr_line' id='line_1_84' title="bbox 973 1044 1764 1080; baseline 0.005 -11"><span class='ocrx_word' id='word_1_613' title='bbox 973 1048 1017 1069; x_wconf 87' lang='lat' dir='ltr'><strong>aut</strong></span> <span class='ocrx_word' id='word_1_614' title='bbox 1031 1044 1212 1071; x_wconf 64' lang='lat' dir='ltr'><strong>Alcmeonem</strong></span> <span class='ocrx_word' id='word_1_615' title='bbox 1236 1044 1327 1071; x_wconf 78' lang='lat' dir='ltr'><strong>furere</strong></span> <span class='ocrx_word' id='word_1_616' title='bbox 1350 1045 1508 1073; x_wconf 86' lang='lat' dir='ltr'><strong>existimas?</strong></span> <span class='ocrx_word' id='word_1_617' title='bbox 1529 1046 1679 1080; x_wconf 89' lang='lat' dir='ltr'><strong>sapientem</strong></span> <span class='ocrx_word' id='word_1_618' title='bbox 1699 1054 1764 1074; x_wconf 86' lang='lat' dir='ltr'><strong>vero</strong></span> 
     </span>
    </p>
   </div>
   <div class='ocr_carea' id='block_1_84' title="bbox 972 1088 1763 1126">
    <p class='ocr_par' dir='ltr' id='par_1_84' title="bbox 972 1088 1763 1126">
     <span class='ocr_line' id='line_1_85' title="bbox 972 1088 1763 1126; baseline 0.006 -12"><span class='ocrx_word' id='word_1_619' title='bbox 972 1095 1026 1114; x_wconf 90' lang='lat' dir='ltr'><strong>non</strong></span> <span class='ocrx_word' id='word_1_620' title='bbox 1040 1088 1090 1115; x_wconf 89' lang='lat' dir='ltr'><strong>nisi</strong></span> <span class='ocrx_word' id='word_1_621' title='bbox 1100 1096 1183 1116; x_wconf 90' lang='lat' dir='ltr'><strong>unum</strong></span> <span class='ocrx_word' id='word_1_622' title='bbox 1193 1094 1238 1116; x_wconf 89' lang='lat' dir='ltr'><strong>aut</strong></span> <span class='ocrx_word' id='word_1_623' title='bbox 1247 1089 1362 1116; x_wconf 84' lang='lat' dir='ltr'><strong>alterum</strong></span> <span class='ocrx_word' id='word_1_624' title='bbox 1372 1090 1644 1126; x_wconf 80' lang='lat' dir='ltr'><strong>exstilisse,reliquos</strong></span> <span class='ocrx_word' id='word_1_625' title='bbox 1656 1099 1763 1124; x_wconf 76' lang='lat' dir='ltr'><strong>omnes,</strong></span> 
     </span>
    </p>
   </div>
   <div class='ocr_carea' id='block_1_85' title="bbox 972 1134 1765 1169">
    <p class='ocr_par' dir='ltr' id='par_1_85' title="bbox 972 1134 1765 1169">
     <span class='ocr_line' id='line_1_86' title="bbox 972 1134 1765 1169; baseline 0.006 -9"><span class='ocrx_word' id='word_1_626' title='bbox 972 1141 1026 1160; x_wconf 93' lang='lat' dir='ltr'><strong>non</strong></span> <span class='ocrx_word' id='word_1_627' title='bbox 1040 1134 1142 1161; x_wconf 89' lang='lat' dir='ltr'><strong>minore</strong></span> <span class='ocrx_word' id='word_1_628' title='bbox 1154 1142 1235 1169; x_wconf 88' lang='lat' dir='ltr'><strong>quam</strong></span> <span class='ocrx_word' id='word_1_629' title='bbox 1247 1135 1343 1162; x_wconf 88' lang='lat' dir='ltr'><strong>ambos</strong></span> <span class='ocrx_word' id='word_1_630' title='bbox 1356 1135 1417 1162; x_wconf 87' lang='lat' dir='ltr'><strong>illos</strong></span> <span class='ocrx_word' id='word_1_631' title='bbox 1430 1135 1536 1163; x_wconf 88' lang='lat' dir='ltr'><strong>insania</strong></span> <span class='ocrx_word' id='word_1_632' title='bbox 1550 1137 1635 1164; x_wconf 88' lang='lat' dir='ltr'><strong>teneri</strong></span> <span class='ocrx_word' id='word_1_633' title='bbox 1649 1145 1681 1165; x_wconf 87' lang='lat' dir='ltr'><strong>ac</strong></span> <span class='ocrx_word' id='word_1_634' title='bbox 1693 1138 1765 1165; x_wconf 86' lang='lat' dir='ltr'><strong>labo-</strong></span> 
     </span>
    </p>
   </div>
   <div class='ocr_carea' id='block_1_86' title="bbox 972 1180 1765 1217">
    <p class='ocr_par' dir='ltr' id='par_1_86' title="bbox 972 1180 1765 1217">
     <span class='ocr_line' id='line_1_87' title="bbox 972 1180 1765 1217; baseline 0.005 -11"><span class='ocrx_word' id='word_1_635' title='bbox 972 1187 1033 1207; x_wconf 88' lang='lat' dir='ltr'><strong>rare</strong></span> <span class='ocrx_word' id='word_1_636' title='bbox 1052 1180 1113 1207; x_wconf 86' lang='lat' dir='ltr'><strong>vis?</strong></span> <span class='ocrx_word' id='word_1_637' title='bbox 1139 1180 1255 1213; x_wconf 85' lang='lat' dir='ltr'><strong>Deinde,</strong></span> <span class='ocrx_word' id='word_1_638' title='bbox 1282 1181 1513 1215; x_wconf 85' lang='lat' dir='ltr'><strong>quemadmodum</strong></span> <span class='ocrx_word' id='word_1_639' title='bbox 1537 1182 1679 1217; x_wconf 87' lang='lat' dir='ltr'><strong>opiniones</strong></span> <span class='ocrx_word' id='word_1_640' title='bbox 1703 1183 1765 1210; x_wconf 85' lang='lat' dir='ltr'><strong>illas</strong></span> 
     </span>
    </p>
   </div>
   <div class='ocr_carea' id='block_1_87' title="bbox 973 1225 1763 1264">
    <p class='ocr_par' dir='ltr' id='par_1_87' title="bbox 973 1225 1763 1264">
     <span class='ocr_line' id='line_1_88' title="bbox 973 1225 1763 1264; baseline 0.004 -12"><span class='ocrx_word' id='word_1_641' title='bbox 973 1230 1100 1261; x_wconf 89' lang='lat' dir='ltr'><strong>tanquam</strong></span> <span class='ocrx_word' id='word_1_642' title='bbox 1124 1225 1206 1254; x_wconf 84' lang='lat' dir='ltr'><strong>falsas</strong></span> <span class='ocrx_word' id='word_1_643' title='bbox 1230 1226 1340 1259; x_wconf 80' lang='lat' dir='ltr'><strong>evertis,</strong></span> <span class='ocrx_word' id='word_1_644' title='bbox 1363 1234 1432 1261; x_wconf 80' lang='lat' dir='ltr'><strong>quas</strong></span> <span class='ocrx_word' id='word_1_645' title='bbox 1445 1227 1478 1254; x_wconf 88' lang='lat' dir='ltr'><strong>de</strong></span> <span class='ocrx_word' id='word_1_646' title='bbox 1489 1228 1597 1262; x_wconf 90' lang='lat' dir='ltr'><strong>opibus,</strong></span> <span class='ocrx_word' id='word_1_647' title='bbox 1615 1228 1648 1255; x_wconf 87' lang='lat' dir='ltr'><strong>de</strong></span> <span class='ocrx_word' id='word_1_648' title='bbox 1667 1229 1763 1264; x_wconf 71' lang='lat' dir='ltr'><strong>gloria,</strong></span> 
     </span>
    </p>
   </div>
   <div class='ocr_carea' id='block_1_88' title="bbox 972 1273 1764 1309">
    <p class='ocr_par' dir='ltr' id='par_1_88' title="bbox 972 1273 1764 1309">
     <span class='ocr_line' id='line_1_89' title="bbox 972 1273 1764 1309; baseline 0.004 -10"><span class='ocrx_word' id='word_1_649' title='bbox 972 1273 1004 1299; x_wconf 91' lang='lat' dir='ltr'><strong>de</strong></span> <span class='ocrx_word' id='word_1_650' title='bbox 1017 1273 1142 1307; x_wconf 87' lang='lat' dir='ltr'><strong>imperio,</strong></span> <span class='ocrx_word' id='word_1_651' title='bbox 1167 1273 1256 1307; x_wconf 87' lang='lat' dir='ltr'><strong>deque</strong></span> <span class='ocrx_word' id='word_1_652' title='bbox 1278 1273 1352 1299; x_wconf 93' lang='lat' dir='ltr'><strong>omni</strong></span> <span class='ocrx_word' id='word_1_653' title='bbox 1370 1273 1517 1308; x_wconf 82' lang='lat' dir='ltr'><strong>voluptatis</strong></span> <span class='ocrx_word' id='word_1_654' title='bbox 1532 1282 1630 1309; x_wconf 78' lang='lat' dir='ltr'><strong>genere</strong></span> <span class='ocrx_word' id='word_1_655' title='bbox 1648 1275 1764 1302; x_wconf 57' lang='lat' dir='ltr'><strong>imbibe-</strong></span> 
     </span>
    </p>
   </div>
   <div class='ocr_carea' id='block_1_89' title="bbox 972 1318 1763 1355">
    <p class='ocr_par' dir='ltr' id='par_1_89' title="bbox 972 1318 1763 1355">
     <span class='ocr_line' id='line_1_90' title="bbox 972 1318 1763 1355; baseline 0.005 -11"><span class='ocrx_word' id='word_1_656' title='bbox 972 1323 1045 1349; x_wconf 82' lang='lat' dir='ltr'><strong>runt,</strong></span> <span class='ocrx_word' id='word_1_657' title='bbox 1068 1326 1137 1353; x_wconf 86' lang='lat' dir='ltr'><strong>quas</strong></span> <span class='ocrx_word' id='word_1_658' title='bbox 1155 1326 1200 1346; x_wconf 88' lang='lat' dir='ltr'><strong>res</strong></span> <span class='ocrx_word' id='word_1_659' title='bbox 1220 1319 1247 1345; x_wconf 94' lang='lat' dir='ltr'><strong>in</strong></span> <span class='ocrx_word' id='word_1_660' title='bbox 1267 1318 1347 1346; x_wconf 84' lang='lat' dir='ltr'><strong>bonis</strong></span> <span class='ocrx_word' id='word_1_661' title='bbox 1365 1319 1763 1355; x_wconf 82' lang='lat' dir='ltr'><strong>pleriqueducunt?quorsum</strong></span> 
     </span>
    </p>
   </div>
   <div class='ocr_carea' id='block_1_90' title="bbox 972 1364 1764 1401">
    <p class='ocr_par' dir='ltr' id='par_1_90' title="bbox 972 1364 1764 1401">
     <span class='ocr_line' id='line_1_91' title="bbox 972 1364 1764 1401; baseline 0.005 -11"><span class='ocrx_word' id='word_1_662' title='bbox 972 1364 1044 1399; x_wconf 76' lang='lat' dir='ltr'><strong>leges</strong></span> <span class='ocrx_word' id='word_1_663' title='bbox 1065 1371 1171 1397; x_wconf 89' lang='lat' dir='ltr'><strong>onmes,</strong></span> <span class='ocrx_word' id='word_1_664' title='bbox 1194 1365 1341 1400; x_wconf 89' lang='lat' dir='ltr'><strong>omniaque</strong></span> <span class='ocrx_word' id='word_1_665' title='bbox 1375 1366 1639 1400; x_wconf 89' lang='lat' dir='ltr'><strong>rerumpublicarum</strong></span> <span class='ocrx_word' id='word_1_666' title='bbox 1663 1374 1764 1401; x_wconf 72' lang='lat' dir='ltr'><strong>genera</strong></span> 
     </span>
    </p>
   </div>
   <div class='ocr_carea' id='block_1_91' title="bbox 972 1411 1764 1444">
    <p class='ocr_par' dir='ltr' id='par_1_91' title="bbox 972 1411 1764 1444">
     <span class='ocr_line' id='line_1_92' title="bbox 972 1411 1764 1444; baseline 0.005 -8"><span class='ocrx_word' id='word_1_667' title='bbox 972 1418 1113 1444; x_wconf 89' lang='lat' dir='ltr'><strong>perperam</strong></span> <span class='ocrx_word' id='word_1_668' title='bbox 1136 1411 1260 1438; x_wconf 89' lang='lat' dir='ltr'><strong>instituta</strong></span> <span class='ocrx_word' id='word_1_669' title='bbox 1274 1419 1336 1438; x_wconf 87' lang='lat' dir='ltr'><strong>esse</strong></span> <span class='ocrx_word' id='word_1_670' title='bbox 1347 1411 1488 1439; x_wconf 78' lang='lat' dir='ltr'><strong>defendis?</strong></span> <span class='ocrx_word' id='word_1_671' title='bbox 1513 1416 1561 1439; x_wconf 86' lang='lat' dir='ltr'><strong>aut</strong></span> <span class='ocrx_word' id='word_1_672' title='bbox 1573 1413 1595 1439; x_wconf 91' lang='lat' dir='ltr'><strong>si</strong></span> <span class='ocrx_word' id='word_1_673' title='bbox 1609 1413 1682 1439; x_wconf 88' lang='lat' dir='ltr'><strong>nulla</strong></span> <span class='ocrx_word' id='word_1_674' title='bbox 1695 1413 1721 1439; x_wconf 93' lang='lat' dir='ltr'><strong>in</strong></span> <span class='ocrx_word' id='word_1_675' title='bbox 1735 1420 1764 1440; x_wconf 88' lang='lat' dir='ltr'><strong>re</strong></span> 
     </span>
    </p>
   </div>
   <div class='ocr_carea' id='block_1_92' title="bbox 972 1455 1764 1491">
    <p class='ocr_par' dir='ltr' id='par_1_92' title="bbox 972 1455 1764 1491">
     <span class='ocr_line' id='line_1_93' title="bbox 972 1455 1764 1491; baseline 0.003 -9"><span class='ocrx_word' id='word_1_676' title='bbox 972 1463 1050 1482; x_wconf 76' lang='lat' dir='ltr'><strong>Secus</strong></span> <span class='ocrx_word' id='word_1_677' title='bbox 1063 1455 1186 1483; x_wconf 88' lang='lat' dir='ltr'><strong>homines</strong></span> <span class='ocrx_word' id='word_1_678' title='bbox 1199 1456 1237 1482; x_wconf 91' lang='lat' dir='ltr'><strong>illi</strong></span> <span class='ocrx_word' id='word_1_679' title='bbox 1250 1456 1416 1489; x_wconf 81' lang='lat' dir='ltr'><strong>sentiebant,</strong></span> <span class='ocrx_word' id='word_1_680' title='bbox 1430 1463 1560 1491; x_wconf 87' lang='lat' dir='ltr'><strong>quorsum</strong></span> <span class='ocrx_word' id='word_1_681' title='bbox 1574 1460 1613 1482; x_wconf 89' lang='lat' dir='ltr'><strong>tot</strong></span> <span class='ocrx_word' id='word_1_682' title='bbox 1624 1457 1764 1484; x_wconf 70' lang='lat' dir='ltr'><strong>volumina</strong></span> 
     </span>
    </p>
   </div>
   <div class='ocr_carea' id='block_1_93' title="bbox 973 1500 1764 1537">
    <p class='ocr_par' dir='ltr' id='par_1_93' title="bbox 973 1500 1764 1537">
     <span class='ocr_line' id='line_1_94' title="bbox 973 1500 1764 1537; baseline 0.001 -9"><span class='ocrx_word' id='word_1_683' title='bbox 973 1501 1180 1536; x_wconf 74' lang='lat' dir='ltr'><strong>conseripsisti?</strong></span> <span class='ocrx_word' id='word_1_684' title='bbox 1201 1500 1294 1537; x_wconf 88' lang='lat' dir='ltr'><strong>Neque</strong></span> <span class='ocrx_word' id='word_1_685' title='bbox 1306 1502 1377 1528; x_wconf 91' lang='lat' dir='ltr'><strong>enim</strong></span> <span class='ocrx_word' id='word_1_686' title='bbox 1390 1523 1397 1535; x_wconf 91' lang='lat'><strong>,</strong></span> <span class='ocrx_word' id='word_1_687' title='bbox 1411 1502 1525 1537; x_wconf 79' lang='lat' dir='ltr'><strong>opinor,</strong></span> <span class='ocrx_word' id='word_1_688' title='bbox 1539 1509 1634 1536; x_wconf 86' lang='lat' dir='ltr'><strong>sapere</strong></span> <span class='ocrx_word' id='word_1_689' title='bbox 1647 1507 1704 1529; x_wconf 89' lang='lat' dir='ltr'><strong>tum</strong></span> <span class='ocrx_word' id='word_1_690' title='bbox 1717 1503 1764 1529; x_wconf 89' lang='lat' dir='ltr'><strong>de-</strong></span> 
     </span>
    </p>
   </div>
   <div class='ocr_carea' id='block_1_94' title="bbox 973 1548 1762 1582">
    <p class='ocr_par' dir='ltr' id='par_1_94' title="bbox 973 1548 1762 1582">
     <span class='ocr_line' id='line_1_95' title="bbox 973 1548 1762 1582; baseline 0 -7"><span class='ocrx_word' id='word_1_691' title='bbox 973 1556 1047 1574; x_wconf 91' lang='lat' dir='ltr'><strong>mum</strong></span> <span class='ocrx_word' id='word_1_692' title='bbox 1062 1555 1108 1575; x_wconf 87' lang='lat' dir='ltr'><strong>eos</strong></span> <span class='ocrx_word' id='word_1_693' title='bbox 1119 1548 1279 1581; x_wconf 75' lang='lat' dir='ltr'><strong>dixerimus,</strong></span> <span class='ocrx_word' id='word_1_694' title='bbox 1304 1556 1366 1575; x_wconf 91' lang='lat' dir='ltr'><strong>cum</strong></span> <span class='ocrx_word' id='word_1_695' title='bbox 1380 1549 1412 1575; x_wconf 88' lang='lat' dir='ltr'><strong>ad</strong></span> <span class='ocrx_word' id='word_1_696' title='bbox 1425 1548 1581 1582; x_wconf 86' lang='lat' dir='ltr'><strong>opinionem</strong></span> <span class='ocrx_word' id='word_1_697' title='bbox 1606 1556 1666 1575; x_wconf 84' lang='lat' dir='ltr'><strong>sese</strong></span> <span class='ocrx_word' id='word_1_698' title='bbox 1688 1553 1762 1575; x_wconf 88' lang='lat' dir='ltr'><strong>tuam</strong></span> 
     </span>
    </p>
   </div>
   <div class='ocr_carea' id='block_1_95' title="bbox 974 1594 1761 1629">
    <p class='ocr_par' dir='ltr' id='par_1_95' title="bbox 974 1594 1761 1629">
     <span class='ocr_line' id='line_1_96' title="bbox 974 1594 1761 1629; baseline 0.003 -9"><span class='ocrx_word' id='word_1_699' title='bbox 974 1594 1157 1629; x_wconf 78' lang='lat' dir='ltr'><strong>adjunxerint,</strong></span> <span class='ocrx_word' id='word_1_700' title='bbox 1183 1594 1229 1622; x_wconf 92' lang='lat' dir='ltr'><strong>ubi</strong></span> <span class='ocrx_word' id='word_1_701' title='bbox 1253 1600 1343 1622; x_wconf 86' lang='lat' dir='ltr'><strong>autem</strong></span> <span class='ocrx_word' id='word_1_702' title='bbox 1365 1595 1399 1621; x_wconf 86' lang='lat' dir='ltr'><strong>ab</strong></span> <span class='ocrx_word' id='word_1_703' title='bbox 1410 1602 1440 1621; x_wconf 88' lang='lat' dir='ltr'><strong>ea</strong></span> <span class='ocrx_word' id='word_1_704' title='bbox 1462 1595 1647 1627; x_wconf 88' lang='lat' dir='ltr'><strong>discesserint,</strong></span> <span class='ocrx_word' id='word_1_705' title='bbox 1660 1594 1761 1622; x_wconf 78' lang='lat' dir='ltr'><strong>furere.</strong></span> 
     </span>
    </p>
   </div>
   <div class='ocr_carea' id='block_1_96' title="bbox 973 1638 1763 1674">
    <p class='ocr_par' dir='ltr' id='par_1_96' title="bbox 973 1638 1763 1674">
     <span class='ocr_line' id='line_1_97' title="bbox 973 1638 1763 1674; baseline 0.003 -9"><span class='ocrx_word' id='word_1_706' title='bbox 973 1638 1094 1666; x_wconf 87' lang='lat' dir='ltr'><strong>Primum</strong></span> <span class='ocrx_word' id='word_1_707' title='bbox 1117 1640 1201 1672; x_wconf 77' lang='lat' dir='ltr'><strong>enim,</strong></span> <span class='ocrx_word' id='word_1_708' title='bbox 1224 1640 1374 1674; x_wconf 88' lang='lat' dir='ltr'><strong>sapientem</strong></span> <span class='ocrx_word' id='word_1_709' title='bbox 1398 1647 1432 1667; x_wconf 91' lang='lat' dir='ltr'><strong>ne</strong></span> <span class='ocrx_word' id='word_1_710' title='bbox 1454 1644 1483 1666; x_wconf 91' lang='lat' dir='ltr'><strong>tu</strong></span> <span class='ocrx_word' id='word_1_711' title='bbox 1506 1640 1615 1674; x_wconf 90' lang='lat' dir='ltr'><strong>quidem</strong></span> <span class='ocrx_word' id='word_1_712' title='bbox 1631 1640 1718 1674; x_wconf 89' lang='lat' dir='ltr'><strong>ipsum</strong></span> <span class='ocrx_word' id='word_1_713' title='bbox 1736 1645 1763 1667; x_wconf 82' lang='lat' dir='ltr'><strong>te</strong></span> 
     </span>
    </p>
   </div>
   <div class='ocr_carea' id='block_1_97' title="bbox 973 1685 1763 1720">
    <p class='ocr_par' dir='ltr' id='par_1_97' title="bbox 973 1685 1763 1720">
     <span class='ocr_line' id='line_1_98' title="bbox 973 1685 1763 1720; baseline 0 -9"><span class='ocrx_word' id='word_1_714' title='bbox 973 1685 1136 1718; x_wconf 87' lang='lat' dir='ltr'><strong>pronuntias</strong></span> <span class='ocrx_word' id='word_1_715' title='bbox 1147 1705 1154 1716; x_wconf 83' lang='lat'><strong>,</strong></span> <span class='ocrx_word' id='word_1_716' title='bbox 1175 1685 1275 1712; x_wconf 91' lang='lat' dir='ltr'><strong>nedum</strong></span> <span class='ocrx_word' id='word_1_717' title='bbox 1297 1685 1504 1719; x_wconf 87' lang='lat' dir='ltr'><strong>pronuntiemus</strong></span> <span class='ocrx_word' id='word_1_718' title='bbox 1516 1685 1577 1720; x_wconf 90' lang='lat' dir='ltr'><strong>ipsi,</strong></span> <span class='ocrx_word' id='word_1_719' title='bbox 1593 1690 1622 1712; x_wconf 91' lang='lat' dir='ltr'><strong>ut</strong></span> <span class='ocrx_word' id='word_1_720' title='bbox 1633 1693 1665 1713; x_wconf 80' lang='lat' dir='ltr'><strong>ex</strong></span> <span class='ocrx_word' id='word_1_721' title='bbox 1677 1693 1709 1713; x_wconf 92' lang='lat' dir='ltr'><strong>eo</strong></span> <span class='ocrx_word' id='word_1_722' title='bbox 1721 1693 1763 1712; x_wconf 83' lang='lat' dir='ltr'><strong>re-</strong></span> 
     </span>
    </p>
   </div>
   <div class='ocr_carea' id='block_1_98' title="bbox 973 1731 1763 1767">
    <p class='ocr_par' dir='ltr' id='par_1_98' title="bbox 973 1731 1763 1767">
     <span class='ocr_line' id='line_1_99' title="bbox 973 1731 1763 1767; baseline 0 -10"><span class='ocrx_word' id='word_1_723' title='bbox 973 1736 1016 1758; x_wconf 91' lang='lat' dir='ltr'><strong>cte</strong></span> <span class='ocrx_word' id='word_1_724' title='bbox 1028 1731 1087 1758; x_wconf 89' lang='lat' dir='ltr'><strong>illos</strong></span> <span class='ocrx_word' id='word_1_725' title='bbox 1100 1731 1235 1758; x_wconf 86' lang='lat' dir='ltr'><strong>interdum</strong></span> <span class='ocrx_word' id='word_1_726' title='bbox 1250 1731 1351 1758; x_wconf 88' lang='lat' dir='ltr'><strong>sentire</strong></span> <span class='ocrx_word' id='word_1_727' title='bbox 1361 1732 1516 1766; x_wconf 86' lang='lat' dir='ltr'><strong>judicemus</strong></span> <span class='ocrx_word' id='word_1_728' title='bbox 1526 1753 1533 1765; x_wconf 96' lang='lat'><strong>,</strong></span> <span class='ocrx_word' id='word_1_729' title='bbox 1556 1732 1629 1767; x_wconf 93' lang='lat' dir='ltr'><strong>quod</strong></span> <span class='ocrx_word' id='word_1_730' title='bbox 1641 1739 1700 1759; x_wconf 82' lang='lat' dir='ltr'><strong>sese</strong></span> <span class='ocrx_word' id='word_1_731' title='bbox 1713 1732 1763 1758; x_wconf 87' lang='lat' dir='ltr'><strong>ali-</strong></span> 
     </span>
    </p>
   </div>
   <div class='ocr_carea' id='block_1_99' title="bbox 973 1777 1763 1813">
    <p class='ocr_par' dir='ltr' id='par_1_99' title="bbox 973 1777 1763 1813">
     <span class='ocr_line' id='line_1_100' title="bbox 973 1777 1763 1813; baseline 0.001 -10"><span class='ocrx_word' id='word_1_732' title='bbox 973 1777 1081 1810; x_wconf 83' lang='lat' dir='ltr'><strong>quando</strong></span> <span class='ocrx_word' id='word_1_733' title='bbox 1095 1777 1128 1803; x_wconf 91' lang='lat' dir='ltr'><strong>ad</strong></span> <span class='ocrx_word' id='word_1_734' title='bbox 1140 1782 1214 1804; x_wconf 87' lang='lat' dir='ltr'><strong>tuam</strong></span> <span class='ocrx_word' id='word_1_735' title='bbox 1237 1777 1400 1804; x_wconf 88' lang='lat' dir='ltr'><strong>sententiam</strong></span> <span class='ocrx_word' id='word_1_736' title='bbox 1422 1783 1577 1813; x_wconf 71' lang='lat' dir='ltr'><strong>aggregent.</strong></span> <span class='ocrx_word' id='word_1_737' title='bbox 1598 1777 1714 1810; x_wconf 87' lang='lat' dir='ltr'><strong>Deinde,</strong></span> <span class='ocrx_word' id='word_1_738' title='bbox 1733 1781 1763 1804; x_wconf 83' lang='lat' dir='ltr'><strong>ut</strong></span> 
     </span>
    </p>
   </div>
   <div class='ocr_carea' id='block_1_100' title="bbox 973 1822 1763 1859">
    <p class='ocr_par' dir='ltr' id='par_1_100' title="bbox 973 1822 1763 1859">
     <span class='ocr_line' id='line_1_101' title="bbox 973 1822 1763 1859; baseline 0.004 -11"><span class='ocrx_word' id='word_1_739' title='bbox 973 1822 1000 1849; x_wconf 89' lang='lat' dir='ltr'><strong>id</strong></span> <span class='ocrx_word' id='word_1_740' title='bbox 1012 1830 1121 1857; x_wconf 90' lang='lat' dir='ltr'><strong>quoque</strong></span> <span class='ocrx_word' id='word_1_741' title='bbox 1135 1830 1229 1850; x_wconf 86' lang='lat' dir='ltr'><strong>verum</strong></span> <span class='ocrx_word' id='word_1_742' title='bbox 1243 1824 1288 1855; x_wconf 87' lang='lat' dir='ltr'><strong>sit,</strong></span> <span class='ocrx_word' id='word_1_743' title='bbox 1301 1824 1368 1858; x_wconf 86' lang='lat' dir='ltr'><strong>quid</strong></span> <span class='ocrx_word' id='word_1_744' title='bbox 1380 1831 1492 1852; x_wconf 85' lang='lat' dir='ltr'><strong>necesse</strong></span> <span class='ocrx_word' id='word_1_745' title='bbox 1505 1825 1555 1851; x_wconf 78' lang='lat' dir='ltr'><strong>fuit</strong></span> <span class='ocrx_word' id='word_1_746' title='bbox 1568 1824 1678 1852; x_wconf 86' lang='lat' dir='ltr'><strong>insanos</strong></span> <span class='ocrx_word' id='word_1_747' title='bbox 1690 1825 1763 1859; x_wconf 87' lang='lat' dir='ltr'><strong>pari-</strong></span> 
     </span>
    </p>
   </div>
   <div class='ocr_carea' id='block_1_101' title="bbox 973 1868 1763 1906">
    <p class='ocr_par' dir='ltr' id='par_1_101' title="bbox 973 1868 1763 1906">
     <span class='ocr_line' id='line_1_102' title="bbox 973 1868 1763 1906; baseline 0.004 -12"><span class='ocrx_word' id='word_1_748' title='bbox 973 1872 1013 1895; x_wconf 91' lang='lat' dir='ltr'><strong>ter</strong></span> <span class='ocrx_word' id='word_1_749' title='bbox 1026 1875 1057 1894; x_wconf 93' lang='lat' dir='ltr'><strong>ac</strong></span> <span class='ocrx_word' id='word_1_750' title='bbox 1070 1868 1231 1902; x_wconf 85' lang='lat' dir='ltr'><strong>simpliciter</strong></span> <span class='ocrx_word' id='word_1_751' title='bbox 1250 1877 1346 1897; x_wconf 88' lang='lat' dir='ltr'><strong>omnes</strong></span> <span class='ocrx_word' id='word_1_752' title='bbox 1358 1871 1512 1906; x_wconf 82' lang='lat' dir='ltr'><strong>appellare?</strong></span> <span class='ocrx_word' id='word_1_753' title='bbox 1534 1871 1599 1905; x_wconf 92' lang='lat' dir='ltr'><strong>quin</strong></span> <span class='ocrx_word' id='word_1_754' title='bbox 1614 1875 1642 1897; x_wconf 95' lang='lat' dir='ltr'><strong>tu</strong></span> <span class='ocrx_word' id='word_1_755' title='bbox 1654 1878 1701 1898; x_wconf 90' lang='lat' dir='ltr'><strong>eos</strong></span> <span class='ocrx_word' id='word_1_756' title='bbox 1713 1879 1763 1905; x_wconf 87' lang='lat' dir='ltr'><strong>po-</strong></span> 
     </span>
    </p>
   </div>
   <div class='ocr_carea' id='block_1_102' title="bbox 973 1914 1762 1951">
    <p class='ocr_par' dir='ltr' id='par_1_102' title="bbox 973 1914 1762 1951">
     <span class='ocr_line' id='line_1_103' title="bbox 973 1914 1762 1951; baseline 0.005 -11"><span class='ocrx_word' id='word_1_757' title='bbox 973 1914 1037 1945; x_wconf 90' lang='lat' dir='ltr'><strong>tius,</strong></span> <span class='ocrx_word' id='word_1_758' title='bbox 1059 1919 1194 1948; x_wconf 82' lang='lat' dir='ltr'><strong>quatenus</strong></span> <span class='ocrx_word' id='word_1_759' title='bbox 1217 1915 1244 1942; x_wconf 92' lang='lat' dir='ltr'><strong>in</strong></span> <span class='ocrx_word' id='word_1_760' title='bbox 1268 1916 1373 1949; x_wconf 88' lang='lat' dir='ltr'><strong>eadem,</strong></span> <span class='ocrx_word' id='word_1_761' title='bbox 1398 1924 1451 1951; x_wconf 92' lang='lat' dir='ltr'><strong>qua</strong></span> <span class='ocrx_word' id='word_1_762' title='bbox 1464 1921 1503 1949; x_wconf 93' lang='lat' dir='ltr'><strong>tu,</strong></span> <span class='ocrx_word' id='word_1_763' title='bbox 1524 1918 1657 1944; x_wconf 85' lang='lat' dir='ltr'><strong>sententia</strong></span> <span class='ocrx_word' id='word_1_764' title='bbox 1670 1925 1762 1944; x_wconf 83' lang='lat' dir='ltr'><strong>versa-</strong></span> 
     </span>
    </p>
   </div>
   <div class='ocr_carea' id='block_1_103' title="bbox 972 1959 1761 1998">
    <p class='ocr_par' dir='ltr' id='par_1_103' title="bbox 972 1959 1761 1998">
     <span class='ocr_line' id='line_1_104' title="bbox 972 1959 1761 1998; baseline 0.006 -13"><span class='ocrx_word' id='word_1_765' title='bbox 972 1959 1080 1990; x_wconf 85' lang='lat' dir='ltr'><strong>bantur,</strong></span> <span class='ocrx_word' id='word_1_766' title='bbox 1107 1959 1238 1988; x_wconf 80' lang='lat' dir='ltr'><strong>laudabas</strong></span> <span class='ocrx_word' id='word_1_767' title='bbox 1262 1966 1392 1996; x_wconf 85' lang='lat' dir='ltr'><strong>tanquam</strong></span> <span class='ocrx_word' id='word_1_768' title='bbox 1408 1963 1474 1989; x_wconf 88' lang='lat' dir='ltr'><strong>recti</strong></span> <span class='ocrx_word' id='word_1_769' title='bbox 1485 1971 1518 1990; x_wconf 89' lang='lat' dir='ltr'><strong>ae</strong></span> <span class='ocrx_word' id='word_1_770' title='bbox 1528 1963 1584 1990; x_wconf 87' lang='lat' dir='ltr'><strong>veri</strong></span> <span class='ocrx_word' id='word_1_771' title='bbox 1603 1963 1705 1998; x_wconf 89' lang='lat' dir='ltr'><strong>aliquid</strong></span> <span class='ocrx_word' id='word_1_772' title='bbox 1718 1971 1761 1990; x_wconf 89' lang='lat' dir='ltr'><strong>se-</strong></span> 
     </span>
    </p>
   </div>
   <div class='ocr_carea' id='block_1_104' title="bbox 972 2008 1761 2042">
    <p class='ocr_par' dir='ltr' id='par_1_104' title="bbox 972 2008 1761 2042">
     <span class='ocr_line' id='line_1_105' title="bbox 972 2008 1761 2042; baseline 0.005 -11"><span class='ocrx_word' id='word_1_773' title='bbox 972 2010 1050 2032; x_wconf 93' lang='lat' dir='ltr'><strong>cutos</strong></span> <span class='ocrx_word' id='word_1_774' title='bbox 1074 2014 1080 2032; x_wconf 93' lang='lat'>:</span> <span class='ocrx_word' id='word_1_775' title='bbox 1104 2009 1240 2040; x_wconf 87' lang='lat' dir='ltr'><strong>quatenus</strong></span> <span class='ocrx_word' id='word_1_776' title='bbox 1254 2015 1319 2034; x_wconf 85' lang='lat' dir='ltr'><strong>vero</strong></span> <span class='ocrx_word' id='word_1_777' title='bbox 1331 2008 1365 2034; x_wconf 89' lang='lat' dir='ltr'><strong>ab</strong></span> <span class='ocrx_word' id='word_1_778' title='bbox 1375 2015 1407 2035; x_wconf 89' lang='lat' dir='ltr'><strong>ea</strong></span> <span class='ocrx_word' id='word_1_779' title='bbox 1429 2008 1635 2042; x_wconf 75' lang='lat' dir='ltr'><strong>discrepabunt,</strong></span> <span class='ocrx_word' id='word_1_780' title='bbox 1659 2009 1761 2036; x_wconf 78' lang='lat' dir='ltr'><strong>erroris</strong></span> 
     </span>
    </p>
   </div>
   <div class='ocr_carea' id='block_1_105' title="bbox 971 2052 1761 2089">
    <p class='ocr_par' dir='ltr' id='par_1_105' title="bbox 971 2052 1761 2089">
     <span class='ocr_line' id='line_1_106' title="bbox 971 2052 1761 2089; baseline 0.003 -10"><span class='ocrx_word' id='word_1_781' title='bbox 971 2059 1018 2079; x_wconf 85' lang='lat' dir='ltr'><strong>eos</strong></span> <span class='ocrx_word' id='word_1_782' title='bbox 1031 2060 1062 2079; x_wconf 89' lang='lat' dir='ltr'><strong>ac</strong></span> <span class='ocrx_word' id='word_1_783' title='bbox 1074 2052 1206 2085; x_wconf 65' lang='lat' dir='ltr'><strong>stultitiae,</strong></span> <span class='ocrx_word' id='word_1_784' title='bbox 1230 2053 1252 2080; x_wconf 92' lang='lat' dir='ltr'><strong>si</strong></span> <span class='ocrx_word' id='word_1_785' title='bbox 1273 2053 1309 2080; x_wconf 91' lang='lat' dir='ltr'><strong>ila</strong></span> <span class='ocrx_word' id='word_1_786' title='bbox 1322 2053 1476 2086; x_wconf 85' lang='lat' dir='ltr'><strong>videbatur,</strong></span> <span class='ocrx_word' id='word_1_787' title='bbox 1500 2054 1649 2089; x_wconf 80' lang='lat' dir='ltr'><strong>arguebas?</strong></span> <span class='ocrx_word' id='word_1_788' title='bbox 1674 2054 1761 2082; x_wconf 82' lang='lat' dir='ltr'><strong>Testi—</strong></span> 
     </span>
    </p>
   </div>
   <div class='ocr_carea' id='block_1_106' title="bbox 972 2098 1760 2135">
    <p class='ocr_par' dir='ltr' id='par_1_106' title="bbox 972 2098 1760 2135">
     <span class='ocr_line' id='line_1_107' title="bbox 972 2098 1760 2135; baseline 0.004 -10"><span class='ocrx_word' id='word_1_789' title='bbox 972 2099 1094 2125; x_wconf 86' lang='lat' dir='ltr'><strong>monium</strong></span> <span class='ocrx_word' id='word_1_790' title='bbox 1107 2098 1215 2133; x_wconf 81' lang='lat' dir='ltr'><strong>quidem</strong></span> <span class='ocrx_word' id='word_1_791' title='bbox 1230 2099 1353 2127; x_wconf 87' lang='lat' dir='ltr'><strong>veritatis</strong></span> <span class='ocrx_word' id='word_1_792' title='bbox 1372 2100 1500 2128; x_wconf 89' lang='lat' dir='ltr'><strong>idoneum</strong></span> <span class='ocrx_word' id='word_1_793' title='bbox 1513 2106 1538 2127; x_wconf 85' lang='lat' dir='ltr'><strong>et</strong></span> <span class='ocrx_word' id='word_1_794' title='bbox 1552 2101 1719 2135; x_wconf 83' lang='lat' dir='ltr'><strong>exploratum</strong></span> <span class='ocrx_word' id='word_1_795' title='bbox 1733 2101 1760 2129; x_wconf 89' lang='lat' dir='ltr'><strong>id</strong></span> 
     </span>
    </p>
   </div>
   <div class='ocr_carea' id='block_1_107' title="bbox 972 2144 1757 2180">
    <p class='ocr_par' dir='ltr' id='par_1_107' title="bbox 972 2144 1757 2180">
     <span class='ocr_line' id='line_1_108' title="bbox 972 2144 1757 2180; baseline 0.004 -9"><span class='ocrx_word' id='word_1_796' title='bbox 972 2145 1083 2177; x_wconf 90' lang='lat' dir='ltr'><strong>habere,</strong></span> <span class='ocrx_word' id='word_1_797' title='bbox 1107 2144 1179 2179; x_wconf 91' lang='lat' dir='ltr'><strong>quod</strong></span> <span class='ocrx_word' id='word_1_798' title='bbox 1193 2145 1229 2172; x_wconf 86' lang='lat' dir='ltr'><strong>ita</strong></span> <span class='ocrx_word' id='word_1_799' title='bbox 1241 2146 1382 2177; x_wconf 87' lang='lat' dir='ltr'><strong>sentirent,</strong></span> <span class='ocrx_word' id='word_1_800' title='bbox 1409 2146 1434 2173; x_wconf 92' lang='lat' dir='ltr'><strong>id</strong></span> <span class='ocrx_word' id='word_1_801' title='bbox 1447 2154 1512 2174; x_wconf 85' lang='lat' dir='ltr'><strong>vero</strong></span> <span class='ocrx_word' id='word_1_802' title='bbox 1525 2147 1547 2175; x_wconf 91' lang='lat' dir='ltr'><strong>si</strong></span> <span class='ocrx_word' id='word_1_803' title='bbox 1561 2155 1615 2174; x_wconf 92' lang='lat' dir='ltr'><strong>non</strong></span> <span class='ocrx_word' id='word_1_804' title='bbox 1628 2147 1757 2180; x_wconf 86' lang='lat' dir='ltr'><strong>insanire,</strong></span> 
     </span>
    </p>
   </div>
   <div class='ocr_carea' id='block_1_108' title="bbox 973 2190 1759 2227">
    <p class='ocr_par' dir='ltr' id='par_1_108' title="bbox 973 2190 1759 2227">
     <span class='ocr_line' id='line_1_109' title="bbox 973 2190 1759 2227; baseline 0.005 -11"><span class='ocrx_word' id='word_1_805' title='bbox 973 2190 1044 2224; x_wconf 88' lang='lat' dir='ltr'><strong>quod</strong></span> <span class='ocrx_word' id='word_1_806' title='bbox 1060 2194 1087 2216; x_wconf 92' lang='lat' dir='ltr'><strong>tu</strong></span> <span class='ocrx_word' id='word_1_807' title='bbox 1100 2190 1134 2217; x_wconf 86' lang='lat' dir='ltr'><strong>de</strong></span> <span class='ocrx_word' id='word_1_808' title='bbox 1147 2190 1201 2217; x_wconf 89' lang='lat' dir='ltr'><strong>illis</strong></span> <span class='ocrx_word' id='word_1_809' title='bbox 1213 2191 1365 2224; x_wconf 86' lang='lat' dir='ltr'><strong>existimas,</strong></span> <span class='ocrx_word' id='word_1_810' title='bbox 1380 2192 1475 2219; x_wconf 85' lang='lat' dir='ltr'><strong>saltem</strong></span> <span class='ocrx_word' id='word_1_811' title='bbox 1489 2192 1523 2219; x_wconf 84' lang='lat' dir='ltr'><strong>ab</strong></span> <span class='ocrx_word' id='word_1_812' title='bbox 1535 2193 1608 2219; x_wconf 94' lang='lat' dir='ltr'><strong>omni</strong></span> <span class='ocrx_word' id='word_1_813' title='bbox 1626 2193 1759 2227; x_wconf 84' lang='lat' dir='ltr'><strong>sapientia</strong></span> 
     </span>
    </p>
   </div>
   <div class='ocr_carea' id='block_1_109' title="bbox 973 2236 1761 2273">
    <p class='ocr_par' dir='ltr' id='par_1_109' title="bbox 973 2236 1761 2273">
     <span class='ocr_line' id='line_1_110' title="bbox 973 2236 1761 2273; baseline 0.009 -13"><span class='ocrx_word' id='word_1_814' title='bbox 973 2242 1086 2269; x_wconf 88' lang='lat' dir='ltr'><strong>prorsus</strong></span> <span class='ocrx_word' id='word_1_815' title='bbox 1101 2236 1220 2263; x_wconf 88' lang='lat' dir='ltr'><strong>alienum</strong></span> <span class='ocrx_word' id='word_1_816' title='bbox 1234 2244 1295 2264; x_wconf 88' lang='lat' dir='ltr'><strong>esse</strong></span> <span class='ocrx_word' id='word_1_817' title='bbox 1307 2245 1387 2264; x_wconf 90' lang='lat' dir='ltr'><strong>nemo</strong></span> <span class='ocrx_word' id='word_1_818' title='bbox 1400 2246 1452 2265; x_wconf 90' lang='lat' dir='ltr'><strong>non</strong></span> <span class='ocrx_word' id='word_1_819' title='bbox 1463 2238 1524 2273; x_wconf 91' lang='lat' dir='ltr'><strong>jure</strong></span> <span class='ocrx_word' id='word_1_820' title='bbox 1535 2238 1659 2266; x_wconf 84' lang='lat' dir='ltr'><strong>fateatur.</strong></span> <span class='ocrx_word' id='word_1_821' title='bbox 1685 2240 1761 2266; x_wconf 81' lang='lat' dir='ltr'><strong>Ridi-</strong></span> 
     </span>
    </p>
   </div>
   <div class='ocr_carea' id='block_1_110' title="bbox 973 2281 1761 2319">
    <p class='ocr_par' dir='ltr' id='par_1_110' title="bbox 973 2281 1761 2319">
     <span class='ocr_line' id='line_1_111' title="bbox 973 2281 1761 2319; baseline 0.005 -12"><span class='ocrx_word' id='word_1_822' title='bbox 973 2281 1050 2308; x_wconf 90' lang='lat' dir='ltr'><strong>culus</strong></span> <span class='ocrx_word' id='word_1_823' title='bbox 1063 2289 1127 2316; x_wconf 82' lang='lat' dir='ltr'><strong>ergo</strong></span> <span class='ocrx_word' id='word_1_824' title='bbox 1138 2289 1178 2315; x_wconf 92' lang='lat' dir='ltr'><strong>es,</strong></span> <span class='ocrx_word' id='word_1_825' title='bbox 1197 2282 1261 2309; x_wconf 92' lang='lat' dir='ltr'><strong>dum</strong></span> <span class='ocrx_word' id='word_1_826' title='bbox 1275 2287 1357 2310; x_wconf 89' lang='lat' dir='ltr'><strong>testes</strong></span> <span class='ocrx_word' id='word_1_827' title='bbox 1369 2291 1417 2310; x_wconf 87' lang='lat' dir='ltr'><strong>eos</strong></span> <span class='ocrx_word' id='word_1_828' title='bbox 1429 2284 1463 2310; x_wconf 87' lang='lat' dir='ltr'><strong>ab</strong></span> <span class='ocrx_word' id='word_1_829' title='bbox 1474 2284 1607 2319; x_wconf 87' lang='lat' dir='ltr'><strong>ejusmodi</strong></span> <span class='ocrx_word' id='word_1_830' title='bbox 1620 2285 1761 2311; x_wconf 83' lang='lat' dir='ltr'><strong>nominum</strong></span> 
     </span>
    </p>
   </div>
   <div class='ocr_carea' id='block_1_111' title="bbox 974 2326 1760 2364">
    <p class='ocr_par' dir='ltr' id='par_1_111' title="bbox 974 2326 1760 2364">
     <span class='ocr_line' id='line_1_112' title="bbox 974 2326 1760 2364; baseline 0.005 -12"><span class='ocrx_word' id='word_1_831' title='bbox 974 2326 1147 2360; x_wconf 77' lang='lat' dir='ltr'><strong>inipositione</strong></span> <span class='ocrx_word' id='word_1_832' title='bbox 1159 2327 1265 2361; x_wconf 88' lang='lat' dir='ltr'><strong>laudas,</strong></span> <span class='ocrx_word' id='word_1_833' title='bbox 1282 2328 1381 2363; x_wconf 88' lang='lat' dir='ltr'><strong>quibus</strong></span> <span class='ocrx_word' id='word_1_834' title='bbox 1394 2333 1483 2356; x_wconf 87' lang='lat' dir='ltr'><strong>tamen</strong></span> <span class='ocrx_word' id='word_1_835' title='bbox 1504 2329 1571 2356; x_wconf 89' lang='lat' dir='ltr'><strong>nihil</strong></span> <span class='ocrx_word' id='word_1_836' title='bbox 1584 2338 1702 2364; x_wconf 89' lang='lat' dir='ltr'><strong>unquam</strong></span> <span class='ocrx_word' id='word_1_837' title='bbox 1713 2330 1760 2364; x_wconf 92' lang='lat' dir='ltr'><strong>ju-</strong></span> 
     </span>
    </p>
   </div>
   <div class='ocr_carea' id='block_1_112' title="bbox 973 2372 1761 2410">
    <p class='ocr_par' dir='ltr' id='par_1_112' title="bbox 973 2372 1761 2410">
     <span class='ocr_line' id='line_1_113' title="bbox 973 2372 1761 2410; baseline 0.005 -11"><span class='ocrx_word' id='word_1_838' title='bbox 973 2372 1044 2399; x_wconf 89' lang='lat' dir='ltr'><strong>dicio</strong></span> <span class='ocrx_word' id='word_1_839' title='bbox 1058 2373 1153 2400; x_wconf 79' lang='lat' dir='ltr'><strong>saltem</strong></span> <span class='ocrx_word' id='word_1_840' title='bbox 1166 2374 1364 2409; x_wconf 83' lang='lat' dir='ltr'><strong>prudentiaque</strong></span> <span class='ocrx_word' id='word_1_841' title='bbox 1384 2376 1520 2403; x_wconf 90' lang='lat' dir='ltr'><strong>concedas</strong></span> <span class='ocrx_word' id='word_1_842' title='bbox 1534 2385 1539 2402; x_wconf 89' lang='lat'>:</span> <span class='ocrx_word' id='word_1_843' title='bbox 1555 2376 1607 2403; x_wconf 89' lang='lat' dir='ltr'><strong>nisi</strong></span> <span class='ocrx_word' id='word_1_844' title='bbox 1620 2384 1683 2402; x_wconf 88' lang='lat' dir='ltr'><strong>vero</strong></span> <span class='ocrx_word' id='word_1_845' title='bbox 1693 2397 1700 2408; x_wconf 91' lang='lat'><strong>,</strong></span> <span class='ocrx_word' id='word_1_846' title='bbox 1713 2376 1761 2410; x_wconf 84' lang='lat' dir='ltr'><strong>qui</strong></span> 
     </span>
    </p>
   </div>
   <div class='ocr_carea' id='block_1_113' title="bbox 973 2419 1760 2455">
    <p class='ocr_par' dir='ltr' id='par_1_113' title="bbox 973 2419 1760 2455">
     <span class='ocr_line' id='line_1_114' title="bbox 973 2419 1760 2455; baseline 0.005 -10"><span class='ocrx_word' id='word_1_847' title='bbox 973 2419 1006 2446; x_wconf 85' lang='lat' dir='ltr'><strong>ab</strong></span> <span class='ocrx_word' id='word_1_848' title='bbox 1019 2420 1096 2447; x_wconf 90' lang='lat' dir='ltr'><strong>initio</strong></span> <span class='ocrx_word' id='word_1_849' title='bbox 1122 2428 1208 2455; x_wconf 74' lang='lat' dir='ltr'><strong>genus</strong></span> <span class='ocrx_word' id='word_1_850' title='bbox 1222 2421 1273 2448; x_wconf 92' lang='lat' dir='ltr'><strong>hoc</strong></span> <span class='ocrx_word' id='word_1_851' title='bbox 1284 2422 1425 2449; x_wconf 86' lang='lat' dir='ltr'><strong>nominum</strong></span> <span class='ocrx_word' id='word_1_852' title='bbox 1448 2422 1529 2449; x_wconf 87' lang='lat' dir='ltr'><strong>rebus</strong></span> <span class='ocrx_word' id='word_1_853' title='bbox 1548 2422 1608 2449; x_wconf 87' lang='lat' dir='ltr'><strong>istis</strong></span> <span class='ocrx_word' id='word_1_854' title='bbox 1628 2422 1760 2454; x_wconf 83' lang='lat' dir='ltr'><strong>indidere.</strong></span> 
     </span>
    </p>
   </div>
   <div class='ocr_carea' id='block_1_114' title="bbox 973 2510 1759 2548">
    <p class='ocr_par' dir='ltr' id='par_1_114' title="bbox 973 2510 1759 2548">
     <span class='ocr_line' id='line_1_115' title="bbox 973 2510 1759 2548; baseline 0.008 -13"><span class='ocrx_word' id='word_1_855' title='bbox 973 2510 1110 2548; x_wconf 67' lang='lat' dir='ltr'><strong>prtecedit,</strong></span> <span class='ocrx_word' id='word_1_856' title='bbox 1126 2511 1287 2548; x_wconf 82' lang='lat' dir='ltr'><strong>mendosum</strong></span> <span class='ocrx_word' id='word_1_857' title='bbox 1304 2517 1355 2545; x_wconf 88' lang='lat' dir='ltr'><strong>est,</strong></span> <span class='ocrx_word' id='word_1_858' title='bbox 1372 2513 1486 2547; x_wconf 82' lang='lat' dir='ltr'><strong>ejusque</strong></span> <span class='ocrx_word' id='word_1_859' title='bbox 1500 2513 1559 2540; x_wconf 88' lang='lat' dir='ltr'><strong>loco</strong></span> <span class='ocrx_word' id='word_1_860' title='bbox 1575 2513 1759 2548; x_wconf 88' lang='lat' dir='ltr'><strong>reponendum</strong></span> 
     </span>
    </p>
   </div>
   <div class='ocr_carea' id='block_1_115' title="bbox 972 2544 1342 2575">
    <p class='ocr_par' dir='ltr' id='par_1_115' title="bbox 972 2544 1342 2575">
     <span class='ocr_line' id='line_1_116' title="bbox 972 2544 1342 2575; baseline 0.008 -5"><span class='ocrx_word' id='word_1_861' title='bbox 972 2544 1012 2575; x_wconf 84' lang='grc' dir='ltr'>τό,</span> <span class='ocrx_word' id='word_1_862' title='bbox 1031 2552 1091 2571; x_wconf 88' lang='lat' dir='ltr'><strong>cum</strong></span> <span class='ocrx_word' id='word_1_863' title='bbox 1107 2545 1192 2572; x_wconf 80' lang='lat' dir='ltr'><strong>altero</strong></span> <span class='ocrx_word' id='word_1_864' title='bbox 1206 2554 1342 2574; x_wconf 84' lang='lat' dir='ltr'><strong>manuscr.</strong></span> 
     </span>
    </p>
   </div>
   <div class='ocr_carea' id='block_1_116' title="bbox 1009 2579 1757 2617">
    <p class='ocr_par' dir='ltr' id='par_1_116' title="bbox 1009 2579 1757 2617">
     <span class='ocr_line' id='line_1_117' title="bbox 1009 2579 1757 2617; baseline 0.007 -11"><span class='ocrx_word' id='word_1_865' title='bbox 1009 2579 1062 2614; x_wconf 68' lang='lat'><strong>(92)</strong></span> <span class='ocrx_word' id='word_1_866' title='bbox 1091 2580 1158 2617; x_wconf 69' lang='grc' dir='ltr'>οὐδ’</span> <span class='ocrx_word' id='word_1_867' title='bbox 1178 2581 1278 2617; x_wconf 67' lang='grc' dir='ltr'>οὕτως</span> <span class='ocrx_word' id='word_1_868' title='bbox 1304 2582 1399 2616; x_wconf 67' lang='grc' dir='ltr'>ἐχρῆν</span> <span class='ocrx_word' id='word_1_869' title='bbox 1425 2583 1523 2617; x_wconf 63' lang='grc' dir='ltr'>φύσει.</span> <span class='ocrx_word' id='word_1_870' title='bbox 1555 2582 1680 2610; x_wconf 83' lang='lat' dir='ltr'><strong>Mendum</strong></span> <span class='ocrx_word' id='word_1_871' title='bbox 1714 2584 1757 2611; x_wconf 91' lang='lat' dir='ltr'><strong>hic</strong></span> 
     </span>
    </p>
   </div>
   <div class='ocr_carea' id='block_1_117' title="bbox 973 2615 1758 2648">
    <p class='ocr_par' dir='ltr' id='par_1_117' title="bbox 973 2615 1758 2648">
     <span class='ocr_line' id='line_1_118' title="bbox 973 2615 1758 2648; baseline 0.008 -8"><span class='ocrx_word' id='word_1_872' title='bbox 973 2622 1119 2648; x_wconf 77' lang='lat' dir='ltr'><strong>agnoscere</strong></span> <span class='ocrx_word' id='word_1_873' title='bbox 1131 2615 1210 2643; x_wconf 84' lang='lat' dir='ltr'><strong>facile</strong></span> <span class='ocrx_word' id='word_1_874' title='bbox 1224 2621 1279 2648; x_wconf 78' lang='lat' dir='ltr'><strong>est;</strong></span> <span class='ocrx_word' id='word_1_875' title='bbox 1293 2615 1385 2644; x_wconf 73' lang='lat' dir='ltr'><strong>tollere</strong></span> <span class='ocrx_word' id='word_1_876' title='bbox 1396 2615 1512 2645; x_wconf 85' lang='lat' dir='ltr'><strong>dillieile.</strong></span> <span class='ocrx_word' id='word_1_877' title='bbox 1528 2617 1582 2645; x_wconf 77' lang='lat' dir='ltr'><strong>Nec</strong></span> <span class='ocrx_word' id='word_1_878' title='bbox 1593 2621 1758 2646; x_wconf 66' lang='lat' dir='ltr'><strong>membranae</strong></span> 
     </span>
    </p>
   </div>
   <div class='ocr_carea' id='block_1_118' title="bbox 973 2649 1757 2690">
    <p class='ocr_par' dir='ltr' id='par_1_118' title="bbox 973 2649 1757 2690">
     <span class='ocr_line' id='line_1_119' title="bbox 973 2649 1757 2690; baseline 0.006 -15"><span class='ocrx_word' id='word_1_879' title='bbox 973 2649 1057 2690; x_wconf 78' lang='lat' dir='ltr'><strong>hilum</strong></span> <span class='ocrx_word' id='word_1_880' title='bbox 1072 2650 1178 2690; x_wconf 62' lang='lat' dir='ltr'><strong>juvant.</strong></span> <span class='ocrx_word' id='word_1_881' title='bbox 1196 2650 1256 2690; x_wconf 75' lang='lat' dir='ltr'><strong>Una</strong></span> <span class='ocrx_word' id='word_1_882' title='bbox 1273 2651 1419 2690; x_wconf 68' lang='lat' dir='ltr'><strong>Montacut.</strong></span> <span class='ocrx_word' id='word_1_883' title='bbox 1438 2661 1491 2690; x_wconf 76' lang='lat' dir='ltr'><strong>pro</strong></span> <span class='ocrx_word' id='word_1_884' title='bbox 1503 2653 1663 2690; x_wconf 63' lang='lat' dir='ltr'><strong>cpti;stleg.t</strong></span> <span class='ocrx_word' id='word_1_885' title='bbox 1679 2654 1757 2690; x_wconf 85' lang='grc' dir='ltr'>φησί,</span> 
     </span>
    </p>
   </div>
   <div class='ocr_carea' id='block_1_119' title="bbox 974 2684 1760 2722">
    <p class='ocr_par' dir='ltr' id='par_1_119' title="bbox 974 2684 1760 2722">
     <span class='ocr_line' id='line_1_120' title="bbox 974 2684 1760 2722; baseline 0.009 -12"><span class='ocrx_word' id='word_1_886' title='bbox 974 2687 1025 2711; x_wconf 85' lang='lat' dir='ltr'><strong>hoc</strong></span> <span class='ocrx_word' id='word_1_887' title='bbox 1056 2684 1202 2722; x_wconf 38' lang='lat' dir='ltr'><strong>ni‘fallor,</strong></span> <span class='ocrx_word' id='word_1_888' title='bbox 1233 2687 1326 2722; x_wconf 17' lang='lat' dir='ltr'><strong>\‘ritium</strong></span> <span class='ocrx_word' id='word_1_889' title='bbox 1360 2684 1447 2722; x_wconf 72' lang='lat' dir='ltr'><strong>auget.</strong></span> <span class='ocrx_word' id='word_1_890' title='bbox 1476 2684 1544 2720; x_wconf 77' lang='lat' dir='ltr'><strong>Quid</strong></span> <span class='ocrx_word' id='word_1_891' title='bbox 1573 2689 1595 2715; x_wconf 90' lang='lat' dir='ltr'><strong>si</strong></span> <span class='ocrx_word' id='word_1_892' title='bbox 1623 2684 1760 2716; x_wconf 47' lang='lat' dir='ltr'><strong>{esui-ilia;</strong></span> 
     </span>
    </p>
   </div>
   <div class='ocr_carea' id='block_1_120' title="bbox 973 2719 1761 2759">
    <p class='ocr_par' dir='ltr' id='par_1_120' title="bbox 973 2719 1761 2759">
     <span class='ocr_line' id='line_1_121' title="bbox 973 2719 1761 2759; baseline 0.006 -14"><span class='ocrx_word' id='word_1_893' title='bbox 973 2724 1032 2759; x_wconf 42' lang='lat' dir='ltr'><strong>tur;</strong></span> <span class='ocrx_word' id='word_1_894' title='bbox 1042 2719 1102 2746; x_wconf 77' lang='grc' dir='ltr'>οὐδὲ</span> <span class='ocrx_word' id='word_1_895' title='bbox 1117 2721 1157 2747; x_wconf 90' lang='lat' dir='ltr'><strong>vel</strong></span> <span class='ocrx_word' id='word_1_896' title='bbox 1170 2721 1220 2759; x_wconf 56' lang='grc' dir='ltr'><strong>(έρκ</strong></span> <span class='ocrx_word' id='word_1_897' title='bbox 1240 2721 1310 2756; x_wconf 77' lang='grc' dir='ltr'>ἔχειν</span> <span class='ocrx_word' id='word_1_898' title='bbox 1326 2719 1409 2759; x_wconf 74' lang='grc' dir='ltr'><strong>τοῦτᾷ</strong></span> <span class='ocrx_word' id='word_1_899' title='bbox 1420 2719 1516 2757; x_wconf 72' lang='grc' dir='ltr'>φύσιν,</span> <span class='ocrx_word' id='word_1_900' title='bbox 1533 2723 1579 2750; x_wconf 77' lang='grc' dir='ltr'>καὶ</span> <span class='ocrx_word' id='word_1_901' title='bbox 1600 2724 1623 2749; x_wconf 79' lang='grc' dir='ltr'><strong>εί</strong></span> <span class='ocrx_word' id='word_1_902' title='bbox 1643 2724 1680 2759; x_wconf 88' lang='grc' dir='ltr'>μὴ</span> <span class='ocrx_word' id='word_1_903' title='bbox 1698 2724 1761 2759; x_wconf 90' lang='grc' dir='ltr'>μαί-</span> 
     </span>
    </p>
   </div>
   <div class='ocr_carea' id='block_1_121' title="bbox 972 2754 1759 2794">
    <p class='ocr_par' dir='ltr' id='par_1_121' title="bbox 972 2754 1759 2794">
     <span class='ocr_line' id='line_1_122' title="bbox 972 2754 1759 2794; baseline 0.008 -14"><span class='ocrx_word' id='word_1_904' title='bbox 972 2754 1079 2794; x_wconf 65' lang='grc' dir='ltr'>νεσθαι,</span> <span class='ocrx_word' id='word_1_905' title='bbox 1095 2759 1148 2794; x_wconf 83' lang='lat' dir='ltr'><strong>etc_.</strong></span> <span class='ocrx_word' id='word_1_906' title='bbox 1172 2754 1336 2794; x_wconf 80' lang='lat' dir='ltr'><strong>Nutmiiest,</strong></span> <span class='ocrx_word' id='word_1_907' title='bbox 1362 2754 1441 2792; x_wconf 79' lang='grc' dir='ltr'>φύσιν</span> <span class='ocrx_word' id='word_1_908' title='bbox 1458 2759 1506 2785; x_wconf 76' lang='grc' dir='ltr'>οὐκ</span> <span class='ocrx_word' id='word_1_909' title='bbox 1526 2759 1609 2794; x_wconf 79' lang='grc' dir='ltr'>ἔχειν,</span> <span class='ocrx_word' id='word_1_910' title='bbox 1631 2754 1759 2786; x_wconf 46' lang='lat' dir='ltr'><strong>div-51.106</strong></span> 
     </span>
    </p>
   </div>
   <div class='ocr_carea' id='block_1_122' title="bbox 973 2789 1758 2826">
    <p class='ocr_par' dir='ltr' id='par_1_122' title="bbox 973 2789 1758 2826">
     <span class='ocr_line' id='line_1_123' title="bbox 973 2789 1758 2826; baseline 0.008 -11"><span class='ocrx_word' id='word_1_911' title='bbox 973 2790 1085 2826; x_wconf 64' lang='grc' dir='ltr'><strong>ᾅτοπον</strong></span> <span class='ocrx_word' id='word_1_912' title='bbox 1116 2789 1212 2822; x_wconf 76' lang='grc' dir='ltr'>εἶναι,</span> <span class='ocrx_word' id='word_1_913' title='bbox 1245 2792 1291 2818; x_wconf 80' lang='grc' dir='ltr'>καὶ</span> <span class='ocrx_word' id='word_1_914' title='bbox 1325 2789 1474 2826; x_wconf 53' lang='lat' dir='ltr'><strong>meum.</strong></span> <span class='ocrx_word' id='word_1_915' title='bbox 1513 2789 1557 2822; x_wconf 63' lang='lat' dir='ltr'><strong>Ita~</strong></span> <span class='ocrx_word' id='word_1_916' title='bbox 1583 2789 1758 2823; x_wconf 72' lang='lat' dir='ltr'><strong>Demostheni.</strong></span> 
     </span>
    </p>
   </div>
   <div class='ocr_carea' id='block_1_123' title="bbox 974 2825 1762 2866">
    <p class='ocr_par' dir='ltr' id='par_1_123' title="bbox 974 2825 1762 2866">
     <span class='ocr_line' id='line_1_124' title="bbox 974 2825 1762 2866; baseline 0.008 -15"><span class='ocrx_word' id='word_1_917' title='bbox 974 2825 1081 2866; x_wconf 49' lang='lat' dir='ltr'><strong>Olyn&#39;lh.</strong></span> <span class='ocrx_word' id='word_1_918' title='bbox 1099 2826 1217 2866; x_wconf 48' lang='grc' dir='ltr'>ιιι-Ἀλλ’</span> <span class='ocrx_word' id='word_1_919' title='bbox 1233 2826 1290 2866; x_wconf 43' lang='grc' dir='ltr'>οὓς</span> <span class='ocrx_word' id='word_1_920' title='bbox 1306 2827 1425 2866; x_wconf 61' lang='grc' dir='ltr'>εὔλογον,</span> <span class='ocrx_word' id='word_1_921' title='bbox 1448 2825 1503 2866; x_wconf 56' lang='grc' dir='ltr'><strong>οὔτ’</strong></span> <span class='ocrx_word' id='word_1_922' title='bbox 1520 2830 1580 2866; x_wconf 77' lang='grc' dir='ltr'>ἕχον</span> <span class='ocrx_word' id='word_1_923' title='bbox 1596 2831 1658 2866; x_wconf 63' lang='grc' dir='ltr'>εστὶ</span> <span class='ocrx_word' id='word_1_924' title='bbox 1681 2831 1762 2865; x_wconf 81' lang='grc' dir='ltr'>φύσιν</span> 
     </span>
    </p>
   </div>
   <div class='ocr_carea' id='block_1_124' title="bbox 973 2860 1761 2898">
    <p class='ocr_par' dir='ltr' id='par_1_124' title="bbox 973 2860 1761 2898">
     <span class='ocr_line' id='line_1_125' title="bbox 973 2860 1761 2898; baseline 0.009 -13"><span class='ocrx_word' id='word_1_925' title='bbox 973 2860 1050 2898; x_wconf 61' lang='grc' dir='ltr'>τοῦτό</span> <span class='ocrx_word' id='word_1_926' title='bbox 1064 2869 1104 2895; x_wconf 87' lang='grc' dir='ltr'>γε.</span> <span class='ocrx_word' id='word_1_927' title='bbox 1119 2860 1247 2898; x_wconf 68' lang='grc' dir='ltr'>ῌυγοιίυι.</span> <span class='ocrx_word' id='word_1_928' title='bbox 1264 2862 1310 2888; x_wconf 83' lang='lat' dir='ltr'><strong>lib.</strong></span> <span class='ocrx_word' id='word_1_929' title='bbox 1326 2871 1357 2895; x_wconf 90' lang='grc' dir='ltr'><strong>ιι,</strong></span> <span class='ocrx_word' id='word_1_930' title='bbox 1372 2860 1439 2890; x_wconf 82' lang='grc' dir='ltr'>Ἕνα</span> <span class='ocrx_word' id='word_1_931' title='bbox 1455 2864 1519 2892; x_wconf 76' lang='grc' dir='ltr'>ὄντα</span> <span class='ocrx_word' id='word_1_932' title='bbox 1534 2860 1578 2898; x_wconf 60' lang='lat' dir='ltr'><strong>(ile</strong></span> <span class='ocrx_word' id='word_1_933' title='bbox 1594 2860 1707 2892; x_wconf 78' lang='lat' dir='ltr'><strong>Hercuie</strong></span> <span class='ocrx_word' id='word_1_934' title='bbox 1723 2866 1761 2892; x_wconf 89' lang='lat' dir='ltr'><strong>lo-</strong></span> 
     </span>
    </p>
   </div>
   <div class='ocr_carea' id='block_1_125' title="bbox 972 2896 1760 2936">
    <p class='ocr_par' dir='ltr' id='par_1_125' title="bbox 972 2896 1760 2936">
     <span class='ocr_line' id='line_1_126' title="bbox 972 2896 1760 2936; baseline 0.008 -15"><span class='ocrx_word' id='word_1_935' title='bbox 972 2897 1085 2931; x_wconf 87' lang='lat' dir='ltr'><strong>quitur),</strong></span> <span class='ocrx_word' id='word_1_936' title='bbox 1101 2896 1158 2928; x_wconf 78' lang='grc' dir='ltr'><strong>πῶς</strong></span> <span class='ocrx_word' id='word_1_937' title='bbox 1175 2896 1254 2931; x_wconf 77' lang='grc' dir='ltr'>φύσιν</span> <span class='ocrx_word' id='word_1_938' title='bbox 1269 2897 1324 2932; x_wconf 71' lang='grc' dir='ltr'>ἔχει</span> <span class='ocrx_word' id='word_1_939' title='bbox 1342 2898 1442 2931; x_wconf 76' lang='grc' dir='ltr'>πολλὰς</span> <span class='ocrx_word' id='word_1_940' title='bbox 1465 2896 1598 2936; x_wconf 74' lang='grc' dir='ltr'>μυριάδας</span> <span class='ocrx_word' id='word_1_941' title='bbox 1617 2901 1760 2934; x_wconf 73' lang='grc' dir='ltr'>φονεῦσαι;</span> 
     </span>
    </p>
   </div>
  </div>
