2063 3211
303 135 351 164 ιδι

621 135 756 164 ΕΠΞΕΒΙΙ
774 135 1014 164 ΩΕΞΑΒΙΕΝΞΙΞ
1033 135 1081 163 0P1

1132 136 1221 165 PARS
1241 135 1273 164 ll.
1293 153 1328 158 —
1346 137 1602 168 APOLOGETICA.

1874 143 1930 171 452

302 196 437 230 sapientes
449 195 529 223 iidem
544 203 608 223 casu
622 195 713 230 aliquo
727 195 844 228 fuerim;
860 195 885 222 id
898 196 970 231 quod
981 200 1009 223 tu
1023 204 1078 223 nun

1140 205 1218 231 γεται
1234 198 1263 223 ὲν
1277 197 1406 229 ἐκείνοις,
1431 198 1597 226 ἐνδείκνυται
1630 200 1661 227 τὺ
1682 201 1859 236 ἀπαράϐατον
1885 204 1933 230 καὶ

302 251 384 277 quam
400 243 562 270 ostenderis.
596 242 696 269 Verum
720 242 799 269 dt‘lltt‘
814 242 896 269 etiam
915 242 976 274 hoc,
995 250 1092 276 quam-

302 297 355 324 que
369 289 502 322 defendis,
520 296 551 316 ea
566 288 722 316 nominibus
745 288 824 323 265
848 288 902 315 illis
928 288 1091 324 signiﬁcatio

302 336 448 368 tribuatur,
462 343 512 362 nec
526 342 618 362 errore
629 334 766 368 opinionis
779 334 833 361 ullo
847 333 948 361 factum
963 335 1033 362 istud
1050 334 1092 362 fu-

301 382 363 408 erit.
381 381 523 414 Quomodo
536 384 624 408 tamen
638 381 729 407 omnia
741 388 854 415 prorsus
867 380 922 408 fato
936 381 994 408 fieri
1011 381 1092 416 signi-

302 428 397 460 ficant,
420 435 452 454 ac
477 435 530 454 nou
550 428 640 461 potius
662 427 702 461 (si
732 435 785 462 qua
813 428 953 455 nominum
976 428 1091 455 istorum

301 473 342 500 vis
371 472 431 507 est)
459 480 489 499 ea
518 473 707 500 tantummodo
736 481 797 508 quae
825 473 872 500 fati
898 474 956 509 lege
984 478 1092 501 tenean-

300 519 363 546 tur?
387 518 453 546 Nam
467 524 494 547 et
510 519 658 546 Parcarum
679 527 821 551 numerus,
844 520 1020 555 ipsarumque
1040 527 1091 547 no-

299 566 383 596 mina,
401 565 580 593 ctClothonis
593 565 723 596 fusus,ct
735 566 915 600 glomeratum
942 567 969 593 in
1000 573 1034 593 eo
1061 565 1092 592 li-

298 611 365 644 lum,
383 612 511 646 ductique
531 620 563 639 ex
585 619 617 638 eo
639 613 763 640 staminis
784 613 943 645 necessitas,
969 617 995 640 et
1015 620 1091 647 qua:—

298 666 406 692 cunque
431 658 568 685 adduntur
580 663 721 693 praeterea,
745 664 849 686 certum
863 658 931 686 forte
944 660 1090 694 quemdam

299 708 380 738 atque
392 711 423 731 ex
438 704 511 731 omni
525 705 675 731 aeternitate
697 709 789 739 aptum
818 712 963 732 causarum
977 706 1047 732 inter
1061 713 1090 733 se

298 757 397 777 nexum
412 749 445 776 iis
457 750 483 776 in
499 750 580 777 rebus
593 750 747 781 ostendant,
761 758 822 785 quat
831 751 987 782 necessario
999 751 1040 778 vel
1053 751 1088 778 ita

297 795 374 828 fiant,
398 796 440 823 vel
464 796 541 823 aliter
557 796 655 823 habere
678 803 732 823 non
747 796 861 831 possint.
890 797 1047 831 Cujusmodi
1061 802 1089 824 ut

296 849 357 870 esse
381 841 522 876 plerasque
544 841 697 874 fateamur;
722 850 892 878 quaecunque
913 846 1004 870 tamen
1028 843 1088 878 ejus

296 887 460 915 conditionis
474 896 527 915 non
540 892 614 920 sunt,
638 889 671 916 iis
684 888 808 916 homines
820 890 917 924 partim
932 889 1086 917 moderato-

297 942 341 961 res
350 939 528 969 aucloresque
540 935 605 962 deos
617 935 810 968 attribuerunt,
826 938 924 970 partim
939 945 988 965 nos
1000 937 1083 973 ipsos,

296 980 394 1014 partim
421 985 557 1012 naturam,
594 986 676 1016 atque
705 981 842 1008 fortunam
870 990 968 1010 causas
990 991 1084 1011 earum

295 1026 420 1061 proprias
441 1034 501 1054 esse
523 1027 677 1055 voluerunt.
696 1026 736 1054 Ac
748 1026 864 1054 fortuna:
875 1028 986 1062 quidem
1002 1033 1030 1055 ut
1044 1028 1084 1055 in-

295 1072 419 1100 stabilem
437 1073 639 1107 volubilemque
663 1077 778 1104 motum,
793 1079 922 1108 perpetua
934 1076 1085 1102 mutatione

295 1117 472 1151 conjunctum
485 1117 670 1150 ostenderent,
686 1126 802 1153 eamque
823 1126 914 1146 rerum
928 1119 1085 1146 inconstant-

294 1163 360 1189 tiam
378 1163 525 1190 simulacro
542 1163 661 1197 quodam
685 1163 898 1196 adumbrarent,
923 1163 1082 1192 insidentem

294 1209 374 1244 globo
398 1209 534 1235 fortunam
549 1216 624 1243 expr.
634 1216 719 1236 ssere.
746 1201 816 1242 Quid
829 1210 851 1237 si
864 1217 898 1237 ne
910 1210 962 1238 ista
974 1211 1082 1246 quidem

294 1254 365 1289 apud
388 1255 513 1281 homines
538 1254 590 1281 lixa
614 1255 726 1282 omnino
740 1261 853 1290 raraque
865 1256 989 1283 videntur
1003 1258 1085 1284 8:56?

294 1304 325 1327 ut
336 1300 408 1327 enini
424 1307 522 1327 causas
549 1301 686 1328 interdum
699 1301 889 1336 principiaque
910 1303 1082 1335 conturbent,

293 1355 409 1383 quaeque
431 1347 472 1374 vel
496 1347 561 1379 fato,
576 1347 616 1374 vel
628 1355 693 1375 casu
715 1348 794 1380 liunt,
819 1355 851 1375 ea
865 1349 957 1376 divino
968 1348 1084 1376 Numine

293 1392 352 1419 fieri
369 1393 553 1425 arbitrentur;
567 1401 628 1428 qna.-
651 1401 716 1421 vero
738 1393 844 1420 arbitrii
869 1396 957 1421 nostri
980 1394 1083 1422 viribus

293 1438 454 1471 efﬁciuntur,
477 1440 571 1466 eadem
598 1439 654 1466 fato
677 1440 842 1474 assignanda
864 1444 960 1475 putent
984 1450 990 1468 :
1017 1441 1083 1476 quin

292 1485 425 1519 principia
439 1489 527 1512 tamen
541 1486 632 1512 omnia
647 1486 728 1513 rebus
743 1486 809 1520 ipsis
822 1487 911 1514 inesse
926 1487 1081 1521 opinentur,

1143 243 1172 275 ἐξ
1196 243 1292 275 αἰῶνος
1321 243 1441 278 καθῆκον
1466 245 1520 271 τῶν
1547 245 1653 276 αἰτιῶν,
1678 247 1728 273 ὅσα
1743 247 1844 275 οὑτωσὶ
1866 258 1934 275 κατ-

1141 291 1312 326 ηνάγκασται
1327 290 1465 324 γενέσθαι,
1482 291 1529 318 καὶ
1552 292 1601 319 ὅσα
1618 292 1704 325 ἄλλως
1717 293 1789 328 ἔχειν
1809 295 1934 321 κεκώλυ-

1141 344 1196 362 ται.
1212 336 1300 362 Πολλὰ
1310 336 1332 362 δ’
1347 336 1380 363 ἂν
1393 337 1434 372 εἴη
1451 337 1484 363 τὰ
1497 337 1618 363 τοιαῦτα·
1633 338 1685 364 ὃσα
1699 338 1727 364 δὲ
1743 339 1791 374 οὐχ
1808 339 1878 367 οὕτω
1892 341 1921 374 γε

1142 389 1227 411 νεται,
1240 381 1342 407 τούτων
1361 381 1416 407 τισὶ
1430 381 1479 416 μὲν
1493 382 1517 408 οἱ
1538 381 1674 418 ἄνθρωποι
1701 383 1777 415 θεοὺς
1791 384 1927 421 διοικητὰς

1142 427 1188 453 καὶ
1203 427 1384 463 δημιουργοὺς
1397 428 1579 463 ἐπεφήμισαν·
1602 429 1683 456 τινῶν
1698 429 1727 456 δὲ
1743 430 1816 466 ἡμᾶς
1829 432 1927 463 αὐτοὺς

1141 472 1243 504 αἰτίους
1263 473 1405 500 ὑπέλαϐον·
1421 473 1508 500 ἄλλων
1521 474 1549 500 δὲ
1561 472 1594 501 αὗ
1611 475 1693 502 πάλιν
1706 475 1755 511 τὴν
1767 476 1858 510 φύσιν,
1882 477 1916 504 ἄλ

1141 519 1194 545 λων
1207 519 1255 554 τὴν
1270 518 1365 554 τύχην·
1381 518 1415 556 ἦς
1429 520 1459 546 τὸ
1479 521 1659 556 εὐμετάὸολον
1680 522 1726 549 καὶ
1742 522 1867 555 ἄστατον,
1881 525 1926 551 καὶ

1141 564 1188 591 νῦν
1205 565 1253 600 μὲν
1273 565 1353 597 οὕτω,
1369 565 1416 592 νῦν
1436 565 1463 592 δὲ
1483 566 1568 599 οὕτως
1597 567 1658 603 ἔχον
1685 568 1850 602 ἐνδείξασθαι
1868 569 1922 605 βου-

1141 610 1257 645 λόμενοι,
1275 612 1533 648 εἰδωλοποιήσαντες
1548 613 1577 640 τὸ
1591 614 1666 641 ποιὸν
1678 615 1756 641 τοῦτο
1772 615 1927 652 σύμπτωμα

1139 657 1194 684 τῶν
1210 658 1390 693 πραγμάτων,
1406 659 1452 685 ἐπὶ
1467 660 1584 694 σφαίρας
1608 659 1754 696 βεϐηκυῖαν
1772 661 1821 697 τὴν
1843 662 1928 698 τύχην

1140 704 1252 738 ἔδειξαν.
1272 706 1305 732 Ἢ
1320 705 1379 740 οὐχὶ
1390 705 1418 731 δὲ
1440 705 1596 738 δεδόξασται
1613 706 1689 742 παρὰ
1703 708 1759 739 τοῖς
1772 707 1928 743 ἀνθρώποις

1139 752 1186 778 καὶ
1202 752 1305 784 ταῦτα;
1319 752 1372 778 Καὶ
1385 752 1439 787 γὰρ
1450 752 1492 779 ἀεί
1510 761 1574 778 ποτε
1590 752 1644 788 (95)
1667 754 1878 789 συνταράττουσι
1893 754 1928 782 τὰ

1139 797 1223 829 αἴτια,
1237 798 1284 824 καὶ
1300 798 1351 825 ὅσα
1366 798 1416 833 μὲν
1429 797 1488 824 καθ’
1500 799 1681 834 είμαρμένην,
1709 800 1726 834 ἢ
1755 800 1825 827 κατὰ
1840 801 1927 836 τύχην

1139 842 1251 876 γίνεται,
1263 843 1349 869 ταῦτα
1362 844 1394 869 ὲκ
1410 843 1484 875 θείας
1499 844 1639 878 δυνάμεως
1659 844 1781 878 γίνεσθαι
1800 846 1928 881 νομίζου-

1139 896 1190 914 σιν’
1202 888 1252 914 ὅσα
1261 888 1289 914 δὲ
1304 889 1368 923 παρ’
1385 888 1467 923 ἡμᾶς,
1483 888 1569 915 ταῦτα
1584 889 1644 915 καθ’
1655 889 1833 925 εἱμαρμένην.
1855 889 1926 916 Ἀλλ’

1136 933 1176 960 ὅτι
1190 941 1222 967 γε
1235 934 1322 959 πάντα
1333 934 1365 960 τὰ
1377 934 1450 961 ὰῖτια
1461 933 1548 960 ταῦτα
1562 934 1590 960 ὲν
1607 935 1663 966 τοῖς
1683 932 1741 960 οὖσι
1762 941 1774 955 ι
1796 933 1924 967 δοξάζου-

1137 988 1173 1011 σι,
1187 979 1266 1005 παντί
1279 988 1330 1006 που
1343 979 1430 1015 δῆλον.
1454 980 1534 1006 Ὥστε
1557 979 1618 1006 οὐδὲ
1639 979 1688 1011 τὰς
1699 980 1753 1007 τῶν
1772 980 1925 1015 ἀνθρώπων

1136 1026 1293 1062 ὑπολήψεις,
1306 1026 1367 1053 οὐδὲ
1392 1027 1441 1058 τὰς
1456 1026 1544 1059 θέσεις
1560 1027 1613 1053 τῶν
1637 1028 1764 1053 τοιούτων
1784 1027 1925 1062 ὀνομάτων

1137 1074 1340 1108 συμμαρτυρεῖν
1371 1075 1404 1109 τῇ
1439 1073 1601 1109 Χρυσίππου
1638 1073 1701 1110 δόξῃ
1733 1073 1921 1109 ωμὸέῦηκε.»

1136 1120 1245 1151 Τούτοις
1263 1119 1326 1155 ἑξῆς
1353 1119 1486 1153 ἐπιλέγει·
1517 1129 1527 1145 Ι
1544 1120 1587 1146 Ἐν
1616 1119 1665 1154 μὲν
1689 1117 1734 1146 οὖν
1759 1119 1796 1154 τῷ
1823 1119 1924 1155 πρώτῳ

1136 1167 1203 1200 Περὶ
1220 1166 1399 1201 εἱμαρμένης
1418 1165 1522 1201 βιϐλίῳ,
1540 1165 1677 1195 τοιαύταις
1699 1166 1769 1192 τισὶν
1784 1165 1924 1198 ἀποδείξε-

1136 1221 1177 1239 σιν
1192 1212 1337 1248 κέχρηται·
1355 1213 1382 1239 ὲν
1395 1212 1422 1238 δὲ
1448 1211 1487 1247 τῷ
1501 1212 1618 1247 δευτέρῳ
1646 1211 1718 1238 λύειν
1746 1213 1873 1247 πειρᾶται
1887 1211 1922 1238 τὰ

1135 1257 1289 1285 ἀκολουθεῖν
1305 1257 1435 1284 δοκοῦντα
1448 1258 1535 1285 ἄτοπα
1550 1257 1587 1293 τῷ
1601 1257 1672 1293 λόγῳ
1687 1258 1776 1284 πάντα
1789 1266 1923 1294 κατηναγ-

1135 1303 1234 1330 κάσθαι
1251 1303 1365 1338 λέγοντι,
1390 1303 1461 1339 ἅπερ
1474 1304 1520 1330 καὶ
1538 1305 1618 1339 ἡμεῖς
1643 1304 1703 1330 κατ’
1719 1303 1805 1339 ἀρχὰς
1835 1303 1923 1330 ἐτίθε-

1136 1358 1194 1385 μεν·
1209 1347 1265 1376 οἷον
1289 1350 1319 1376 τὸ
1337 1349 1507 1385 ἀναιρεῖσθαι
1517 1349 1550 1375 δι’
1563 1350 1646 1376 αὐτοῦ
1661 1350 1709 1385 τὴν
1726 1349 1755 1382 ἐξ
1770 1350 1848 1385 ὴμῶν
1870 1350 1921 1377 αὺ-

1133 1396 1186 1422 τῶν
1212 1395 1365 1431 προθυμίαν
1395 1396 1458 1430 περὶ
1467 1395 1567 1429 ψόγους
1595 1404 1624 1422 τε
1642 1396 1688 1422 καὶ
1710 1395 1848 1429 ἐπαίνους,
1872 1396 1921 1423 καὶ

1134 1444 1301 1480 προτροπὰς,
1318 1445 1365 1472 καὶ
1392 1444 1471 1471 πάνθ’
1491 1445 1541 1471 ὅσα
1564 1445 1639 1481 παρὰ
1658 1445 1707 1480 τὴν
1722 1445 1861 1480 ἡμετέραν
1875 1444 1920 1470 αί-

1133 1491 1193 1519 τίαν
1209 1492 1338 1526 γινόμενα
1366 1491 1500 1526 φαίνεται.
1516 1492 1599 1526 Φησὶν
1615 1489 1661 1518 οὖν
1689 1492 1717 1518 ἐν
1739 1490 1777 1526 τῷ
1802 1490 1922 1526 δευτέρῳ

293 1538 373 1558 nemo
395 1540 448 1558 non
467 1531 548 1559 videt.
580 1532 670 1564 Quare
690 1540 724 1558 ne
744 1533 898 1559 communis
911 1533 956 1559 illa
974 1533 1081 1568 quidem

1135 1535 1229 1572 βιὸλίῳ
1239 1536 1269 1563 τὺ
1283 1537 1331 1571 μὲν
1348 1536 1377 1569 ἐξ
1400 1536 1479 1572 ἡμῶν
1507 1536 1591 1562 πολλὰ
1606 1535 1726 1570 γίνεσθαι
1739 1535 1816 1571 δῆλον
1837 1533 1919 1567 εἴναι,

289 1576 433 1604 hominum
450 1577 625 1610 existimatio,
638 1578 678 1604 vel
691 1577 824 1611 ejusmodi
837 1579 978 1606 nominum
995 1580 1082 1614 impo-

291 1623 354 1650 sitio
370 1623 512 1658 Chrysippi
529 1624 670 1650 sententia:
684 1623 856 1659 suffragatur.
874 1633 884 1650 ι
914 1625 1019 1658 Quibus
1033 1626 1081 1652 de-

291 1669 386 1704 inceps
410 1669 445 1696 ita
466 1670 558 1696 subdit
579 1679 585 1696 :
603 1679 611 1694 ι
627 1670 665 1696 Ac
680 1671 766 1704 primo
781 1671 906 1705 quidem,
923 1672 1021 1706 inquit,
1043 1672 1081 1699 De

291 1715 343 1751 fati
369 1715 522 1742 necessitate
541 1715 620 1748 libro,
644 1716 672 1742 id
693 1724 779 1750 genus
804 1717 1082 1745 demonstrationibus

292 1761 377 1788 utitur
400 1770 405 1787 :
431 1761 550 1788 secundo
565 1766 653 1788 autem
671 1762 789 1789 absurda
813 1762 858 1789 illa
875 1763 980 1790 diluere
997 1772 1081 1791 cuna-

291 1810 354 1838 tur,
381 1814 441 1840 qua:
457 1814 490 1833 ex
511 1814 543 1833 ea
565 1806 691 1840 opinione
703 1826 711 1839 ,
737 1815 797 1841 quae
812 1808 903 1834 omnia
921 1809 1082 1836 necrssitate

291 1852 464 1887 constringit,
490 1853 684 1887 consequentia
701 1852 857 1886 videantur,
875 1861 935 1888 quae
949 1862 997 1880 nos
1013 1862 1082 1888 quo-

291 1906 344 1933 que
365 1898 417 1925 sub
444 1898 636 1933 disputationis
661 1898 742 1934 hujus
767 1900 874 1926 initium
905 1901 1047 1935 posuimus
1073 1911 1079 1927 :

290 1943 405 1978 exempli
421 1951 503 1971 causa
531 1943 587 1970 tolli
600 1943 723 1971 funditus
735 1951 809 1977 eum,
826 1944 874 1979 qui
890 1952 905 1971 e
921 1945 1000 1972 nobis
1015 1945 1081 1980 ipsis

289 1988 407 2020 exsistit,
421 1988 549 2022 impetum
561 2009 568 2021 ,
582 1996 631 2016 seu
643 1989 777 2023 vituperet
789 1989 924 2024 quispiam
936 2011 943 2022 ,
960 1998 1007 2017 seu
1022 1991 1083 2017 lau-

289 2035 344 2068 det,
358 2042 405 2062 seu
423 2035 591 2067 cohortetur,
607 2043 654 2062 seu
672 2035 736 2070 quid
749 2035 822 2062 aliud
837 2043 932 2062 eorum
944 2035 1000 2068 fiat,
1017 2044 1071 2070 quo

289 2087 350 2107 rum
363 2088 445 2107 causa
461 2088 520 2107 esse
533 2081 736 2108 consuevimus.
755 2081 847 2116 Itaque
864 2082 933 2109 libro
949 2083 1081 2118 secundo,

289 2125 374 2152 multa
395 2125 504 2160 quidem
518 2125 596 2152 nobis
611 2126 769 2153 auctoribus
785 2126 842 2153 tieri
854 2146 862 2160 ,
880 2131 962 2161 atque
984 2128 1008 2154 id
1021 2135 1082 2162 per-

290 2170 414 2204 spicuum
424 2177 493 2202 esse,
507 2170 578 2197 ultro
588 2169 689 2197 fatetur
703 2180 709 2198 :
727 2171 821 2198 cadent
836 2176 926 2199 tamen
941 2174 1080 2200 communi

322 2243 336 2258 ο
348 2239 388 2266 te.
406 2237 468 2263 add.
483 2234 562 2264 εἶναι.
600 2238 614 2258 ιι
624 2237 666 2264 ἴσ.
681 2238 732 2265 del.
744 2239 778 2265 εί.

324 2301 378 2337 (95)
399 2302 454 2328 Ἄει
465 2309 553 2339 ποτᾳ
561 2302 679 2339 Omnino
695 2303 798 2330 εἴποτε
814 2312 911 2332 sensus
936 2306 1072 2339 postulat;

287 2338 410 2375 sequitur
434 2338 506 2364 enim
530 2338 586 2375 ἑιλλ²
601 2338 694 2373 ὅτιγε,
715 2343 767 2365 etc.
782 2339 855 2374 quod
879 2338 970 2368 ntiuus
987 2338 1074 2375 possit

286 2380 349 2400 cunt
363 2373 415 2403 ἀεί,
434 2374 589 2400 convenire.

322 2407 656 2444 (94)72u7wa681adp0at,
672 2414 724 2436 etc.
748 2410 930 2444 Sophislicam
950 2411 1029 2443 hanc,
1046 2417 1072 2439 et

289 2443 463 2477 ματαιολόγον
490 2444 632 2479 Chrysippi
663 2443 794 2471 rationem
827 2446 927 2472 diserte
967 2445 1072 2475 Tullius

287 2478 400 2511 explicat
427 2479 473 2505 lib.
492 2478 527 2504 De
545 2479 617 2513 fato,
635 2479 679 2506 ubi
706 2480 762 2507 haec
788 2481 857 2507 inter
872 2485 988 2508 caetera:
1009 2482 1072 2509 Htec

288 2513 368 2551 ratio,
385 2513 472 2551 inquit
491 2513 585 2548 (ἀργός
599 2514 642 2541 ille
650 2514 746 2551 λόγος,
767 2520 795 2541 ut
808 2516 976 2551 Chrysippus
993 2525 1072 2544 voca-

287 2547 348 2585 bat;
368 2547 570 2585 sederatvere
594 2551 625 2576 ad
649 2547 775 2576 Proteum
791 2547 1071 2585 hunc'eoiistriugeu-

287 2581 444 2622 (ὶιιιιικμάλα
456 2584 563 2622 ἐνεργός
577 2593 627 2622 τις,
642 2585 688 2610 καὶ
697 2585 915 2622 νένεργητικός),η
926 2581 1070 2622 Chrysippo

288 2617 492 2655 repreltepditur.
510 2620 638 2649 Qumdaut
661 2621 728 2646 enim
747 2617 823 2649 sunt.
837 2617 934 2655 inquit,
952 2617 1069 2649 iuvre-bas

287 2652 428 2690 simplicia,
445 2654 565 2690 qua'dam
584 2655 715 2690 copulata.
739 2654 857 2690 Simplex
869 2652 926 2682 est:
943 2666 951 2682 ι
975 2657 1067 2683 Morie-

288 2691 331 2711 tur
345 2695 374 2726 eo
389 2687 430 2726 die
454 2687 584 2726 Socrates.
609 2687 618 2714 ἰ
636 2689 724 2722 Huic,
744 2687 802 2717 sive.
813 2691 875 2726 quid
899 2691 999 2726 fecerit,
1017 2693 1069 2719 sire

287 2729 338 2760 ηρη
354 2721 454 2761 fecerit,
471 2723 612 2761 ﬁuitﬂurpest
626 2725 753 2761 moriendi
766 2721 830 2752 dies.
847 2727 879 2752 At
893 2721 915 2752 si
930 2727 969 2753 ita
983 2721 1068 2761 fatum

287 2756 358 2795 sint
376 2755 507 2795 Q’ascctur
517 2757 634 2795 OEdipus
651 2759 716 2786 Laiu
734 2770 742 2786 ι
757 2769 809 2787 non
823 2762 919 2795 poterit
936 2755 998 2794 dici,
1016 2764 1068 2789 sive

288 2791 365 2830 fuerit
382 2790 462 2817 Laius
480 2800 538 2818 cum
553 2790 670 2831 muliere,
690 2797 743 2822 sive
756 2804 807 2822 non
823 2790 921 2831 fuerit;
944 2790 1068 2831 copulata

286 2833 355 2865 enim
376 2834 414 2852 res
434 2832 481 2859 est,
500 2829 697 2866 et_cur_tfatalis.
719 2831 757 2857 sic
775 2829 844 2858 enim
869 2829 983 2866 appellat
1004 2833 1067 2864 (hoc

286 2862 374 2893 ipsum
399 2866 439 2888 est
469 2862 540 2897 quod
566 2863 609 2889 hic
637 2863 817 2900 Diogenianus
847 2862 1070 2904 ιιίι”’συγ›ιάθει-

1131 1582 1192 1609 οὐδὲ
1205 1582 1233 1609 δὲ
1247 1580 1327 1617 ἦττον
1342 1582 1575 1617 συγκαθειμάρθαι
1588 1582 1642 1616 (94)
1656 1582 1701 1608 καὶ
1722 1581 1808 1608 ταῦτα
1820 1582 1853 1616 τῇ
1865 1581 1921 1608 τῶν

1131 1629 1199 1656 ὅλων
1214 1629 1354 1665 διοικήσει·
1373 1629 1503 1665 κέχρηταί
1523 1637 1552 1655 τε
1565 1628 1766 1664 παραδείγμασι
1789 1626 1920 1658 τοιούτοις

1131 1674 1195 1700 τισί.
1211 1674 1248 1700 Τὸ
1268 1674 1323 1710 γὰρ
1349 1674 1386 1710 μὴ
1409 1673 1576 1705 ἀπολεῖσθαι,
1603 1673 1678 1708 φησι,
1701 1672 1848 1707 θοιμάτιον,
1869 1671 1920 1706 οὐχ

1131 1720 1224 1751 ἁπλῶς
1243 1720 1420 1756 καθείμαρτο,
1434 1720 1500 1747 ἀλλὰ
1516 1719 1586 1755 μετὰ
1600 1719 1646 1745 τοῦ
1664 1718 1853 1754 φυλάττεσθαι·
1872 1719 1920 1745 καὶ

1132 1766 1161 1793 τὸ
1177 1767 1209 1793 ὲκ
1228 1765 1281 1792 τῶν
1308 1766 1445 1802 πολεμίων
1471 1765 1641 1802 σωθήσεσθαι
1655 1765 1729 1791 τόνδε
1755 1765 1827 1796 τινὰ,
1849 1763 1919 1799 μετὰ

1131 1812 1178 1839 τοῦ
1191 1811 1246 1847 (95)
1265 1812 1373 1846 φεύγειν
1395 1812 1475 1840 αὐτὸν
1489 1813 1552 1843 τοὺς
1567 1811 1720 1846 πολεμίους·
1736 1811 1783 1838 καὶ
1799 1810 1830 1837 τδ
1842 1810 1920 1845 γενέ-

1133 1857 1194 1884 σθαι
1210 1857 1316 1889 παῖδας,
1340 1857 1407 1892 μετὰ
1429 1857 1475 1884 τοῦ
1488 1857 1628 1892 βούλεσθαι
1645 1857 1782 1883 κοινωνεῖν
1796 1855 1918 1890 γυναικί.

1133 1903 1236 1937 ’Ὠσπερ
1249 1903 1312 1937 γὰρ,
1324 1903 1416 1937 φησιν,
1435 1903 1480 1929 alb
1490 1925 1497 1934 ,
1514 1902 1636 1936 λέγοντός
1651 1909 1719 1933 τινος
1746 1901 1919 1936 Ἠγήσαρχοο

1131 1950 1176 1976 τὸν
1192 1949 1296 1985 πύκτην
1306 1948 1496 1982 ἐξελεύσεσθαι
1517 1948 1564 1975 τοῦ
1588 1949 1691 1982 ἀγῶνος
1708 1948 1817 1979 πάντως
1831 1947 1919 1982 ἄπλη-

1132 2003 1204 2026 κτον,
1219 1995 1326 2025 ἀτόπως
1339 1994 1371 2021 ἄν
1389 2003 1430 2025 τις
1443 1993 1519 2029 ἠξίου
1535 1993 1663 2021 καθιέντα
1688 1993 1736 2025 τὰς
1754 1993 1851 2028 χεῖρας
1873 1991 1919 2018 τὸν

1137 2041 1309 2075 Ἠγήσαρχον
1332 2040 1386 2076 (96)
1421 2040 1565 2075 μάχεσθαι,
1594 2040 1653 2067 ἐπεὶ
1685 2039 1821 2074 ἄπληκτον
1836 2037 1918 2064 αὐτὸν

1132 2086 1256 2114 ἀπελθεῖν
1270 2086 1445 2122 καθείμαρτο,
1455 2086 1501 2112 τοῦ
1514 2086 1562 2121 τὴν
1572 2086 1707 2121 ἀπόφασιν
1722 2084 1918 2121 ποιησαμένου,

1131 2133 1175 2159 διὰ
1190 2133 1238 2168 τὴν
1252 2133 1446 2168 περιττοτέραν
1475 2131 1634 2168 τάνθρώπου
1655 2131 1722 2167 πρὸς
1735 2130 1765 2157 τὸ
1779 2130 1816 2166 μὴ
1832 2129 1918 2164 πλήτ-

1132 2178 1224 2205 τεσθαι
1238 2178 1370 2214 φυλακὴν,
1388 2178 1466 2205 τοῦτο
1487 2178 1619 2210 εἰπόντος’
1636 2173 1779 2205 οῦτω”καὶ
1802 2175 1917 2202 ἐπὶτῶν

1121 2306 1251 2340 μὰρθαι).
1284 2306 1374 2341 Pergit
1395 2315 1400 2332 :
1424 2305 1453 2333 Si
1480 2311 1546 2333 esset
1568 2306 1668 2332 dictum
1690 2313 1725 2332 ξ(
1759 2304 1917 2331 Luctabitur

1126 2341 1254 2375 Olympiis
1278 2341 1351 2372 Milo,
1371 2351 1379 2366 I
1402 2345 1426 2367 et
1450 2342 1556 2375 referret
1581 2341 1676 2375 aliquis
1704 2341 1761 2368 (hoc
1783 2346 1838 2370 est,
1855 2341 1915 2366 κατ’

1124 2375 1311 2411 ἀνθυποφορὶν
1329 2375 1531 2410 συλλογίζοιτο),
1547 2385 1556 2401 ι
1576 2376 1645 2410 Ergo
1659 2376 1711 2402 sive
1725 2375 1846 2402 habuerit
1867 2376 1915 2401 ml-

1123 2412 1278 2443 versariuut,
1295 2412 1347 2438 sive
1364 2420 1414 2438 non
1440 2412 1571 2443 habuerit,
1595 2410 1750 2441 luctabitur,
1768 2421 1776 2435 ι
1793 2414 1914 2440 erraret;

1123 2451 1160 2473 est
1175 2447 1244 2473 enim
1258 2447 1419 2480 copulatum,
1437 2446 1593 2477 luctabitur,
1606 2450 1669 2480 quia
1689 2447 1746 2472 sine
1761 2446 1913 2472 adversario

1123 2482 1198 2508 nulla
1216 2482 1325 2508 luctatio
1337 2486 1385 2508 est.
1402 2481 1497 2509 Omnes
1511 2482 1591 2516 igitur
1605 2482 1681 2507 istius
1695 2482 1794 2515 generis
1812 2481 1914 2514 captic-

1123 2525 1166 2543 nes
1189 2517 1276 2543 eodem
1302 2517 1378 2542 modo
1404 2517 1581 2548 refelluntur:
1600 2525 1609 2541 ι
1636 2516 1695 2543 Sive
1717 2518 1743 2542 t'u
1760 2516 1913 2542 adhibueris

1123 2551 1264 2584 medicum,
1281 2551 1333 2578 sive
1347 2560 1397 2577 non
1411 2551 1572 2582 adhibueris.
1591 2551 1764 2581 convalesces,
1781 2561 1790 2576 ι
1808 2551 1913 2585 captia-

1122 2594 1198 2617 sum;
1218 2591 1270 2612 tam
1288 2587 1357 2613 enim
1376 2591 1414 2613 est
1428 2587 1521 2621 fatale,
1537 2587 1666 2613 medicum
1685 2587 1819 2615 adhibere,
1832 2593 1912 2620 quam

1121 2621 1308 2648 convalescere.
1326 2621 1400 2654 Hazc,
1420 2627 1447 2648 ut
1464 2622 1531 2651 dixi.
1549 2622 1695 2655 confatalia
1720 2621 1765 2647 ille
1782 2621 1908 2655 appellat.

1157 2657 1211 2691 (95)
1228 2657 1307 2683 Μετὰ
1322 2657 1385 2683 τοῦ.
1407 2656 1446 2683 lta
1462 2661 1533 2684 recte
1558 2665 1609 2683 ms.
1625 2657 1715 2683 Altera
1737 2656 1831 2689 editio,
1849 2664 1911 2691 per-

1120 2699 1224 2726 peram,
1244 2692 1312 2726 μετὰ
1327 2691 1368 2718 τό.

1157 2726 1211 2761 r96)
1241 2726 1435 2762 Ἠγηξσαρχον.
1459 2726 1562 2762 Pugilis
1591 2727 1673 2760 hujus
1698 2728 1768 2754 inter
1782 2730 1912 2762 Acreleros

1119 2760 1431 2789 Pausaniashonorifice
1445 2760 1577 2792 meminit,
1599 2763 1708 2789 Ἠλιακ.
1726 2762 1762 2788 B‘.
1781 2760 1911 2788 Tritaaen-

1120 2804 1176 2832 sem
1193 2797 1267 2823 illum
1284 2795 1359 2829 facit,
1377 2796 1546 2824 Hmmostrati
1566 2797 1662 2828 lilium,
1676 2805 1756 2832 quem
1774 2797 1852 2824 testis
1869 2801 1907 2823 est

1120 2831 1235 2867 publicis
1249 2837 1366 2867 quatuor
1388 2833 1582 2860 certaminibus
1605 2831 1709 2860 nobiles
1731 2832 1910 2867 insignesque

1119 2866 1224 2901 palmas
1242 2867 1376 2894 retulisse.
