2063 3211
137 167 188 195 ιεδ

727 166 887 196 PREPAR.
910 166 1036 196 EVANG.
1058 166 1122 194 LIB.
1148 166 1193 195 Vl.

1727 168 1780 197 ‘54

142 229 230 257 ἀλλων
244 229 316 265 ἔχει.
337 229 426 258 Πολλὰ
439 229 493 265 γὰρ
506 228 635 257 δύνασθαι.
663 235 677 250 ι
700 229 825 264 γενέσθαι
858 229 937 265 χωρὶς

994 228 1050 257 fato
1063 237 1096 257 ex
1111 229 1232 257 universi
1252 228 1488 258 administratione
1504 234 1566 266 apta
1581 238 1641 258 esse
1656 238 1781 267 nexaque

146 274 191 303 τοῦ
205 275 254 302 καὶ
268 276 347 311 ἡμᾶς
362 275 514 311 βούλεσθαι,
539 277 588 304 καὶ
608 275 801 310 ὲκτενεστάτην
829 284 861 310 γε
873 275 937 311 περὶ

149 322 214 348 αὐτὰ
228 321 388 357 προθυμίαν
398 330 428 348 τε
443 322 490 348 καὶ
505 321 622 357 σπουδὴν
649 322 822 357 ἐκφέρεσθαι,
843 321 936 356 ἐπειδὴ

151 367 217 403 μετά
227 367 336 399 τούτου,
353 368 444 403 φησὶν,
470 368 540 394 αὐτὰ
552 367 677 401 γενέσθαι
688 367 864 403 καθείμαρτυ.
881 366 937 393 Πά-

149 414 188 440 λιν
201 411 248 440 οὖν
259 412 400 440 κάνταῦθα
414 413 563 449 θαυμάσειέ
575 423 616 445 τις
633 413 792 448 τάνθρώπου
807 414 837 440 τὸ
851 413 937 439 ἀθεώ-

149 468 230 495 ρητον
250 460 297 486 καὶ
317 459 530 494 ἀνεπιλόγιστον,
557 461 604 486 καὶ
628 460 682 486 τῶν
702 459 849 495 ὲναργειῶν
870 459 935 493 (97),

148 504 195 531 καὶ
210 505 261 539 τῆς
279 504 334 531 τῶν
348 505 422 531 ἰδίων
437 505 522 539 λόγων
549 506 753 537 ἀνακολουθίας.
774 504 856 541 Οἶμαι
870 506 935 541 γὰρ,

147 551 199 582 ὅτι,
217 550 344 585 καθάπερ
363 551 394 577 τὸ
408 551 572 587 καλούμενον
591 552 694 586 γλυκὺ,
715 552 753 587 τῷ
779 552 936 587 καλουμένῳ

147 597 238 632 πικρῷ
254 597 427 633 συμδέὸηκεν
441 597 635 625 ἐναντιώτατον
652 596 731 630 εἶναι⁷
750 598 789 633 τῷ
803 607 831 624 τε
847 598 936 633 λευκῷ

145 643 177 670 τὸ
193 643 288 679 μέλαν,
303 645 348 671 καὶ
361 644 399 680 τῷ
413 644 510 681 ψυχρῷ
525 645 555 671 τὸ
567 645 676 680 θερμόνο
690 645 790 671 οὑτωσὶ
804 644 832 670 δὲ
849 645 896 670 καὶ
906 644 936 671 τὸ

146 690 341 726 παρ’ήμᾶςτῷ
357 690 418 717 καθ’
432 691 613 726 εἱμαρμένην·
643 692 670 717 εἴ
681 700 712 725 γε
729 690 788 717 καθ’
800 691 935 726 εἱμαρμέ-

145 744 194 771 νην
207 736 256 771 μὲν
269 737 359 763 ἐκεῖνα
375 736 467 763 καλεῖν
485 736 657 772 προείληφεν,
673 737 722 763 ὅσα
745 737 791 763 καὶ
819 737 936 763 ἑκόντων

145 781 224 817 ἡμῶν
238 782 285 808 καὶ
298 782 419 809 ἀκόντων
442 782 550 814 πάντως
581 783 693 817 γίνεται·
725 783 789 817 παρ’
818 783 891 818 ἡμᾶς
907 782 935 809 δὲ

144 828 196 854 ὅσα
207 829 240 854 ἐκ
255 828 302 855 τοῦ
319 828 480 860 σπουδάζειν
495 829 568 863 ἡμᾶς
583 829 630 855 καὶ
643 829 764 863 ἐνεργεῖν
794 829 839 854 ἐπὶ
859 829 935 860 τέλος

145 873 266 908 ἔρχεται,
281 873 298 909 ἦ
311 873 385 910 παρά
398 875 429 901 τὺ
440 875 550 910 ἀμελεῖν
566 874 612 901 καὶ
625 875 756 910 ῥᾳθυμεῖν
779 875 829 901 οὐκ
845 875 934 901 ἐπιτε-

144 918 241 946 λεῖται.
265 919 328 946 Ἐὰν
344 919 433 946 τοίνυν
446 921 478 946 ἐκ
492 919 539 946 τοῦ
554 919 715 952 σπουδάζειν
736 920 785 955 ἐμὲ
797 920 936 955 θοιμάτιον

145 965 291 1000 φυλάττειν
307 966 394 993 ἐκεῖνο
410 965 539 1002 σώζηται,
554 967 600 993 καὶ
628 968 660 993 ὲκ
673 966 720 993 τοῦ
745 966 885 1001 βούλεσθαι
902 967 934 1002 τῇ

144 1011 257 1044 γυναικὶ
269 1011 429 1047 πλησιάζειν
442 1012 475 1038 τὰ
489 1013 571 1038 τέκνα
585 1012 705 1047 γίνηται,
717 1013 765 1039 καὶ
776 1013 807 1038 ἐκ
818 1012 865 1038 τοῦ
880 1011 938 1046 βού-

143 1053 240 1081 λεσθαι
253 1054 362 1089 φεύγειν
378 1056 442 1087 τοὺς
469 1056 615 1091 πολεμίους
633 1057 663 1083 τὸ
696 1056 733 1092 μὴ
757 1057 937 1092 ἀποθνήσκειν

145 1099 192 1126 ὑπ’
208 1100 311 1133 αὐτῶν,
325 1101 371 1127 καὶ
386 1102 418 1128 ὲκ
438 1102 484 1128 τοῦ
509 1102 690 1138 διαμάχεσθαι
705 1103 773 1138 πρὸς
790 1103 835 1129 τὸν
854 1104 936 1129 ἀντα-

144 1146 281 1181 γωνιστὴν
307 1146 446 1182 ἀνδρείως,
470 1147 649 1181 φυλάττεσθαί
675 1157 704 1175 τε
720 1148 802 1174 αὑτοῦ
824 1149 872 1180 τὰς
883 1148 937 1174 τῶν

145 1191 246 1226 χειρῶν
263 1191 401 1225 ὲπιὸολὰς,
417 1193 446 1220 τὺ
464 1193 603 1229 ἄπληκτον
620 1195 651 1221 ὲκ
664 1194 710 1221 τοῦ
731 1194 836 1228 ἀγῶνος
850 1193 937 1220 ἀπαλ-

145 1238 305 1266 λάσσεσθαιο
326 1240 384 1272 πῶς
394 1241 424 1266 τὸ
448 1241 508 1267 καθ’
523 1242 693 1278 εἱμαρμένην
721 1242 837 1269 ἐνταῦθα
852 1243 937 1278 σωθή-

147 1292 244 1318 caui;
257 1286 288 1312 Εί
306 1286 356 1321 μὲν
378 1287 430 1323 γὰρ
463 1289 522 1314 κατ’
539 1289 647 1324 ἐκείνην
668 1288 754 1315 ταῦτα
782 1288 935 1324 συμϐαίνει,

147 1332 215 1367 παρ’
233 1332 307 1367 ἡμᾶς
332 1333 381 1359 οὐκ
403 1332 436 1359 ἆν
465 1333 570 1367 λέγοιτο
597 1334 766 1369 συμὸαίνειν·
789 1335 814 1360 εί
828 1334 856 1360 δὲ
872 1335 936 1370 παρ’

145 1377 232 1412 ἡμᾶς,
245 1377 295 1404 οὑκ
312 1378 344 1405 ἂν
363 1380 422 1405 κατ’
434 1380 540 1415 ἐκείνην
556 1380 666 1416 δηλαδὴ,
680 1380 723 1406 διὰ
749 1380 779 1406 τὸ
808 1381 844 1415 μὴ
859 1380 938 1406 δύνα-

147 1423 210 1450 σθαι
223 1424 385 1459 συνδραμεῖν
400 1425 485 1451 ταῦτα
516 1425 649 1461 ἀλλήλοις.
676 1426 755 1453 Ἀλλὰ
786 1428 850 1462 παρ’
863 1427 938 1461 ἡμᾶς

147 1468 200 1506 μὲν
215 1469 302 1501 ἔσται,
324 1470 400 1505 φησὶ,
434 1470 666 1506 περιειλημμένον
694 1472 784 1507 μέντοι
809 1472 856 1498 τοῦ
871 1473 936 1508 παρ’

146 1516 223 1551 ἡμᾶς
235 1515 346 1550 ὑπὸτῆς
360 1516 540 1551 εἱμαρμένης.
558 1516 611 1542 Καὶ
629 1516 696 1548 πῶς,
714 1517 816 1552 εἴποιμ’
831 1517 874 1549 ἂν,
890 1526 938 1543 πε-

989 275 1139 303 contendit.
1161 275 1250 310 Atque
1266 275 1290 302 is
1303 274 1356 303 hoc
1369 275 1396 302 in
1412 283 1528 311 genere,
1545 276 1701 310 huiusmodi
1717 277 1780 313 qui-

988 321 1102 348 husdam
1124 322 1254 356 exemplis
1267 321 1363 348 utitur.
1386 321 1454 349 Nam
1475 326 1506 349 ut
1521 323 1590 358 quis
1607 328 1710 351 vestem
1724 331 1778 351 non

988 367 1104 399 amittat,
1126 367 1225 402 inquit,
1238 367 1319 403 266
1341 368 1499 403 simpliciter
1521 369 1548 396 in
1576 368 1632 396 tato
1659 377 1713 396 non
1728 374 1779 402 est,

988 413 1034 440 sed
1047 421 1077 440 ea
1092 412 1201 440 demum
1224 414 1389 446 conditione,
1406 414 1427 441 si
1440 414 1581 450 diligenter
1595 422 1655 442 eam
1670 423 1781 443 conser-

988 464 1050 486 vet:
1070 459 1119 492 sic,
1147 464 1176 487 ut
1189 468 1259 487 unus
1275 461 1374 495 aliquis
1388 468 1421 487 ex
1437 461 1557 488 hostium
1574 462 1700 489 manibus
1712 462 1781 490 libe-

987 511 1076 537 retur,
1101 506 1123 532 si
1140 506 1221 533 modo
1233 507 1267 533 ab
1281 506 1314 534 iis
1327 507 1378 534 sibi
1391 512 1505 534 caveat:
1522 507 1578 540 sic,
1599 512 1629 534 ut
1640 508 1702 542 quis
1714 508 1781 535 libe-

987 559 1033 579 ros
1052 552 1201 586 suscipiat,
1225 552 1247 579 si
1260 553 1360 580 versari
1376 558 1464 580 tamen
1479 561 1541 581 cum
1556 559 1640 581 Uxore
1652 555 1780 583 voluerit.

988 596 1222 629 Quemadmodum
1246 599 1336 630 enim,
1359 599 1464 634 inquit,
1483 600 1601 627 absurde
1621 600 1721 628 faceret
1734 600 1781 636 qui

988 642 1189 678 Hegesarcltum
1214 645 1342 679 pugilem,
1370 645 1442 679 quod
1457 653 1519 672 eum
1537 653 1650 680 prorsus
1666 646 1779 674 illmsum

987 698 1002 718 e
1015 692 1164 719 certamine
1185 691 1371 719 discessurum
1396 692 1539 722 audiisset,
1566 692 1692 719 demissis
1706 692 1780 727 alije-

987 736 1092 771 ctisque
1107 737 1234 764 manibus
1249 745 1371 772 pugnare
1384 738 1479 768 vellet,
1505 738 1725 772 quandoquidem
1740 738 1780 766 [ιι-

987 787 1044 810 tum
1057 783 1091 809 ab
1108 782 1181 809 omni
1198 790 1258 809 eum
1274 783 1350 817 plaga
1374 790 1501 809 securum
1518 787 1659 817 praestaret
1683 791 1690 810 :
1717 791 1779 810 cum

988 828 1021 861 is,
1038 828 1116 863 cujus
1130 836 1161 856 ea
1176 836 1226 854 vox
1242 832 1325 859 esset,
1347 828 1372 855 id
1386 833 1489 855 tantum
1503 828 1537 855 ob
1551 828 1685 863 insignem
1698 833 1780 863 atque

988 874 1150 909 singularem
1179 873 1298 900 hominis
1324 873 1350 900 in
1373 873 1541 900 declinandis
1559 873 1657 900 ictibus
1676 873 1781 900 cautio-

987 927 1048 946 nem
1060 940 1067 950 ,
1087 919 1208 946 futurum
1231 919 1354 946 dixisset.
1387 918 1423 945 lta
1437 919 1542 946 caeteris
1554 919 1580 946 in
1593 919 1674 946 rebus
1685 919 1780 946 eodetn

987 964 1067 999 plane
1091 965 1172 991 modo
1196 964 1445 999 philosophandum
1459 972 1527 992 esse.
1558 964 1780 1000 Quippe,multa

987 1010 1076 1045 plane,
1103 1010 1154 1037 nisi
1168 1015 1194 1037 et
1210 1019 1241 1037 ea
1256 1011 1382 1043 velimus,
1397 1014 1424 1037 et
1437 1011 1464 1037 in
1476 1011 1571 1038 eadem
1592 1011 1724 1038 acerrima
1740 1011 1780 1038 si-

988 1057 1044 1084 mul
1060 1058 1234 1084 contentione
1249 1065 1281 1085 ac
1297 1058 1538 1085 vehementissimo
1559 1059 1649 1086 studio
1674 1059 1782 1086 incum-

987 1102 1102 1134 bamus,
1123 1102 1180 1129 ﬁeri
1198 1102 1272 1129 nullo
1288 1103 1368 1130 modo
1391 1111 1489 1137 posse,
1516 1108 1610 1138 utpote
1624 1112 1684 1138 quae
1695 1104 1780 1131 fatum

988 1149 1023 1176 sit
1044 1157 1105 1175 cum
1129 1156 1160 1176 ea
1186 1153 1292 1176 tantum
1311 1149 1467 1176 conditione
1490 1149 1559 1177 ﬁeri.
1580 1149 1629 1177 Hic
1645 1157 1707 1177 vero
1719 1151 1782 1185 quis

988 1202 1041 1221 non
1060 1195 1158 1222 iterum
1183 1195 1365 1222 inconsultam
1382 1199 1408 1222 et
1420 1195 1538 1230 ineptam
1559 1196 1677 1223 hominis
1694 1196 1782 1230 philo-

988 1242 1123 1275 sophiam,
1140 1241 1182 1268 v’el
1204 1242 1239 1268 ob
1261 1242 1409 1268 novitatem
1433 1241 1621 1275 probationum
1634 1242 1676 1269 vel
1690 1242 1724 1269 ob
1736 1250 1781 1269 ar-

987 1290 1176 1320 gumentorum
1201 1286 1344 1313 discidium
1365 1286 1427 1320 jure
1440 1286 1572 1314 miretur?
1594 1286 1724 1321 Equidem
1741 1287 1782 1314 sic

987 1332 1124 1365 existimo,
1136 1332 1219 1358 nihilo
1232 1331 1318 1367 magis
1332 1331 1413 1359 rebus
1427 1332 1540 1366 iis,qu:e
1553 1331 1609 1359 fato
1627 1332 1705 1365 ﬁunt,
1715 1339 1778 1359 cum

988 1377 1032 1410 iis,
1055 1386 1116 1412 qua:
1139 1383 1233 1404 nostra
1255 1385 1287 1404 ex
1311 1377 1449 1404 voluntate
1465 1379 1591 1412 pendent,
1607 1386 1688 1411 quant
1708 1377 1780 1405 dulci

988 1432 1049 1451 cum
1065 1423 1174 1454 acerbo,
1192 1423 1232 1450 vel
1245 1423 1324 1457 nigro
1338 1431 1400 1450 cum
1418 1423 1489 1455 albo,
1501 1423 1542 1450 vel
1555 1423 1645 1450 calido
1657 1432 1720 1450 cum
1734 1423 1782 1450 fri-

988 1470 1051 1505 gido
1068 1471 1222 1497 convenire.
1252 1468 1321 1496 Nam
1347 1474 1375 1496 ut
1393 1477 1424 1496 ea
1448 1470 1503 1496 l'ato
1524 1469 1658 1503 assignari
1672 1469 1781 1505 vulgata

989 1520 1100 1546 notione
1122 1519 1227 1552 solent,
1250 1527 1311 1554 quae
1332 1519 1448 1545 velimus
1472 1518 1623 1546 nolimusve
1641 1518 1722 1551 ﬁant;
1741 1519 1781 1547 sic

149 1561 360 1598 ριειλημμένου;
373 1560 399 1586 εἴ
412 1569 443 1595 γε
458 1561 503 1588 καὶ
520 1561 550 1587 τὺ
566 1562 710 1596 φυλάττειν
729 1562 877 1598 θοιμάτιον,
890 1563 935 1589 καὶ

989 1567 1130 1602 potestatis
1147 1575 1177 1593 ea
1197 1572 1297 1593 nostra:
1318 1570 1473 1598 censentur,
1500 1573 1561 1599 qua:
1575 1566 1616 1593 vel
1633 1566 1722 1593 studio
1739 1567 1780 1593 la-

147 1609 180 1635 τδ
198 1608 236 1644 μὴ
265 1607 426 1642 φυλάττειν,
457 1608 509 1634 ἀπὸ
533 1609 580 1643 τῆς
609 1608 732 1640 ἐξουσίας
760 1609 864 1642 ἐγένετο
887 1609 936 1643 τῆς

148 1654 232 1690 ἐμῆς·
247 1653 319 1680 οὕτω
343 1653 398 1688 γὰρ
422 1653 469 1680 καὶ
491 1653 538 1680 τοῦ
556 1652 689 1685 σώζεσθαι
714 1655 793 1680 τοῦτο
819 1655 938 1689 δηλονότι

147 1700 244 1737 κύριος
263 1699 296 1726 ἂν
309 1699 368 1735 εἴην
383 1699 448 1734 ἐγώ.
464 1700 518 1726 Καὶ
533 1699 562 1732 ἐξ
575 1701 659 1736 αὐτῆς
675 1701 702 1727 δὲ
723 1702 771 1736 τῆς
786 1701 937 1736 διαστολῆς,

148 1748 182 1783 ἣν
201 1747 318 1773 ποιεῖται
340 1745 511 1782 Χρύσιππος,
527 1745 606 1780 δῆλον
631 1746 734 1780 γίνεται
758 1747 938 1773 ἀπολελύσθαι

147 1793 199 1828 τῆς
211 1792 383 1828 εἱμαρμένης
400 1792 448 1827 τὴν
463 1793 528 1827 παρ’
541 1793 615 1827 ἡμᾶς
631 1792 729 1819 αἰτίαν.
747 1792 938 1828 Καθείμαρται

147 1838 215 1874 γὰρ,
245 1838 323 1873 φησὶ,
351 1837 469 1872 σωθῆναι
486 1836 635 1872 Θοιμάτιον,
653 1838 676 1863 εἰ
692 1838 835 1872 φυλάττοις
848 1838 936 1864 τοῦτο·

149 1885 198 1912 καὶ
211 1884 310 1915 παῖδας
324 1883 444 1915 ἔσεσθαι,
464 1884 488 1909 εἰ
504 1883 551 1909 καὶ
568 1884 599 1910 σὺ
614 1883 783 1919 βουληθείης·
796 1884 882 1915 ἄλλως
899 1884 937 1916 δὲ,

150 1931 189 1967 μὴ
206 1930 241 1958 ἀν
255 1930 364 1957 ἔσεσθαί
375 1939 402 1957 τι
415 1930 526 1959 τούτων.
555 1931 616 1957 Ἐπὶ
637 1931 665 1957 δὲ
692 1931 745 1958 τῶν
762 1931 814 1957 ὑπὸ
839 1931 887 1966 τῆς
901 1931 939 1956 εἱ-

150 1978 297 2015 μαρμένης
309 1978 589 2014 προκατειλημμένων
605 1978 655 2004 οὐκ
671 1978 703 2005 ἄν
720 1987 786 2004 ποτε
809 1978 940 2012 ὑποτιμή-

149 2033 210 2052 atat
220 2025 360 2056 τοιαύταις
369 2024 550 2060 χρησαίμεθα.
564 2023 667 2052 Οὐκοῦν
680 2025 694 2045 h
711 2033 801 2060 φαμεν
813 2025 938 2059 τεθνήξε-

150 2071 214 2098 dat
226 2070 316 2098 πάντα
328 2070 480 2107 ἄνθρωπον,
497 2072 520 2097 εί
531 2071 590 2097 τόδε
609 2079 636 2097 τι
662 2071 775 2104 γένοιτο·
796 2071 832 2106 μὴ
850 2070 940 2106 τεθνή-

151 2116 246 2149 ξεσθαι
260 2116 298 2150 δὲ,
317 2117 340 2143 εί
362 2117 399 2152 μὴ
415 2117 530 2152 γένοιτο·
558 2117 615 2143 ἀλλ’
638 2116 731 2148 ἁπλῶς
752 2115 937 2151 τεθνήξεσθαι,

150 2163 204 2190 κᾶν
217 2162 308 2190 ὸτιοῦν
318 2163 386 2199 πρὸς
399 2164 430 2190 τὸ
444 2163 480 2198 μὴ
494 2163 674 2198 ἀποθνήσκειν
696 2163 810 2190 καθόλου
827 2163 937 2197 γίνοιτο.

151 2209 238 2245 Ἦμὴ
260 2209 405 2245 ἀλγηδόνος
428 2209 537 2236 ἔσεσθαι
566 2210 688 2236 δεκτικὸν
710 2210 851 2245 ἄνθρωπόν
867 2218 937 2242 τινα,

991 1614 1109 1648 bureque
1126 1617 1221 1640 nostro
1237 1613 1422 1648 perducantur
1438 1612 1470 1638 ad
1487 1612 1577 1644 linem,
1593 1612 1634 1638 vel
1649 1612 1783 1646 negligen-

990 1659 1025 1685 tia
1043 1663 1136 1685 nostra
1154 1656 1310 1691 imperfecta
1337 1662 1504 1684 remaneant.
1537 1656 1565 1683 Si
1583 1664 1647 1691 ergo
1666 1662 1780 1690 vestem,

989 1705 1062 1739 quod
1075 1704 1190 1738 diligens
1208 1703 1234 1729 in
1251 1711 1282 1730 ea
1293 1703 1478 1730 conservanda
1493 1702 1600 1735 fuerim,
1614 1711 1666 1729 non
1680 1703 1759 1731 amisi
1772 1713 1778 1730 :

989 1751 1010 1778 si
1027 1751 1076 1777 alis
1091 1758 1133 1777 me
1146 1749 1222 1776 liberi
1236 1749 1433 1784 suscipiuntur,
1449 1748 1520 1783 qubd
1537 1756 1593 1775 rem
1607 1749 1706 1776 habere
1719 1757 1780 1776 eum

989 1806 1074 1825 uxore
1086 1797 1216 1824 voluerim
1232 1796 1272 1823 :si
1289 1796 1360 1831 quod
1377 1796 1443 1822 mihi
1459 1796 1492 1822 ab
1505 1795 1630 1823 hostibus
1650 1795 1779 1829 eaverim,

989 1852 1083 1870 eorum
1098 1843 1224 1870 manibus
1237 1850 1290 1869 non
1307 1842 1397 1868 interii
1411 1851 1417 1868 :
1435 1841 1456 1868 si
1468 1842 1539 1876 quod
1554 1841 1659 1868 fortiter
1671 1849 1701 1868 ac
1715 1847 1782 1869 stre<

990 1896 1042 1915 uue
1058 1896 1120 1915 cum
1134 1887 1292 1915 adversario
1309 1887 1480 1918 certaverint,
1506 1886 1619 1921 ejusque
1637 1887 1782 1922 petitiones

989 1942 1084 1961 omnes
1099 1932 1220 1968 diligenti
1230 1933 1355 1960 cautione
1367 1932 1506 1964 eluserim,
1520 1931 1615 1959 eodem
1629 1933 1782 1960 certamine

989 1980 1047 2007 sine
1063 1980 1140 2014 plaga
1163 1979 1308 2006 defunctus
1331 1985 1391 2005 Sum
1409 1987 1415 2004 :
1430 1977 1477 2012 qui
1491 1977 1567 2004 locus
1583 1977 1611 2004 in
1635 1978 1677 2004 his
1699 1979 1781 2006 rebus

990 2026 1044 2053 fato
1061 2024 1244 2059 relinquitur?
1271 2023 1416 2051 Enimvero
1430 2023 1452 2050 si
1471 2022 1527 2049 fato
1541 2023 1598 2049 haec
1611 2023 1703 2049 omnia
1717 2031 1782 2050 eon-

989 2072 1106 2107 tingunt,
1123 2070 1218 2097 eadem
1240 2070 1265 2096 vi
1284 2073 1376 2096 nostra
1400 2068 1547 2103 contigisse
1566 2075 1645 2095 nemo
1661 2068 1722 2102 jure
1739 2068 1782 2095 di-

989 2118 1059 2145 xerit
1082 2117 1148 2144 :sin
1171 2121 1261 2143 autem
1287 2116 1313 2143 vi
1336 2120 1439 2146 nostra,
1463 2114 1547 2141 fatum
1563 2114 1685 2149 profecto
1699 2113 1781 2142 simul

989 2163 1160 2195 excludatur,
1182 2162 1254 2196 quod
1278 2161 1382 2188 nullum
1406 2161 1475 2188 inter
1493 2168 1553 2188 sese
1564 2160 1619 2187 duo
1642 2160 1692 2187 ista
1705 2168 1782 2187 com-

990 2209 1121 2237 merciqu
1136 2209 1236 2235 habere
1256 2207 1372 2242 possint.
1393 2207 1460 2239 lmo,
1479 2206 1577 2241 inquit,
1601 2207 1625 2233 vi
1641 2206 1722 2233 simul
1734 2214 1781 2234 vo-

151 2255 205 2282 κᾶν
217 2255 278 2282 ταδὶ
301 2256 428 2291 πράσσοι·
452 2255 519 2283 ἀλλὰ
545 2256 622 2283 πάντ’
638 2256 779 2292 ἄνθρωπον
796 2256 937 2292 ἀλγηδόνος

992 2256 1103 2283 1ιιιιιιιιὶε
1126 2259 1227 2281 nostrze
1245 2254 1327 2286 ﬁent,
1342 2253 1414 2288 quod
1428 2261 1459 2280 ea
1482 2253 1522 2280 vis
1543 2253 1713 2288 facultasque
1730 2260 1780 2280 no-

151 2300 222 2329 εἶναι
233 2301 368 2334 δεκτικὸν,
384 2301 430 2328 ὲάν
444 2311 473 2329 τε
497 2302 634 2338 βούληται,
651 2303 697 2329 ἐάν
712 2311 741 2328 τε
757 2303 804 2338 μή.
822 2302 876 2329 Καὶ
890 2302 940 2328 ὅσα

152 2347 222 2375 ἄλλα
249 2347 359 2379 οὑτωσὶ,
391 2349 438 2375 καὶ
463 2348 500 2383 μὴ
526 2348 622 2380 ἄλλως,
654 2348 724 2383 ἔχειν
748 2348 938 2383 καθείμαρται.

154 2395 238 2421 Ὥστε
254 2394 302 2421 καὶ
317 2400 328 2414 ο
345 2394 375 2421 τὸ
389 2394 514 2429 γενέσθαι
527 2395 585 2421 τόδε
604 2403 631 2421 τι
645 2395 791 2428 ἀναγκαῖόν
806 2396 889 2423 ἐστιν,
916 2395 940 2420 εἰ

154 2440 352 2477 βουληθείημεν
363 2442 453 2477 ἡμεῖς,
465 2441 552 2472 ἄλλως
566 2441 605 2473 δὲ,
627 2442 697 2477 οὐχί·
714 2441 839 2477 φανερὸν,
854 2442 895 2467 ὅτι
911 2441 940 2466 τὸ

152 2488 229 2522 ἡμᾶς
247 2486 408 2523 βουληθῆναι
424 2495 450 2513 τι
466 2488 513 2514 καὶ
528 2487 565 2523 μὴ
582 2487 742 2523 βουληθῆναι
756 2488 800 2513 ὑπ’
815 2487 942 2522 οὐδεμιᾶς

153 2532 254 2569 ἑτέρας
268 2532 356 2564 αἰτίας
369 2533 574 2568 προκατείχετο,
591 2533 647 2559 ἀλλ’
658 2531 691 2568 ἦν
713 2532 896 2564 αὐτεξούσιον.
911 2532 942 2558 El.

153 2579 183 2606 δὲ
195 2578 275 2605 τοῦτο
285 2579 525 2613 ἀχατανάγκαστον
538 2577 582 2614 ἦν,
597 2579 643 2605 καὶ
653 2579 682 2605 τὸ
694 2578 818 2613 γενέσθαι
828 2578 886 2604 τόδε
905 2586 943 2609 τι,

153 2624 246 2661 δῆλον,
261 2624 300 2656 ὡς
318 2624 366 2651 ἀπ’
382 2624 479 2655 αἰῶνος
493 2625 522 2650 οὐ
541 2625 745 2660 προκατείχετο’
761 2624 785 2650 ει
803 2624 838 2659 μή
856 2632 882 2650 τι
897 2623 944 2649 καὶ

152 2671 222 2698 αὐτὸ
237 2670 268 2697 τὸ
284 2670 425 2706 βούλεσθαι
441 2670 584 2705 φυλάττειν
594 2671 742 2706 Θοιμάτιον,
757 2670 773 2706 ἢ
793 2670 830 2705 μὴ
852 2670 944 2705 βούλε-

147 2759 149 2762 ι
190 2733 204 2748 ι
219 2735 265 2762 ιη).
285 2727 322 2763 μὴ
335 2727 392 2754 δύν.
432 2727 446 2747 ιι
463 2735 506 2762 ῃο.
523 2726 628 2753 οὔκουν.
667 2732 678 2745 ε
694 2726 736 2753 lo’.
754 2726 788 2752 εί.

189 2793 248 2831 (97)
270 2795 326 2822 Καὶ
351 2793 411 2831 τῶτς
431 2793 746 2831 ἐναρτειῷνηνετεοτη
761 2799 790 2820 ιιι
816 2793 939 2831 ist-evel

154 2828 379 2866 Ghrys'ippi‘kvel
398 2828 553 2866 Diogeniaui
570 2829 709 2866 ενάργιιαι
725 2828 780 2855 sint
782 2828 939 2866 _ad_moduin

154 2862 370 2902 amittiut
380 2862 490 2902 quidem
505 2862 680 2902 subobscure;
694 2867 767 2890 sunt.
782 2862 940 2902 Existimavi

156 2898 248 2929 tanien
272 2907 358 2930 novas
380 2898 636 2929 hominiswationes
653 2899 694 2926 sic
716 2898 854 2933 appellari,
872 2905 940 2932 quas

992 2306 1047 2329 stra
1061 2302 1120 2336 ipso
1134 2307 1241 2335 quoque
1255 2299 1310 2326 fato
1322 2299 1416 2326 clausa
1435 2303 1567 2325 teneatur.
1589 2298 1657 2331 Ain,
1678 2298 1724 2325 tu?
1742 2302 1782 2324 te-

992 2347 1106 2374 neatur!
1133 2345 1185 2378 Qui
1211 2345 1269 2372 ﬁeri
1295 2344 1401 2379 possit?
1424 2352 1487 2379 nam
1509 2344 1531 2371 si
1551 2348 1653 2370 vestem
1676 2348 1703 2370 et
1717 2351 1782 2370 con-

993 2400 1121 2425 servare,
1147 2396 1174 2419 et
1199 2399 1252 2418 non
1285 2398 1468 2424 conservare,
1498 2389 1631 2417 libertatis
1660 2390 1779 2416 arbitrii-

993 2447 1046 2473 que
1065 2438 1117 2465 mei
1137 2443 1179 2464 est
1201 2447 1207 2464 :
1227 2443 1300 2464 certe
1319 2441 1349 2464 ut
1367 2437 1459 2463 eadem
1493 2441 1677 2467 conservetur,
1700 2436 1780 2471 267

993 2485 1020 2512 in
1050 2492 1109 2511 mea
1144 2491 1252 2519 quoque
1280 2487 1412 2518 potestate
1438 2482 1519 2509 situm
1549 2484 1599 2508 εει.
1629 2480 1680 2508 Sed
1707 2482 1780 2508 enim

994 2529 1137 2556 manifeste
1165 2529 1206 2555 vel
1231 2537 1263 2555 ex
1295 2528 1352 2562 ipsa
1373 2526 1514 2561 Chrysippi
1545 2526 1718 2553 distinctione
1738 2533 1781 2552 se-

994 2576 1102 2610 quitur,
1132 2575 1333 2602 autecedentem
1360 2573 1386 2599 in
1418 2572 1496 2598 nobis
1519 2578 1629 2598 causam
1655 2571 1688 2598 ab
1706 2570 1780 2597 omni

994 2620 1051 2648 fato
1066 2621 1177 2648 liberam
1190 2628 1222 2647 ac
1238 2620 1355 2647 solutam
1368 2626 1437 2645 esse.
1451 2617 1567 2652 Quippe,
1580 2620 1682 2644 vestem
1695 2616 1779 2648 enim,

996 2668 1094 2702 inquit,
1113 2666 1271 2694 conservari
1296 2665 1380 2692 fatum
1405 2669 1461 2695 est,
1483 2664 1505 2690 si
1529 2671 1588 2690 eam
1610 2663 1779 2695 servaveris;

993 2794 1050 2826 ipse
1074 2791 1388 2827 perspicuascrederet,
1413 2793 1541 2827 tanquam
1561 2796 1595 2827 ex
1622 2787 1780 2827 quotidiana

993 2824 1084 2854 rerum
1100 2833 1125 2855 et
1137 2824 1326 2860 exemplorum
1351 2833 1402 2854 usu
1418 2824 1640 2859 experientiaqu:
1655 2824 1779 2858 isprom—

994 2867 1064 2897 ptas.
