2063 3211
760 98 788 106 .-

272 145 328 175 ι55

590 146 724 176 EUSEBII
743 148 984 178 CESARIENSIS
1004 150 1080 180 OPP.
1102 151 1196 180 PARS
1214 152 1246 180 ll.
1266 167 1302 174 -
1320 152 1569 184 APOLOGETICA.

1845 159 1905 187 456

277 203 380 239 suscipi
398 204 446 232 abs
463 209 491 232 te
508 204 620 237 liberos.
637 206 659 233 si
675 207 808 235 volueris:
827 215 918 240 seeus,
933 214 1060 237 neutrum

1113 211 1186 244 σθαι,
1201 212 1276 248 παρά
1288 221 1349 239 τινα
1374 213 1553 250 εἱμαρμένην,
1570 215 1617 241 καὶ.
1641 224 1712 242 κατα
1727 216 1816 242 αἰτίαν
1834 216 1903 248 ἐξῶ-

276 251 345 279 ﬁeri.
363 252 396 279 At
407 251 434 278 in
449 252 493 284 iis,
505 260 566 287 qua:
578 252 625 279 fati
640 253 791 282 necessitas
806 260 977 290 occupasset,
997 264 1062 283 cun-

276 297 425 326 ditionihus
439 299 498 326 istis
513 306 653 333 nunquam
672 304 822 327 uteremur.
837 299 892 328 Nec
912 302 984 329 enim
1005 310 1063 330 mo-

276 343 392 370 riturum
410 344 558 378 quemlibet
573 346 711 372 hominem
739 346 868 381 dicimus,
888 347 911 375 si
924 348 999 383 .quid
1020 348 1063 376 fa-

277 394 351 417 ctum
368 390 435 423 erit;
452 398 506 417 non
519 391 694 424 moriturum,
708 391 731 419 si
743 391 845 420 factum
862 401 916 421 non
929 394 998 421 erit:
1016 395 1064 422 sed

276 436 356 471 plane
371 444 403 463 ac
420 437 580 471 simpliciter
599 438 774 473 moriturum,
796 439 929 474 quidquid
953 441 1063 469 demum

275 482 308 509 ad
326 487 440 509 mortem
465 483 638 510 devitandam
667 485 770 512 factum
794 486 856 513 erit.
878 486 934 514 Nec
959 493 1064 515 certum

275 527 404 562 aliquem,
420 528 443 555 si
461 529 513 555 hoc
525 529 626 556 illudve
643 529 749 562 fecerit,
765 532 798 558 ab
813 532 887 558 omni
902 532 995 559 dolore
1011 533 1063 560 im-

276 581 386 601 munem
415 574 553 607 futurum;
573 580 600 602 at
619 576 789 611 simpliciter,
808 577 945 604 hominem
970 586 1065 612 quem-

276 620 351 652 libet,
367 621 432 647 velit
456 621 534 653 nolit,
553 621 639 649 dolori
655 630 715 649 esse
736 622 896 650 obnoxium.
921 623 1010 658 Atque
1028 624 1064 651 ita

275 666 308 692 de
330 666 436 693 caeteris
460 667 597 698 omnibus,
618 675 679 701 qua:
700 668 752 694 hoc
773 669 865 700 modo,
889 676 943 696 non
973 669 1062 701 aliter,

276 711 377 738 habere
393 719 452 739 sese
477 711 562 739 fatum
578 719 629 740 est.
651 713 742 746 Quare
760 714 782 740 si
810 714 915 748 aliquid
941 715 999 742 ﬁeri
1017 723 1065 742 ne-

275 764 350 784 cesse
366 763 420 790 est,
439 759 520 785 modo
539 758 565 785 id
588 759 725 792 velimus;
753 767 834 788 sceus
858 765 961 794 autem,
982 761 1064 788 mini-

275 811 334 831 me:
353 804 437 839 liquet
453 805 576 837 omnino,
604 811 632 832 ut
657 806 723 833 illud
749 807 838 841 ipsum
861 812 909 835 aut
932 807 1063 834 vellemus

276 854 324 877 aut
339 851 484 884 nollemus,
509 860 619 879 causam
642 853 723 880 aliam
754 854 958 882 antecedentem
980 853 1064 882 fuisse

275 897 395 930 nullam;
414 898 460 925 sed
479 903 624 934 utrumque
645 908 757 934 prorsus
773 901 800 928 in
818 905 910 928 nostra
935 905 1070 936 potestate
1087 901 1180 928 situm.
1201 901 1279 934 Quod
1303 901 1327 928 si
1340 901 1413 928 nulla
1430 901 1455 928 id
1471 901 1630 928 necessitate
1657 902 1835 929 constrictum
1846 907 1887 929 est

1114 257 1160 284 θεν
1177 258 1332 292 ἀναγκαίαν
1355 259 1467 293 ἐγίνετο.
1499 260 1567 286 Ἀλλ’
1592 261 1661 288 οὕτω
1677 261 1766 288 τέλεον
1793 263 1809 297 ἡ
1837 263 1904 298 παρ’

1113 305 1186 340 ἡμᾶς
1199 304 1388 340 ὲξουσιαστικὴ
1399 305 1512 341 δύναμις
1531 307 1681 342 ἀναιρεῖται
1692 328 1699 339 ,
1728 308 1774 335 καὶ
1797 309 1847 334 οὐκ
1863 308 1904 335 ἑτι

1115 349 1226 381 σώζοιτο
1242 350 1275 377 ἂν
1291 350 1430 385 θοιμάτιον
1448 353 1522 388 παρᾶ
1546 353 1594 388 τὴν
1623 353 1711 380 αἰτίαν
1724 354 1774 389 τὴν
1788 354 1868 390 ἐμὴν,
1884 354 1902 390 ἢ

1115 396 1286 423 ἀπολλύοιτο·
1301 396 1341 423 διὸ
1358 398 1404 423 καὶ
1428 398 1487 433 εῖην
1516 399 1548 425 ἂν
1571 399 1627 434 ἐγὼ
1652 399 1700 426 καὶ
1717 400 1903 435 ἀπολλυμένου

1114 441 1218 473 τούτου,
1235 442 1305 468 κατὰ
1318 442 1396 476 λόγον
1407 442 1438 469 ἆν
1449 444 1607 479 ὲπιτὶμητος
1619 451 1632 465 ι
1650 445 1726 480 (ἄλλη
1744 446 1798 481 γὰρ
1809 446 1872 472 ἄλλο
1889 447 1904 467 δ

1114 495 1156 519 τις
1174 487 1314 514 ἀπώλλυεν
1329 488 1437 521 αἰτία.).
1454 490 1500 515 καὶ
1519 490 1672 525 σωζομένου
1686 491 1765 517 πάλιν
1779 491 1905 526 οὐδαμῶς

1115 532 1317 568 ἐπαινούμενος,
1332 534 1372 560 ὅτι
1389 534 1455 569 μηδὲ
1468 533 1545 561 τοῦτο
1560 535 1724 570 εἰργαζόμην
1739 536 1802 570 ἐγώ.
1819 537 1854 563 Σὺ
1865 537 1904 569 δὲ,

1115 579 1152 610 ὡς
1164 579 1250 606 σῶσαι
1264 580 1351 607 πάντα
1367 581 1523 616 δυνάμενος,
1541 582 1626 614 οὕτως
1653 583 1790 609 ἁνετείνου
1808 583 1847 618 τῷ
1861 583 1905 609 λο-

1115 632 1182 659 γῳ.»
1200 625 1294 652 Ταῦτα
1310 625 1359 660 μὲν
1375 627 1388 652 ὁ
1416 626 1598 661 προδηλωῢεὶς
1617 627 1694 662 ἀνὴρ.
1725 627 1856 663 Συνήφθω
1876 628 1906 654 δὲ

1115 671 1220 702 τούτοις
1234 672 1281 697 καὶ
1299 671 1334 698 τὰ
1349 673 1402 698 ἀπὸ
1431 672 1484 699 τῶν
1504 673 1676 709 Ἀλεξάνδρου
1701 673 1747 700 τοῦ
1781 674 1905 710 ’Δφροδι-

1116 716 1206 748 σιὲως.
1222 716 1316 751 ἀνδρὸς
1331 715 1359 743 εὖ
1390 718 1462 752 μάλα
1478 718 1623 752 διαφανοῦς
1635 720 1663 746 ἐν
1677 720 1733 750 τοῖς
1747 720 1817 745 κατὰ
1831 720 1906 753 φιλο-

1116 761 1212 795 σοφίαν
1226 761 1325 795 λόγοις,
1341 762 1370 792 ὂς
1387 763 1433 789 καὶ
1449 763 1529 794 αὐτὸς
1540 764 1568 789 ὲν
1577 764 1629 794 τοῖς
1644 764 1711 798 Περὶ
1728 765 1906 797 εἱμαρμένης

1115 807 1225 833 τοιαῖσδ’
1239 808 1374 843 ἐχρήσατο
1389 809 1489 842 φωναῖς
1506 809 1545 840 εἰς
1564 809 1716 844 ἀνασκευὴν
1742 809 1788 835 τοῦ
1805 809 1906 844 δόγμα-

1115 862 1171 885 τος.

276 948 306 970 ut
326 945 390 971 certi
413 946 494 972 etiam
512 946 613 980 aliquid
636 947 693 978 ﬁat,
720 952 906 982 autegressam
935 955 969 975 ex
988 948 1138 975 aeternitate
1167 955 1277 975 causam
1307 948 1408 975 nullam
1436 955 1497 974 esse
1514 953 1636 975 constat:
1666 948 1717 975 nisi
1736 948 1814 980 forte,
1833 948 1905 983 quod

274 993 376 1016 vestem
400 998 562 1018 conservare
579 996 626 1018 aut
643 992 810 1020 voluerimus
827 998 876 1020 aut
897 993 1077 1025 uoluerimus,
1099 993 1150 1020 hoc
1175 995 1262 1028 ipsum
1282 993 1337 1021 fato
1352 994 1479 1029 quodam,
1507 999 1533 1021 ct
1555 1001 1644 1022 causa:
1670 994 1784 1029 alicujus
1803 994 1905 1021 extrin-

275 1045 354 1066 secus
369 1043 533 1074 autegrcssze
546 1041 708 1068 necessitate
723 1041 825 1069 factum
841 1042 959 1070 dicatur.
976 1042 1070 1077 Atqui,
1091 1041 1213 1069 funditus
1241 1042 1293 1070 hoc
1315 1043 1396 1070 modo
1413 1041 1550 1070 facultatis
1565 1047 1591 1069 et
1615 1042 1719 1070 arbitrii
1735 1042 1819 1069 nostri
1836 1043 1906 1070 ratio

275 1087 435 1114 tolleretur:
452 1095 503 1115 nec
517 1089 573 1123 jam
592 1089 618 1115 iu
636 1097 679 1116 me
693 1091 776 1118 vestis
791 1095 839 1118 aut
853 1091 1054 1124 conservandae,
1076 1095 1123 1118 aut
1142 1091 1295 1118 amittendae
1305 1098 1389 1118 causa
1413 1090 1602 1118 auteCederet:
1627 1090 1748 1125 adeoque
1774 1095 1804 1117 ut
1817 1091 1904 1123 omni,

277 1133 317 1160 vel
335 1141 367 1161 ca
392 1134 508 1168 perdita,
543 1136 754 1170 reprehensione
773 1139 872 1165 merito
896 1145 1016 1165 carerem
1041 1138 1104 1173 (alia
1129 1139 1200 1166 enim
1227 1139 1396 1166 extrinsecus
1415 1139 1528 1174 jactura:
1550 1146 1632 1166 causa
1654 1138 1840 1174 praefuisset):
1865 1139 1906 1167 sic

275 1181 371 1208 eadem
387 1185 559 1215 conservata;
574 1183 653 1211 laude
671 1185 744 1212 nulla
759 1185 859 1220 dignus
876 1193 976 1217 essem,
993 1185 1065 1221 quod
1084 1193 1132 1220 per
1158 1193 1200 1213 me
1213 1191 1373 1214 conservata
1400 1194 1452 1214 non
1470 1186 1576 1214 fuisset.
1601 1185 1641 1213 Tu
1659 1194 1732 1218 vero,
1750 1187 1861 1220 perinde
1876 1192 1905 1214 ut

279 1227 304 1255 si
324 1228 382 1255 haec
404 1229 496 1256 omnia
519 1229 664 1258 defendere
693 1239 746 1258 una
770 1239 876 1266 posses,
897 1231 934 1259 ita
957 1232 1079 1259 oratione
1098 1232 1272 1260 contendisti.
1288 1243 1297 1258 )
1313 1232 1376 1260 Haec
1390 1233 1583 1268 Dicgenianus.
1611 1231 1670 1259 Jam
1690 1239 1754 1259 vero
1781 1233 1904 1266 superio-

274 1276 351 1304 ribus
370 1277 423 1304 illis
445 1277 629 1305 Alexandrum
647 1278 845 1314 Aphrodiseum
865 1281 1056 1316 adjungamus,
1075 1279 1122 1315 qui
1138 1285 1165 1307 et
1192 1280 1249 1315 ipse
1277 1281 1353 1309 libris
1379 1281 1424 1314 iis,
1440 1289 1509 1315 quos
1537 1280 1574 1306 De
1591 1280 1648 1314 fato
1668 1280 1761 1314 edidit,
1785 1280 1858 1307 hunc
1875 1280 1903 1307 in

282 1323 394 1350 modum
415 1325 578 1352 sententiam
596 1326 675 1353 istam
691 1327 853 1355 confutavit.

531 1372 613 1408 233
627 1373 742 1401 CAPUT
757 1374 804 1402 ιχ.

334 1415 373 1443 De
387 1417 488 1451 eodem,
508 1427 540 1445 ex
556 1419 702 1446 Alexandri
721 1421 878 1455 Aphrodisei
895 1422 1008 1456 scriptis.

313 1506 321 1521 :
346 1496 459 1531 Eorum,
479 1498 578 1533 inquit,
595 1500 729 1532 omnium,
745 1507 805 1534 quze
821 1499 905 1532 ﬁunt,
933 1498 1063 1534 principia

276 1542 302 1570 in
318 1549 446 1578 quatuor,
460 1549 489 1571 ut
505 1545 614 1572 divinus
630 1545 787 1573 Aristotcles
797 1546 900 1579 docuit,
917 1553 1062 1573 causarum

275 1595 373 1622 genera
388 1588 556 1616 dividuntur.
577 1589 778 1625 Principiorum
794 1592 866 1618 enim
883 1591 934 1618 alia
953 1592 1006 1618 vim
1023 1591 1063 1619 ef-

274 1632 393 1665 ﬁciendi,
415 1634 467 1660 alia
482 1634 604 1661 materiae
619 1635 752 1662 rationem
770 1635 880 1662 habent.
898 1635 944 1662 llis
959 1637 1063 1663 accedit

275 1686 359 1705 causa
378 1678 512 1710 formulis,
531 1687 564 1706 ac
581 1684 678 1714 praeter
693 1681 753 1708 illas
769 1686 833 1714 tres,
852 1686 980 1715 quartum
992 1688 1062 1716 quo.

275 1732 328 1759 que
343 1725 516 1759 principium,
528 1725 599 1758 finis,
615 1726 738 1761 inquam,
751 1727 829 1762 cujus
843 1727 928 1762 gratia
937 1727 976 1758 fit,
986 1727 1058 1762 quod

275 1770 400 1804 edicitur,
425 1772 563 1800 numerari
577 1772 667 1800 debet.
683 1773 722 1799 Ac
737 1777 775 1799 tot
787 1773 896 1807 quidem
915 1773 1062 1808 principio-

276 1822 337 1842 rum
363 1818 523 1844 discrimiua
548 1822 620 1846 recte
645 1823 813 1846 statuuntur.
838 1817 974 1853 Quidquid
989 1819 1061 1845 enim

275 1866 316 1893 rei
332 1865 521 1899 cujuscunque
533 1864 697 1900 principium
714 1869 764 1895 est,
781 1864 852 1890 idem
868 1866 901 1891 ad
915 1872 1061 1892 causarum

276 1912 389 1939 istarum
410 1910 528 1944 aliquam
545 1910 680 1944 pertinere
695 1909 824 1945 reperies.
846 1908 925 1943 Nam,
950 1915 979 1937 ut
1001 1917 1062 1945 quae

275 1957 353 1990 ﬁunt,
370 1961 409 1984 tot
424 1957 515 1984 causis
533 1964 586 1983 nou
603 1956 742 1991 indigeant
763 1956 873 1989 omnia;
892 1964 952 1990 qua:
971 1962 1060 1984 tamen

275 2003 399 2038 pluribus
413 2002 544 2037 indigent,
563 2010 594 2029 ea
609 2010 749 2036 nunquam
771 2002 939 2036 assignatum
963 2010 1059 2029 nume-

1383 1372 1580 1399 ΚΕΦΑΛΑΙΟΝ
1603 1372 1641 1399 εν.

1118 1421 1184 1447 Ἔτι
1200 1417 1332 1453 περὶτοῦ
1346 1418 1438 1444 αὑτοῦ
1457 1418 1515 1444 ἀπὸ
1546 1417 1605 1453 τῶν
1627 1417 1823 1451 Ἀλεξάνδρου
1849 1417 1902 1445 τοῦ

1403 1452 1620 1487 ’Λφροδισιέωᾳ

1152 1509 1162 1525 ι
1179 1500 1326 1535 Διαιρεῖται
1344 1499 1372 1525 δὲ
1388 1498 1421 1525 τὰ
1440 1498 1494 1525 τῶν
1508 1498 1656 1533 γινομένων
1683 1498 1757 1524 αἴτια
1784 1499 1823 1530 είς
1838 1498 1901 1534 τρό-

1114 1554 1181 1577 πους
1195 1545 1290 1573 αἰτιῶν
1306 1545 1451 1580 τέσσαρας,
1470 1544 1561 1576 καθὼς
1593 1546 1607 1572 ὁ
1623 1545 1693 1576 θεῖος
1714 1545 1901 1579 Ἀριστοτέλης

1112 1592 1224 1627 δέδειχε.
1244 1591 1304 1618 Τῶν
1323 1591 1376 1626 γὰρ
1396 1590 1488 1617 αἰτίων
1503 1589 1536 1616 τὰ
1560 1590 1608 1625 μὲν
1621 1589 1678 1616 ἔστι
1699 1589 1807 1625 ποιητὰ,
1823 1589 1859 1615 τὰ
1873 1589 1902 1616 δὲ

1113 1637 1178 1673 ὕλης
1195 1638 1326 1672 ἐπέχοντα
1341 1637 1429 1671 λόγον,
1445 1637 1523 1663 Ἔστι
1551 1635 1579 1662 δέ
1594 1645 1636 1668 τις
1657 1637 1686 1662 ὲν
1710 1637 1800 1666 αὐτοῖς
1819 1635 1866 1662 καὶ
1883 1635 1900 1670 ἡ

1113 1684 1184 1711 κατὰ
1199 1682 1267 1715 εἶδος
1281 1684 1363 1710 αἰτία·
1385 1683 1459 1719 παρὰ
1484 1683 1512 1709 δὲ
1526 1683 1573 1714 τὰς
1599 1684 1672 1718 τρεῖς
1687 1682 1786 1714 ταύτας
1799 1681 1900 1713 αἰτίας,

1112 1730 1186 1757 ἔστιν
1203 1731 1232 1756 ὲν
1251 1730 1343 1761 αὐτοῖς
1365 1730 1449 1756 αἴτιον
1461 1729 1507 1755 καὶ
1521 1729 1607 1760 τέλος,
1627 1724 1656 1754 οὗ
1686 1728 1763 1764 χάριν
1780 1727 1810 1754 τὸ
1825 1727 1900 1762 γινό-

1115 1783 1194 1810 μενον
1207 1775 1319 1809 γίνεται.
1339 1774 1393 1801 Καὶ
1410 1773 1538 1801 τοσαῦται
1557 1774 1604 1808 μὲν
1619 1775 1646 1800 αἱ
1667 1774 1720 1800 τῶν
1738 1774 1832 1800 αἰτίων
1845 1773 1899 1800 δια-

1112 1821 1203 1857 φοραί.
1217 1821 1249 1847 Ὅ
1264 1829 1289 1847 τι
1307 1821 1360 1856 γὰρ
1377 1820 1409 1847 ἂν
1425 1820 1511 1846 αἴτιον
1570 1828 1651 1851 τινος,
1670 1819 1722 1846 ὑπό
1748 1827 1773 1845 τι
1795 1819 1898 1846 τούτων

1111 1867 1164 1892 τῶν
1177 1866 1271 1893 αἰτιῶν
1281 1875 1313 1900 γε
1327 1865 1511 1901 εὑρεθήσεται.
1524 1865 1579 1891 Καὶ
1597 1865 1651 1900 γὰρ
1664 1865 1688 1891 εἰ
1706 1864 1743 1900 μὴ
1762 1865 1850 1892 πάντα
1863 1865 1898 1891 τὰ

1111 1911 1241 1946 γινόμενα
1255 1910 1390 1938 τοσούτων
1404 1910 1499 1938 αἰτιῶν
1513 1911 1608 1942 δεῖται,
1625 1910 1692 1937 ἀλλὰ
1717 1911 1751 1937 τά
1774 1919 1806 1944 γε
1821 1910 1897 1936 πλεί-

1113 1964 1181 1983 στων
1197 1956 1312 1991 δεόμενα
1326 1956 1376 1990 οὐχ
1387 1955 1544 1989 ὑπερὸαίνει
1559 1954 1604 1981 τὸν
1617 1955 1758 1991 εἰρημένον
1770 1955 1896 1990 ἀριθμόν.

1112 2001 1313 2036 Γνωριμωτέρα
1324 2001 1345 2027 δ’
1361 2001 1393 2027 ἂν
1409 2000 1498 2027 αὐτῶν
1518 2002 1534 2036 ἡ
1556 2000 1671 2036 διαφορὰ
1687 2000 1800 2033 γένοιτο,
1815 2001 1838 2026 εί
1852 2000 1897 2026 ἐπὶ

276 2057 336 2076 rum
353 2052 493 2083 superant.
514 2047 613 2074 Verum
636 2048 768 2075 illustrior
783 2048 875 2074 futura
897 2052 940 2075 cst
964 2055 1057 2075 earum

1113 2048 1332 2084 παραδείγματὸς
1347 2057 1417 2080 τινος
1430 2048 1483 2075 τῶν
1495 2048 1644 2083 γινομένων
1671 2045 1790 2082 ὁραθείη.
1807 2046 1897 2072 Ἔστω

275 2094 441 2122 diversitatis
461 2094 542 2125 ratio,
562 2094 584 2121 si
600 2093 627 2119 in
647 2098 722 2120 certo
735 2091 854 2126 quodam
871 2099 978 2124 eorum,
999 2099 1059 2127 quae

276 2140 354 2172 fiunt,
377 2139 500 2174 exemplo
521 2143 656 2166 cernatur.
670 2137 790 2165 Exsistat
806 2145 870 2172 ergo
891 2145 906 2164 a
930 2138 1009 2165 nobis
1031 2137 1058 2164 in

275 2190 376 2217 statua,
397 2185 591 2219 principiorum
611 2184 692 2211 allata
715 2184 864 2211 distinctio.
883 2183 986 2210 Statua:
1008 2184 1059 2219 igi-

276 2237 320 2259 tur
339 2231 458 2259 eiliciens
477 2230 640 2266 principium
653 2229 750 2256 artifex
769 2230 827 2264 ipse
838 2234 889 2261 est,
905 2237 985 2264 quem
1000 2237 1060 2265 pro-

275 2285 365 2314 pterea
391 2277 555 2304 statuarium
581 2276 766 2311 appellamus:
789 2276 910 2310 ejusdem
934 2276 1057 2307 materia,

274 2333 322 2356 res,
336 2324 407 2359 quod
426 2323 477 2350 arti
492 2322 646 2357 subjicitur,
663 2327 710 2349 aut
725 2322 804 2355 lapis,
820 2326 868 2348 aut
892 2321 965 2348 aliud
984 2321 1058 2356 ejus-

275 2370 348 2398 modi
363 2369 476 2405 aliquid,
490 2369 562 2403 quod
575 2368 642 2395 artis
661 2376 694 2395 ex
708 2367 935 2402 prmeeptiouibus
949 2367 1059 2394 confor-

275 2420 363 2442 metur
376 2424 382 2441 :
397 2422 458 2441 nam
472 2413 497 2440 id
510 2420 618 2448 quoque
630 2418 726 2439 statua:
738 2412 884 2440 exsistendi
897 2412 1058 2447 principium

275 2464 326 2486 est.
345 2459 454 2486 Accedit
474 2459 583 2493 utrique
604 2457 701 2488 forma,
719 2465 780 2492 qua:
795 2457 828 2484 ab
849 2457 951 2484 artiﬁce
968 2457 1060 2492 subje-

275 2509 346 2530 clam
364 2503 390 2529 iu
403 2504 542 2531 materiam
558 2502 706 2535 in-lueitur,
722 2510 836 2537 qumque
850 2502 952 2537 pariter
962 2507 1059 2529 stature

275 2549 438 2582 principium
453 2555 503 2576 est.
525 2549 615 2582 Quare
631 2548 673 2575 vel
689 2549 794 2575 discum
810 2548 947 2583 jacientis.
960 2548 1000 2575 vel
1012 2549 1057 2582 ja-

275 2593 393 2619 culautis
409 2593 560 2626 iuniorem,
576 2594 598 2620 si
613 2592 728 2620 formam
746 2597 862 2627 spectes,
874 2593 916 2619 vel
926 2592 977 2620 alia
991 2600 1058 2627 qua-

277 2638 340 2664 libet
358 2638 486 2672 peculiari
507 2639 691 2673 singularique
711 2638 796 2673 figura
814 2638 990 2666 simulacrum
1009 2645 1057 2666 ex-

276 2690 400 2717 pressum
416 2688 465 2710 est.
476 2683 531 2710 Nec
547 2685 598 2711 ista
615 2684 701 2712 solum
714 2684 862 2711 conﬂanda:
873 2689 970 2712 statuae
981 2684 1057 2719 prin-

276 2727 346 2761 cipia
362 2732 441 2760 sunt;
463 2728 528 2754 nulli
546 2729 679 2763 siquidem
699 2736 803 2759 eorum.
823 2729 875 2756 hoc
899 2729 926 2756 iu
947 2736 1054 2763 genere,

276 2772 338 2800 ﬁnis
353 2773 396 2800 ille
411 2774 491 2804 cedit,
507 2774 585 2807 cujus
602 2775 688 2809 gratia
705 2775 877 2808 elaboratur;
899 2775 1055 2810 cujusmodi

275 2817 316 2844 vel
331 2818 471 2849 cujusdam
488 2818 584 2851 honor,
594 2820 633 2846 vel
644 2827 706 2854 erga
722 2819 806 2847 Deum
820 2821 913 2856 religio
928 2826 978 2849 est.
992 2820 1054 2850 Hec

310 2869 322 2884 ι
341 2864 383 2892 Ic.
398 2865 597 2901 ἀνεπιτίμητος.
634 2867 648 2887 δ
666 2867 708 2894 io.
727 2867 828 2895 ἄλλοτε.

1110 2093 1142 2129 δὴ
1158 2093 1200 2120 ἐπ’
1220 2093 1376 2129 ἀνδριάντος
1399 2093 1464 2128 ἡμῖν
1493 2094 1509 2128 ή
1530 2093 1584 2120 τῶν
1615 2092 1707 2119 αἰτίων
1735 2091 1895 2127 δεικνυμένη

1109 2139 1249 2175 διαίρεσις.
1264 2139 1317 2166 Τοῦ
1334 2139 1362 2165 δὲ
1378 2139 1532 2175 ἀνδριάντος
1545 2138 1582 2170 ὡς
1597 2138 1645 2173 μὲν
1657 2137 1795 2172 ποιητικὸν
1810 2136 1895 2163 αἴτιον

1110 2185 1124 2211 ὁ
1141 2185 1258 2220 ποιήσας
1274 2184 1406 2220 τεχνίτης,
1421 2184 1449 2211 ὃν
1461 2183 1677 2219 ἀνδριαντοποιὸν
1691 2182 1837 2218 καλοῦμεν·
1858 2181 1895 2212 ὡς

1109 2229 1138 2256 δὲ
1153 2230 1201 2264 ὕλη
1221 2230 1235 2256 ὁ
1249 2229 1425 2264 ὑποκείμενος
1441 2228 1550 2264 χαλκὸς,
1566 2228 1582 2264 ἢ
1597 2227 1679 2260 λίθος,
1691 2227 1707 2263 ἢ
1721 2228 1736 2254 ὅ
1751 2228 1777 2254 τί
1791 2227 1814 2252 τ’
1834 2223 1893 2263 ἂνῇ

1109 2275 1139 2302 τὸ
1153 2275 1204 2302 ὑπὸ
1215 2274 1261 2301 τοῦ
1273 2274 1394 2309 τεχνίτου
1409 2274 1640 2310 σχηματιζόμενον
1648 2272 1717 2300 κατὰ
1729 2272 1778 2310 τὴν
1785 2272 1891 2307 τέχνην·

1110 2321 1196 2347 αἴτιον
1211 2319 1265 2355 γὰρ
1280 2320 1326 2346 καὶ
1342 2319 1421 2346 τοῦτο
1436 2319 1482 2346 τοῦ
1505 2319 1645 2354 γεγονέναι
1656 2327 1686 2346 τε
1703 2318 1750 2345 καὶ
1761 2309 1833 2344 εἶναι
1849 2317 1893 2343 τὸν

1110 2366 1264 2401 ἀνδριάντα.
1281 2366 1358 2392 ’Ἐστι
1378 2365 1465 2392 δὲκαὶ
1481 2365 1512 2392 τὸ
1530 2364 1608 2397 εἶδος,
1635 2364 1665 2391 τὺ
1681 2365 1710 2391 ὲν
1733 2364 1771 2399 τῷ
1788 2364 1892 2390 ὑποκει-

1111 2411 1184 2447 μένῳ
1200 2410 1286 2446 τούτῳ
1300 2410 1444 2446 γενόμενον
1465 2410 1517 2436 ὑπὸ
1543 2409 1590 2436 τοῦ
1605 2409 1738 2444 τεχνίτου,
1765 2408 1812 2434 καὶ
1827 2407 1892 2434 αὐτὸ

1108 2457 1155 2483 τοῦ
1170 2456 1325 2492 ἀνδριάντος
1338 2455 1432 2482 αἴτιον.
1441 2454 1486 2481 Διὸ
1496 2452 1564 2486 εἶδός
1575 2455 1632 2480 ἐστι
1648 2452 1806 2488 δισκεῦον,ἢ
1817 2452 1888 2478 ἀκονη

1108 2502 1192 2534 τίζον,
1209 2502 1225 2537 ἢ
1244 2503 1286 2528 ἐπ’
1315 2501 1393 2529 ἄλλον
1422 2501 1494 2532 τινὸς
1512 2500 1662 2536 ὡρισμένου
1679 2499 1825 2535 σχήματος.
1854 2498 1890 2524 Οὐ

1111 2549 1189 2584 μόνον
1203 2547 1232 2574 δὲ
1246 2547 1333 2574 ταῦτα
1348 2547 1395 2582 τῆς
1410 2546 1456 2572 τοῦ
1483 2546 1638 2581 ἀνδριάντος
1652 2545 1783 2579 γενέσεως
1806 2542 1889 2569 αἴτια·

1107 2593 1164 2621 ἀλλ’
1179 2593 1252 2619 ἔστιν
1271 2593 1374 2624 οὐδενὸς
1389 2591 1442 2619 τῶν
1467 2592 1560 2618 αἰτίων
1574 2592 1624 2628 τῆς
1650 2591 1782 2625 γενέσεως
1808 2588 1889 2616 αὑτοῦ

1107 2639 1231 2674 δεύτερον
1241 2639 1271 2665 τὺ
1290 2638 1374 2671 τέλος,
1387 2636 1416 2665 οὗ
1431 2638 1509 2674 χάριν
1524 2638 1628 2672 γέγονε,
1642 2637 1778 2663 τουτέστιν
1793 2636 1809 2672 ἦ
1823 2635 1888 2670 τιμή

1108 2693 1190 2716 τινος,
1205 2684 1221 2719 ἢ
1243 2685 1281 2715 εἰς
1297 2684 1362 2710 Θεὸν
1378 2684 1501 2711 εὐσέϐειά
1513 2693 1563 2715 τις.
1578 2684 1658 2710 Ἀνευ
1677 2683 1731 2719 γὰρ
1746 2682 1795 2717 τῆς
1804 2681 1888 2708 τοιαύ-

1073 2713 1095 2740 D
1109 2739 1157 2764 της
1169 2713 1259 2761 αἰτίας
1267 2713 1321 2755 οὐδ’
1333 2729 1366 2756 ἂν
1381 2729 1430 2764 τὴν
1445 2713 1554 2765 ἀρχὴνδ
1567 2728 1677 2764 ἀνδριὰς
1683 2713 1812 2762 ⁷γέγονεν.
1830 2728 1887 2753 ’ον-

1107 2783 1160 2801 των
1170 2775 1258 2802 τοίνυν
1277 2775 1410 2802 τοσούτων
1425 2775 1479 2801 τῶν
1505 2775 1607 2807 αἰτίων,
1627 2774 1674 2800 καὶ
1696 2774 1744 2809 τὴν
1763 2773 1832 2810 πρὸς
1847 2773 1894 2800 ἅλ’

1107 2820 1175 2856 ληλα
1190 2821 1320 2857 διαφορὰν
1346 2822 1460 2857 ἑχόντων
1482 2820 1628 2856 γνώριμον,
1645 2820 1692 2856 τὴν
1719 2820 1888 2855 εἱμαρμένην
