2063 3211
153 174 203 203 457

721 174 883 204 ΡΒΔΕΡΑΒ.
904 174 1030 204 EVANG.
1052 174 1115 203 LIB.
1136 174 1180 202 Vl.

1681 205 1683 207 .
1723 177 1776 205 438

152 233 182 259 ὲν
197 233 254 264 τοῖς
276 232 430 268 ποιητικοῖς
453 232 551 264 αἰτίοις
574 230 686 264 δικαίως
707 231 741 259 ἂν
767 230 940 267 καταριθμοῖ-

995 231 1068 259 enim
1093 239 1176 259 causa
1201 231 1224 259 si
1243 230 1360 265 deesset,
1383 238 1417 259 ne
1445 230 1541 259 aﬂccta
1556 231 1665 267 quidem
1687 237 1714 259 et
1736 233 1779 260 in-

154 287 214 314 μεν,
232 278 381 313 ἀναλογίαν
395 277 534 311 σώζουσαν
550 279 618 314 πρὸς
637 278 672 306 τὰ
680 278 810 314 γινόμενα
822 278 883 305 κατ’
895 277 943 304 αὺ-

151 324 200 359 -ι-ὴν
215 324 249 359 τῇ
261 322 311 350 τοῦ
332 323 488 360 ἀνδριάντος
504 323 662 359 δημιουργῷ
690 323 784 360 τέχνῃ.
801 322 902 350 Τούτου
914 322 944 349 δὲ

151 370 238 401 οὕτως
255 369 376 405 ἔχοντος,
389 369 534 396 ἀκόλουθον
547 370 579 397 ἂν
595 370 637 405 εἴη
654 370 718 406 περὶ
732 369 786 396 τῶν
796 369 944 404 ποιητικῶν

151 415 246 442 αἰτίων
263 415 429 451 ποιήσασθαι
443 416 488 443 τὸν
501 415 589 450 λόγον’
602 415 674 442 οὕτω
687 415 741 450 γὰρ
756 415 830 442 ἔσται
843 414 942 450 γνώρι-

152 469 202 496 μον
213 461 272 488 eis:
290 462 400 488 πάντων
415 461 468 488 τῶν
498 461 647 497 γινομένων
665 461 717 497 χρὴ
731 461 779 496 τὴν
805 460 943 496 εἱμαρμέ-

149 515 200 543 νην
213 507 364 539 αίτιᾶσθαι,
385 507 440 534 εἴτε
455 507 486 543 δὴ
507 508 553 534 καὶ
583 506 673 538 ἄλλοις
690 507 744 533 τισὶ
767 506 842 541 παρὰ
864 506 942 542 τήνδε

151 555 316 590 συγχωρεῖν,
330 554 368 585 ὠς
383 551 443 580 οὖσι
459 555 610 589 ποιητικοῖς
622 561 703 579 τινων
719 553 824 583 αἰτίοις.
850 552 944 579 Ἀπάν-

148 608 204 626 των
217 599 250 635 δὴ
262 599 318 626 τῶν
335 599 484 635 γινομένων
513 598 701 635 Ἀριστοτέλης
723 598 883 633 ποιούμενος
895 598 942 634 τὴν

149 647 295 682 διαίρεσιν,
308 646 343 673 τὰ
362 647 410 682 μὲν
433 645 523 673 αὐτῶν
536 655 607 679 τινος
629 647 707 682 χάριν
720 646 842 681 γίνεσθαι
858 645 941 680 λέγει,

149 693 252 720 σκοπόν
266 701 328 720 τινα
346 693 393 719 καὶ
408 692 484 724 τέλος
511 692 563 719 τῶν
587 692 737 727 γινομένων
764 691 942 727 προκείμενον

149 738 259 774 ἔχοντος
285 738 332 765 τοῦ
356 738 495 770 ποιοῦντος
509 738 588 764 αὑτά-
610 739 644 765 τὰ
667 737 695 764 δὲ
716 738 832 769 οὐδενὸς,
850 737 898 763 ὂςα
912 738 941 764 οὐ

149 786 222 812 κατὰ
235 785 366 822 πρόθεσιν
383 793 444 811 τινα
465 785 510 811 τοῦ
531 784 670 816 ποιοῦντος
694 784 808 818 γίνεται,
822 784 876 810 οὐδ’
896 784 942 810 ἐπὶ

148 832 227 864 τέλος
240 831 394 868 ὡρισμένον
403 831 459 867 ἔχει
471 832 519 866 τὴν
542 831 690 867 ἀναφοράν⁸
717 830 838 858 τοιαῦτα.
854 827 909 856 οἷόν
928 836 940 849 α

148 879 207 905 ἐστι
222 878 338 914 καρφῶν
349 878 379 904 τέ
389 886 469 904 τινων
479 877 679 913 διακρατήσεις,
690 877 736 902 καὶ
751 875 939 911 περιστροφαὶ,

148 926 197 952 καὶ
209 924 312 961 τριχῶν
324 924 427 959 ὲπαιραί
446 932 475 950 τε
493 924 539 950 καὶ
554 923 692 954 ἐκτάσεις,
708 922 755 949 καὶ
773 922 823 948 ὅσα
837 921 941 953 τούτοις

147 971 250 1006 ὁμοίως
261 970 377 1006 γίνεται.
400 971 460 996 Ὂτι
479 970 527 1005 μὲν
540 969 594 1004 γὰρ
604 969 708 1003 γίνεται
723 969 768 995 καὶ
780 967 859 999 αὐτὰ,
876 967 942 1001 γνώ-

149 1026 240 1053 ριμον”
256 1017 287 1044 οὐ
300 1016 352 1052 μὴν
364 1016 420 1052 ἔχει
436 1016 484 1052 τὴν
500 1017 570 1042 κατὰ
581 1016 610 1042 τὺ
626 1015 701 1047 τέλος
724 1016 771 1041 καὶ
786 1015 835 1050 τὴν
849 1012 879 1041 οὗ
892 1014 940 1049 χά-

149 1071 192 1098 ριν
205 1063 307 1089 αἰτίαν.
322 1061 363 1088 Τὰ
379 1062 427 1098 μὲν
439 1060 484 1088 οὖν
503 1062 574 1088 οὕτω
595 1061 735 1096 γινόμενα,
755 1060 883 1092 ἀσκόπως
896 1060 942 1086 καὶ

149 1109 243 1141 ἁπλῶς
267 1108 408 1143 γινόμενα,
437 1107 565 1143 οὐδεμίαν
590 1107 700 1141 εὔλογον
729 1106 784 1141 ἔχει
799 1106 939 1142 διαίρεσιν·

147 1154 201 1181 τῶν
214 1154 244 1181 δὲ
254 1154 301 1180 ἐπί
314 1162 340 1180 τι
354 1153 403 1189 τὴν
417 1153 555 1189 ἀναφορὰν
569 1153 695 1188 ἑχόντων,
718 1152 765 1178 καί
784 1160 855 1183 τινος
871 1160 942 1186 γινο-

148 1201 239 1236 μένων
253 1200 345 1236 χάριν,
361 1199 396 1226 τὰ
413 1199 462 1235 μὲν
473 1199 544 1225 κατὰ
560 1199 650 1233 φύσιν,
668 1197 701 1224 τὰ
727 1198 754 1224 δὲ
779 1198 848 1224 κατὰ
864 1197 941 1231 λόγον

146 1246 266 1281 γίνεται.
279 1245 320 1272 Τά
334 1254 364 1272 τε
378 1245 432 1280 γὰρ
459 1245 539 1279 φύσιν
557 1244 645 1271 αἰτίαν
673 1243 768 1278 ἔχοντα
793 1244 842 1278 τῆς
867 1244 941 1277 γενέ-

147 1301 218 1325 σεως
231 1293 303 1320 κατά
313 1302 389 1324 τινας
408 1292 541 1328 ἀριθμοὺς
557 1291 604 1317 καὶ
621 1290 696 1322 τάξιν
709 1290 863 1325 ὡρισμένην
879 1289 940 1324 πρό-

146 1348 218 1367 εισιν
228 1339 275 1366 ὲπί
287 1349 314 1366 τι
329 1339 415 1371 τέλος,
426 1340 453 1365 ὲν
469 1336 490 1372 ᾧ
505 1338 634 1372 γινόμενα
646 1336 693 1363 τοῦ
707 1336 828 1370 γίνεσθαι
845 1336 941 1362 παύον-

145 1395 204 1418 ται,
220 1386 245 1412 εί
257 1387 299 1422 μήν
309 1394 335 1412 τι
349 1385 439 1416 αὐτοῖς
454 1384 550 1411 ὲνστὲιν
566 1382 690 1419 ἐμποδὼν
707 1382 807 1417 γίνοιτο
821 1383 854 1417 τῇ
871 1381 940 1408 κατὰ

147 1431 231 1467 φύσιν
247 1421 338 1458 αὐτῶν
353 1431 400 1458 ἐπὶ
412 1431 442 1457 τὸ
454 1430 632 1465 προκείμενον
653 1429 715 1464 ὁδῷ.
749 1427 829 1454 ’Λλλὰ
842 1428 889 1454 καὶ
906 1427 940 1454 τὰ

146 1478 220 1505 κατὰ
241 1477 322 1512 λόγον
345 1477 476 1512 γινόμενα
494 1477 549 1511 ἔχει
565 1485 591 1502 τι
605 1475 692 1507 τέλος.
722 1475 805 1501 Οὐδὲν
837 1473 890 1509 γὰρ
903 1474 940 1505 ὡς

147 1523 229 1559 ἔτυχε
247 1523 302 1550 τῶν
319 1522 391 1550 κατὰ
403 1522 482 1556 λόγον
508 1521 657 1557 γινομένων
684 1520 797 1555 γίνεται,
818 1520 875 1546 ἀλλ’
895 1520 939 1546 ὲπί

146 1578 212 1597 τινα
226 1569 327 1596 σκοπὸν
345 1570 360 1605 ἡ
378 1569 502 1604 ἀναφορὰ
518 1569 600 1595 πᾶσιν
615 1568 715 1598 αὐτοῖς.
733 1567 809 1593 Ἔστι
826 1566 853 1592 δὲ
870 1566 940 1592 κατὰ

146 1615 229 1650 λάγον
239 1615 379 1650 γινόμενα,
391 1615 441 1641 ὅσα
456 1613 507 1640 ὑπὸ
529 1613 582 1639 τῶν
605 1611 752 1639 ποιούντων
777 1611 846 1637 αὐτὰ
867 1610 938 1644 γίνε-

147 1669 204 1694 ται,
218 1660 403 1696 λογιζομένων
428 1659 455 1685 δὲ
473 1658 537 1695 περὶ
567 1658 666 1689 αὐτῶν,
689 1657 735 1683 καὶ
751 1656 937 1688 συντιθέντων,

146 1707 210 1734 καθ’
226 1706 256 1734 ὃν
268 1706 301 1734 ἃν
319 1706 419 1742 τρόπον
433 1705 550 1740 γένοιτο,
562 1704 633 1731 οὕτω
645 1704 759 1738 γίνεται·
778 1702 812 1729 τά
821 1711 851 1728 τε
869 1701 939 1728 κατὰ

146 1753 199 1785 τὰς
210 1752 309 1788 τέχνας
334 1752 464 1787 γινόμενα
487 1750 585 1782 πάντα,
606 1750 652 1776 καὶ
670 1749 739 1776 κατὰ
763 1748 936 1784 προαίρεσιν·

147 1800 306 1836 ἃδιαφέρει
320 1799 374 1826 τῶν
388 1798 537 1833 γινομένων
561 1796 650 1831 φύσει,
671 1795 709 1830 τῷ
730 1794 763 1821 τὰ
789 1794 837 1830 μὲν
861 1793 939 1827 φύσει

146 1845 280 1880 γινόμενα
295 1845 325 1870 ὲν
337 1843 428 1874 αὐτοῖς
439 1842 510 1877 ἔχειν
520 1842 569 1876 τὴν
584 1841 671 1876 ἀρχήν
685 1849 715 1866 τε
726 1840 772 1866 καὶ
791 1839 840 1870 τὰς
852 1838 939 1869 αἰτίας

145 1890 200 1926 τῆς
209 1889 338 1925 τοιαύτης
352 1888 483 1924 γενέσεως
499 1886 636 1923 (τοιοῦτον
658 1886 712 1921 γὰρ
733 1885 749 1920 ἡ
775 1883 876 1919 φύσις)”
893 1883 939 1910 καὶ

147 1935 274 1971 γίνεσθαι
291 1935 341 1971 μὲν
361 1934 431 1961 κατὰ
444 1932 520 1966 τάξιν
535 1932 607 1965 τινὰ,
622 1932 652 1958 οὐ
677 1931 730 1966 μὴν
744 1930 793 1965 τῆς
813 1930 940 1964 ποιούσης

147 1982 221 2010 αὐτὰ
235 1981 343 2017 φύσεως
356 1980 456 2016 ὁμοίως
471 1981 531 2011 ταῖς
544 1979 653 2014 τέχναις
674 1975 796 2011 λογισμῷ
810 1975 873 2011 περὶ
892 1975 941 2001 αὐ-

147 2028 204 2056 τῶν
219 2027 374 2064 χρωμένης·
388 2026 423 2053 τὰ
437 2026 465 2052 δὲ
478 2025 608 2060 γινόμενα
637 2023 707 2050 κατὰ
722 2022 818 2057 τέχνην
846 2030 875 2047 τε
893 2021 940 2047 καὶ

148 2074 324 2111 προαίρεσιν,
338 2072 437 2106 ἔξωθεν
450 2072 506 2107 ἔχει
519 2071 568 2107 τὴν
577 2070 665 2106 ἀρχὴν
679 2071 726 2103 τῆς
739 2068 880 2102 κινήσεως,
894 2067 940 2093 καὶ

146 2121 200 2156 τὴν
213 2120 305 2147 αἰτίαν
319 2119 368 2155 τὴν
380 2119 519 2146 ποιοῦσαν·
538 2117 594 2144 ἀλλ’
610 2117 660 2143 οὐκ
672 2117 700 2142 ὲν
717 2115 808 2145 αὐτοῖς
820 2113 866 2139 καὶ
889 2112 939 2147 τῆς

148 2166 287 2201 γενέσεως
298 2164 387 2192 αὐτῶν
401 2166 416 2191 ὁ
431 2163 476 2191 τοῦ
487 2163 626 2194 ποιοῦντος
643 2162 751 2196 ἡγεῖται
771 2159 834 2194 περὶ
851 2157 940 2184 αὐτῶν

148 2211 293 2247 λογισμός.
310 2211 407 2248 Τρίτον
424 2210 453 2236 δέ
469 2211 541 2236 ἐστιν
559 2210 587 2235 ἐν
605 2210 660 2240 τοῖς
677 2207 757 2233 ἕνεκα
768 2214 813 2232 του
830 2203 940 2239 γινομέ-

994 277 1092 306 choala
1105 282 1195 305 statua
1209 276 1316 305 fuisset.
1331 277 1384 305 Tot
1400 285 1466 313 ergo
1484 285 1547 305 cum
1564 277 1619 305 sint
1633 278 1779 314 principio-

994 331 1054 350 rum
1076 330 1185 358 genera,
1211 330 1329 357 quorum
1354 323 1502 350 discrimen
1523 322 1624 351 nemini
1644 331 1699 350 non
1719 331 1778 359 per-

994 368 1119 403 spicuum
1136 372 1188 399 est,
1211 368 1297 395 fatum
1313 369 1382 395 inter
1401 367 1547 395 efﬁcientia
1571 368 1633 403 jure
1656 369 1778 396 censebi-

994 422 1066 446 mus,
1082 422 1144 442 cum
1162 414 1190 441 in
1213 414 1294 441 rebus
1315 414 1358 445 iis,
1378 421 1438 449 qua:
1455 413 1512 440 fato
1534 413 1612 446 ﬁunt,
1635 421 1696 441 cum
1719 420 1777 443 arte

994 461 1120 489 statuarii
1137 460 1313 496 proportione
1327 464 1511 495 comparetur.
1533 459 1590 488 lloc
1609 464 1698 487 autem
1714 468 1776 488 cum

994 507 1030 534 ita
1055 515 1085 534 sc
1108 507 1222 537 habeat.
1246 511 1459 533 consentaneum
1483 505 1566 533 fuerit
1588 505 1620 532 de
1637 505 1778 540 principiis

993 553 1174 581 efﬁcientibus
1184 552 1394 586 disputationem
1419 552 1569 579 instituere.
1586 551 1632 579 Sic
1647 551 1719 578 enim
1736 551 1762 578 fa

993 601 1072 627 cilius
1085 600 1260 635 intelligetur,
1283 599 1452 631 omniunme,
1469 606 1529 633 qua:
1540 599 1618 630 ﬁunt,
1632 598 1777 632 assignan-

992 647 1026 674 da
1046 646 1102 673 fato
1118 653 1200 673 causa
1218 646 1262 677 sit,
1278 653 1312 672 an
1324 645 1384 672 aliis
1399 644 1481 680 269
1490 649 1618 680 prmterea
1634 644 1776 671 nonnullis

992 693 1205 723 concedendum,
1219 696 1248 719 ut
1258 691 1402 718 efﬁcientia
1416 698 1506 718 rerum
1519 690 1696 724 quarumdam
1706 690 1777 725 prin-

993 739 1062 774 cipia
1079 743 1251 766 censeantur.
1267 737 1427 764 Aristoteles
1447 736 1539 771 igitur,
1556 743 1617 763 eum
1640 736 1773 767 omnium.

993 793 1053 820 quat
1069 785 1145 817 ﬁunt,
1159 784 1331 819 partitionem
1346 782 1509 812 institueret,
1527 781 1654 808 nonnulla
1666 781 1772 816 quidem

994 831 1110 866 alicujus
1127 832 1163 858 rei
1177 831 1262 866 gratia
1283 829 1340 856 ﬁeri
1359 829 1460 860 docuit,
1485 836 1546 856 eum
1570 828 1689 863 ipsorum
1708 829 1775 855 arti--

993 879 1035 905 ﬁci
1050 885 1149 912 scopus
1162 876 1252 911 operis
1272 875 1381 911 quidam
1399 880 1441 902 est
1458 874 1575 910 ﬁnisque
1598 874 1772 908 propositus:

992 924 1044 950 alia
1066 931 1129 950 vero
1144 923 1255 954 nullius,
1276 921 1429 956 cujusmodi
1444 924 1518 949 sunt.
1534 927 1702 955 qumcunque
1726 927 1774 946 au-

991 974 1052 997 ctor
1080 968 1155 996 nullo
1189 967 1305 995 consilio
1336 966 1446 997 fecerit,
1475 965 1634 1000 nullumque
1663 964 1776 999 proinde

991 1020 1095 1043 certum
1115 1015 1147 1041 ad
1173 1014 1253 1041 ﬁnem
1281 1013 1477 1048 propriumque
1500 1011 1632 1038 retulerit.
1654 1010 1774 1045 Exempli

991 1068 1073 1088 causa
1091 1061 1183 1095 paleas
1200 1059 1281 1086 modo
1304 1059 1431 1090 retinere,
1448 1057 1529 1084 modo
1543 1064 1668 1090 versare;
1689 1057 1775 1091 capil-

992 1108 1033 1135 los
1055 1107 1094 1134 vel
1119 1111 1263 1134 attrectare
1282 1106 1323 1133 vel
1341 1105 1496 1138 extendere,
1515 1111 1629 1139 qumque
1649 1107 1712 1131 sunt
1727 1111 1774 1138 ge-

992 1154 1065 1181 neris
1080 1152 1212 1187 ejusdem.
1234 1150 1300 1178 Nam
1327 1151 1377 1178 ista
1399 1158 1508 1185 quoque
1524 1149 1580 1177 ﬁeri
1600 1149 1773 1184 perspicuum

991 1204 1042 1232 est,
1055 1200 1134 1226 ﬁnem
1152 1203 1242 1225 tamen
1260 1206 1301 1228 ea.
1321 1205 1476 1228 causamve,
1496 1196 1575 1228 cujus
1589 1196 1673 1231 gratia
1694 1195 1772 1226 ﬁant,

991 1246 1091 1272 nullam
1116 1244 1225 1271 habent.
1246 1242 1344 1270 Verum
1362 1243 1412 1269 hoc
1429 1250 1519 1269 rerum
1536 1249 1631 1277 genus,
1648 1241 1717 1276 quod
1733 1241 1774 1268 in-

990 1292 1163 1320 considerate
1181 1298 1212 1318 ac
1226 1294 1326 1317 temere
1339 1289 1394 1321 ﬁat,
1411 1294 1500 1316 causa:
1519 1288 1585 1315 nihil
1607 1294 1660 1319 est,
1680 1296 1728 1315 cur
1741 1287 1774 1314 de

990 1337 1132 1366 statuenda
1150 1335 1281 1371 peculiari
1298 1335 1357 1369 ejus
1371 1338 1433 1360 nota
1448 1338 1474 1360 et
1488 1333 1593 1359 ratione
1605 1333 1772 1359 laboremus.

989 1384 1055 1417 Qua:
1070 1391 1134 1410 vero
1146 1382 1179 1408 ad
1196 1381 1262 1408 certi
1278 1380 1417 1415 quidpiam
1433 1378 1601 1408 referuntur,
1618 1383 1644 1404 et
1657 1378 1773 1411 alicujus

989 1430 1075 1466 gratia
1090 1429 1168 1460 ﬁunt,
1185 1428 1282 1454 horum
1308 1426 1360 1452 alia
1388 1429 1504 1466 naturai
1516 1424 1598 1450 ductu
1618 1423 1698 1455 ﬁunt,
1721 1423 1773 1450 alia

990 1475 1115 1503 rationis.
1129 1473 1196 1501 Nam
1213 1478 1239 1500 et
1256 1480 1316 1507 qua:
1333 1470 1483 1498 naturalem
1491 1460 1580 1496 ὀι-ωε
1599 1468 1640 1495 sui
1661 1475 1773 1495 causam

991 1522 1101 1553 habent,
1124 1527 1155 1548 ea
1169 1519 1252 1546 certis
1273 1516 1436 1553 quibusdam
1453 1516 1585 1547 numeris,
1598 1520 1722 1550 statuque
1743 1522 1774 1542 ac

953 1581 975 1609 α
990 1568 1102 1596 deﬁnito
1126 1565 1222 1593 ordine
1251 1562 1416 1598 singularem
1437 1562 1469 1588 ad
1493 1561 1573 1588 ﬁnem
1600 1560 1772 1596 perveniunt.

990 1621 1070 1651 quem
1091 1611 1135 1638 ubi
1166 1613 1290 1637 assecuta
1318 1612 1391 1640 sunt,
1414 1612 1471 1634 tum
1493 1606 1601 1634 demum
1622 1606 1679 1633 ﬁeri
1702 1606 1773 1634 desi-

989 1663 1075 1691 nunt;
1093 1656 1145 1684 nisi
1159 1655 1224 1691 quid
1237 1655 1270 1681 iis
1289 1658 1425 1686 occurrat,
1445 1652 1519 1687 quod
1533 1651 1684 1678 naturalem
1699 1651 1774 1685 ipsu-

990 1714 1050 1733 rum
1071 1705 1102 1731 ad
1123 1704 1160 1735 id,
1176 1701 1249 1737 quod
1271 1701 1323 1728 sibi
1340 1700 1509 1735 propositum
1527 1703 1578 1732 est,
1593 1706 1704 1725 cursum
1720 1698 1771 1724 im—

989 1752 1089 1787 pediat.
1118 1749 1248 1776 Similiter
1276 1754 1336 1782 qua:
1360 1745 1465 1772 ratione
1491 1744 1568 1775 ﬁunt,
1592 1743 1710 1772 aliquem
1739 1743 1773 1769 ad

990 1798 1070 1824 ﬁnem
1095 1799 1228 1830 spectant.
1247 1791 1320 1819 Nihil
1337 1791 1422 1822 enim,
1438 1790 1510 1824 quod
1527 1789 1632 1816 ratione
1657 1788 1712 1821 ﬁat,
1733 1792 1774 1814 te-

990 1851 1063 1871 mere
1080 1842 1137 1869 ﬁeri
1156 1846 1254 1876 potest.
1277 1838 1414 1872 Quidquid
1431 1836 1564 1869 ejusmodi
1587 1841 1638 1867 est,
1661 1842 1773 1869 scopum

990 1890 1022 1917 ad
1040 1889 1157 1922 aliquem
1181 1886 1314 1913 referatur
1332 1891 1444 1910 necesse
1465 1887 1515 1909 est.
1533 1881 1592 1908 Jam
1620 1889 1649 1907 ea
1669 1881 1774 1908 ratione

991 1933 1048 1961 ﬁeri
1068 1932 1207 1963 dicuntur,
1228 1938 1288 1965 qua:
1312 1929 1370 1956 suis
1392 1928 1425 1954 ab
1447 1927 1614 1959 auctoribus,
1640 1926 1773 1960 quemad-

990 1979 1100 2006 modum
1116 1977 1234 2011 quidque
1250 1975 1306 2002 ﬁeri
1327 1973 1433 2004 debeat,
1459 1976 1587 1998 accurate
1608 1979 1700 1997 secum
1715 1978 1773 1998 ma-

991 2032 1104 2059 tureque
1118 2019 1487 2058 cogitantibus,efficiuntur.
1510 2017 1597 2051 Atque
1617 2017 1772 2050 liejusmoili

990 2076 1064 2103 sunt,
1079 2078 1140 2097 cum
1156 2076 1198 2100 ea,
1217 2074 1277 2101 qua:
1299 2065 1364 2092 artis
1381 2062 1616 2099 prieccptionibus,
1636 2066 1692 2088 tum
1714 2069 1773 2095 qua:

990 2117 1128 2143 voluntate
1151 2112 1320 2146 consilioque
1341 2110 1419 2137 ﬁunt.
1436 2109 1571 2135 Caeterum
1590 2107 1647 2134 haec
1664 2107 1733 2133 inter
1748 2111 1773 2132 et

990 2170 1021 2188 ea
1035 2169 1095 2196 qu:e
1116 2165 1241 2186 naturam
1254 2160 1415 2191 sequuntur,
1431 2154 1483 2180 hoc
1495 2153 1622 2184 interest;
1639 2151 1709 2187 quod
1729 2150 1773 2177 illa

991 2207 1154 2242 principium
1181 2205 1207 2231 in
1234 2212 1262 2230 se
1287 2203 1353 2237 ipsis
1374 2206 1451 2228 ortus
1474 2200 1516 2227 sui
1533 2206 1686 2232 causasque
1711 2205 1773 2232 pro-

148 2267 207 2290 νοις
219 2258 269 2284 καὶ
282 2257 316 2284 τὰ
330 2257 383 2284 ἀπὸ
395 2256 480 2291 τύχης
490 2265 519 2282 τε
531 2255 578 2282 καὶ
594 2254 641 2280 τοῦ
650 2252 802 2287 αὐτομάτου
819 2249 940 2285 γίνεσθαι

992 2254 1066 2288 prias
1080 2253 1197 2279 habeant
1210 2251 1281 2286 (talis
1297 2249 1368 2276 enim
1384 2256 1417 2275 ex
1430 2254 1489 2274 sese
1503 2251 1600 2276 natura
1614 2244 1680 2279 est);
1697 2251 1773 2270 cum-

149 2303 367 2339 πεπιστευμέναο
383 2302 470 2338 ταύτῃ
489 2301 544 2328 τῶν
561 2299 773 2335 προηγουμένως
790 2297 870 2324 ἕνεκά
893 2304 939 2322 του

149 2350 304 2386 γινομένων
317 2349 489 2384 διαφέροντα,
541 2348 585 2373 ἐπ’
596 2346 706 2372 ἐκείνων
718 2345 767 2380 μὲν
781 2343 814 2369 τὰ
829 2342 882 2378 πρὸ
893 2341 939 2368 τοῦ

150 2396 257 2428 τελους,
275 2395 323 2422 τοῦ
337 2395 429 2426 τέλους
453 2394 532 2429 χάριν
548 2393 661 2427 γίνεται·
678 2391 723 2417 ἐπὶ
745 2390 773 2416 δὲ
789 2388 891 2415 τούτων
908 2386 942 2414 τὰ

153 2443 205 2470 ιιὲν
219 2442 349 2478 γινόμενα
372 2441 424 2477 πρὸ
445 2439 491 2466 τοῦ
516 2439 607 2469 τέλους
621 2437 701 2464 ἄλλου
718 2435 798 2471 χάριν
826 2433 940 2468 γίνεται,

151 2489 262 2524 ἀπαντᾷ
271 2487 300 2514 δὲ
315 2488 406 2518 αὐτοῖς
421 2485 501 2513 ἄλλον
518 2485 596 2520 χάριν
618 2482 778 2518 γινομένοις,
801 2480 839 2512 ὡς
855 2479 941 2510 τέλος,

151 2534 184 2560 τὸ
200 2533 360 2569 αὐτομάτως
371 2541 400 2559 τε
418 2532 465 2559 καὶ
481 2531 535 2558 ἀπὸ
551 2530 635 2565 τύχης
652 2527 773 2563 γίνεσθαι
786 2525 940 2560 λεγόμενον.

152 2581 264 2608 Τουτων
278 2580 306 2607 δὲ
319 2581 404 2611 οὕτως
420 2579 546 2614 ἐχόντων,
567 2577 612 2603 καὶ
637 2576 745 2602 πάντων
760 2573 814 2599 τῶν
832 2570 941 2606 γινομέ-

152 2635 209 2654 νων
223 2626 264 2658 είς
272 2626 382 2657 τούτους
391 2626 454 2657 τοὺς
467 2625 593 2661 τρόπους,
606 2620 806 2657 νενεμημένων,
830 2618 943 2645 ἀκόλου-

152 2673 202 2702 οον
215 2673 264 2700 ὲπὶ
279 2681 382 2704 τουτοις
400 2671 473 2703 ίδεῖν,
489 2673 518 2697 ὲν
534 2670 586 2696 τίνι
597 2668 651 2695 τῶν
679 2664 825 2701 ποιητικῶν
849 2663 942 2690 αἰτίων

153 2719 208 2756 χρὴ
222 2718 324 2746 τιθέναι
339 2719 386 2753 τὴν
398 2716 576 2753 εἱμαρμένην.
589 2713 662 2750 Ἀρά
673 2721 704 2747 γε
723 2714 750 2738 ὲν
769 2713 824 2743 τοῖς
838 2709 942 2756 οὐδενὸς

153 2755 309 2801 γινομένοις
321 2764 399 2800 χάριν
412 2772 419 2797 ;
434 2763 450 2799 ἢ
465 2762 543 2789 τοῦτο
568 2761 617 2796 μὲν
641 2759 810 2785 παντάπασιν
832 2755 941 2789 ἄλογονς

154 2811 200 2838 ἀεὶ
224 2809 280 2846 γὰρ
295 2810 341 2837 ἐπὶ
368 2809 461 2841 τέλους
486 2807 556 2839 τινὸς
568 2807 607 2842 τῷ
631 2805 681 2840 τῆς
705 2802 872 2839 εἱμαρμένης
886 2800 943 2827 ὀνό-

157 2865 222 2893 ματι
236 2855 379 2892 χρώμεθα,
392 2855 452 2882 καθ’
465 2853 632 2890 εἱμαρμένην
641 2859 670 2877 τε
682 2849 747 2877 αὐτὸ
761 2849 882 2883 λέγοντες
895 2855 941 2872 νε-

192 2907 207 2923 ι
226 2902 270 2930 Id.
284 2900 340 2929 οὖν.

401 2950 533 2980 ΡΑτιιοι.
552 2947 610 2978 Gtt.
626 2944 711 2976 XXI.

990 2307 1043 2334 que
1056 2302 1130 2325 certo
1147 2297 1264 2332 quodam
1285 2294 1379 2322 ordine
1402 2293 1460 2320 ﬁeri
1475 2292 1592 2323 soleant,
1615 2297 1709 2317 eorum
1729 2293 1771 2314 ta-

991 2352 1053 2370 men
1072 2342 1190 2370 effectrix
1214 2345 1322 2372 natura,
1348 2347 1402 2366 non
1426 2338 1482 2372 jam
1504 2334 1723 2365 ratiocinatione,
1744 2339 1773 2360 ut

991 2390 1022 2417 ﬁt
1041 2390 1066 2415 in
1084 2388 1197 2420 artibus,
1213 2387 1239 2413 in
1258 2385 1353 2413 iisdem
1370 2383 1519 2411 efficiendis
1536 2386 1645 2409 utatur:
1669 2384 1697 2407 at.
1713 2387 1774 2414 qua:

991 2435 1034 2463 vel
1048 2439 1105 2461 arte
1120 2434 1162 2461 vel
1181 2432 1298 2460 consilio
1313 2432 1390 2463 liunt,
1407 2431 1440 2457 iis
1461 2437 1509 2456 nec
1533 2428 1559 2455 in
1581 2435 1609 2454 se
1633 2426 1709 2461 ipsis,
1727 2425 1772 2452 sed

992 2481 1161 2508 extrinsecus
1177 2483 1203 2506 et
1218 2483 1308 2505 motus
1325 2476 1499 2512 principium,
1518 2478 1544 2501 et
1558 2480 1640 2500 causa
1653 2471 1773 2498 efﬁciens

993 2526 1145 2557 antecedat,
1162 2530 1187 2552 et
1207 2532 1302 2551 eorum
1327 2521 1461 2549 eﬁ'eetioni
1478 2519 1598 2546 auctoris
1615 2516 1774 2544 deliberatio

992 2576 1101 2607 praeeat.
1125 2569 1185 2597 Jam
1206 2576 1295 2596 rerum
1318 2568 1443 2598 istarum,
1469 2573 1530 2600 qua
1548 2563 1664 2598 alicujus
1687 2562 1773 2597 gratia

993 2617 1072 2649 ﬁunt,
1088 2615 1196 2642 tertium
1210 2613 1346 2648 quoddam
1361 2619 1446 2644 genus
1458 2618 1491 2637 ex
1504 2610 1537 2637 iis
1547 2608 1700 2639 constituit,
1715 2615 1774 2642 qua-

993 2670 1058 2689 casu
1074 2669 1106 2688 ac
1130 2665 1229 2687 temere
1243 2660 1301 2686 ﬁeri
1320 2658 1484 2686 creduntur:
1504 2657 1556 2683 hoc
1578 2659 1668 2682 tamen
1694 2654 1775 2688 270

993 2709 1028 2736 ab
1043 2709 1096 2735 illis
1113 2706 1281 2739 discrimine,
1297 2713 1368 2740 quze,
1385 2712 1438 2731 non
1457 2703 1509 2730 nisi
1525 2701 1627 2733 causis,
1652 2700 1686 2727 ob
1707 2708 1775 2734 quas

993 2756 1068 2786 ﬁant,
1090 2752 1266 2788 antegressis,
1288 2751 1433 2782 exsistunt,
1455 2748 1528 2784 quod
1548 2748 1574 2774 in
1592 2746 1645 2773 illis
1662 2753 1723 2780 qua:
1745 2744 1771 2771 ﬁ.

992 2808 1054 2828 nem
1078 2799 1252 2830 antecedunt,
1277 2805 1308 2824 ea
1329 2803 1439 2831 quoque
1453 2795 1514 2822 ﬁnis
1538 2792 1624 2828 gratia
1647 2791 1729 2818 ﬁant:
1747 2790 1773 2815 in

993 2845 1063 2878 istis,
1081 2851 1142 2879 qua:
1166 2843 1246 2869 ﬁnem
1270 2840 1506 2876 antegrediuntur,
1530 2845 1561 2865 ea
1584 2843 1645 2863 cum
1664 2833 1775 2861 alterius

1580 2928 1617 2958 15
