2063 3211
148 171 199 198 ισι

717 171 876 199 PR/EPAR.
897 171 1024 200 EVANG.
1043 172 1106 200 LIB.
1126 171 1170 199 Vl.

1722 173 1775 200 ιον

149 229 251 270 μερῶν,
263 231 312 258 καὶ
324 230 378 266 τὴν,
386 230 518 265 τυχοῦσαν
530 230 577 258 τοῦ
592 231 726 267 τραχήλου
741 232 935 268 περιστροφὴν,

995 233 1045 260 bus
1056 232 1208 264 tenebatur,
1221 232 1346 259 matribus
1359 230 1517 268 aufugisset,
1532 231 1558 258 in
1571 230 1633 266 fuga
1645 230 1702 265 ipsa
1714 238 1776 258 cur-

147 276 193 303 καὶ
207 276 257 312 τὴν
272 276 321 303 τοῦ
345 277 475 304 δακτύλου
506 276 626 308 ἔκτασιν,
648 277 696 304 καὶ
725 277 756 303 τὺ
781 278 882 313 ἐπᾶραι
904 278 940 305 τὰ

147 321 282 357 βλέφαρα,
297 323 345 349 καὶ
359 323 404 349 τὸν
418 322 597 358 καθεζόμενον
614 322 721 357 στῆσαι,
733 322 838 350 καὶτὸν
854 322 941 350 κινού-

147 375 228 402 μενον
243 368 394 403 ἠρεμῆσαι,
409 368 456 394 καὶ
479 368 525 394 τὸν
541 367 673 394 λαλοῦντα
689 367 811 402 σιγῆσαι,
829 368 877 394 καὶ
892 368 939 395 ἐπὶ

147 413 252 449 μυρίων
269 413 344 448 εὖροι
360 422 402 445 τις
415 413 448 440 ἂν
462 414 575 448 δύναμίν
592 422 651 440 τινα
668 413 872 448 ἐνυπάρχουσαν
883 413 937 440 τῶν

145 458 276 486 ἐναντίων
291 459 428 494 δεκτικὴν,
443 459 461 486 ἃ
477 460 527 485 οὐκ
544 459 577 486 ἂν
591 459 695 493 γένοιτο
714 459 743 491 ἐξ
757 459 935 495 εἱμαρμένης

144 504 181 531 τὰ
193 504 249 539 γὰρ
263 504 293 538 ἐξ
309 505 397 540 αὐτῆς
420 506 451 531 οὐ
463 505 570 540 δέχεται
596 506 643 532 τοῦ
662 507 690 532 ἐν
707 502 728 539 ᾧ
740 507 797 532 ἐστι
816 506 845 532 τὸ
863 507 938 532 ἐναν-

145 551 213 578 τιον.
233 551 315 578 Ἀλλὰ
333 552 380 577 καὶ
393 551 423 578 τὸ
436 551 608 586 βουλεύεσθαι
624 551 670 577 τὸν
685 551 825 587 ἄνθρωπον
836 551 885 577 οὐκ
898 552 937 582 εἰς

147 598 239 633 μάτην
251 597 326 633 αὐτῷ
338 597 466 633 ὑπάρχει·
480 596 513 633 ἦν
526 598 547 624 δ’
560 597 592 624 ἂν
606 599 646 629 εἰς
658 598 743 633 μάτην
756 597 935 632 βουλευτικὸς,

146 643 172 668 εἰ
187 642 218 675 ἐξ
234 643 357 678 ἀνάγκης
375 643 492 679 ἔπραττε
517 642 551 669 τὰ
575 642 758 678 πραττόμενα.
775 642 844 668 Ἀλλ’
856 644 935 678 ἐναρ-

146 688 340 723 γῶςφαίνεται
366 689 420 715 τῶν
442 688 527 716 ἄλλων
556 688 632 721 ζώων
657 689 670 715 ὁ
700 689 841 724 ἄνθρωπος
859 689 937 723 μόνος

147 734 227 761 τοῦτο
239 734 313 771 παρὰ
326 735 376 770 τῆς
400 735 506 769 φύσεως
535 735 604 770 ἔχων
619 735 709 766 πλέον,
730 735 759 761 τὸ
788 735 824 770 μὴ
838 736 937 769 ὁμοίως

147 780 263 813 ἐκείνοις
290 783 350 812 ταῖς
375 781 535 815 φαντασίαις
562 780 685 810 ἕπεσθαι,
715 780 772 807 ἀλλ’
788 780 859 815 ἔχειν
884 780 943 806 τῶν

147 827 372 863 προσπιπτόντων
385 828 481 863 κριτὴν
492 827 537 854 τὸν
552 826 639 861 λόγον’
657 824 678 861 ᾧ
691 826 839 863 χρώμενος,
853 827 876 853 εὶ
889 827 937 862 μὲν

147 873 329 908 ἐξεταζόμενα
352 873 387 900 τὰ
400 873 595 908 φαντασθέντα,
612 871 654 900 οἷα
671 874 720 908 τὴν
735 874 823 909 ἀργὴν
839 873 935 909 mm,

147 919 194 946 καὶ
209 919 277 951 ἐστι,
289 919 513 954 συγκατατίθεται
528 921 560 955 τῇ
574 919 717 954 φαντασίᾳ,
731 919 777 945 καὶ
788 920 858 946 οὕτω
874 920 936 955 μέτ-

146 972 218 990 εισιν
247 963 327 990 αὐτά·
348 964 412 990 εἰδὲ
426 964 518 990 ἀλλοῖα
531 964 664 998 φαίνεται,
689 965 739 990 οὐκ
765 965 805 990 ἔτι
831 965 937 1000 ἔμεινεν

146 1008 194 1034 ἐπὶ
208 1009 257 1044 τῆς
270 1008 441 1044 προλήψεως,
456 1008 613 1042 ἐλέγξαντος
629 1009 697 1035 αὐτὰ
718 1009 765 1035 τοῦ
783 1009 872 1043 λόγου,
894 1009 938 1036 διὰ

146 1057 178 1083 τὺ
195 1056 447 1092 συμϐουλεύσασθαι
464 1057 527 1092 περὶ
549 1056 647 1083 αὐτῶν.
672 1057 858 1092 Βουλευόμεθα
873 1057 937 1091 γοῦν

147 1101 212 1137 περὶ
229 1101 328 1136 μόνων,
341 1098 377 1128 ὧν
391 1101 527 1136 δυνάμεθα
555 1102 694 1137 πράττειν’
719 1104 742 1128 εἰ
772 1102 800 1128 δέ
817 1111 880 1128 ποτε
899 1104 936 1139 μὴ

147 1146 359 1182 βουλευσάμενοι
388 1148 564 1183 πράττοιμεν,
589 1148 718 1179 πολλάκις
743 1148 934 1183 μετανοοῦμεν,

148 1193 196 1225 καὶ
206 1192 371 1228 μεμφόμεθα
386 1194 490 1224 ἑαυτοῖς
501 1194 550 1228 τῆς
569 1194 707 1224 ἀϐουλίας.
730 1194 807 1221 Ἀλλὰ
824 1194 876 1221 κᾶν
891 1194 936 1220 ἆλ-

146 1239 210 1271 λθυς
239 1240 339 1275 ἴδωμεν
363 1239 483 1271 ἀϐούλως
512 1241 688 1275 πράττοντας,
711 1240 879 1276 ἐγκαλοῦμεν
898 1241 936 1272 ὠς

146 1284 370 1320 ἁμαρτήσαντας,
382 1285 508 1319 ἀξιοῦμέν
522 1293 551 1311 τε
580 1285 739 1320 συμϐούλοις
763 1285 849 1312 τοῖσδε
868 1285 935 1320 χρῆ-

147 1330 220 1362 σθαι,
235 1330 273 1362 ὡς
288 1330 330 1364 ἐφ’
341 1331 406 1365 ἡμῖν
421 1330 503 1357 ὄντων
519 1331 571 1357 τῶν
589 1331 726 1358 τοιούτοιν.
749 1332 808 1357 ’Ὁτι
824 1330 852 1356 δὲ
874 1330 936 1364 ψευ-

145 1375 196 1411 δὴς
212 1373 246 1411 ἦν
257 1375 346 1402 αὐτῶν
361 1377 374 1402 ὁ
389 1376 452 1411 περὶ
466 1376 635 1412 εἱμαρμένης
659 1376 747 1410 λόγος,
763 1376 854 1403 ἱκανὸν
865 1384 935 1411 μαρ-

145 1421 241 1456 τύριον
255 1421 288 1448 τὺ
301 1421 362 1456 μηδ’
377 1422 476 1453 αὐτοὺς
501 1423 564 1453 τοὺς
593 1422 749 1458 προστάτας
763 1422 843 1448 αὑτοῦ
859 1422 937 1448 δύνα-

147 1466 211 1493 σθαι
223 1467 363 1494 πείθεσθαι
375 1469 432 1499 τοῖς
455 1468 499 1494 ὑπ’
515 1468 602 1495 αὐτῶν
624 1468 790 1503 λεγομένοις.
813 1469 867 1494 Καὶ
882 1467 936 1504 γὰρ

145 1514 195 1539 καὶ
202 1513 367 1549 προτρέπειν
382 1514 428 1540 καὶ
442 1514 574 1540 διδάσκειν
588 1514 809 1548 ἐπαγγέλλονται,
819 1513 866 1540 καὶ
875 1521 937 1548 μαν-

147 1558 251 1591 θάνειν,
259 1560 307 1586 καὶ
318 1559 491 1586 παιδεύεσθαι
506 1559 743 1595 συμϐουλεύουσιν,
753 1559 936 1595 ἐπιτιμῶσίτε

146 1605 195 1631 καὶ
208 1605 404 1640 ἐπιπλήττουσι
421 1608 477 1638 τοῖς
489 1606 517 1633 οὑ
529 1606 563 1632 τὰ
585 1607 756 1642 προσήκοντα
765 1606 875 1641 δρῶσιν,
898 1605 936 1636 ὡς

147 1651 220 1678 κατὰ
233 1653 396 1688 προαίρεσιν
407 1653 475 1679 ἰδίαν
487 1654 698 1689 ἁμαρτάνουσιν.
714 1652 794 1679 Ἀ).λᾶ
808 1653 854 1679 καὶ
870 1660 936 1686 συγ-

146 1697 301 1732 γράμματα
314 1697 426 1725 πλεῖστα
442 1699 642 1730 καταλείπουσι,
661 1699 694 1724 δι’
708 1697 745 1724 ὢν
759 1697 861 1731 ἀξιοῦσι
875 1706 937 1725 παι-

145 1742 274 1770 δεύεσθαι
288 1743 351 1775 τοὺς
364 1743 450 1776 νέους.
469 1744 637 1771 Ἐπαύσαντο
659 1744 724 1771 δἐιν
747 1744 797 1778 τῆς
827 1745 855 1770 ἐν
881 1745 936 1775 τοῖς

146 1787 237 1823 λόγοις
261 1789 415 1825 φιλοτιμίας
436 1792 460 1816 εἰ
486 1790 644 1826 προσέσχον,
659 1791 699 1816 ὅτι
713 1791 759 1816 καὶ
774 1789 936 1825 συγγνώμης

145 1834 253 1867 ἀξιοῦσι
261 1836 323 1867 τοὺς
332 1835 465 1867 ἀκουσίως
473 1836 690 1871 ἁμαρτάνοντας,
701 1836 763 1867 τοὺς
772 1836 799 1862 δὲ
808 1836 934 1867 ἑκουσίως

147 1880 375 1916 πλημμελοῦντας
383 1882 517 1914 κολάσεως
527 1883 618 1915 ἀξίους
626 1880 693 1908 εἶναί
703 1882 831 1916 canui);
841 1882 881 1908 ἐπ’
892 1882 937 1908 αὺ-

145 1929 204 1958 τοῖς
214 1927 389 1963 δηλονότιτοῦ
402 1937 432 1954 τε
445 1929 612 1964 ἁμαρτάνειν
625 1929 670 1955 καὶ
685 1928 730 1955 τοῦ
749 1929 785 1964 μὴ
800 1929 934 1963 κειμένου.

147 1974 230 2002 ὀπε
238 1975 286 2001 καὶ
298 1974 358 2001 κατ’
373 1975 470 2006 αὐτοὺς
482 1976 651 2010 ἀναιρεῖσθαι
661 1976 709 2009 τὴν
723 1975 752 2007 ἐξ
766 1975 936 2010 εἱμαρμένης

146 2021 282 2057 ἀνάγκην,
293 2021 466 2048 συνίστασθαι
481 2022 509 2048 δὲ
517 2022 587 2048 κατὰ
598 2022 676 2056 φύσιν
689 2023 754 2056 ἡμῖν
770 2022 899 2056 ὑπάρχειν
906 2020 936 2046 τὸ

146 2069 333 2104 αὐτεξούσιον·
359 2069 427 2105 μετὰ
441 2069 488 2096 τοῦ
505 2070 618 2095 πλεῖστα
634 2067 702 2095 εἶναι
728 2070 774 2095 καὶ
787 2069 820 2095 τὰ
840 2069 876 2104 μὴ
892 2069 934 2103 ἐφ’

147 2116 223 2151 ἡμῖν,
232 2115 328 2150 ὥσπερ
335 2115 369 2142 τὰ
376 2115 445 2141 κατὰ
454 2115 542 2149 φύσιν,
550 2115 596 2141 καὶ
604 2115 637 2141 τὰ
644 2116 675 2141 ὲκ
682 2114 775 2149 τύχης,
783 2114 863 2148 ἕτερα
872 2113 935 2140 ὄντα

146 2163 195 2190 καί
206 2163 277 2190 αὐτὰ
295 2162 370 2198 παρὰ
396 2162 441 2188 τὸν
457 2163 505 2198 τῆς
534 2162 704 2198 εἱμαρμένης
733 2162 821 2195 λόγον,
845 2160 935 2192 καθὼς

146 2207 346 2243 προδέδεικται.
359 2207 467 2233 Τούτων
489 2208 554 2242 ἡμῖν
570 2207 622 2233 ἀπὸ
639 2206 771 2232 πλείστων
790 2206 935 2240 ἐπιτετμη-

989 285 1076 313 suque
1090 277 1268 312 contingeret,
1295 282 1323 304 ut
1340 277 1367 304 in
1386 284 1451 304 suos
1463 277 1520 312 ipse
1533 276 1661 304 dominos
1674 277 1777 304 incide-

989 328 1039 350 ret.
1066 322 1157 355 Quare
1182 329 1262 349 nemo
1285 323 1337 349 ista
1364 321 1420 349 fato
1441 322 1502 357 jure
1530 321 1666 349 tribuerit.
1690 320 1776 349 Porro

988 372 1062 395 certa
1076 374 1166 394 rerum
1180 367 1359 401 quarumdam
1374 366 1504 401 principia
1514 371 1578 394 sunt
1591 367 1717 394 humanae
1732 374 1776 393 ra-

989 414 1054 440 tioni
1071 420 1182 447 prorsus
1194 412 1320 443 obscura,
1337 420 1396 447 quae
1409 412 1481 447 quod
1496 420 1589 439 earum
1603 420 1686 439 causa
1698 412 1774 446 igno-

989 464 1071 491 retur,
1089 459 1237 493 antipathia
1250 458 1364 492 quadam
1381 458 1489 486 evenire
1503 458 1660 485 creduntur.
1679 458 1775 492 Cujus-

988 505 1060 531 modi
1077 513 1108 531 ea
1121 510 1183 531 sunt
1198 512 1259 539 qua:
1276 504 1402 531 amulctis
1416 504 1579 538 quibusdam
1598 503 1655 530 fieri
1673 503 1775 530 invete-

988 556 1045 577 rata
1059 551 1150 585 opinio
1167 554 1218 582 est,
1243 558 1305 577 cum
1329 550 1425 577 idonea
1449 550 1600 584 similisque
1615 557 1679 576 vero
1691 556 1774 576 causa

988 597 1028 623 vis
1044 596 1150 622 illorum
1167 596 1312 623 el‘fcctricis
1327 595 1460 630 assignari
1479 596 1551 622 nulla
1566 595 1661 629 possit.
1696 594 1774 622 Tales

987 649 1095 676 quoque
1109 646 1172 667 sunt
1188 641 1338 672 cantiones,
1357 645 1513 675 exter-teque
1529 640 1554 666 id
1568 647 1653 674 genus
1667 640 1773 674 praesti-

988 689 1046 724 gim.
1079 688 1146 715 Nam
1177 689 1292 715 istorum
1319 688 1441 715 omnium
1467 689 1573 723 ignotas
1595 696 1654 716 esse
1677 696 1773 716 causas

987 741 1066 759 nemo
1089 741 1142 760 non
1163 733 1279 765 fatetur,
1308 733 1457 768 eademque
1472 738 1611 768 propterea
1629 734 1775 760 ἁναιτιολό-

987 778 1141 812 7312,1100
1157 783 1214 810 est,
1240 778 1375 813 ejusmodi
1399 786 1515 813 quorum
1540 779 1668 812 explicari
1692 787 1773 806 causa

989 831 1041 850 non
1066 825 1168 857 possit,
1188 825 1266 858 vulgo
1284 824 1421 851 dicuntur.
1443 824 1482 851 Ad
1505 824 1561 851 ilIl'C
1578 825 1705 859 pleraque
1720 829 1775 851 sta-

989 869 1040 896 tuit
1059 874 1201 905 utramque
1229 870 1255 897 in
1278 874 1381 904 partem
1410 870 1564 904 promiscue
1580 871 1773 904 contingentiu,

954 909 973 935 Β
988 923 1065 950 quae,
1083 921 1160 949 prout
1183 923 1226 942 res
1241 916 1348 947 tulerit,
1365 915 1490 943 eveniant
1502 936 1509 946 .
1528 923 1588 949 qua:
1603 915 1649 942 fati
1666 923 1774 950 quoque

949 1580 970 1608 (Ξ

987 960 1142 987 necessitati
1166 960 1339 987 subducenda
1364 964 1440 994 putat
1465 961 1568 986 omnia.
1595 960 1633 987 Ea
1651 967 1732 995 porro
1747 960 1773 986 in

987 1011 1132 1041 utramque
1153 1011 1256 1041 partem
1273 1006 1456 1041 coutingentia
1479 1011 1629 1039 vocantur,
1644 1014 1705 1041 qua:
1718 1010 1774 1033 tam

987 1060 1040 1078 non
1053 1052 1109 1079 fieri
1128 1057 1249 1087 possunt,
1263 1060 1343 1087 quam
1356 1052 1425 1085 fieri,
1435 1051 1665 1086 quemadmodum
1681 1059 1714 1078 ex
1728 1059 1772 1083 eo,

986 1099 1058 1132 quod
1072 1099 1188 1131 additur,
1207 1104 1287 1133 prout
1302 1106 1343 1126 res
1358 1098 1460 1129 tulerit,
1479 1097 1647 1132 intelligitur.
1677 1097 1775 1124 Exem-

987 1145 1021 1179 pli
1040 1153 1122 1172 causa
1146 1149 1248 1180 partem
1273 1144 1397 1179 corporis
1412 1143 1531 1178 aliquam
1548 1150 1672 1175 movere,
1688 1143 1775 1170 cervi—

985 1196 1031 1215 ces
1047 1192 1145 1215 temere
1166 1189 1218 1215 huc
1241 1188 1338 1215 illucve
1360 1192 1529 1220 convertere,
1553 1188 1666 1222 digitum
1681 1192 1774 1214 exten—

985 1235 1058 1266 dere,
1074 1235 1165 1261 tollere
1181 1235 1336 1269 supercilia,
1347 1236 1425 1261 'stare
1436 1241 1498 1260 cum
1514 1238 1575 1260 ante
1588 1234 1695 1260 sederes
1707 1254 1713 1264 ,
1728 1238 1774 1260 aut

985 1289 1046 1309 cum
1069 1282 1142 1316 prius
1164 1282 1309 1308 movereris
1322 1302 1328 1313 ,
1347 1275 1497 1315 quiescere,
1514 1285 1561 1307 aut
1586 1285 1691 1311 tacere,
1710 1288 1771 1306 cum

985 1333 1047 1354 ante
1065 1328 1231 1362 loquereris:
1250 1328 1356 1361 aliaque
1372 1331 1498 1354 sexcenta
1511 1334 1518 1352 :
1529 1326 1629 1360 quibus
1646 1326 1672 1352 in
1685 1317 1779 1353 omni:

987 1375 1036 1401 bus
1053 1381 1114 1401 cum
1131 1374 1183 1400 vim
1206 1374 1350 1408 quamdam
1370 1380 1502 1407 agnoscas
1521 1372 1664 1399 contrariis
1686 1372 1774 1399 susci-

986 1419 1090 1454 piendis
1107 1420 1248 1450 idoneam,
1273 1423 1328 1445 tum
1353 1426 1416 1444 vero
1439 1417 1485 1445 fati
1507 1418 1608 1444 nullam
1630 1418 1773 1451 invenias;

986 1467 1057 1501 quod
1082 1474 1142 1501 quze
1158 1466 1211 1492 fato
1230 1466 1315 1497 iiunt,
1341 1465 1366 1491 id
1391 1465 1528 1499 suscipere
1541 1486 1548 1496 ,
1578 1465 1603 1491 in
1621 1472 1674 1499 quo
1691 1465 1773 1492 simul

986 1513 1065 1540 etiam
1085 1512 1219 1539 contrario
1233 1511 1309 1538 locus
1325 1515 1376 1543 est,
1394 1510 1468 1537 nullo
1482 1509 1561 1536 modo
1578 1510 1692 1544 possint.
1712 1509 1772 1535 Jam

987 1567 1050 1586 vero
1063 1558 1229 1585 deliberandi
1241 1562 1313 1584 certe
1331 1556 1544 1590 consulendique
1563 1555 1690 1582 facultate
1702 1563 1773 1589 prten

987 1606 1059 1632 ditus
1072 1605 1150 1632 homo
1162 1604 1262 1631 frustra
1276 1611 1329 1630 non
1340 1607 1390 1635 est,
1405 1606 1529 1636 essetque
1543 1605 1643 1634 tamen,
1659 1601 1680 1628 si
1694 1601 1773 1635 quid-

986 1652 1050 1686 quid
1072 1651 1141 1686 agit,
1164 1654 1255 1685 ageret
1274 1649 1444 1676 necessitate.
1471 1647 1615 1674 Enimvero
1629 1647 1709 1681 272
1726 1647 1771 1673 ttui

987 1699 1050 1729 hoc,
1065 1697 1137 1732 quod
1155 1697 1241 1724 oculis
1257 1697 1322 1731 ipsis
1337 1699 1454 1726 tenetur,
1483 1694 1584 1721 homini
1599 1701 1653 1728 pra:
1669 1693 1772 1720 caeteris

986 1743 1171 1770 animantibus
1185 1742 1314 1769 eximium
1331 1749 1363 1768 ac
1378 1739 1516 1776 singulare
1537 1743 1634 1766 natura
1651 1738 1771 1771 donavit,

987 1791 1025 1816 uti
1043 1797 1095 1816 non
1109 1789 1246 1824 quomodo
1270 1788 1323 1815 illis
1347 1795 1396 1814 usu
1419 1787 1508 1820 venit,
1528 1786 1633 1813 oblatas
1647 1785 1773 1813 sensibus

987 1836 1163 1870 impulsiones
1186 1839 1382 1869 consequatur,
1404 1833 1451 1860 sed
1475 1833 1501 1860 in
1515 1833 1566 1865 iis,
1582 1839 1643 1867 qua:
1657 1832 1772 1860 subinde

986 1885 1155 1916 contingunt,
1172 1879 1426 1913 rationisjmlicium
1443 1878 1570 1905 adhibere
1585 1878 1681 1912 possit.
1711 1876 1770 1910 Quo

986 1928 1050 1954 dum
1066 1927 1122 1961 ipse
1134 1926 1229 1958 utitur,
1245 1925 1267 1952 si
1285 1932 1344 1959 qua:
1359 1931 1440 1951 sensu
1456 1928 1482 1950 et
1496 1923 1661 1958 cogitatione
1675 1930 1754 1957 perce
1764 1937 1770 1942 -

986 1973 1044 2007 pit,
1072 1972 1166 1999 eadem
1191 1978 1307 1998 excussa
1328 1970 1502 2004 diligentius,
1533 1969 1686 2003 cujusmodi
1713 1970 1769 1996 visa

985 2024 1072 2050 erant,
1092 2017 1225 2053 ejusmodi
1245 2025 1272 2044 re
1285 2016 1343 2051 ipsa
1358 2023 1419 2042 esse
1438 2014 1596 2049 comperial,
1612 2015 1640 2041 in
1654 2014 1769 2049 phanta-

986 2065 1032 2091 siae
1043 2063 1146 2099 judicio
1159 2062 1318 2097 acquiescit,
1346 2068 1431 2094 caque
1449 2059 1631 2094 persequitur.
1659 2058 1708 2086 Sin
1722 2067 1770 2086 ea-

985 2111 1045 2137 dem
1062 2110 1140 2136 aliter
1160 2116 1189 2135 se
1213 2108 1311 2134 habere
1324 2106 1471 2141 intelligat,
1491 2112 1544 2135 non
1561 2105 1644 2132 haeret
1659 2105 1685 2131 in
1701 2110 1770 2138 prac-

985 2160 1062 2191 cepta
1082 2154 1244 2190 cogitatione
1266 2153 1385 2184 diutius,
1411 2152 1483 2187 quod
1506 2159 1599 2178 eorum
1625 2150 1768 2177 falsitatem

985 2201 1053 2229 ratio
1078 2200 1196 2227 adhibita
1219 2198 1418 2226 consultatione
1439 2196 1655 2231 deprehenderit.
1688 2195 1769 2230 Atqui

148 2252 249 2288 μένων,
265 2251 305 2287 τῷ
315 2251 397 2278 πολὺν
410 2250 479 2278 εἶναι
492 2252 537 2278 τὸν
552 2252 615 2287 περὶ
638 2251 686 2277 τοῦ
708 2250 878 2283 αὐτεξουσίου
892 2250 931 2276 λό-

985 2247 1018 2273 de
1032 2246 1110 2273 rebus
1124 2249 1227 2272 tantum
1244 2245 1288 2276 iis,
1306 2252 1365 2278 quae
1378 2243 1434 2270 fieri
1446 2250 1460 2269 a
1477 2242 1555 2269 nobis
1572 2246 1696 2277 possunt,
1708 2250 1770 2268 con-

146 2306 196 2332 γον
207 2298 236 2324 ὲν
248 2298 306 2329 τοῖς
324 2297 384 2324 καθ’
398 2298 471 2332 ἡμᾶς
493 2297 634 2332 δόγμασιν·
699 2296 812 2322 καὶτῶν
829 2295 935 2329 φιλοσό-

146 2352 207 2378 φων
228 2343 397 2379 συνέδραμον
424 2343 452 2369 αἱ
477 2343 671 2378 παρατεθεῖσαι
695 2343 790 2377 φωναὶ,
814 2343 869 2372 τοῖς
887 2341 935 2376 μὲν

146 2389 208 2416 καθ’
309 2389 390 2420 θείοις
407 2388 566 2424 γράμμασιν
585 2388 828 2424 ἐπιμαρτυροῦσαι,
845 2388 894 2419 τὰς
907 2387 935 2413 δὲ

147 2435 214 2471 περὶ
228 2434 409 2470 εἱμαρμένης,
429 2434 459 2460 οὐ
476 2434 554 2469 μόνον
577 2434 630 2460 τῶν
651 2434 754 2460 πολλῶν
775 2433 933 2469 ἀνθρώπων,

146 2481 216 2508 ἀλλὰ
224 2481 274 2508 καὶ
288 2481 344 2507 τῶν
353 2480 520 2516 χρησμῳδῶν
547 2480 600 2506 τῶν
615 2479 778 2515 θαυμαστῶν
802 2479 869 2505 θεῶν
886 2478 934 2510 τὰς

145 2526 227 2560 δόξας
237 2526 344 2562 ψευδεῖς
351 2526 435 2558 οὔσας
449 2526 657 2560 ἅπελέγχουσαι’
678 2526 725 2552 καὶ
743 2525 796 2551 τῶν
812 2526 858 2561 μὲν
869 2524 934 2559 πρὸς

145 2573 210 2605 τοὺς
221 2573 362 2606 γενναίους
387 2574 527 2608 χρησμοὺς
542 2571 721 2606 κυνικώτερον
737 2571 932 2602 ἀποτεθέντων,

145 2616 202 2643 τῶν
214 2617 244 2644 δὲ
261 2617 329 2653 πρὸς
344 2618 409 2648 τοὺς
424 2616 596 2651 θαυμαστοὺς
617 2616 777 2650 φιλοσόφους
793 2616 868 2651 παρά
881 2616 934 2642 τῶν

145 2663 237 2695 αὐτοῖς
263 2662 410 2699 γνωρίμων
435 2661 645 2697 ἁντειρημένωψ
677 2661 735 2696 ὥρα
764 2661 811 2687 καὶ
836 2661 888 2687 τῶν
905 2661 933 2694 ἐξ

143 2710 323 2746 ἀστρολογίας
352 2709 421 2745 πρὸς
446 2709 509 2740 τοὺς
530 2706 728 2738 Χαλδαΐζοντας
754 2707 808 2733 τῶν
823 2707 871 2742 τὴν
887 2716 935 2733 κα-

143 2757 271 2793 κάτεχνον
286 2755 389 2791 ταύτην
417 2754 542 2789 γοητείαν
562 2754 599 2784 ὡς
626 2754 654 2779 ὲν
683 2753 758 2787 μέρει
776 2753 933 2787 μαθήματος

143 2801 389 2839 ἰπαγγιλλομένων
399 2801 462 2832 τοὺς
472 2800 566 2834 λόγους
582 2798 792 2832 ἐπισκέιξιοισθειι⁸
810 2798 934 2834 παραθή-

143 2859 224 2887 σομαι
236 2850 267 2877 δέ
286 2857 328 2876 σοι
345 2848 394 2875 καὶ
404 2847 487 2874 τῶνδε
501 2846 550 2878 τὰς
565 2844 716 2877 ἀποδείξεις
731 2844 760 2876 ἐξ
779 2844 872 2880 ἀνδρὸς
884 2844 934 2870 Σύ-

140 2905 188 2931 ρου
202 2897 253 2932 μὶν
268 2895 300 2922 τὸ
312 2894 403 2928 γένος,
431 2892 474 2918 ἐπ’
486 2892 569 2926 ἄκρον
585 2891 612 2917 δὲ
641 2890 690 2924 τῆς
706 2888 859 2923 Χαλδαῖκῆς
874 2889 932 2914 ἐπι-

987 2290 1158 2317 sultationcm
1182 2289 1367 2321 instituimus;
1392 2295 1461 2322 quas
1481 2286 1504 2314 si
1521 2288 1630 2321 quando
1650 2287 1769 2321 neglecta

986 2336 1178 2363 deliberatione
1194 2335 1349 2365 fecerimus,
1369 2334 1525 2368 pmnitentia
1548 2341 1617 2368 smpe
1636 2333 1710 2360 ducti
1732 2338 1770 2359 te-

986 2382 1118 2410 merilatis
1141 2381 1193 2416 ipsi
1206 2389 1255 2407 nos
1271 2388 1302 2407 ac
1319 2380 1439 2407 stultitizc
1456 2387 1626 2406 accusamus.
1659 2379 1730 2411 Itno,
1747 2379 1769 2405 si

985 2429 1054 2455 alios
1069 2435 1177 2462 quoque
1190 2426 1262 2452 nullo
1275 2426 1306 2453 ad
1322 2433 1365 2452 res
1382 2425 1500 2460 agendas
1515 2424 1629 2451 consilio
1642 2425 1769 2451 accedere

986 2475 1136 2504 videamus,
1153 2481 1210 2504 eos,
1226 2471 1306 2506 quasi
1323 2471 1468 2505 peccarim,
1489 2469 1684 2504 reprehendere
1700 2469 1770 2496 sole-

986 2529 1063 2551 mus.
1088 2520 1191 2553 hosque
1212 2522 1259 2545 aut
1281 2518 1341 2544 illos
1356 2517 1497 2543 consulere
1514 2516 1638 2542 volumus
1649 2535 1656 2547 ,
1670 2516 1769 2550 quippe

984 2567 1030 2601 qui
1057 2573 1100 2592 res
1125 2565 1184 2591 illas
1205 2568 1295 2590 nostra
1313 2563 1339 2589 in
1356 2566 1487 2596 potestate
1509 2561 1574 2588 sitas
1590 2568 1648 2587 esse
1667 2561 1770 2588 sentia-

985 2621 1055 2639 mus.
1085 2612 1218 2638 leerum
1243 2617 1323 2644 quam
1351 2616 1417 2634 vana
1434 2607 1468 2634 sit
1482 2615 1574 2634 eorum
1589 2607 1621 2633 de
1638 2606 1691 2634 fato
1707 2614 1769 2634 sen-

985 2661 1077 2691 tentia,
1094 2659 1135 2686 vel
1149 2667 1181 2685 ex
1197 2666 1228 2685 eo
1239 2656 1382 2684 manifeste
1394 2656 1483 2691 quivis
1498 2655 1719 2691 intelligat,quod
1735 2663 1768 2681 ne

984 2706 1034 2739 ipsi
1047 2705 1154 2740 quidem
1167 2704 1226 2737 ejus
1242 2707 1389 2729 assertores
1408 2702 1521 2728 decretis
1535 2701 1695 2736 placitisque
1711 2701 1768 2727 suis

984 2753 1169 2785 ohternrerare
1193 2750 1307 2784 possint.
1337 2747 1403 2774 Nam
1426 2752 1452 2774 et
1467 2748 1620 2775 hortatores
1636 2756 1665 2775 se
1678 2748 1768 2775 docto-

984 2803 1080 2830 resque
1093 2795 1268 2829 profitentur,
1285 2793 1399 2827 aliisque
1414 2797 1539 2820 auctores
1551 2797 1615 2820 sunt
1626 2814 1632 2826 ,
1646 2799 1674 2820 ut
1687 2793 1768 2820 ὤθει-

984 2843 1054 2878 plina
1067 2841 1166 2868 erudiri
1184 2849 1244 2868 sese
1258 2840 1454 2875 informariquc
1469 2841 1622 2875 patiantur,
1646 2840 1768 2874 adeoque

983 2889 1099 2925 graviter
1124 2895 1171 2915 eos
1188 2895 1219 2915 ac
1235 2887 1408 2914 vehementer
1429 2887 1569 2915 increpant
1582 2909 1588 2918 ,
1614 2887 1659 2919 qui
1681 2886 1768 2913 oflicio
