2063 3211
628 161 761 190 EUSEBII
781 162 1020 192 C/ESARIENSIS
1044 164 1119 193 ore,
1141 166 1232 194 PARS
1251 166 1282 194 u.
1304 181 1337 188 -
1358 166 1608 197 APOLOGETICA.
1890 162 1942 189 46⁵

312 222 397 249 I'uncti
410 230 461 250 sun
478 231 530 250 non
546 224 656 257 fuerint,
675 228 768 259 utith
780 229 851 260 quod
867 233 915 252 sua
930 226 978 260 ipsi
1002 232 1086 260 sl'tml;

1139 231 1263 266 .crﬁpnr‘;
1273 231 1445 266 ἐληλακότας.
1463 232 1629 267 Ιιαρδισανης
1645 232 1731 268 ὄνομα
1748 231 1787 267 τῷ
1809 233 1898 268 ἀνδρὶ,
1914 233 1942 266 ὃς

311 273 343 316 ac
360 268 497 295 voluntate
513 272 690 304 peccaverint.
721 259 793 304 Quid
811 272 884 306 quod
903 259 1039 299 volumina
1055 280 1083 298 re

1153 276 1182 303 ὲν
1199 259 1335 313 τάξ-προς
1350 278 1413 309 τοὺς
1427 259 1552 313 εταίρους
1566 259 1718 312 And-1671);;
1737 259 1799 304 τάὲε
1816 259 1941 314 πηιμ.νηὶ

312 311 438 346 linquunt
458 315 507 349 ipsi
529 317 654 350 plurima,
680 317 780 352 quibus
791 318 915 350 juniores
930 319 1034 346 institui
1051 326 1086 346 ve-

1154 321 1293 357 μονεύεται
1310 322 1398 356 φάναι.

316 366 383 392 lint?
396 373 478 400 quam
502 365 538 391 illi
563 365 684 398 profecto
713 365 826 391 doaendi
843 365 1019 392 ambitionem
1036 365 1201 398 omitterent,
1227 368 1248 394 si
1274 373 1300 395 et
1331 369 1435 396 veniam
1452 369 1504 402 iis,
1535 369 1580 403 qui
1597 369 1671 396 inviti
1689 375 1770 403 atque
1785 369 1943 404 impruden-

316 416 356 438 tes
369 412 527 441 oﬂ'endunt.
547 414 596 439 abs
617 419 676 439 sese
700 412 775 444 dari,
793 416 819 439 et
852 412 898 446 qui
916 412 1040 439 consulto
1072 419 1194 446 peccant,
1213 421 1261 441 eos
1290 422 1369 449 poma
1382 415 1478 450 dignos
1511 416 1679 450 pronuntiari
1695 416 1853 450 cogitarent,
1868 414 1942 450 quod

316 460 349 487 iis
360 467 470 494 peccare
484 459 524 485 vel
541 466 594 485 non
610 466 722 493 peccare
737 458 871 493 integrum
886 457 993 485 fuisset.
1010 457 1100 491 Quare
1129 463 1155 485 et
1187 459 1234 486 fati
1247 460 1435 487 necessitatem
1452 465 1576 488 evertunt
1589 461 1640 496 ipsi
1655 469 1774 496 quoque,
1788 466 1815 488 et
1828 461 1941 488 liberam

314 506 419 534 arbitrii
449 509 610 541 potestatem
655 505 732 532 nobis
757 513 770 531 a
797 510 893 531 natura
920 504 1009 531 inesse
1032 504 1192 532 conﬁrmant
1227 514 1234 532 :
1268 505 1495 540 quemadmodum
1518 514 1584 533 sane
1605 506 1734 541 pleraque
1755 506 1826 541 juris
1856 507 1940 534 nostri

312 562 365 582 non
380 558 454 583 sunt.
470 558 498 580 ut
512 561 572 588 qua:
585 553 626 580 vel
641 558 736 580 natura
749 555 789 580 vel
805 560 868 580 casu
883 552 960 583 liunt.
975 552 1021 579 sed
1037 561 1097 587 qua:
1117 553 1202 579 nihilo
1234 554 1325 581 verius
1358 554 1491 588 assignari
1509 553 1563 581 fato
1578 555 1692 590 possint,
1709 559 1737 581 ut
1753 555 1940 589 superioribus

312 600 480 635 argumentis
501 600 714 626 demonstratum
735 603 787 626 est.
820 598 907 633 Atque
929 597 971 624 his
987 605 1001 624 a
1021 598 1099 625 nobis
1117 606 1213 632 magna
1229 606 1263 626 ex
1293 599 1465 626 multitudine
1497 599 1524 626 in
1545 600 1681 634 epitomen
1698 599 1758 627 ideo
1780 600 1940 630 contractis,

311 646 382 681 quod
402 646 518 682 plurima
544 646 644 673 nostris
669 646 694 672 in
716 645 812 672 litteris
837 645 870 672 de
891 645 997 672 arbitrii
1032 645 1118 671 nostri
1139 645 1265 673 facultate
1289 645 1439 674 habeantur
1462 647 1582 682 (quibus
1602 647 1730 681 producta
1764 648 1941 682 philosopho-

312 704 371 723 rum
393 695 548 723 testimonia
575 695 761 726 consentiunt,
787 695 850 720 dum
882 699 908 720 et
924 701 1063 720 sacrarum
1080 693 1113 720 ad
1133 694 1309 728 paginarum,
1327 695 1426 729 quibus
1457 695 1574 727 utimur,
1592 695 1778 722 auctoritatem
1795 695 1940 726 accedunt,

309 749 336 771 et
352 744 418 771 istas
439 744 472 771 de
497 743 552 770 fato
575 750 628 770 non
649 743 792 770 tralatitias
815 742 887 776 vulgi
903 745 1008 767 tantum
1024 760 1031 772 ,
1053 741 1099 768 sed
1118 742 1289 776 egregiorum
1319 743 1400 769 etiam
1433 742 1660 777 fatidicorumque
1676 743 1817 769 numinum
1833 743 1940 778 opinio-

267 815 270 817 .
311 798 358 818 nes
371 790 432 818 falsi
447 791 630 826 coarguunt).
662 789 742 825 273
761 794 871 823 totaqtte
884 790 908 815 vi
924 784 1229 824 disputationis'partim
1260 790 1287 816 in
1313 790 1441 824 [)l'iEt'llll‘il
1466 791 1576 817 oracula
1591 790 1778 818 vehementius
1802 790 1941 825 asperius-

309 846 362 873 que
382 837 490 870 collata,
507 837 604 872 partim
628 836 759 863 adversus
791 835 906 863 eximios
925 834 1111 869 philosophos.
1130 843 1182 862 non
1207 835 1277 869 aliis,
1305 844 1386 870 quam
1410 843 1506 863 eorum
1526 837 1657 871 ipsorum,
1673 843 1742 870 quos
1756 844 1842 871 usque
1872 837 1941 862 adeo

309 888 421 917 norunt,
434 883 577 911 sententiis
591 882 735 917 verbisque
744 886 880 910 contexta.
907 881 988 908 Juvat
1011 889 1105 908 eorum
1125 881 1263 916 deinceps,
1286 890 1354 917 quos
1369 883 1519 917 astrologos
1540 882 1692 916 nominant,
1724 883 1854 910 adversus
1872 883 1941 910 istos

308 930 496 958 Chaldzeorum
519 935 675 962 sectatores,
698 930 744 964 qui
765 929 803 957 sic
827 930 893 957 artis
924 929 1031 956 nefaria:
1056 930 1225 965 prmstigias,
1259 934 1388 965 tanquam
1424 930 1554 958 doctrinm
1589 931 1691 966 partem
1716 931 1834 966 aliquam
1860 934 1942 966 proli-

308 983 409 1013 tentur,
435 979 554 1006 rationes
576 978 737 1013 expendere.
767 977 842 1011 Quas
878 978 985 1012 quidem
1007 986 1039 1004 ex
1064 978 1172 1005 homine
1186 978 1273 1014 Syro,
1304 979 1350 1014 qui
1374 987 1508 1006 summam
1535 979 1686 1007 Chaldaicaz
1720 980 1851 1008 doctrinae-
1877 988 1940 1015 per-

309 1028 455 1055 fectionem
471 1032 498 1054 et
514 1027 713 1055 absolutionem
733 1027 846 1061 adeptus
865 1031 941 1058 erat,
967 1030 1018 1053 hoc
1042 1026 1101 1053 loco
1120 1026 1298 1061 proferemus.
1327 1029 1493 1055 ltaroesanes
1524 1035 1547 1055 ts
1568 1027 1628 1060 fuit,
1645 1035 1726 1063 quem
1742 1028 1769 1055 in
1783 1029 1852 1062 suis,
1868 1037 1938 1064 quos

316 156 367 183 46':

307 1076 340 1103 ad
353 1075 501 1110 disciplinae
513 1075 602 1102 socios
617 1074 736 1109 scripsit,
752 1074 886 1109 Dialagis,
910 1074 980 1102 hunc
993 1075 1019 1101 in
1033 1074 1141 1102 modum
1157 1075 1343 1110 philosophari
1360 1080 1523 1102 memorant.

621 1120 735 1148 CAPUT
754 1121 788 1148 Χ.

308 1169 350 1196 Ex
373 1169 565 1197 mathematicis
591 1168 672 1194 etiam
698 1167 864 1201 disciplinis,
886 1167 936 1202 fati
955 1167 1096 1194 vanitatem

414 1205 522 1239 caaryui
536 1211 620 1237 posse.
639 1203 681 1229 Ea:
695 1202 855 1234 Bardcsanis
872 1203 987 1236 scriptis.

344 1291 354 1308 ι
372 1281 480 1308 Naturae
492 1281 607 1316 legibus.
627 1281 724 1315 inquit.
740 1285 884 1316 generatur
900 1280 992 1313 homo,
1004 1280 1095 1314 alitur,

306 1328 420 1359 crescit,
436 1332 563 1362 generat,
579 1327 713 1359 comedit,
729 1327 814 1360 bibit,
834 1327 954 1358 dormit,
968 1327 1096 1360 senescit,

306 1375 437 1402 moritur:
447 1378 526 1408 atque
535 1373 560 1400 id
573 1373 646 1400 omni
655 1380 707 1399 non
718 1372 820 1399 homini
831 1377 945 1403 tantum,
959 1371 1005 1399 sed
1014 1371 1095 1398 etiam

304 1420 409 1455 experti
422 1420 534 1447 rationis
548 1419 678 1446 animanti
695 1426 840 1446 commune
851 1422 902 1445 est.
920 1417 1019 1444 Verum
1037 1417 1096 1444 aui-

305 1469 410 1493 tnantes
424 1469 538 1496 cauerat,
554 1464 625 1499 quod
643 1468 739 1498 pneter
754 1470 864 1490 sensum
880 1462 948 1489 nihil
965 1461 1093 1494 habeant,

304 1512 431 1547 quodque
446 1516 509 1538 tota;
522 1510 606 1538 maris
623 1517 654 1537 ac
668 1509 777 1536 femina:
805 1508 997 1543 congressione
1012 1516 1093 1544 gene-

303 1562 416 1589 rentur,
438 1560 542 1583 natura:
567 1562 676 1589 quoque
700 1554 726 1580 in
745 1553 872 1581 omnibus
899 1553 1092 1588 propemodum

303 1603 404 1637 impetu
422 1602 575 1636 rapiuntur.
592 1600 645 1627 Leo
661 1607 743 1626 carne
761 1599 894 1631 vescitur;
913 1599 995 1632 idem,
1010 1599 1031 1626 si
1046 1599 1093 1626 la:-

303 1648 356 1681 dis,
375 1648 517 1676 ulciscitur
533 1656 538 1673 :
557 1647 650 1681 itaque
674 1646 766 1672 leones
787 1653 883 1673 omnes
906 1650 933 1672 et
955 1653 1036 1672 carne
1051 1653 1094 1672 ve-

304 1700 427 1727 scuntur,
437 1699 463 1721 et
474 1694 654 1723 ulciscuntur,
664 1692 686 1719 si
702 1692 786 1719 laedis.
801 1690 871 1718 Oves
885 1691 966 1718 herba
979 1699 1094 1719 vescun-

303 1746 357 1774 tur,
382 1749 477 1768 carncs
500 1748 534 1766 ne
557 1739 693 1774 attingunt
707 1738 828 1773 quidem,
853 1745 922 1771 nec,
940 1738 962 1765 si
980 1738 1092 1771 laeseris,

303 1788 472 1815 ulciscuntur
496 1797 502 1813 ;
529 1794 560 1813 ac
582 1785 628 1812 toti
654 1786 745 1812 ovium
765 1785 856 1820 generi
879 1785 1024 1812 instinctus
1043 1785 1092 1812 iste

302 1834 458 1861 communis
470 1837 522 1860 est.
550 1832 681 1866 Seovpius
691 1836 718 1858 et
733 1836 832 1858 terram
846 1832 974 1863 comedit,
991 1836 1018 1858 et
1031 1831 1090 1859 illos

302 1881 394 1911 etiam,
421 1887 435 1906 a
458 1879 557 1914 quibus
583 1878 650 1905 nihil
672 1878 728 1913 ipse
747 1877 827 1904 lwsus
841 1877 932 1909 fuerit,
960 1883 1090 1905 venenato

303 1926 413 1953 stimulo
445 1926 584 1957 vulnerat;
612 1932 665 1958 qua
692 1924 865 1958 improbitate
895 1931 980 1958 genus
1011 1931 1090 1950 omne

301 1972 469 2007 seorpiorum
494 1972 608 1998 laborat.
627 1971 751 1998 Formica
767 1970 792 1997 id
807 1978 821 1997 a
838 1975 934 1997 natura
954 1970 1043 2002 habet,
1061 1975 1090 1997 ut

301 2019 417 2046 hiemem
430 2017 572 2045 imminere
588 2017 755 2052 praesentiat,
769 2024 857 2051 eoque
872 2020 955 2042 totam
967 2020 1087 2042 a‘statcm

300 2064 412 2092 assiduo
426 2064 518 2090 labore
532 2067 637 2095 terens,
653 2062 782 2089 alimenta
798 2066 911 2096 reponat
922 2061 972 2088 sibi
991 2070 998 2087 :
1016 2061 1087 2095 quod

299 2111 334 2137 ab
349 2110 477 2137 omnibus
501 2108 622 2136 formicis
648 2109 705 2135 tieri
734 2108 868 2134 videmus.
900 2107 965 2142 Apis
984 2115 1045 2134 cum
1060 2107 1087 2133 in

298 2155 466 2184 claborando
489 2155 566 2182 melle
584 2155 697 2187 versari,
716 2159 770 2181 tum
785 2154 867 2181 etiam
883 2154 976 2180 eodem
990 2153 1023 2179 ali
1043 2161 1088 2179 so-

298 2203 334 2230 let
353 2212 359 2230 :
379 2209 464 2237 quare
480 2201 507 2228 id
521 2200 640 2228 studium
658 2200 784 2226 omnibus
802 2199 828 2226 in
848 2199 943 2233 apibus
956 2198 1085 2225 cernitur.

298 2249 408 2276 Possem
433 2247 558 2282 equidem
574 2246 625 2273 alia
643 2246 769 2281 pleraque
795 2244 974 2271 animantium
989 2251 1085 2278 genera

297 2295 448 2330 producere
460 2315 466 2326 ,
483 2301 543 2328 qua:
559 2293 629 2327 quod
642 2291 787 2326 peculiaris
808 2294 911 2317 natura:
924 2289 978 2316 vim
992 2294 1017 2316 et
1033 2289 1084 2316 im-

297 2346 388 2376 petum
412 2340 537 2367 deserere
559 2342 704 2372 nequeant.
727 2345 758 2364 eo
773 2337 831 2371 ipso
845 2336 923 2363 nobis
938 2335 1083 2370 plurimum

296 2386 514 2414 admirabilitatis
531 2385 631 2412 habere
655 2385 821 2411 viderentur.
851 2382 902 2409 Sed
919 2382 1039 2409 futurum
1058 2381 1083 2408 id

296 2435 363 2461 satis
390 2433 554 2463 existimavi,
587 2431 608 2458 si
633 2430 784 2465 vulgarium
812 2434 838 2457 et
862 2429 1082 2464 quotidianorum

295 2478 418 2512 exemplo
434 2478 569 2507 docerem,
580 2476 736 2502 animantes
749 2475 857 2510 quidem
869 2479 990 2504 caeteras,
1004 2478 1084 2508 prout

331 2533 385 2568 (98)
405 2534 451 2560 Ὲκ
460 2533 518 2560 τῶν
533 2532 732 2566 ιέιιινδισάιόυ.
749 2531 822 2571 _Aller
837 2538 868 2571 ert
883 2536 960 2572 niss.,
979 2529 1082 2572 Βαρδη-

297 2565 388 2604 ςάνου,
414 2577 461 2603 per
479 2578 513 2604 η,
537 2565 597 2602 qua:
617 2566 790 2604 communior
814 2566 1029 2604 scriptnrmest.‘
1052 2565 1080 2592 S.

295 2600 462 2637 Epiphanius
477 2600 741 2636 literesixxxv1,qtt;t:
755 2602 823 2628 alias
834 2609 886 2632 LVI,
898 2600 1082 2637 Βαρῇησιὰνῃν

296 2635 374 2665 vacat
383 2660 390 2669 ,
402 2639 514 2677 ejusque
534 2643 681 2677 sectatores
692 2635 939 2677 Βαρόηςιανιστάς..
951 2635 1043 2677 iVot'ior
1056 2636 1079 2662 is

294 2678 337 2699 est
353 2681 434 2708 quam
451 2671 480 2700 ui.
499 2674 557 2700 luce
574 2674 701 2707 indigeat.
726 2671 915 2705 Fragtmnttutn
930 2671 980 2708 hic
995 2671 1078 2697 habes

294 2706 488 2743 elegantissimi
503 2714 528 2734 et
539 2706 735 2734 arcura'tissinii
750 2708 851 2743 operis,
865 2706 935 2740 quod
949 2706 1078 2743 adversus

295 2740 408 2769 :‘tbi'dam
432 2743 593 2776 astrolognm
606 2764 613 2774 ,
633 2744 673 2769 vir
691 2740 800 2777 Syriaca
816 2741 973 2777 Grawaque»
988 2740 1078 2777 lingua

294 2778 490 2804 disertissimus
515 2779 682 2807 l'i/tl)!)l‘:t\ll,
712 2775 747 2803 λιι
778 2777 871 2802 scribit
899 2775 1075 2809 Epiphanius.

295 2812 405 2838 Librum
433 2813 607 2847 inscripsi-rat
634 2813 789 2843 Antonino,
811 2817 839 2837 ut
862 2811 959 2837 Euseb.
986 2815 1078 2836 noster

296 2847 398 2873 Hister.
414 2848 459 2874 lib.
476 2846 547 2879 tv,'c.
566 2848 614 2879 ult,
628 2853 722 2873 auctor
735 2852 785 2873 cst.
802 2846 967 2872 Antoninum
982 2853 1074 2879 porro,

294 2890 346 2908 non
364 2882 451 2913 Pium.
466 2883 512 2909 sed
533 2882 629 2908 Verum
651 2881 778 2915 intelligo,
801 2887 830 2907 ut
853 2886 944 2907 mouet
957 2879 1075 2915 Epipha-

293 2918 364 2946 nius.
382 2918 510 2945 liumdem
536 2917 716 2951 Hieronymus
732 2914 776 2943 lib.
802 2915 838 2942 De
854 2916 974 2950 scriptor.
994 2914 1075 2942 eccle-

1414 1122 1614 1148 ΚΕΦΑΛΛΙΟΝ
1625 1122 1652 1148 I'.

1154 1167 1202 1200 Ὠς
1217 1167 1265 1193 καὶ
1279 1167 1338 1194 ἀπὸ
1355 1167 1410 1201 τῆς
1422 1167 1627 1201 μαθηματικῆς
1649 1168 1770 1203 θεωρίας
1781 1170 1797 1195 ό
1811 1169 1878 1203 περὶ
1896 1171 1936 1196 el-

1179 1203 1333 1236 μαρμένης
1358 1203 1509 1238 ἐλέγχεται
1535 1203 1636 1238 λόγος,
1662 1203 1696 1228 ἐκ
1716 1202 1775 1230 τῶν
1793 1202 1937 1238 Baptizati-

1183 1246 1238 1264 νου
1252 1238 1317 1271 (98).
1835 1237 1841 1238 ί
1875 1237 1878 1239 ’

1185 1293 1195 1309 ‹
1213 1283 1292 1310 Κατὰ
1309 1283 1388 1318 φύσιν
1414 1284 1428 1310 ὁ
1452 1283 1594 1320 ἄνθρωπος
1619 1284 1762 1319 γεννᾶται,
1792 1285 1933 1321 τρέφεται,

1146 1329 1275 1365 ἀκμάζει,
1289 1331 1379 1365 γεννᾷ,
1399 1329 1492 1361 ἐσθίει,
1506 1330 1588 1363 πίνει,
1601 1332 1739 1366 κοιμᾶται,
1768 1332 1852 1368 γηρᾷ.
1867 1333 1935 1358 ἀπο-

1146 1375 1267 1411 θνήσκει·
1286 1377 1333 1403 κα).
1356 1376 1434 1403 τοῦτο
1451 1376 1550 1408 παντὸς
1576 1376 1729 1412 ἀνθρώπου,
1758 1378 1805 1404 καὶ
1833 1379 1934 1410 παντὸς

1145 1422 1242 1456 ἀλόγου
1256 1422 1335 1454 ζῴου.
1351 1423 1406 1449 Καὶ
1421 1423 1455 1448 τὶ
1473 1422 1521 1457 μὲν
1534 1422 1601 1449 ἄλλα
1616 1423 1671 1455 ζῶα
1684 1423 1787 1458 ψυχικὰ
1802 1424 1877 1455 ὄντα,
1888 1425 1934 1450 καὶ

1145 1468 1232 1495 διόλου
1261 1468 1331 1494 κατὰ
1346 1468 1504 1504 συμπλοκὴν
1526 1469 1705 1504 γεγενημένα,
1731 1468 1816 1496 διόλου
1838 1471 1933 1504 σχεδὸν

1145 1514 1214 1541 κατὰ
1227 1514 1308 1548 φύσιν
1324 1514 1444 1550 φέρεται.
1461 1515 1536 1541 Λέων
1561 1517 1738 1550 σαρκοφαγεῖ,
1764 1516 1810 1542 καὶ
1830 1517 1933 1551 ἀμύνε-

1144 1570 1199 1594 ται,
1212 1561 1273 1587 εἴτι
1287 1561 1413 1596 ἀδικηθῇν
1431 1562 1478 1588 καὶ
1495 1561 1538 1588 διὰ
1561 1561 1639 1588 τοῦτο
1667 1563 1766 1594 πάντες
1779 1564 1803 1589 οἱ
1824 1563 1932 1596 λέοντες

1145 1607 1349 1642 σαρκοφαγοῦσι
1363 1607 1409 1634 καὶ
1421 1607 1577 1642 ἀμύνονται.
1595 1607 1650 1634 Καὶ
1663 1608 1780 1643 ἀμνάδες
1799 1617 1934 1644 Zamam.-

1144 1652 1232 1686 γοῦσι,
1245 1653 1292 1678 καὶ
1302 1652 1390 1687 κρεῶν
1406 1653 1454 1688 οὐχ
1467 1653 1606 1685 ἅπτονται,
1623 1654 1670 1679 καὶ
1691 1653 1866 1689 ἀδικούμεναι
1881 1655 1933 1681 οὐκ

1143 1696 1302 1731 ἀμύνονται·
1315 1697 1362 1723 καὶ
1376 1697 1390 1723 ὁ
1404 1697 1484 1728 αὐτὸς
1499 1697 1598 1733 τρόπος
1611 1698 1700 1733 πάσης
1712 1699 1838 1734 ἀμνάδας.
1851 1700 1933 1735 Σκορ-

1145 1741 1204 1773 πίος
1219 1743 1269 1777 γῆν
1282 1742 1377 1773 ὲσοίει,
1386 1743 1432 1769 καὶ
1446 1744 1508 1774 τοὺς
1520 1744 1557 1779 μὴ
1571 1744 1752 1778 ἀδικήσαντας
1762 1744 1858 1776 ἀδικεῖ,
1868 1745 1932 1772 κέν-

1143 1795 1199 1822 τρῳ
1218 1787 1312 1822 ῑοϐόλῳ
1336 1788 1472 1823 πλήσσων.
1499 1789 1552 1815 Καὶ
1578 1790 1593 1824 ἡ
1623 1789 1690 1824 αὑτὴ
1716 1790 1798 1815 κακία
1821 1791 1931 1816 πάντων

1145 1832 1290 1867 σκορπίων.
1304 1832 1422 1867 Μύρμηξ
1434 1833 1502 1859 κατὰ
1519 1834 1598 1868 φύσιν
1610 1832 1662 1860 οἶδε
1678 1834 1810 1869 χειμῶνος
1827 1843 1931 1869 παρου-

1143 1878 1212 1908 σίαν,
1230 1878 1275 1903 καὶ
1285 1877 1391 1913 δι’ὂλης
1405 1878 1512 1914 Οερείας
1530 1879 1640 1914 κάμνων
1661 1879 1816 1906 ἀποτίθεται
1841 1881 1929 1916 ἐαυτῷ

1140 1924 1252 1959 τροιράςθ
1269 1924 1315 1950 καὶ
1331 1924 1433 1959 ὁμοίως
1462 1925 1562 1956 πάντες
1588 1925 1732 1961 μύρμηκες
1754 1926 1927 1961 ἐργάζονται.

1140 1967 1262 1994 Μέλισσα
1278 1967 1338 2003 μέλι
1354 1971 1480 2005 γεωργεῖ,
1506 1969 1536 2001 ἐξ
1560 1966 1589 1996 οὗ
1611 1971 1658 1996 καὶ
1684 1971 1822 2006 τρέφεται·
1850 1972 1927 2007 καὶὴ

1140 2014 1207 2049 αὑτὴ
1226 2015 1347 2050 γεωργία
1364 2015 1464 2047 πάσαις
1479 2017 1629 2051 μελίσσαις.
1649 2017 1705 2043 Καὶ
1722 2015 1756 2052 ἦν
1768 2017 1853 2043 πολλὰ
1869 2017 1926 2053 εἴδη

1139 2059 1265 2086 ἐκθέσθαι
1282 2061 1346 2096 ἡμῖν
1358 2061 1411 2087 τῶν
1430 2060 1516 2092 ζώων,
1542 2061 1629 2093 ἆτινα,
1643 2062 1692 2097 τῆς
1709 2061 1816 2097 φύσεως
1831 2063 1868 2098 μὴ
1885 2063 1928 2089 δυ-

1138 2106 1240 2140 νάμενα
1253 2106 1392 2141 ἐκστῆναι,
1408 2107 1490 2133 πολὺν
1509 2107 1671 2142 Θανμασμὺν
1693 2109 1845 2144 παρασχεῖν
1861 2109 1924 2144 ὑμῖν

1139 2153 1257 2180 ὲδύνατσ
1270 2153 1326 2180 ἀλλ’
1338 2154 1460 2189 αὐτάρκη
1475 2154 1622 2189 ἡγησάμην
1636 2156 1667 2181 ὲκ
1685 2154 1737 2181 τῶν
1752 2155 1924 2190 παρακειμέ·

1138 2208 1190 2225 νων
1200 2199 1250 2233 τὴν
1273 2199 1411 2231 ἀπόδειξιν
1428 2199 1601 2235 ποιήσασθαι,
1616 2201 1656 2226 ὅτι
1673 2200 1706 2227 τὰ
1722 2201 1771 2235 μὲν
1785 2200 1852 2227 ἄλλα
1869 2199 1925 2232 ζῶα

1137 2244 1207 2271 κατὰ
1216 2244 1264 2279 τὴν
1279 2244 1433 2279 κοινότητα,
1452 2245 1498 2270 καὶ
1515 2245 1564 2280 τὴν
1588 2245 1728 2280 διαγορὰν,
1750 2245 1820 2271 κατὰ
1843 2244 1924 2279 φύσιν

1136 2290 1257 2317 δοθεῖσαν
1269 2290 1387 2325 ἑκάστῳ,
1417 2290 1446 2322 ἐξ
1462 2291 1582 2326 ἀνάγκης
1605 2291 1690 2326 ἡδέως
1719 2291 1840 2326 φέρεται.
1859 2293 1923 2318 Ἀν-

1137 2337 1239 2374 θρωποι
1255 2337 1293 2369 δὲ,
1311 2337 1386 2372 μόνοι
1412 2337 1441 2363 τὸ
1457 2336 1593 2372 ἐξαίρετον
1609 2337 1725 2371 ἔχοντες,
1752 2335 1797 2362 τόν
1815 2343 1844 2361 τε
1861 2335 1923 2362 νοῦν

1136 2384 1182 2410 καὶ
1197 2383 1243 2410 τὸν
1255 2384 1287 2409 ἐκ
1301 2383 1393 2409 τούτου
1406 2383 1607 2418 προφερόμενον
1624 2381 1710 2415 λόγον,
1726 2381 1795 2408 κατᾶ
1809 2381 1857 2416 μὲν
1874 2383 1923 2417 τὴν

1135 2430 1275 2465 κοινότητα
1288 2429 1397 2455 ἕπονται
1412 2430 1444 2464 τῇ
1465 2429 1543 2464 φύσει
1564 2428 1620 2462 (ὡς
1637 2428 1795 2463 προεῖπον),
1810 2427 1881 2453 κατὰ
1894 2427 1922 2454 δὲ

1136 2477 1166 2502 τὸ
1178 2475 1313 2511 ἐξαίρετον
1329 2475 1359 2501 οὐ
1377 2476 1446 2501 κατὰ
1462 2475 1542 2510 φύσιν
1566 2473 1759 2501 πολιτεύονται.
1775 2472 1842 2499 Οὐδὲ
1868 2471 1922 2506 γὰρ

1134 2533 1223 2563 siast.,
1239 2532 1279 2558 vir
1298 2531 1425 2558 masculae
1439 2531 1566 2558 dictionis
1583 2530 1665 2564 judex
1688 2528 1848 2564 acerrimus,
1867 2534 1920 2554 non

1134 2568 1262 2602 praedicat
1278 2567 1368 2594 modo.
1383 2567 1429 2592 sed
1444 2567 1524 2593 etiam
1548 2563 1672 2592 miratur.
1687 2564 1721 2590 At
1735 2563 1922 2602 cutti_ille_ve-

1136 2598 1247 2629 hemens
1263 2602 1330 2628 adeo
1345 2602 1425 2628 fuerit
1436 2602 1481 2627 tati
1495 2606 1673 2635 oppugnatur,
1689 2598 1920 2635 quemadmodum

1132 2637 1202 2671 apud
1220 2636 1250 2662 B.
1267 2637 1460 2670 Augustinum,
1478 2633 1579 2662 liaercsi
1596 2643 1678 2666 xxxv,
1698 2633 1839 2671 trrepserit
1856 2641 1910 2659 ne-

1133 2668 1201 2704 scio,
1228 2672 1299 2699 hunc
1313 2668 1356 2698 —ad
1375 2671 1508 2698 Valentini
1526 2678 1643 2699 errores,
1661 2670 1797 2695 addidisse
1813 2668 1846 2694 de
1860 2676 1919 2704 ago,

1133 2714 1161 2734 ut
1193 2702 1249 2740 Iulo
1282 2707 1422 2733 ascriberet
1450 2707 1657 2732 conversatiunes
1684 2705 1830 2730 hominum.
1866 2702 1918 2729 Sed

1133 2742 1309 2776 tuanuscripti
1339 2743 1416 2769 codd.
1450 2741 1615 2776 clausulan
1635 2740 1715 2767 istam
1746 2742 1917 2776 expungunt.

1133 2777 1201 2803 lluie
1219 2773 1301 2811 porro
1316 2777 1477 2804 Bardesanis
1489 2775 1664 2810 disputationi
1691 2774 1795 2811 gemina
1812 2773 1857 2811 illa
1878 2777 1920 2811 est

1132 2807 1257 2846 quam'in
1277 2812 1357 2839 simili
1375 2820 1456 2839 causa
1476 2807 1543 2838 bene
1568 2811 1674 2844 longam
1689 2807 1824 2846 (nesarqu
1838 2807 1918 2834 insti-

1131 2842 1189 2879 luit,
1208 2853 1281 2875 tonio
1297 2847 1484 2874 lBi‘bliot/tecre
1494 2846 1603 2872 Patrum
1612 2842 1627 2877 ,“
1636 2852 1712 2871 novae
1727 2844 1791 2870 edit.
1805 2842 1919 2879 Cnseo-

1129 2877 1188 2910 Lat.
1204 2891 1231 2918 p.
1254 2883 1316 2915 6'10,
1331 2883 1438 2917 dialogo
1453 2889 1481 2915 ιι,
1497 2881 1675 2916 responsione
1690 2879 1724 2907 ad
1739 2883 1837 2913 quaest.
1854 2877 1917 2906 109.
