  <div class='ocr_page' id='page_1' title='image "/cluster/home/n/w/nwhite01/storage/ocr_20150623/21/njp.32101077772489/270.png"; bbox 0 0 2063 3211; ppageno 0'>
   <div class='ocr_carea' id='block_1_1' title="bbox 156 183 208 211">
    <p class='ocr_par' dir='ltr' id='par_1_1' title="bbox 156 183 208 211">
     <span class='ocr_line' id='line_1_1' title="bbox 156 183 208 211; baseline 0.019 -1"><span class='ocrx_word' id='word_1_1' title='bbox 156 183 208 211; x_wconf 67' lang='grc' dir='ltr'><strong>ιτῦ</strong></span> 
     </span>
    </p>
   </div>
   <div class='ocr_carea' id='block_1_2' title="bbox 740 183 1200 213">
    <p class='ocr_par' dir='ltr' id='par_1_2' title="bbox 740 183 1200 213">
     <span class='ocr_line' id='line_1_2' title="bbox 740 183 1200 213; baseline -0.002 0"><span class='ocrx_word' id='word_1_2' title='bbox 740 184 901 213; x_wconf 67' lang='grc' dir='ltr'><strong>ΡΠᾸΞΡΑΙΙ.</strong></span> <span class='ocrx_word' id='word_1_3' title='bbox 921 183 1049 213; x_wconf 79' lang='lat' dir='ltr'><strong>EVANG.</strong></span> <span class='ocrx_word' id='word_1_4' title='bbox 1068 184 1134 213; x_wconf 84' lang='lat' dir='ltr'><strong>LIB.</strong></span> <span class='ocrx_word' id='word_1_5' title='bbox 1155 184 1200 213; x_wconf 72' lang='grc' dir='ltr'><strong>Ἦ.</strong></span> 
     </span>
    </p>
   </div>
   <div class='ocr_carea' id='block_1_3' title="bbox 1726 185 1778 212">
    <p class='ocr_par' dir='ltr' id='par_1_3' title="bbox 1726 185 1778 212">
     <span class='ocr_line' id='line_1_3' title="bbox 1726 185 1778 212; baseline -0.019 0"><span class='ocrx_word' id='word_1_6' title='bbox 1726 185 1778 212; x_wconf 65' lang='grc' dir='ltr'><strong>ΠΛ</strong></span> 
     </span>
    </p>
   </div>
   <div class='ocr_carea' id='block_1_4' title="bbox 157 243 927 282">
    <p class='ocr_par' dir='ltr' id='par_1_4' title="bbox 157 243 927 282">
     <span class='ocr_line' id='line_1_4' title="bbox 157 243 927 282; baseline 0.004 -13"><span class='ocrx_word' id='word_1_7' title='bbox 157 250 211 270; x_wconf 82' lang='grc' dir='ltr'>ποι·</span> <span class='ocrx_word' id='word_1_8' title='bbox 225 244 327 278; x_wconf 84' lang='grc' dir='ltr'>κρατεῖ</span> <span class='ocrx_word' id='word_1_9' title='bbox 337 243 367 271; x_wconf 81' lang='grc' dir='ltr'><strong>δὲ</strong></span> <span class='ocrx_word' id='word_1_10' title='bbox 381 244 409 271; x_wconf 83' lang='grc' dir='ltr'>ὲν</span> <span class='ocrx_word' id='word_1_11' title='bbox 421 244 522 281; x_wconf 79' lang='grc' dir='ltr'><strong>ἑκάστῃ</strong></span> <span class='ocrx_word' id='word_1_12' title='bbox 540 244 620 281; x_wconf 73' lang='grc' dir='ltr'>μοίρᾳ</span> <span class='ocrx_word' id='word_1_13' title='bbox 633 245 686 271; x_wconf 82' lang='grc' dir='ltr'>τῶν</span> <span class='ocrx_word' id='word_1_14' title='bbox 702 246 851 282; x_wconf 81' lang='grc' dir='ltr'>ἀνθρώπων</span> <span class='ocrx_word' id='word_1_15' title='bbox 863 246 927 281; x_wconf 87' lang='grc' dir='ltr'>νόμο</span> 
     </span>
    </p>
   </div>
   <div class='ocr_carea' id='block_1_5' title="bbox 978 243 1780 282">
    <p class='ocr_par' dir='ltr' id='par_1_5' title="bbox 995 244 1780 280">
     <span class='ocr_line' id='line_1_5' title="bbox 995 244 1780 280; baseline -0.001 -8"><span class='ocrx_word' id='word_1_16' title='bbox 995 244 1059 277; x_wconf 80' lang='lat' dir='ltr'><strong>fetu,</strong></span> <span class='ocrx_word' id='word_1_17' title='bbox 1077 245 1224 280; x_wconf 84' lang='lat' dir='ltr'><strong>eodemque</strong></span> <span class='ocrx_word' id='word_1_18' title='bbox 1250 244 1404 272; x_wconf 76' lang='lat' dir='ltr'><strong>necessario</strong></span> <span class='ocrx_word' id='word_1_19' title='bbox 1420 249 1551 280; x_wconf 86' lang='lat' dir='ltr'><strong>tempore,</strong></span> <span class='ocrx_word' id='word_1_20' title='bbox 1569 249 1650 279; x_wconf 99' lang='lat' dir='ltr'><strong>prout</strong></span> <span class='ocrx_word' id='word_1_21' title='bbox 1665 244 1707 271; x_wconf 80' lang='lat' dir='ltr'><strong>lex</strong></span> <span class='ocrx_word' id='word_1_22' title='bbox 1733 252 1780 271; x_wconf 91' lang='lat' dir='ltr'><strong>na-</strong></span> 
     </span>
    </p>
   </div>
   <div class='ocr_carea' id='block_1_6' title="bbox 159 287 943 326">
    <p class='ocr_par' dir='ltr' id='par_1_6' title="bbox 159 287 943 326">
     <span class='ocr_line' id='line_1_6' title="bbox 159 287 943 326; baseline 0.005 -13"><span class='ocrx_word' id='word_1_23' title='bbox 159 288 204 314; x_wconf 76' lang='grc' dir='ltr'><strong>καὶ</strong></span> <span class='ocrx_word' id='word_1_24' title='bbox 223 287 295 320; x_wconf 82' lang='grc' dir='ltr'>ἔθος,</span> <span class='ocrx_word' id='word_1_25' title='bbox 310 288 358 315; x_wconf 83' lang='grc' dir='ltr'><strong>διὰ</strong></span> <span class='ocrx_word' id='word_1_26' title='bbox 368 289 399 316; x_wconf 85' lang='grc' dir='ltr'>τὺ</span> <span class='ocrx_word' id='word_1_27' title='bbox 410 289 580 322; x_wconf 81' lang='grc' dir='ltr'><strong>αὐτεξούσιον</strong></span> <span class='ocrx_word' id='word_1_28' title='bbox 594 289 639 316; x_wconf 79' lang='grc' dir='ltr'>τοῦ</span> <span class='ocrx_word' id='word_1_29' title='bbox 658 290 809 326; x_wconf 80' lang='grc' dir='ltr'>ἀνθρώπου.</span> <span class='ocrx_word' id='word_1_30' title='bbox 823 291 878 317; x_wconf 81' lang='grc' dir='ltr'><strong>Καὶ</strong></span> <span class='ocrx_word' id='word_1_31' title='bbox 894 291 943 317; x_wconf 77' lang='grc' dir='ltr'>οὐκ</span> 
     </span>
    </p>
   </div>
   <div class='ocr_carea' id='block_1_7' title="bbox 158 334 943 372">
    <p class='ocr_par' dir='ltr' id='par_1_7' title="bbox 158 334 943 372">
     <span class='ocr_line' id='line_1_7' title="bbox 158 334 943 372; baseline 0.004 -12"><span class='ocrx_word' id='word_1_32' title='bbox 158 334 333 372; x_wconf 79' lang='grc' dir='ltr'>ἁναγκάζειὴ</span> <span class='ocrx_word' id='word_1_33' title='bbox 350 336 454 370; x_wconf 81' lang='grc' dir='ltr'>γένεσις</span> <span class='ocrx_word' id='word_1_34' title='bbox 463 336 526 368; x_wconf 75' lang='grc' dir='ltr'>τοὺς</span> <span class='ocrx_word' id='word_1_35' title='bbox 545 336 634 372; x_wconf 84' lang='grc' dir='ltr'><strong>Σῆρας</strong></span> <span class='ocrx_word' id='word_1_36' title='bbox 649 336 685 372; x_wconf 83' lang='grc' dir='ltr'>μὴ</span> <span class='ocrx_word' id='word_1_37' title='bbox 709 336 832 368; x_wconf 79' lang='grc' dir='ltr'><strong>θέλοντας</strong></span> <span class='ocrx_word' id='word_1_38' title='bbox 848 337 943 371; x_wconf 71' lang='grc' dir='ltr'>φονεύ-</span> 
     </span>
    </p>
   </div>
   <div class='ocr_carea' id='block_1_8' title="bbox 159 381 942 418">
    <p class='ocr_par' dir='ltr' id='par_1_8' title="bbox 159 381 942 418">
     <span class='ocr_line' id='line_1_8' title="bbox 159 381 942 418; baseline 0.003 -12"><span class='ocrx_word' id='word_1_39' title='bbox 159 390 206 412; x_wconf 81' lang='grc' dir='ltr'>ειν,</span> <span class='ocrx_word' id='word_1_40' title='bbox 221 381 238 416; x_wconf 82' lang='grc' dir='ltr'>ἢ</span> <span class='ocrx_word' id='word_1_41' title='bbox 254 381 319 413; x_wconf 80' lang='grc' dir='ltr'>τοὺς</span> <span class='ocrx_word' id='word_1_42' title='bbox 346 382 507 418; x_wconf 81' lang='grc' dir='ltr'>Βραχμᾶνας</span> <span class='ocrx_word' id='word_1_43' title='bbox 529 383 705 417; x_wconf 73' lang='grc' dir='ltr'><strong>κρεοφαγεῖν,</strong></span> <span class='ocrx_word' id='word_1_44' title='bbox 719 382 734 417; x_wconf 84' lang='grc' dir='ltr'>ἧ</span> <span class='ocrx_word' id='word_1_45' title='bbox 750 383 812 414; x_wconf 63' lang='grc' dir='ltr'>τοὺς</span> <span class='ocrx_word' id='word_1_46' title='bbox 834 382 942 418; x_wconf 78' lang='grc' dir='ltr'>Πέρσας</span> 
     </span>
    </p>
   </div>
   <div class='ocr_carea' id='block_1_9' title="bbox 157 423 940 464">
    <p class='ocr_par' dir='ltr' id='par_1_9' title="bbox 157 423 940 464">
     <span class='ocr_line' id='line_1_9' title="bbox 157 423 940 464; baseline 0.003 -11"><span class='ocrx_word' id='word_1_47' title='bbox 157 423 293 462; x_wconf 76' lang='grc' dir='ltr'>ἀθεμίτως</span> <span class='ocrx_word' id='word_1_48' title='bbox 309 427 346 463; x_wconf 85' lang='grc' dir='ltr'>μὴ</span> <span class='ocrx_word' id='word_1_49' title='bbox 357 429 465 464; x_wconf 79' lang='grc' dir='ltr'><strong>γαμεῖν,</strong></span> <span class='ocrx_word' id='word_1_50' title='bbox 485 428 501 463; x_wconf 85' lang='grc' dir='ltr'><strong>ἦ</strong></span> <span class='ocrx_word' id='word_1_51' title='bbox 523 429 585 459; x_wconf 80' lang='grc' dir='ltr'>τοὺς</span> <span class='ocrx_word' id='word_1_52' title='bbox 606 428 700 459; x_wconf 69' lang='grc' dir='ltr'>Ἰνδοὺς</span> <span class='ocrx_word' id='word_1_53' title='bbox 717 430 752 463; x_wconf 83' lang='grc' dir='ltr'>μὴ</span> <span class='ocrx_word' id='word_1_54' title='bbox 769 429 904 459; x_wconf 70' lang='grc' dir='ltr'>καίεσθαι,</span> <span class='ocrx_word' id='word_1_55' title='bbox 924 429 940 464; x_wconf 87' lang='grc' dir='ltr'>ἣ</span> 
     </span>
    </p>
   </div>
   <div class='ocr_carea' id='block_1_10' title="bbox 156 473 941 510">
    <p class='ocr_par' dir='ltr' id='par_1_10' title="bbox 156 473 941 510">
     <span class='ocr_line' id='line_1_10' title="bbox 156 473 941 510; baseline 0.003 -11"><span class='ocrx_word' id='word_1_56' title='bbox 156 473 218 505; x_wconf 73' lang='grc' dir='ltr'>τοὺς</span> <span class='ocrx_word' id='word_1_57' title='bbox 231 473 342 509; x_wconf 82' lang='grc' dir='ltr'><strong>Μήδους</strong></span> <span class='ocrx_word' id='word_1_58' title='bbox 359 474 396 510; x_wconf 82' lang='grc' dir='ltr'><strong>μὴ</strong></span> <span class='ocrx_word' id='word_1_59' title='bbox 420 474 556 502; x_wconf 77' lang='grc' dir='ltr'><strong>ἐσθίεσθαι</strong></span> <span class='ocrx_word' id='word_1_60' title='bbox 570 475 622 502; x_wconf 83' lang='grc' dir='ltr'>ὑπὸ</span> <span class='ocrx_word' id='word_1_61' title='bbox 647 476 745 507; x_wconf 76' lang='grc' dir='ltr'>κυνῶν,</span> <span class='ocrx_word' id='word_1_62' title='bbox 761 475 777 510; x_wconf 81' lang='grc' dir='ltr'>ἧ</span> <span class='ocrx_word' id='word_1_63' title='bbox 796 476 858 506; x_wconf 75' lang='grc' dir='ltr'>τοὺς</span> <span class='ocrx_word' id='word_1_64' title='bbox 872 475 941 510; x_wconf 81' lang='grc' dir='ltr'><strong>Πάρ-</strong></span> 
     </span>
    </p>
   </div>
   <div class='ocr_carea' id='block_1_11' title="bbox 155 519 940 557">
    <p class='ocr_par' dir='ltr' id='par_1_11' title="bbox 155 519 940 557">
     <span class='ocr_line' id='line_1_11' title="bbox 155 519 940 557; baseline 0.004 -12"><span class='ocrx_word' id='word_1_65' title='bbox 155 519 219 551; x_wconf 74' lang='grc' dir='ltr'>θονς</span> <span class='ocrx_word' id='word_1_66' title='bbox 228 519 266 555; x_wconf 85' lang='grc' dir='ltr'><strong>μὴ</strong></span> <span class='ocrx_word' id='word_1_67' title='bbox 275 520 453 556; x_wconf 86' lang='grc' dir='ltr'>πολυγαμεῖν,</span> <span class='ocrx_word' id='word_1_68' title='bbox 470 521 485 556; x_wconf 84' lang='grc' dir='ltr'>ἢ</span> <span class='ocrx_word' id='word_1_69' title='bbox 507 522 556 553; x_wconf 77' lang='grc' dir='ltr'>τὰς</span> <span class='ocrx_word' id='word_1_70' title='bbox 572 522 600 547; x_wconf 85' lang='grc' dir='ltr'>ὲν</span> <span class='ocrx_word' id='word_1_71' title='bbox 623 523 655 557; x_wconf 81' lang='grc' dir='ltr'>τῇ</span> <span class='ocrx_word' id='word_1_72' title='bbox 678 522 874 557; x_wconf 73' lang='grc' dir='ltr'><strong>Μεσοποταμίᾳ</strong></span> <span class='ocrx_word' id='word_1_73' title='bbox 891 530 940 555; x_wconf 82' lang='grc' dir='ltr'>γυ-</span> 
     </span>
    </p>
   </div>
   <div class='ocr_carea' id='block_1_12' title="bbox 154 566 938 603">
    <p class='ocr_par' dir='ltr' id='par_1_12' title="bbox 154 566 938 603">
     <span class='ocr_line' id='line_1_12' title="bbox 154 566 938 603; baseline 0.003 -11"><span class='ocrx_word' id='word_1_74' title='bbox 154 567 251 597; x_wconf 78' lang='grc' dir='ltr'>ναῖκας</span> <span class='ocrx_word' id='word_1_75' title='bbox 268 566 306 602; x_wconf 82' lang='grc' dir='ltr'>μὴ</span> <span class='ocrx_word' id='word_1_76' title='bbox 320 568 477 602; x_wconf 62' lang='grc' dir='ltr'>σωψρονεῖν,</span> <span class='ocrx_word' id='word_1_77' title='bbox 494 567 510 602; x_wconf 82' lang='grc' dir='ltr'><strong>ἧ</strong></span> <span class='ocrx_word' id='word_1_78' title='bbox 523 568 584 600; x_wconf 67' lang='grc' dir='ltr'>τοὺς</span> <span class='ocrx_word' id='word_1_79' title='bbox 599 568 731 602; x_wconf 81' lang='grc' dir='ltr'>’Έλληνας</span> <span class='ocrx_word' id='word_1_80' title='bbox 751 567 787 603; x_wconf 73' lang='grc' dir='ltr'>μὴ</span> <span class='ocrx_word' id='word_1_81' title='bbox 802 567 938 602; x_wconf 74' lang='grc' dir='ltr'>γυμνάζε-</span> 
     </span>
    </p>
   </div>
   <div class='ocr_carea' id='block_1_13' title="bbox 155 611 938 649">
    <p class='ocr_par' dir='ltr' id='par_1_13' title="bbox 155 611 938 649">
     <span class='ocr_line' id='line_1_13' title="bbox 155 611 938 649; baseline 0.003 -12"><span class='ocrx_word' id='word_1_82' title='bbox 155 611 216 637; x_wconf 81' lang='grc' dir='ltr'>σθαι</span> <span class='ocrx_word' id='word_1_83' title='bbox 235 612 348 647; x_wconf 77' lang='grc' dir='ltr'><strong>γυμνοῖς</strong></span> <span class='ocrx_word' id='word_1_84' title='bbox 369 613 424 644; x_wconf 83' lang='grc' dir='ltr'>τοῖς</span> <span class='ocrx_word' id='word_1_85' title='bbox 453 612 585 648; x_wconf 82' lang='grc' dir='ltr'>σώμασιν,</span> <span class='ocrx_word' id='word_1_86' title='bbox 609 613 624 648; x_wconf 85' lang='grc' dir='ltr'><strong>ἢ</strong></span> <span class='ocrx_word' id='word_1_87' title='bbox 643 614 704 644; x_wconf 76' lang='grc' dir='ltr'>τοὺς</span> <span class='ocrx_word' id='word_1_88' title='bbox 736 613 885 648; x_wconf 78' lang='grc' dir='ltr'><strong>Ῥωμαίους</strong></span> <span class='ocrx_word' id='word_1_89' title='bbox 901 613 938 649; x_wconf 85' lang='grc' dir='ltr'>μὴ</span> 
     </span>
    </p>
   </div>
   <div class='ocr_carea' id='block_1_14' title="bbox 153 657 938 695">
    <p class='ocr_par' dir='ltr' id='par_1_14' title="bbox 153 657 938 695">
     <span class='ocr_line' id='line_1_14' title="bbox 153 657 938 695; baseline 0.004 -12"><span class='ocrx_word' id='word_1_90' title='bbox 153 658 272 692; x_wconf 80' lang='grc' dir='ltr'><strong>κρατεῖν,</strong></span> <span class='ocrx_word' id='word_1_91' title='bbox 285 657 383 692; x_wconf 48' lang='lat' dir='ltr'><strong>ﬁco-3;</strong></span> <span class='ocrx_word' id='word_1_92' title='bbox 408 658 525 685; x_wconf 74' lang='grc' dir='ltr'>Γάλλους</span> <span class='ocrx_word' id='word_1_93' title='bbox 540 658 574 694; x_wconf 86' lang='grc' dir='ltr'><strong>μὴ</strong></span> <span class='ocrx_word' id='word_1_94' title='bbox 590 659 745 694; x_wconf 78' lang='grc' dir='ltr'>γαμεῖσθαι,</span> <span class='ocrx_word' id='word_1_95' title='bbox 773 660 788 695; x_wconf 81' lang='grc' dir='ltr'>ἢ</span> <span class='ocrx_word' id='word_1_96' title='bbox 818 660 852 686; x_wconf 75' lang='grc' dir='ltr'>τὰ</span> <span class='ocrx_word' id='word_1_97' title='bbox 871 659 938 686; x_wconf 80' lang='grc' dir='ltr'>ἄλλα</span> 
     </span>
    </p>
   </div>
   <div class='ocr_carea' id='block_1_15' title="bbox 153 701 937 740">
    <p class='ocr_par' dir='ltr' id='par_1_15' title="bbox 153 701 937 740">
     <span class='ocr_line' id='line_1_15' title="bbox 153 701 937 740; baseline 0.005 -12"><span class='ocrx_word' id='word_1_98' title='bbox 153 701 279 738; x_wconf 69' lang='grc' dir='ltr'><strong>βάρϐαρα</strong></span> <span class='ocrx_word' id='word_1_99' title='bbox 293 702 363 738; x_wconf 71' lang='grc' dir='ltr'>ἔθνη.</span> <span class='ocrx_word' id='word_1_100' title='bbox 377 704 436 735; x_wconf 81' lang='grc' dir='ltr'>ταῖς</span> <span class='ocrx_word' id='word_1_101' title='bbox 459 703 512 730; x_wconf 73' lang='grc' dir='ltr'>ὑπὸ</span> <span class='ocrx_word' id='word_1_102' title='bbox 538 704 591 731; x_wconf 81' lang='grc' dir='ltr'><strong>τῶν</strong></span> <span class='ocrx_word' id='word_1_103' title='bbox 623 704 755 736; x_wconf 81' lang='grc' dir='ltr'>Ἑλλήνων</span> <span class='ocrx_word' id='word_1_104' title='bbox 778 705 937 740; x_wconf 77' lang='grc' dir='ltr'><strong>λεγομέναις</strong></span> 
     </span>
    </p>
   </div>
   <div class='ocr_carea' id='block_1_16' title="bbox 151 747 936 786">
    <p class='ocr_par' dir='ltr' id='par_1_16' title="bbox 151 747 936 786">
     <span class='ocr_line' id='line_1_16' title="bbox 151 747 936 786; baseline 0.005 -12"><span class='ocrx_word' id='word_1_105' title='bbox 151 747 274 780; x_wconf 82' lang='grc' dir='ltr'>Μούσαις</span> <span class='ocrx_word' id='word_1_106' title='bbox 298 750 445 775; x_wconf 75' lang='grc' dir='ltr'><strong>κοινωνεῖν.</strong></span> <span class='ocrx_word' id='word_1_107' title='bbox 478 749 558 781; x_wconf 79' lang='grc' dir='ltr'>Ἀλλ’,</span> <span class='ocrx_word' id='word_1_108' title='bbox 592 750 629 781; x_wconf 79' lang='grc' dir='ltr'>ὡς</span> <span class='ocrx_word' id='word_1_109' title='bbox 652 751 796 786; x_wconf 74' lang='grc' dir='ltr'>προεῖπον,</span> <span class='ocrx_word' id='word_1_110' title='bbox 824 751 936 778; x_wconf 77' lang='grc' dir='ltr'>ἕκαστον</span> 
     </span>
    </p>
   </div>
   <div class='ocr_carea' id='block_1_17' title="bbox 151 793 934 832">
    <p class='ocr_par' dir='ltr' id='par_1_17' title="bbox 151 793 934 832">
     <span class='ocr_line' id='line_1_17' title="bbox 151 793 934 832; baseline 0.006 -12"><span class='ocrx_word' id='word_1_111' title='bbox 151 793 237 826; x_wconf 67' lang='grc' dir='ltr'>ἕῖνος,</span> <span class='ocrx_word' id='word_1_112' title='bbox 250 795 298 821; x_wconf 71' lang='grc' dir='ltr'><strong>καὶ</strong></span> <span class='ocrx_word' id='word_1_113' title='bbox 311 795 425 827; x_wconf 76' lang='grc' dir='ltr'>ἕκαστος</span> <span class='ocrx_word' id='word_1_114' title='bbox 440 795 492 822; x_wconf 83' lang='grc' dir='ltr'><strong>τῶν</strong></span> <span class='ocrx_word' id='word_1_115' title='bbox 503 795 653 831; x_wconf 82' lang='grc' dir='ltr'>ἀνθρώπων</span> <span class='ocrx_word' id='word_1_116' title='bbox 669 797 767 832; x_wconf 71' lang='grc' dir='ltr'>χρῆται</span> <span class='ocrx_word' id='word_1_117' title='bbox 788 799 820 832; x_wconf 81' lang='grc' dir='ltr'>τῇ</span> <span class='ocrx_word' id='word_1_118' title='bbox 839 798 934 825; x_wconf 74' lang='grc' dir='ltr'>ἑαυτοῦ</span> 
     </span>
    </p>
   </div>
   <div class='ocr_carea' id='block_1_18' title="bbox 149 840 936 877">
    <p class='ocr_par' dir='ltr' id='par_1_18' title="bbox 149 840 936 877">
     <span class='ocr_line' id='line_1_18' title="bbox 149 840 936 877; baseline 0.005 -11"><span class='ocrx_word' id='word_1_119' title='bbox 149 840 300 877; x_wconf 82' lang='grc' dir='ltr'>ἐλευθερίᾳ,</span> <span class='ocrx_word' id='word_1_120' title='bbox 316 841 353 873; x_wconf 85' lang='grc' dir='ltr'>ὡς</span> <span class='ocrx_word' id='word_1_121' title='bbox 369 841 490 877; x_wconf 76' lang='grc' dir='ltr'>βούλεται</span> <span class='ocrx_word' id='word_1_122' title='bbox 518 843 565 868; x_wconf 71' lang='grc' dir='ltr'><strong>καὶ</strong></span> <span class='ocrx_word' id='word_1_123' title='bbox 581 843 625 869; x_wconf 81' lang='grc' dir='ltr'>ὅτε</span> <span class='ocrx_word' id='word_1_124' title='bbox 646 842 780 876; x_wconf 74' lang='grc' dir='ltr'>βούλεται,</span> <span class='ocrx_word' id='word_1_125' title='bbox 805 844 851 870; x_wconf 69' lang='grc' dir='ltr'>καὶ</span> <span class='ocrx_word' id='word_1_126' title='bbox 875 844 936 870; x_wconf 86' lang='grc' dir='ltr'><strong>δου-</strong></span> 
     </span>
    </p>
   </div>
   <div class='ocr_carea' id='block_1_19' title="bbox 148 887 934 926">
    <p class='ocr_par' dir='ltr' id='par_1_19' title="bbox 148 887 934 926">
     <span class='ocr_line' id='line_1_19' title="bbox 148 887 934 926; baseline 0.004 -13"><span class='ocrx_word' id='word_1_127' title='bbox 148 887 221 914; x_wconf 70' lang='grc' dir='ltr'>λεύει</span> <span class='ocrx_word' id='word_1_128' title='bbox 236 889 268 923; x_wconf 82' lang='grc' dir='ltr'>τῇ</span> <span class='ocrx_word' id='word_1_129' title='bbox 283 887 387 922; x_wconf 78' lang='grc' dir='ltr'>γενέσει</span> <span class='ocrx_word' id='word_1_130' title='bbox 402 889 448 915; x_wconf 69' lang='grc' dir='ltr'>καὶ</span> <span class='ocrx_word' id='word_1_131' title='bbox 460 890 493 923; x_wconf 82' lang='grc' dir='ltr'>τῇ</span> <span class='ocrx_word' id='word_1_132' title='bbox 508 888 597 923; x_wconf 79' lang='grc' dir='ltr'>φύσει.</span> <span class='ocrx_word' id='word_1_133' title='bbox 613 889 646 915; x_wconf 83' lang='grc' dir='ltr'><strong>δι’</strong></span> <span class='ocrx_word' id='word_1_134' title='bbox 660 890 692 924; x_wconf 81' lang='grc' dir='ltr'>ἣν</span> <span class='ocrx_word' id='word_1_135' title='bbox 708 890 859 925; x_wconf 82' lang='grc' dir='ltr'>περίκειται</span> <span class='ocrx_word' id='word_1_136' title='bbox 873 891 934 926; x_wconf 86' lang='grc' dir='ltr'>σάρ-</span> 
     </span>
    </p>
   </div>
   <div class='ocr_carea' id='block_1_20' title="bbox 995 290 1780 326">
    <p class='ocr_par' dir='ltr' id='par_1_20' title="bbox 995 290 1780 326">
     <span class='ocr_line' id='line_1_20' title="bbox 995 290 1780 326; baseline -0.001 -8"><span class='ocrx_word' id='word_1_137' title='bbox 995 295 1062 318; x_wconf 73' lang='lat' dir='ltr'><strong>tura:</strong></span> <span class='ocrx_word' id='word_1_138' title='bbox 1077 291 1140 322; x_wconf 78' lang='lat' dir='ltr'><strong>fert,</strong></span> <span class='ocrx_word' id='word_1_139' title='bbox 1171 291 1252 318; x_wconf 86' lang='lat' dir='ltr'><strong>simul</strong></span> <span class='ocrx_word' id='word_1_140' title='bbox 1267 298 1361 318; x_wconf 85' lang='lat' dir='ltr'><strong>omnes</strong></span> <span class='ocrx_word' id='word_1_141' title='bbox 1375 291 1485 326; x_wconf 85' lang='lat' dir='ltr'><strong>pariunt</strong></span> <span class='ocrx_word' id='word_1_142' title='bbox 1499 300 1506 317; x_wconf 91' lang='lat'>:</span> <span class='ocrx_word' id='word_1_143' title='bbox 1520 291 1566 318; x_wconf 90' lang='lat' dir='ltr'><strong>sed</strong></span> <span class='ocrx_word' id='word_1_144' title='bbox 1581 290 1708 325; x_wconf 85' lang='lat' dir='ltr'><strong>projeetis</strong></span> <span class='ocrx_word' id='word_1_145' title='bbox 1721 298 1780 318; x_wconf 82' lang='lat' dir='ltr'><strong>ma-</strong></span> 
     </span>
    </p>
   </div>
   <div class='ocr_carea' id='block_1_21' title="bbox 994 335 1780 372">
    <p class='ocr_par' dir='ltr' id='par_1_21' title="bbox 994 335 1780 372">
     <span class='ocr_line' id='line_1_21' title="bbox 994 335 1780 372; baseline 0 -9"><span class='ocrx_word' id='word_1_146' title='bbox 994 337 1079 367; x_wconf 87' lang='lat' dir='ltr'><strong>ribus,</strong></span> <span class='ocrx_word' id='word_1_147' title='bbox 1096 337 1168 363; x_wconf 89' lang='lat' dir='ltr'><strong>solas</strong></span> <span class='ocrx_word' id='word_1_148' title='bbox 1181 337 1333 371; x_wconf 80' lang='lat' dir='ltr'><strong>suscipiunt</strong></span> <span class='ocrx_word' id='word_1_149' title='bbox 1350 337 1478 372; x_wconf 90' lang='lat' dir='ltr'><strong>aluntque</strong></span> <span class='ocrx_word' id='word_1_150' title='bbox 1493 335 1618 363; x_wconf 80' lang='lat' dir='ltr'><strong>feminas.</strong></span> <span class='ocrx_word' id='word_1_151' title='bbox 1649 336 1719 363; x_wconf 87' lang='lat' dir='ltr'><strong>Sunt</strong></span> <span class='ocrx_word' id='word_1_152' title='bbox 1729 344 1780 363; x_wconf 87' lang='lat' dir='ltr'><strong>au-</strong></span> 
     </span>
    </p>
   </div>
   <div class='ocr_carea' id='block_1_22' title="bbox 993 382 1778 417">
    <p class='ocr_par' dir='ltr' id='par_1_22' title="bbox 993 382 1778 417">
     <span class='ocr_line' id='line_1_22' title="bbox 993 382 1778 417; baseline -0.001 -7"><span class='ocrx_word' id='word_1_153' title='bbox 993 390 1046 410; x_wconf 87' lang='lat' dir='ltr'><strong>tem</strong></span> <span class='ocrx_word' id='word_1_154' title='bbox 1061 383 1196 410; x_wconf 71' lang='lat' dir='ltr'><strong>bellicosa:</strong></span> <span class='ocrx_word' id='word_1_155' title='bbox 1213 391 1317 414; x_wconf 72' lang='lat' dir='ltr'><strong>omnes,</strong></span> <span class='ocrx_word' id='word_1_156' title='bbox 1333 387 1358 410; x_wconf 84' lang='lat' dir='ltr'><strong>et</strong></span> <span class='ocrx_word' id='word_1_157' title='bbox 1383 383 1408 409; x_wconf 95' lang='lat' dir='ltr'><strong>in</strong></span> <span class='ocrx_word' id='word_1_158' title='bbox 1430 382 1503 409; x_wconf 91' lang='lat' dir='ltr'><strong>omni</strong></span> <span class='ocrx_word' id='word_1_159' title='bbox 1515 383 1716 409; x_wconf 70' lang='lat' dir='ltr'><strong>exercitationis</strong></span> <span class='ocrx_word' id='word_1_160' title='bbox 1733 390 1778 417; x_wconf 83' lang='lat' dir='ltr'><strong>ge-</strong></span> 
     </span>
    </p>
   </div>
   <div class='ocr_carea' id='block_1_23' title="bbox 992 428 1779 464">
    <p class='ocr_par' dir='ltr' id='par_1_23' title="bbox 992 428 1779 464">
     <span class='ocr_line' id='line_1_23' title="bbox 992 428 1779 464; baseline -0.001 -8"><span class='ocrx_word' id='word_1_161' title='bbox 992 437 1056 457; x_wconf 86' lang='lat' dir='ltr'><strong>nere</strong></span> <span class='ocrx_word' id='word_1_162' title='bbox 1068 430 1203 464; x_wconf 66' lang='lat' dir='ltr'><strong>prmeipuo</strong></span> <span class='ocrx_word' id='word_1_163' title='bbox 1218 430 1308 457; x_wconf 85' lang='lat' dir='ltr'><strong>studio</strong></span> <span class='ocrx_word' id='word_1_164' title='bbox 1323 437 1442 464; x_wconf 83' lang='lat' dir='ltr'><strong>curaque</strong></span> <span class='ocrx_word' id='word_1_165' title='bbox 1457 433 1608 456; x_wconf 82' lang='lat' dir='ltr'><strong>versantur.</strong></span> <span class='ocrx_word' id='word_1_166' title='bbox 1636 428 1696 456; x_wconf 74' lang='lat' dir='ltr'><strong>Jam</strong></span> <span class='ocrx_word' id='word_1_167' title='bbox 1711 428 1779 455; x_wconf 85' lang='lat' dir='ltr'><strong>Mer-</strong></span> 
     </span>
    </p>
   </div>
   <div class='ocr_carea' id='block_1_24' title="bbox 990 475 1777 510">
    <p class='ocr_par' dir='ltr' id='par_1_24' title="bbox 990 475 1777 510">
     <span class='ocr_line' id='line_1_24' title="bbox 990 475 1777 510; baseline 0 -9"><span class='ocrx_word' id='word_1_168' title='bbox 990 476 1095 502; x_wconf 89' lang='lat' dir='ltr'><strong>curium</strong></span> <span class='ocrx_word' id='word_1_169' title='bbox 1114 475 1204 502; x_wconf 78' lang='lat' dir='ltr'><strong>ferunt</strong></span> <span class='ocrx_word' id='word_1_170' title='bbox 1219 476 1277 503; x_wconf 82' lang='lat' dir='ltr'><strong>suis</strong></span> <span class='ocrx_word' id='word_1_171' title='bbox 1295 476 1320 502; x_wconf 93' lang='lat' dir='ltr'><strong>in</strong></span> <span class='ocrx_word' id='word_1_172' title='bbox 1343 476 1447 502; x_wconf 77' lang='lat' dir='ltr'><strong>:edibus</strong></span> <span class='ocrx_word' id='word_1_173' title='bbox 1473 483 1535 503; x_wconf 88' lang='lat' dir='ltr'><strong>cum</strong></span> <span class='ocrx_word' id='word_1_174' title='bbox 1551 475 1654 503; x_wconf 79' lang='lat' dir='ltr'><strong>Venere</strong></span> <span class='ocrx_word' id='word_1_175' title='bbox 1667 482 1777 510; x_wconf 75' lang='lat' dir='ltr'><strong>congre-</strong></span> 
     </span>
    </p>
   </div>
   <div class='ocr_carea' id='block_1_25' title="bbox 989 521 1778 556">
    <p class='ocr_par' dir='ltr' id='par_1_25' title="bbox 989 521 1778 556">
     <span class='ocr_line' id='line_1_25' title="bbox 989 521 1778 556; baseline 0 -8"><span class='ocrx_word' id='word_1_176' title='bbox 989 521 1107 549; x_wconf 90' lang='lat' dir='ltr'><strong>dientem</strong></span> <span class='ocrx_word' id='word_1_177' title='bbox 1124 521 1230 548; x_wconf 78' lang='lat' dir='ltr'><strong>ﬁctores</strong></span> <span class='ocrx_word' id='word_1_178' title='bbox 1241 541 1248 553; x_wconf 85' lang='lat'><em>.</em></span> <span class='ocrx_word' id='word_1_179' title='bbox 1265 522 1382 556; x_wconf 81' lang='lat' dir='ltr'><strong>pictores</strong></span> <span class='ocrx_word' id='word_1_180' title='bbox 1394 542 1401 552; x_wconf 89' lang='lat'><strong><em>.</em></strong></span> <span class='ocrx_word' id='word_1_181' title='bbox 1417 521 1632 554; x_wconf 83' lang='lat' dir='ltr'><strong>nummularios;</strong></span> <span class='ocrx_word' id='word_1_182' title='bbox 1647 527 1674 548; x_wconf 89' lang='lat' dir='ltr'><strong>at</strong></span> <span class='ocrx_word' id='word_1_183' title='bbox 1688 521 1713 548; x_wconf 91' lang='lat' dir='ltr'><strong>in</strong></span> <span class='ocrx_word' id='word_1_184' title='bbox 1730 521 1778 548; x_wconf 81' lang='lat' dir='ltr'><strong>Ve-</strong></span> 
     </span>
    </p>
   </div>
   <div class='ocr_carea' id='block_1_26' title="bbox 989 567 1776 602">
    <p class='ocr_par' dir='ltr' id='par_1_26' title="bbox 989 567 1776 602">
     <span class='ocr_line' id='line_1_26' title="bbox 989 567 1776 602; baseline 0.001 -8"><span class='ocrx_word' id='word_1_185' title='bbox 989 567 1188 599; x_wconf 67' lang='lat' dir='ltr'><strong>nerisazdibus,</strong></span> <span class='ocrx_word' id='word_1_186' title='bbox 1215 569 1420 602; x_wconf 69' lang='lat' dir='ltr'><strong>unguentarios,</strong></span> <span class='ocrx_word' id='word_1_187' title='bbox 1440 568 1603 602; x_wconf 70' lang='lat' dir='ltr'><strong>phonascos.</strong></span> <span class='ocrx_word' id='word_1_188' title='bbox 1630 568 1776 595; x_wconf 75' lang='lat' dir='ltr'><strong>histriones</strong></span> 
     </span>
    </p>
   </div>
   <div class='ocr_carea' id='block_1_27' title="bbox 988 613 1774 648">
    <p class='ocr_par' dir='ltr' id='par_1_27' title="bbox 988 613 1774 648">
     <span class='ocr_line' id='line_1_27' title="bbox 988 613 1774 648; baseline 0 -8"><span class='ocrx_word' id='word_1_189' title='bbox 988 613 1101 641; x_wconf 72' lang='lat' dir='ltr'><strong>edicere.</strong></span> <span class='ocrx_word' id='word_1_190' title='bbox 1118 613 1198 648; x_wconf 83' lang='lat' dir='ltr'><strong>Atqui</strong></span> <span class='ocrx_word' id='word_1_191' title='bbox 1216 614 1285 648; x_wconf 89' lang='lat' dir='ltr'><strong>apud</strong></span> <span class='ocrx_word' id='word_1_192' title='bbox 1301 614 1400 640; x_wconf 86' lang='lat' dir='ltr'><strong>Tainos</strong></span> <span class='ocrx_word' id='word_1_193' title='bbox 1414 619 1440 640; x_wconf 89' lang='lat' dir='ltr'><strong>et</strong></span> <span class='ocrx_word' id='word_1_194' title='bbox 1454 613 1616 645; x_wconf 80' lang='lat' dir='ltr'><strong>Saracenos,</strong></span> <span class='ocrx_word' id='word_1_195' title='bbox 1631 621 1662 641; x_wconf 89' lang='lat' dir='ltr'><strong>ac</strong></span> <span class='ocrx_word' id='word_1_196' title='bbox 1676 619 1729 640; x_wconf 88' lang='lat' dir='ltr'><strong>tam</strong></span> <span class='ocrx_word' id='word_1_197' title='bbox 1748 614 1774 640; x_wconf 91' lang='lat' dir='ltr'><strong>in</strong></span> 
     </span>
    </p>
   </div>
   <div class='ocr_carea' id='block_1_28' title="bbox 988 658 1774 695">
    <p class='ocr_par' dir='ltr' id='par_1_28' title="bbox 988 658 1774 695">
     <span class='ocr_line' id='line_1_28' title="bbox 988 658 1774 695; baseline 0 -9"><span class='ocrx_word' id='word_1_198' title='bbox 988 659 1128 694; x_wconf 82' lang='lat' dir='ltr'><strong>superiore</strong></span> <span class='ocrx_word' id='word_1_199' title='bbox 1144 658 1239 695; x_wconf 79' lang='lat' dir='ltr'><strong>Libya.</strong></span> <span class='ocrx_word' id='word_1_200' title='bbox 1257 668 1338 693; x_wconf 90' lang='lat' dir='ltr'><strong>quam</strong></span> <span class='ocrx_word' id='word_1_201' title='bbox 1355 660 1426 694; x_wconf 89' lang='lat' dir='ltr'><strong>apud</strong></span> <span class='ocrx_word' id='word_1_202' title='bbox 1441 659 1559 690; x_wconf 79' lang='lat' dir='ltr'><strong>Mauros.</strong></span> <span class='ocrx_word' id='word_1_203' title='bbox 1573 668 1621 687; x_wconf 85' lang='lat' dir='ltr'><strong>nec</strong></span> <span class='ocrx_word' id='word_1_204' title='bbox 1635 668 1688 686; x_wconf 92' lang='lat' dir='ltr'><strong>non</strong></span> <span class='ocrx_word' id='word_1_205' title='bbox 1703 659 1774 695; x_wconf 92' lang='lat' dir='ltr'><strong>apud</strong></span> 
     </span>
    </p>
   </div>
   <div class='ocr_carea' id='block_1_29' title="bbox 988 702 1775 738">
    <p class='ocr_par' dir='ltr' id='par_1_29' title="bbox 988 702 1775 738">
     <span class='ocr_line' id='line_1_29' title="bbox 988 702 1775 738; baseline 0.004 -9"><span class='ocrx_word' id='word_1_206' title='bbox 988 702 1123 731; x_wconf 84' lang='lat' dir='ltr'><strong>Nomadas</strong></span> <span class='ocrx_word' id='word_1_207' title='bbox 1134 704 1212 737; x_wconf 80' lang='lat' dir='ltr'><strong>illos,</strong></span> <span class='ocrx_word' id='word_1_208' title='bbox 1228 705 1273 738; x_wconf 87' lang='lat' dir='ltr'><strong>qui</strong></span> <span class='ocrx_word' id='word_1_209' title='bbox 1288 704 1386 731; x_wconf 80' lang='lat' dir='ltr'><strong>Oceani</strong></span> <span class='ocrx_word' id='word_1_210' title='bbox 1402 706 1502 731; x_wconf 77' lang='lat' dir='ltr'><strong>ostium</strong></span> <span class='ocrx_word' id='word_1_211' title='bbox 1519 705 1662 737; x_wconf 77' lang='lat' dir='ltr'><strong>accolunt,</strong></span> <span class='ocrx_word' id='word_1_212' title='bbox 1679 705 1775 732; x_wconf 87' lang='lat' dir='ltr'><strong>simul-</strong></span> 
     </span>
    </p>
   </div>
   <div class='ocr_carea' id='block_1_30' title="bbox 986 750 1774 785">
    <p class='ocr_par' dir='ltr' id='par_1_30' title="bbox 986 750 1774 785">
     <span class='ocr_line' id='line_1_30' title="bbox 986 750 1774 785; baseline 0.004 -10"><span class='ocrx_word' id='word_1_213' title='bbox 986 757 1039 784; x_wconf 86' lang='lat' dir='ltr'><strong>que</strong></span> <span class='ocrx_word' id='word_1_214' title='bbox 1052 754 1106 776; x_wconf 88' lang='lat' dir='ltr'><strong>tam</strong></span> <span class='ocrx_word' id='word_1_215' title='bbox 1124 750 1151 777; x_wconf 93' lang='lat' dir='ltr'><strong>in</strong></span> <span class='ocrx_word' id='word_1_216' title='bbox 1165 751 1299 778; x_wconf 71' lang='lat' dir='ltr'><strong>exteriore</strong></span> <span class='ocrx_word' id='word_1_217' title='bbox 1312 750 1470 782; x_wconf 84' lang='lat' dir='ltr'><strong>Germania.</strong></span> <span class='ocrx_word' id='word_1_218' title='bbox 1498 758 1579 785; x_wconf 86' lang='lat' dir='ltr'><strong>quam</strong></span> <span class='ocrx_word' id='word_1_219' title='bbox 1594 751 1622 778; x_wconf 93' lang='lat' dir='ltr'><strong>in</strong></span> <span class='ocrx_word' id='word_1_220' title='bbox 1639 751 1774 778; x_wconf 79' lang='lat' dir='ltr'><strong>Sarmatia</strong></span> 
     </span>
    </p>
   </div>
   <div class='ocr_carea' id='block_1_31' title="bbox 986 795 1774 831">
    <p class='ocr_par' dir='ltr' id='par_1_31' title="bbox 986 795 1774 831">
     <span class='ocr_line' id='line_1_31' title="bbox 986 795 1774 831; baseline 0.004 -10"><span class='ocrx_word' id='word_1_221' title='bbox 986 795 1137 829; x_wconf 80' lang='lat' dir='ltr'><strong>superiore,</strong></span> <span class='ocrx_word' id='word_1_222' title='bbox 1166 795 1276 831; x_wconf 76' lang='lat' dir='ltr'><strong>Scythia</strong></span> <span class='ocrx_word' id='word_1_223' title='bbox 1305 804 1424 830; x_wconf 85' lang='lat' dir='ltr'><strong>quoque.</strong></span> <span class='ocrx_word' id='word_1_224' title='bbox 1449 804 1482 823; x_wconf 93' lang='lat' dir='ltr'><strong>ac</strong></span> <span class='ocrx_word' id='word_1_225' title='bbox 1505 796 1610 823; x_wconf 64' lang='lat' dir='ltr'><strong>caeteris</strong></span> <span class='ocrx_word' id='word_1_226' title='bbox 1634 797 1774 830; x_wconf 79' lang='lat' dir='ltr'><strong>omnibus,</strong></span> 
     </span>
    </p>
   </div>
   <div class='ocr_carea' id='block_1_32' title="bbox 985 840 1775 877">
    <p class='ocr_par' dir='ltr' id='par_1_32' title="bbox 985 840 1775 877">
     <span class='ocr_line' id='line_1_32' title="bbox 985 840 1775 877; baseline 0.005 -11"><span class='ocrx_word' id='word_1_227' title='bbox 985 848 1045 875; x_wconf 65' lang='lat' dir='ltr'><strong>quae</strong></span> <span class='ocrx_word' id='word_1_228' title='bbox 1058 840 1091 867; x_wconf 89' lang='lat' dir='ltr'><strong>ad</strong></span> <span class='ocrx_word' id='word_1_229' title='bbox 1106 841 1330 875; x_wconf 83' lang='lat' dir='ltr'><strong>septentrionales</strong></span> <span class='ocrx_word' id='word_1_230' title='bbox 1351 841 1429 868; x_wconf 88' lang='lat' dir='ltr'><strong>Ponti</strong></span> <span class='ocrx_word' id='word_1_231' title='bbox 1445 847 1535 875; x_wconf 80' lang='lat' dir='ltr'><strong>partes</strong></span> <span class='ocrx_word' id='word_1_232' title='bbox 1551 842 1672 868; x_wconf 79' lang='lat' dir='ltr'><strong>habitant.</strong></span> <span class='ocrx_word' id='word_1_233' title='bbox 1688 843 1775 877; x_wconf 81' lang='lat' dir='ltr'><strong>genti—</strong></span> 
     </span>
    </p>
   </div>
   <div class='ocr_carea' id='block_1_33' title="bbox 985 886 1772 922">
    <p class='ocr_par' dir='ltr' id='par_1_33' title="bbox 985 886 1772 922">
     <span class='ocr_line' id='line_1_33' title="bbox 985 886 1772 922; baseline 0.004 -9"><span class='ocrx_word' id='word_1_234' title='bbox 985 886 1052 919; x_wconf 85' lang='lat' dir='ltr'><strong>bus;</strong></span> <span class='ocrx_word' id='word_1_235' title='bbox 1071 886 1182 921; x_wconf 84' lang='lat' dir='ltr'><strong>insuper</strong></span> <span class='ocrx_word' id='word_1_236' title='bbox 1206 891 1260 913; x_wconf 89' lang='lat' dir='ltr'><strong>tota</strong></span> <span class='ocrx_word' id='word_1_237' title='bbox 1288 888 1388 921; x_wconf 78' lang='lat' dir='ltr'><strong>passim</strong></span> <span class='ocrx_word' id='word_1_238' title='bbox 1403 887 1498 914; x_wconf 83' lang='lat' dir='ltr'><strong>Alania</strong></span> <span class='ocrx_word' id='word_1_239' title='bbox 1509 909 1516 920; x_wconf 83' lang='lat'><strong>,</strong></span> <span class='ocrx_word' id='word_1_240' title='bbox 1531 888 1643 914; x_wconf 78' lang='lat' dir='ltr'><strong>Albania</strong></span> <span class='ocrx_word' id='word_1_241' title='bbox 1654 909 1661 920; x_wconf 91' lang='lat'><strong>,</strong></span> <span class='ocrx_word' id='word_1_242' title='bbox 1677 887 1772 922; x_wconf 87' lang='lat' dir='ltr'><strong>Otene,</strong></span> 
     </span>
    </p>
   </div>
   <div class='ocr_carea' id='block_1_34' title="bbox 148 920 927 971">
    <p class='ocr_par' dir='ltr' id='par_1_34' title="bbox 148 932 927 971">
     <span class='ocr_line' id='line_1_34' title="bbox 148 932 927 971; baseline 0.005 -12"><span class='ocrx_word' id='word_1_243' title='bbox 148 941 194 963; x_wconf 86' lang='grc' dir='ltr'><strong>κα,</strong></span> <span class='ocrx_word' id='word_1_244' title='bbox 277 933 325 969; x_wconf 84' lang='grc' dir='ltr'><strong>μὲν</strong></span> <span class='ocrx_word' id='word_1_245' title='bbox 349 934 386 966; x_wconf 81' lang='grc' dir='ltr'>ὡς</span> <span class='ocrx_word' id='word_1_246' title='bbox 411 934 544 969; x_wconf 77' lang='grc' dir='ltr'>βούλεται,</span> <span class='ocrx_word' id='word_1_247' title='bbox 624 935 652 961; x_wconf 73' lang='grc' dir='ltr'><strong>δὲ</strong></span> <span class='ocrx_word' id='word_1_248' title='bbox 675 935 712 967; x_wconf 82' lang='grc' dir='ltr'>ὡς</span> <span class='ocrx_word' id='word_1_249' title='bbox 740 935 776 971; x_wconf 84' lang='grc' dir='ltr'>μὴ</span> <span class='ocrx_word' id='word_1_250' title='bbox 799 936 927 971; x_wconf 82' lang='grc' dir='ltr'>βούλεται.</span> 
     </span>
    </p>
   </div>
   <div class='ocr_carea' id='block_1_35' title="bbox 978 920 1772 971">
    <p class='ocr_par' dir='ltr' id='par_1_35' title="bbox 987 930 1772 967">
     <span class='ocr_line' id='line_1_35' title="bbox 987 930 1772 967; baseline 0.003 -9"><span class='ocrx_word' id='word_1_251' title='bbox 987 930 1087 958; x_wconf 87' lang='lat' dir='ltr'><strong>Saunia</strong></span> <span class='ocrx_word' id='word_1_252' title='bbox 1097 952 1105 964; x_wconf 80' lang='lat'><strong>,</strong></span> <span class='ocrx_word' id='word_1_253' title='bbox 1121 937 1148 959; x_wconf 89' lang='lat' dir='ltr'><strong>et</strong></span> <span class='ocrx_word' id='word_1_254' title='bbox 1159 940 1241 959; x_wconf 82' lang='lat' dir='ltr'><strong>aurea</strong></span> <span class='ocrx_word' id='word_1_255' title='bbox 1253 932 1422 959; x_wconf 75' lang='lat' dir='ltr'><strong>Chersoneso</strong></span> <span class='ocrx_word' id='word_1_256' title='bbox 1433 952 1440 963; x_wconf 92' lang='lat'><strong>,</strong></span> <span class='ocrx_word' id='word_1_257' title='bbox 1456 940 1543 967; x_wconf 87' lang='lat' dir='ltr'><strong>neque</strong></span> <span class='ocrx_word' id='word_1_258' title='bbox 1560 934 1772 961; x_wconf 83' lang='lat' dir='ltr'><strong>nummularimn</strong></span> 
     </span>
    </p>
   </div>
   <div class='ocr_carea' id='block_1_36' title="bbox 147 978 933 1015">
    <p class='ocr_par' dir='ltr' id='par_1_36' title="bbox 147 978 933 1015">
     <span class='ocr_line' id='line_1_36' title="bbox 147 978 933 1015; baseline 0.005 -10"><span class='ocrx_word' id='word_1_259' title='bbox 147 978 276 1014; x_wconf 81' lang='grc' dir='ltr'><strong>Πανταχῆ</strong></span> <span class='ocrx_word' id='word_1_260' title='bbox 291 979 346 1015; x_wconf 81' lang='grc' dir='ltr'><strong>γὰρ</strong></span> <span class='ocrx_word' id='word_1_261' title='bbox 373 980 420 1006; x_wconf 69' lang='grc' dir='ltr'><strong>καὶ</strong></span> <span class='ocrx_word' id='word_1_262' title='bbox 445 981 474 1006; x_wconf 80' lang='grc' dir='ltr'>ἐν</span> <span class='ocrx_word' id='word_1_263' title='bbox 491 981 571 1006; x_wconf 78' lang='grc' dir='ltr'>παντὶ</span> <span class='ocrx_word' id='word_1_264' title='bbox 589 980 658 1007; x_wconf 79' lang='grc' dir='ltr'>ἔθνει</span> <span class='ocrx_word' id='word_1_265' title='bbox 672 982 724 1008; x_wconf 79' lang='grc' dir='ltr'>εἰσὶ</span> <span class='ocrx_word' id='word_1_266' title='bbox 750 981 872 1008; x_wconf 83' lang='grc' dir='ltr'>πλούσιοι</span> <span class='ocrx_word' id='word_1_267' title='bbox 886 983 933 1009; x_wconf 77' lang='grc' dir='ltr'><strong>καὶ</strong></span> 
     </span>
    </p>
   </div>
   <div class='ocr_carea' id='block_1_37' title="bbox 147 1025 933 1064">
    <p class='ocr_par' dir='ltr' id='par_1_37' title="bbox 147 1025 933 1064">
     <span class='ocr_line' id='line_1_37' title="bbox 147 1025 933 1064; baseline 0.005 -13"><span class='ocrx_word' id='word_1_268' title='bbox 147 1025 273 1062; x_wconf 81' lang='grc' dir='ltr'>πένητες,</span> <span class='ocrx_word' id='word_1_269' title='bbox 291 1026 339 1052; x_wconf 67' lang='grc' dir='ltr'>καὶ</span> <span class='ocrx_word' id='word_1_270' title='bbox 353 1025 481 1061; x_wconf 77' lang='grc' dir='ltr'>ἄρχοντες</span> <span class='ocrx_word' id='word_1_271' title='bbox 496 1027 541 1053; x_wconf 66' lang='grc' dir='ltr'><strong>καλ⁸</strong></span> <span class='ocrx_word' id='word_1_272' title='bbox 567 1027 721 1062; x_wconf 74' lang='grc' dir='ltr'>ἀρχόμενοι,</span> <span class='ocrx_word' id='word_1_273' title='bbox 740 1029 786 1054; x_wconf 73' lang='grc' dir='ltr'><strong>καὶ</strong></span> <span class='ocrx_word' id='word_1_274' title='bbox 811 1028 933 1064; x_wconf 67' lang='grc' dir='ltr'>ἐρρωμέ-</span> 
     </span>
    </p>
   </div>
   <div class='ocr_carea' id='block_1_38' title="bbox 146 1070 932 1107">
    <p class='ocr_par' dir='ltr' id='par_1_38' title="bbox 146 1070 932 1107">
     <span class='ocr_line' id='line_1_38' title="bbox 146 1070 932 1107; baseline 0.004 -10"><span class='ocrx_word' id='word_1_275' title='bbox 146 1079 185 1097; x_wconf 85' lang='grc' dir='ltr'><strong>νοι</strong></span> <span class='ocrx_word' id='word_1_276' title='bbox 196 1071 244 1098; x_wconf 86' lang='grc' dir='ltr'>καὶ</span> <span class='ocrx_word' id='word_1_277' title='bbox 256 1070 407 1103; x_wconf 78' lang='grc' dir='ltr'><strong>νοσοῦντες,</strong></span> <span class='ocrx_word' id='word_1_278' title='bbox 423 1071 537 1103; x_wconf 73' lang='grc' dir='ltr'>ἕκαστος</span> <span class='ocrx_word' id='word_1_279' title='bbox 550 1072 618 1098; x_wconf 73' lang='grc' dir='ltr'>κατὰ</span> <span class='ocrx_word' id='word_1_280' title='bbox 643 1073 705 1104; x_wconf 79' lang='grc' dir='ltr'>τοὺς</span> <span class='ocrx_word' id='word_1_281' title='bbox 727 1073 776 1107; x_wconf 79' lang='grc' dir='ltr'>τῆς</span> <span class='ocrx_word' id='word_1_282' title='bbox 801 1073 932 1107; x_wconf 80' lang='grc' dir='ltr'>γενέσεως</span> 
     </span>
    </p>
   </div>
   <div class='ocr_carea' id='block_1_39' title="bbox 145 1115 931 1154">
    <p class='ocr_par' dir='ltr' id='par_1_39' title="bbox 145 1115 931 1154">
     <span class='ocr_line' id='line_1_39' title="bbox 145 1115 931 1154; baseline 0.003 -11"><span class='ocrx_word' id='word_1_283' title='bbox 145 1116 226 1143; x_wconf 78' lang='grc' dir='ltr'>αὐτοῦ</span> <span class='ocrx_word' id='word_1_284' title='bbox 244 1116 372 1153; x_wconf 76' lang='grc' dir='ltr'><strong>κλήρους.</strong></span> <span class='ocrx_word' id='word_1_285' title='bbox 405 1117 507 1150; x_wconf 82' lang='grc' dir='ltr'>Ταῦτα,</span> <span class='ocrx_word' id='word_1_286' title='bbox 525 1115 547 1143; x_wconf 81' lang='grc' dir='ltr'><strong>ὦ</strong></span> <span class='ocrx_word' id='word_1_287' title='bbox 564 1117 726 1153; x_wconf 82' lang='grc' dir='ltr'>Βαρδισάνη,</span> <span class='ocrx_word' id='word_1_288' title='bbox 744 1119 835 1154; x_wconf 77' lang='grc' dir='ltr'>ἄκρως</span> <span class='ocrx_word' id='word_1_289' title='bbox 858 1120 931 1154; x_wconf 84' lang='grc' dir='ltr'>ἡμᾶς</span> 
     </span>
    </p>
   </div>
   <div class='ocr_carea' id='block_1_40' title="bbox 144 1162 931 1200">
    <p class='ocr_par' dir='ltr' id='par_1_40' title="bbox 144 1162 931 1200">
     <span class='ocr_line' id='line_1_40' title="bbox 144 1162 931 1200; baseline 0.004 -12"><span class='ocrx_word' id='word_1_290' title='bbox 144 1162 271 1195; x_wconf 83' lang='grc' dir='ltr'>πέπεικε,</span> <span class='ocrx_word' id='word_1_291' title='bbox 286 1163 356 1199; x_wconf 75' lang='grc' dir='ltr'>φημὶ</span> <span class='ocrx_word' id='word_1_292' title='bbox 370 1162 454 1198; x_wconf 79' lang='grc' dir='ltr'>αὐτῷ.</span> <span class='ocrx_word' id='word_1_293' title='bbox 471 1164 502 1190; x_wconf 86' lang='grc' dir='ltr'>Οί</span> <span class='ocrx_word' id='word_1_294' title='bbox 521 1164 549 1190; x_wconf 84' lang='grc' dir='ltr'><strong>δὲ</strong></span> <span class='ocrx_word' id='word_1_295' title='bbox 562 1164 722 1200; x_wconf 71' lang='grc' dir='ltr'><strong>ἀστρονόμοι</strong></span> <span class='ocrx_word' id='word_1_296' title='bbox 740 1165 804 1199; x_wconf 71' lang='grc' dir='ltr'><strong>φασὶ</strong></span> <span class='ocrx_word' id='word_1_297' title='bbox 818 1165 867 1200; x_wconf 79' lang='grc' dir='ltr'>τὴν</span> <span class='ocrx_word' id='word_1_298' title='bbox 880 1165 931 1200; x_wconf 86' lang='grc' dir='ltr'>γῆν</span> 
     </span>
    </p>
   </div>
   <div class='ocr_carea' id='block_1_41' title="bbox 142 1208 930 1246">
    <p class='ocr_par' dir='ltr' id='par_1_41' title="bbox 142 1208 930 1246">
     <span class='ocr_line' id='line_1_41' title="bbox 142 1208 930 1246; baseline 0.003 -11"><span class='ocrx_word' id='word_1_299' title='bbox 142 1208 245 1243; x_wconf 73' lang='grc' dir='ltr'>ταύτην</span> <span class='ocrx_word' id='word_1_300' title='bbox 271 1209 434 1245; x_wconf 80' lang='grc' dir='ltr'>μεμερίσθαι</span> <span class='ocrx_word' id='word_1_301' title='bbox 462 1212 501 1242; x_wconf 85' lang='grc' dir='ltr'>εἰς</span> <span class='ocrx_word' id='word_1_302' title='bbox 527 1210 597 1237; x_wconf 78' lang='grc' dir='ltr'>ἑπτὰ</span> <span class='ocrx_word' id='word_1_303' title='bbox 611 1210 739 1245; x_wconf 79' lang='grc' dir='ltr'>κλίματα,</span> <span class='ocrx_word' id='word_1_304' title='bbox 766 1211 813 1237; x_wconf 73' lang='grc' dir='ltr'><strong>καὶ</strong></span> <span class='ocrx_word' id='word_1_305' title='bbox 837 1211 930 1246; x_wconf 80' lang='grc' dir='ltr'>ἄρχειν</span> 
     </span>
    </p>
   </div>
   <div class='ocr_carea' id='block_1_42' title="bbox 143 1255 931 1291">
    <p class='ocr_par' dir='ltr' id='par_1_42' title="bbox 143 1255 931 1291">
     <span class='ocr_line' id='line_1_42' title="bbox 143 1255 931 1291; baseline 0.001 -10"><span class='ocrx_word' id='word_1_306' title='bbox 143 1255 258 1282; x_wconf 75' lang='grc' dir='ltr'>ἑκάστου</span> <span class='ocrx_word' id='word_1_307' title='bbox 279 1256 409 1291; x_wconf 76' lang='grc' dir='ltr'>κλίματος</span> <span class='ocrx_word' id='word_1_308' title='bbox 422 1256 469 1283; x_wconf 85' lang='grc' dir='ltr'>’ἑνα</span> <span class='ocrx_word' id='word_1_309' title='bbox 480 1257 534 1283; x_wconf 82' lang='grc' dir='ltr'><strong>τῶν</strong></span> <span class='ocrx_word' id='word_1_310' title='bbox 553 1257 623 1283; x_wconf 76' lang='grc' dir='ltr'>ἑπτὰ</span> <span class='ocrx_word' id='word_1_311' title='bbox 649 1256 780 1291; x_wconf 78' lang='grc' dir='ltr'>ἀστέρων·</span> <span class='ocrx_word' id='word_1_312' title='bbox 799 1257 845 1283; x_wconf 84' lang='grc' dir='ltr'>καί</span> <span class='ocrx_word' id='word_1_313' title='bbox 869 1257 931 1288; x_wconf 80' lang='grc' dir='ltr'>τοὺς</span> 
     </span>
    </p>
   </div>
   <div class='ocr_carea' id='block_1_43' title="bbox 141 1301 931 1338">
    <p class='ocr_par' dir='ltr' id='par_1_43' title="bbox 141 1301 931 1338">
     <span class='ocr_line' id='line_1_43' title="bbox 141 1301 931 1338; baseline 0 -10"><span class='ocrx_word' id='word_1_314' title='bbox 141 1301 286 1337; x_wconf 75' lang='grc' dir='ltr'>διαφόρους</span> <span class='ocrx_word' id='word_1_315' title='bbox 302 1302 399 1338; x_wconf 84' lang='grc' dir='ltr'>νόμους</span> <span class='ocrx_word' id='word_1_316' title='bbox 409 1303 444 1338; x_wconf 81' lang='grc' dir='ltr'>μὴ</span> <span class='ocrx_word' id='word_1_317' title='bbox 461 1303 522 1334; x_wconf 72' lang='grc' dir='ltr'>τοὺς</span> <span class='ocrx_word' id='word_1_318' title='bbox 535 1302 693 1338; x_wconf 77' lang='grc' dir='ltr'><strong>ἀνθρώπους</strong></span> <span class='ocrx_word' id='word_1_319' title='bbox 705 1303 855 1329; x_wconf 71' lang='grc' dir='ltr'>τεθεικέναι</span> <span class='ocrx_word' id='word_1_320' title='bbox 872 1303 931 1329; x_wconf 83' lang='grc' dir='ltr'><strong>ἐαυ-</strong></span> 
     </span>
    </p>
   </div>
   <div class='ocr_carea' id='block_1_44' title="bbox 140 1347 930 1385">
    <p class='ocr_par' dir='ltr' id='par_1_44' title="bbox 140 1347 930 1385">
     <span class='ocr_line' id='line_1_44' title="bbox 140 1347 930 1385; baseline 0.001 -11"><span class='ocrx_word' id='word_1_321' title='bbox 140 1348 207 1380; x_wconf 78' lang='grc' dir='ltr'>τοϊς,</span> <span class='ocrx_word' id='word_1_322' title='bbox 227 1347 284 1374; x_wconf 80' lang='grc' dir='ltr'>ἀλλ’</span> <span class='ocrx_word' id='word_1_323' title='bbox 297 1348 412 1375; x_wconf 81' lang='grc' dir='ltr'>ἑκάστου</span> <span class='ocrx_word' id='word_1_324' title='bbox 440 1350 568 1384; x_wconf 82' lang='grc' dir='ltr'>ἄρχοντος</span> <span class='ocrx_word' id='word_1_325' title='bbox 585 1349 740 1381; x_wconf 72' lang='grc' dir='ltr'>πλεονάζειν</span> <span class='ocrx_word' id='word_1_326' title='bbox 766 1349 795 1375; x_wconf 78' lang='grc' dir='ltr'>τὸ</span> <span class='ocrx_word' id='word_1_327' title='bbox 824 1349 930 1385; x_wconf 81' lang='grc' dir='ltr'>θέλημα</span> 
     </span>
    </p>
   </div>
   <div class='ocr_carea' id='block_1_45' title="bbox 141 1394 929 1430">
    <p class='ocr_par' dir='ltr' id='par_1_45' title="bbox 141 1394 929 1430">
     <span class='ocr_line' id='line_1_45' title="bbox 141 1394 929 1430; baseline -0.001 -9"><span class='ocrx_word' id='word_1_328' title='bbox 141 1395 169 1420; x_wconf 85' lang='grc' dir='ltr'>ὲν</span> <span class='ocrx_word' id='word_1_329' title='bbox 182 1395 215 1430; x_wconf 84' lang='grc' dir='ltr'>τῇ</span> <span class='ocrx_word' id='word_1_330' title='bbox 227 1394 281 1430; x_wconf 77' lang='grc' dir='ltr'><strong>ἰδίᾳ.</strong></span> <span class='ocrx_word' id='word_1_331' title='bbox 298 1394 384 1430; x_wconf 72' lang='grc' dir='ltr'>χῲρᾳ,</span> <span class='ocrx_word' id='word_1_332' title='bbox 397 1395 425 1421; x_wconf 86' lang='grc' dir='ltr'>ὂν</span> <span class='ocrx_word' id='word_1_333' title='bbox 441 1395 522 1430; x_wconf 74' lang='grc' dir='ltr'>νόμον</span> <span class='ocrx_word' id='word_1_334' title='bbox 549 1395 721 1430; x_wconf 81' lang='grc' dir='ltr'>νενομίκασιν</span> <span class='ocrx_word' id='word_1_335' title='bbox 741 1395 765 1421; x_wconf 83' lang='lat' dir='ltr'><strong>ol</strong></span> <span class='ocrx_word' id='word_1_336' title='bbox 779 1395 929 1430; x_wconf 78' lang='grc' dir='ltr'>κρατούμε-</span> 
     </span>
    </p>
   </div>
   <div class='ocr_carea' id='block_1_46' title="bbox 139 1441 926 1477">
    <p class='ocr_par' dir='ltr' id='par_1_46' title="bbox 139 1441 926 1477">
     <span class='ocr_line' id='line_1_46' title="bbox 139 1441 926 1477; baseline -0.001 -9"><span class='ocrx_word' id='word_1_337' title='bbox 139 1450 188 1468; x_wconf 83' lang='grc' dir='ltr'>νοι.</span> <span class='ocrx_word' id='word_1_338' title='bbox 206 1441 386 1477; x_wconf 82' lang='grc' dir='ltr'>Ἀπεκρίνατο</span> <span class='ocrx_word' id='word_1_339' title='bbox 398 1441 452 1476; x_wconf 72' lang='lat'><strong>(1‘2)</strong></span> <span class='ocrx_word' id='word_1_340' title='bbox 470 1442 520 1468; x_wconf 78' lang='grc' dir='ltr'>οὐκ</span> <span class='ocrx_word' id='word_1_341' title='bbox 542 1441 643 1477; x_wconf 78' lang='grc' dir='ltr'>ἀληθὴς</span> <span class='ocrx_word' id='word_1_342' title='bbox 659 1443 674 1476; x_wconf 85' lang='grc' dir='ltr'>ἡ</span> <span class='ocrx_word' id='word_1_343' title='bbox 690 1441 833 1477; x_wconf 76' lang='grc' dir='ltr'>ἀπόκρισις</span> <span class='ocrx_word' id='word_1_344' title='bbox 847 1442 926 1476; x_wconf 66' lang='grc' dir='ltr'>αὓτη,</span> 
     </span>
    </p>
   </div>
   <div class='ocr_carea' id='block_1_47' title="bbox 138 1484 925 1525">
    <p class='ocr_par' dir='ltr' id='par_1_47' title="bbox 138 1484 925 1525">
     <span class='ocr_line' id='line_1_47' title="bbox 138 1484 925 1525; baseline 0.003 -12"><span class='ocrx_word' id='word_1_345' title='bbox 138 1484 296 1515; x_wconf 70' lang='grc' dir='ltr'>ὧῷίλιππε.</span> <span class='ocrx_word' id='word_1_346' title='bbox 307 1488 339 1514; x_wconf 81' lang='lat' dir='ltr'><strong>El</strong></span> <span class='ocrx_word' id='word_1_347' title='bbox 352 1487 406 1523; x_wconf 82' lang='grc' dir='ltr'>γὰρ</span> <span class='ocrx_word' id='word_1_348' title='bbox 419 1487 596 1523; x_wconf 71' lang='grc' dir='ltr'>καὶδιῄρηται</span> <span class='ocrx_word' id='word_1_349' title='bbox 609 1489 624 1523; x_wconf 92' lang='grc' dir='ltr'><strong>ή</strong></span> <span class='ocrx_word' id='word_1_350' title='bbox 637 1488 783 1523; x_wconf 82' lang='grc' dir='ltr'>οἰκουμένη</span> <span class='ocrx_word' id='word_1_351' title='bbox 796 1489 837 1520; x_wconf 82' lang='grc' dir='ltr'>εἰς</span> <span class='ocrx_word' id='word_1_352' title='bbox 857 1489 925 1525; x_wconf 83' lang='grc' dir='ltr'>μέρη</span> 
     </span>
    </p>
   </div>
   <div class='ocr_carea' id='block_1_48' title="bbox 138 1531 927 1569">
    <p class='ocr_par' dir='ltr' id='par_1_48' title="bbox 138 1531 927 1569">
     <span class='ocr_line' id='line_1_48' title="bbox 138 1531 927 1569; baseline 0.001 -9"><span class='ocrx_word' id='word_1_353' title='bbox 138 1533 218 1565; x_wconf 79' lang='grc' dir='ltr'>ἑπτὰ,</span> <span class='ocrx_word' id='word_1_354' title='bbox 235 1533 293 1560; x_wconf 84' lang='grc' dir='ltr'>ἀλλ’</span> <span class='ocrx_word' id='word_1_355' title='bbox 308 1531 354 1560; x_wconf 76' lang='grc' dir='ltr'>οὖν</span> <span class='ocrx_word' id='word_1_356' title='bbox 367 1542 398 1568; x_wconf 90' lang='grc' dir='ltr'><strong>γε</strong></span> <span class='ocrx_word' id='word_1_357' title='bbox 413 1534 441 1560; x_wconf 73' lang='grc' dir='ltr'>ἐν</span> <span class='ocrx_word' id='word_1_358' title='bbox 459 1534 508 1569; x_wconf 78' lang='grc' dir='ltr'>μιᾷ</span> <span class='ocrx_word' id='word_1_359' title='bbox 539 1534 626 1569; x_wconf 81' lang='grc' dir='ltr'>μερίδι</span> <span class='ocrx_word' id='word_1_360' title='bbox 651 1534 813 1569; x_wconf 86' lang='grc' dir='ltr'>εὑρίσκομεν</span> <span class='ocrx_word' id='word_1_361' title='bbox 828 1534 927 1567; x_wconf 84' lang='grc' dir='ltr'>πολλὰς</span> 
     </span>
    </p>
   </div>
   <div class='ocr_carea' id='block_1_49' title="bbox 136 1580 960 1618">
    <p class='ocr_par' dir='ltr' id='par_1_49' title="bbox 136 1580 960 1618">
     <span class='ocr_line' id='line_1_49' title="bbox 136 1580 960 1618; baseline 0.002 -11"><span class='ocrx_word' id='word_1_362' title='bbox 136 1580 267 1617; x_wconf 76' lang='grc' dir='ltr'>διαφορὰς</span> <span class='ocrx_word' id='word_1_363' title='bbox 281 1581 380 1616; x_wconf 84' lang='grc' dir='ltr'>νόμων.</span> <span class='ocrx_word' id='word_1_364' title='bbox 397 1581 463 1607; x_wconf 80' lang='grc' dir='ltr'><strong>Οὐδὲ</strong></span> <span class='ocrx_word' id='word_1_365' title='bbox 476 1581 530 1616; x_wconf 80' lang='grc' dir='ltr'>γὰρ</span> <span class='ocrx_word' id='word_1_366' title='bbox 543 1581 612 1608; x_wconf 74' lang='grc' dir='ltr'>ἑπτὰ</span> <span class='ocrx_word' id='word_1_367' title='bbox 628 1582 704 1616; x_wconf 79' lang='grc' dir='ltr'>νόμοι</span> <span class='ocrx_word' id='word_1_368' title='bbox 718 1582 770 1608; x_wconf 77' lang='grc' dir='ltr'>εἰσὶ</span> <span class='ocrx_word' id='word_1_369' title='bbox 782 1582 851 1609; x_wconf 69' lang='grc' dir='ltr'>κατὰ</span> <span class='ocrx_word' id='word_1_370' title='bbox 863 1584 926 1614; x_wconf 76' lang='grc' dir='ltr'>τοὺς</span> <span class='ocrx_word' id='word_1_371' title='bbox 940 1591 960 1618; x_wconf 58' lang='grc' dir='ltr'><strong>(ζ</strong></span> 
     </span>
    </p>
   </div>
   <div class='ocr_carea' id='block_1_50' title="bbox 136 1626 927 1663">
    <p class='ocr_par' dir='ltr' id='par_1_50' title="bbox 136 1626 927 1663">
     <span class='ocr_line' id='line_1_50' title="bbox 136 1626 927 1663; baseline 0.001 -10"><span class='ocrx_word' id='word_1_372' title='bbox 136 1626 206 1653; x_wconf 81' lang='grc' dir='ltr'>ἑπτὰ</span> <span class='ocrx_word' id='word_1_373' title='bbox 216 1627 346 1662; x_wconf 73' lang='grc' dir='ltr'>ἀστέρας.</span> <span class='ocrx_word' id='word_1_374' title='bbox 357 1626 416 1653; x_wconf 82' lang='grc' dir='ltr'>οὐδὲ</span> <span class='ocrx_word' id='word_1_375' title='bbox 430 1626 533 1653; x_wconf 82' lang='grc' dir='ltr'>δώδεκα</span> <span class='ocrx_word' id='word_1_376' title='bbox 547 1627 617 1653; x_wconf 78' lang='grc' dir='ltr'>κατὰ</span> <span class='ocrx_word' id='word_1_377' title='bbox 628 1627 661 1653; x_wconf 72' lang='grc' dir='ltr'>τὰ</span> <span class='ocrx_word' id='word_1_378' title='bbox 671 1626 761 1659; x_wconf 53' lang='lat' dir='ltr'><strong>costa,</strong></span> <span class='ocrx_word' id='word_1_379' title='bbox 778 1628 837 1654; x_wconf 74' lang='grc' dir='ltr'><strong>οὐδὲ</strong></span> <span class='ocrx_word' id='word_1_380' title='bbox 854 1637 927 1663; x_wconf 87' lang='grc' dir='ltr'>τρια-</span> 
     </span>
    </p>
   </div>
   <div class='ocr_carea' id='block_1_51' title="bbox 137 1671 927 1709">
    <p class='ocr_par' dir='ltr' id='par_1_51' title="bbox 137 1671 927 1709">
     <span class='ocr_line' id='line_1_51' title="bbox 137 1671 927 1709; baseline 0.003 -11"><span class='ocrx_word' id='word_1_381' title='bbox 137 1671 260 1705; x_wconf 79' lang='grc' dir='ltr'>κονταὲξ,</span> <span class='ocrx_word' id='word_1_382' title='bbox 273 1671 345 1699; x_wconf 86' lang='grc' dir='ltr'>κατὰ</span> <span class='ocrx_word' id='word_1_383' title='bbox 361 1673 423 1699; x_wconf 78' lang='grc' dir='ltr'>τοὺς</span> <span class='ocrx_word' id='word_1_384' title='bbox 437 1672 564 1703; x_wconf 75' lang='grc' dir='ltr'>δεκανοὺς</span> <span class='ocrx_word' id='word_1_385' title='bbox 576 1672 642 1706; x_wconf 77' lang='grc'><strong>(15),</strong></span> <span class='ocrx_word' id='word_1_386' title='bbox 656 1672 724 1699; x_wconf 76' lang='grc' dir='ltr'>ἀλλὰ</span> <span class='ocrx_word' id='word_1_387' title='bbox 739 1674 839 1709; x_wconf 87' lang='grc' dir='ltr'>μυρίοι.</span> <span class='ocrx_word' id='word_1_388' title='bbox 854 1675 927 1709; x_wconf 88' lang='grc' dir='ltr'><strong>Μνη-</strong></span> 
     </span>
    </p>
   </div>
   <div class='ocr_carea' id='block_1_52' title="bbox 138 1715 926 1753">
    <p class='ocr_par' dir='ltr' id='par_1_52' title="bbox 138 1715 926 1753">
     <span class='ocr_line' id='line_1_52' title="bbox 138 1715 926 1753; baseline 0.003 -8"><span class='ocrx_word' id='word_1_389' title='bbox 138 1718 262 1753; x_wconf 84' lang='grc' dir='ltr'>μονεύειν</span> <span class='ocrx_word' id='word_1_390' title='bbox 282 1727 314 1745; x_wconf 86' lang='grc' dir='ltr'><strong>τε</strong></span> <span class='ocrx_word' id='word_1_391' title='bbox 339 1718 459 1753; x_wconf 79' lang='grc' dir='ltr'>ὀφείλετε</span> <span class='ocrx_word' id='word_1_392' title='bbox 487 1715 525 1745; x_wconf 85' lang='grc' dir='ltr'>ὧν</span> <span class='ocrx_word' id='word_1_393' title='bbox 553 1720 692 1753; x_wconf 71' lang='grc' dir='ltr'>προεῖπον,</span> <span class='ocrx_word' id='word_1_394' title='bbox 721 1719 762 1746; x_wconf 81' lang='grc' dir='ltr'><strong>ὅτι</strong></span> <span class='ocrx_word' id='word_1_395' title='bbox 789 1721 873 1746; x_wconf 71' lang='grc' dir='ltr'>καὶέν</span> <span class='ocrx_word' id='word_1_396' title='bbox 885 1721 926 1747; x_wconf 71' lang='grc' dir='ltr'><strong>ἑνὶ</strong></span> 
     </span>
    </p>
   </div>
   <div class='ocr_carea' id='block_1_53' title="bbox 135 1765 924 1801">
    <p class='ocr_par' dir='ltr' id='par_1_53' title="bbox 135 1765 924 1801">
     <span class='ocr_line' id='line_1_53' title="bbox 135 1765 924 1801; baseline 0.001 -9"><span class='ocrx_word' id='word_1_397' title='bbox 135 1765 258 1801; x_wconf 80' lang='grc' dir='ltr'>κλίματι,</span> <span class='ocrx_word' id='word_1_398' title='bbox 284 1765 331 1792; x_wconf 77' lang='grc' dir='ltr'><strong>καὶ</strong></span> <span class='ocrx_word' id='word_1_399' title='bbox 347 1766 374 1792; x_wconf 80' lang='grc' dir='ltr'><strong>ὲν</strong></span> <span class='ocrx_word' id='word_1_400' title='bbox 405 1766 453 1801; x_wconf 80' lang='grc' dir='ltr'>μιᾷ</span> <span class='ocrx_word' id='word_1_401' title='bbox 479 1765 554 1801; x_wconf 70' lang='grc' dir='ltr'>χώρα</span> <span class='ocrx_word' id='word_1_402' title='bbox 589 1766 642 1792; x_wconf 82' lang='grc' dir='ltr'>τῶν</span> <span class='ocrx_word' id='word_1_403' title='bbox 677 1766 764 1792; x_wconf 78' lang='grc' dir='ltr'>Ἰνδῶν</span> <span class='ocrx_word' id='word_1_404' title='bbox 787 1767 855 1793; x_wconf 84' lang='grc' dir='ltr'>εἰσιν</span> <span class='ocrx_word' id='word_1_405' title='bbox 878 1767 924 1793; x_wconf 83' lang='grc' dir='ltr'><strong>ἀν-</strong></span> 
     </span>
    </p>
   </div>
   <div class='ocr_carea' id='block_1_54' title="bbox 135 1811 926 1848">
    <p class='ocr_par' dir='ltr' id='par_1_54' title="bbox 135 1811 926 1848">
     <span class='ocr_line' id='line_1_54' title="bbox 135 1811 926 1848; baseline 0.001 -10"><span class='ocrx_word' id='word_1_406' title='bbox 135 1811 312 1848; x_wconf 69' lang='grc' dir='ltr'>θρωποφάγοι</span> <span class='ocrx_word' id='word_1_407' title='bbox 344 1812 437 1843; x_wconf 73' lang='grc' dir='ltr'>Ἰνδοὶ,</span> <span class='ocrx_word' id='word_1_408' title='bbox 470 1812 516 1838; x_wconf 78' lang='grc' dir='ltr'><strong>καί</strong></span> <span class='ocrx_word' id='word_1_409' title='bbox 551 1812 619 1839; x_wconf 82' lang='grc' dir='ltr'>εἰσιν</span> <span class='ocrx_word' id='word_1_410' title='bbox 653 1813 677 1838; x_wconf 82' lang='grc' dir='ltr'>οἱ</span> <span class='ocrx_word' id='word_1_411' title='bbox 704 1813 832 1848; x_wconf 66' lang='grc' dir='ltr'>ἐμψύχων</span> <span class='ocrx_word' id='word_1_412' title='bbox 873 1814 926 1840; x_wconf 87' lang='grc' dir='ltr'><strong>ἀπ-</strong></span> 
     </span>
    </p>
   </div>
   <div class='ocr_carea' id='block_1_55' title="bbox 133 1858 925 1895">
    <p class='ocr_par' dir='ltr' id='par_1_55' title="bbox 133 1858 925 1895">
     <span class='ocr_line' id='line_1_55' title="bbox 133 1858 925 1895; baseline 0 -10"><span class='ocrx_word' id='word_1_413' title='bbox 133 1858 275 1894; x_wconf 86' lang='grc' dir='ltr'>εχόμενοι·</span> <span class='ocrx_word' id='word_1_414' title='bbox 311 1858 359 1885; x_wconf 78' lang='grc' dir='ltr'>καὶ</span> <span class='ocrx_word' id='word_1_415' title='bbox 389 1858 429 1884; x_wconf 81' lang='grc' dir='ltr'>ὅτι</span> <span class='ocrx_word' id='word_1_416' title='bbox 457 1858 481 1884; x_wconf 87' lang='grc' dir='ltr'>οἱ</span> <span class='ocrx_word' id='word_1_417' title='bbox 508 1859 677 1892; x_wconf 80' lang='grc' dir='ltr'>Μαγουσαῖοι</span> <span class='ocrx_word' id='word_1_418' title='bbox 717 1859 766 1885; x_wconf 79' lang='grc' dir='ltr'><strong>οὐκ</strong></span> <span class='ocrx_word' id='word_1_419' title='bbox 799 1860 827 1885; x_wconf 84' lang='grc' dir='ltr'><strong>ἐν</strong></span> <span class='ocrx_word' id='word_1_420' title='bbox 856 1859 925 1895; x_wconf 83' lang='grc' dir='ltr'>Περ-</span> 
     </span>
    </p>
   </div>
   <div class='ocr_carea' id='block_1_56' title="bbox 133 1903 923 1941">
    <p class='ocr_par' dir='ltr' id='par_1_56' title="bbox 133 1903 923 1941">
     <span class='ocr_line' id='line_1_56' title="bbox 133 1903 923 1941; baseline 0.001 -10"><span class='ocrx_word' id='word_1_421' title='bbox 133 1905 186 1931; x_wconf 77' lang='grc' dir='ltr'>σίδι</span> <span class='ocrx_word' id='word_1_422' title='bbox 216 1905 286 1941; x_wconf 79' lang='grc' dir='ltr'>μόνῃ</span> <span class='ocrx_word' id='word_1_423' title='bbox 311 1903 360 1935; x_wconf 79' lang='grc' dir='ltr'>τὰς</span> <span class='ocrx_word' id='word_1_424' title='bbox 388 1905 539 1940; x_wconf 76' lang='grc' dir='ltr'><strong>θυγατέρας</strong></span> <span class='ocrx_word' id='word_1_425' title='bbox 557 1905 711 1940; x_wconf 78' lang='grc' dir='ltr'>γαμοῦσιν,</span> <span class='ocrx_word' id='word_1_426' title='bbox 742 1905 810 1931; x_wconf 75' lang='grc' dir='ltr'><strong>ἀλλὰ</strong></span> <span class='ocrx_word' id='word_1_427' title='bbox 830 1906 876 1932; x_wconf 72' lang='grc' dir='ltr'>καὶ</span> <span class='ocrx_word' id='word_1_428' title='bbox 894 1906 923 1932; x_wconf 75' lang='grc' dir='ltr'><strong>ἐν</strong></span> 
     </span>
    </p>
   </div>
   <div class='ocr_carea' id='block_1_57' title="bbox 131 1951 924 1986">
    <p class='ocr_par' dir='ltr' id='par_1_57' title="bbox 131 1951 924 1986">
     <span class='ocr_line' id='line_1_57' title="bbox 131 1951 924 1986; baseline 0 -9"><span class='ocrx_word' id='word_1_429' title='bbox 131 1951 214 1978; x_wconf 77' lang='grc' dir='ltr'>παντὶ</span> <span class='ocrx_word' id='word_1_430' title='bbox 233 1951 315 1982; x_wconf 72' lang='grc' dir='ltr'>ἔθνει,</span> <span class='ocrx_word' id='word_1_431' title='bbox 330 1951 396 1977; x_wconf 82' lang='grc' dir='ltr'>ὅπου</span> <span class='ocrx_word' id='word_1_432' title='bbox 412 1951 444 1978; x_wconf 88' lang='grc' dir='ltr'>ἃν</span> <span class='ocrx_word' id='word_1_433' title='bbox 459 1951 608 1986; x_wconf 72' lang='grc' dir='ltr'>οἰκήσωσι,</span> <span class='ocrx_word' id='word_1_434' title='bbox 627 1952 688 1983; x_wconf 72' lang='grc' dir='ltr'>τοὺς</span> <span class='ocrx_word' id='word_1_435' title='bbox 710 1951 763 1977; x_wconf 76' lang='grc' dir='ltr'><strong>τῶν</strong></span> <span class='ocrx_word' id='word_1_436' title='bbox 785 1952 924 1986; x_wconf 78' lang='grc' dir='ltr'>προγόνων</span> 
     </span>
    </p>
   </div>
   <div class='ocr_carea' id='block_1_58' title="bbox 131 1996 923 2032">
    <p class='ocr_par' dir='ltr' id='par_1_58' title="bbox 131 1996 923 2032">
     <span class='ocr_line' id='line_1_58' title="bbox 131 1996 923 2032; baseline 0 -9"><span class='ocrx_word' id='word_1_437' title='bbox 131 1997 315 2031; x_wconf 78' lang='grc' dir='ltr'>φυλάσσοντες</span> <span class='ocrx_word' id='word_1_438' title='bbox 331 1996 438 2032; x_wconf 80' lang='grc' dir='ltr'>νόμους,</span> <span class='ocrx_word' id='word_1_439' title='bbox 459 1996 505 2023; x_wconf 75' lang='grc' dir='ltr'><strong>καὶ</strong></span> <span class='ocrx_word' id='word_1_440' title='bbox 520 1997 573 2023; x_wconf 80' lang='grc' dir='ltr'><strong>τῶν</strong></span> <span class='ocrx_word' id='word_1_441' title='bbox 588 1996 744 2032; x_wconf 77' lang='grc' dir='ltr'>μυστηρίων</span> <span class='ocrx_word' id='word_1_442' title='bbox 770 1997 858 2023; x_wconf 74' lang='grc' dir='ltr'>αὐτῶν</span> <span class='ocrx_word' id='word_1_443' title='bbox 875 1997 923 2029; x_wconf 82' lang='grc' dir='ltr'>τὰς</span> 
     </span>
    </p>
   </div>
   <div class='ocr_carea' id='block_1_59' title="bbox 129 2042 923 2078">
    <p class='ocr_par' dir='ltr' id='par_1_59' title="bbox 129 2042 923 2078">
     <span class='ocr_line' id='line_1_59' title="bbox 129 2042 923 2078; baseline 0.001 -9"><span class='ocrx_word' id='word_1_444' title='bbox 129 2043 251 2074; x_wconf 79' lang='grc' dir='ltr'>τελετάς.</span> <span class='ocrx_word' id='word_1_445' title='bbox 271 2042 351 2069; x_wconf 81' lang='grc' dir='ltr'>Ἀλλὰ</span> <span class='ocrx_word' id='word_1_446' title='bbox 371 2043 418 2069; x_wconf 75' lang='grc' dir='ltr'><strong>καὶ</strong></span> <span class='ocrx_word' id='word_1_447' title='bbox 435 2043 519 2069; x_wconf 79' lang='grc' dir='ltr'>πολλὰ</span> <span class='ocrx_word' id='word_1_448' title='bbox 537 2043 663 2078; x_wconf 77' lang='grc' dir='ltr'><strong>βάρϐαρα</strong></span> <span class='ocrx_word' id='word_1_449' title='bbox 688 2043 751 2078; x_wconf 79' lang='grc' dir='ltr'>ἔθνη</span> <span class='ocrx_word' id='word_1_450' title='bbox 778 2043 923 2076; x_wconf 79' lang='grc' dir='ltr'>κατελέξα-</span> 
     </span>
    </p>
   </div>
   <div class='ocr_carea' id='block_1_60' title="bbox 132 2089 920 2125">
    <p class='ocr_par' dir='ltr' id='par_1_60' title="bbox 132 2089 920 2125">
     <span class='ocr_line' id='line_1_60' title="bbox 132 2089 920 2125; baseline 0 -9"><span class='ocrx_word' id='word_1_451' title='bbox 132 2097 193 2124; x_wconf 85' lang='grc' dir='ltr'>μεν,</span> <span class='ocrx_word' id='word_1_452' title='bbox 205 2089 242 2116; x_wconf 84' lang='grc' dir='ltr'>τά</span> <span class='ocrx_word' id='word_1_453' title='bbox 252 2097 282 2116; x_wconf 75' lang='grc' dir='ltr'><strong>τε</strong></span> <span class='ocrx_word' id='word_1_454' title='bbox 295 2089 359 2116; x_wconf 72' lang='grc' dir='ltr'>ὄντα</span> <span class='ocrx_word' id='word_1_455' title='bbox 369 2089 398 2115; x_wconf 84' lang='grc' dir='ltr'><strong>ἐν</strong></span> <span class='ocrx_word' id='word_1_456' title='bbox 414 2089 581 2125; x_wconf 77' lang='grc' dir='ltr'>μεσημϐρίᾳ,</span> <span class='ocrx_word' id='word_1_457' title='bbox 595 2090 641 2115; x_wconf 75' lang='grc' dir='ltr'><strong>καὶ</strong></span> <span class='ocrx_word' id='word_1_458' title='bbox 653 2089 737 2119; x_wconf 75' lang='grc' dir='ltr'>δύσει.</span> <span class='ocrx_word' id='word_1_459' title='bbox 754 2090 800 2116; x_wconf 76' lang='grc' dir='ltr'><strong>καὶ</strong></span> <span class='ocrx_word' id='word_1_460' title='bbox 808 2090 920 2125; x_wconf 84' lang='grc' dir='ltr'>ἀνατολῇ</span> 
     </span>
    </p>
   </div>
   <div class='ocr_carea' id='block_1_61' title="bbox 129 2134 923 2171">
    <p class='ocr_par' dir='ltr' id='par_1_61' title="bbox 129 2134 923 2171">
     <span class='ocr_line' id='line_1_61' title="bbox 129 2134 923 2171; baseline 0 -10"><span class='ocrx_word' id='word_1_461' title='bbox 129 2135 179 2161; x_wconf 71' lang='grc' dir='ltr'>καὶ</span> <span class='ocrx_word' id='word_1_462' title='bbox 194 2134 299 2171; x_wconf 78' lang='grc' dir='ltr'>ἄρκτῳ,</span> <span class='ocrx_word' id='word_1_463' title='bbox 314 2135 451 2162; x_wconf 81' lang='grc' dir='ltr'>τουτέστιν</span> <span class='ocrx_word' id='word_1_464' title='bbox 465 2137 493 2162; x_wconf 83' lang='grc' dir='ltr'>ὲν</span> <span class='ocrx_word' id='word_1_465' title='bbox 505 2135 642 2171; x_wconf 74' lang='grc' dir='ltr'>διαφόροις</span> <span class='ocrx_word' id='word_1_466' title='bbox 658 2135 787 2170; x_wconf 84' lang='grc' dir='ltr'>κλίμασι,</span> <span class='ocrx_word' id='word_1_467' title='bbox 807 2136 843 2171; x_wconf 84' lang='grc' dir='ltr'>μὴ</span> <span class='ocrx_word' id='word_1_468' title='bbox 862 2144 923 2171; x_wconf 88' lang='grc' dir='ltr'>μετ-</span> 
     </span>
    </p>
   </div>
   <div class='ocr_carea' id='block_1_62' title="bbox 129 2180 921 2217">
    <p class='ocr_par' dir='ltr' id='par_1_62' title="bbox 129 2180 921 2217">
     <span class='ocr_line' id='line_1_62' title="bbox 129 2180 921 2217; baseline -0.001 -9"><span class='ocrx_word' id='word_1_469' title='bbox 129 2180 227 2216; x_wconf 67' lang='grc' dir='ltr'>έχοντα</span> <span class='ocrx_word' id='word_1_470' title='bbox 248 2181 401 2217; x_wconf 83' lang='grc' dir='ltr'>Ἑρμαῖκῆς</span> <span class='ocrx_word' id='word_1_471' title='bbox 432 2182 595 2217; x_wconf 79' lang='grc' dir='ltr'>ἐπιστήμης.</span> <span class='ocrx_word' id='word_1_472' title='bbox 614 2181 704 2211; x_wconf 83' lang='grc' dir='ltr'>Πόσοι,</span> <span class='ocrx_word' id='word_1_473' title='bbox 720 2180 859 2216; x_wconf 78' lang='grc' dir='ltr'>νομίζετε,</span> <span class='ocrx_word' id='word_1_474' title='bbox 876 2190 921 2207; x_wconf 84' lang='grc' dir='ltr'><strong>σο-</strong></span> 
     </span>
    </p>
   </div>
   <div class='ocr_carea' id='block_1_63' title="bbox 129 2226 918 2263">
    <p class='ocr_par' dir='ltr' id='par_1_63' title="bbox 129 2226 918 2263">
     <span class='ocr_line' id='line_1_63' title="bbox 129 2226 918 2263; baseline -0.003 -9"><span class='ocrx_word' id='word_1_475' title='bbox 129 2227 176 2262; x_wconf 76' lang='grc' dir='ltr'>φοὶ</span> <span class='ocrx_word' id='word_1_476' title='bbox 191 2227 288 2263; x_wconf 81' lang='grc' dir='ltr'>ἄνδρες</span> <span class='ocrx_word' id='word_1_477' title='bbox 307 2227 467 2263; x_wconf 83' lang='grc' dir='ltr'>παρήγαγον</span> <span class='ocrx_word' id='word_1_478' title='bbox 477 2227 541 2258; x_wconf 79' lang='grc' dir='ltr'>τοὺς</span> <span class='ocrx_word' id='word_1_479' title='bbox 555 2226 647 2259; x_wconf 87' lang='grc' dir='ltr'>κακῶς</span> <span class='ocrx_word' id='word_1_480' title='bbox 657 2227 797 2262; x_wconf 83' lang='grc' dir='ltr'>κειμένους</span> <span class='ocrx_word' id='word_1_481' title='bbox 811 2227 918 2263; x_wconf 62' lang='grc' dir='ltr'>νόμους</span> 
     </span>
    </p>
   </div>
   <div class='ocr_carea' id='block_1_64' title="bbox 984 978 1774 1014">
    <p class='ocr_par' dir='ltr' id='par_1_64' title="bbox 984 978 1774 1014">
     <span class='ocr_line' id='line_1_64' title="bbox 984 978 1774 1014; baseline 0.004 -10"><span class='ocrx_word' id='word_1_482' title='bbox 984 978 1068 1005; x_wconf 91' lang='lat' dir='ltr'><strong>ullum</strong></span> <span class='ocrx_word' id='word_1_483' title='bbox 1086 979 1190 1011; x_wconf 84' lang='lat' dir='ltr'><strong>videas,</strong></span> <span class='ocrx_word' id='word_1_484' title='bbox 1207 986 1293 1013; x_wconf 87' lang='lat' dir='ltr'><strong>neque</strong></span> <span class='ocrx_word' id='word_1_485' title='bbox 1310 979 1446 1011; x_wconf 79' lang='lat' dir='ltr'><strong>lictorem,</strong></span> <span class='ocrx_word' id='word_1_486' title='bbox 1463 986 1549 1013; x_wconf 86' lang='lat' dir='ltr'><strong>neque</strong></span> <span class='ocrx_word' id='word_1_487' title='bbox 1562 979 1691 1014; x_wconf 77' lang='lat' dir='ltr'><strong>pictorem</strong></span> <span class='ocrx_word' id='word_1_488' title='bbox 1706 1000 1713 1011; x_wconf 88' lang='lat'><strong>,</strong></span> <span class='ocrx_word' id='word_1_489' title='bbox 1727 987 1774 1007; x_wconf 82' lang='lat' dir='ltr'><strong>ne-</strong></span> 
     </span>
    </p>
   </div>
   <div class='ocr_carea' id='block_1_65' title="bbox 983 1024 1773 1060">
    <p class='ocr_par' dir='ltr' id='par_1_65' title="bbox 983 1024 1773 1060">
     <span class='ocr_line' id='line_1_65' title="bbox 983 1024 1773 1060; baseline 0.003 -10"><span class='ocrx_word' id='word_1_490' title='bbox 983 1031 1035 1058; x_wconf 87' lang='lat' dir='ltr'><strong>que</strong></span> <span class='ocrx_word' id='word_1_491' title='bbox 1049 1024 1226 1052; x_wconf 86' lang='lat' dir='ltr'><strong>architectum</strong></span> <span class='ocrx_word' id='word_1_492' title='bbox 1242 1045 1249 1056; x_wconf 89' lang='lat'><strong>,</strong></span> <span class='ocrx_word' id='word_1_493' title='bbox 1265 1033 1352 1059; x_wconf 85' lang='lat' dir='ltr'><strong>neque</strong></span> <span class='ocrx_word' id='word_1_494' title='bbox 1369 1029 1532 1059; x_wconf 82' lang='lat' dir='ltr'><strong>geometram</strong></span> <span class='ocrx_word' id='word_1_495' title='bbox 1543 1045 1550 1056; x_wconf 85' lang='lat'><strong>,</strong></span> <span class='ocrx_word' id='word_1_496' title='bbox 1569 1032 1655 1060; x_wconf 83' lang='lat' dir='ltr'><strong>neque</strong></span> <span class='ocrx_word' id='word_1_497' title='bbox 1670 1025 1773 1060; x_wconf 88' lang='lat' dir='ltr'><strong>phona-</strong></span> 
     </span>
    </p>
   </div>
   <div class='ocr_carea' id='block_1_66' title="bbox 983 1069 1771 1105">
    <p class='ocr_par' dir='ltr' id='par_1_66' title="bbox 983 1069 1771 1105">
     <span class='ocr_line' id='line_1_66' title="bbox 983 1069 1771 1105; baseline 0.001 -9"><span class='ocrx_word' id='word_1_498' title='bbox 983 1077 1070 1102; x_wconf 86' lang='lat' dir='ltr'><strong>scum,</strong></span> <span class='ocrx_word' id='word_1_499' title='bbox 1084 1077 1170 1105; x_wconf 88' lang='lat' dir='ltr'><strong>neque</strong></span> <span class='ocrx_word' id='word_1_500' title='bbox 1186 1069 1348 1096; x_wconf 81' lang='lat' dir='ltr'><strong>histrionem</strong></span> <span class='ocrx_word' id='word_1_501' title='bbox 1366 1079 1372 1095; x_wconf 90' lang='lat'><strong>:</strong></span> <span class='ocrx_word' id='word_1_502' title='bbox 1394 1069 1440 1096; x_wconf 86' lang='lat' dir='ltr'><strong>sed</strong></span> <span class='ocrx_word' id='word_1_503' title='bbox 1459 1070 1561 1096; x_wconf 89' lang='lat' dir='ltr'><strong>ambitu</strong></span> <span class='ocrx_word' id='word_1_504' title='bbox 1577 1070 1622 1096; x_wconf 92' lang='lat' dir='ltr'><strong>illo</strong></span> <span class='ocrx_word' id='word_1_505' title='bbox 1638 1075 1771 1097; x_wconf 87' lang='lat' dir='ltr'><strong>terrarum</strong></span> 
     </span>
    </p>
   </div>
   <div class='ocr_carea' id='block_1_67' title="bbox 984 1114 1769 1150">
    <p class='ocr_par' dir='ltr' id='par_1_67' title="bbox 984 1114 1769 1150">
     <span class='ocr_line' id='line_1_67' title="bbox 984 1114 1769 1150; baseline 0.001 -8"><span class='ocrx_word' id='word_1_506' title='bbox 984 1115 1124 1148; x_wconf 78' lang='lat' dir='ltr'><strong>universo,</strong></span> <span class='ocrx_word' id='word_1_507' title='bbox 1153 1116 1192 1143; x_wconf 80' lang='lat' dir='ltr'><strong>vis</strong></span> <span class='ocrx_word' id='word_1_508' title='bbox 1217 1116 1268 1142; x_wconf 88' lang='lat' dir='ltr'><strong>ista</strong></span> <span class='ocrx_word' id='word_1_509' title='bbox 1291 1115 1417 1142; x_wconf 78' lang='lat' dir='ltr'><strong>Mercurii</strong></span> <span class='ocrx_word' id='word_1_510' title='bbox 1438 1114 1605 1150; x_wconf 77' lang='lat' dir='ltr'><strong>Venerisque</strong></span> <span class='ocrx_word' id='word_1_511' title='bbox 1624 1116 1696 1143; x_wconf 89' lang='lat' dir='ltr'><strong>nulla</strong></span> <span class='ocrx_word' id='word_1_512' title='bbox 1718 1122 1769 1144; x_wconf 88' lang='lat' dir='ltr'><strong>est.</strong></span> 
     </span>
    </p>
   </div>
   <div class='ocr_carea' id='block_1_68' title="bbox 981 1162 1772 1198">
    <p class='ocr_par' dir='ltr' id='par_1_68' title="bbox 981 1162 1772 1198">
     <span class='ocr_line' id='line_1_68' title="bbox 981 1162 1772 1198; baseline 0 -8"><span class='ocrx_word' id='word_1_513' title='bbox 981 1163 1052 1191; x_wconf 90' lang='lat' dir='ltr'><strong>Medi</strong></span> <span class='ocrx_word' id='word_1_514' title='bbox 1066 1170 1162 1190; x_wconf 88' lang='lat' dir='ltr'><strong>omnes</strong></span> <span class='ocrx_word' id='word_1_515' title='bbox 1175 1162 1300 1195; x_wconf 77' lang='lat' dir='ltr'><strong>canibus,</strong></span> <span class='ocrx_word' id='word_1_516' title='bbox 1317 1170 1386 1197; x_wconf 89' lang='lat' dir='ltr'><strong>quos</strong></span> <span class='ocrx_word' id='word_1_517' title='bbox 1403 1162 1504 1198; x_wconf 78' lang='lat' dir='ltr'><strong>ingenti</strong></span> <span class='ocrx_word' id='word_1_518' title='bbox 1519 1162 1596 1189; x_wconf 86' lang='lat' dir='ltr'><strong>alunt</strong></span> <span class='ocrx_word' id='word_1_519' title='bbox 1609 1163 1707 1195; x_wconf 85' lang='lat' dir='ltr'><strong>studio,</strong></span> <span class='ocrx_word' id='word_1_520' title='bbox 1721 1162 1772 1190; x_wconf 87' lang='lat' dir='ltr'><strong>ad-</strong></span> 
     </span>
    </p>
   </div>
   <div class='ocr_carea' id='block_1_69' title="bbox 982 1209 1770 1245">
    <p class='ocr_par' dir='ltr' id='par_1_69' title="bbox 982 1209 1770 1245">
     <span class='ocr_line' id='line_1_69' title="bbox 982 1209 1770 1245; baseline 0.001 -9"><span class='ocrx_word' id='word_1_521' title='bbox 982 1210 1034 1236; x_wconf 91' lang='lat' dir='ltr'><strong>huc</strong></span> <span class='ocrx_word' id='word_1_522' title='bbox 1062 1209 1193 1245; x_wconf 81' lang='lat' dir='ltr'><strong>spirantia</strong></span> <span class='ocrx_word' id='word_1_523' title='bbox 1223 1209 1448 1236; x_wconf 88' lang='lat' dir='ltr'><strong>moribundormn</strong></span> <span class='ocrx_word' id='word_1_524' title='bbox 1475 1217 1590 1244; x_wconf 80' lang='lat' dir='ltr'><strong>cerpora</strong></span> <span class='ocrx_word' id='word_1_525' title='bbox 1617 1209 1770 1244; x_wconf 85' lang='lat' dir='ltr'><strong>objiciunt;</strong></span> 
     </span>
    </p>
   </div>
   <div class='ocr_carea' id='block_1_70' title="bbox 981 1255 1771 1291">
    <p class='ocr_par' dir='ltr' id='par_1_70' title="bbox 981 1255 1771 1291">
     <span class='ocr_line' id='line_1_70' title="bbox 981 1255 1771 1291; baseline 0.001 -9"><span class='ocrx_word' id='word_1_526' title='bbox 981 1263 1068 1290; x_wconf 88' lang='lat' dir='ltr'><strong>neque</strong></span> <span class='ocrx_word' id='word_1_527' title='bbox 1081 1261 1171 1282; x_wconf 86' lang='lat' dir='ltr'><strong>tamen</strong></span> <span class='ocrx_word' id='word_1_528' title='bbox 1185 1263 1280 1283; x_wconf 88' lang='lat' dir='ltr'><strong>omnes</strong></span> <span class='ocrx_word' id='word_1_529' title='bbox 1295 1256 1385 1283; x_wconf 86' lang='lat' dir='ltr'><strong>lunam</strong></span> <span class='ocrx_word' id='word_1_530' title='bbox 1399 1261 1480 1291; x_wconf 89' lang='lat' dir='ltr'><strong>atque</strong></span> <span class='ocrx_word' id='word_1_531' title='bbox 1491 1255 1603 1282; x_wconf 80' lang='lat' dir='ltr'><strong>Martem</strong></span> <span class='ocrx_word' id='word_1_532' title='bbox 1617 1256 1643 1282; x_wconf 92' lang='lat' dir='ltr'><strong>in</strong></span> <span class='ocrx_word' id='word_1_533' title='bbox 1654 1255 1771 1289; x_wconf 81' lang='lat' dir='ltr'><strong>Cancro,</strong></span> 
     </span>
    </p>
   </div>
   <div class='ocr_carea' id='block_1_71' title="bbox 979 1300 1772 1337">
    <p class='ocr_par' dir='ltr' id='par_1_71' title="bbox 979 1300 1772 1337">
     <span class='ocr_line' id='line_1_71' title="bbox 979 1300 1772 1337; baseline -0.001 -8"><span class='ocrx_word' id='word_1_534' title='bbox 979 1302 1070 1329; x_wconf 90' lang='lat' dir='ltr'><strong>diurni</strong></span> <span class='ocrx_word' id='word_1_535' title='bbox 1086 1306 1163 1329; x_wconf 85' lang='lat' dir='ltr'><strong>ortus</strong></span> <span class='ocrx_word' id='word_1_536' title='bbox 1178 1301 1306 1337; x_wconf 73' lang='lat' dir='ltr'><strong>praasides</strong></span> <span class='ocrx_word' id='word_1_537' title='bbox 1331 1302 1382 1329; x_wconf 89' lang='lat' dir='ltr'><strong>sub</strong></span> <span class='ocrx_word' id='word_1_538' title='bbox 1397 1306 1495 1328; x_wconf 85' lang='lat' dir='ltr'><strong>terram</strong></span> <span class='ocrx_word' id='word_1_539' title='bbox 1513 1301 1642 1328; x_wconf 87' lang='lat' dir='ltr'><strong>habuere.</strong></span> <span class='ocrx_word' id='word_1_540' title='bbox 1670 1300 1727 1328; x_wconf 87' lang='lat' dir='ltr'><strong>ludi</strong></span> <span class='ocrx_word' id='word_1_541' title='bbox 1744 1305 1772 1329; x_wconf 84' lang='lat' dir='ltr'><strong>et</strong></span> 
     </span>
    </p>
   </div>
   <div class='ocr_carea' id='block_1_72' title="bbox 979 1346 1771 1381">
    <p class='ocr_par' dir='ltr' id='par_1_72' title="bbox 979 1346 1771 1381">
     <span class='ocr_line' id='line_1_72' title="bbox 979 1346 1771 1381; baseline -0.001 -7"><span class='ocrx_word' id='word_1_542' title='bbox 979 1352 1150 1374; x_wconf 89' lang='lat' dir='ltr'><strong>mortuorum</strong></span> <span class='ocrx_word' id='word_1_543' title='bbox 1173 1347 1315 1381; x_wconf 84' lang='lat' dir='ltr'><strong>cadavera,</strong></span> <span class='ocrx_word' id='word_1_544' title='bbox 1331 1351 1357 1374; x_wconf 86' lang='lat' dir='ltr'><strong>et</strong></span> <span class='ocrx_word' id='word_1_545' title='bbox 1371 1347 1479 1374; x_wconf 89' lang='lat' dir='ltr'><strong>illorum</strong></span> <span class='ocrx_word' id='word_1_546' title='bbox 1504 1354 1604 1374; x_wconf 77' lang='lat' dir='ltr'><strong>uxores</strong></span> <span class='ocrx_word' id='word_1_547' title='bbox 1626 1346 1698 1374; x_wconf 90' lang='lat' dir='ltr'><strong>ultro</strong></span> <span class='ocrx_word' id='word_1_548' title='bbox 1711 1354 1771 1374; x_wconf 85' lang='lat' dir='ltr'><strong>sese</strong></span> 
     </span>
    </p>
   </div>
   <div class='ocr_carea' id='block_1_73' title="bbox 979 1393 1770 1428">
    <p class='ocr_par' dir='ltr' id='par_1_73' title="bbox 979 1393 1770 1428">
     <span class='ocr_line' id='line_1_73' title="bbox 979 1393 1770 1428; baseline -0.003 -8"><span class='ocrx_word' id='word_1_549' title='bbox 979 1394 1121 1421; x_wconf 72' lang='lat' dir='ltr'><strong>Oilei-entes</strong></span> <span class='ocrx_word' id='word_1_550' title='bbox 1133 1393 1297 1421; x_wconf 87' lang='lat' dir='ltr'><strong>comburunt</strong></span> <span class='ocrx_word' id='word_1_551' title='bbox 1311 1402 1317 1420; x_wconf 88' lang='lat'>:</span> <span class='ocrx_word' id='word_1_552' title='bbox 1332 1400 1419 1428; x_wconf 87' lang='lat' dir='ltr'><strong>neque</strong></span> <span class='ocrx_word' id='word_1_553' title='bbox 1434 1397 1678 1427; x_wconf 81' lang='lat' dir='ltr'><strong>tamen,quotquot</strong></span> <span class='ocrx_word' id='word_1_554' title='bbox 1699 1393 1770 1427; x_wconf 88' lang='lat' dir='ltr'><strong>apud</strong></span> 
     </span>
    </p>
   </div>
   <div class='ocr_carea' id='block_1_74' title="bbox 979 1438 1769 1471">
    <p class='ocr_par' dir='ltr' id='par_1_74' title="bbox 979 1438 1769 1471">
     <span class='ocr_line' id='line_1_74' title="bbox 979 1438 1769 1471; baseline 0 -5"><span class='ocrx_word' id='word_1_555' title='bbox 979 1440 1038 1467; x_wconf 89' lang='lat' dir='ltr'><strong>illos</strong></span> <span class='ocrx_word' id='word_1_556' title='bbox 1065 1440 1133 1466; x_wconf 67' lang='lat' dir='ltr'><strong>vivae</strong></span> <span class='ocrx_word' id='word_1_557' title='bbox 1157 1439 1286 1467; x_wconf 85' lang='lat' dir='ltr'><strong>mulieres</strong></span> <span class='ocrx_word' id='word_1_558' title='bbox 1314 1439 1524 1471; x_wconf 87' lang='lat' dir='ltr'><strong>comburuntur,</strong></span> <span class='ocrx_word' id='word_1_559' title='bbox 1558 1438 1648 1465; x_wconf 86' lang='lat' dir='ltr'><strong>Solem</strong></span> <span class='ocrx_word' id='word_1_560' title='bbox 1674 1445 1769 1466; x_wconf 87' lang='lat' dir='ltr'><strong>omnes</strong></span> 
     </span>
    </p>
   </div>
   <div class='ocr_carea' id='block_1_75' title="bbox 978 1484 1767 1520">
    <p class='ocr_par' dir='ltr' id='par_1_75' title="bbox 978 1484 1767 1520">
     <span class='ocr_line' id='line_1_75' title="bbox 978 1484 1767 1520; baseline -0.001 -9"><span class='ocrx_word' id='word_1_561' title='bbox 978 1485 1077 1513; x_wconf 87' lang='lat' dir='ltr'><strong>Leonis</strong></span> <span class='ocrx_word' id='word_1_562' title='bbox 1093 1486 1119 1512; x_wconf 90' lang='lat' dir='ltr'><strong>in</strong></span> <span class='ocrx_word' id='word_1_563' title='bbox 1136 1486 1240 1514; x_wconf 83' lang='lat' dir='ltr'><strong>aedibus</strong></span> <span class='ocrx_word' id='word_1_564' title='bbox 1252 1505 1260 1518; x_wconf 89' lang='lat'><strong>,</strong></span> <span class='ocrx_word' id='word_1_565' title='bbox 1283 1485 1431 1520; x_wconf 86' lang='lat' dir='ltr'><strong>Martisque</strong></span> <span class='ocrx_word' id='word_1_566' title='bbox 1447 1484 1563 1517; x_wconf 82' lang='lat' dir='ltr'><strong>ﬁnibus,</strong></span> <span class='ocrx_word' id='word_1_567' title='bbox 1589 1484 1640 1511; x_wconf 88' lang='lat' dir='ltr'><strong>sub</strong></span> <span class='ocrx_word' id='word_1_568' title='bbox 1667 1488 1767 1510; x_wconf 85' lang='lat' dir='ltr'><strong>terram</strong></span> 
     </span>
    </p>
   </div>
   <div class='ocr_carea' id='block_1_76' title="bbox 978 1531 1769 1566">
    <p class='ocr_par' dir='ltr' id='par_1_76' title="bbox 978 1531 1769 1566">
     <span class='ocr_line' id='line_1_76' title="bbox 978 1531 1769 1566; baseline -0.003 -7"><span class='ocrx_word' id='word_1_569' title='bbox 978 1540 1039 1559; x_wconf 90' lang='lat' dir='ltr'><strong>cum</strong></span> <span class='ocrx_word' id='word_1_570' title='bbox 1056 1532 1150 1558; x_wconf 84' lang='lat' dir='ltr'><strong>eodem</strong></span> <span class='ocrx_word' id='word_1_571' title='bbox 1165 1531 1251 1559; x_wconf 84' lang='lat' dir='ltr'><strong>Marte</strong></span> <span class='ocrx_word' id='word_1_572' title='bbox 1272 1531 1461 1566; x_wconf 89' lang='lat' dir='ltr'><strong>conjunctum,</strong></span> <span class='ocrx_word' id='word_1_573' title='bbox 1475 1534 1536 1557; x_wconf 93' lang='lat' dir='ltr'><strong>orlu</strong></span> <span class='ocrx_word' id='word_1_574' title='bbox 1560 1534 1694 1558; x_wconf 87' lang='lat' dir='ltr'><strong>nocturno</strong></span> <span class='ocrx_word' id='word_1_575' title='bbox 1709 1538 1769 1557; x_wconf 91' lang='lat' dir='ltr'><strong>sor-</strong></span> 
     </span>
    </p>
   </div>
   <div class='ocr_carea' id='block_1_77' title="bbox 979 1577 1768 1612">
    <p class='ocr_par' dir='ltr' id='par_1_77' title="bbox 979 1577 1768 1612">
     <span class='ocr_line' id='line_1_77' title="bbox 979 1577 1768 1612; baseline 0 -8"><span class='ocrx_word' id='word_1_576' title='bbox 979 1578 1032 1604; x_wconf 71' lang='grc' dir='ltr'>ιὶιεε</span> <span class='ocrx_word' id='word_1_577' title='bbox 1050 1582 1123 1604; x_wconf 86' lang='lat' dir='ltr'><strong>sunt.</strong></span> <span class='ocrx_word' id='word_1_578' title='bbox 1144 1577 1270 1605; x_wconf 80' lang='lat' dir='ltr'><strong>Germani</strong></span> <span class='ocrx_word' id='word_1_579' title='bbox 1287 1578 1420 1612; x_wconf 78' lang='lat' dir='ltr'><strong>plerique,</strong></span> <span class='ocrx_word' id='word_1_580' title='bbox 1443 1577 1535 1605; x_wconf 79' lang='lat' dir='ltr'><strong>fractis</strong></span> <span class='ocrx_word' id='word_1_581' title='bbox 1548 1577 1645 1612; x_wconf 85' lang='lat' dir='ltr'><strong>laqueo</strong></span> <span class='ocrx_word' id='word_1_582' title='bbox 1659 1577 1768 1604; x_wconf 82' lang='lat' dir='ltr'><strong>cervici-</strong></span> 
     </span>
    </p>
   </div>
   <div class='ocr_carea' id='block_1_78' title="bbox 979 1624 1767 1659">
    <p class='ocr_par' dir='ltr' id='par_1_78' title="bbox 979 1624 1767 1659">
     <span class='ocr_line' id='line_1_78' title="bbox 979 1624 1767 1659; baseline 0.001 -8"><span class='ocrx_word' id='word_1_583' title='bbox 979 1624 1029 1651; x_wconf 91' lang='lat' dir='ltr'><strong>bus</strong></span> <span class='ocrx_word' id='word_1_584' title='bbox 1046 1624 1128 1659; x_wconf 80' lang='grc'><strong>278</strong></span> <span class='ocrx_word' id='word_1_585' title='bbox 1141 1624 1295 1651; x_wconf 90' lang='lat' dir='ltr'><strong>moriuntur</strong></span> <span class='ocrx_word' id='word_1_586' title='bbox 1312 1633 1318 1650; x_wconf 75' lang='grc' dir='ltr'>ε</span> <span class='ocrx_word' id='word_1_587' title='bbox 1335 1632 1385 1652; x_wconf 86' lang='lat' dir='ltr'><strong>nec</strong></span> <span class='ocrx_word' id='word_1_588' title='bbox 1400 1629 1489 1652; x_wconf 88' lang='lat' dir='ltr'><strong>tamen</strong></span> <span class='ocrx_word' id='word_1_589' title='bbox 1499 1624 1696 1651; x_wconf 85' lang='lat' dir='ltr'><strong>Germanorum</strong></span> <span class='ocrx_word' id='word_1_590' title='bbox 1712 1625 1767 1652; x_wconf 79' lang='lat' dir='ltr'><strong>uti-</strong></span> 
     </span>
    </p>
   </div>
   <div class='ocr_carea' id='block_1_79' title="bbox 978 1670 1767 1705">
    <p class='ocr_par' dir='ltr' id='par_1_79' title="bbox 978 1670 1767 1705">
     <span class='ocr_line' id='line_1_79' title="bbox 978 1670 1767 1705; baseline 0.003 -9"><span class='ocrx_word' id='word_1_591' title='bbox 978 1678 1030 1704; x_wconf 86' lang='lat' dir='ltr'><strong>que</strong></span> <span class='ocrx_word' id='word_1_592' title='bbox 1046 1670 1192 1698; x_wconf 84' lang='lat' dir='ltr'><strong>multitudo</strong></span> <span class='ocrx_word' id='word_1_593' title='bbox 1217 1675 1309 1704; x_wconf 87' lang='lat' dir='ltr'><strong>tanta,</strong></span> <span class='ocrx_word' id='word_1_594' title='bbox 1327 1670 1417 1697; x_wconf 88' lang='lat' dir='ltr'><strong>lunam</strong></span> <span class='ocrx_word' id='word_1_595' title='bbox 1433 1670 1583 1705; x_wconf 85' lang='lat' dir='ltr'><strong>horamque</strong></span> <span class='ocrx_word' id='word_1_596' title='bbox 1606 1671 1733 1698; x_wconf 84' lang='lat' dir='ltr'><strong>nascendi</strong></span> <span class='ocrx_word' id='word_1_597' title='bbox 1751 1678 1767 1698; x_wconf 87' lang='lat' dir='ltr'><strong>a</strong></span> 
     </span>
    </p>
   </div>
   <div class='ocr_carea' id='block_1_80' title="bbox 978 1715 1767 1752">
    <p class='ocr_par' dir='ltr' id='par_1_80' title="bbox 978 1715 1767 1752">
     <span class='ocr_line' id='line_1_80' title="bbox 978 1715 1767 1752; baseline 0.003 -11"><span class='ocrx_word' id='word_1_598' title='bbox 978 1715 1097 1742; x_wconf 80' lang='lat' dir='ltr'><strong>Saturno</strong></span> <span class='ocrx_word' id='word_1_599' title='bbox 1110 1716 1250 1751; x_wconf 82' lang='lat' dir='ltr'><strong>Mai-teque</strong></span> <span class='ocrx_word' id='word_1_600' title='bbox 1265 1717 1440 1751; x_wconf 84' lang='lat' dir='ltr'><strong>interceptam</strong></span> <span class='ocrx_word' id='word_1_601' title='bbox 1453 1717 1553 1744; x_wconf 87' lang='lat' dir='ltr'><strong>habere</strong></span> <span class='ocrx_word' id='word_1_602' title='bbox 1564 1717 1660 1752; x_wconf 88' lang='lat' dir='ltr'><strong>potuit.</strong></span> <span class='ocrx_word' id='word_1_603' title='bbox 1676 1716 1767 1744; x_wconf 89' lang='lat' dir='ltr'><strong>Enim-</strong></span> 
     </span>
    </p>
   </div>
   <div class='ocr_carea' id='block_1_81' title="bbox 976 1763 1766 1798">
    <p class='ocr_par' dir='ltr' id='par_1_81' title="bbox 976 1763 1766 1798">
     <span class='ocr_line' id='line_1_81' title="bbox 976 1763 1766 1798; baseline 0.001 -9"><span class='ocrx_word' id='word_1_604' title='bbox 976 1770 1040 1789; x_wconf 77' lang='lat' dir='ltr'><strong>Vero</strong></span> <span class='ocrx_word' id='word_1_605' title='bbox 1052 1763 1320 1798; x_wconf 89' lang='lat' dir='ltr'><strong>quotidie,omnique</strong></span> <span class='ocrx_word' id='word_1_606' title='bbox 1333 1764 1462 1791; x_wconf 84' lang='lat' dir='ltr'><strong>nascendi</strong></span> <span class='ocrx_word' id='word_1_607' title='bbox 1471 1764 1657 1798; x_wconf 80' lang='lat' dir='ltr'><strong>genere,apud</strong></span> <span class='ocrx_word' id='word_1_608' title='bbox 1670 1771 1766 1791; x_wconf 77' lang='lat' dir='ltr'><strong>omnes</strong></span> 
     </span>
    </p>
   </div>
   <div class='ocr_carea' id='block_1_82' title="bbox 976 1811 1763 1846">
    <p class='ocr_par' dir='ltr' id='par_1_82' title="bbox 976 1811 1763 1846">
     <span class='ocr_line' id='line_1_82' title="bbox 976 1811 1763 1846; baseline 0.001 -9"><span class='ocrx_word' id='word_1_609' title='bbox 976 1811 1100 1845; x_wconf 87' lang='lat' dir='ltr'><strong>populos,</strong></span> <span class='ocrx_word' id='word_1_610' title='bbox 1115 1816 1265 1838; x_wconf 85' lang='lat' dir='ltr'><strong>nascuntur</strong></span> <span class='ocrx_word' id='word_1_611' title='bbox 1279 1812 1419 1845; x_wconf 88' lang='lat' dir='ltr'><strong>homines;</strong></span> <span class='ocrx_word' id='word_1_612' title='bbox 1436 1812 1549 1838; x_wconf 80' lang='lat' dir='ltr'><strong>vincunt</strong></span> <span class='ocrx_word' id='word_1_613' title='bbox 1562 1811 1662 1846; x_wconf 89' lang='lat' dir='ltr'><strong>ubique</strong></span> <span class='ocrx_word' id='word_1_614' title='bbox 1673 1816 1763 1838; x_wconf 83' lang='lat' dir='ltr'><strong>tamen</strong></span> 
     </span>
    </p>
   </div>
   <div class='ocr_carea' id='block_1_83' title="bbox 976 1857 1765 1892">
    <p class='ocr_par' dir='ltr' id='par_1_83' title="bbox 976 1857 1765 1892">
     <span class='ocr_line' id='line_1_83' title="bbox 976 1857 1765 1892; baseline 0 -9"><span class='ocrx_word' id='word_1_615' title='bbox 976 1857 1116 1884; x_wconf 87' lang='lat' dir='ltr'><strong>hominum</strong></span> <span class='ocrx_word' id='word_1_616' title='bbox 1133 1857 1253 1891; x_wconf 87' lang='lat' dir='ltr'><strong>ipsorum</strong></span> <span class='ocrx_word' id='word_1_617' title='bbox 1269 1857 1350 1892; x_wconf 81' lang='lat' dir='ltr'><strong>leges.</strong></span> <span class='ocrx_word' id='word_1_618' title='bbox 1373 1865 1475 1890; x_wconf 88' lang='lat' dir='ltr'><strong>mores,</strong></span> <span class='ocrx_word' id='word_1_619' title='bbox 1486 1857 1655 1892; x_wconf 88' lang='lat' dir='ltr'><strong>liberumque</strong></span> <span class='ocrx_word' id='word_1_620' title='bbox 1668 1857 1765 1884; x_wconf 81' lang='lat' dir='ltr'><strong>volun-</strong></span> 
     </span>
    </p>
   </div>
   <div class='ocr_carea' id='block_1_84' title="bbox 976 1901 1764 1937">
    <p class='ocr_par' dir='ltr' id='par_1_84' title="bbox 976 1901 1764 1937">
     <span class='ocr_line' id='line_1_84' title="bbox 976 1901 1764 1937; baseline 0 -8"><span class='ocrx_word' id='word_1_621' title='bbox 976 1902 1038 1929; x_wconf 81' lang='lat' dir='ltr'><strong>tatis</strong></span> <span class='ocrx_word' id='word_1_622' title='bbox 1054 1902 1208 1929; x_wconf 88' lang='lat' dir='ltr'><strong>arbitrium.</strong></span> <span class='ocrx_word' id='word_1_623' title='bbox 1226 1903 1319 1937; x_wconf 87' lang='lat' dir='ltr'><strong>Itaque</strong></span> <span class='ocrx_word' id='word_1_624' title='bbox 1334 1911 1382 1930; x_wconf 92' lang='lat' dir='ltr'><strong>nec</strong></span> <span class='ocrx_word' id='word_1_625' title='bbox 1397 1902 1476 1930; x_wconf 84' lang='lat' dir='ltr'><strong>Seres</strong></span> <span class='ocrx_word' id='word_1_626' title='bbox 1493 1902 1526 1929; x_wconf 88' lang='lat' dir='ltr'><strong>ad</strong></span> <span class='ocrx_word' id='word_1_627' title='bbox 1542 1901 1699 1934; x_wconf 84' lang='lat' dir='ltr'><strong>homicidia,</strong></span> <span class='ocrx_word' id='word_1_628' title='bbox 1714 1909 1764 1929; x_wconf 90' lang='lat' dir='ltr'><strong>nec</strong></span> 
     </span>
    </p>
   </div>
   <div class='ocr_carea' id='block_1_85' title="bbox 974 1946 1762 1979">
    <p class='ocr_par' dir='ltr' id='par_1_85' title="bbox 974 1946 1762 1979">
     <span class='ocr_line' id='line_1_85' title="bbox 974 1946 1762 1979; baseline -0.001 -5"><span class='ocrx_word' id='word_1_629' title='bbox 974 1948 1156 1975; x_wconf 81' lang='lat' dir='ltr'><strong>Brachmanes</strong></span> <span class='ocrx_word' id='word_1_630' title='bbox 1170 1947 1202 1974; x_wconf 90' lang='lat' dir='ltr'><strong>ad</strong></span> <span class='ocrx_word' id='word_1_631' title='bbox 1215 1955 1291 1974; x_wconf 87' lang='lat' dir='ltr'><strong>esum</strong></span> <span class='ocrx_word' id='word_1_632' title='bbox 1319 1947 1454 1979; x_wconf 86' lang='lat' dir='ltr'><strong>carnium,</strong></span> <span class='ocrx_word' id='word_1_633' title='bbox 1473 1954 1522 1974; x_wconf 91' lang='lat' dir='ltr'><strong>nec</strong></span> <span class='ocrx_word' id='word_1_634' title='bbox 1536 1946 1626 1974; x_wconf 72' lang='lat' dir='ltr'><strong>l’ersaa</strong></span> <span class='ocrx_word' id='word_1_635' title='bbox 1639 1946 1673 1973; x_wconf 80' lang='lat' dir='ltr'><strong>ad</strong></span> <span class='ocrx_word' id='word_1_636' title='bbox 1687 1946 1762 1974; x_wconf 90' lang='lat' dir='ltr'><strong>ince-</strong></span> 
     </span>
    </p>
   </div>
   <div class='ocr_carea' id='block_1_86' title="bbox 974 1992 1764 2028">
    <p class='ocr_par' dir='ltr' id='par_1_86' title="bbox 974 1992 1764 2028">
     <span class='ocr_line' id='line_1_86' title="bbox 974 1992 1764 2028; baseline -0.003 -7"><span class='ocrx_word' id='word_1_637' title='bbox 974 1994 1024 2021; x_wconf 78' lang='lat' dir='ltr'><strong>stis</strong></span> <span class='ocrx_word' id='word_1_638' title='bbox 1038 1993 1140 2028; x_wconf 84' lang='lat' dir='ltr'><strong>nuptiis</strong></span> <span class='ocrx_word' id='word_1_639' title='bbox 1152 1993 1357 2025; x_wconf 85' lang='lat' dir='ltr'><strong>abstinendum,</strong></span> <span class='ocrx_word' id='word_1_640' title='bbox 1371 2001 1421 2020; x_wconf 90' lang='lat' dir='ltr'><strong>nec</strong></span> <span class='ocrx_word' id='word_1_641' title='bbox 1436 1992 1492 2019; x_wconf 83' lang='lat' dir='ltr'><strong>Indi</strong></span> <span class='ocrx_word' id='word_1_642' title='bbox 1505 1992 1537 2020; x_wconf 87' lang='lat' dir='ltr'><strong>ad</strong></span> <span class='ocrx_word' id='word_1_643' title='bbox 1552 1999 1647 2027; x_wconf 75' lang='lat' dir='ltr'><strong>rogum</strong></span> <span class='ocrx_word' id='word_1_644' title='bbox 1661 1992 1764 2027; x_wconf 75' lang='lat' dir='ltr'><strong>fugien-</strong></span> 
     </span>
    </p>
   </div>
   <div class='ocr_carea' id='block_1_87' title="bbox 973 2034 1762 2073">
    <p class='ocr_par' dir='ltr' id='par_1_87' title="bbox 973 2034 1762 2073">
     <span class='ocr_line' id='line_1_87' title="bbox 973 2034 1762 2073; baseline -0.004 -6"><span class='ocrx_word' id='word_1_645' title='bbox 973 2041 1056 2073; x_wconf 86' lang='lat' dir='ltr'><strong>dum,</strong></span> <span class='ocrx_word' id='word_1_646' title='bbox 1083 2048 1132 2067; x_wconf 87' lang='lat' dir='ltr'><strong>nec</strong></span> <span class='ocrx_word' id='word_1_647' title='bbox 1156 2040 1224 2067; x_wconf 84' lang='lat' dir='ltr'><strong>Medi</strong></span> <span class='ocrx_word' id='word_1_648' title='bbox 1246 2039 1280 2066; x_wconf 87' lang='lat' dir='ltr'><strong>ad</strong></span> <span class='ocrx_word' id='word_1_649' title='bbox 1306 2042 1405 2066; x_wconf 76' lang='lat' dir='ltr'><strong>Canum</strong></span> <span class='ocrx_word' id='word_1_650' title='bbox 1429 2039 1524 2066; x_wconf 88' lang='lat' dir='ltr'><strong>dentes</strong></span> <span class='ocrx_word' id='word_1_651' title='bbox 1536 2034 1694 2071; x_wconf 65' lang='lat' dir='ltr'><strong>evitandus,</strong></span> <span class='ocrx_word' id='word_1_652' title='bbox 1713 2046 1762 2065; x_wconf 89' lang='lat' dir='ltr'><strong>nec</strong></span> 
     </span>
    </p>
   </div>
   <div class='ocr_carea' id='block_1_88' title="bbox 972 2083 1762 2116">
    <p class='ocr_par' dir='ltr' id='par_1_88' title="bbox 972 2083 1762 2116">
     <span class='ocr_line' id='line_1_88' title="bbox 972 2083 1762 2116; baseline -0.003 -4"><span class='ocrx_word' id='word_1_653' title='bbox 972 2086 1064 2113; x_wconf 83' lang='lat' dir='ltr'><strong>Parthi</strong></span> <span class='ocrx_word' id='word_1_654' title='bbox 1097 2086 1130 2113; x_wconf 86' lang='lat' dir='ltr'><strong>ad</strong></span> <span class='ocrx_word' id='word_1_655' title='bbox 1156 2094 1272 2113; x_wconf 78' lang='lat' dir='ltr'><strong>uxorum</strong></span> <span class='ocrx_word' id='word_1_656' title='bbox 1289 2084 1464 2112; x_wconf 86' lang='lat' dir='ltr'><strong>multitudine</strong></span> <span class='ocrx_word' id='word_1_657' title='bbox 1478 2083 1682 2116; x_wconf 84' lang='lat' dir='ltr'><strong>abstinendum,</strong></span> <span class='ocrx_word' id='word_1_658' title='bbox 1711 2091 1762 2111; x_wconf 88' lang='lat' dir='ltr'><strong>nec</strong></span> 
     </span>
    </p>
   </div>
   <div class='ocr_carea' id='block_1_89' title="bbox 972 2128 1762 2167">
    <p class='ocr_par' dir='ltr' id='par_1_89' title="bbox 972 2128 1762 2167">
     <span class='ocr_line' id='line_1_89' title="bbox 972 2128 1762 2167; baseline -0.004 -9"><span class='ocrx_word' id='word_1_659' title='bbox 972 2131 1173 2167; x_wconf 70' lang='lat' dir='ltr'><strong>Mesopotamiae</strong></span> <span class='ocrx_word' id='word_1_660' title='bbox 1206 2131 1334 2158; x_wconf 81' lang='lat' dir='ltr'><strong>mulieres</strong></span> <span class='ocrx_word' id='word_1_661' title='bbox 1370 2130 1402 2157; x_wconf 90' lang='lat' dir='ltr'><strong>ad</strong></span> <span class='ocrx_word' id='word_1_662' title='bbox 1426 2128 1683 2164; x_wconf 84' lang='lat' dir='ltr'><strong>intemperantiam,</strong></span> <span class='ocrx_word' id='word_1_663' title='bbox 1710 2136 1762 2156; x_wconf 80' lang='lat' dir='ltr'><strong>nec</strong></span> 
     </span>
    </p>
   </div>
   <div class='ocr_carea' id='block_1_90' title="bbox 972 2175 1761 2212">
    <p class='ocr_par' dir='ltr' id='par_1_90' title="bbox 972 2175 1761 2212">
     <span class='ocr_line' id='line_1_90' title="bbox 972 2175 1761 2212; baseline -0.004 -8"><span class='ocrx_word' id='word_1_664' title='bbox 972 2177 1056 2204; x_wconf 64' lang='lat' dir='ltr'><strong>Graeci</strong></span> <span class='ocrx_word' id='word_1_665' title='bbox 1076 2177 1109 2204; x_wconf 88' lang='lat' dir='ltr'><strong>ad</strong></span> <span class='ocrx_word' id='word_1_666' title='bbox 1127 2177 1308 2212; x_wconf 82' lang='lat' dir='ltr'><strong>repudiandas</strong></span> <span class='ocrx_word' id='word_1_667' title='bbox 1333 2175 1468 2203; x_wconf 89' lang='lat' dir='ltr'><strong>nudorum</strong></span> <span class='ocrx_word' id='word_1_668' title='bbox 1493 2182 1638 2210; x_wconf 89' lang='lat' dir='ltr'><strong>corporum</strong></span> <span class='ocrx_word' id='word_1_669' title='bbox 1656 2175 1761 2202; x_wconf 80' lang='lat' dir='ltr'><strong>exerci-</strong></span> 
     </span>
    </p>
   </div>
   <div class='ocr_carea' id='block_1_91' title="bbox 973 2221 1758 2256">
    <p class='ocr_par' dir='ltr' id='par_1_91' title="bbox 973 2221 1758 2256">
     <span class='ocr_line' id='line_1_91' title="bbox 973 2221 1758 2256; baseline -0.004 -6"><span class='ocrx_word' id='word_1_670' title='bbox 973 2224 1100 2255; x_wconf 82' lang='lat' dir='ltr'><strong>taliones,</strong></span> <span class='ocrx_word' id='word_1_671' title='bbox 1124 2231 1175 2250; x_wconf 86' lang='lat' dir='ltr'><strong>nec</strong></span> <span class='ocrx_word' id='word_1_672' title='bbox 1201 2222 1317 2249; x_wconf 80' lang='lat' dir='ltr'><strong>Romani</strong></span> <span class='ocrx_word' id='word_1_673' title='bbox 1340 2222 1374 2249; x_wconf 89' lang='lat' dir='ltr'><strong>ad</strong></span> <span class='ocrx_word' id='word_1_674' title='bbox 1398 2221 1543 2256; x_wconf 88' lang='lat' dir='ltr'><strong>imperium</strong></span> <span class='ocrx_word' id='word_1_675' title='bbox 1562 2221 1758 2256; x_wconf 77' lang='lat' dir='ltr'><strong>abjiciendum,</strong></span> 
     </span>
    </p>
   </div>
   <div class='ocr_carea' id='block_1_92' title="bbox 128 2269 927 2309">
    <p class='ocr_par' dir='ltr' id='par_1_92' title="bbox 128 2273 919 2309">
     <span class='ocr_line' id='line_1_92' title="bbox 128 2273 919 2309; baseline 0.001 -9"><span class='ocrx_word' id='word_1_676' title='bbox 128 2274 208 2300; x_wconf 78' lang='grc' dir='ltr'>πόσοι</span> <span class='ocrx_word' id='word_1_677' title='bbox 224 2273 254 2300; x_wconf 78' lang='grc' dir='ltr'><strong>δὲ</strong></span> <span class='ocrx_word' id='word_1_678' title='bbox 269 2273 345 2309; x_wconf 73' lang='grc' dir='ltr'>νόμοι</span> <span class='ocrx_word' id='word_1_679' title='bbox 362 2273 415 2300; x_wconf 70' lang='grc' dir='ltr'>ὑπὸ</span> <span class='ocrx_word' id='word_1_680' title='bbox 426 2274 475 2308; x_wconf 86' lang='grc' dir='ltr'><strong>τῆς</strong></span> <span class='ocrx_word' id='word_1_681' title='bbox 490 2273 604 2308; x_wconf 81' lang='grc' dir='ltr'>ἀπορίας</span> <span class='ocrx_word' id='word_1_682' title='bbox 620 2273 824 2309; x_wconf 69' lang='grc' dir='ltr'>κατελύθησανς</span> <span class='ocrx_word' id='word_1_683' title='bbox 841 2274 919 2301; x_wconf 81' lang='grc' dir='ltr'>πόσοι</span> 
     </span>
    </p>
   </div>
   <div class='ocr_carea' id='block_1_93' title="bbox 978 2269 1760 2309">
    <p class='ocr_par' dir='ltr' id='par_1_93' title="bbox 978 2269 1760 2304">
     <span class='ocr_line' id='line_1_93' title="bbox 978 2269 1760 2304; baseline -0.004 -7"><span class='ocrx_word' id='word_1_684' title='bbox 978 2278 1022 2297; x_wconf 83' lang='lat' dir='ltr'><strong>nec</strong></span> <span class='ocrx_word' id='word_1_685' title='bbox 1037 2270 1105 2297; x_wconf 88' lang='lat' dir='ltr'><strong>Galli</strong></span> <span class='ocrx_word' id='word_1_686' title='bbox 1122 2270 1155 2297; x_wconf 85' lang='lat' dir='ltr'><strong>ad</strong></span> <span class='ocrx_word' id='word_1_687' title='bbox 1171 2269 1328 2304; x_wconf 81' lang='lat' dir='ltr'><strong>fugiendum</strong></span> <span class='ocrx_word' id='word_1_688' title='bbox 1343 2269 1516 2296; x_wconf 90' lang='lat' dir='ltr'><strong>muliebrium</strong></span> <span class='ocrx_word' id='word_1_689' title='bbox 1531 2269 1684 2302; x_wconf 84' lang='lat' dir='ltr'><strong>nuptiarum</strong></span> <span class='ocrx_word' id='word_1_690' title='bbox 1702 2272 1760 2294; x_wconf 86' lang='lat' dir='ltr'><strong>tur-</strong></span> 
     </span>
    </p>
   </div>
   <div class='ocr_carea' id='block_1_94' title="bbox 129 2319 917 2355">
    <p class='ocr_par' dir='ltr' id='par_1_94' title="bbox 129 2319 917 2355">
     <span class='ocr_line' id='line_1_94' title="bbox 129 2319 917 2355; baseline 0 -9"><span class='ocrx_word' id='word_1_691' title='bbox 129 2319 266 2355; x_wconf 74' lang='grc' dir='ltr'>βασιλεῖς,</span> <span class='ocrx_word' id='word_1_692' title='bbox 293 2319 479 2355; x_wconf 84' lang='grc' dir='ltr'>κρατήσαντες</span> <span class='ocrx_word' id='word_1_693' title='bbox 497 2319 580 2345; x_wconf 77' lang='grc' dir='ltr'>ἐθνῶν</span> <span class='ocrx_word' id='word_1_694' title='bbox 590 2339 597 2349; x_wconf 82' lang='grc'><strong>,</strong></span> <span class='ocrx_word' id='word_1_695' title='bbox 616 2320 774 2355; x_wconf 76' lang='grc' dir='ltr'>παρήγαγον</span> <span class='ocrx_word' id='word_1_696' title='bbox 789 2320 850 2352; x_wconf 77' lang='grc' dir='ltr'>τοὺς</span> <span class='ocrx_word' id='word_1_697' title='bbox 865 2320 917 2355; x_wconf 72' lang='grc' dir='ltr'>πρὸ</span> 
     </span>
    </p>
   </div>
   <div class='ocr_carea' id='block_1_95' title="bbox 127 2363 916 2400">
    <p class='ocr_par' dir='ltr' id='par_1_95' title="bbox 127 2363 916 2400">
     <span class='ocr_line' id='line_1_95' title="bbox 127 2363 916 2400; baseline 0 -8"><span class='ocrx_word' id='word_1_698' title='bbox 127 2364 219 2392; x_wconf 67' lang='grc' dir='ltr'>αὐτῶν</span> <span class='ocrx_word' id='word_1_699' title='bbox 233 2364 342 2400; x_wconf 83' lang='grc' dir='ltr'>νόμους,</span> <span class='ocrx_word' id='word_1_700' title='bbox 355 2364 402 2390; x_wconf 72' lang='grc' dir='ltr'>καὶ</span> <span class='ocrx_word' id='word_1_701' title='bbox 418 2363 507 2390; x_wconf 72' lang='grc' dir='ltr'>ἔθεντο</span> <span class='ocrx_word' id='word_1_702' title='bbox 519 2364 581 2395; x_wconf 74' lang='grc' dir='ltr'>τοὺς</span> <span class='ocrx_word' id='word_1_703' title='bbox 596 2364 677 2395; x_wconf 78' lang='grc' dir='ltr'>ἰδίους</span> <span class='ocrx_word' id='word_1_704' title='bbox 688 2373 694 2395; x_wconf 90' lang='grc'>;</span> <span class='ocrx_word' id='word_1_705' title='bbox 710 2365 755 2391; x_wconf 73' lang='grc' dir='ltr'>καὶ</span> <span class='ocrx_word' id='word_1_706' title='bbox 767 2365 852 2396; x_wconf 69' lang='grc' dir='ltr'>οὐδεὶς</span> <span class='ocrx_word' id='word_1_707' title='bbox 863 2365 916 2392; x_wconf 85' lang='grc' dir='ltr'><strong>τῶν</strong></span> 
     </span>
    </p>
   </div>
   <div class='ocr_carea' id='block_1_96' title="bbox 127 2409 914 2446">
    <p class='ocr_par' dir='ltr' id='par_1_96' title="bbox 127 2409 914 2446">
     <span class='ocr_line' id='line_1_96' title="bbox 127 2409 914 2446; baseline 0.001 -10"><span class='ocrx_word' id='word_1_708' title='bbox 127 2409 250 2445; x_wconf 72' lang='grc' dir='ltr'>ἀστέρων</span> <span class='ocrx_word' id='word_1_709' title='bbox 265 2409 389 2436; x_wconf 76' lang='grc' dir='ltr'>ἀπώλεσε</span> <span class='ocrx_word' id='word_1_710' title='bbox 401 2409 431 2436; x_wconf 78' lang='grc' dir='ltr'>τὸ</span> <span class='ocrx_word' id='word_1_711' title='bbox 449 2409 512 2435; x_wconf 77' lang='grc' dir='ltr'>[διον</span> <span class='ocrx_word' id='word_1_712' title='bbox 524 2409 619 2444; x_wconf 83' lang='grc' dir='ltr'>κλίμα.</span> <span class='ocrx_word' id='word_1_713' title='bbox 638 2410 707 2441; x_wconf 78' lang='grc' dir='ltr'>Χθὲς</span> <span class='ocrx_word' id='word_1_714' title='bbox 732 2412 755 2436; x_wconf 77' lang='grc' dir='ltr'><strong>οἱ</strong></span> <span class='ocrx_word' id='word_1_715' title='bbox 775 2411 914 2446; x_wconf 78' lang='grc' dir='ltr'>Ῥωμαῖοι,</span> 
     </span>
    </p>
   </div>
   <div class='ocr_carea' id='block_1_97' title="bbox 127 2455 916 2492">
    <p class='ocr_par' dir='ltr' id='par_1_97' title="bbox 127 2455 916 2492">
     <span class='ocr_line' id='line_1_97' title="bbox 127 2455 916 2492; baseline 0.001 -11"><span class='ocrx_word' id='word_1_716' title='bbox 127 2455 178 2491; x_wconf 81' lang='grc' dir='ltr'><strong>τῆς</strong></span> <span class='ocrx_word' id='word_1_717' title='bbox 200 2455 329 2490; x_wconf 77' lang='grc' dir='ltr'>’Δραὸίας</span> <span class='ocrx_word' id='word_1_718' title='bbox 342 2455 546 2491; x_wconf 81' lang='grc' dir='ltr'>κρατήσαντες,</span> <span class='ocrx_word' id='word_1_719' title='bbox 564 2456 627 2487; x_wconf 76' lang='grc' dir='ltr'>τοὺς</span> <span class='ocrx_word' id='word_1_720' title='bbox 645 2456 697 2482; x_wconf 81' lang='grc' dir='ltr'><strong>τῶν</strong></span> <span class='ocrx_word' id='word_1_721' title='bbox 716 2456 859 2492; x_wconf 71' lang='grc' dir='ltr'>βαρϐάρων</span> <span class='ocrx_word' id='word_1_722' title='bbox 874 2457 916 2483; x_wconf 86' lang='grc' dir='ltr'><strong>νό-</strong></span> 
     </span>
    </p>
   </div>
   <div class='ocr_carea' id='block_1_98' title="bbox 128 2500 915 2537">
    <p class='ocr_par' dir='ltr' id='par_1_98' title="bbox 128 2500 915 2537">
     <span class='ocr_line' id='line_1_98' title="bbox 128 2500 915 2537; baseline -0.001 -9"><span class='ocrx_word' id='word_1_723' title='bbox 128 2509 196 2536; x_wconf 74' lang='grc' dir='ltr'>μους</span> <span class='ocrx_word' id='word_1_724' title='bbox 209 2500 338 2537; x_wconf 78' lang='grc' dir='ltr'>ἡλλαξαν.</span> <span class='ocrx_word' id='word_1_725' title='bbox 355 2501 470 2527; x_wconf 85' lang='grc' dir='ltr'>Ἔπεται</span> <span class='ocrx_word' id='word_1_726' title='bbox 485 2501 539 2535; x_wconf 76' lang='grc' dir='ltr'>γὰρ</span> <span class='ocrx_word' id='word_1_727' title='bbox 551 2500 581 2526; x_wconf 78' lang='grc' dir='ltr'><strong>τὸ</strong></span> <span class='ocrx_word' id='word_1_728' title='bbox 596 2500 767 2532; x_wconf 76' lang='grc' dir='ltr'>αὐτεξούσιον</span> <span class='ocrx_word' id='word_1_729' title='bbox 783 2500 820 2536; x_wconf 80' lang='grc' dir='ltr'>τῷ</span> <span class='ocrx_word' id='word_1_730' title='bbox 849 2502 915 2528; x_wconf 83' lang='grc' dir='ltr'>αὺτ-</span> 
     </span>
    </p>
   </div>
   <div class='ocr_carea' id='block_1_99' title="bbox 127 2545 915 2581">
    <p class='ocr_par' dir='ltr' id='par_1_99' title="bbox 127 2545 915 2581">
     <span class='ocr_line' id='line_1_99' title="bbox 127 2545 915 2581; baseline -0.001 -7"><span class='ocrx_word' id='word_1_731' title='bbox 127 2545 250 2581; x_wconf 73' lang='grc' dir='ltr'>ιξουσίῳ.</span> <span class='ocrx_word' id='word_1_732' title='bbox 265 2546 302 2572; x_wconf 82' lang='grc' dir='ltr'>Τὸ</span> <span class='ocrx_word' id='word_1_733' title='bbox 324 2545 352 2572; x_wconf 78' lang='grc' dir='ltr'><strong>δὲ</strong></span> <span class='ocrx_word' id='word_1_734' title='bbox 363 2546 509 2581; x_wconf 80' lang='grc' dir='ltr'>δυνάμενον</span> <span class='ocrx_word' id='word_1_735' title='bbox 526 2547 617 2572; x_wconf 77' lang='grc' dir='ltr'>πεῖσαι</span> <span class='ocrx_word' id='word_1_736' title='bbox 639 2547 686 2573; x_wconf 74' lang='grc' dir='ltr'>καὶ</span> <span class='ocrx_word' id='word_1_737' title='bbox 705 2547 768 2578; x_wconf 71' lang='grc' dir='ltr'>τοὺς</span> <span class='ocrx_word' id='word_1_738' title='bbox 786 2547 915 2578; x_wconf 76' lang='grc' dir='ltr'>ἀπίστους</span> 
     </span>
    </p>
   </div>
   <div class='ocr_carea' id='block_1_100' title="bbox 126 2591 914 2628">
    <p class='ocr_par' dir='ltr' id='par_1_100' title="bbox 126 2591 914 2628">
     <span class='ocr_line' id='line_1_100' title="bbox 126 2591 914 2628; baseline -0.001 -9"><span class='ocrx_word' id='word_1_739' title='bbox 126 2591 279 2628; x_wconf 77' lang='grc' dir='ltr'>ἐκθήσομαι</span> <span class='ocrx_word' id='word_1_740' title='bbox 300 2592 375 2627; x_wconf 86' lang='grc' dir='ltr'>ὑμῖν.</span> <span class='ocrx_word' id='word_1_741' title='bbox 408 2592 528 2618; x_wconf 80' lang='grc' dir='ltr'><strong>Ἰουδαῖοι</strong></span> <span class='ocrx_word' id='word_1_742' title='bbox 559 2592 659 2624; x_wconf 82' lang='grc' dir='ltr'>πάντες</span> <span class='ocrx_word' id='word_1_743' title='bbox 683 2593 707 2619; x_wconf 87' lang='grc' dir='ltr'><strong>οἱ</strong></span> <span class='ocrx_word' id='word_1_744' title='bbox 729 2592 773 2619; x_wconf 80' lang='grc' dir='ltr'><strong>διὰ</strong></span> <span class='ocrx_word' id='word_1_745' title='bbox 793 2592 914 2625; x_wconf 77' lang='grc' dir='ltr'>Μωσέως</span> 
     </span>
    </p>
   </div>
   <div class='ocr_carea' id='block_1_101' title="bbox 124 2636 914 2673">
    <p class='ocr_par' dir='ltr' id='par_1_101' title="bbox 124 2636 914 2673">
     <span class='ocr_line' id='line_1_101' title="bbox 124 2636 914 2673; baseline 0 -9"><span class='ocrx_word' id='word_1_746' title='bbox 124 2637 266 2673; x_wconf 76' lang='grc' dir='ltr'>δεξάμενοι</span> <span class='ocrx_word' id='word_1_747' title='bbox 279 2636 370 2672; x_wconf 81' lang='grc' dir='ltr'>νόμον,</span> <span class='ocrx_word' id='word_1_748' title='bbox 384 2637 447 2668; x_wconf 84' lang='grc' dir='ltr'>τοὺς</span> <span class='ocrx_word' id='word_1_749' title='bbox 460 2637 645 2672; x_wconf 81' lang='grc' dir='ltr'>γεννωμένους</span> <span class='ocrx_word' id='word_1_750' title='bbox 654 2637 770 2673; x_wconf 75' lang='grc' dir='ltr'>ἄρρενας</span> <span class='ocrx_word' id='word_1_751' title='bbox 782 2638 878 2669; x_wconf 84' lang='grc' dir='ltr'>παῖδας</span> <span class='ocrx_word' id='word_1_752' title='bbox 885 2638 914 2664; x_wconf 83' lang='grc' dir='ltr'>ὲν</span> 
     </span>
    </p>
   </div>
   <div class='ocr_carea' id='block_1_102' title="bbox 123 2682 913 2721">
    <p class='ocr_par' dir='ltr' id='par_1_102' title="bbox 123 2682 913 2721">
     <span class='ocr_line' id='line_1_102' title="bbox 123 2682 913 2721; baseline -0.001 -10"><span class='ocrx_word' id='word_1_753' title='bbox 123 2685 158 2719; x_wconf 80' lang='grc' dir='ltr'>τῇ</span> <span class='ocrx_word' id='word_1_754' title='bbox 174 2683 256 2721; x_wconf 66' lang='grc' dir='ltr'><strong>ὀγδόῃ</strong></span> <span class='ocrx_word' id='word_1_755' title='bbox 266 2682 358 2719; x_wconf 79' lang='grc' dir='ltr'>ἡμέρᾳ</span> <span class='ocrx_word' id='word_1_756' title='bbox 365 2683 528 2719; x_wconf 80' lang='grc' dir='ltr'>αἰμάσσουσι</span> <span class='ocrx_word' id='word_1_757' title='bbox 543 2683 761 2718; x_wconf 79' lang='grc' dir='ltr'>περιτέμνοντες,</span> <span class='ocrx_word' id='word_1_758' title='bbox 773 2684 822 2710; x_wconf 80' lang='grc' dir='ltr'><strong>οὑκ</strong></span> <span class='ocrx_word' id='word_1_759' title='bbox 834 2684 913 2711; x_wconf 80' lang='grc' dir='ltr'>ἀστέ-</span> 
     </span>
    </p>
   </div>
   <div class='ocr_carea' id='block_1_103' title="bbox 158 2784 911 2820">
    <p class='ocr_par' dir='ltr' id='par_1_103' title="bbox 158 2784 911 2820">
     <span class='ocr_line' id='line_1_103' title="bbox 158 2784 911 2820; baseline 0.004 -10"><span class='ocrx_word' id='word_1_760' title='bbox 158 2784 214 2820; x_wconf 72' lang='grc'>(12)</span> <span class='ocrx_word' id='word_1_761' title='bbox 233 2784 433 2820; x_wconf 73' lang='grc' dir='ltr'>Ἀπεκρίνατο.</span> <span class='ocrx_word' id='word_1_762' title='bbox 448 2784 554 2820; x_wconf 67' lang='lat' dir='ltr'><strong>Aliena,</strong></span> <span class='ocrx_word' id='word_1_763' title='bbox 573 2792 665 2816; x_wconf 83' lang='lat' dir='ltr'><strong>creao.</strong></span> <span class='ocrx_word' id='word_1_764' title='bbox 678 2793 740 2812; x_wconf 76' lang='lat' dir='ltr'><strong>vox.</strong></span> <span class='ocrx_word' id='word_1_765' title='bbox 754 2784 823 2818; x_wconf 85' lang='lat' dir='ltr'><strong>Quid</strong></span> <span class='ocrx_word' id='word_1_766' title='bbox 838 2786 911 2813; x_wconf 90' lang='lat' dir='ltr'><strong>enim</strong></span> 
     </span>
    </p>
   </div>
   <div class='ocr_carea' id='block_1_104' title="bbox 122 2819 913 2854">
    <p class='ocr_par' dir='ltr' id='par_1_104' title="bbox 122 2819 913 2854">
     <span class='ocr_line' id='line_1_104' title="bbox 122 2819 913 2854; baseline 0.003 -8"><span class='ocrx_word' id='word_1_767' title='bbox 122 2824 174 2850; x_wconf 67' lang='lat' dir='ltr'><strong>est,</strong></span> <span class='ocrx_word' id='word_1_768' title='bbox 187 2819 336 2854; x_wconf 82' lang='grc' dir='ltr'>ἀπόκρισις</span> <span class='ocrx_word' id='word_1_769' title='bbox 357 2819 538 2854; x_wconf 84' lang='grc' dir='ltr'>ἀπεκρίνατο;</span> <span class='ocrx_word' id='word_1_770' title='bbox 553 2827 584 2849; x_wconf 62' lang='grc' dir='ltr'>αι</span> <span class='ocrx_word' id='word_1_771' title='bbox 609 2820 632 2848; x_wconf 89' lang='lat' dir='ltr'><strong>si</strong></span> <span class='ocrx_word' id='word_1_772' title='bbox 651 2820 747 2851; x_wconf 87' lang='lat' dir='ltr'><strong>aberit,</strong></span> <span class='ocrx_word' id='word_1_773' title='bbox 766 2821 856 2848; x_wconf 77' lang='lat' dir='ltr'><strong>clarus</strong></span> <span class='ocrx_word' id='word_1_774' title='bbox 870 2821 913 2848; x_wconf 93' lang='lat' dir='ltr'><strong>in-</strong></span> 
     </span>
    </p>
   </div>
   <div class='ocr_carea' id='block_1_105' title="bbox 123 2859 354 2888">
    <p class='ocr_par' dir='ltr' id='par_1_105' title="bbox 123 2859 354 2888">
     <span class='ocr_line' id='line_1_105' title="bbox 123 2859 354 2888; baseline -0.004 -7"><span class='ocrx_word' id='word_1_775' title='bbox 123 2859 253 2888; x_wconf 70' lang='lat' dir='ltr'><strong>tegerque</strong></span> <span class='ocrx_word' id='word_1_776' title='bbox 267 2859 354 2881; x_wconf 86' lang='lat' dir='ltr'><strong>locus.</strong></span> 
     </span>
    </p>
   </div>
   <div class='ocr_carea' id='block_1_106' title="bbox 157 2888 909 2930">
    <p class='ocr_par' dir='ltr' id='par_1_106' title="bbox 157 2888 909 2930">
     <span class='ocr_line' id='line_1_106' title="bbox 157 2888 909 2930; baseline 0.004 -15"><span class='ocrx_word' id='word_1_777' title='bbox 157 2889 338 2930; x_wconf 48' lang='grc' dir='ltr'><strong>(ΙόλΚατᾴ.</strong></span> <span class='ocrx_word' id='word_1_778' title='bbox 353 2888 602 2930; x_wconf 44' lang='grc' dir='ltr'>τοὺς-δεκανρύς.</span> <span class='ocrx_word' id='word_1_779' title='bbox 625 2889 735 2930; x_wconf 71' lang='lat' dir='ltr'><strong>Utique.</strong></span> <span class='ocrx_word' id='word_1_780' title='bbox 765 2890 909 2918; x_wconf 87' lang='lat' dir='ltr'><strong>Duodecim</strong></span> 
     </span>
    </p>
   </div>
   <div class='ocr_carea' id='block_1_107' title="bbox 124 2923 909 2961">
    <p class='ocr_par' dir='ltr' id='par_1_107' title="bbox 124 2923 909 2961">
     <span class='ocr_line' id='line_1_107' title="bbox 124 2923 909 2961; baseline 0.003 -9"><span class='ocrx_word' id='word_1_781' title='bbox 124 2923 250 2952; x_wconf 63' lang='lat' dir='ltr'><strong>enim&#39;iu</strong></span> <span class='ocrx_word' id='word_1_782' title='bbox 278 2923 390 2952; x_wconf 84' lang='lat' dir='ltr'><strong>zodian</strong></span> <span class='ocrx_word' id='word_1_783' title='bbox 415 2924 595 2961; x_wconf 77' lang='lat' dir='ltr'><strong>signazsigni</strong></span> <span class='ocrx_word' id='word_1_784' title='bbox 621 2923 753 2961; x_wconf 72' lang='lat' dir='ltr'><strong>cujusque</strong></span> <span class='ocrx_word' id='word_1_785' title='bbox 778 2930 868 2961; x_wconf 76' lang='lat' dir='ltr'><strong>partes</strong></span> <span class='ocrx_word' id='word_1_786' title='bbox 895 2935 909 2954; x_wconf 74' lang='grc' dir='ltr'><strong>ιι</strong></span> 
     </span>
    </p>
   </div>
   <div class='ocr_carea' id='block_1_108' title="bbox 971 2311 1760 2348">
    <p class='ocr_par' dir='ltr' id='par_1_108' title="bbox 971 2311 1760 2348">
     <span class='ocr_line' id='line_1_108' title="bbox 971 2311 1760 2348; baseline -0.004 -7"><span class='ocrx_word' id='word_1_787' title='bbox 971 2314 1130 2348; x_wconf 87' lang='lat' dir='ltr'><strong>pitudinem,</strong></span> <span class='ocrx_word' id='word_1_788' title='bbox 1144 2322 1194 2341; x_wconf 89' lang='lat' dir='ltr'><strong>nec</strong></span> <span class='ocrx_word' id='word_1_789' title='bbox 1212 2313 1323 2348; x_wconf 71' lang='lat' dir='ltr'><strong>reliqum</strong></span> <span class='ocrx_word' id='word_1_790' title='bbox 1338 2313 1464 2340; x_wconf 79' lang='lat' dir='ltr'><strong>nationes</strong></span> <span class='ocrx_word' id='word_1_791' title='bbox 1478 2312 1611 2346; x_wconf 69' lang='lat' dir='ltr'><strong>barbaras,</strong></span> <span class='ocrx_word' id='word_1_792' title='bbox 1624 2311 1658 2339; x_wconf 87' lang='lat' dir='ltr'><strong>ad</strong></span> <span class='ocrx_word' id='word_1_793' title='bbox 1672 2311 1760 2339; x_wconf 87' lang='lat' dir='ltr'><strong>Musa-</strong></span> 
     </span>
    </p>
   </div>
   <div class='ocr_carea' id='block_1_109' title="bbox 970 2357 1759 2394">
    <p class='ocr_par' dir='ltr' id='par_1_109' title="bbox 970 2357 1759 2394">
     <span class='ocr_line' id='line_1_109' title="bbox 970 2357 1759 2394; baseline -0.001 -9"><span class='ocrx_word' id='word_1_794' title='bbox 970 2367 1030 2386; x_wconf 90' lang='lat' dir='ltr'><strong>rum</strong></span> <span class='ocrx_word' id='word_1_795' title='bbox 1047 2359 1126 2393; x_wconf 87' lang='lat' dir='ltr'><strong>(quas</strong></span> <span class='ocrx_word' id='word_1_796' title='bbox 1139 2359 1224 2386; x_wconf 68' lang='lat' dir='ltr'><strong>Grmei</strong></span> <span class='ocrx_word' id='word_1_797' title='bbox 1248 2358 1359 2394; x_wconf 84' lang='lat' dir='ltr'><strong>vocant)</strong></span> <span class='ocrx_word' id='word_1_798' title='bbox 1375 2358 1611 2391; x_wconf 83' lang='lat' dir='ltr'><strong>consuetudinem,</strong></span> <span class='ocrx_word' id='word_1_799' title='bbox 1627 2362 1703 2386; x_wconf 73' lang='lat' dir='ltr'><strong>ortus</strong></span> <span class='ocrx_word' id='word_1_800' title='bbox 1715 2357 1759 2385; x_wconf 88' lang='lat' dir='ltr'><strong>sui</strong></span> 
     </span>
    </p>
   </div>
   <div class='ocr_carea' id='block_1_110' title="bbox 969 2402 1796 2438">
    <p class='ocr_par' dir='ltr' id='par_1_110' title="bbox 969 2402 1796 2438">
     <span class='ocr_line' id='line_1_110' title="bbox 969 2402 1796 2438; baseline 0 -8"><span class='ocrx_word' id='word_1_801' title='bbox 969 2404 1132 2437; x_wconf 85' lang='lat' dir='ltr'><strong>conditione,</strong></span> <span class='ocrx_word' id='word_1_802' title='bbox 1143 2405 1232 2431; x_wconf 79' lang='lat' dir='ltr'><strong>invitae</strong></span> <span class='ocrx_word' id='word_1_803' title='bbox 1247 2404 1425 2438; x_wconf 83' lang='lat' dir='ltr'><strong>nolentesque</strong></span> <span class='ocrx_word' id='word_1_804' title='bbox 1437 2408 1581 2438; x_wconf 82' lang='lat' dir='ltr'><strong>coguntur.</strong></span> <span class='ocrx_word' id='word_1_805' title='bbox 1598 2402 1651 2430; x_wconf 89' lang='lat' dir='ltr'><strong>Sed</strong></span> <span class='ocrx_word' id='word_1_806' title='bbox 1663 2410 1758 2438; x_wconf 88' lang='lat' dir='ltr'><strong>quem-</strong></span> <span class='ocrx_word' id='word_1_807' title='bbox 1793 2413 1796 2418; x_wconf 93' lang='grc'>·</span> 
     </span>
    </p>
   </div>
   <div class='ocr_carea' id='block_1_111' title="bbox 969 2449 1758 2484">
    <p class='ocr_par' dir='ltr' id='par_1_111' title="bbox 969 2449 1758 2484">
     <span class='ocr_line' id='line_1_111' title="bbox 969 2449 1758 2484; baseline 0 -7"><span class='ocrx_word' id='word_1_808' title='bbox 969 2451 1113 2477; x_wconf 87' lang='lat' dir='ltr'><strong>admodum</strong></span> <span class='ocrx_word' id='word_1_809' title='bbox 1129 2455 1191 2477; x_wconf 88' lang='lat' dir='ltr'><strong>ante</strong></span> <span class='ocrx_word' id='word_1_810' title='bbox 1201 2450 1332 2482; x_wconf 82' lang='lat' dir='ltr'><strong>diximus,</strong></span> <span class='ocrx_word' id='word_1_811' title='bbox 1347 2449 1458 2484; x_wconf 63' lang='lat' dir='ltr'><strong>singulae</strong></span> <span class='ocrx_word' id='word_1_812' title='bbox 1471 2449 1606 2482; x_wconf 86' lang='lat' dir='ltr'><strong>nationes,</strong></span> <span class='ocrx_word' id='word_1_813' title='bbox 1619 2449 1758 2477; x_wconf 86' lang='lat' dir='ltr'><strong>homines-</strong></span> 
     </span>
    </p>
   </div>
   <div class='ocr_carea' id='block_1_112' title="bbox 969 2491 1756 2527">
    <p class='ocr_par' dir='ltr' id='par_1_112' title="bbox 969 2491 1756 2527">
     <span class='ocr_line' id='line_1_112' title="bbox 969 2491 1756 2527; baseline 0.001 -9"><span class='ocrx_word' id='word_1_814' title='bbox 969 2500 1021 2527; x_wconf 88' lang='lat' dir='ltr'><strong>que</strong></span> <span class='ocrx_word' id='word_1_815' title='bbox 1036 2492 1146 2526; x_wconf 83' lang='lat' dir='ltr'><strong>singuli,</strong></span> <span class='ocrx_word' id='word_1_816' title='bbox 1161 2500 1209 2519; x_wconf 85' lang='lat' dir='ltr'><strong>sua</strong></span> <span class='ocrx_word' id='word_1_817' title='bbox 1229 2493 1280 2527; x_wconf 89' lang='lat' dir='ltr'><strong>ipsi</strong></span> <span class='ocrx_word' id='word_1_818' title='bbox 1295 2492 1429 2524; x_wconf 84' lang='lat' dir='ltr'><strong>libertate,</strong></span> <span class='ocrx_word' id='word_1_819' title='bbox 1445 2492 1490 2519; x_wconf 90' lang='lat' dir='ltr'><strong>ubi</strong></span> <span class='ocrx_word' id='word_1_820' title='bbox 1507 2491 1667 2526; x_wconf 87' lang='lat' dir='ltr'><strong>quotiesque</strong></span> <span class='ocrx_word' id='word_1_821' title='bbox 1684 2492 1756 2519; x_wconf 80' lang='lat' dir='ltr'><strong>libit-</strong></span> 
     </span>
    </p>
   </div>
   <div class='ocr_carea' id='block_1_113' title="bbox 968 2537 1755 2571">
    <p class='ocr_par' dir='ltr' id='par_1_113' title="bbox 968 2537 1755 2571">
     <span class='ocr_line' id='line_1_113' title="bbox 968 2537 1755 2571; baseline 0.001 -7"><span class='ocrx_word' id='word_1_822' title='bbox 968 2537 1029 2568; x_wconf 90' lang='lat' dir='ltr'><strong>erit,</strong></span> <span class='ocrx_word' id='word_1_823' title='bbox 1043 2541 1156 2564; x_wconf 89' lang='lat' dir='ltr'><strong>utuntur</strong></span> <span class='ocrx_word' id='word_1_824' title='bbox 1182 2546 1189 2564; x_wconf 90' lang='lat'><strong>:</strong></span> <span class='ocrx_word' id='word_1_825' title='bbox 1216 2537 1324 2564; x_wconf 87' lang='lat' dir='ltr'><strong>tametsi</strong></span> <span class='ocrx_word' id='word_1_826' title='bbox 1340 2537 1437 2571; x_wconf 83' lang='lat' dir='ltr'><strong>partim</strong></span> <span class='ocrx_word' id='word_1_827' title='bbox 1452 2537 1580 2564; x_wconf 86' lang='lat' dir='ltr'><strong>nascendi</strong></span> <span class='ocrx_word' id='word_1_828' title='bbox 1592 2537 1755 2569; x_wconf 86' lang='lat' dir='ltr'><strong>conditioni.</strong></span> 
     </span>
    </p>
   </div>
   <div class='ocr_carea' id='block_1_114' title="bbox 968 2585 1755 2620">
    <p class='ocr_par' dir='ltr' id='par_1_114' title="bbox 968 2585 1755 2620">
     <span class='ocr_line' id='line_1_114' title="bbox 968 2585 1755 2620; baseline 0.001 -9"><span class='ocrx_word' id='word_1_829' title='bbox 968 2585 1066 2620; x_wconf 87' lang='lat' dir='ltr'><strong>partim</strong></span> <span class='ocrx_word' id='word_1_830' title='bbox 1079 2590 1183 2612; x_wconf 79' lang='lat' dir='ltr'><strong>naturae</strong></span> <span class='ocrx_word' id='word_1_831' title='bbox 1199 2586 1315 2620; x_wconf 89' lang='lat' dir='ltr'><strong>quisque</strong></span> <span class='ocrx_word' id='word_1_832' title='bbox 1333 2592 1398 2617; x_wconf 78' lang='lat' dir='ltr'><strong>suae,</strong></span> <span class='ocrx_word' id='word_1_833' title='bbox 1408 2592 1468 2619; x_wconf 83' lang='lat' dir='ltr'><strong>quae</strong></span> <span class='ocrx_word' id='word_1_834' title='bbox 1483 2591 1534 2611; x_wconf 86' lang='lat' dir='ltr'><strong>suo</strong></span> <span class='ocrx_word' id='word_1_835' title='bbox 1548 2592 1684 2620; x_wconf 87' lang='lat' dir='ltr'><strong>quemque</strong></span> <span class='ocrx_word' id='word_1_836' title='bbox 1695 2592 1755 2613; x_wconf 89' lang='lat' dir='ltr'><strong>cor-</strong></span> 
     </span>
    </p>
   </div>
   <div class='ocr_carea' id='block_1_115' title="bbox 967 2630 1753 2666">
    <p class='ocr_par' dir='ltr' id='par_1_115' title="bbox 967 2630 1753 2666">
     <span class='ocr_line' id='line_1_115' title="bbox 967 2630 1753 2666; baseline 0 -9"><span class='ocrx_word' id='word_1_837' title='bbox 967 2638 1032 2666; x_wconf 88' lang='lat' dir='ltr'><strong>pore</strong></span> <span class='ocrx_word' id='word_1_838' title='bbox 1047 2631 1152 2663; x_wconf 90' lang='lat' dir='ltr'><strong>induit,</strong></span> <span class='ocrx_word' id='word_1_839' title='bbox 1168 2630 1257 2657; x_wconf 86' lang='lat' dir='ltr'><strong>libens</strong></span> <span class='ocrx_word' id='word_1_840' title='bbox 1278 2638 1472 2664; x_wconf 86' lang='lat' dir='ltr'><strong>nonnunquam</strong></span> <span class='ocrx_word' id='word_1_841' title='bbox 1487 2634 1568 2665; x_wconf 87' lang='lat' dir='ltr'><strong>atque</strong></span> <span class='ocrx_word' id='word_1_842' title='bbox 1582 2630 1692 2664; x_wconf 84' lang='lat' dir='ltr'><strong>volens,</strong></span> <span class='ocrx_word' id='word_1_843' title='bbox 1710 2630 1753 2657; x_wconf 94' lang='lat' dir='ltr'><strong>in-</strong></span> 
     </span>
    </p>
   </div>
   <div class='ocr_carea' id='block_1_116' title="bbox 968 2675 1754 2712">
    <p class='ocr_par' dir='ltr' id='par_1_116' title="bbox 968 2675 1754 2712">
     <span class='ocr_line' id='line_1_116' title="bbox 968 2675 1754 2712; baseline 0 -8"><span class='ocrx_word' id='word_1_844' title='bbox 968 2677 1073 2704; x_wconf 86' lang='lat' dir='ltr'><strong>terdum</strong></span> <span class='ocrx_word' id='word_1_845' title='bbox 1089 2677 1184 2704; x_wconf 89' lang='lat' dir='ltr'><strong>nolens</strong></span> <span class='ocrx_word' id='word_1_846' title='bbox 1201 2680 1227 2704; x_wconf 85' lang='lat' dir='ltr'><strong>et</strong></span> <span class='ocrx_word' id='word_1_847' title='bbox 1242 2676 1341 2703; x_wconf 76' lang='lat' dir='ltr'><strong>invitus</strong></span> <span class='ocrx_word' id='word_1_848' title='bbox 1369 2676 1544 2710; x_wconf 86' lang='lat' dir='ltr'><strong>obtemperet.</strong></span> <span class='ocrx_word' id='word_1_849' title='bbox 1573 2675 1677 2712; x_wconf 88' lang='lat' dir='ltr'><strong>Quippe</strong></span> <span class='ocrx_word' id='word_1_850' title='bbox 1692 2677 1754 2704; x_wconf 83' lang='lat' dir='ltr'><strong>ubi—</strong></span> 
     </span>
    </p>
   </div>
   <div class='ocr_carea' id='block_1_117' title="bbox 967 2783 1751 2821">
    <p class='ocr_par' dir='ltr' id='par_1_117' title="bbox 967 2783 1751 2821">
     <span class='ocr_line' id='line_1_117' title="bbox 967 2783 1751 2821; baseline 0.001 -9"><span class='ocrx_word' id='word_1_851' title='bbox 967 2784 1144 2821; x_wconf 78' lang='lat' dir='ltr'><strong>genethliacis</strong></span> <span class='ocrx_word' id='word_1_852' title='bbox 1165 2783 1277 2819; x_wconf 74' lang='lat' dir='ltr'><strong>triginta</strong></span> <span class='ocrx_word' id='word_1_853' title='bbox 1300 2785 1454 2821; x_wconf 72' lang='lat' dir='ltr'><strong>constituta:</strong></span> <span class='ocrx_word' id='word_1_854' title='bbox 1472 2792 1479 2810; x_wconf 90' lang='lat'><strong>:</strong></span> <span class='ocrx_word' id='word_1_855' title='bbox 1498 2790 1529 2821; x_wconf 79' lang='lat' dir='ltr'><strong>ac</strong></span> <span class='ocrx_word' id='word_1_856' title='bbox 1552 2788 1607 2821; x_wconf 81' lang='lat' dir='ltr'><strong>tres</strong></span> <span class='ocrx_word' id='word_1_857' title='bbox 1621 2784 1652 2821; x_wconf 67' lang='lat' dir='ltr'><strong>in</strong></span> <span class='ocrx_word' id='word_1_858' title='bbox 1668 2785 1751 2813; x_wconf 82' lang='lat' dir='ltr'><strong>decu-</strong></span> 
     </span>
    </p>
   </div>
   <div class='ocr_carea' id='block_1_118' title="bbox 965 2819 1750 2855">
    <p class='ocr_par' dir='ltr' id='par_1_118' title="bbox 965 2819 1750 2855">
     <span class='ocr_line' id='line_1_118' title="bbox 965 2819 1750 2855; baseline 0.001 -8"><span class='ocrx_word' id='word_1_859' title='bbox 965 2819 1022 2848; x_wconf 69' lang='lat' dir='ltr'><strong>rias</strong></span> <span class='ocrx_word' id='word_1_860' title='bbox 1038 2821 1158 2853; x_wconf 69' lang='lat' dir='ltr'><strong>tributae,</strong></span> <span class='ocrx_word' id='word_1_861' title='bbox 1181 2827 1296 2855; x_wconf 88' lang='lat' dir='ltr'><strong>quarum</strong></span> <span class='ocrx_word' id='word_1_862' title='bbox 1320 2820 1457 2854; x_wconf 82' lang='lat' dir='ltr'><strong>principes</strong></span> <span class='ocrx_word' id='word_1_863' title='bbox 1471 2838 1479 2852; x_wconf 85' lang='lat'><strong>,</strong></span> <span class='ocrx_word' id='word_1_864' title='bbox 1491 2819 1597 2853; x_wconf 84' lang='lat' dir='ltr'><strong>decani,</strong></span> <span class='ocrx_word' id='word_1_865' title='bbox 1619 2819 1750 2848; x_wconf 69' lang='lat' dir='ltr'><strong>Romana!</strong></span> 
     </span>
    </p>
   </div>
   <div class='ocr_carea' id='block_1_119' title="bbox 965 2855 1749 2891">
    <p class='ocr_par' dir='ltr' id='par_1_119' title="bbox 965 2855 1749 2891">
     <span class='ocr_line' id='line_1_119' title="bbox 965 2855 1749 2891; baseline 0 -8"><span class='ocrx_word' id='word_1_866' title='bbox 965 2863 999 2883; x_wconf 71' lang='lat' dir='ltr'><strong>ex</strong></span> <span class='ocrx_word' id='word_1_867' title='bbox 1018 2855 1124 2884; x_wconf 61' lang='lat' dir='ltr'><strong>militiae</strong></span> <span class='ocrx_word' id='word_1_868' title='bbox 1145 2863 1198 2884; x_wconf 83' lang='lat' dir='ltr'><strong>usu</strong></span> <span class='ocrx_word' id='word_1_869' title='bbox 1220 2855 1374 2890; x_wconf 81' lang='lat' dir='ltr'><strong>nominati;</strong></span> <span class='ocrx_word' id='word_1_870' title='bbox 1391 2861 1488 2883; x_wconf 81' lang='lat' dir='ltr'><strong>omnes</strong></span> <span class='ocrx_word' id='word_1_871' title='bbox 1510 2855 1624 2890; x_wconf 86' lang='lat' dir='ltr'><strong>proinde</strong></span> <span class='ocrx_word' id='word_1_872' title='bbox 1639 2856 1749 2891; x_wconf 74' lang='lat' dir='ltr'><strong>triginta</strong></span> 
     </span>
    </p>
   </div>
   <div class='ocr_carea' id='block_1_120' title="bbox 965 2899 1022 2919">
    <p class='ocr_par' dir='ltr' id='par_1_120' title="bbox 965 2899 1022 2919">
     <span class='ocr_line' id='line_1_120' title="bbox 965 2899 1022 2919; baseline -0.018 0"><span class='ocrx_word' id='word_1_873' title='bbox 965 2899 1022 2919; x_wconf 71' lang='grc' dir='ltr'><strong>8οΧ-</strong></span> 
     </span>
    </p>
   </div>
  </div>
