2063 3211
288 196 341 223 475

604 191 738 220 ΕΕΕΕΒΠ
758 188 997 218 (ΖίΕΞΑΙίΙΕΝδιδ
1013 187 1054 214 0P

1109 184 1199 213 PARS
1217 184 1247 212 ll.
1270 199 1304 205 —
1323 181 1572 211 APOLOGETICA.

1858 179 1911 205 475

288 261 342 288 que
357 257 490 280 terrarum
501 272 508 283 ,
525 256 606 286 atque
627 250 696 285 apud
711 257 806 276 omnes
821 247 933 275 omnino
949 246 1054 281 populo:

1106 251 1173 277 ,ρος
1194 241 1343 277 παρουσίαν
1369 241 1557 274 ἀναμένοντες,
1583 239 1613 265 οὺ
1635 237 1764 273 κλίματος
1790 236 1911 269 ἐξουσίαν

289 299 385 325 divites
400 299 500 332 pariter
515 302 540 324 et
558 298 662 330 inopes,
689 295 835 329 principes,
852 293 1073 328 principibusque

289 344 408 376 subditi,
435 344 570 374 valentes,
590 342 748 375 morbisque
772 339 860 367 vexati
889 342 1070 374 reperiuntur,

288 395 368 424 prout
381 394 457 416 ortus
474 389 605 422 cujusque
618 394 678 413 sors
693 391 719 413 et
732 385 800 412 ratio
815 383 915 411 tulerit.
938 382 1010 414 Haec,
1028 383 1070 409 in-

287 443 387 469 quam,
403 441 419 460 ο
436 433 604 464 Bardesane,
624 431 705 465 hujus
729 431 795 458 mihi
816 429 956 457 sententiae
974 428 1071 454 vetita-

287 486 339 508 ten:
354 480 461 507 abunde
480 479 651 513 persuadent.
683 478 718 504 At
739 478 810 505 enim
835 476 982 504 astronomi
1004 474 1070 501 Ter-

285 535 343 553 ram
365 526 441 553 aiunt
457 525 483 551 in
501 529 603 558 septem
619 524 728 550 climata
749 523 864 550 divisam
878 529 955 554 esse,
969 521 1069 555 quibus

285 571 399 606 singulis
415 570 513 605 singuli
536 571 651 605 planetu:
664 570 775 604 praesint
791 578 798 596 :
815 569 851 595 ita
867 568 988 595 diversas
1008 567 1068 594 illas

284 616 320 643 ab
341 616 498 642 hominibus
522 615 624 649 positas
646 619 672 641 et
692 614 852 641 constitutas
870 613 941 648 leges
954 621 1007 639 non
1026 612 1068 638 l‘u-

284 662 348 693 isse,
362 662 408 688 sed
424 661 566 696 principiis
580 661 713 696 cujusque
727 661 825 688 sideris
838 660 1003 686 voluntatem
1018 667 1067 686 sua

283 706 310 734 in
323 707 433 741 regione
445 707 590 739 dominari,
605 714 686 742 quam
699 706 758 733 loco
772 706 838 740 legis
852 705 1005 739 habuerint,
1019 704 1065 739 qui

281 753 342 787 ejus
356 753 469 786 imperio
483 761 514 779 ac
527 752 631 779 ditione
645 756 798 778 teneamur.
834 750 933 777 Verum
951 750 986 782 id,
1002 749 1066 776 Phi~

282 797 363 832 lippo,
380 799 448 824 l‘also
463 797 651 831 respondetur.
669 796 736 823 Nam
755 802 784 822 ut
797 797 892 823 demus
905 796 997 823 urbem
1012 800 1066 822 ter-

281 852 374 871 rarum
388 849 490 878 septem
506 845 531 870 in
546 848 636 878 partes
648 843 822 870 distributum
840 849 915 875 esse;
937 849 1063 876 magnum

280 889 323 916 vel
346 897 400 916 una
421 894 524 916 tantum
540 889 566 915 in
582 893 658 923 parte
680 888 768 923 legum
787 887 932 915 discrimen
945 887 1065 922 agnosci-

1124 289 1318 324 ἐκτρεπόμενοι
1334 287 1402 322 (14),
1418 287 1467 321 οὐχ
1486 286 1538 312 ὑπὸ
1552 285 1633 320 νόμου
1655 284 1796 319 ἀλλοτρίας
1818 283 1911 318 χώρας

1123 335 1266 369 ἀγόμενοι·
1286 334 1344 360 ἀλλ’
1360 333 1415 359 εἴτε
1430 333 1458 358 ἐν
1480 331 1564 367 Συρίᾳ
1584 331 1762 365 τυγχάνουειν
1775 351 1781 362 ,
1804 330 1856 355 εἴτε
1879 329 1909 355 ἐν

1122 380 1232 415 Γαλλίᾳ,
1247 379 1302 405 εἴτε
1317 380 1344 405 ὲν
1367 379 1476 414 Ἰταλία,
1493 378 1548 404 εἴτε
1563 378 1591 403 ὲν
1615 376 1734 406 Ἑλλάδι,
1751 375 1767 410 ἢ
1791 376 1819 401 ἐν
1835 375 1909 410 Παρ-

1121 426 1176 462 θίᾳ,
1194 427 1210 461 ἢ
1230 427 1295 453 ὅπου
1315 426 1347 452 ἂν
1364 423 1432 457 ὦσι,
1450 425 1529 451 τοῦτο
1542 423 1672 450 ποιοῦσιν.
1690 424 1776 459 Ὅπερ
1787 423 1835 449 οὐκ
1850 423 1908 450 ἔστι

1120 474 1190 499 κατὰ
1205 473 1310 507 γένεσιν
1322 481 1328 487 ·
1343 473 1372 498 of:
1387 472 1439 507 γὰρ
1452 472 1577 498 δύνανται
1591 470 1691 501 πάντες
1710 469 1828 496 Ἰουδαῖοι
1842 470 1907 504 μίαν

1119 519 1224 553 γένεσιν
1241 518 1324 554 ἔχειν.
1354 517 1434 544 Ἀλλὰ
1455 517 1501 543 καὶ
1522 517 1554 543 δι’
1571 516 1682 552 ἡμερῶν
1702 515 1771 542 ἑπτὰ
1796 516 1907 547 πάντες,

1118 565 1184 591 ὅπου
1203 565 1235 591 ἂν
1250 562 1326 596 ὦσιν,
1350 563 1480 599 ἀργοῦσιν
1499 564 1530 588 ἐκ
1550 562 1648 593 παντὸς
1670 561 1768 596 ἔργου⁸
1787 562 1833 587 καὶ
1845 560 1907 588 οῦτε

1117 609 1264 638 ὁδεύουσιν,
1280 609 1340 635 οὔτε
1352 609 1418 644 πυρὶ
1434 608 1564 644 χρῶνται.
1582 606 1649 633 Οὔτε
1666 607 1814 640 ἀναγκάζει
1829 607 1845 642 ἠ
1860 607 1908 641 γέ-

1117 664 1189 687 νεσις
1212 655 1354 686 Ἰουδαῖον,
1377 655 1406 681 οὐ
1423 654 1513 680 κτίσαι
1529 651 1611 684 οἷκον,
1627 654 1655 679 οὺ
1673 652 1839 685 καταλῦσαι,
1855 654 1906 680 οὐκ

1117 701 1295 737 ἐργάσασθαι,
1309 701 1339 727 οὺ
1358 700 1490 735 πωλῆσαι,
1506 700 1556 726 οὐκ
1569 699 1702 735 ἀγοράσαι
1717 700 1776 731 ταῖς
1788 699 1907 734 ἡμέραις

1116 747 1162 774 τοῦ
1184 747 1321 774 Σαϐϐάτου
1331 768 1338 779 ,
1364 747 1451 773 καίτοι
1474 747 1501 772 ἐν
1514 748 1546 782 τῇ
1561 747 1627 781 αὐτῇ
1644 746 1734 782 ἡμέρᾳ
1748 746 1906 780 γεννώντων

1123 792 1255 819 Ἰουδαίων
1268 793 1315 819 καὶ⁸
1329 792 1513 827 γεννωμένων,
1532 792 1578 818 καὶ
1595 791 1753 822 νοσούντων,
1775 791 1822 818 καὶ
1836 793 1906 818 ἀπο-

1117 839 1286 874 θνησκόντων
1298 848 1304 854 ·
1323 839 1409 865 ταῦτα
1419 838 1472 874 γὰρ
1483 838 1579 864 oux-51'.
1592 838 1649 864 ἐστὶ
1661 837 1707 864 τοῦ
1720 837 1903 870 αὐτεξουσίου.

1123 885 1166 911 Ἑν
1182 887 1215 920 τῇ
1232 885 1315 920 Συρία
1329 885 1376 911 καὶ
1389 885 1417 910 ὲν
1428 887 1460 920 τῇ
1485 885 1615 920 Ὀσροηνῇ
1631 884 1816 910 ἀπεκόπτοντο
1840 884 1905 910 πολ-

281 942 353 962 mus.
376 934 430 962 Nec
443 935 514 962 enim
534 935 570 962 uti
587 935 701 969 planetae
716 939 828 968 septem,
843 939 943 968 septem
956 941 1054 968 quoqm

1115 931 1155 956 λο“ι
1165 932 1197 965 τῇ
1218 930 1281 966 Ῥέᾳ
1294 939 1300 943 ·
1318 931 1362 957 καὶ
1375 931 1404 956 ἐν
1419 931 1502 965 τούτῳ
1518 931 1566 966 μιᾷ
1581 932 1650 966 ῥοπῇ
1664 930 1677 956 ὁ
1692 929 1817 965 βασιλεὺς
1836 930 1904 956 ’Λϐ-

279 981 368 1013 leges;
398 988 447 1007 nec
475 988 524 1015 pro
547 980 687 1014 signorum
714 979 817 1006 zodiaci
835 986 948 1005 numero
963 978 1064 1004 duode-

279 1026 332 1053 cim
343 1035 350 1059 ;
363 1034 421 1059 nec,
435 1031 501 1060 quot
514 1026 563 1060 ipsi
575 1026 694 1053 decanos
710 1030 823 1060 ponunt,
847 1033 893 1052 sex
920 1029 1024 1051 tantum
1037 1029 1064 1051 et

279 1071 400 1104 triginta,
414 1071 459 1098 sed
474 1079 586 1105 prorsus
600 1071 711 1098 inlinith
728 1077 915 1098 numerantur.
947 1070 1061 1104 Quippe,

277 1117 434 1144 meminisse
460 1125 508 1145 vus
535 1125 628 1144 eorum
656 1125 715 1152 qua:
740 1125 820 1151 supra
836 1116 971 1147 diximus,
986 1124 1063 1150 opor-

276 1163 342 1189 tebit
367 1172 373 1190 :
399 1161 499 1189 Eodem
527 1163 553 1190 ir.
582 1164 704 1195 climate,
733 1171 840 1198 unoque
869 1163 1007 1190 ludiarum
1035 1163 1060 1189 in

276 1213 385 1240 tractu,
413 1208 493 1236 ludos
521 1209 590 1236 alios
619 1217 699 1242 esse,
724 1209 770 1243 qui
797 1209 927 1235 carnibus
948 1216 1060 1235 vescan-

277 1260 321 1283 tur
354 1255 502 1289 immanis,
530 1256 617 1288 alios,
645 1255 691 1290 qui
723 1257 757 1282 al)
781 1254 855 1282 omni
885 1263 975 1282 rerum
1002 1254 1060 1281 ani-

276 1307 412 1329 matarum
450 1310 498 1328 esu
529 1301 682 1328 abstineant
716 1310 722 1328 :
761 1301 910 1334 Magusacos
942 1308 995 1327 non
1032 1301 1058 1327 in

274 1346 357 1381 279
370 1345 415 1372 Pet
424 1346 481 1374 side
496 1351 598 1372 tannnn
616 1346 683 1373 tilias
695 1353 793 1372 uxores
801 1346 908 1376 ducere,
923 1346 969 1372 sed
977 1346 1057 1372 etiam

275 1392 428 1426 ubicunque
445 1383 551 1426 degrint,
564 1397 688 1426 acceptas
702 1399 716 1418 a
730 1392 879 1426 majoribus
899 1392 985 1426 leges,
997 1399 1059 1418 eos—

274 1440 388 1473 demque
406 1438 595 1474 mysteriorum
613 1438 681 1464 ritus
704 1445 736 1464 ac
750 1438 926 1465 emremonias
939 1437 1057 1464 retinen-

275 1489 324 1510 tes.
347 1483 443 1510 Multas
458 1492 564 1518 quoque
576 1483 759 1511 recensuimus
775 1483 908 1511 barbaras
921 1489 1054 1517 nationes,

273 1529 306 1556 ad
333 1529 489 1561 meridiem,
511 1536 637 1556 occasura
651 1549 659 1561 ,
676 1529 823 1561 orientem,
843 1529 1055 1564 septentrionem

273 1575 432 1607 incolentes,
451 1575 502 1602 hoc
512 1581 556 1602 est
570 1576 596 1602 in
609 1576 684 1602 varia
701 1576 808 1603 climata
822 1575 1055 1609 dissipatas,apud

272 1628 339 1655 quas
366 1621 470 1648 nullum
488 1625 578 1648 exstet
594 1621 773 1648 Mercuriana:
786 1621 854 1647 artis
869 1620 1053 1654 doctrinaeque

272 1666 429 1701 vestigium.
444 1665 503 1693 Jam
523 1674 596 1699 vero,
616 1674 698 1700 quam
715 1666 815 1693 multos
829 1666 967 1693 exstitisse
981 1667 1053 1693 viros

272 1712 408 1746 Sapientes
436 1712 547 1745 putatis,
570 1711 617 1746 qui
645 1711 717 1745 leges
732 1718 874 1745 perperam
891 1711 1053 1738 constitutas

272 1756 439 1782 immutarint
453 1756 464 1782 ?
476 1755 531 1783 lmo
552 1763 632 1790 quam
650 1755 740 1782 multae
756 1756 839 1790 leges,
865 1755 907 1782 vel
923 1755 1027 1782 consilii
1044 1777 1051 1788 ,

271 1802 313 1829 vel
331 1809 420 1828 rerum
437 1803 527 1836 inopia
551 1802 725 1829 conciderunt
739 1802 750 1828 ?
763 1809 842 1836 quam
861 1802 936 1828 multi
964 1809 1051 1836 rcges,

270 1848 410 1875 debellatis
425 1849 555 1883 victisque
565 1849 810 1876 nationibusnovas
818 1849 866 1883 ipsi
877 1849 1052 1884 propriasque

269 1894 352 1928 leges,
379 1895 527 1928 antiquatis
556 1895 701 1929 prioribus,
726 1895 934 1929 imposuerunt?
959 1894 1051 1929 Neque

269 1946 358 1968 tamen
373 1949 423 1968 suo
434 1941 541 1969 climate
549 1942 715 1976 planetarum
730 1941 799 1968 ullus
809 1941 920 1968 excidit.
935 1941 1050 1968 ιὶυιιιειηί

267 1987 379 2015 subacta
405 1988 602 2015 nudiustertius
632 1988 745 2020 Arabia,
772 1988 950 2015 barbarorum
979 1988 1050 2023 leges

267 2034 445 2061 sustulerunt.
461 2033 603 2068 Imperium
621 2034 692 2061 cnim
718 2026 807 2061 rErum
825 2039 944 2068 potestas
959 2034 1048 2061 omni-

266 2087 311 2106 um
327 2080 491 2114 licentiaque
501 2080 687 2114 consequitur.
703 2080 756 2108 Sed
767 2081 844 2115 juvat
859 2080 925 2108 illud
940 2080 1047 2113 atl'erre,

265 2124 336 2158 quod
349 2125 390 2151 vel
409 2125 556 2152 incredulis
568 2125 647 2152 tidem
660 2125 751 2153 faciat.
765 2125 853 2153 Judmi
865 2134 959 2154 omnes
970 2126 1016 2161 qui
1032 2134 1047 2153 a

264 2169 449 2206 Moyselegem
462 2177 632 2205 acceperunt,
648 2171 764 2199 infantes
777 2173 911 2199 masculos
925 2177 986 2199 ante
1001 2179 1047 2200 oc-

264 2220 354 2244 tavum
374 2220 407 2244 ab
432 2222 492 2245 ortu
505 2218 577 2245 diem
595 2219 805 2246 circumcisione
820 2224 973 2246 cruentam.
988 2223 1045 2252 Qua

263 2264 369 2298 quidem
388 2265 414 2291 in
431 2273 460 2292 re
472 2273 521 2292 nec
536 2265 632 2293 sideris
660 2266 829 2300 praesentiam
845 2266 917 2293 illius
934 2274 1045 2300 exspec-

263 2314 331 2343 tant,
349 2319 399 2338 nec
413 2312 478 2338 certi
494 2312 611 2338 climatis
629 2312 682 2338 vim
700 2320 732 2338 ac
748 2312 810 2345 jura
829 2312 976 2344 declinant,
995 2320 1045 2339 nec

262 2356 374 2383 alterius
395 2357 513 2390 regionis
539 2357 643 2392 legibus
664 2357 707 2392 agi
727 2365 757 2385 se
780 2357 928 2391 patiuntur.
953 2358 1045 2392 Itaque

262 2410 310 2429 seu
338 2403 363 2430 in
379 2402 468 2438 Syria,
487 2411 532 2430 seu
547 2403 574 2430 in
593 2403 690 2436 Gallia,
713 2411 759 2431 seu
787 2403 813 2430 in
838 2404 924 2436 Italia,
950 2411 997 2431 seu
1016 2404 1043 2431 in

261 2447 374 2479 Graecia,
392 2457 439 2476 seu
457 2450 482 2476 in
498 2450 618 2483 Parthia,
632 2450 716 2478 verbo
728 2450 883 2485 ubicunque
892 2455 1042 2483 versentur,

262 2501 362 2520 morem
376 2495 498 2522 eumdem
517 2496 641 2523 retinent.
662 2495 689 2523 ld
716 2501 804 2523 autem
830 2496 956 2523 nascendi
977 2504 1043 2523 con-

261 2538 389 2565 ditionem
404 2540 523 2573 profecto
536 2549 589 2568 non
603 2542 733 2575 sequitur,
745 2549 807 2568 cum
821 2549 874 2568 una
889 2541 974 2568 Judzei
985 2549 1042 2576 pas-

261 2581 311 2607 sim
337 2588 430 2609 omnes
456 2584 601 2619 cadentque
623 2585 708 2612 teneri
736 2594 788 2612 non
814 2586 928 2620 possint.
944 2586 1040 2618 Iidem,

262 2624 414 2659 ubicunque
436 2627 544 2663 degant,
571 2631 687 2664 septimo
714 2639 822 2666 quoque
843 2632 892 2659 die
916 2633 951 2659 ab
965 2633 1039 2659 omni

261 2677 374 2703 prorsus
387 2678 468 2704 opere
482 2679 577 2701 vacant
593 2683 687 2702 omnes
704 2685 711 2707 ;
734 2676 856 2710 adeoque
874 2684 907 2703 ne
918 2677 968 2704 iter
980 2679 1039 2712 Qui-

261 2715 321 2741 dem
334 2716 494 2750 suscipiunt,
510 2724 555 2745 aut
570 2720 622 2754 igni
637 2725 760 2748 utuntur.
778 2721 816 2748 lta
831 2721 941 2750 Iudaeus
961 2730 1039 2750 nemo

273 2802 352 2846 με)
375 2803 601 2846 Ἑκτρεπρμειςοι.
623 2807 752 2846 Malebam
774 2810 973 2846 ἐντρεπόμενοι,
990 2812 1037 2839 sed

336 2846 429 2882 omnes
436 2836 632 2882 reclamabant.
649 2844 764 2882 Montac.
778 2836 896 2882 strigeril

262 2880 353 2910 μενοι.
364 2878 428 2910 etc.,
440 2877 524 2908 veriti,
539 2877 656 2910 religiose
678 2877 851 2907 observantes.
875 2881 929 2909 Nec
947 2877 1036 2908 tamen

259 2907 449 2944 ἐκτρεπόμενοι
475 2919 556 2938 sensu
581 2907 655 2939 earet
678 2921 684 2939 :
708 2915 785 2949 quasi
817 2907 1035 2950 dicathurdaeos

1069 1609 1089 1637 C

1060 2287 1081 2314 ι)

1116 985 1199 1010 γαρος
1216 976 1341 1002 ἐκέλευσε
1358 977 1411 1004 τῶν
1435 976 1663 1010 ἁποκοπτομένων
1687 975 1718 1002 τὰ
1736 976 1821 1002 αἰδοῖα
1838 977 1905 1003 ἁπο-

1115 1022 1260 1048 κόπτεσθαι
1278 1023 1323 1049 καὶ
1337 1022 1386 1054 τὰς
1403 1024 1512 1058 χεῖρας·
1529 1023 1575 1049 καὶ
1592 1022 1682 1048 ἔκτοτε
1695 1022 1782 1053 οὐδεὶς
1803 1023 1905 1049 ἀπεκό-

1113 1068 1180 1102 ψατο
1194 1069 1266 1103 ὲντῇ
1298 1069 1441 1104 Ὀσροηνῇ.
1462 1069 1493 1095 Τί
1515 1068 1542 1094 δὲ
1561 1068 1674 1104 ἐροῦμεν
1698 1068 1761 1103 περὶ
1778 1069 1826 1103 τῆς
1849 1069 1904 1095 τῶν

1113 1114 1282 1149 Χριστιανῶν
1304 1115 1451 1150 αἱρέσεως,
1468 1112 1502 1150 ἧς
1522 1116 1602 1149 ἡμεῖς
1622 1115 1645 1140 oi
1661 1113 1785 1145 δοξασταὶ
1811 1114 1904 1140 πολλοὶ

1111 1159 1186 1190 ὄντες
1199 1160 1244 1185 καὶ
1256 1160 1285 1186 ἐν
1298 1159 1435 1195 διαφόροις
1451 1159 1602 1194 ἀνέστημεν
1612 1159 1750 1194 κλίμασιν,
1772 1161 1800 1186 ὲν
1820 1161 1903 1187 παντὶ

1111 1204 1181 1231 ἔθνει
1197 1206 1242 1231 καὶ
1256 1205 1378 1241 κλίματι,
1395 1206 1493 1237 οἵτινες
1508 1205 1601 1232 πολλοὶ
1617 1206 1692 1237 ὄντες
1702 1227 1709 1237 ,
1727 1207 1766 1232 ἐνὶ
1789 1207 1902 1241 ὀνόματι

1110 1249 1282 1284 κεκλήμεθα;
1297 1250 1351 1276 Καὶ
1362 1250 1423 1276 οὔτε
1442 1251 1466 1276 οἱ
1484 1251 1512 1276 ὲν
1530 1250 1635 1286 Παρθίᾳ
1649 1251 1806 1286 Χριστιανοὶ
1817 1251 1900 1278 πολυ-

1109 1295 1237 1330 γαμοῦσι,
1250 1296 1352 1331 Πάρθοι
1364 1297 1540 1331 ὑπάρχοντες,
1556 1296 1610 1322 οὗθ’
1629 1298 1651 1322 οἱ
1672 1297 1700 1322 ἐν
1722 1297 1812 1333 Μηδίᾳ
1836 1299 1900 1325 κυσὶ

1109 1342 1312 1377 παραϐάλλουσι
1332 1343 1394 1375 τοὺς
1410 1344 1539 1378 νεκρού;’
1563 1344 1611 1379 οὐχ
1628 1345 1652 1370 οί
1671 1345 1698 1370 ἐν
1720 1345 1829 1380 Περσίδι
1854 1354 1900 1379 γα-

1109 1388 1187 1422 μοῦσι
1199 1388 1248 1419 τὰς
1260 1388 1410 1424 θυγατέρας
1428 1390 1530 1420 αὑτῶν,
1543 1390 1646 1425 Πέρσαι
1663 1391 1754 1422 ὄντεςο
1775 1391 1804 1417 οὐ
1824 1391 1900 1426 παρὰ

1107 1434 1238 1470 Βάκτροις
1253 1436 1300 1461 καὶ
1330 1436 1440 1468 Γάλλοις
1461 1437 1598 1472 φθείρουσι
1623 1438 1684 1469 τοὺς
1705 1438 1810 1472 γάμους
1823 1447 1829 1452 ⁸
1850 1439 1899 1473 οὐχ

1106 1480 1131 1506 οἱ
1148 1481 1175 1506 ἐν
1188 1481 1316 1516 Αἰγύπτῳ
1343 1481 1522 1517 θρησκεύουσι
1537 1483 1582 1509 τὶν
1602 1484 1682 1509 Ἀπιν
1695 1503 1702 1514 ,
1719 1484 1735 1518 ἦ
1752 1483 1797 1509 τὸν
1819 1483 1896 1516 κύνα,

1106 1525 1122 1560 ἣ
1136 1525 1180 1551 τὸν
1192 1526 1303 1560 τράγον,
1318 1527 1333 1562 ἦ
1348 1527 1483 1563 αἴλουρον.
1504 1528 1571 1554 Ἀλλ’
1586 1528 1652 1554 ὅπου
1669 1528 1747 1559 εἰσιν,
1770 1528 1831 1554 οὔτε
1846 1529 1898 1555 ὑπὸ

1105 1568 1158 1594 τῶν
1170 1570 1261 1602 κακῶς
1275 1571 1408 1606 κειμένων
1425 1572 1514 1608 νόμων
1529 1574 1576 1599 καὶ
1602 1573 1670 1599 ἐθῶν
1685 1574 1812 1601 νικῶνται
1823 1583 1830 1590 ⁶
1848 1577 1897 1610 οὑχ

1107 1616 1121 1650 ἡ
1134 1615 1189 1649 (15)
1205 1616 1256 1643 ὑπὸ
1267 1616 1320 1644 τῶν
1334 1617 1424 1652 ἀρχῶν
1441 1619 1661 1655 πρυτανευομένη
1674 1620 1779 1654 γένεσις
1801 1621 1896 1653 αὐτοὺς

1106 1661 1254 1695 ἀναγκάζει
1267 1665 1322 1694 τοῖς
1334 1663 1531 1699 ἀπειρημένοις
1542 1667 1637 1697 κακοῖς
1652 1666 1703 1692 ὑπὸ
1713 1665 1759 1692 τοῦ
1773 1666 1897 1694 διδασκά-

1104 1706 1149 1732 λου
1166 1707 1254 1734 αὐτῶν
1269 1709 1394 1744 χρῆσθαι.
1413 1710 1492 1745 Noae)
1507 1711 1544 1744 δὲ,
1561 1712 1607 1737 καὶ
1624 1712 1713 1747 πενίᾳ,
1728 1713 1773 1739 καὶ
1787 1713 1893 1744 πάθεσι,

1104 1753 1151 1778 καὶ
1164 1755 1223 1784 ταῖς
1241 1755 1432 1790 νομιζομέναις
1453 1756 1576 1791 ἀτιμίαις
1597 1758 1763 1786 ὑπόκεινται.
1789 1759 1894 1795 Ὥσπερ

1103 1798 1156 1832 γὰρ
1168 1799 1181 1824 ο
1193 1799 1334 1835 ἐλεύθερος
1350 1801 1427 1836 ἡμῶν
1441 1801 1584 1838 ἅνθρωπος
1602 1803 1735 1831 δουλεύειν
1749 1805 1799 1831 οὐκ
1811 1805 1894 1839 ἀναγ-

1102 1844 1214 1876 κάζεται
1229 1865 1235 1876 ,
1259 1845 1309 1872 κᾶν
1325 1847 1496 1883 ἀναγκασθῇ,
1523 1848 1682 1875 ἀνθίσταται
1699 1851 1754 1881 τοῖς
1773 1850 1894 1884 ἀναγκά-

1102 1889 1206 1921 ζουσιν
1222 1891 1307 1922 οὕτως
1317 1892 1376 1918 οὐδὲ
1388 1893 1401 1918 ὁ
1417 1894 1578 1928 φαινόμενος
1588 1894 1665 1930 ήμῶν
1679 1895 1769 1927 δοῦλος
1786 1895 1892 1931 ἄνθρω-

1102 1942 1151 1966 πος
1166 1934 1216 1970 τῆς
1233 1935 1372 1971 ὑποταγῆς
1387 1938 1530 1972 ἐκφεύγειν
1547 1939 1645 1974 ῥᾳδίως
1656 1939 1776 1967 δύναται.
1792 1941 1823 1967 Εἰ
1838 1941 1891 1977 γὰρ

1101 1980 1190 2007 πάντα
1204 1982 1371 2017 ἐδυνάμεθα,
1390 1984 1470 2018 ἡμεῖς
1489 1984 1520 2011 ἂν
1531 1982 1601 2020 ἦμεν
1622 1986 1651 2012 τὺ
1667 1987 1736 2017 πᾶν,
1752 1986 1789 2018 ὥς
1805 1995 1845 2018 τε,
1867 1988 1890 2013 εἰ

1102 2026 1184 2062 μηδὲν
1198 2027 1360 2063 ἐδυνάμεθα,
1375 2029 1461 2056 ἄλλων
1472 2028 1552 2066 ἦμεν,
1565 2031 1602 2062 ὡς
1614 2034 1752 2067 προεῖπον,
1776 2033 1888 2068 ὄργανα,

1100 2071 1146 2097 καὶ
1159 2072 1207 2107 οὐχ
1223 2073 1336 2100 ἑαυτῶν.
1359 2074 1425 2100 Θεοῦ
1444 2075 1465 2101 δ’
1477 2075 1667 2108 ἐπινεύσαντος
1686 2078 1771 2104 πάντα
1789 2079 1889 2105 δυνατὰ

1098 2116 1143 2143 καὶ
1156 2118 1340 2152 ὰνεμπόδιστα
1349 2127 1356 2134 ·
1378 2121 1410 2154 τῇ
1428 2120 1481 2155 γὰρ
1496 2121 1601 2147 ἐκείνου
1615 2122 1739 2158 βουλήσει
1753 2124 1829 2150 οὐδὲν
1841 2125 1887 2151 ἀν-

1096 2163 1218 2194 τιστῆναι
1235 2163 1361 2191 δύναται·
1378 2166 1424 2191 καὶ
1444 2166 1496 2202 γὰρ
1507 2167 1542 2192 τὰ
1557 2167 1685 2194 δοκοῦντα
1700 2169 1885 2202 ἀνθίστασθαι,

1096 2209 1178 2234 αὐτοῦ
1193 2210 1311 2245 χρηστοῦ
1327 2210 1411 2242 ὄντος,
1432 2211 1478 2237 καὶ
1494 2213 1699 2248 συγχωροῦντος
1717 2215 1819 2250 ἑκαστῃ
1837 2216 1887 2250 φύ-

1097 2262 1137 2280 σει
1153 2255 1224 2290 ἔχειν
1237 2255 1283 2291 τὴν
1297 2256 1412 2291 ἰδιότητα
1425 2258 1471 2283 καὶ
1481 2259 1511 2284 τὸ
1522 2259 1693 2291 αὐτεξούσιον
1704 2261 1751 2287 τοῦ
1765 2261 1884 2297 θελήμα-

1096 2309 1150 2332 τος,
1164 2301 1331 2328 ἀνθίσταται.
1350 2313 1358 2328 ι
1373 2303 1498 2331 Τοσαῦτα
1514 2305 1560 2331 καὶ
1573 2306 1586 2331 ὀ
1603 2306 1697 2341 Σύρος.
1718 2307 1791 2339 Ἐνὸς
1810 2308 1834 2334 δὲ
1846 2308 1884 2335 ἔτι

1097 2347 1243 2382 μνησθεὶς,
1266 2350 1428 2384 περιγράψω
1455 2351 1500 2377 τὸν
1524 2351 1611 2385 λόγον.
1637 2352 1762 2379 Ἐπειδὰν
1776 2354 1831 2389 γὰρ
1850 2355 1884 2380 τα

1097 2392 1146 2426 μὲν
1164 2393 1218 2419 ἀπὸ
1232 2394 1283 2420 τῶν
1300 2394 1399 2426 ἔξωθεν
1415 2397 1588 2431 γραμμάτων
1603 2398 1747 2434 αὐτάρκως
1763 2400 1882 2435 παρατέ-

1095 2438 1191 2471 θειται,
1206 2440 1292 2467 λείπει
1305 2441 1333 2467 δὲ
1352 2442 1385 2468 τὰ
1402 2443 1456 2469 ἀπὸ
1466 2443 1519 2469 τῶν
1537 2444 1616 2478 ἱερῶν
1634 2445 1822 2480 γραμμάτων,
1846 2443 1882 2472 ὧν

1093 2484 1125 2520 δὴ
1139 2486 1184 2512 καὶ
1201 2486 1319 2520 μάλιστα
1342 2489 1408 2522 ἡμῖν
1427 2488 1469 2514 δεῖ
1483 2490 1523 2520 εἰς
1539 2490 1588 2524 τὴν
1604 2491 1653 2525 τῆς
1675 2492 1881 2526 Εὐαγγελικῆς

1092 2531 1274 2564 ἀποδείξεως
1291 2534 1557 2568 Προπαριισχευὴν,
1579 2533 1607 2562 εὖ
1620 2535 1652 2561 ἂν
1674 2536 1729 2571 ἔχοι
1749 2538 1796 2563 καὶ
1818 2537 1879 2564 τάδε

1092 2577 1269 2609 ἐποπτεῦσαι,
1287 2579 1323 2610 ὠς
1335 2579 1367 2605 ἂν
1383 2580 1454 2606 κατὰ
1467 2581 1548 2616 μηδὲν
1559 2581 1573 2607 ὁ
1590 2581 1667 2613 λόγος
1690 2582 1808 2609 ἐλλείποι
1826 2584 1878 2610 τῶν

1092 2623 1130 2654 είς
1147 2624 1177 2650 τὸ
1189 2624 1335 2659 πρόϐλημα
1348 2625 1550 2661 θεωρουμένων.
1568 2628 1647 2654 Ὅθεν
1658 2628 1689 2663 δὴ
1706 2630 1753 2655 καὶ
1763 2630 1825 2656 τάδε
1840 2639 1878 2656 σοι

1092 2669 1164 2704 σαφῆ
1186 2671 1358 2705 καταστήσω.
1375 2672 1410 2697 05
1435 2671 1488 2706 μὴν
1509 2670 1563 2704 οἷός
1586 2674 1608 2699 τ’
1634 2674 1666 2701 ἂν
1691 2674 1749 2709 εἴης
1769 2676 1878 2710 γυμνῶν

1090 2717 1197 2742 ἐπαΐειν
1210 2716 1264 2742 τῶν
1279 2717 1357 2752 ἱερῶν
1373 2718 1480 2752 λογίων,
1493 2719 1526 2744 τὰ
1540 2719 1622 2746 πολλὰ
1642 2722 1878 2756 συνεσκιασμένως

1089 2813 1176 2851 etiam
1189 2821 1228 2851 eo
1242 2814 1306 2851 __sub
1335 2814 1442 2851 climate
1469 2815 1605 2850 degentes.
1621 2817 1691 2851 quod
1710 2818 1743 2844 ab
1759 2818 1804 2845 illo
1821 2819 1876 2845 cir-

1089 2848 1259 2875 cumcidendi
1284 2857 1360 2876 more
1384 2848 1563 2884 alienumﬁsit,
1590 2848 1678 2884 ipsum
1703 2857 1792 2880 tamen
1810 2861 1874 2881 con-

1089 2888 1193 2911 stanter
1205 2892 1236 2911 ac
1250 2888 1379 2918 perpetrm
1396 2885 1522 2912 retinere.

1125 2919 1255 2954 (15)οἰνχ
1272 2919 1300 2953 ἡ.
1318 2919 1412 2946 Melius
1426 2920 1480 2946 οὔθ’
1497 2921 1523 2956 ἡ.
