2063 3211
272 168 324 195 479

587 168 722 197 EUSEBlI
741 168 977 197 CESARIENSIS
996 168 1070 196 OPP.
1090 168 1180 196 PARS
1199 169 1231 196 ll.
1251 184 1286 188 —
1305 167 1552 196 APOLOGETICA.

1836 162 1890 190 130

273 227 410 261 permulti,
427 228 472 263 qui
488 227 654 256 Christiana).
681 229 741 256 lidei
775 234 922 256 sectatores
943 237 975 257 ac
990 237 1045 264 pro-

1104 230 1219 265 ἀστέρες
1234 229 1304 256 κατὰ
1321 230 1382 260 τοὺς
1397 228 1540 263 διαφόρους
1555 224 1758 261 σχηματισμοὺς
1779 222 1887 249 ἐπιτέλ-

270 273 385 301 l‘essores
403 275 545 308 habentur,
574 281 711 310 anguntur
729 275 843 308 animis,
868 283 902 302 ne
926 276 1053 303 humana:

271 327 314 346 res
329 321 396 347 adeo
411 321 571 348 necessitate
590 326 744 353 teneantur,
759 326 788 348 ut
801 322 889 353 aliter,
905 330 986 357 quam
1004 330 1051 349 va-

271 366 328 392 rius
350 373 485 392 astroruzn
509 367 577 393 situs
602 372 629 394 et
652 367 794 394 collocatio
807 366 910 401 jubcat,
927 367 982 394 ﬁeri
999 375 1052 394 non

270 415 381 448 possint.
401 414 457 446 Qua
474 415 581 448 quidem
595 423 627 441 ex
644 415 772 448 opinione
785 423 958 450 consequens
983 415 1048 442 illttd

269 464 319 487 est.
336 464 363 485 ut
380 459 501 487 funditus
530 460 679 487 voluntatis
702 465 802 487 nostra:
818 461 858 488 vis
883 461 1052 495 facultasque

270 505 387 536 tollatur,
406 505 540 538 simulque
555 506 668 540 proinde
683 506 742 532 laus
762 506 851 533 omnis
867 515 900 533 ae
915 507 1050 542 vitupera-

268 550 316 582 tio,
332 559 478 584 rerumque
491 552 530 577 vel
549 553 744 586 approbatione
755 553 897 587 dignarum
909 553 948 580 vel
961 561 1052 587 repre-

268 595 409 627 hensione,
425 595 583 622 discrimen.
602 596 662 623 llzrc
683 605 762 631 porro
788 597 893 624 sublata
920 598 942 624 si
969 598 1051 624 semel

266 645 356 671 erunt.
371 647 515 668 evanescat
529 643 631 676 pariter
661 651 773 670 necesse
790 649 843 676 est,
859 643 993 678 quidquid
1018 645 1051 671 de

264 687 360 721 judicii
376 687 459 714 divini
474 688 604 722 aequitate
630 690 758 724 jactatur,
774 690 919 717 concidant
944 691 984 717 vel
1010 690 1051 717 iti-

267 737 374 760 tentalte
388 734 526 761 sceleratis
538 743 679 769 poenarum
694 744 727 762 ac
744 736 939 770 suppliciorum
957 737 1048 769 ῐηίηω,

266 781 307 807 vel
322 781 456 816 promissa
481 782 603 809 melioris
619 784 817 818 sanctiorisque
833 783 893 811 vitae
914 785 1051 819 professo-

266 826 341 853 ribus
355 827 448 861 glorize
463 835 494 854 ae
509 827 643 855 felicitatis
661 829 771 863 praemia
786 838 792 860 ;
810 830 876 856 nihil
891 831 962 857 enim
979 831 1048 857 isto-

266 878 325 898 rum
338 872 464 906 deinceps
478 880 539 899 cum
557 873 662 900 ratione
680 875 733 900 (iet.
744 874 811 905 lmo.
827 875 848 901 si
864 875 925 909 quis
939 881 1047 906 eastern,

263 925 326 952 qua:
339 926 371 944 ex
386 919 507 952 ejusdem
535 920 677 946 sentcntiae
692 920 715 946 vi
731 921 886 947 ellieiuutur
899 942 906 953 ,
929 927 1050 956 spectare

265 963 347 995 volet,
366 971 419 990 non
448 964 536 990 inanis
550 966 672 998 profecto
686 965 784 996 solum,
805 974 835 992 ae
850 974 1049 1000 supervacanea

267 1009 332 1036 lides
348 1014 440 1037 nostra
457 1009 546 1036 I'utura
561 1010 606 1042 sit,
619 1011 664 1037 sed
680 1019 713 1038 ne
730 1012 787 1046 ipse
799 1012 907 1046 quidem
918 1013 1049 1040 adventus

265 1054 377 1086 Christi,
411 1059 519 1090 totaque
543 1056 587 1083 illa
608 1064 655 1083 seu
684 1057 760 1092 legis,
792 1066 839 1085 seu
857 1059 1048 1092 prophetarum

265 1100 427 1132 (economia,
443 1106 470 1127 et
495 1102 678 1135 apostolorum
696 1103 720 1129 in
737 1103 887 1130 excitandis
906 1104 1046 1130 constabi-

264 1146 415 1181 licndisque
434 1147 534 1174 Christi
552 1148 596 1174 Dei
617 1147 755 1181 Ecclesiis,
781 1155 908 1183 suscepta
936 1155 1048 1178 conten-

265 1193 313 1223 tio,
330 1193 371 1219 vcl
388 1193 504 1220 nihilum
516 1193 669 1227 profecerit.
686 1193 743 1222 Nisi
759 1200 859 1227 tamen,
872 1196 956 1230 ipsius
965 1197 1048 1224 etiam

263 1237 364 1265 Christi
379 1247 433 1266 non
450 1240 531 1267 modo
548 1240 677 1267 nascendi
689 1241 833 1273 rationem,
849 1243 895 1269 sed
914 1243 1046 1278 quidquid

263 1289 394 1319 praeterea
420 1285 462 1312 vel
477 1285 571 1320 egerit,
590 1286 630 1311 vel
650 1286 751 1318 tulerit,
772 1295 831 1314 eam
850 1287 876 1314 in
893 1289 1047 1315 conversio-

264 1329 306 1356 nis
323 1335 458 1357 astrorum
477 1331 662 1358 necessitatem
679 1332 798 1366 projecta
817 1333 957 1360 hominum
979 1334 1046 1361 isto—

264 1384 322 1402 rum
338 1369 476 1403 temeritas
498 1377 630 1412 illigabit:
653 1379 763 1412 perinde
780 1379 914 1413 videlicet,
929 1381 1006 1415 quasi
1024 1381 1046 1408 is

262 1422 296 1449 ab
311 1422 446 1450 sideribus
462 1423 514 1449 vim
535 1424 607 1450 illam
624 1432 712 1451 rerum
734 1425 946 1457 admirabilium,
963 1434 1016 1453 non
1030 1434 1045 1453 a

264 1467 319 1494 Deo
347 1473 563 1503 cunetorumque
595 1469 708 1497 Parente
733 1471 880 1505 acceperit.
909 1471 992 1506 Cujus
1013 1480 1045 1499 ex

260 1513 343 1548 282
361 1514 492 1541 orationis
511 1515 646 1550 impietate
672 1516 738 1542 illttd
767 1517 900 1552 sequitur,
923 1523 951 1544 ut
965 1522 1045 1552 quot-

261 1565 327 1594 quot
341 1561 459 1587 divinam
479 1561 557 1588 tidem
583 1561 807 1596 amplcctunctur,
829 1562 862 1589 ad
880 1563 953 1589 illam
974 1563 1044 1590 side»
1058 1573 1078 1601 ο

262 1613 324 1632 rum
338 1614 434 1633 omnes
448 1607 610 1641 impulsione
632 1608 781 1642 rapiantur.
799 1607 853 1644 Ego
865 1617 928 1637 vero
942 1610 1042 1644 quarsi—

264 1653 330 1679 erim
345 1660 375 1679 ex
392 1653 424 1680 iis
439 1654 611 1687 perlibenter,
626 1654 689 1688 qttid
708 1654 816 1681 tandem
828 1659 938 1681 secutus
952 1655 1001 1682 hac
1016 1656 1042 1682 in

262 1697 357 1724 mundi
375 1698 515 1724 molitione
549 1698 618 1725 Deus
646 1697 726 1725 fuerit
738 1718 744 1730 ,
763 1703 790 1725 ut
805 1707 837 1725 ex
851 1706 882 1725 ea
909 1699 1042 1731 virorum,

260 1742 309 1775 qui
328 1742 353 1767 iu
369 1749 400 1767 eo
416 1741 527 1776 degunt,
547 1742 728 1774 multitudine,
753 1742 797 1769 alii
813 1742 884 1769 nulla
902 1751 950 1769 sua
965 1744 1042 1778 culpa

263 1785 403 1812 muliebris
429 1786 535 1813 veneris
574 1786 766 1820 turpitudinem
793 1790 968 1820 paterentur;
997 1787 1043 1813 alii

262 1830 350 1858 ferino
372 1831 451 1866 plane
466 1832 531 1864 ritu,
548 1832 618 1865 quod
636 1832 786 1866 talesipsos
794 1831 910 1860 ediceret
926 1833 1043 1860 universi

262 1876 334 1904 hunc
347 1877 373 1904 in
390 1879 499 1904 modutn
515 1886 530 1904 a
544 1877 598 1905 Deo
607 1878 746 1904 constituti
759 1878 874 1912 impetus
889 1882 970 1913 atque
978 1886 1042 1906 cou-

262 1924 361 1956 versio,
376 1924 520 1951 tcterrimis
535 1932 594 1951 sese
607 1923 808 1958 dirissitnisque
824 1924 984 1956 sceleribus,
1012 1928 1042 1950 ut

262 1968 416 1995 homicidiis
445 1977 476 1995 ac
504 1969 627 2003 piraticis
655 1968 867 2003 prmdationibus
892 1969 1044 1996 dederent?

261 2014 421 2048 Quanquam
436 2016 500 2050 quid
515 2015 610 2042 attinet
624 2015 694 2042 hanc
708 2023 722 2041 a
739 2015 827 2047 nobis,
856 2015 889 2042 de
914 2016 995 2042 rebus
1010 2015 1043 2042 iis

259 2069 320 2095 qum
333 2061 371 2088 vel
390 2061 546 2088 hominibus
559 2062 698 2093 eveniunt,
712 2061 753 2088 vel
766 2062 800 2088 ab
811 2061 906 2088 iisdem
927 2069 1043 2095 peccan-

261 2111 314 2139 tur,
329 2115 443 2142 quaeque
460 2115 570 2142 prorsus
594 2108 706 2135 inﬁnitae
724 2112 788 2135 sntit
805 2127 812 2139 ,
831 2107 1041 2141 disputationem

259 2152 374 2184 institui,
393 2160 463 2187 quos
479 2153 626 2187 praesertim
642 2153 776 2188 dogmatis
792 2153 872 2180 istius
893 2157 1042 2179 assertores

257 2198 369 2233 egregii,
387 2199 450 2224 dum
460 2198 494 2224 ab
507 2199 580 2224 omni
595 2198 672 2233 culpa
686 2199 809 2231 liberant,
825 2199 958 2225 malorum
972 2206 1043 2232 qua:-

257 2253 310 2278 que
326 2245 454 2271 scelerate
464 2244 531 2271 liunt
543 2245 662 2272 omnium
672 2244 726 2272 Deo
737 2253 848 2273 causam
880 2244 1039 2279 assignant?
1056 2243 1075 2269 D

257 2292 377 2325 Quorum
391 2291 412 2319 si
426 2291 558 2322 nonnulli,
577 2295 606 2318 ut
620 2291 665 2318 Dei
681 2299 792 2318 causam
808 2292 1039 2322 tuerivideantur,

257 2336 357 2364 bonum
373 2337 516 2372 quemdam
533 2336 646 2363 alterum
661 2345 723 2364 esse
736 2338 840 2370 dicent,
855 2345 972 2371 eumque
997 2345 1040 2364 re-

256 2390 316 2408 rum
342 2382 454 2409 istarum
471 2381 572 2410 iontem
588 2391 649 2410 esse
665 2391 697 2410 ae
713 2383 875 2418 principium
891 2383 1039 2418 negabunt,

256 2428 327 2462 quod
343 2428 388 2456 uni
406 2429 538 2456 duntaxat
553 2437 641 2456 reruni
658 2435 811 2456 ereatarum
830 2429 949 2457 molituri
963 2430 1039 2456 simi-

256 2474 293 2502 lia
307 2475 450 2502 tribuenda
469 2475 565 2509 velint;
580 2477 708 2510 primum,
725 2484 759 2504 ne
774 2476 814 2503 sic
825 2476 946 2511 quidem,
964 2476 1037 2510 quod

256 2518 308 2554 ipsi
333 2520 437 2552 volunt,
452 2521 541 2555 justus
560 2527 589 2548 ut
617 2522 661 2549 ille
681 2523 736 2555 sit,
753 2522 878 2550 efficient.
895 2522 1037 2556 Quomodo

255 2565 327 2592 enim
346 2573 425 2600 quem
454 2571 494 2594 tot
524 2568 656 2594 malorum
675 2573 814 2602 parentem
840 2568 960 2595 fatentur
986 2569 1036 2603 ipsi

255 2609 483 2644 quoque,justum
493 2612 615 2639 eumdem
629 2620 690 2640 esse
704 2613 765 2647 jure
780 2614 930 2648 meritoque
944 2614 1036 2641 defen-

254 2653 344 2680 dant?
366 2654 466 2682 Deinde
480 2657 543 2690 quid
559 2658 676 2685 sentiant
688 2658 737 2692 ipsi
755 2659 787 2685 de
803 2667 843 2690 se,
860 2659 1035 2693 quwendum

255 2707 289 2726 ex
306 2699 359 2727 illis
373 2704 424 2727 est.
442 2700 536 2728 Utrum
557 2710 618 2730 sese
635 2709 771 2730 astrorum
783 2705 961 2732 conversione
969 2705 1038 2731 obli-

255 2750 332 2780 gatos
356 2753 427 2778 esse,
443 2754 476 2773 an
493 2747 603 2781 liberos,
616 2754 696 2783 atque
710 2749 855 2784 ejusmodi,
884 2750 954 2785 apud
969 2759 1038 2785 quos

292 2807 305 2821 ιι
319 2811 375 2836 1-13.,
391 2803 596 2839 μακαριότητες.
646 2805 660 2824 ι’
674 2805 714 2832 ῐσ.
729 2805 842 2840 ψεκτῶς.

1066 904 1085 930 Β

1104 276 1204 303 λουσιν.
1219 276 1334 301 Ἔπεται
1349 274 1377 302 δὲ
1390 275 1446 305 τοῖς
1461 272 1547 299 ταῦτα
1558 270 1763 307 δογματίζουσιν
1776 269 1804 301 ἐξ
1820 268 1888 294 ὅλων

1102 320 1133 346 τὸ
1147 321 1189 354 ἐφ’
1205 320 1270 355 ἡμῖν
1286 320 1421 353 ἀναιρεῖν·
1436 317 1529 352 διόπερ
1550 317 1597 342 καὶ
1611 315 1720 341 ἔπαινον
1735 314 1782 340 καὶ
1793 313 1887 347 ψόγον,

1103 367 1148 392 καὶ
1161 366 1273 402 πράξεις
1287 364 1447 395 ἁποδεκτὰς,
1467 362 1546 389 πάλιν
1557 371 1586 388 τε
1610 359 1642 388 αὖ
1661 361 1773 395 ψεκτάς.
1799 359 1887 393 "Amp

1103 414 1126 439 εἰ
1141 411 1226 442 οὕτως
1249 412 1303 446 ἔχει
1315 430 1321 442 ,
1345 411 1378 437 τὰ
1398 412 1447 445 τῆς
1462 408 1670 444 κεκηρυγμένης
1681 407 1726 433 τοῦ
1741 406 1808 432 Θεοῦ
1825 405 1886 441 κρί-

1103 468 1170 491 σεως
1182 458 1295 493 οἴχεται,
1311 458 1356 484 καὶ
1375 456 1483 484 ἀπειλαὶ
1504 455 1570 490 πρὸς
1600 455 1662 486 τοὺς
1682 453 1886 489 ἡμαρτηκότας,

1101 504 1137 536 ὡς
1162 503 1425 538 κολασθησομένους
1447 501 1523 536 τιμαί
1547 510 1576 527 τε
1597 499 1629 527 αὖ
1656 500 1723 535 προς
1745 499 1807 529 τοὺς
1830 499 1887 530 τοῖς

1102 551 1252 586 κρείττοσιν
1277 550 1387 580 ἑαυτοὺς
1409 547 1624 578 ἐπιδεδωκότας,
1648 547 1693 572 καὶ
1720 545 1888 580 μακαριότη-

1101 606 1145 629 τος
1157 604 1169 617 α
1180 606 1186 612 ³
1209 597 1283 623 οὐδὲν
1300 596 1353 632 γὰρ
1371 596 1409 622 ἔτι
1430 594 1531 621 τούτων
1543 593 1659 627 εὐλόγως
1679 592 1754 618 ἔσται
1776 591 1888 625 γενόμε-

1101 651 1155 674 νον,
1171 643 1215 669 καὶ
1235 642 1303 668 me
1320 641 1453 668 ἁκόλουθά
1467 649 1507 672 τις
1521 639 1618 674 ἑαυτῷ,
1640 639 1681 673 ἐφ’
1701 636 1740 669 οἷς
1759 637 1886 672 δογματί-

1101 688 1151 720 ζει,
1167 688 1268 722 βλέποι,
1290 689 1363 722 καὶὴ
1378 687 1468 718 πίστις
1477 687 1552 713 ἔσται
1566 685 1678 721 ματαία,
1693 685 1709 719 ἦ
1725 692 1754 710 τε
1767 682 1885 719 Χριστοῦ

1100 735 1232 770 ἐπιδημία
1245 735 1320 760 οὐδὲν
1331 734 1460 766 ἀνύουσα,
1475 733 1520 759 καὶ
1537 733 1610 759 πᾶσα
1624 733 1640 767 ἡ
1668 731 1712 757 διὰ
1734 731 1815 765 νόμου
1837 729 1887 756 καὶ

1100 781 1246 816 προφητῶν
1269 780 1424 815 οἰκονομία,
1449 778 1565 814 κάματοί
1588 787 1616 804 τε
1634 777 1789 804 ἀποστόλων
1815 776 1886 812 ὑπὲρ

1099 826 1145 852 τοῦ
1164 827 1296 862 συστῆσαι
1314 826 1363 857 τὰς
1376 826 1418 852 διὰ
1429 825 1546 861 Χριστοῦ
1561 824 1608 850 τοῦ
1621 823 1687 850 Θεοῦ
1709 823 1884 858 Ἐκκλησίας·

1100 872 1123 897 εἰ
1140 871 1176 906 μὴ
1192 872 1245 906 ἄρα
1264 871 1311 897 καὶ
1329 871 1446 906 Χριστὸς
1461 869 1531 896 κατὰ
1550 869 1613 900 τοὺς
1633 868 1703 895 οὕτω
1718 868 1885 903 τολμῶντας,

1101 916 1152 942 ὑπὸ
1165 915 1213 951 τὴν
1230 915 1352 951 ἀνάγκην
1364 915 1412 950 τῆς
1428 915 1481 940 τῶν
1500 915 1606 950 ἄστρων
1626 916 1757 948 κινήσεως
1773 913 1821 948 τὴν
1840 913 1887 948 γέ-

1100 970 1171 988 νεσιν
1186 961 1357 996 ἀνειληφέναι
1373 961 1528 996 γενόμενος,
1538 960 1625 987 πάντα
1638 960 1783 995 πεποιήκοι
1798 968 1828 985 τε
1837 959 1886 986 καὶ

1100 1007 1190 1039 πάθοι,
1209 1008 1235 1033 σὺ
1249 1006 1295 1032 τοῦ
1317 1007 1383 1033 Θεοῦ
1402 1007 1448 1033 καὶ
1461 1007 1567 1042 [ἰατρὸς
1584 1006 1636 1032 τῶν
1655 1006 1721 1032 ὅλων
1740 1005 1814 1040 αὐτῷ
1835 1005 1885 1037 τὰς

1099 1052 1267 1088 παραδόξους
1282 1053 1409 1088 δυνάμεις
1422 1053 1615 1088 δωρησαμένου
1631 1076 1633 1078 .
1654 1052 1721 1078 ἀλλὰ
1734 1051 1787 1077 τῶν
1803 1052 1884 1078 ἀστέ-

1101 1110 1164 1136 ρων.
1188 1098 1235 1132 Οἷς
1248 1100 1337 1132 ἀθέοις
1351 1101 1398 1126 καὶ
1414 1100 1523 1126 ἀσεϐέσι
1536 1100 1696 1135 τυγχάνουσι
1716 1098 1804 1132 λόγοις
1817 1098 1884 1123 ἀκο-

1064 1154 1066 1157 ·
1099 1146 1186 1173 λουοεῐ
1200 1146 1247 1173 καὶ
1272 1146 1302 1173 τὸ
1324 1147 1386 1178 τοὺς
1411 1146 1586 1177 πιστεύοντας
1610 1145 1662 1171 ὑπὸ
1683 1145 1737 1171 τῶν
1761 1144 1884 1178 ἀστέρων

1098 1193 1246 1228 ἀγομένους
1260 1194 1396 1220 πιστεύειν
1415 1195 1454 1225 εἰς
1478 1193 1544 1220 Θεὸν
1565 1192 1701 1226 λέγεσθαι.
1730 1190 1885 1226 Πυθοίμεθα

1097 1239 1118 1265 δ’
1137 1239 1169 1266 ἂν
1182 1240 1280 1270 αὐτῶν,
1292 1240 1317 1266 τί
1327 1241 1340 1266 ὁ
1356 1240 1421 1271 Θεὸς
1436 1239 1595 1275 βουλόμενος
1605 1237 1722 1264 τοιοῦτον
1737 1236 1822 1263 ἐποίει
1836 1237 1883 1262 κό-

1098 1294 1175 1320 σμον,
1203 1285 1236 1311 ἵν’
1248 1287 1271 1312 οἱ
1294 1286 1341 1320 μὲν
1361 1287 1390 1312 ἐν
1406 1285 1479 1320 αὐτῷ
1501 1285 1594 1320 ἄνδρες
1610 1284 1685 1316 ὄντες
1699 1283 1731 1310 τὰ
1747 1282 1883 1316 γυναικῶν

1098 1330 1246 1365 πάσχωσιν,
1260 1329 1384 1364 οὐδαμῶς
1398 1330 1502 1361 ἑαυτοῖς
1521 1329 1601 1356 αἴτιοι
1618 1329 1668 1363 τῆς
1683 1327 1823 1362 ἀσελγείας
1837 1336 1884 1362 γε-

1096 1375 1254 1410 γενημένοι·
1270 1375 1356 1410 ἕτεροι
1369 1375 1406 1407 δὲ,
1423 1375 1525 1410 ἀγρίων
1539 1374 1615 1406 ζώων
1629 1373 1795 1400 κατάστασιν
1811 1373 1883 1409 εἰλη-

1096 1421 1187 1455 φότες,
1211 1420 1249 1456 τῴ
1266 1421 1313 1457 τὴν
1331 1421 1414 1455 φορὰν
1427 1420 1473 1447 τοῦ
1500 1420 1598 1451 παντὸς
1623 1419 1759 1450 τοιούτους
1783 1419 1882 1450 αὐτοὺς

1096 1467 1285 1501 πεποιηκέναι,
1299 1467 1342 1493 διὰ
1357 1467 1387 1492 τὸ
1398 1467 1443 1493 τὸν
1455 1466 1520 1493 Θεὸν
1541 1466 1611 1493 οὕτω
1634 1465 1832 1501 κεκοσμηκέναι
1851 1465 1883 1491 τὸ

1096 1514 1159 1543 πᾶν,
1175 1514 1338 1540 ἐπιδιδόασιν
1350 1515 1448 1545 αὐτοὺς
1461 1514 1610 1549 ὼμοτάτοις
1623 1515 1669 1540 καὶ
1682 1514 1783 1549 σφόδρα
1793 1514 1882 1540 ἀπαν-

1096 1558 1213 1594 Θρώποις
1239 1559 1397 1594 πράγμασιν
1407 1580 1414 1592 ,
1429 1559 1616 1594 ἀνδροφονίαις
1631 1560 1677 1586 καὶ
1696 1559 1881 1595 πειρατείαις;

1096 1604 1149 1630 Καὶ
1170 1604 1196 1630 τί
1216 1604 1256 1630 δεῖ
1269 1604 1357 1638 λέγειν
1379 1606 1452 1640 ἡμᾶς
1473 1605 1535 1640 περὶ
1558 1605 1611 1631 τῶν
1635 1605 1837 1640 συμϐαινόντων
1853 1605 1881 1631 ἐν

1094 1650 1256 1686 ἀνθρώποις,
1279 1651 1325 1676 καὶ
1354 1650 1581 1686 ἁμαρτανομένων
1604 1652 1648 1677 ὑπ’
1671 1651 1760 1678 αὐτῶν
1779 1651 1882 1687 μυρίων

1094 1697 1163 1723 ἔσων
1176 1697 1373 1731 τυγχανόντων,
1390 1697 1513 1728 οὕστινας
1532 1698 1556 1723 οἰ
1577 1697 1630 1723 τῶν
1651 1697 1780 1731 γενναίων
1817 1706 1883 1732 προ-

1093 1741 1233 1776 ϊστάμενοι
1243 1741 1343 1768 τούτων
1358 1742 1443 1775 λόγων
1455 1742 1617 1774 ἀπολύοντες
1633 1742 1731 1773 παντὸς
1743 1742 1825 1777 ἐγκλή
1831 1750 1882 1777 μα-

1093 1794 1147 1818 τος,
1168 1786 1207 1822 τῷ
1221 1786 1280 1821 Θεῷ
1293 1787 1500 1822 προσγράφουσι
1525 1787 1633 1814 πάντων
1652 1787 1705 1814 τῶν
1721 1787 1812 1814 κακῶν
1835 1787 1881 1814 καὶ

1092 1833 1215 1868 ψευκτῶς
1226 1833 1240 1852 b
1250 1833 1440 1868 πραττομένων
1449 1833 1497 1869 τὴν
1506 1833 1593 1860 αἰτίαν
1605 1842 1611 1866 ;
1632 1834 1693 1859 Ἐὰν
1703 1833 1730 1860 δέ
1745 1842 1815 1865 τινες
1825 1833 1880 1869 (17)

1093 1878 1191 1910 αὐτῶν,
1203 1879 1240 1910 ὡς
1253 1878 1463 1914 ἀπολογούμενοι
1474 1879 1538 1914 περὶ
1553 1879 1631 1912 Θεοῦ,
1647 1879 1739 1915 ἕτερον
1753 1879 1801 1914 μὲν
1813 1877 1881 1905 εἶναι

1092 1923 1192 1958 λέγωσι
1203 1924 1249 1950 τὸν
1265 1924 1375 1958 ἀγαθον,
1386 1924 1491 1956 οὐδενὸς
1502 1924 1603 1951 τούτων
1615 1924 1709 1959 ἔχοντα
1721 1924 1769 1959 τὴν
1783 1924 1879 1960 ἀρχὴν,

1092 1969 1130 2005 τῷ
1143 1970 1171 1997 δὲ
1188 1970 1351 2005 Δημιουργῷ
1374 1971 1482 1997 πάντων
1498 1970 1532 1997 τὰ
1550 1970 1662 1997 τοιαῦτα
1688 1971 1879 2006 προσάπτωσιο

1094 2016 1198 2052 πρῶτον
1216 2017 1274 2051 μὲν,
1290 2017 1343 2042 οὐδ’
1359 2017 1396 2048 ὡς
1416 2016 1566 2052 βούλονται,
1591 2017 1747 2052 δυνήσονται
1772 2017 1881 2043 ἀποδει-

1093 2061 1197 2093 κνύναι,
1210 2061 1250 2087 ὅτι
1265 2062 1323 2087 ἐστὶ
1335 2061 1452 2093 δίκαιος·
1469 2062 1525 2094 πῶς
1538 2062 1592 2097 γὰρ
1608 2063 1622 2088 ὁ
1641 2062 1774 2088 τοσούτων
1788 2062 1880 2088 κακῶν

1093 2107 1152 2133 κατ’
1169 2106 1266 2138 αὐτοὺς
1281 2106 1373 2142 πατὴρ
1387 2107 1503 2140 εὐλόγως
1515 2106 1678 2141 χρηματίζοι
1691 2106 1794 2137 δίκαιος
1805 2105 1880 2138 ;δεύ-

1093 2161 1170 2188 τερον
1184 2152 1222 2184 δὲ,
1239 2153 1302 2188 περὶ
1315 2153 1404 2178 αὐτῶν
1420 2152 1446 2181 τί
1458 2161 1522 2178 ποτε
1538 2153 1679 2188 φήσουσιν,
1705 2151 1879 2184 ὲξεταστέον;

1094 2199 1210 2234 Πότερον
1237 2199 1391 2225 ὑπόκεινται
1409 2200 1441 2234 τῇ
1459 2200 1530 2235 φορᾷ
1543 2199 1597 2226 τῶν
1613 2199 1745 2235 ἀστέρων,
1766 2199 1781 2234 ἢ
1800 2199 1880 2234 ἠλευ-

1091 2244 1232 2280 θέρωνται,
1245 2245 1291 2271 καὶ
1306 2246 1334 2271 ἐν
1351 2245 1447 2281 τῷβίῳ
1459 2246 1647 2281 τυγχάνοντες,
1664 2245 1738 2272 οὐδὲν
1754 2245 1878 2280 ἐνεργού-

1093 2299 1172 2325 μενον
1183 2292 1222 2322 είς
1232 2291 1345 2323 ἑαυτοὺς
1355 2291 1462 2326 ἔχουσιν
1481 2291 1601 2324 ὲκείΟενς
1625 2293 1656 2318 Et
1683 2291 1731 2327 μὲν
1751 2291 1805 2327 γὰρ
1826 2292 1878 2327 φή-

1092 2344 1182 2362 σουσιν
1194 2337 1353 2363 ὑποκεῖσθαι
1367 2338 1423 2367 τοῖς
1439 2337 1558 2372 ἄστροις,
1572 2337 1664 2373 δῆλον,
1683 2338 1724 2364 ὅτι
1746 2337 1780 2363 τὰ
1792 2338 1882 2372 ἄστρα,

1091 2382 1120 2408 τὸ
1136 2383 1229 2415 νοῆσαι
1247 2383 1337 2414 αὐτοῖς
1352 2383 1430 2409 τοῦτο
1449 2383 1603 2419 ἐχαρίσατο,
1622 2384 1668 2410 καὶ
1683 2385 1696 2410 ὁ
1708 2383 1878 2419 Δημιουργὸς

1092 2428 1285 2463 ὑποϐεϐληκὼς
1302 2429 1377 2455 ἔσται
1392 2429 1435 2456 διὰ
1450 2430 1498 2464 τῆς
1514 2429 1560 2456 τοῦ
1576 2430 1673 2461 παντὸς
1684 2431 1818 2465 κινήσεως
1832 2429 1877 2456 τὸν

1091 2473 1168 2508 λόγον
1181 2474 1226 2500 τὸν
1243 2475 1307 2510 περὶ
1323 2475 1370 2501 τοῦ
1391 2476 1518 2510 ἀνωτέρω
1538 2476 1783 2511 ἀναπεπλασμένου
1797 2475 1876 2508 Θεοῦ,

1091 2523 1158 2557 ὅπερ
1169 2523 1199 2548 οὺ
1217 2522 1355 2557 βούλονται
1367 2531 1373 2537 ·
1391 2525 1415 2549 εἰ
1433 2523 1461 2550 δὲ
1475 2523 1696 2559 ἀποκρινοῦνται,
1707 2524 1748 2550 ὅτι
1760 2522 1813 2555 ἔξω
1824 2523 1876 2549 τῶν

1090 2567 1178 2601 νόμων
1201 2567 1363 2602 τυγχάνουσι
1389 2567 1435 2594 τοῦ
1458 2568 1625 2604 Δημιουργοῦ
1642 2568 1696 2595 τῶν
1720 2568 1792 2595 κατὰ
1813 2568 1877 2600 τοὺς

1090 2613 1218 2648 ἀστέρας,
1237 2613 1279 2640 ἵνα
1298 2614 1334 2649 μὴ
1352 2614 1488 2648 ἀπόφασις
1530 2615 1559 2641 τὺ
1573 2615 1716 2650 λεγόμενον
1726 2615 1771 2641 tm‘
1788 2614 1876 2641 αὐτῶν

1090 2659 1292 2692 ἀναπόδεικτος,
1308 2660 1514 2696 πειραθήτωσαν
1536 2663 1608 2697 ἡμᾶς
1626 2661 1773 2698 προσάγειν
1792 2662 1876 2694 ἀναγ-

1090 2705 1300 2740 καστικιὶηερον,
1317 2705 1448 2741 διαφορὰν
1466 2706 1648 2741 παριστάντες
1665 2706 1710 2732 νοῦ
1724 2714 1796 2737 τινος
1809 2706 1875 2731 ὑπο-

1089 2750 1214 2782 κειμένου
1227 2752 1332 2785 γενέσει
1348 2752 1394 2778 καὶ
1411 2752 1564 2787 εἱμαρμένῃ
1579 2752 1625 2778 καὶ
1638 2753 1731 2788 ἐτέρου
1745 2751 1799 2778 ἀπὸ
1815 2751 1875 2778 τού-

290 2859 344 2900 (l'l)
367 2859 436 2901 Ἐᾲν
458 2860 492 2888 δέ
507 2870 594 2894 τινες.
620 2862 666 2894 Εἰς
687 2863 749 2894 τοὺς
771 2863 936 2900 Μανιχαίους
952 2863 1045 2891 αίνίττε

1095 2885 1116 2899 γ,
1134 2866 1180 2901 qui
1198 2867 1330 2895 mundum
1349 2867 1421 2894 hunc
1438 2875 1492 2894 non
1503 2867 1579 2898 boni,
1593 2867 1640 2894 sed
1658 2866 1722 2894 mali
1741 2865 1787 2893 Dei
1805 2873 1872 2900 opus

253 2902 315 2923 esse
326 2895 472 2931 jactabant.
