2063 3211
180 156 230 185 481

766 156 926 184 ΡΙίιΕΡΑΒ.
945 157 1070 187 EYANG.
1091 159 1154 187 LIB.
1177 159 1220 188 VI.

1745 164 1798 192 {8‘3

176 222 230 241 των
243 213 396 249 ἐλευθέρου.
411 214 494 250 Δῆλον
510 214 564 250 γάρ
585 216 643 241 ἐστι
659 215 722 247 τοὺς
739 216 876 246 τοιούτους
897 216 961 252 (l8),

1018 218 1068 246 hac
1091 220 1117 246 in
1136 223 1202 252 Vita,
1219 220 1286 246 nihil
1300 219 1411 247 omnino
1426 226 1517 248 motus
1534 220 1579 248 ille
1590 220 1675 256 possit
1693 221 1704 248 ?
1719 221 1796 249 Obli-

177 260 227 292 ὂτι,
239 260 319 294 λόγον
330 260 527 296 ἀπαιτηθέντες
538 261 637 288 διδόναι
655 262 759 294 αὐτοῖς,
782 263 908 299 οὐδαμῶς
920 264 965 290 δυ-

176 307 313 341 νήσονται.
332 306 403 341 Πρὸς
416 306 443 332 δὲ
461 308 516 338 τοῖς
532 307 686 342 εἰρημένοις
703 309 749 334 καὶ
762 309 839 343 εὐχαὶ
862 309 962 344 παρέλ-

178 360 254 378 κουσι
268 352 357 387 μάτην
373 352 660 387 παραλαμϐανόμεναι.
675 354 705 379 Ei
721 354 773 389 γὰρ
793 355 965 389 κατηνάγκα-

178 405 239 423 σται
254 397 315 423 τάδε
330 397 390 423 τινὰ
404 397 538 431 γενέσθαι,
551 398 598 424 καὶ
613 399 636 424 οἱ
652 398 765 433 ἀστέρες
778 398 910 430 ποιοῦσιν,
923 400 965 425 οὑ-

176 442 219 468 δὲν
244 442 272 468 δὲ
292 442 367 477 παρὰ
389 443 438 478 τὴν
458 443 557 469 τούτων
573 444 640 479 πρὸς
666 444 795 479 ἀλλήλους
814 445 964 481 ἐπιπλοκὴν

176 488 286 515 δύναται
298 489 434 522 γενέσθαι,
449 490 513 516 Θεὸν
527 490 674 524 ἀλογίστως
687 491 814 526 ἀξιοῦμεν
828 492 889 518 τάδε
904 493 963 519 τινὰ

177 535 243 568 ημῖν
256 534 439 570 δωρήσασθαι.
456 536 509 561 Καὶ
525 536 550 561 τί
570 536 615 562 ἐπὶ
629 536 718 562 πλεῖον
744 536 872 571 μηκύνειν
887 537 964 570 λόγον

175 579 225 611 δεῖ,
244 581 411 615 παριστάντα
425 581 455 607 τὸ
473 582 569 614 ἀσεϐὲς
581 582 626 608 τοῦ
637 583 877 618 καθημαξευμένου
895 585 962 611 ἀϐα-

177 625 310 658 σανίστως
320 627 395 662 παρὰ
410 629 465 658 τοῖς
479 628 582 659 πολλοῖς
598 629 660 664 περὶ
676 629 843 665 εἱμαρμένης
861 630 962 662 τόπου;

175 671 305 706 Δύτάρκη
319 672 374 707 γὰρ
388 674 428 703 εἰς
445 673 605 709 ὑπογραφὴν
619 674 664 700 καὶ
678 674 711 701 τὰ
727 675 868 710 εἰρημένα.
880 676 963 702 Πόθεν

175 718 203 744 δὲ
217 717 388 750 ἐξετάζοντες
402 719 441 750 τὸ,
463 729 471 744 ι
488 721 627 746 Ἔστωσαν
640 722 679 752 εἰς
695 723 793 757 σημεῖα
812 722 834 747 οἱ
858 723 963 758 φωστῆ-

176 771 233 798 ρες,
256 773 265 789 ι
283 764 330 789 ἐπὶ
354 765 438 791 ταῦτα
461 765 645 800 ἐληλύθαμεν,
662 767 774 798 ἑαυτοὺς
799 768 962 803 ὑπομνήσω-

177 818 236 844 μεν.
247 810 278 836 Οἱ
292 810 471 845 μανθάνοντες
485 811 547 847 περί
559 821 636 838 τινων
648 812 743 847 ἀληθῆ,
755 814 813 848 ἤτοι
831 814 962 840 αὐτόπται

175 856 230 882 τῶν
252 856 422 891 πραγμάτων
438 858 587 892 γενόμενοι,
611 859 803 892 ἀποφαίνονται
828 860 889 885 τάδε
904 861 962 886 τινὰ

1016 268 1093 298 gatos
1104 264 1126 291 si
1142 263 1309 298 fatebuntur,
1326 265 1396 292 hunc
1408 265 1462 293 illis
1472 265 1593 301 profecto
1604 271 1676 295 astra
1687 276 1798 303 quoque

1016 318 1125 337 sensum
1141 311 1329 345 impresserint
1343 320 1349 338 :
1367 311 1487 346 adeoque
1499 320 1595 339 novatn
1609 313 1642 340 dc
1657 315 1797 348 superiore

1015 364 1065 383 suo
1097 356 1246 391 lictitioque
1276 356 1330 383 Deo
1355 362 1483 389 mentem,
1503 357 1583 392 hujus
1618 360 1798 386 conversione

1015 402 1118 436 mundi,
1137 410 1203 429 suus
1219 403 1272 435 ille,
1285 402 1356 437 quod
1370 403 1420 438 ipsi
1449 409 1559 439 negant,
1576 404 1740 432 architectus
1759 406 1796 432 in-

1012 447 1117 481 jeceril.
1132 447 1179 474 Sin
1195 452 1284 475 autent
1297 449 1355 483 ejus
1367 456 1396 476 se
1407 450 1527 481 minime,
1551 458 1618 484 quas
1644 456 1717 477 astra
1739 452 1797 478 vol-

1014 498 1091 525 vunt,
1116 494 1220 528 legibus
1238 494 1324 521 teneri
1343 495 1554 529 respondebunt,
1578 496 1602 522 itl
1619 504 1651 522 ne
1666 496 1700 523 ab
1716 496 1747 522 iis
1761 501 1798 524 te-

1014 546 1087 565 mere
1104 539 1193 574 negari
1209 540 1358 573 videantur,
1375 541 1469 574 majori
1483 541 1575 575 ttliqtte
1595 541 1617 567 vi
1636 541 1794 576 suﬂ‘ragium

1016 584 1052 611 illi
1066 590 1187 611 nostrum
1204 590 1362 620 extorquere
1375 586 1564 617 tlebenl,certo
1577 587 1734 614 discrimine
1743 588 1796 614 duo

1015 630 1082 656 inter
1099 631 1228 657 ntctttiunt
1242 639 1341 664 genera
1353 632 1510 664 constituto,
1520 640 1633 665 quarum
1649 633 1708 658 alia:
1720 638 1796 659 ortus

1014 676 1116 711 latique
1131 678 1321 704 necessitatem
1330 678 1419 704 subire
1429 683 1571 711 cogantur,
1582 677 1640 704 alim
1648 677 1794 713 defugiunt.

1015 722 1069 749 Hac
1085 723 1156 749 enirn
1175 731 1203 750 se
1220 723 1368 758 qumstione
1384 725 1503 758 profecto
1521 732 1657 758 nunquam
1674 725 1794 758 explica-

1014 769 1090 797 bunt.
1105 769 1144 796 Ad
1159 770 1216 796 limo
1241 777 1334 803 preces
1353 777 1384 796 ac
1397 774 1458 796 vota
1483 778 1649 803 nuncupare,
1671 778 1797 804 superva-

1014 823 1126 842 caneum
1153 816 1230 850 plane
1258 817 1295 842 lit.
1313 817 1376 842 l‘am
1394 816 1415 842 si
1433 816 1489 842 ba'e
1505 816 1582 842 illave
1607 816 1662 843 fieri
1687 825 1796 843 necesse

1014 867 1065 893 est,
1079 863 1203 897 hancque
1214 867 1286 890 astra
1300 864 1488 890 necessitatem
1508 863 1633 896 alIetunt,
1651 865 1730 899 283
1746 873 1795 891 nec

177 902 286 935 ὑγειῶς,
299 902 329 928 τὸ
346 902 430 934 πάθος
446 903 492 929 καὶ
508 903 556 938 τὴν
572 903 709 938 ἐνέργειαν
726 904 779 929 τῶν
791 904 960 930 πεπονθότων

1015 907 1091 934 aliter
1118 916 1197 941 quam
1212 916 1305 934 eorum
1332 913 1421 935 mutua
1451 909 1602 942 complesto
1618 909 1719 943 jubeal,
1738 910 1794 936 lieri

175 947 411 983 ῆένεργησάντων
436 948 606 984 θεασάμενοι,
623 949 638 984 ἢ
656 949 880 983 ἀπαγγελλόντων
907 951 959 977 τῶν

174 994 300 1029 οὐδαμῶς
312 995 406 1030 αἰτίων
418 997 473 1026 τοῖς
483 996 676 1031 γεγενημένοις
698 997 875 1029 ἀκούσαντες,
898 999 959 1025 τάδε

173 1039 234 1066 τινὰ
255 1039 434 1074 γινώσκουσιν
450 1042 504 1077 (19)
521 1042 718 1078 (ὑπεξῃρήσθω
740 1043 768 1068 δὲ
787 1043 834 1069 νῦν
856 1043 902 1070 τοῦ
920 1044 961 1070 λο-

173 1094 222 1120 γου
238 1086 268 1112 το
278 1086 408 1113 δύνασθαι
423 1088 485 1118 τοὺς
494 1088 655 1123 δεδρακότας
674 1088 689 1122 ἢ
723 1089 887 1120 πεπονθότας
899 1110 905 1119 ,
923 1090 961 1116 δι-

173 1132 343 1168 ηγουμένους
359 1132 376 1158 ἃ
391 1133 560 1169 δεδράκασιν,
578 1134 593 1169 ἢ
608 1135 787 1168 πεπόνθασιν,
804 1136 908 1169 ἐνάγειν
922 1137 958 1167 εἰς

173 1177 274 1212 γνῶσιν
290 1178 345 1204 τῶν
360 1179 561 1215 πεπραγμένων
578 1180 622 1206 τὸν
642 1180 678 1215 μὴ
695 1181 958 1216 παρατετοχηκότα).

180 1224 241 1251 Ἐὰν
251 1222 298 1251 οὖν
311 1225 325 1251 ό
335 1225 523 1260 διδασκόμενος
535 1227 586 1252 ὑπὸ
601 1226 645 1252 τοῦ
662 1227 791 1262 μηδαμῶς
808 1227 893 1253 αἰτίου
907 1227 960 1253 τῶν

173 1269 324 1304 γινομένων
334 1270 364 1296 τὸ
377 1271 439 1297 τάδε
451 1271 511 1297 τινὰ
527 1271 613 1297 τοῖσδε
631 1273 788 1306 γεγονέναι,
813 1272 829 1307 ἢ
855 1273 959 1307 συμϐή-

175 1317 281 1348 σεσθαι,
298 1316 335 1352 μὴ
349 1316 492 1352 διακρίνων
506 1317 560 1351 (20)
571 1337 578 1349 ,
589 1318 629 1343 ὅτι
639 1318 669 1343 οὐ
684 1318 791 1350 πάντως
804 1318 817 1343 ὁ
829 1318 960 1344 διδάσκων

173 1363 238 1399 περί
251 1372 323 1395 τινος
338 1364 375 1395 ὠς
394 1363 566 1399 γενομένοιαῆ
580 1364 719 1399 ἐσομένου,
736 1365 822 1396 αῗτ.ὁς
839 1367 896 1391 ἐστι
913 1366 959 1392 τοῦ

171 1409 204 1436 τὸ
220 1410 337 1445 πρᾶγμα
350 1410 449 1436 τοιόνδε
462 1419 488 1436 τι
502 1410 644 1445 τυγχάνειν
655 1419 661 1425 ·
677 1412 798 1446 οἰήσεται
813 1413 857 1438 τὸν
870 1422 959 1447 παρα-

175 1456 311 1491 στήσαντα
324 1456 387 1491 περ)¹
404 1455 450 1482 τοῦ
467 1456 529 1483 τάδε
543 1456 602 1482 τινὰ
618 1457 774 1491 γεγονέναι,
793 1457 808 1492 ἢ
822 1458 883 1484 τάδε
900 1459 959 1485 τινὰ

173 1501 300 1534 ἔσεσθαι,
323 1502 517 1537 πεποιηκέναι,
536 1502 552 1537 ἦ
572 1503 691 1538 ποιήσειν
707 1504 740 1529 τὰ
760 1504 822 1538 περὶ
838 1501 874 1530 ὧν
890 1504 960 1530 διδά-

174 1555 244 1580 σκει,
263 1548 384 1583 οἰήσεται
399 1547 426 1574 δὲ
447 1547 564 1582 δηλονότι
587 1548 771 1583 ἐσφαλμένως.
795 1549 837 1580 Ὠς
859 1550 941 1580 εἴτις

174 1592 293 1628 ἐντυχὼν
312 1595 464 1628 προφητικῇ
479 1593 560 1628 βίϐλῳ
579 1593 747 1630 προδηλούσῃ
763 1594 796 1620 τὰ
811 1595 874 1629 περὶ
894 1595 958 1620 Ἰού-

172 1639 222 1665 δαν
234 1638 281 1664 τὸν
293 1638 434 1674 προδότην,
455 1639 563 1674 νομίσαι
582 1639 673 1674 μαθὼν
686 1640 716 1665 τὸ
732 1641 857 1674 ἐσόμενον
866 1660 872 1671 ,
890 1641 959 1675 ὀρῶν

174 1685 240 1712 αὐτὸ
252 1685 474 1719 ἀποτελούμενον,
493 1686 541 1720 τὴν
553 1685 641 1719 βίϐλον
659 1687 747 1712 αἰτίαν
765 1685 832 1713 εἶναι
856 1687 913 1713 τάδε
934 1696 959 1713 τι

174 1731 313 1765 γεγονέναι
339 1730 466 1766 ὕστερον,
483 1731 543 1756 ἐπεὶ
569 1732 622 1757 ἀπὸ
637 1732 686 1766 τῆς
702 1733 792 1766 βίϐλου
818 1733 958 1768 μεμάθηκε

173 1777 208 1804 τὰ
223 1777 275 1804 ὑπὸ
294 1777 341 1804 τοῦ
365 1778 446 1804 ’ἰούδα
466 1777 674 1813 πραχθησόμενα
695 1779 819 1814 ὕστερον·
844 1780 858 1814 ἢ
880 1780 959 1806 πάλιν

176 1823 214 1859 μὴ
227 1823 278 1859 τὴν
290 1823 380 1858 βίϐλον
395 1823 522 1850 ὑπολάϐοι
539 1822 606 1849 εἶναι
624 1825 722 1857 αἰτίαν,
741 1825 807 1851 ἀλλὰ
824 1826 868 1851 τὸν
887 1826 960 1862 πρῶ-

173 1878 219 1896 τον
232 1869 375 1905 γράψαντα
388 1869 480 1904 αὐτὴν,
496 1870 512 1904 ἢ
530 1869 574 1896 τὸν
587 1871 780 1905 ὲνεργήσαντα,
793 1871 857 1906 φέρε
874 1873 960 1898 εἰπεῖν

173 1915 219 1942 τὸν
233 1915 310 1942 Θεόν.
330 1915 433 1950 Ὥσπερ
447 1915 476 1941 δὲ
490 1915 598 1941 ἐπὶτῶν
615 1916 678 1951 περὶ
688 1916 734 1942 τοῦ
756 1916 839 1943 Ἰούδα
856 1925 961 1952 προφη-

171 1963 326 1999 τευομένων
346 1963 424 1988 αὑταὶ
437 1963 464 1988 αὶ
484 1962 570 1994 λέξεις
595 1963 784 1998 ὲξεταζόμεναι
801 1963 959 1998 ἐμφαίνουσι

173 2011 220 2038 τὸν
238 2009 305 2036 Θεὸν
319 2009 431 2044 ποιητὴν
451 2009 485 2044 μὴ
501 2010 638 2043 γεγονέναι
653 2010 701 2044 τῆς
720 2009 766 2035 τοῦ
790 2009 873 2035 Ἰούδα
893 2018 959 2045 προ-

173 2056 275 2087 δοσίας,
292 2055 360 2082 ἀλλὰ
373 2055 452 2090 μόνον
465 2055 642 2090 δεδηλωκέναι
656 2056 846 2090 προεγνωκότα
862 2056 894 2082 τὰ
908 2056 960 2082 ἀπὸ

172 2103 223 2138 τῆς
236 2102 331 2128 τούτου
355 2101 453 2133 κακίας
477 2101 687 2136 πραχθησόμενα
707 2101 782 2136 παρὰ
806 2101 852 2136 τὴν
878 2102 959 2128 αὐτοῦ

172 2149 264 2175 αἰτίαν
276 2157 282 2163 ·
297 2147 383 2179 οΰτως
399 2148 424 2173 εί
437 2156 477 2178 τις
490 2147 641 2182 ὲμϐαθύναι
656 2147 694 2182 τῴ
719 2147 789 2182 λόγῳ
808 2148 853 2173 τοῦ
869 2156 960 2183 προει-

171 2194 248 2220 δέναι
265 2193 299 2220 τὰ
313 2193 400 2220 πάντα
416 2193 461 2219 τὸν
478 2193 554 2225 Θεὸν,
573 2193 620 2220 καὶ
636 2195 691 2224 τοῖς
704 2194 732 2219 ἐν
746 2191 785 2225 οἷς
801 2191 854 2220 οἷον
869 2194 960 2220 ἐνετύ-

172 2249 251 2267 πωσε
262 2241 312 2275 τῆς
322 2240 418 2267 ἑαυτοῦ
430 2240 607 2276 προγνώσεως
618 2241 679 2272 τοὺς
699 2242 792 2275 λόγους
802 2261 808 2271 ,
828 2242 960 2276 κατανοή-
976 2252 996 2278 ῃ

173 2295 220 2313 σαι
236 2285 280 2318 ἂν,
297 2287 338 2312 ὅτι
349 2285 409 2312 οὕτε
420 2287 434 2312 ὁ
449 2287 581 2321 προγνοὺς
595 2286 703 2318 πάντως
715 2287 799 2318 αἴτιος
818 2287 871 2313 τῶν
893 2296 959 2322 προ-

172 2333 364 2368 εγνωσμένων,
375 2332 435 2358 οὕτε
449 2332 483 2359 τὰ
493 2334 554 2364 τοὺς
564 2333 664 2364 τύπους
675 2333 727 2359 τῶν
739 2333 822 2367 λόγων
833 2334 880 2368 τῆς
895 2342 960 2369 προ-

172 2378 303 2413 γνώσεως
323 2377 368 2404 τοῦ
387 2377 587 2414 προεγνωκότος
604 2377 746 2413 δεξάμενα.
769 2379 828 2403 ’Ότι
852 2379 899 2413 μὲν
914 2376 958 2404 οὖν

172 2424 290 2452 ἕκαστον
300 2423 354 2450 τῶν
367 2423 502 2458 ἐσομένων
516 2424 567 2458 πρὸ
581 2423 676 2450 πολλοῦ
691 2422 759 2450 οἶδεν
776 2425 789 2450 ὁ
806 2424 870 2455 Θεὸς
880 2433 959 2459 γενη-

174 2471 300 2506 σόμενον,
318 2470 364 2497 καὶ
379 2470 462 2505 χωρὶς
479 2470 527 2505 μὲν
543 2470 652 2505 Γραερῆς
665 2470 775 2496 αὐτόθεν
797 2470 829 2496 ἐκ
849 2471 896 2505 τῆς
917 2472 958 2496 ὲν-

174 2517 249 2549 νοίας
260 2516 312 2552 τῆς
329 2517 392 2551 περὶ
405 2515 471 2542 Θεοῦ
487 2516 565 2550 δῆλον
578 2515 616 2551 τῷ
629 2516 743 2542 συνιέντι
761 2515 866 2550 ἀξίωμα
881 2516 958 2542 δυνά-

210 2643 267 2679 (18)
285 2641 383 2679 Δῆλον
394 2641 452 2679 γάρ
463 2642 528 2669 ἐστι
548 2641 618 2679 τοὺς
638 2642 800 2679 τοιούτους.
817 2640 898 2679 Forte
912 2641 960 2669 de-

174 2676 287 2707 lendum
311 2676 403 2705 fuerit?
418 2678 479 2708 τοὺς
501 2677 646 2708 τοιούτους.
662 2676 718 2704 Nisi
734 2677 867 2708 dicamus,
888 2677 961 2705 hunc

174 2714 363 2741 accusativum
380 2720 428 2747 pro
442 2712 608 2739 nominativo
621 2717 792 2746 usurpatum,
810 2717 839 2738 ut
854 2712 881 2739 in
898 2720 960 2740 ver-

176 2749 274 2776 borum
302 2749 450 2775 activorum
479 2747 682 2774 constructione
703 2747 759 2773 ﬁeri
786 2747 875 2781 Solet;
892 2755 917 2774 ν.
931 2752 958 2779 g.

176 2791 239 2811 cum
257 2783 351 2811 dicunt
371 2781 427 2809 οἶδα
448 2783 502 2816 γάρ
517 2790 556 2813 σε,
574 2783 615 2809 ὅτι
629 2780 707 2808 τοῦτο
722 2781 861 2816 ἐποίησας,
879 2786 906 2809 et
922 2783 960 2810 si-

177 2819 263 2846 milia.
280 2817 360 2845 Prius
373 2823 461 2845 tamen
475 2816 552 2849 illttd,
569 2817 640 2851 apud
662 2816 829 2851 antiquiores
850 2821 877 2844 et
889 2817 959 2845 clas-

177 2855 261 2884 sicos,
275 2861 381 2884 vereor,
395 2857 424 2879 ιιι
436 2852 515 2879 facile
529 2852 656 2886 reperias.

211 2889 268 2923 (l9)
286 2888 357 2915 Τάδε
371 2888 436 2915 τινὰ
450 2886 659 2922 γινώσκουσιν.
676 2886 738 2914 Haec
759 2886 871 2914 omnino
890 2896 959 2921 παρ-

952 1570 992 1601 Ὠ

1013 953 1157 988 quidquam
1176 958 1262 988 potest
1279 973 1286 985 ,
1304 954 1353 981 hoc
1368 959 1414 980 aut
1433 954 1496 980 illud
1514 955 1563 982 abs
1584 955 1639 981 Deo
1651 955 1796 989 impetrare

1012 998 1071 1024 sine
1092 999 1193 1025 ratione
1223 1000 1421 1026 contendimus.
1447 999 1498 1026 Sed
1519 1008 1648 1034 quorsum
1671 1001 1795 1035 pluribus

1012 1045 1162 1071 communis
1176 1044 1256 1079 hujus
1272 1045 1306 1072 de
1324 1044 1379 1071 lato
1402 1045 1455 1071 loci
1472 1065 1478 1077 ,
1501 1053 1581 1080 quem
1596 1045 1794 1072 inconsiderate

1011 1091 1107 1125 vulgus
1121 1091 1208 1117 adhuc
1221 1092 1358 1117 hominum
1373 1092 1455 1123 trivit,
1472 1092 1638 1126 impietatem
1649 1094 1795 1127 persequi-

1013 1138 1092 1163 mur?
1115 1136 1179 1163 Eam
1207 1138 1305 1171 quippe
1328 1137 1459 1171 superiori
1486 1138 1609 1165 oratione
1634 1137 1794 1165 informasse

1012 1185 1110 1207 satest.
1141 1181 1198 1208 .latn
1216 1189 1289 1214 vero,
1305 1182 1463 1209 cumloeum
1478 1182 1552 1208 illurn
1565 1184 1791 1217 expenderetnus,

1014 1235 1022 1251 ι
1042 1227 1101 1253 Sint
1116 1227 1141 1252 in
1159 1228 1235 1261 signa
1249 1227 1403 1259 luminaria,
1415 1237 1423 1253 ι
1452 1228 1681 1262 quemadmodum
1693 1229 1790 1255 ineant

1011 1273 1218 1307 disputationem
1232 1274 1333 1307 delapsi
1348 1273 1490 1306 fuerimus,
1503 1275 1617 1301 nobisin
1633 1275 1791 1301 memoriam

1011 1327 1179 1346 revoccmtts.
1195 1318 1246 1351 Qui
1262 1319 1304 1346 vel
1320 1319 1410 1354 aliqua
1421 1319 1453 1346 de
1467 1328 1495 1346 re
1513 1320 1568 1346 veri
1592 1328 1620 1346 ε)
1636 1320 1698 1347 aliis
1714 1320 1792 1355 quid-

1010 1366 1081 1400 piam
1109 1366 1269 1401 itttelligunt,
1285 1366 1325 1392 vel
1343 1366 1450 1400 ipsimet
1468 1366 1506 1392 rei
1531 1370 1611 1400 gesta:
1639 1366 1736 1393 oculati
1754 1370 1793 1392 te-

1010 1416 1065 1438 stes
1087 1410 1204 1443 fuerunt,
1228 1411 1243 1437 ii
1256 1411 1378 1445 profecto
1399 1418 1454 1437 rem
1482 1411 1587 1445 aperire
1603 1411 1707 1438 sincere
1722 1411 1792 1438 inte-

1010 1464 1110 1492 greque
1127 1462 1239 1491 possunt
1255 1466 1260 1483 :
1289 1457 1389 1491 quippe
1400 1457 1456 1491 qui,
1476 1456 1516 1482 vel
1530 1457 1600 1491 quod
1615 1465 1710 1490 passus
1723 1457 1792 1483 alter

1010 1502 1100 1533 fuerit,
1114 1502 1155 1528 vel
1169 1503 1240 1537 qttod
1256 1503 1324 1528 idem
1337 1501 1490 1536 perfecerit,
1506 1507 1552 1528 aut
1566 1503 1652 1529 oculis
1666 1503 1715 1537 ipsi
1733 1503 1791 1530 suis

1011 1549 1177 1583 usurparint,
1202 1553 1249 1575 aut
1267 1549 1382 1575 aliorutn
1397 1548 1442 1583 qui
1462 1553 1551 1575 tamen
1563 1550 1600 1575 rei
1620 1556 1730 1575 causam
1744 1549 1791 1576 de-

1010 1594 1098 1621 derint
1111 1595 1221 1626 nullam,
1248 1595 1502 1621 commemoratione
1521 1599 1683 1628 aceepertnt.
1698 1596 1706 1628 (
1723 1594 1790 1621 Illud

1010 1641 1080 1667 enirn
1097 1648 1162 1668 sane
1179 1642 1336 1667 omittamus
1352 1660 1359 1671 ,
1378 1640 1435 1667 lieri
1458 1648 1536 1674 posse
1549 1660 1556 1671 ,
1575 1645 1603 1666 ut
1624 1640 1670 1674 qui
1687 1640 1791 1675 aliquid

1010 1685 1051 1711 vel
1062 1685 1134 1719 passi
1153 1684 1253 1711 fuerint
1267 1705 1273 1714 .
1292 1685 1331 1711 vel
1346 1684 1468 1716 fecerint,
1487 1692 1533 1711 eos
1548 1685 1639 1717 etiam,
1659 1684 1704 1718 qui
1723 1692 1790 1719 prse-

1012 1736 1102 1758 sentes
1118 1739 1170 1757 non
1186 1730 1368 1763 ittterfnerint,
1387 1731 1543 1757 narratione
1567 1730 1617 1764 ipsi
1639 1738 1687 1756 sua
1709 1731 1792 1758 totius

1012 1776 1036 1802 in
1072 1777 1110 1803 rei
1136 1777 1316 1811 cognitionem
1355 1776 1530 1809 adducant.)
1559 1775 1586 1802 Si
1617 1776 1678 1810 quis
1704 1783 1790 1810 ergo,

1013 1829 1154 1858 postquam
1175 1824 1240 1850 certi
1269 1823 1369 1858 aliquid
1397 1828 1443 1849 aut
1459 1824 1583 1849 evenisse
1610 1822 1790 1856 quibusdam,

1010 1875 1057 1896 aut
1084 1875 1242 1897 eventurum
1266 1877 1325 1897 esse
1341 1889 1349 1901 ,
1372 1869 1405 1896 ab
1434 1870 1479 1895 illo
1503 1869 1547 1903 qui
1566 1868 1624 1902 ejus
1641 1876 1723 1895 causa
1738 1875 1790 1894 non

1010 1917 1070 1948 sit,
1097 1916 1234 1943 auditione
1267 1916 1417 1950 acceperit,
1438 1922 1490 1941 non
1516 1915 1615 1948 cogitet
1650 1914 1721 1949 apud
1750 1921 1790 1947 se,

1011 1962 1135 1997 quisquis
1161 1969 1217 1988 rem
1248 1962 1398 1995 quamlibet
1430 1965 1477 1987 aut
1497 1966 1599 1995 gestam
1631 1968 1691 1987 esse
1710 1980 1717 1992 ,
1745 1964 1792 1986 aut

1010 2013 1115 2042 gestum
1138 2008 1171 2035 iri
1198 2009 1314 2039 doceat,
1345 2016 1398 2034 non
1427 2015 1487 2034 eum
1517 2007 1645 2033 continuo
1669 2007 1790 2040 ejusdem

1015 2055 1054 2081 rei
1073 2063 1181 2082 causatn
1199 2062 1258 2081 eSse
1274 2054 1313 2080 :is
1323 2062 1398 2086 sane,
1413 2054 1565 2088 quicunque
1580 2053 1619 2080 vel
1633 2053 1732 2079 factum
1742 2053 1791 2079 ali-

1010 2101 1074 2135 quid
1102 2101 1143 2127 vel
1172 2100 1292 2126 futurum
1318 2108 1377 2127 esse
1402 2101 1529 2134 aperiet,
1559 2100 1592 2126 ab
1623 2101 1717 2126 eodem
1744 2104 1791 2126 aut

1011 2147 1159 2182 profectum
1189 2147 1254 2173 illud
1281 2151 1326 2173 aut
1341 2146 1521 2181 profecturum
1536 2145 1699 2179 opinabitur.
1722 2145 1789 2172 falso

1011 2198 1099 2219 tamen
1116 2193 1280 2227 opinabitur.
1305 2191 1392 2218 Veluti
1407 2192 1428 2219 si
1441 2192 1512 2226 quis,
1530 2191 1573 2218 tibi
1591 2199 1623 2218 ex
1634 2191 1789 2225 prophetico

1011 2239 1157 2271 volumine,
1180 2238 1250 2272 qttod
1266 2237 1340 2265 Jndze
1358 2238 1503 2272 proditoris
1523 2238 1611 2264 scelus
1623 2237 1790 2270 exitiumque

1013 2284 1305 2319 pr:ediceret,futuram
1331 2285 1413 2311 totius
1429 2285 1465 2311 rei
1478 2284 1576 2311 seriem
1600 2283 1788 2314 intellexisset,

1012 2328 1132 2363 adeoque
1149 2338 1208 2356 cum
1223 2330 1279 2356 suis
1293 2329 1393 2356 factum
1406 2329 1494 2363 ipsunt
1522 2329 1609 2356 oculis
1629 2329 1788 2359 intueretur,

1012 2374 1081 2400 idettt
1099 2375 1125 2400 in
1138 2374 1261 2401 volumen
1278 2374 1407 2401 facinoris
1422 2381 1532 2400 causam
1548 2381 1655 2400 omnem
1668 2374 1790 2407 culpant-

1012 2428 1064 2455 que
1077 2420 1212 2447 eonferret
1230 2431 1234 2447 :
1250 2425 1306 2451 aut,
1320 2420 1342 2447 si
1356 2420 1447 2447 minus
1470 2419 1595 2445 volumen
1606 2439 1612 2450 ,
1629 2426 1688 2446 eum
1707 2424 1788 2450 certe,

1014 2474 1028 2492 a
1044 2474 1096 2500 quo
1115 2466 1229 2500 primum
1254 2466 1439 2500 conscriptum
1468 2466 1531 2492 illud
1551 2470 1637 2499 esset,
1662 2471 1708 2494 aut
1727 2473 1790 2493 vero

1014 2513 1096 2540 Deum
1110 2513 1206 2547 ipsum,
1221 2513 1299 2547 cujus
1313 2513 1427 2547 impulsu
1452 2520 1483 2539 ac
1503 2513 1613 2539 numine
1635 2512 1789 2547 prodiisset,

1012 2641 1099 2667 έλκειν
1116 2640 1251 2672 existimo,
1269 2649 1329 2668 cum
1344 2642 1400 2676 jam
1427 2641 1507 2676 paulo
1526 2646 1588 2669 ante
1612 2643 1791 2676 pmcesserit,

1012 2675 1204 2712 ἀποφαίνονται
1220 2676 1281 2702 τάδε
1298 2675 1358 2703 τινὰ
1373 2675 1470 2711 ὺγείῶς
1480 2685 1486 2691 ·
1503 2683 1549 2703 aut
1573 2677 1596 2704 si
1612 2675 1669 2704 haec
1683 2685 1792 2712 quoque

1011 2711 1122 2771 aetineri
1146 2711 1246 2745 placet,
1264 2712 1434 2739 scribendum
1453 2716 1515 2739 ante
1529 2712 1610 2740 fuerit
1625 2712 1671 2739 καὶ
1686 2711 1717 2740 τὸ
1738 2713 1791 2740 πάο

1028 2754 1067 2771 οε.
1080 2751 1130 2771 etc.

1028 2754 1067 2777 ος,
1080 2751 1130 2773 etc.

1047 2781 1284 2818 (20)7Amxplvwr.
1303 2782 1362 2817 Γρ..
1374 2782 1514 2817 διακρίνοι,
1532 2782 1604 2816 quod
1621 2782 1706 2818 magis
1728 2791 1786 2818 pro.

1012 2823 1047 2852 no
1062 2825 1069 2843 :
1086 2817 1185 2851 alioqui
1201 2824 1263 2844 mox
1279 2822 1340 2852 post
1360 2818 1474 2845 alterum
1488 2818 1619 2852 οἰήσεται,
1636 2823 1682 2845 aut
1694 2817 1787 2845 δάιοι-

1011 2851 1119 2888 lentlum
1136 2852 1255 2888 videtur.
1275 2851 1322 2879 aut
1343 2854 1504 2881 sumendum
1522 2851 1571 2887 pro
1591 2852 1634 2888 δή,
1651 2853 1722 2888 quod
1738 2854 1789 2881 hoc

1012 2887 1071 2914 loco
1085 2887 1174 2914 minus
1186 2887 1311 2921 placeret.
