2063 3211
160 139 212 167 ιεθ

742 138 901 166 ΡΒλΕΡᾹΒ.
924 136 1051 164 EVANG.
1075 137 1150 165 LIB;
1163 137 1205 164 VI.

1739 142 1792 169 ιθο

160 197 213 224 ἀπὸ
225 197 273 224 τοῦ
284 196 472 234 σχηματισμοῦ
486 198 541 225 τῶν
555 198 688 234 ἀστέρων,
699 197 808 224 πάντων
821 197 875 224 τῶν
887 197 952 233 περὶ

1008 189 1063 224 esse
1075 201 1192 230 motum,
1209 201 1239 225 ut
1259 204 1321 232 quae
1333 197 1454 224 errantia
1467 197 1548 233 vulgo
1565 198 1704 235 dicuntur,
1721 201 1791 228 viam

160 243 274 270 ἕκαστον
288 244 448 279 γινομένων,
464 244 510 270 καὶ
522 244 576 270 τῶν
586 244 700 271 καθόλου
717 244 899 279 λαμϐάνοντες
910 252 952 277 γι-

161 289 321 324 νὼσκωσιν,
340 291 401 326 οὐχὶ
421 292 445 317 οἱ
470 291 607 326 ἄνθρωποι
621 291 727 326 (πολλῷ
748 292 802 326 γὰρ
819 290 910 326 μεῖζον
935 291 950 326 ἢ

161 335 232 362 κατὰ
248 336 394 372 ἄνθρωπον
407 336 437 362 τὸ
446 336 575 363 δύνασθαι
589 337 660 364 κατὰ
673 337 799 372 ἀλήθειαν
814 336 952 372 ἐκλαμϐά-

160 390 215 408 νειν
228 382 283 408 ἀπὸ
292 383 343 417 τῆς
357 383 488 418 κινήσεως
502 382 555 409 τῶν
570 383 693 419 ἀστέρων
709 384 743 410 τὰ
758 384 820 419 περὶ
838 383 951 409 ἑκάστου

160 428 217 454 τῶν
241 427 384 455 ett-2:01:on
409 429 620 465 ὲνεργούντωνῆ
637 429 795 464 πασχόντων
813 433 831 463 ),
850 429 906 456 ἀλλ’
925 429 952 455 αἰ

161 474 299 508 δυνάμεις,
317 474 350 506 ἃς
366 475 512 508 ἀναγκαῖον
530 474 573 501 διὰ
592 475 676 501 πολλὰ
692 475 778 501 ταῦτα
797 474 951 509 γινώσκειν,

161 520 199 551 ὡς
213 520 283 547 κατὰ
299 520 414 555 δύναμιν
427 520 470 547 διὰ
482 521 535 547 τῶν
549 521 612 556 ἑξῆς
629 521 761 556 δείξομεν.
778 521 906 552 Συνέντες
924 521 952 547 δὲ

162 567 185 592 οἱ
202 565 342 601 ἄνθρωποι
365 565 396 592 ἐκ
420 574 500 592 τινων
518 568 668 602 τηρήσεων,
686 566 760 602 ﬁxa!
777 568 808 593 ἐκ
826 567 953 594 διδασκα-

162 611 224 643 λίας
248 612 374 646 ἀγγέλων
395 611 442 647 τὴν
464 613 529 639 ἰδίαν
546 612 621 644 τάξιν
642 613 891 648 παραϐεϐηκότων,
908 613 953 639 καὶ

162 656 208 682 ἐπὶ
220 657 254 691 τῇ
269 656 315 682 τοῦ
337 655 433 690 γένους
457 657 535 693 ἡμῶν
557 658 682 695 ὲπιτριϐᾔ
701 658 862 691 διδαξάντων
890 659 953 694 περὶ

162 702 266 728 τούτων
285 703 356 735 τινὰ,
375 703 504 739 ᾠήθησαν
519 705 581 736 τοὺς
594 706 639 739 ἀφ’
656 702 693 731 ὧν
712 705 747 731 τὰ
768 707 866 740 σημεῖα
886 705 954 732 οἴον-

162 756 207 774 ται
218 748 378 784 λαμϐάνειν,
394 750 498 782 αἰτίους
512 751 644 786 ὑπάρχειν
657 752 768 784 τούτων,
782 752 799 778 ἃ
812 753 953 788 σημαίνειν

162 795 176 820 ὁ
195 794 275 828 λόγος
288 795 371 830 φησί·
388 796 452 832 περὶ
469 794 505 823 ὧν
522 797 569 823 καὶ
585 798 673 823 αὐτῶν
687 818 694 829 ,
713 798 750 829 ὡς
775 800 803 824 ὲν
824 800 952 834 ἐπιτομῇ,

163 840 234 867 κατὰ
259 840 373 877 δύναμιν
397 842 607 879 ἐπιμελέστερον
632 844 732 875 εὐθέως
756 844 951 880 διαληψόμεοα.

1003 243 1063 270 (isis
1077 243 1131 270 illis
1147 248 1229 278 alque
1245 243 1437 271 constantibus
1457 244 1538 279 plane
1560 246 1728 274 contrariam
1749 252 1790 274 te—

1004 293 1094 315 neant.
1112 288 1141 316 Id
1154 288 1228 324 quod
1241 296 1273 317 eo
1289 289 1406 316 consilio
1426 288 1527 317 factum
1544 296 1595 323 est,
1611 296 1640 319 ut
1664 300 1698 320 ex
1715 294 1791 320 vario

1002 339 1138 361 astrorum
1161 335 1226 368 situ,
1248 342 1418 370 eorum,qu:e
1435 336 1533 370 partim
1549 337 1675 373 singulis,
1692 339 1790 372 partim

1003 379 1029 405 in
1055 380 1213 407 universum
1233 381 1372 414 eveniunt,
1400 381 1476 416 signa
1501 382 1626 416 qntedam
1651 384 1790 418 hauriant,

1004 432 1058 451 non
1076 425 1133 459 jam
1150 425 1276 453 homines
1296 430 1369 452 certe
1386 426 1495 460 quidem
1511 426 1555 462 (ex
1569 428 1614 455 illa
1631 429 1703 456 enim
1719 430 1792 457 side-

1002 478 1063 497 rum
1080 472 1271 505 conversione,
1286 472 1418 507 quidquid
1434 478 1481 500 aut
1494 473 1592 501 facturi
1609 475 1710 509 singuli
1723 476 1788 508 sint.

1003 520 1048 542 aut
1064 517 1183 550 passuri,
1197 524 1259 543 vere
1277 525 1308 544 ac
1317 522 1392 544 certo
1406 518 1567 553 intelligere,
1584 527 1674 554 operae
1684 526 1727 548 est
1739 521 1790 548 hu-

1004 570 1100 588 manas
1112 563 1186 589 vires
1203 563 1281 597 longe
1294 564 1464 599 multumque
1480 565 1658 600 superantis).
1678 567 1724 594 sed
1743 575 1791 594 na-

1004 612 1071 634 turae
1086 608 1137 634 illae
1151 609 1318 643 superiores,
1335 617 1402 644 qllaS
1420 610 1544 644 pluribus
1560 617 1628 638 sane
1644 611 1677 638 de
1699 613 1792 640 causis

1003 660 1062 679 eam
1082 653 1107 680 in
1126 654 1307 689 cognitionem
1321 655 1412 681 venire
1425 663 1536 683 necesse
1548 661 1600 688 est,
1615 657 1653 683 uti
1665 657 1792 692 deinceps

1003 706 1052 733 pro
1077 704 1158 734 capt:
1184 707 1278 727 nostro
1295 700 1558 728 demonstrabimus.
1586 703 1716 731 Homines
1743 711 1793 731 au-

1004 749 1068 777 tem,
1084 746 1157 780 quod
1184 746 1316 773 nonnulla
1339 746 1365 773 id
1379 754 1474 781 genus,
1492 748 1534 774 vel
1555 749 1792 778 observationibus

1004 792 1179 827 quibusdam,
1193 793 1234 819 vel
1247 794 1416 828 angelorum,
1433 794 1479 829 qui
1497 803 1559 821 cum
1577 803 1643 824 suos
1656 797 1707 831 ipsi
1723 796 1791 824 lines

1006 837 1195 870 transilierint,
1217 842 1272 865 tum
1291 839 1399 874 generis
1424 840 1450 866 in
1474 841 1560 867 nostri
1574 841 1722 876 perniciem
1740 842 1792 870 ista

163 887 343 922 Προκείσεται
354 888 442 914 τοίνυν
454 888 540 915 ταῦτα
550 889 584 915 τὰ
596 890 775 925 προϐλήματα
785 898 791 905 ’
804 891 876 922 Πῶς,
889 899 955 926 προι-

1008 884 1159 917 docuerint,
1181 884 1374 912 informatione
1390 886 1550 920 didicerint;
1581 895 1675 914 eorum
1699 889 1792 922 simul,

162 931 284 965 γνώστου
299 932 374 964 ὄντος
396 933 425 965 ἐξ
441 933 538 966 αἰῶνος
554 934 600 960 τοῦ
611 935 677 961 Θεοῦ
692 936 754 970 περὶ
767 935 820 962 τῶν
833 931 877 969 ὑφ’
892 936 953 962 ἐκέ-

164 986 228 1004 στου
246 978 412 1014 πράττεσθαι
427 979 621 1015 νομιζομένων.
640 981 669 1007 τὸ
745 982 809 1016 ἡμῖν
822 981 952 1014 σώζεται·

164 1025 220 1051 Καὶ
233 1025 295 1051 τίνα
306 1025 405 1061 τρόπον
420 1026 444 1052 οἱ
460 1027 573 1062 ἀστέρες
584 1026 633 1054 οΰκ
649 1028 700 1053 εἰσι
716 1028 852 1062 ποιητικοὶ
864 1028 916 1054 τῶν
927 1029 955 1055 ὲν

163 1071 334 1107 ἀνθρώποις,
358 1074 520 1108 σημαντικοὶ
538 1073 566 1099 δὲ
580 1073 669 1108 μόνον.
693 1074 748 1100 Καὶ
760 1075 800 1100 ὃτι
818 1074 955 1109 ἄνθρωποι

163 1117 213 1152 τὴν
227 1118 292 1154 περὶ
310 1117 412 1145 τούτων
426 1118 525 1153 γνῶσιν
542 1119 662 1154 ἀκριϐῶς
680 1119 751 1154 ἔχειν
767 1120 795 1145 οὐ
818 1120 954 1152 δύνανται,

162 1161 232 1189 ἀλλὰ
246 1162 391 1198 δυνάμεσιν
406 1163 555 1198 ἀνθρώπων
581 1164 716 1200 κρείττοσι
734 1164 768 1191 τὰ
790 1167 890 1200 σημεῖα
911 1166 955 1192 ἑκ-

163 1216 263 1235 κειται.
280 1209 329 1240 Τίς
345 1209 398 1244 γὰρ
410 1210 426 1245 ἡ
439 1210 512 1236 αίτία
527 1210 573 1236 τοῦ
590 1210 624 1236 τὰ
638 1212 739 1246 σημεῖα
754 1211 798 1237 τὸν
822 1212 887 1238 Θεὸν
908 1221 956 1238 πε-

165 1253 308 1288 ποιηκέναι
325 1254 365 1286 εἰς
377 1254 476 1288 γνῶσιν
488 1255 540 1281 τῶν
554 1255 706 1290 δυνάμεων,
722 1256 850 1292 τέταρτον
868 1257 956 1290 ἐξετα-

163 1299 304 1334 σθήσεται.
321 1300 375 1326 Καὶ
388 1300 476 1327 τοίνυν
495 1300 592 1336 ἴδωμεν
607 1301 637 1327 τὸ
654 1302 760 1337 πρῶτον
772 1323 778 1333 ,
799 1303 867 1338 ὅπερ
879 1303 956 1329 εὐλα-

165 1343 296 1376 6ξιθέντες
313 1345 404 1372 πολλοὶ
417 1346 470 1372 τῶν
491 1346 634 1382 Ἑλλήνων,
651 1348 767 1383 οἰόμενοι
784 1349 956 1384 κατηναγκά-

165 1391 229 1418 σθαι
241 1392 276 1418 τὰ
293 1393 454 1428 πράγματα,
473 1394 519 1420 καὶ
536 1394 567 1420 τὸ
580 1395 621 1429 ἐφ’
641 1395 706 1429 ἡμῖν
722 1395 853 1430 μηδαμῶς
872 1395 956 1427 σώζε-

165 1438 239 1471 σθαι,
254 1439 279 1465 εί
295 1439 309 1465 ὁ
321 1439 386 1471 Θεὸς
401 1439 581 1475 προ-γινώσκει
595 1441 630 1467 τὰ
647 1441 788 1476 μέλλοντα,
807 1442 903 1474 ἀσεϐὲς
916 1443 958 1469 66-

163 1492 226 1520 γμα
239 1485 390 1521 ἐτόλμησαν
402 1486 580 1519 ἀναδέξασθαι
597 1487 705 1522 μᾶλλον,
720 1487 736 1523 ἢ
756 1488 902 1522 προσέσθαι
916 1489 955 1521 τὸ,

164 1529 205 1562 ὥς
217 1539 299 1565 φασιν
313 1532 421 1563 ἐκεῖνοι,
435 1531 538 1564 ἔνδοξον
555 1533 604 1567 μὲν
621 1533 685 1568 περὶ
701 1533 779 1565 Θεοῦ,
792 1534 919 1569 ἀκλαιροῦν
929 1534 956 1560 δὲ

165 1576 198 1603 τὸ
212 1577 254 1611 ἐφ’
269 1578 345 1613 ἡμῖν,
359 1579 406 1604 καὶ
417 1578 461 1604 διὰ
475 1578 553 1604 τοῦτο
570 1579 678 1605 ἔπαινον
693 1580 738 1605 καὶ
753 1579 845 1614 ψόγον,
867 1581 913 1606 καὶ
928 1581 958 1607 τὸ

165 1621 222 1648 τῶν
238 1621 342 1657 ἀρετῶν
357 1623 518 1654 ἀπόδεκτον,
536 1624 590 1650 τῶν
606 1633 635 1650 τε
650 1625 752 1651 κακιῶν
767 1625 876 1660 ψεκτόν.
904 1626 958 1652 Καί

166 1676 268 1702 φασιν,
292 1669 316 1694 εί
342 1668 371 1700 ἐξ
387 1669 483 1700 αἰῶνος
503 1669 572 1703 ἔγνω
587 1671 600 1696 ὁ
612 1670 676 1701 Θεὸς
692 1671 767 1697 τόνδε
784 1672 843 1698 τινὰ
862 1672 959 1707 ἀδική-

167 1721 237 1746 σειν,
255 1714 302 1740 καὶ
319 1715 381 1741 τάδε
391 1715 501 1750 ποιῆσαι
514 1716 680 1751 ἀδικήματα,
694 1717 811 1752 ἀψευδὴς
826 1718 854 1744 δὲ
867 1718 960 1753 ἡγνῶ-

167 1767 210 1791 ct;
221 1759 267 1786 τοῦ
279 1759 357 1793 Θεοῦ,
372 1761 418 1787 καὶ
430 1761 536 1793 πάντως
547 1762 623 1788 ἔσται
634 1762 725 1795 ἄδικος
740 1765 858 1799 ποιήσων
870 1770 882 1784 ³
896 1764 958 1790 τάδε

166 1804 202 1832 τὰ
218 1805 390 1842 ἀδικήματα,
409 1809 423 1834 ὀ
441 1808 561 1839 τοιοῦτος
578 1806 647 1835 εἶναι
669 1810 895 1845 προεωραμένος·
913 1812 960 1837 καὶ

167 1851 308 1887 ἀμήχανον
326 1853 362 1888 μὴ
387 1853 525 1889 ἀδικήσειν
548 1854 629 1881 αὑτὸν
641 1874 648 1886 ,
664 1855 886 1890 κατηνάγκασται
902 1857 932 1882 τὸ
946 1857 959 1876 δ

167 1898 309 1933 ἀδικήσειν
324 1899 419 1932 αὑτὸν,
444 1901 490 1926 καὶ
506 1900 635 1927 ἀδύνατον
650 1901 726 1928 ἔσται
743 1902 807 1929 ἄλλο
818 1911 842 1928 τι
858 1903 959 1938 πρᾶξαι

166 1943 249 1971 αὐτὸν
310 1945 379 1981 ὅπερ
394 1946 408 1971 ὁ
434 1946 501 1977 Θεὸς
517 1946 597 1980 ἔγνω.
616 1947 648 1973 Et.
662 1947 691 1974 ὀέ
706 1948 836 1975 ἀδύνατον
858 1949 922 1976 ἄλλο
933 1958 960 1975 τι

167 1989 273 2026 πρᾶξαι
291 1990 382 2023 αὑτὸν,
397 1991 483 2023 οὐδεὶς
493 1992 521 2019 δὲ
535 1993 667 2019 ἀδύνατον
681 1993 718 2028 μὴ
737 1994 850 2028 ποιήσας
861 1994 961 2028 ψεκτός

166 2035 238 2068 ἐστι,
257 2036 345 2072 μάτην
360 2037 510 2073 αἰτιώμεθα
525 2039 588 2069 τοὺς
602 2039 721 2070 ἀδίκους,
736 2039 790 2066 ἀπὸ
801 2039 829 2065 δὲ
842 2040 889 2066 τοῦ
901 2041 959 2067 ἁδί-

166 2088 217 2107 κου
235 2080 283 2107 καὶ
297 2080 352 2108 τῶν
366 2081 541 2117 ἀδικημάτων
554 2082 715 2118 ἐπέρχονται
731 2083 777 2109 καὶ
791 2083 837 2109 ἐπὶ
849 2083 883 2109 τὰ
894 2083 960 2110 ἄλλα

165 2126 364 2163 ἁμαρτήματα.
383 2125 449 2154 Εἶτα
464 2129 496 2154 ὲκ
509 2128 554 2155 τοῦ
570 2129 690 2155 ἐναντίου
712 2129 758 2156 καὶ
777 2129 810 2155 τὰ
827 2134 837 2147 ο
853 2128 960 2164 νομιζό-

168 2180 240 2207 μενα
261 2172 477 2208 κατορθώματα·
500 2173 547 2200 καί
564 2182 645 2208 φασιν
670 2173 825 2200 ἀκολουθεῖν
842 2174 871 2199 τὸ
885 2173 898 2193 d
915 2173 960 2199 τὸν

1006 940 1122 967 quorum
1138 932 1363 968 signiﬁcationem
1378 933 1410 961 iis
1424 933 1564 968 Scriptura
1581 935 1686 967 tribuit,
1700 941 1794 964 aucto-

1006 984 1049 1004 res
1066 977 1127 1004 illos
1141 985 1201 1004 esse
1217 982 1393 1012 putaverunt,
1418 986 1433 1005 a
1444 979 1543 1013 quibus
1559 987 1590 1006 ea
1608 987 1638 1007 se
1653 981 1794 1015 percipere

1006 1022 1082 1056 signa
1100 1022 1256 1050 credebant.
1269 1021 1327 1056 Qua
1341 1023 1374 1050 de
1386 1031 1414 1050 re
1427 1024 1582 1052 summatim
1594 1033 1702 1061 quoque
1713 1027 1794 1062 paulo

1006 1073 1076 1102 post,
1093 1069 1140 1096 sed
1156 1076 1248 1096 tamen
1277 1077 1326 1104 pro
1352 1074 1445 1096 nostra
1464 1069 1593 1098 facultate
1607 1072 1753 1107 diligenter
1767 1078 1794 1101 ct

1006 1120 1134 1142 accurate
1147 1115 1360 1150 disputabimus.
1383 1116 1470 1151 Atque
1485 1117 1542 1144 hrec
1565 1123 1646 1145 erunt
1663 1119 1794 1154 quaestio-

1007 1161 1048 1189 nis
1069 1161 1200 1188 institutae
1217 1162 1320 1196 capita.
1344 1162 1395 1195 Qui
1420 1162 1477 1189 licri
1503 1164 1601 1198 possit,
1625 1168 1654 1191 ut
1676 1172 1738 1192 cum
1762 1174 1794 1193 ea

1006 1215 1067 1242 qua:
1081 1215 1096 1234 a
1113 1215 1222 1242 quoque
1239 1207 1297 1235 ﬁeri
1313 1213 1459 1235 censentur
1474 1209 1577 1243 omnia,
1589 1218 1623 1237 ex
1635 1210 1710 1237 omni
1721 1211 1793 1238 Deus

1007 1252 1157 1280 aeternitate
1174 1253 1347 1287 praenoverit,
1367 1260 1415 1279 sua
1436 1258 1526 1279 tamen
1549 1253 1682 1280 voluntati
1696 1258 1795 1281 nostra:

1007 1301 1048 1327 vis
1065 1304 1239 1335 potestasque
1257 1304 1389 1327 servetur.
1406 1299 1550 1332 Quomodo
1563 1308 1653 1327 rerum
1672 1301 1794 1332 illarum,

1007 1354 1067 1382 qua
1081 1346 1222 1373 hominum
1240 1346 1332 1381 generi
1344 1346 1482 1379 eveniunt,
1495 1346 1571 1381 signa
1582 1346 1692 1381 quidem
1705 1346 1795 1374 sidera

1008 1392 1072 1423 sint,
1094 1399 1183 1419 causre
1206 1399 1271 1418 vero
1294 1391 1415 1418 minime.
1442 1390 1625 1423 Quamobrem
1649 1395 1751 1418 certam
1768 1395 1796 1418 ct

1007 1437 1169 1472 exquisitam
1187 1436 1310 1463 homines
1324 1435 1481 1462 earumdem
1502 1443 1592 1462 rerum
1610 1435 1793 1471 cognitionem

1007 1483 1107 1510 habere
1120 1490 1174 1509 non
1187 1482 1304 1517 possint,
1324 1482 1369 1508 sed
1383 1482 1488 1508 naturis
1504 1481 1622 1508 humana
1642 1480 1793 1516 superiori-

1008 1531 1059 1557 bus
1072 1530 1210 1564 proposita
1226 1529 1301 1563 signa
1318 1528 1362 1554 illa
1377 1528 1441 1555 sint.
1461 1526 1528 1554 Nam
1548 1535 1680 1562 quorsum
1699 1527 1794 1555 iisdem

1009 1584 1040 1603 ex
1069 1575 1154 1610 signis
1170 1574 1272 1609 aliquid
1299 1578 1410 1600 naturas
1428 1573 1488 1600 illas
1503 1572 1669 1607 cognitionis
1685 1572 1798 1599 haurire

1008 1620 1136 1653 voluerit,
1150 1624 1247 1654 quarto
1267 1619 1377 1645 domum
1394 1618 1453 1644 loco
1469 1624 1635 1652 quaeremus.
1650 1616 1798 1644 Ordiamur

1009 1675 1023 1694 a
1039 1668 1138 1702 primo,
1153 1667 1180 1693 in
1193 1673 1247 1700 quo
1262 1665 1326 1692 dum
1340 1665 1476 1692 cautiores
1490 1671 1550 1691 esse
1567 1663 1726 1691 Graacorum
1739 1664 1797 1699 ple-

1009 1713 1086 1748 rique
1101 1712 1210 1745 vellent,
1228 1711 1356 1747 quodque
1373 1711 1397 1738 si
1414 1711 1469 1738 Deo
1485 1709 1639 1737 futurorum
1660 1711 1796 1745 prtenotio

1010 1760 1185 1790 tribueretur,
1197 1758 1251 1784 vim
1267 1758 1349 1785 rebus
1365 1756 1458 1783 inferri
1474 1760 1611 1791 putarent,
1626 1764 1659 1784 ac
1671 1756 1799 1783 volunta-

1011 1804 1045 1830 lis
1061 1807 1162 1830 nostra:
1174 1803 1236 1837 jura
1248 1802 1355 1833 violari,
1368 1801 1503 1828 nefarium
1516 1801 1687 1836 impiumque
1700 1801 1799 1836 dogma

1010 1849 1149 1882 suscipere
1169 1855 1281 1879 temere,
1299 1847 1380 1882 287
1398 1850 1480 1881 qnam
1506 1847 1622 1874 alterum
1650 1846 1716 1873 illud
1734 1854 1799 1881 pro-

1010 1894 1075 1921 bare
1089 1894 1255 1924 maluerunt,
1268 1894 1341 1928 quod
1359 1895 1412 1919 Deo
1431 1893 1554 1928 quidem,
1568 1898 1597 1919 ut
1614 1892 1666 1927 ipsi
1681 1892 1801 1927 loquun-

1011 1945 1065 1971 tur,
1078 1940 1170 1975 gloria:
1180 1939 1299 1972 cederet,
1315 1947 1409 1966 verum
1423 1938 1528 1965 arbitrii
1545 1938 1633 1965 nostri
1648 1938 1703 1965 vim
1721 1942 1749 1965 et
1760 1938 1799 1964 fa<

1011 1985 1138 2012 cultatem
1157 1989 1300 2017 everteret,
1317 1985 1454 2019 simulque
1478 1984 1594 2019 proinde
1610 1991 1722 2011 omnem
1738 1991 1800 2011 cum

1010 2032 1091 2059 laudo
1107 2031 1344 2066 vituperationem,
1359 2035 1386 2057 et
1401 2030 1534 2065 quidquid
1549 2034 1597 2057 aut
1618 2034 1659 2057 est
1676 2029 1800 2064 complu—

1010 2078 1137 2105 ciendum
1156 2077 1183 2104 in
1202 2078 1311 2109 virtute,
1326 2081 1373 2104 aut
1398 2077 1425 2103 in
1448 2076 1514 2102 vitio
1534 2075 1799 2110 reprehendendum.

1011 2123 1168 2156 Enimvero,
1183 2124 1205 2150 si
1223 2123 1296 2150 hunc
1311 2127 1357 2150 aut
1372 2123 1448 2149 illum
1465 2123 1535 2149 Deus
1548 2121 1713 2155 injuriosum
1727 2119 1803 2147 futu-

1012 2179 1083 2203 rum,
1097 2171 1120 2197 si
1134 2171 1184 2197 llas
1199 2175 1244 2197 aut
1262 2170 1323 2197 illas
1348 2169 1463 2204 injurias
1478 2167 1619 2195 illaturum
1644 2174 1678 2193 ex
1695 2166 1803 2193 acterni-

167 2218 236 2245 Θεὸν
250 2219 285 2246 τὰ
299 2219 428 2255 μέλλοντα
442 2220 642 2256 προεγνωκέναι
655 2220 694 2255 τῷ
712 2226 723 2240 ιι
737 2221 774 2256 μὴ
784 2220 913 2247 δύνασθαι
927 2219 956 2246 τὰ

1014 2223 1068 2245 tate
1083 2217 1220 2252 cognOvit,
1238 2224 1288 2243 nec
1312 2215 1368 2242 falli
1392 2215 1524 2250 przenotio
1539 2214 1631 2241 divina
1649 2216 1738 2248 potest
1755 2221 1761 2238 :
1780 2212 1803 2238 is

167 2263 213 2298 ἐφ’
228 2264 294 2299 ἡμῖν
310 2263 454 2296 σώζεσθαι.
475 2265 547 2300 Πρὸς
558 2264 604 2296 οὒς
615 2265 734 2297 λεκτέον,
754 2266 794 2291 ὅτι
808 2264 959 2291 ἐπιϐάλλων

166 2310 183 2336 ὸ
199 2309 264 2342 Θεὸς
280 2311 314 2346 τῇ
331 2311 401 2347 ἀρχῇ
415 2311 465 2346 τῆς
481 2311 674 2347 κοσμοποιίας,
692 2311 798 2343 οὐδενὸς
812 2311 932 2337 ἀναιτίου
947 2309 957 2329 ί

166 2356 323 2392 γινομένου,
341 2357 534 2392 ἐπιπορεύεται
549 2357 589 2392 τῷ
607 2357 645 2392 νῷ
663 2357 777 2384 ἕκαστον
791 2357 846 2383 τῶν
861 2357 958 2391 ἐσομέ-

166 2411 232 2435 νων,
249 2403 321 2439 ὀρῶν
332 2422 340 2435 ,
354 2403 412 2435 ὅτι,
425 2403 486 2430 ἐπεὶ
509 2403 566 2430 τόδε
584 2403 688 2437 γέγονε,
705 2403 763 2430 τόδε
779 2403 874 2430 ἕπεται
886 2412 893 2419 ’
911 2403 958 2429 ἐὰν

166 2447 196 2474 δὲ
211 2447 326 2485 γένηται
335 2448 394 2475 τόδε
412 2448 443 2474 τὸ
455 2448 598 2483 ἑπόμενον,
615 2449 673 2475 τάδε
684 2449 824 2475 ἀκολουθεῖ
835 2457 841 2463 ·
854 2446 883 2476 οὗ
893 2449 958 2474 ὑπο-

168 2491 294 2525 στάντος,
302 2492 361 2519 τόδε
371 2492 447 2520 ἔσται
457 2502 463 2508 ·
477 2494 523 2520 καὶ
531 2493 601 2520 οὕτω
612 2494 691 2530 μέχρι
707 2494 799 2526 τέλους
819 2494 873 2521 τῶν
889 2503 958 2530 πρα-

167 2538 283 2573 γμάτων
297 2539 500 2575 ὲπιπορευθεὶς,
516 2537 586 2566 οἶδεν
596 2539 614 2566 ἃ
630 2540 716 2572 ἔσται,
731 2540 761 2567 οὐ
777 2540 884 2572 πάντως
895 2540 959 2567 ἑκά-

169 2591 225 2619 στῳ
244 2583 299 2610 τῶν
313 2585 523 2620 γινωσκομένων
544 2585 630 2616 αἴτιος
656 2585 701 2612 τοῦ
729 2585 795 2612 αὐτὸ
825 2585 958 2621 συμϐῆναι

167 2630 321 2665 τυγχάνων.
350 2631 455 2666 Ὥσπερ
478 2631 532 2666 γὰρ
547 2631 573 2657 εἴ
590 2639 651 2664 τις,
674 2630 743 2667 ὁρῶν
764 2640 825 2658 τινα
850 2631 892 2658 διὰ
911 2631 959 2666 μὲν

168 2675 290 2711 ἀμαθίαν
313 2676 437 2712 προπετῆ
450 2697 457 2708 ,
471 2676 515 2703 διὰ
527 2677 555 2702 δὲ
569 2677 618 2712 τὴν
635 2676 798 2711 προπέτειαν
810 2676 959 2710 ἀλογίστως

168 2722 343 2750 ιπιὸαινοντα
356 2723 414 2750 ὁδοῦ
429 2723 584 2759 ὀλισθηρᾶς,
595 2724 641 2749 καὶ
653 2723 800 2750 καταλάὸοι
817 2722 958 2749 πεσεῖσθαι

166 2768 361 2804 ὀλισθήσαντα.
376 2770 437 2805 οὐχὶ
452 2769 538 2801 αἴτιος
551 2769 598 2796 τοῦ
608 2769 715 2796 ὀλίσθου
727 2769 821 2804 ἐκείνῳ
834 2769 940 2803 γίνεται
950 2777 957 2783 ·

203 2860 218 2875 ι
230 2854 275 2880 ῑσ.
291 2852 339 2880 καὶ
354 2853 444 2889 ποιήσ.
501 2852 514 2872 b
530 2851 571 2878 ίσ.
589 2851 640 2886 γὰρ
655 2850 693 2876 τό.
734 2858 743 2869 ο
757 2850 800 2877 ἴσ.
819 2849 896 2877 κάπί.

311 2914 410 2944 Pnn.
427 2913 485 2944 Gn.
505 2914 593 2944 XXI.

936 2849 947 2870 ἀ
962 2850 1004 2877 la.
1019 2848 1067 2885 τῷ.

1014 2264 1146 2300 profecto,
1163 2271 1244 2298 quem
1264 2261 1400 2297 ejusmodi
1424 2261 1483 2288 fore
1497 2259 1664 2295 prazviderit,
1686 2262 1713 2285 et
1728 2257 1801 2291 injn--

1013 2311 1103 2338 riosus
1123 2310 1236 2337 omnino
1263 2307 1372 2335 futurus
1385 2311 1437 2340 est,
1458 2311 1485 2334 et
1499 2306 1567 2333 tales
1582 2305 1699 2340 injurias
1713 2303 1803 2330 illatu-

1012 2365 1059 2384 rus
1077 2366 1083 2383 :
1100 2356 1223 2390 adeoque
1247 2354 1306 2381 ﬁeri
1331 2354 1406 2380 nullo
1427 2353 1511 2380 modo
1532 2355 1634 2387 potest,
1651 2354 1681 2377 ut
1699 2350 1733 2376 ab
1750 2348 1802 2375 illis

1012 2403 1121 2437 injuriis
1134 2403 1280 2433 abstineat,
1295 2408 1356 2428 cum
1378 2404 1405 2427 et
1429 2399 1461 2426 ad
1476 2407 1523 2426 cas
1536 2397 1693 2425 inferendas
1708 2403 1804 2423 neces-

1012 2450 1093 2476 sitate
1106 2448 1238 2483 rapiatur,
1252 2454 1302 2474 nec
1313 2446 1386 2473 aliud
1401 2445 1435 2472 ab
1448 2453 1480 2472 eo
1498 2444 1649 2479 quidquam
1665 2441 1721 2469 fieri
1737 2448 1802 2476 pos-

1012 2495 1057 2528 sit,
1070 2502 1153 2529 quam
1165 2494 1236 2528 quod
1251 2492 1372 2520 futurum
1392 2491 1464 2518 Deus
1483 2497 1550 2517 esse
1560 2487 1727 2523 cognoverit.
1742 2485 1801 2512 Jam

1012 2541 1034 2569 si
1052 2541 1125 2568 aliud
1146 2547 1258 2574 prorsus
1274 2546 1352 2573 agere
1369 2537 1438 2564 nihil
1461 2539 1560 2571 potest,
1579 2541 1629 2561 nec
1653 2534 1802 2568 quisquam

1010 2587 1072 2622 jure
1083 2586 1266 2620 vituperatur,
1279 2583 1351 2618 quod
1369 2582 1395 2610 id
1409 2590 1465 2609 non
1482 2581 1587 2613 fecerit,
1600 2579 1672 2615 quod
1691 2578 1749 2605 fieri
1767 2578 1801 2604 ab

1013 2639 1046 2659 eo
1062 2639 1115 2659 non
1135 2630 1234 2666 potuit,
1257 2628 1381 2656 homines
1404 2626 1555 2662 injuriosos
1571 2624 1674 2652 frustra
1695 2623 1802 2650 calum-

1014 2678 1132 2705 niamur.
1152 2676 1254 2702 Deinde
1278 2682 1342 2701 vero
1357 2674 1402 2701 ab'
1417 2672 1561 2708 injuriosis
1586 2676 1613 2699 et
1637 2669 1747 2705 injuriis
1769 2668 1802 2695 ad

1013 2726 1110 2750 cartcra
1123 2725 1299 2756 peccatorum
1315 2726 1413 2755 genera
1431 2718 1545 2753 gradum
1567 2716 1682 2744 faciunt.
1703 2714 1771 2741 Tum
1787 2721 1802 2740 a

1013 2767 1162 2800 contrario,
1189 2766 1222 2793 de
1235 2766 1269 2792 iis
1285 2772 1392 2799 quoque
1406 2764 1499 2797 rebus,
1515 2770 1577 2798 quae
1597 2761 1727 2797 praeclare
1744 2758 1803 2786 lieri

1108 2853 1121 2867 ο
1135 2848 1176 2875 Ia.
1189 2848 1228 2875 τό.
1269 2846 1280 2866 ί
1295 2855 1339 2882 no.
1356 2845 1487 2877 ἀναιτίοις.

1573 2907 1612 2936 16
