2063 3211
278 149 330 178 491

595 148 733 177 EUSEBH
752 146 994 175 CESARIENSIS
1013 146 1088 174 OPP.
1112 146 1203 174 PARS
1222 146 1253 174 ll.
1275 162 1310 167 ——
1329 146 1581 175 APOLOGETICA.

1854 147 1910 175 ιον.

279 210 447 244 honesteque
460 207 613 239 videantur,
627 207 709 236 simili
725 207 831 234 ratione
843 210 966 233 statuunt
981 215 987 232 ι
1002 211 1056 233 tan-

1113 204 1183 231 οὖτω
1208 203 1315 240 νοητέόν
1331 206 1376 232 τὸν
1401 205 1467 232 Θεὸν
1480 226 1487 237 ,
1509 205 1704 242 προεωρακότα
1722 207 1811 239 ὁποῖος
1835 207 1911 234 ἔσται

278 255 394 289 demque
409 252 585 283 concludunt,
599 252 622 279 si
637 251 692 278 Deo
708 252 791 278 semel
810 252 965 278 futurorum
991 259 1061 286 pra:-

278 300 354 328 notio
370 298 546 330 concedatur,
562 297 668 324 arbitrii
683 297 769 324 nostri
785 302 946 332 potestatem
974 297 1062 324 conti-

276 354 333 374 nuo
348 345 471 373 funditus
483 353 544 372 esse
556 343 714 371 tollendam.
729 343 835 376 Quibus
850 344 902 371 hoc
915 343 997 370 modo
1018 352 1062 370 re-

277 390 465 426 spondendum
478 389 530 416 erit
540 398 546 416 :
557 388 638 421 Deus,
655 388 728 424 quod
741 389 814 416 nulla
829 397 870 416 res
884 397 995 416 causam
1007 396 1061 416 non

277 438 376 464 habeat
403 437 534 471 aliquam,
557 435 622 462 dum
650 435 702 462 sub
728 435 817 470 ipsum
841 435 915 462 orbis
932 435 1061 462 moliendi

276 483 451 518 principium.
468 481 559 509 futura
581 481 720 517 sigillatim
737 481 830 508 omnia
845 486 934 509 mente
950 489 1062 516 percur-

276 529 322 557 rit.
338 528 412 555 videt
424 528 507 561 illico,
518 528 541 555 si
554 527 656 554 factum
670 528 721 554 hoc
732 528 794 559 crit,
813 527 878 554 illud
895 527 1008 562 proinde
1021 535 1063 554 se-

275 579 419 607 cuturum;
434 573 507 609 quod
534 573 580 601 ubi
597 573 743 604 exstiterit.
761 573 869 600 tertium
884 581 917 600 ex
932 581 964 600 eo
980 573 1061 608 quid-

274 619 336 646 dam
350 623 445 653 aptum
463 617 540 651 fore;
556 618 608 645 hoc
621 618 686 645 item
700 618 722 645 si
740 619 858 654 positum
874 618 935 651 erit,
952 622 979 644 et
994 625 1062 645 con-

276 673 392 700 sequens
408 665 473 692 illud
485 664 609 691 futurum
628 673 634 691 :
649 664 740 700 itaque
755 664 789 691 ad
805 672 895 691 rerum
909 664 990 691 linem
1004 672 1063 691 om—

275 710 351 736 nium
366 710 522 744 cognitione
546 709 687 744 perducta,
708 709 843 744 quidquid
870 709 992 735 futurum
1021 713 1062 736 est

274 755 402 790 intelligit
425 764 432 782 :
459 762 509 782 nec
533 759 624 782 tamen
652 754 799 789 cujuslibet
813 754 926 781 omnino
942 754 992 786 rei,
1013 762 1062 782 cur

274 801 327 828 hoc
342 802 422 828 illove
432 801 513 828 modo
521 801 638 833 eveniat.
650 808 734 828 causa
744 800 876 828 dicendus
890 803 941 827 est.
958 799 1060 832 Quem-

273 846 421 873 admodum
448 847 532 879 enim,
558 847 581 874 si
616 854 697 882 quem
722 845 858 881 imperitia
884 846 1060 873 temerarium

273 901 306 921 ac
317 886 482 929 praecipitem
499 901 559 921 esse
573 894 678 925 videas,
696 901 783 928 eaque
795 893 948 921 temeritate
960 893 1060 928 impnl-
1077 886 1096 912 Β

274 947 335 966 sum
352 939 456 966 lubrico
468 946 528 966 sese
541 939 629 965 itineri
642 939 824 972 committere,
836 945 865 966 ut
876 947 937 966 eum
953 939 1060 966 labente

273 985 440 1020 fallenthue
456 985 570 1020 vestigio
586 984 722 1011 ruiturum
741 984 886 1020 intelligas,
903 985 954 1019 ipsi
968 990 1057 1012 tamen

273 1031 457 1067 prolapsionis
480 1038 562 1058 causa
591 1038 645 1058 non
667 1038 706 1058 es.
724 1030 763 1057 Ita
790 1031 870 1066 plane
886 1031 1058 1058 sentiendum

273 1081 325 1109 est,
344 1076 409 1109 Deo,
426 1076 499 1112 quod
516 1076 670 1111 cujusmodi
685 1077 802 1111 quisque
818 1076 854 1104 sit
865 1077 975 1115 futurus
987 1085 1057 1112 prae-

273 1122 380 1154 viderit,
393 1130 492 1150 causas
519 1122 601 1149 etiam
619 1122 797 1156 quamobrem
815 1122 949 1157 ejusmodi
964 1122 1000 1150 sit
1017 1122 1059 1149 fu-

273 1172 362 1200 turus,
379 1175 494 1202 qumque
509 1167 544 1194 ab
557 1175 589 1194 eo
607 1167 650 1194 vel
670 1167 793 1202 improbe
810 1167 852 1194 vel
865 1168 995 1202 praeclare
1012 1176 1058 1203 ge-

273 1214 356 1240 rend-a
377 1214 441 1246 sint,
459 1221 519 1240 esse
534 1217 685 1248 perspecta.
704 1213 802 1248 Atque,
827 1218 858 1240 ut
872 1214 966 1247 libere,
985 1214 1058 1249 quod

272 1267 317 1286 res
332 1264 383 1292 est,
399 1259 571 1293 equuamur,
596 1267 650 1286 non
680 1258 727 1286 Dei
752 1259 833 1286 modo
861 1261 1055 1295 praenotionem

273 1310 364 1331 rerum
383 1312 494 1331 causam
512 1312 564 1331 non
579 1312 640 1331 esse
661 1304 722 1339 (nec
746 1305 819 1331 enim
833 1312 913 1339 queui
930 1311 1057 1340 peccatu-

271 1358 333 1377 rum
350 1350 419 1378 Deus
433 1358 493 1378 esse
513 1351 645 1385 prrevidit,
663 1359 726 1378 eum
749 1352 813 1379 dum
835 1360 863 1379 re
879 1353 936 1387 ipsa
953 1357 1056 1387 peccat,

272 1397 305 1424 ad
321 1397 427 1424 facinus
440 1398 518 1432 quasi
535 1405 617 1424 manu
634 1398 766 1434 deducit),
779 1399 826 1426 sed
841 1399 936 1432 etiam,
951 1400 1023 1434 quod
1041 1407 1056 1427 a

270 1443 410 1470 communi
432 1450 513 1470 sensu
544 1443 677 1470 remotius
704 1443 825 1478 quidem,
841 1444 888 1471 sed
904 1452 998 1471 verum
1016 1449 1058 1472 ta-

271 1497 332 1516 men
349 1494 401 1522 est,
419 1489 444 1516 id
458 1489 548 1524 ipsum
560 1490 633 1524 quod
649 1488 772 1516 futurum
783 1490 828 1521 sit,
842 1489 975 1522 ejusmodi
987 1499 1056 1525 prte-

270 1535 389 1562 notionis
402 1543 513 1562 causam
528 1542 597 1562 esse.
609 1533 701 1570 Neque
715 1536 798 1570 288
811 1537 883 1562 enim
897 1536 998 1564 idcirco
1014 1537 1054 1568 lit,

269 1581 342 1616 quod
359 1581 482 1608 futurum
493 1589 554 1609 esse
567 1586 761 1615 cognoscatur,
775 1582 821 1608 sed
839 1583 912 1616 quod
931 1582 1053 1609 futurum

270 1627 316 1659 sit,
330 1627 432 1654 idcirco
448 1627 570 1654 futurum
585 1635 646 1655 esse
662 1629 846 1662 cognoscitur.
866 1628 925 1662 Quo
944 1630 1054 1664 quidem

269 1673 297 1701 in
313 1681 423 1708 genere,
439 1674 616 1701 distinctione
630 1681 698 1708 opus
716 1679 766 1702 est.
784 1673 852 1701 Nam
871 1683 893 1702 sx
910 1677 982 1711 quod
994 1684 1054 1703 om-

269 1720 335 1746 nino
354 1719 476 1746 l'uturum
494 1719 605 1751 dicitur,
624 1719 649 1747 id
672 1720 708 1746 ita
726 1720 788 1754 quis
805 1721 930 1756 accipiat,
942 1723 1054 1757 perinde

268 1771 300 1791 ac
321 1764 343 1791 si
369 1765 442 1799 quod
461 1765 605 1799 praevisum
624 1770 674 1798 est,
688 1765 798 1793 evenire
814 1774 924 1794 necesse
938 1768 983 1800 sit,
1002 1768 1054 1796 hoc

268 1819 333 1838 vero
349 1811 461 1838 minime
478 1811 586 1838 damus.
604 1811 659 1838 Nec
676 1812 759 1845 enim,
784 1813 857 1848 quod
875 1814 987 1848 praevisa
1006 1813 1054 1841 Ju-

268 1858 310 1885 dm
338 1858 457 1893 proditio
482 1857 573 1891 fuerit,
601 1857 699 1885 Judam
729 1865 871 1894 propterea
897 1863 1053 1888 necessario

268 1903 434 1938 proditorem
450 1903 535 1931 fuisse
551 1905 737 1932 concedimus.
765 1905 921 1937 Enimvero,
952 1907 1052 1941 quibus

267 1950 295 1977 in
312 1949 504 1984 prophetarum
528 1951 646 1978 oraculis
664 1950 785 1978 futurum
809 1951 885 1980 Judae
900 1953 988 1980 scelus
1002 1962 1052 1980 ex-

266 1995 406 2030 primitur,
432 1995 527 2022 iisdem
558 1996 679 2023 hominis
704 1997 851 2025 incessitur
875 1999 1052 2033 carpiturque

267 2040 438 2075 improbitas,
455 2046 535 2076 atque
552 2043 674 2069 omnium
688 2043 713 2069 in
728 2043 814 2070 oculis
830 2044 977 2079 indignitas
993 2045 1052 2079 ejus

266 2088 454 2122 probrumque
471 2088 633 2115 traducitur.
659 2088 712 2122 Qui
730 2089 753 2116 si
777 2090 811 2116 ad
829 2090 1010 2124 proditionem
1027 2091 1052 2117 vi

265 2141 298 2160 ac
319 2133 482 2161 necessitate
497 2139 650 2168 raperetur,
668 2143 716 2163 nec
733 2137 846 2171 reliquis
861 2138 992 2172 apostolis
1005 2145 1052 2172 per

265 2186 327 2205 eam
344 2179 442 2206 similis
459 2186 520 2206 esse
535 2184 640 2213 posset,
664 2181 739 2208 omni
756 2181 879 2216 profecto
891 2182 1006 2210 crimine
1021 2190 1052 2210 ac

1115 250 1240 283 ἕκαστος,
1258 251 1304 277 καὶ
1321 251 1370 283 τὰς
1386 251 1473 282 αἰτίας
1488 252 1534 277 τοῦ
1555 251 1674 278 τοιοῦτον
1693 252 1773 279 αὑτὸν
1796 252 1907 279 ἔσεσθαι

1115 296 1245 331 καθορᾷν,
1261 296 1307 322 καὶ
1328 297 1367 323 ὅτι
1390 297 1577 332 ἁμαρτήσεται
1598 297 1678 329 τάδε,
1703 297 1719 333 ἢ
1740 297 1908 333 κατορθώσει

1114 342 1186 368 τάδε.
1204 342 1258 368 Καὶ
1281 343 1306 368 εἰ
1324 342 1375 377 χρὴ
1400 343 1504 376 λέγειν,
1524 343 1553 368 οὖ
1566 343 1615 378 τὴν
1638 343 1794 378 πρόγνωσιν
1818 345 1910 370 αἰτίαν

1115 387 1169 414 τῶν
1183 387 1333 423 γινομένων
1346 388 1393 422 (οὐ
1420 388 1475 422 γὰρ
1489 389 1639 423 ἐφάπτεται
1655 388 1700 414 τοῦ
1720 390 1911 424 προεγνωσμέ-

1116 441 1161 459 νου
1175 433 1399 469 ἁμαρτησομένου
1422 434 1436 459 ὁ
1451 433 1526 465 Θεὸς,
1547 435 1609 460 ὅταν
1638 434 1811 471 ἁμαρτάνῃ),
1843 435 1910 462 ἀλλὰ

1116 479 1330 514 παραδοξότερον
1346 479 1404 514 μὲν,
1421 479 1520 514 ἀληθὲς
1535 480 1563 506 δὲ
1577 480 1692 516 ἐροῦμεν
1702 501 1709 512 ,
1735 482 1765 508 τὸ
1781 482 1910 517 ἐσόμενον

1115 524 1201 551 αἴτιον
1211 524 1258 550 τοῦ
1275 525 1378 551 τοιάνδε
1401 523 1471 551 εἶναι
1487 525 1536 560 τὴν
1557 527 1620 561 περὶ
1639 526 1721 553 αὐτοῦ
1739 527 1904 563 πρόγνωσιν,

1115 571 1152 596 Οὐ
1170 569 1223 606 γὰρ
1238 571 1298 597 ἐπεὶ
1313 571 1458 605 ἔγνωσται,
1477 573 1579 606 γίνεται
1593 592 1600 603 ,
1622 573 1680 599 ἀλλ’
1703 573 1763 599 ἐπεὶ
1785 574 1910 607 γίνεσθαι

1115 615 1238 651 ἔμελλεν,
1259 616 1402 650 ἔγνωσται.
1419 618 1565 653 Διαστολῆς
1577 618 1606 644 δὲ
1624 619 1717 646 δεῖται.
1736 620 1767 646 Εἰ
1784 620 1833 654 μὲν
1855 620 1910 655 γὰρ

1114 661 1145 688 τὸ
1155 670 1165 688 α
1179 662 1290 693 πάντως
1301 663 1375 690 ἔσται
1396 673 1405 689 ι
1419 663 1490 690 οὕτω
1500 673 1541 695 τις
1558 664 1712 700 ἑρμηνεύει.
1728 665 1765 697 ὡς
1783 666 1907 701 ἀνάγκην

1115 708 1184 735 είναι
1198 709 1322 743 γενέσθαι
1338 709 1368 736 τὸ
1384 711 1618 746 προεγνωσμένον,
1635 711 1664 737 οὺ
1680 711 1805 746 διδόαμεν
1823 712 1907 747 αὐτῷ.

1115 755 1151 781 Οὐ
1164 755 1218 791 γὰρ
1235 756 1360 791 ἐροῦμεν,
1377 756 1438 782 ἐπεὶ
1453 756 1640 792 προέγνωσται
1661 757 1760 784 Ἰούδαν
1776 758 1909 794 προδότην

1114 801 1252 835 γενέσθαι,
1266 801 1306 827 ὅτι
1321 802 1395 828 πᾶσα
1407 801 1511 837 ἀνάγκη
1524 800 1557 837 ἦν
1574 802 1673 829 Ἰούδαν
1689 803 1821 839 προδότην
1835 804 1911 838 γενέ-

1116 846 1188 873 σθαι.
1210 847 1254 873 Ἐν
1278 846 1342 880 γοῦν
1361 848 1422 878 ταῖς
1446 847 1509 882 περὶ
1533 847 1579 874 τοῦ
1616 848 1700 874 Ἰούδα
1729 849 1910 884 προφητείαις

1114 892 1230 928 μέμψεις
1244 893 1290 919 καὶ
1308 894 1470 928 κατηγορίαι
1487 893 1532 920 τοῦ
1555 893 1642 920 ’ἰούδα
1662 895 1908 930 ἀναγεγραμμέναι

1113 940 1176 971 εἰσὶ,
1193 939 1273 965 παντί
1289 948 1327 974 τῳ
1338 940 1503 975 παριστᾶσαι
1518 939 1548 966 τὸ
1564 939 1662 974 ψεκτὸν
1684 939 1777 968 αὑτοῦ.
1793 941 1850 967 Οὐκ
1874 941 1907 967 ἂν

1111 986 1140 1013 δὲ
1158 985 1241 1020 ψόγος
1255 985 1329 1020 αὑτῴ
1353 986 1535 1021 προσήπτετο,
1556 986 1579 1011 εί
1599 986 1753 1019 ἐπάναγκες
1774 986 1907 1022 προδότης

1110 1029 1154 1067 ἦν,
1167 1032 1213 1058 καὶ
1228 1031 1265 1067 μὴ
1278 1031 1417 1066 ἀνεδέχετο
1443 1031 1497 1067 (57)
1521 1031 1601 1058 αὐτὸν
1614 1032 1705 1067 ὅμοιον
1729 1034 1783 1063 τοῖς
1803 1032 1907 1065 λοιποῖς

1111 1076 1267 1107 ἀποστόλοις
1287 1076 1423 1110 γενέσθαι.
1444 1076 1514 1111 Ὅρα
1527 1076 1555 1102 δὲ
1567 1076 1590 1102 εὶ
1616 1076 1653 1112 μὴ
1673 1076 1759 1103 ταῦτα
1775 1077 1904 1112 δηλοῦται

1108 1122 1142 1149 δι’
1158 1119 1196 1149 ὧν
1213 1121 1432 1158 παραθησόμεθα
1448 1122 1538 1157 ῥητῶν
1552 1122 1637 1154 οὕτως
1656 1124 1790 1159 ἐχόντων’
1804 1135 1812 1149 ι
1828 1125 1906 1160 Μηδὲ

1109 1168 1250 1205 γενηθήτω
1270 1168 1421 1203 οἰκτίρμων
1448 1170 1504 1199 τοῖς
1526 1169 1653 1203 ὀρφανοῖς
1676 1170 1775 1202 αὑτοῦ,
1796 1171 1852 1197 ἀνθ’
1868 1167 1905 1197 ὧν

1108 1215 1157 1241 οὐκ
1168 1215 1288 1251 ἐμνήσθη
1300 1215 1410 1249 ποιῆσαι
1420 1214 1505 1246 ἕλεος.
1519 1215 1574 1241 Καὶ
1587 1216 1747 1248 κατεδίωξεν
1758 1217 1902 1252 ἄνθρωπον

1108 1261 1212 1295 πένητα
1227 1261 1274 1286 καὶ
1291 1261 1407 1296 πτωχὸν,
1420 1260 1466 1287 καὶ
1489 1262 1722 1296 κατανενυγμὲνον
1743 1265 1776 1299 τῇ
1795 1264 1905 1298 καρδίᾳ,

1107 1307 1154 1333 τοῦ
1166 1306 1320 1333 θανατῶσαι
1341 1307 1412 1341 (33)·
1433 1307 1479 1333 καὶ
1493 1307 1619 1342 ὴγάτπισε
1632 1308 1764 1344 κατάραν,
1780 1310 1826 1335 καὶ
1842 1309 1903 1344 ἥξει

1108 1352 1182 1388 αὐτῷ
1193 1361 1199 1367 ”
1218 1353 1264 1379 καὶ
1279 1353 1328 1378 οὐκ
1342 1351 1473 1388 ἠθέλησεν
1489 1353 1623 1387 εὐλογίαν,
1640 1354 1686 1380 καὶ
1711 1355 1904 1391 μακρυνθήσε-

1106 1406 1151 1424 ται
1166 1398 1211 1424 ἀπ’
1227 1397 1320 1424 αὐτοῦ.
1347 1407 1355 1423 ι
1375 1398 1406 1423 El
1423 1397 1450 1424 δέ
1471 1406 1512 1428 τις
1529 1398 1688 1433 διηγήσεται
1717 1399 1746 1426 τὸ
1763 1408 1772 1424 ι
1790 1400 1899 1432 πάντως

1107 1443 1183 1470 ἔσται
1202 1453 1210 1469 ι
1223 1443 1293 1470 κατὰ
1307 1443 1337 1469 τὸ
1352 1444 1495 1479 σημαίνειν
1513 1445 1588 1477 αὐτὸ,
1600 1444 1696 1478 λέγων,
1708 1446 1748 1471 ὅτι
1768 1446 1842 1472 ἔσται
1852 1446 1903 1481 μὲν

1106 1489 1169 1516 τάδε
1183 1489 1252 1520 τινὰ,
1268 1489 1402 1524 ἐνεδέχετο
1419 1489 1447 1516 δὲ
1460 1490 1506 1516 καὶ
1520 1490 1620 1526 ἑτέρως
1632 1491 1766 1525 γενέσθαι,
1777 1492 1855 1518 τοῦτο
1864 1493 1902 1524 ὡς

1107 1535 1205 1570 ἀληθὲς
1223 1535 1429 1570 συγχωροῦμεν.
1448 1536 1499 1562 Τὸν
1517 1537 1565 1572 μὲν
1585 1538 1639 1573 γὰρ
1656 1537 1722 1564 Θεὸν
1733 1539 1782 1564 οὒκ
1796 1539 1902 1574 ἐνδέχε-

1106 1588 1150 1606 ται
1166 1579 1328 1614 ψεύσασθαι,
1347 1581 1484 1616 ἐνδέχεται
1506 1582 1534 1608 δὲ
1557 1582 1621 1618 περὶ
1639 1582 1693 1609 τῶν
1719 1584 1901 1620 ἐνδεχομένων

1106 1626 1232 1660 γενέσθαι
1248 1627 1294 1653 καὶ
1307 1626 1343 1662 μὴ
1359 1627 1484 1661 γενέσθαι
1498 1628 1629 1663 φρονῆσαι
1645 1630 1674 1656 τὸ
1685 1631 1811 1664 γενέσθαι
1829 1631 1898 1658 αὐτὰ

1106 1672 1153 1699 καὶ
1172 1672 1207 1708 μὴ
1221 1672 1355 1707 γενέσθαι.
1374 1674 1543 1709 Σαφέστερον
1558 1675 1585 1700 δὲ
1609 1675 1688 1702 τοῦτο
1713 1676 1828 1712 ἐροῦμεν
1850 1677 1898 1704 οὖ-

1104 1729 1173 1751 τως·
1196 1721 1227 1746 Εί
1251 1720 1387 1755 ἐνδέχεται
1411 1719 1508 1746 Ἰούδαν
1534 1718 1602 1747 εἶναι
1629 1721 1775 1749 ἀπόστολον
1797 1723 1899 1758 ὁμοίως

1105 1766 1217 1801 Πέτρῳ,
1239 1765 1376 1800 ἐνδέχεται
1402 1764 1447 1791 τὸν
1464 1765 1528 1791 Θεὸν
1542 1766 1635 1801 νοῆσαι
1655 1767 1778 1802 περὶτοῦ
1801 1769 1897 1801 Ἰούδα,

1104 1811 1144 1836 ὅτι
1160 1811 1236 1845 μενεῖ
1249 1810 1396 1841 ἀπόστολος
1407 1810 1506 1845 ὁμοίως
1517 1811 1623 1846 Πέτρῳ.
1633 1812 1664 1838 El
1679 1812 1814 1848 ἐνδέχεται
1833 1815 1895 1842 Ἰού-

1104 1857 1151 1882 δαν
1170 1855 1302 1891 προδότην
1312 1856 1450 1890 γενέσθαι,
1469 1856 1606 1891 ἐνδέχεται
1621 1858 1666 1884 τὸν
1683 1858 1749 1885 Θεὸν
1765 1860 1896 1896 φρονῆσαι

1104 1903 1166 1938 περὶ
1183 1901 1277 1933 αὑτοῦ,
1295 1903 1335 1928 ὃτι
1347 1903 1480 1938 προδότης
1493 1902 1579 1930 ἔσται.
1590 1904 1621 1930 Εἰ
1636 1904 1664 1931 δὲ
1676 1905 1808 1942 προδότης
1819 1906 1896 1934 ἔσται

1109 1947 1219 1979 Ἰούδας,
1233 1949 1247 1974 ὁ
1263 1948 1328 1980 Θεὸς
1344 1950 1376 1984 τῇ
1390 1949 1542 1983 προγνώσει
1558 1950 1640 1977 αὑτοῦ
1661 1950 1714 1977 τῶν
1734 1953 1893 1987 προειρημέ-

1103 2003 1155 2020 νων
1180 1994 1362 2029 ἐνδεχομένων
1385 1995 1432 2021 δύο
1451 1996 1615 2030 γεγονότων,
1641 1996 1688 2023 τοῦ
1706 1996 1775 2024 εἶναι
1798 1998 1856 2036 (59)
1868 2001 1897 2026 ἐν

1103 2041 1177 2076 αὐτῷ
1188 2041 1218 2067 τὸ
1232 2041 1329 2077 ἀληθὲς
1345 2042 1550 2077 προγινώσκων,
1563 2043 1751 2079 προγνώσεται
1765 2046 1810 2072 τὸν
1831 2047 1897 2073 Ἰού-

1102 2085 1149 2111 δαν
1165 2086 1297 2121 προδότην
1314 2086 1456 2121 γενέσθαι·
1472 2087 1502 2114 τὸ
1518 2087 1546 2114 δὲ
1562 2089 1625 2124 περὶ
1641 2086 1670 2116 οὗ
1687 2090 1702 2124 ἠ
1719 2090 1834 2124 γνῶσις,
1851 2093 1895 2118 ὲν-

1102 2131 1210 2166 δέχεται
1225 2132 1271 2158 καὶ
1285 2132 1386 2167 ἑτέρως
1397 2133 1535 2167 γενέσθαι.
1556 2134 1610 2160 Καὶ
1623 2134 1696 2168 λέγοι
1712 2136 1744 2162 ἂν
1763 2137 1780 2172 ἡ
1795 2137 1895 2171 γνῶσις

1103 2176 1150 2202 τοῦ
1165 2177 1242 2210 Θεοῦ,
1256 2178 1297 2204 ὃτι
1315 2178 1451 2213 ἐνδέχεται
1465 2179 1514 2214 μὲν
1527 2179 1603 2206 τόνδε
1618 2181 1676 2207 τόδε
1689 2182 1798 2217 ποιῆσαι
1809 2203 1816 2216 ,
1828 2183 1895 2211 ἀλλὰ

264 2224 367 2258 probro
384 2228 503 2251 vacaret.
525 2223 590 2252 Vide
602 2233 677 2260 ergo,
701 2233 766 2253 num
792 2226 817 2253 id
835 2227 923 2261 ipsum
942 2227 1052 2255 disertis

1108 2224 1150 2249 καὶ
1165 2224 1194 2249 τὸ
1206 2223 1333 2250 ἐναντίον.
1359 2224 1555 2260 Ἐνδεχομένων
1578 2225 1606 2253 δὲ
1623 2227 1784 2263 ἀμφοτέρων
1795 2249 1802 2260 ,
1822 2227 1892 2262 οἶδα,

265 2269 340 2296 hisce
352 2269 489 2304 Propheta
513 2271 707 2305 conceptisque
719 2271 809 2298 verbis
827 2272 931 2306 aperiat
946 2281 952 2298 :
971 2281 980 2297 ‹
997 2271 1053 2299 Nec

264 2316 310 2346 sit,
326 2316 372 2351 qui
401 2316 563 2343 misereatur
581 2317 689 2351 pupillis
709 2317 782 2352 ejus,
798 2325 847 2352 pro
862 2325 895 2345 eo
908 2319 980 2352 quod
999 2327 1052 2346 non

263 2365 305 2388 est
339 2362 496 2390 recordatus
530 2362 619 2390 facere
646 2363 870 2391 misericordiam.
903 2364 937 2392 Et
962 2373 1054 2400 perse-

263 2411 344 2435 cutus
370 2413 412 2435 est
442 2408 580 2435 hominem
607 2409 733 2443 inopem,
766 2415 792 2437 et
827 2411 995 2442 mendicum,
1027 2416 1054 2439 et

264 2459 458 2487 compunctum
485 2455 567 2482 corde
598 2456 772 2483 mortiﬁcare.
798 2455 831 2483 Et
845 2457 940 2484 dilexit
967 2458 1052 2485 male-

301 2554 356 2590 (37)
371 2555 830 2594 ‘_Are§é_);€t0._Facilisremendatio
839 2562 890 2590 est,
904 2558 1051 2594 ἐνεδέχετο.

264 2589 321 2616 Hoc
338 2589 410 2616 enim
425 2592 536 2628 verbum
550 2591 583 2618 iis
599 2593 716 2628 maxime
738 2592 771 2619 de
793 2589 1051 2628 rebus'usurpatur.

264 2633 326 2658 qme
343 2629 487 2663 utramque
512 2626 549 2663 inp
562 2632 665 2660 partem
680 2627 710 2659 ἐξ
725 2627 783 2654 ἴσου
804 2629 913 2655 evenire
926 2626 1051 2663 possunt,

264 2664 295 2686 ut
314 2659 395 2691 paulo
412 2666 474 2693 post
487 2659 597 2694 saepius.

299 2694 356 2729 (58)
374 2695 428 2732 Τοῦ
443 2695 620 2732 θανατῶσαι.
636 2697 736 2732 Supple
749 2698 839 2725 ἕνεκα.
855 2698 933 2732 Quod
949 2699 976 2725 in
991 2699 1053 2726 Vul-

263 2734 326 2767 gata
341 2729 422 2767 paulo
437 2731 598 2763 obscurius,
614 2737 638 2759 et
661 2729 845 2767 compunctum
865 2729 942 2760 Eorde
958 2735 1053 2761 morti-

263 2765 353 2803 [ἐι-ατε.
372 2765 464 2803 itaque
478 2771 539 2803 post
557 2767 665 2803 καρδίᾳ,
680 2773 707 2795 et
719 2765 813 2800 'corde,
828 2769 981 2796 adhibenda
997 2770 1053 2796 vir-

263 2800 326 2833 gula
347 2804 388 2826 est
404 2808 410 2826 :
433 2800 604 2839 significatur
620 2800 709 2839 enim.
724 2811 786 2830 eum
809 2804 860 2831 hoc
881 2805 973 2831 animo
988 2812 1051 2839 per-

264 2840 387 2874 secutum
408 2843 468 2875 esse
493 2836 630 2865 hominem
647 2838 740 2866 dolore
757 2839 815 2874 jam
839 2836 1004 2871 confectum",
1026 2849 1054 2873 ιιι

264 2876 289 2897 et
305 2876 384 2898 Vitam
400 2875 525 2906 eriperet.

1106 2269 1146 2294 ὅτι
1161 2268 1223 2296 τάδε
1239 2270 1357 2304 ποιήσει.
1378 2271 1416 2296 Οὐ
1431 2271 1484 2306 γὰρ
1499 2271 1592 2306 ὥσπερ
1605 2273 1619 2298 ό
1631 2273 1694 2304 Θεὸς
1707 2274 1778 2300 είποι
1792 2274 1834 2307 ἂν,
1845 2275 1895 2302 οὐκ

1105 2314 1239 2348 ἐνδέχεται
1252 2315 1327 2341 τόνδε
1338 2315 1398 2341 τινὰ
1414 2316 1458 2342 τὸν
1471 2316 1614 2352 ἄνθρωπον
1627 2318 1737 2353 πτῆναι,
1749 2319 1819 2346 οὕτω
1828 2329 1896 2356 χρη-

1106 2360 1184 2394 σμὸν,
1203 2360 1269 2395 φέρε
1297 2361 1394 2392 εἰπεῖν,
1413 2362 1476 2397 περί
1492 2371 1562 2394 τινος
1587 2363 1674 2395 διδοὺς
1698 2365 1769 2400 ἐρεῖ,
1785 2365 1826 2392 ὅτι
1845 2367 1895 2393 οὐκ

1105 2405 1239 2440 ἐνδέχεται
1257 2406 1330 2432 τόνδε
1349 2409 1529 2444 σωφρονῆσαι.
1547 2410 1666 2444 Δύναμις
1680 2411 1729 2445 μὲν
1740 2412 1794 2447 γὰρ
1805 2412 1893 2447 πάντη

1104 2451 1154 2477 οὐκ
1169 2450 1226 2478 ἔστι
1240 2451 1287 2478 τοῦ
1301 2452 1401 2488 πτῆναι
1418 2454 1543 2490 οὐδαμῶς
1555 2456 1583 2481 ὲν
1593 2455 1632 2491 τῷ
1644 2456 1789 2492 ἀνθρώπῳ,
1816 2458 1894 2485 δύνα-

1140 2562 1194 2597 (59)
1214 2563 1268 2590 Τοῦ
1282 2561 1368 2590 εἶναι.
1383 2563 1576 2593 Subobscurus
1589 2566 1674 2594 locus.
1696 2567 1737 2593 An
1761 2569 1890 2597 mutanda

1104 2596 1243 2638 distinctio
1260 2602 1320 2638 _est,
1343 2602 1370 2626 et.
1395 2599 1448 2638 rei?
1462 2598 1544 2638 eivar
1562 2609 1623 2628 etim
1646 2602 1828 2638 ἐνδεχομένων
1853 2604 1889 2632 ita

1104 2633 1327 2673 construendum,
1353 2638 1383 2661 ut
1398 2635 1596 2673 _sul)intelligas
1619 2633 1772 2673 xapwnvel
1791 2639 1890 2671 ἓνεκας

1104 2667 1144 2693 Αη
1170 2668 1207 2709 ita
1232 2668 1322 2711 potius
1345 2670 1513 2711 ~ordinan_da_
1534 2667 1687 2711 sei-tentia?
1722 2674 1750 2700 Ὀ
1762 2673 1828 2711 Θεὸς

1104 2702 1257 2743 προγνώσει
1278 2703 1370 2743 αὐτοῦ,
1393 2707 1422 2731 ὲν
1445 2705 1518 2743 αὐτῷ
1530 2706 1561 2743 τὸ
1581 2706 1678 2743 ἀληθὲς
1695 2702 1891 2743 προγινώσκων

1103 2735 1149 2763 τοῦ
1165 2735 1238 2776 εἶναι
1262 2738 1314 2776 τῷν
1336 2748 1481 2776 προειρημ.
1504 2735 1589 2776 ἓνδεχ.
1612 2735 1635 2768 δῖ
1653 2735 1743 2776 γεγον.
1755 2735 1799 2770 Ὰιι
1816 2735 1891 2771 deni-

1103 2780 1165 2807 que,
1190 2773 1236 2800 τοῦ
1264 2772 1341 2801 εἶναι
1357 2772 1491 2809 sun-titur,
1506 2772 1579 2811 ipro'
1591 2776 1639 2803 τοῦ
1658 2772 1760 2811 13mg,
1783 2779 1823 2806 vel
1843 2779 1890 2806 τοῦ

1104 2811 1252 2851 ἐσομένου
1283 2814 1464 2851 πράγματος,
1504 2810 1602 2846 Elige;
1635 2816 1803 2847 postremum
1839 2815 1890 2842 hoc

1106 2849 1200 2877 malui.
1247 2874 1249 2877 ί
