2063 3211
169 196 222 225 493

749 198 910 226 ΡΒΕΡΑΒ.
931 199 1058 228 EVANG.
1081 199 1144 228 LIB.
1166 199 1209 228 Vl.

1746 186 1799 226 tat

169 266 216 292 μις
235 255 264 284 δέ
290 258 348 285 ἐστι
372 257 417 285 τοῦ
437 259 609 295 σωφρονῆσαι
627 260 674 286 καὶ
695 258 742 286 τοῦ
759 260 955 296 ἀκολαστῆσαι.

1009 260 1165 294 dictionem,
1196 265 1223 288 et
1242 259 1331 287 veniet
1355 258 1399 286 ei:
1416 263 1443 286 et
1459 257 1547 285 noluit
1570 256 1799 288 benedictionem,

167 299 218 330 'Dv
228 304 392 340 ἀμφοτέρων
408 305 549 340 δυνάμεων
566 306 757 340 ὑπαρχουσῶν,
778 307 793 332 ὁ
817 306 853 341 μὴ
877 315 961 342 προσ-

168 349 238 384 έχων
260 350 350 385 λόγοις
376 352 576 387 ὲπιτρεπτικοῖς
596 353 643 378 καὶ
665 353 846 384 παιδευτικοῖς
866 352 960 378 ἑαυτὸν

169 395 307 422 ἐπιδίδωσι
329 397 361 432 τῇ
386 397 525 433 χειρίστῃ*
543 398 677 433 κρείττονι
701 398 729 424 δὲ
753 398 766 424 ὁ
790 398 910 433 ζητήσας
932 397 961 424 τὸ

167 441 278 476 ἀληθὲς,
293 442 340 468 καὶ
355 442 451 477 βιῶσαι
469 442 666 478 βεϐουλημένος
685 444 745 470 κατ’
765 444 840 470 αὑτό.
859 445 896 470 Οὐ
914 444 961 479 ζη-

167 488 246 514 τεῖδὲ
262 488 304 514 665
327 489 376 523 μὲν
395 489 499 525 τάληθῆ
513 509 520 521 ,
536 491 597 516 ἐπεὶ
610 490 753 526 ἐπιρρέπει
771 491 816 516 ἐπὶ
837 490 885 526 τὴν
901 491 962 525 ήδο-

167 535 227 570 νὴν,
246 534 288 561 ὅδε
307 535 335 561 δὲ
352 535 472 567 ἐξετάζει
494 536 557 571 περὶ
573 536 677 568 αὐτῶν,
696 537 814 573 αἱρεθεὶς
841 537 892 564 ὑπὸ
908 537 961 563 τῶν

167 579 265 607 κοινῶν
276 580 395 611 ἐννοιῶν,
410 589 457 607 και
469 581 548 615 λόγου
566 582 775 618 προτρεπτικοίλ
791 582 875 609 Πάλιν
892 582 914 609 δ’
927 580 960 608 αὖ

167 625 211 652 ὅδε
226 626 275 661 μὲν
288 628 406 662 αἱρεῖται
421 627 470 663 τὴν
481 628 587 663 ἡδονὴν,
600 629 659 664 οὐχὶ
672 629 702 655 οὺ
725 629 873 665 δυνάμενος
889 630 963 656 ἀντι-

168 670 278 698 sum,
291 672 370 707 αὐτῇ,
386 672 441 699 ἀλλ’
455 673 506 699 οὐκ
529 674 729 709 ἀγωνιζόμενος
741 683 747 689 ·
771 674 813 701 ὅδε
835 674 862 701 δὲ
879 684 962 701 κατα-

168 719 263 752 φρονεῖ
277 718 372 753 αὐτῆς,
388 719 419 745 τὸ
432 718 555 754 ἄσχημον
572 720 644 754 ὀρῶν
658 720 687 746 τὸ
704 721 732 747 ἐν
754 721 821 756 αὐτῇ
835 720 963 752 πολλάκις

167 763 311 798 τυγχάνον.
331 765 391 791 Ὀτι
407 765 497 799 μέντοι
509 775 539 800 γε
555 767 571 801 ἡ
585 766 737 801 πρόγνωσις
758 767 805 792 τοῦ
825 767 891 793 Θεοῦ
913 767 962 793 οὐκ

168 808 291 844 ἀνάγκην
307 809 443 844 ἐπιτίθησι
453 811 508 841 τοῖς
523 811 588 846 περὶ
602 807 638 837 ὧν
650 810 809 845 κατείληφε,
824 811 891 846 πρὸς
906 813 962 843 τοῖς

168 855 430 890 προειρημένοιςκαὶ
437 855 515 882 τοῦτο
523 856 637 889 λέξεται,
646 857 686 883 ὅτι
694 857 826 892 πολλαχοῦ
833 857 885 884 τῶν
893 858 963 892 Γρα-

168 899 226 935 φῶν
237 900 303 932 Θεὸς
314 901 418 927 κελεύει
427 902 489 934 τοὺς
498 901 640 937 προφήτας
651 903 798 938 κηρύσσειν
807 903 961 938 μετάνοιαν,

168 946 199 972 οὐ
217 949 471 982 προσποιησάμενος
492 947 549 983 (40)
572 947 602 974 τὸ
628 948 786 982 ἐγνωκέναι,
810 949 924 984 πότερον
936 950 961 975 οἰ
979 938 998 965 Β

167 991 333 1024 ἀκούσαντες
346 993 567 1028 ἐπιστρέψωσιν,
583 994 599 1029 ἢ
613 996 668 1026 τοῖς
682 995 879 1030 ἁμαρτήμασιν
901 995 963 1021 ἐαυ-

166 1037 222 1064 τῶν
239 1038 413 1073 ἐμμενοῦσιν.
440 1040 545 1075 Ὥσπερ
573 1041 603 1066 ὲν
626 1039 665 1074 τῷ
694 1040 813 1076 Ἱερεμίᾳ
834 1040 958 1074 λέγεται·

170 1092 180 1108 ι
198 1084 278 1115 Ἴσως
303 1085 481 1117 ἀκούσονται,
509 1086 556 1112 καὶ
573 1086 793 1121 μετανοήσουσιν.
822 1097 830 1113 I
857 1088 894 1114 Οὐ
908 1087 962 1124 γὰρ

168 1128 274 1162 ἀγνοῶν
289 1129 303 1155 ὀ
326 1129 538 1166 Θεὺςγπότερον
561 1132 722 1158 ἀκούσουσιν
746 1133 762 1168 ἢ
794 1132 842 1165 οὗ,
861 1134 960 1169 φησίν·

170 1174 250 1206 Ἴσως
265 1174 434 1207 ἀκούσονται,
452 1177 498 1203 καὶ
512 1179 722 1212 μετανοήσουσιν
732 1187 738 1192 ·
759 1178 815 1205 ἀλλ’
837 1180 916 1206 οἱονεὶ
932 1180 962 1206 τὸ

169 1219 322 1247 ἰσοστάσιον
345 1221 399 1248 τῶν
414 1222 554 1257 δυνάμεων
569 1224 695 1257 γενέσθαι
725 1224 831 1256 δεικνὺς
855 1225 886 1251 ἐκ
909 1226 961 1252 τῶν

168 1265 334 1301 λεγομένων,
350 1267 393 1294 ἵνα
416 1269 470 1304 μή,
491 1269 785 1305 προκατηγγελμένηή
809 1272 961 1306 πρόγνωσις

168 1311 275 1344 αὐτοῦ,
303 1318 468 1341 καταπεσεῖν
493 1316 593 1352 ποιήσῃ
607 1317 669 1347 τοὺς
698 1316 854 1349 ἀκούοντας,
883 1317 961 1350 δόξαν

168 1358 293 1394 ἀνάγκης
315 1360 487 1394 παριστᾶσα,
511 1360 548 1392 ὡς
563 1361 612 1387 οὐκ
637 1362 713 1394 ᾄντος
740 1363 782 1388 ἐπ’
804 1363 895 1395 αὐτοῖς
914 1363 960 1390 τοῦ

167 1402 343 1438 ἐπιστρέψαι,
359 1405 406 1430 καὶ
423 1404 492 1440 αὕτη
509 1405 583 1431 αἰτία
596 1406 707 1441 γένηται
724 1407 779 1441 (41)
802 1407 855 1433 τῶν
872 1409 961 1443 ἁμαρ-

167 1449 298 1483 τημάτων
308 1458 314 1464 ’
335 1449 351 1484 ἥ
367 1450 446 1476 πάλιν
462 1453 517 1482 τοῖς
532 1452 564 1477 ἐκ
577 1451 623 1477 τοῦ
645 1453 751 1486 ἀγνοεῖν
771 1453 800 1479 τὸ
820 1462 960 1488 προεγνω-

167 1495 268 1529 σμένον
282 1496 364 1522 καλὸν
376 1496 533 1532 δυναμένοις
544 1499 573 1524 ἐν
590 1498 628 1533 τῷ
642 1498 837 1533 ἀγωνίσασθαι,
851 1500 898 1526 καὶ
915 1501 961 1526 ἀν-

165 1541 293 1568 τιτείνειν
310 1543 377 1578 πρὸς
394 1543 442 1579 τήν
458 1544 556 1570 κακίαν
569 1545 598 1570 ἐν
615 1546 699 1580 ἀρετῇ
713 1544 818 1579 βιῶσαι,
836 1545 909 1572 αἰτία
919 1547 961 1580 γέ-

1011 312 1037 335 et
1058 308 1228 343 elongabitur
1245 307 1279 334 ab
1297 313 1330 333 eo
1342 305 1374 332 ".
1404 314 1413 331 ι
1445 303 1492 331 Sin
1519 308 1610 331 autem
1642 302 1709 330 illud
1729 302 1798 329 idem

1011 354 1083 389 quod
1095 354 1208 380 omnino
1225 353 1347 379 futurum
1360 351 1470 384 dicitur,
1483 351 1520 377 ita
1536 350 1610 384 quis,
1627 354 1708 385 prout
1723 356 1800 376 asse-

1013 400 1160 427 verationis
1185 399 1267 434 hujus
1294 397 1457 432 signiﬁcatio
1484 396 1620 431 postulat,
1649 394 1798 430 intelliget.

1012 446 1092 481 quasi
1122 446 1244 472 futurum
1271 445 1307 472 sit
1338 444 1405 471 illud
1429 443 1550 478 quidem,
1575 447 1702 470 caeterum
1721 442 1800 469 aliter

1012 492 1094 519 etiam
1109 491 1218 518 evenire
1242 490 1378 524 potuisset
1399 498 1406 515 :
1430 489 1456 515 id
1470 494 1598 523 tanquam
1616 495 1711 515 verum
1728 487 1800 514 ultro

1013 538 1141 565 fatemur.
1158 537 1226 564 Nam
1246 542 1275 564 ut
1288 537 1396 564 mentiri
1413 536 1484 564 Deus
1500 536 1611 571 fallique
1627 543 1682 562 non
1699 539 1799 570 potest,

1013 585 1049 611 ita
1066 592 1126 619 qua
1140 584 1198 611 ﬁeri
1212 590 1290 617 teque
1308 590 1339 610 ac
1352 591 1406 610 non
1420 583 1477 609 tieri
1491 586 1618 617 possunt,
1632 582 1727 609 eadem
1742 581 1800 616 ipse

1013 630 1103 657 futura
1120 622 1202 657 nosse
1218 629 1329 664 pariter,
1346 633 1393 656 aut
1406 636 1460 655 non
1478 628 1569 655 futura
1583 633 1680 662 potest.
1698 626 1799 655 Verum

1012 676 1160 703 dilucidius
1176 676 1227 702 bac
1244 675 1277 702 de
1292 683 1320 702 re
1343 674 1417 702 hunc
1443 675 1469 702 in
1497 674 1607 701 modum
1636 678 1801 701 statuemus.

1014 721 1041 749 Si
1059 721 1139 748 Petro
1152 721 1251 748 similis
1267 721 1407 756 apostolus
1418 719 1502 748 ludas
1516 728 1577 747 esse
1591 724 1692 754 potest,
1710 723 1803 754 potest

1013 768 1094 794 etiam
1110 767 1182 794 Deus
1196 766 1294 794 ludam
1312 766 1468 801 apostolum
1495 765 1575 793 Petro
1595 765 1711 792 similem
1727 763 1801 791 futu-

1013 822 1074 841 rum
1092 821 1269 849 cognoscere.
1287 812 1428 841 Similiter.
1448 811 1471 838 si
1495 811 1617 846 proditor
1639 810 1723 838 Judas
1740 817 1802 838 esse

1014 865 1113 895 potest,
1130 864 1218 895 potest
1234 867 1343 894 quoque
1358 858 1430 885 Deus
1446 858 1520 885 illum
1536 865 1617 885 nosse
1634 857 1801 892 proditorem

1015 906 1151 934 futurum.
1178 905 1237 932 Jam
1256 905 1279 932 si
1296 912 1325 932 re
1340 905 1397 940 ipsa
1410 905 1534 940 proditor
1548 903 1633 931 Judas
1648 904 1709 937 erit,
1730 902 1802 930 Deus
1849 910 1851 912 '

1014 960 1090 983 sane,
1106 952 1152 986 qui
1171 956 1319 986 utrumque
1344 951 1410 978 illud
1428 950 1583 986 ﬁeriposse
1605 949 1749 985 przenovit,
1771 952 1802 976 ut

1012 997 1051 1024 rei
1067 997 1202 1032 cujusque
1216 997 1357 1024 veritatem
1373 996 1401 1024 in
1416 1004 1446 1024 se
1463 996 1522 1031 ipso
1534 996 1690 1031 praznoscit,
1706 996 1743 1023 ita
1753 994 1803 1023 Ju-

1012 1042 1074 1070 dem
1090 1050 1119 1069 re
1134 1042 1192 1077 ipsa
1208 1041 1376 1077 proditorem
1400 1042 1525 1068 futurum
1556 1044 1720 1076 prmrtoscet,
1737 1047 1801 1067 cum

1012 1090 1115 1117 interea
1142 1089 1215 1124 quod
1239 1096 1302 1116 eum
1320 1089 1347 1116 in
1366 1088 1477 1115 modum
1496 1087 1646 1122 cognoscit,
1664 1087 1744 1114 aliter
1766 1094 1801 1114 ex

1013 1143 1073 1163 sese
1089 1134 1198 1162 evenire
1214 1139 1316 1170 posset.
1342 1134 1435 1169 Itaque
1459 1141 1512 1160 non
1541 1133 1678 1160 immerito
1701 1132 1801 1160 divina:

1011 1181 1172 1216 praenotioni
1186 1180 1320 1215 ejusmodi
1330 1180 1418 1210 oratio
1431 1180 1566 1207 tribuatur
1579 1189 1585 1206 :
1597 1179 1727 1207 Accidere
1739 1186 1800 1206 om-

1012 1229 1078 1255 nino
1091 1231 1188 1262 potest,
1203 1227 1242 1254 uti
1260 1228 1311 1254 hoc
1328 1227 1362 1254 ab
1377 1227 1429 1254 isto
1444 1226 1506 1259 ﬁat;
1522 1234 1571 1253 nec
1588 1226 1679 1253 minus
1696 1230 1799 1257 tamen,

1012 1273 1050 1300 uti
1065 1272 1233 1300 contrarium
1248 1282 1254 1299 :
1268 1280 1318 1307 ego
1335 1279 1412 1305 vero,
1425 1280 1487 1299 cum
1502 1271 1559 1299 ﬁeri
1574 1276 1721 1307 utrumque
1736 1280 1801 1308 pos-

1012 1320 1056 1352 sit,
1073 1319 1187 1346 alterum
1203 1319 1255 1346 hoc
1269 1318 1392 1345 futurum
1412 1318 1487 1344 novi.
1512 1317 1605 1353 Neque
1625 1319 1698 1346 enim
1717 1318 1799 1351 Deus,

1012 1365 1241 1400 quemadmodum
1257 1370 1284 1391 ut
1299 1369 1392 1392 certus
1408 1365 1451 1392 hic
1474 1365 1557 1392 homo
1573 1365 1654 1397 volet,
1670 1365 1727 1392 ﬁeri
1744 1373 1799 1392 non

1012 1419 1093 1446 posse
1109 1412 1280 1446 pronuntiat,
1297 1411 1332 1438 ita
1347 1411 1460 1446 perinde
1485 1418 1517 1438 ac
1541 1411 1565 1438 si
1591 1411 1681 1447 aliqua
1706 1411 1743 1439 de
1770 1418 1800 1438 re

1011 1458 1152 1485 oraculum
1169 1459 1271 1490 ederet,
1287 1458 1360 1484 hunc
1373 1462 1419 1484 aut
1437 1457 1513 1484 illum
1529 1461 1724 1492 temperantem
1739 1457 1799 1485 ﬁeri

1011 1513 1093 1540 posse
1114 1511 1204 1541 negat.
1219 1505 1286 1532 Nam
1305 1514 1366 1533 cum
1380 1507 1453 1533 nulla
1470 1514 1584 1541 prorsus
1600 1506 1632 1534 ad
1649 1506 1798 1534 velandum

1012 1551 1141 1578 facultate
1157 1552 1306 1579 instructus
1318 1552 1401 1587 289
1415 1552 1496 1579 homo
1512 1552 1557 1584 sit,
1571 1552 1692 1587 ejusdem
1707 1556 1799 1579 tamen

166 1596 249 1624 νηται
272 1589 289 1623 ἡ
304 1589 457 1624 πρόγνωσις
473 1590 619 1623 ἐκλύσεως,
632 1591 682 1617 οὐκ
699 1591 738 1617 ἔτι
752 1592 866 1623 εὐτόνως
884 1593 957 1619 ἱστα-

1017 1597 1159 1631 potestatis
1175 1602 1227 1630 est,
1252 1597 1293 1624 vel
1317 1602 1500 1632 temperanter
1523 1598 1565 1625 vel
1588 1598 1800 1632 intemperanter

168 1633 263 1668 μένοις
276 1635 346 1661 κατὰ
361 1635 410 1670 τῆς
422 1636 568 1670 ἁμαρτίας,
586 1637 623 1668 ὡς
639 1637 747 1669 πάντως
768 1638 897 1673 ἐσομένου
911 1639 958 1665 τοῦ

167 1681 381 1716 προειρημένου.
396 1682 451 1708 Καὶ
464 1682 533 1709 οὕτω
546 1682 599 1717 γὰρ
610 1680 664 1712 οἷον
674 1683 801 1718 ἐμπόδιον
816 1684 913 1718 γένοιτ’
926 1684 959 1711 ἃν

167 1725 185 1760 ἡ
202 1725 356 1760 πρόγνωσις
368 1726 414 1753 τοῦ
429 1727 557 1762 ἐσομένου
573 1727 665 1754 καλοῦ.
682 1728 773 1754 Πάντα
787 1729 851 1762 γοῦν
865 1730 960 1765 χρησί-

169 1780 229 1807 μως
240 1773 255 1798 ὁ
267 1772 334 1804 Θεὸς
349 1773 382 1800 τὰ
398 1774 468 1800 κατὰ
481 1774 525 1800 τὸν
543 1775 643 1808 κόσμον
659 1775 807 1809 οἰκονομῶν
817 1796 824 1807 ,
842 1776 959 1809 εὐλόγως

167 1818 243 1852 ἡμᾶς
257 1820 306 1845 καὶ
318 1819 387 1855 πρὸς
398 1820 432 1847 τὰ
450 1821 580 1855 μέλλοντα
596 1821 759 1855 ἐτύφλωσεν.
779 1823 810 1848 'H
820 1822 873 1858 γὰρ
890 1822 960 1856 γνῶ-

167 1870 212 1894 σις
226 1863 317 1890 αὐτῶν
335 1865 420 1899 ἀνῆκε
438 1866 486 1900 μὲν
503 1867 575 1900 ἡμᾶς
589 1867 643 1892 ἀπὸ
660 1866 707 1892 τοῦ
722 1866 812 1893 ἀθλεῖν
829 1867 899 1893 κατὰ
910 1868 958 1903 τῆς

166 1908 279 1941 κακίας,
298 1910 429 1945 ἐπέτρεψε
446 1911 468 1937 δ’
478 1911 509 1937 ἂν
522 1911 620 1943 δόξασα
635 1912 822 1947 κατειλῆφθαι,
837 1913 906 1948 πρὸς
916 1913 957 1944 τὸ,

167 1954 208 1990 μὴ
221 1954 467 1988 ἁντιπαλαισαντας
486 1958 559 1992 ἡμᾶς
574 1959 607 1993 τῇ
625 1958 761 1994 ἁμαρτίᾳ,
779 1959 871 1993 τάχιον
888 1960 956 1994 αὐτῇ

166 2000 341 2036 ὑποχειρίους
358 2002 493 2036 γενέσθαι.
516 2003 591 2038 Ἅμα
613 2004 641 2030 δὲ
660 2004 707 2030 καὶ
731 2004 882 2039 μαχόμενον
902 2004 957 2040 (42)

165 2046 328 2082 ἐγίνετο.τῷ
342 2048 422 2075 καλὸν
439 2049 485 2075 καὶ
500 2049 600 2083 ἀγαθὸν
621 2050 748 2083 γενέσθαι
771 2050 833 2076 τινὰ
857 2050 886 2076 τὸ
910 2050 958 2086 τὴν

165 2093 323 2128 πρόγνωσιν
349 2094 506 2129 ἐληλυθέναι
533 2097 572 2127 εἰς
587 2096 661 2122 τόνδε
686 2096 762 2129 τινὰ,
785 2097 825 2123 ὃτι
850 2097 958 2129 πάντως

165 2138 244 2165 ἐσται
256 2139 366 2174 ἀγαθός.
382 2140 454 2176 Πρὸς
469 2140 509 2173 οἷς
525 2142 579 2177 γὰρ
589 2141 685 2177 ἔχομεν
704 2142 769 2177 (45),
785 2142 833 2169 καὶ
846 2143 958 2178 σφοδρὸ-

203 2195 227 2211 ³⁷
242 2195 316 2223 Psal.
335 2204 411 2229 cvtn,
425 2197 469 2224 ιε.

203 2252 261 2289 (ιο)
277 2254 318 2280 οὐ
333 2255 623 2290 προσποιησάμενος.
640 2255 760 2283 Gallicus
784 2256 865 2283 etiam
884 2256 954 2283 idio-

163 2289 267 2328 tismus
282 2294 340 2328 est,
359 2298 390 2316 ne
405 2289 505 2328 [uisant
527 2299 573 2328 pas
585 2291 955 2328 sentblant,quoeratinitas

163 2324 259 2351 minus
282 2324 398 2358 patitur;
420 2325 494 2352 aliud
509 2326 580 2352 enim
605 2331 655 2357 est,
673 2335 723 2352 non
739 2324 835 2353 simulo
850 2335 890 2353 me
906 2336 955 2354 au-

162 2359 232 2391 dire,
249 2358 334 2392 aliud,
351 2359 447 2386 simula
463 2368 503 2386 me
526 2369 576 2387 non
594 2361 697 2394 audire,
711 2361 763 2388 hoc
785 2366 836 2394 est,
859 2363 952 2389 audire

164 2401 206 2420 me
219 2393 371 2422 dissimula.
391 2395 426 2421 At
443 2394 545 2422 Graecis
559 2393 697 2430 Gallisque
713 2396 824 2430 perinde
839 2402 891 2427 est.
905 2406 953 2424 seu

163 2430 345 2465 praeminatur
377 2431 502 2465 negatio,
536 2439 582 2457 seu
613 2435 813 2465 consequatur.
846 2433 952 2459 tametsi

162 2464 246 2498 longe
255 2465 356 2499 saepius
369 2465 495 2499 praemitti
509 2465 602 2493 Grzece
615 2464 798 2493 consueverit.
816 2466 951 2494 Interdum

161 2500 500 2535 verat-mpoanme‘t'crilat,
523 2500 699 2533 ὲλλειπτικῶς
727 2507 891 2535 usurpatur,
923 2508 953 2529 ut

162 2533 239 2572 ἕψειᾴ
252 2533 426 2572 Βεείιιοειὴου.
450 2535 503 2562 Pro
517 2544 604 2562 coron.
622 2544 630 2562 :
648 2537 717 2571 Ὅρα
731 2536 766 2571 μὴ
785 2533 892 2572 τούτων
903 2537 951 2572 μὲν

162 2564 261 2606 ξῇθρὺς
277 2564 322 2604 ᾖς.
338 2570 399 2605 ἐμοὶ
424 2571 453 2606 δὲ
469 2572 618 2606 προσποιῇ,
636 2564 856 2605 subintelligitur,
870 2564 949 2599 εἶναι.

162 2601 232 2643 Iuni:
247 2601 372 2632 ad'i-erau's
393 2601 564 2637 Escln‘item,
580 2601 625 2640 qui
642 2615 664 2643 ar
675 2601 832 2633 liberalibus
850 2607 951 2643 doctri—

162 2639 207 2665 nis
224 2639 374 2674 imparatns
390 2649 451 2667 cum
468 2645 549 2671 esset,
569 2639 666 2668 eruditi
688 2650 786 2669 nomen
805 2646 832 2668 et
848 2641 948 2669 famam

161 2674 319 2701 ambiebat:
334 2676 395 2712 Τοῖς
419 2676 450 2712 ,δὲ
483 2676 668 2712 ἀπολειφθεῖσι
686 2677 753 2711 μὲν,
783 2676 877 2712 ὥσπερ
897 2678 948 2708 σοὶ,

159 2710 442 2747 προσποιουμένοιςῶ
460 2711 505 2737 ὑπ’
520 2712 707 2747 ἀναισθησίας,
722 2711 751 2737 τὸ
763 2713 825 2743 τοὺς
840 2710 950 2738 ἀκούον-

159 2752 210 2775 τας
224 2744 317 2781 ἀλγεῖν
333 2747 429 2776 ποιεῖν,
447 2747 510 2772 ὅταν
529 2744 643 2781 λέγωσιν
654 2766 660 2778 ,
675 2747 705 2772 οὺ
719 2747 749 2772 τὸ
762 2747 848 2773 δοκεῖν
861 2747 949 2774 τοιού-

158 2787 222 2816 τοις.
232 2778 304 2816 εἶναι
320 2781 470 2816 περίεστιν.

197 2814 255 2850 (ﬂ)
271 2814 511 2851 Αὶζίαήγένηται,
529 2822 580 2844 etc.
597 2817 675 2843 Αἰτία
698 2817 743 2844 hic
763 2817 872 2844 occasio
894 2822 946 2850 est,

303 2850 488 2892 Porro~alélav
502 2853 548 2885 ait,
567 2860 621 2879 non
636 2852 758 2879 absolute
771 2852 817 2892 τοῦ
834 2852 946 2895 μὴιὲπι-

161 2893 211 2911 στο
249 2893 288 2911 αι.
305 2886 352 2911 sed
364 2895 418 2911 των
434 2888 647 2911 ἁμαρτημάτων.
668 2886 721 2911 Nec.
738 2895 809 2911 enim
825 2890 880 2911 lteri
898 2896 946 2911 nn—

161 2859 233 2911 αφορ
257 2859 286 2886 η.
303 2859 389 2878 rorro
401 2859 488 2878 αιτιαν
502 2859 548 2885 alt,
567 2860 621 2879 non
636 2859 758 2879 ausclute
771 2861 817 2878 του
836 2859 873 2887 μη
886 2859 946 2879 επι-

161 2893 211 2919 στρ
228 2859 288 2920 erat,
305 2886 418 2923 sedjtt'bv
434 2888 647 2923 ἁμαρτημάτων.
661 2886 721 2923 Nec
738 2888 809 2914 enim
825 2889 880 2914 lieri
898 2896 947 2923 po-

161 2924 227 2953 test,
246 2925 274 2947 ut
289 2921 361 2956 quod
378 2922 444 2949 mihi
466 2921 634 2950 Deus'certo
655 2922 776 2949 futurum
792 2921 905 2958 aperiat,
920 2924 946 2950 id

1011 1643 1113 1670 vivere.
1128 1642 1166 1669 lta
1182 1651 1244 1670 cum
1272 1650 1417 1678 utramque
1441 1643 1597 1671 facultatem
1626 1643 1734 1676 habeat,
1751 1643 1799 1678 qui

1010 1688 1213 1716 cohortationes
1239 1694 1265 1716 et
1289 1689 1421 1716 doctrina).
1434 1694 1569 1724 praecepta
1584 1689 1707 1724 negligit,
1722 1689 1798 1717 dete-

1010 1734 1075 1761 riori
1095 1742 1155 1762 sese
1173 1735 1321 1769 permittit;
1338 1736 1384 1770 qui
1406 1736 1468 1763 vitae
1483 1736 1515 1762 ad
1539 1735 1660 1763 veritatis
1671 1743 1798 1762 normam

1009 1780 1147 1814 exigendm
1160 1781 1261 1812 studio,
1278 1781 1305 1807 in
1318 1781 1376 1816 ejus
1394 1780 1568 1816 indagatione
1580 1785 1715 1813 versatur,
1727 1780 1749 1808 is
1764 1780 1798 1808 ad

1010 1827 1150 1852 meliorem
1169 1834 1230 1853 sese
1255 1826 1390 1861 adjungit.
1408 1827 1554 1859 (Steterunt,
1579 1826 1652 1862 quod
1670 1827 1739 1854 alter
1764 1827 1799 1853 de

1009 1871 1239 1906 veroindagando
1258 1874 1348 1898 minus
1364 1872 1480 1902 laboret,
1497 1872 1644 1906 voluptatis
1671 1871 1697 1898 id
1723 1872 1799 1906 cupi-

1009 1916 1094 1944 ditate
1115 1918 1162 1950 tit;
1181 1917 1248 1944 alter
1263 1925 1339 1950 vero,
1357 1918 1429 1952 quod
1443 1918 1503 1953 ejus
1518 1918 1610 1945 studio
1632 1925 1798 1953 magnopere

1010 1967 1145 1994 teneatur,
1173 1963 1225 1990 hoc
1252 1967 1326 1990 certo
1346 1963 1464 1998 quodam
1490 1964 1658 1999 proprioque
1681 1964 1797 1992 consilio

1008 2008 1083 2041 facit,
1103 2009 1136 2035 ad
1151 2009 1224 2043 quod
1240 2009 1337 2043 partim
1363 2009 1422 2044 ipsa
1441 2010 1551 2036 notione
1568 2018 1706 2045 sensuque
1721 2017 1797 2037 com-

1010 2054 1097 2086 muni,
1112 2054 1210 2088 partim
1227 2054 1418 2081 cohortatione
1441 2054 1574 2081 adductus
1593 2059 1645 2082 est.
1660 2055 1796 2082 Praeterea

1008 2101 1173 2135 voluptatem
1191 2100 1261 2127 alter
1279 2108 1332 2128 non
1348 2108 1380 2127 eo
1393 2101 1595 2135 complectitur,
1607 2101 1682 2136 quod
1695 2101 1794 2128 adver-

1009 2154 1056 2174 sus
1071 2155 1130 2174 eam
1147 2147 1296 2175 consistere
1309 2152 1436 2182 nequeat,
1449 2147 1495 2175 sed
1509 2147 1581 2182 quod
1595 2155 1718 2183 pugnare
1727 2155 1790 2175 cum

1008 2259 1097 2294 ipsum
1116 2263 1256 2294 propterea
1278 2266 1330 2285 non
1348 2259 1470 2292 eveniat,
1493 2259 1566 2294 quod
1582 2264 1656 2286 certo
1672 2259 1794 2286 futurum

1008 2295 1152 2329 aperuerit.
1166 2294 1227 2320 Haec
1239 2294 1309 2320 enim
1325 2294 1377 2320 τῶν
1392 2294 1617 2329 ὰντιμαχομένων
1634 2294 1717 2322 ἐστίν.

1044 2329 1099 2364 (42)
1115 2330 1187 2363 Ἅμα
1202 2328 1235 2354 δὲ
1247 2329 1296 2355 καὶ
1313 2328 1500 2363 μαχόμενον(
1511 2328 1608 2364 Negari
1626 2337 1680 2357 non
1696 2334 1794 2364 potest,

1007 2365 1072 2400 quin
1090 2364 1346 2400 hociduriusculum
1362 2365 1414 2397 sit;
1433 2365 1505 2396 imo,
1521 2365 1544 2392 si
1560 2365 1631 2392 absit
1645 2364 1794 2400 ὑπερϐολή,

1007 2399 1117 2426 falsum.
1130 2399 1340 2435 rTantumrenim
1365 2400 1451 2435 abest,
1469 2404 1498 2426 ut
1514 2400 1571 2427 inec
1590 2400 1644 2426 duo
1664 2399 1792 2435 pugnent,

1008 2440 1037 2461 ut
1051 2434 1192 2461 manifesta
1209 2434 1300 2470 potius
1314 2434 1452 2469 ἀντιλογία
1469 2435 1518 2465 sit,
1535 2435 1634 2470 aperiri
1651 2434 1793 2467 divinitus,

1006 2469 1046 2495 ὅτι
1074 2469 1183 2505 πάντως
1207 2468 1421 2505 ἕσται-ἁγαθός,
1439 2475 1466 2496 et
1491 2468 1579 2497 tamen
1604 2469 1679 2497 illum
1703 2471 1793 2505 ipsum

1006 2505 1054 2530 οὐκ
1079 2503 1180 2540 ἀγαθὸν
1209 2503 1343 2537 γενέσθαι.
1372 2505 1424 2531 Sed
1452 2505 1521 2532 ratio
1546 2512 1627 2540 quam
1653 2503 1794 2540 subiungit

1005 2540 1156 2566 molliorem
1174 2539 1422 2572 interpretationem
1437 2541 1548 2574 patitur,
1556 2539 1626 2568 lcum
1642 2548 1674 2567 ea
1686 2545 1791 2568 tantum

1006 2574 1090 2600 futuri
1108 2574 1274 2607 cognitione,
1290 2574 1344 2601 vim
1357 2579 1384 2601 et
1399 2576 1601 2602 contentionem
1617 2575 1701 2602 animi
1717 2576 1793 2603 debi~

1005 2609 1110 2636 litatum
1137 2609 1169 2635 iri
1195 2608 1343 2643 signiﬁcet;
1359 2610 1448 2644 quod,
1464 2610 1496 2636 τό
1511 2618 1543 2644 γε
1560 2609 1685 2642 καθόλου,
1702 2615 1730 2638 et
1744 2619 1792 2638 vc-

1005 2645 1145 2684 rissimum
1163 2648 1214 2674 est,
1229 2647 1256 2669 et
1272 2649 1427 2672 sanctorum
1443 2645 1553 2673 Patrum
1566 2653 1613 2673 ore
1627 2645 1792 2680 frequentis-

1004 2687 1115 2706 sunum.

1040 2714 1094 2749 (65)
1119 2714 1197 2750 Πρὸς
1218 2712 1264 2747 οἷς
1280 2714 1335 2748 γὰρ
1358 2714 1477 2749 ἔχομεν.
1497 2715 1601 2750 Integer
1628 2716 1706 2744 locus
1729 2721 1789 2747 est;

1003 2753 1105 2776 tantum
1124 2749 1206 2776 dandi
1225 2757 1306 2785 casus
1322 2750 1412 2785 χρείᾳ,
1425 2750 1472 2785 qui
1487 2749 1620 2785 sequitur,
1638 2752 1666 2778 in
1685 2756 1788 2779 rectum

1003 2785 1148 2821 mutandus
1162 2785 1276 2821 videtur.
1294 2784 1394 2821 Perea'
1402 2793 1465 2812 vero
1477 2784 1538 2821 quae
1553 2787 1696 2818 habemus,
1714 2787 1791 2814 intel-

1002 2819 1070 2860 ligit,
1088 2821 1196 2854 opinor,
1206 2820 1247 2860 ¹τὰ
1263 2821 1327 2860 ήμῖν
1342 2819 1501 2860 Empta-ut,th
1519 2822 1687 2860 semina_illa
1703 2822 1789 2860 hone-

1002 2856 1080 2882 statis
1092 2861 1173 2891 atque
1187 2856 1306 2889 virtutis.
1321 2863 1382 2890 quae
1404 2856 1483 2884 nobis
1501 2864 1564 2885 cum
1586 2857 1692 2886 ratione
1706 2857 1789 2884 insita

1001 2895 1076 2918 sunt.
