2063 3211
267 164 320 195 ωδ

567 164 702 193 EUSEBll
723 163 961 191 CAESARlENSlS
979 163 1055 192 OPP.
1075 163 1166 191 PARS
1185 163 1216 190 l7.
1237 177 1273 183 -—
1293 162 1543 192 APOLOGETICA.

1838 164 1893 192 £96

268 230 300 249 ea
317 220 470 254 luctarique
481 219 549 248 nolit
563 230 569 247 :
585 221 672 248 calcat
682 221 804 248 eamdem
823 221 902 254 alter,
917 222 989 256 quod
1003 222 1049 248 ad-

1105 229 1184 255 τητος
1197 220 1242 246 καὶ
1259 220 1364 252 τάσεως
1381 220 1503 251 πλείονος
1519 220 1598 255 χρείᾳ
1613 220 1681 255 πρὸς
1696 219 1726 246 τδ
1740 219 1823 247 καλὸν
1846 220 1893 247 καὶ

266 268 390 303 junctam
407 267 432 295 ei
453 271 482 294 ut
507 266 654 301 plurimum
678 266 876 301 turpitudinem
901 267 973 294 ferre
996 274 1052 294 non

267 313 364 348 possit.
378 313 417 339 Ae
427 312 529 339 nullum
544 319 656 347 prorsus
667 320 682 338 a
698 312 790 339 divina
806 311 986 347 praenotione,
1005 320 1048 339 re-

267 359 320 387 bus
336 359 381 391 iis,
396 365 466 393 quas
483 357 623 393 praevidet,
652 358 842 385 necessitatem
859 358 973 393 imponi,
990 366 1052 384 cum

267 404 455 440 superioribus
468 404 648 438 argumentis,
661 407 718 430 tum
731 403 783 430 hoc
801 403 913 438 insuper
924 403 1051 432 efﬁcitur.

266 451 339 486 quod
355 451 382 478 in
398 450 484 478 sacris
500 449 601 484 passim
613 449 710 476 litteris
724 450 862 485 propheta:
873 450 906 476 ad
918 451 1054 485 poeniten-

266 498 332 524 tiam
350 495 475 523 homines
491 495 631 522 cohortari
645 495 805 530 jubeantur,
823 496 905 530 idque
928 495 1052 530 perinde,

266 550 298 569 ac
314 541 337 569 si
351 546 442 568 utrunt
456 540 475 568 ii
490 541 629 568 meliorem
648 541 681 568 ad
697 540 802 576 frugem
820 549 880 568 sese
905 542 1051 576 recrpturi,

265 596 300 615 an
325 587 383 615 suis
403 587 431 614 in
456 587 606 614 sceleribus
629 587 730 614 hwsuri
755 595 837 622 porro
863 595 894 615 ac
912 588 1052 623 perstituri

265 634 331 666 sint,
349 633 496 669 ignoraret.
515 632 562 660 Sic
577 633 647 667 apud
663 632 808 659 Jeremiam
825 633 950 665 habetur,
968 643 976 658 ι
989 632 1054 659 For-

265 679 336 706 sitan
370 679 491 711 audient,
520 683 546 706 et
578 685 658 714 agent
691 679 890 713 pmnitentiam.
917 689 925 704 ι
955 678 1050 713 Neque

267 724 352 757 enim,
375 723 459 759 quod,
481 723 600 750 audituri
618 723 673 750 sint
684 731 778 756 necne,
802 724 893 751 minus
909 723 1051 759 intelligat,

265 769 367 797 idcirco
383 770 457 797 hunc
473 770 500 797 in
517 769 627 797 modum
657 769 714 804 ipse
741 769 872 804 loquitur,
893 779 902 795 ι
922 769 1048 797 Forsitan

264 815 386 849 audient,
415 820 443 843 et
471 820 552 852 agent
580 815 779 850 paenitentiam,
808 825 817 841 ›
845 815 892 843 sed
921 820 950 842 ut
978 815 1052 842 illam

264 862 468 897 quodammodo
485 870 577 897 parem
593 863 620 889 in
638 866 782 896 utramque
807 866 923 896 partem,
938 861 991 888 vim
1010 860 1051 888 fa-

1106 265 1206 299 ἀγαθὸν
1216 264 1342 299 γενέσθαι
1353 273 1360 280 θ
1378 265 1636 300 προκαταληφθείσα
1653 265 1681 291 δὲ
1698 266 1714 301 ἡ
1734 265 1834 300 γνῶσις
1847 266 1893 293 τοῦ

1105 311 1213 342 πάντως
1238 311 1319 338 καλὸν
1345 311 1392 338 καὶ
1419 310 1520 345 ἀγαθὸν
1535 310 1679 345 γενέσθαι,
1701 311 1830 338 ὐπεκλύει
1845 311 1894 347 τὴν

1103 357 1230 392 ἄσκησιν.
1245 357 1345 392 Διόπερ
1360 357 1551 392 συμφερόντως
1570 357 1620 383 οὐκ
1636 358 1713 392 ἴσμεν
1735 359 1760 384 εἰ
1785 357 1892 391 ἀγαθοὶ.

1103 402 1164 429 οὗτε
1179 404 1201 429 εἰ
1223 403 1336 438 πονηροὶ
1368 402 1495 438 ἐσόμεθα.
1527 403 1602 429 Ἐπεὶ
1623 403 1652 429 δὲ
1673 404 1892 440 εἰρήκειμε·ι,ὄτι

1103 447 1297 482 ἁπετύφλωσεν
1313 448 1388 483 ἡμᾶς
1406 449 1474 484 πρὸς
1488 447 1522 475 τὰ
1538 448 1666 483 μέλλοντα
1680 450 1694 475 ὁ
1705 448 1781 480 Θεὸς,
1799 448 1893 484 ζητού-

1105 494 1184 529 μενόν
1203 503 1228 520 τι
1247 493 1328 529 ῥητὸν
1347 493 1400 520 ἀπὸ
1422 494 1472 528 τῆς
1503 494 1607 527 Ἐξόδου
1626 495 1676 529 ὅρα
1689 514 1696 526 ,
1714 495 1737 521 ει
1757 494 1894 530 δυνάμεθα

1103 539 1174 566 οὕτω
1198 540 1360 574 σαφηνίσαι·
1381 550 1389 565 ι
1412 540 1459 571 Τίς
1477 540 1587 574 ἐποίησε
1602 540 1760 574 δύσκωψον,
1780 541 1826 568 καὶ
1841 551 1895 568 κω-

1104 586 1163 620 φὸν,
1185 586 1231 612 καὶ
1256 585 1404 620 βλέποντα,
1421 586 1468 612 καὶ
1483 586 1598 620 τυφλόν;
1618 586 1666 612 οὐκ
1685 586 1739 620 ἐγὼ
1756 587 1856 622 Κύριός
1880 588 1895 614 ὀ

1103 631 1187 664 Θεός;
1205 642 1214 658 ι
1235 633 1278 659 ἵνα
1292 632 1337 658 τὸν
1352 632 1432 658 αὑτὸν
1449 632 1496 658 καὶ
1510 632 1608 666 τυφλὸν
1629 633 1675 659 καὶ
1697 632 1828 668 βλέποντα
1844 643 1894 660 πε-

1104 676 1226 713 ποιηκὼς
1270 686 1276 692 ·
1292 677 1422 712 βλέποντα
1435 678 1483 712 μὲν
1493 677 1560 713 πρὸς
1568 677 1601 704 τὰ
1613 678 1785 712 ἐνεστηκότα,
1797 679 1895 713 τυφλὸν

1103 723 1131 750 δὲ
1145 723 1213 758 πρὸς
1231 723 1266 749 τὰ
1284 723 1424 758 μέλλοντα.
1441 723 1478 749 Τὸ
1488 723 1542 758 γὰρ
1559 724 1623 759 περὶ
1632 723 1677 750 τοῦ
1687 723 1838 758 δυσκώφου,
1847 725 1894 751 καὶ

1103 768 1195 803 κωφοῦ
1210 788 1217 800 ,
1241 769 1271 794 οὐ
1289 769 1335 795 τοῦ
1353 768 1485 804 παρόντος
1507 769 1603 805 καιροῦ
1617 769 1806 805 διηγήσασθαι.
1833 771 1894 797 Ὀτι

1106 815 1196 850 μέντοι
1207 823 1239 849 γε
1252 814 1356 841 πολλῶν
1370 815 1424 841 τῶν
1438 815 1478 849 ἐφ’
1488 816 1553 850 ἡμῖν
1568 816 1641 842 αῐτια
1657 816 1768 842 πλεῖστα
1779 816 1833 842 τῶν
1845 818 1894 844 οὐκ

1104 860 1146 894 ἐφ’
1162 861 1228 895 ἡμῖν
1243 861 1312 891 ἐστι,
1330 862 1377 887 καὶ
1390 862 1471 896 ἡμεῖς
1484 861 1685 897 ὁμολογήσομεν
1696 871 1702 878 ·
1716 859 1753 889 ὧν
1767 863 1804 898 μὴ
1819 872 1896 897 γενο-

263 908 396 935 cultatum
410 908 452 936 his
466 908 556 935 verbis
572 907 698 935 ostendat
711 916 717 934 :
732 915 765 934 ne
777 907 823 942 qui
837 907 893 942 jam
910 911 971 934 ante
984 915 1049 942 prae-

1105 906 1204 940 μένων,
1220 905 1292 940 λέγω
1310 906 1339 933 δῖε
1356 906 1409 932 τῶν
1425 907 1474 934 οὐκ
1487 907 1529 941 ἐρ’
1543 909 1620 943 ἡμῖν,
1639 908 1688 934 οὐκ
1710 909 1742 934 ἂν
1757 909 1818 936 τάδε
1834 910 1897 938 τινὰ

265 955 386 982 notionis
402 954 461 990 ejus
483 954 674 981 certitudinem
692 953 841 986 audierint,
855 953 873 980 ii
890 953 1006 988 proinde
1020 961 1052 981 ac

265 1001 288 1028 si
303 1005 330 1028 et
346 1009 377 1028 ea
398 1000 588 1028 necessitatem
602 999 725 1032 inferret,
742 1007 792 1026 nec
808 998 952 1026 meliorem
968 999 1050 1026 vitam

265 1046 409 1074 instituere
436 1046 541 1074 arbitrii
567 1045 638 1073 foret
662 1046 716 1077 sui,
749 1045 857 1072 animos
875 1045 1003 1080 deinceps
1020 1053 1053 1072 ac

264 1100 340 1127 spem
354 1099 462 1121 omnem
478 1092 618 1127 abjiciant,
630 1091 788 1126 adeoquein
803 1095 946 1125 peccatum
961 1092 995 1118 ab
1007 1091 1051 1118 illa

263 1138 460 1174 propemodum
476 1138 662 1172 impellantur.
677 1137 778 1164 Deinde
789 1144 864 1168 vero,
879 1144 912 1164 ne
926 1137 972 1172 qui
984 1136 1050 1164 dum

263 1183 408 1217 prmvisum
426 1191 475 1210 eos
493 1183 593 1210 bonum
610 1183 716 1216 lateret,
742 1189 832 1217 pugna
858 1190 920 1209 cum
949 1183 1052 1217 impro-

262 1229 347 1256 bitate
363 1234 501 1264 suscepta,
515 1229 599 1256 vitam
617 1237 650 1256 ex
662 1228 772 1256 virtutis
792 1236 889 1255 norma
906 1229 1050 1256 instituere

262 1276 426 1310 potuissent,
453 1282 501 1302 eos
529 1275 590 1302 talis
613 1279 708 1302 contra
724 1274 857 1309 pramotio
879 1274 1050 1301 remissiores

263 1327 296 1347 ae
310 1319 454 1347 solutiores
466 1320 574 1350 efficiat,
587 1319 660 1354 quod
675 1319 740 1346 dum
761 1319 841 1353 plane
856 1318 961 1345 bonum
983 1318 1050 1345 illud

1105 951 1158 978 τῶν
1170 952 1287 987 ἐφ’ἠμῖν
1302 952 1460 988 ἐπράττετο.
1487 955 1603 990 Πράττει
1624 954 1678 990 (44)
1700 955 1728 982 δὲ
1753 956 1813 982 τάδε
1835 957 1896 984 τινὰ

1104 997 1158 1023 τῶν
1184 997 1226 1032 ἐφ’
1251 999 1316 1033 ἡμῖν
1340 999 1475 1025 ἀκόλουθα
1504 1000 1591 1026 τοῖσδε
1624 1002 1679 1032 τοῖς
1702 1003 1894 1037 προεγνωσμέ-

1106 1051 1160 1075 νοις
1179 1044 1245 1078 (43),
1260 1044 1309 1070 οὐκ
1325 1045 1367 1078 ἐφ’
1382 1046 1447 1080 ἡμῖν
1460 1045 1515 1079 (Mi)
1534 1046 1705 1081 ἐνδεχομένου
1719 1047 1765 1073 τοῦ
1778 1048 1823 1074 ἐπὶ
1840 1050 1895 1080 τοῖς

1105 1089 1198 1121 αὐτοῖς
1222 1090 1474 1126 προεγνωσμένοις,
1497 1091 1544 1117 καὶ
1557 1092 1638 1127 ἔτερα
1655 1092 1773 1127 πρᾶξαι,
1800 1095 1865 1127 παρ’
1878 1094 1896 1121 ἂ

1106 1135 1272 1171 πράττομεν.
1289 1136 1318 1162 Εἰ
1334 1134 1361 1162 δέ
1377 1145 1418 1168 τις
1432 1137 1508 1173 ζητεῖ
1521 1137 1550 1164 τὸ
1566 1139 1608 1173 ἐφ’
1620 1139 1684 1174 ἡμῖν
1699 1140 1895 1176 ἀπολελυμένον

1104 1179 1174 1207 εἶναι
1187 1181 1233 1208 τοῦ
1249 1182 1359 1215 παντὸς,
1374 1182 1443 1209 ὥστε
1457 1183 1494 1219 μὴ
1503 1183 1545 1210 διὰ
1555 1184 1618 1211 τάδε
1631 1185 1691 1212 τινὰ
1705 1186 1896 1221 συμϐεϐηκότα

1105 1228 1169 1262 ἡμῖν
1187 1228 1260 1262 ἡμᾶς
1276 1228 1411 1263 αἱρεῖσθαι
1421 1229 1495 1261 τάδε,
1512 1229 1684 1266 ἐπιλέλησται
1697 1232 1799 1267 κόσμου
1814 1233 1896 1269 μέρος

1104 1273 1151 1305 ὢν,
1166 1275 1212 1301 καὶ
1224 1275 1455 1311 ὲμπεριεχόμενος
1468 1276 1619 1312 ἀνθρώπων
1636 1278 1763 1314 κοινωνίᾳ
1786 1279 1833 1306 καὶ
1848 1280 1895 1306 τοῦ

1105 1328 1138 1346 πε
1144 1320 1290 1355 ριέχοντος.
1492 1321 1494 1324 ’

262 1367 385 1394 futurum
410 1371 548 1402 putarent,
568 1366 667 1394 minori
696 1371 839 1401 propterea
857 1373 919 1393 cum
934 1369 1045 1400 peceato
1064 1366 1148 1394 animi
1173 1369 1349 1397 contentione
1364 1374 1525 1405 pugnarent.
1554 1371 1599 1399 Sic
1627 1372 1700 1399 enim
1716 1372 1774 1406 ipsa
1788 1380 1897 1407 praeno-

262 1413 300 1440 tio
317 1413 438 1440 futurum
466 1420 576 1448 quoque
592 1413 693 1440 bonum
711 1412 863 1448 impediret.
889 1411 1071 1445 Quamobrem
1091 1413 1137 1448 qui
1153 1415 1246 1441 orbem
1267 1417 1425 1444 universum
1442 1417 1579 1452 pra-cipue
1603 1426 1695 1446 rerum
1711 1419 1783 1446 bono
1800 1420 1894 1447 mode-

261 1467 338 1489 ratur
354 1460 437 1493 Deus,
454 1461 525 1489 idem
542 1468 592 1489 nos
608 1461 746 1496 sapienter
760 1461 874 1488 omnino
903 1460 1002 1488 futuris
1018 1460 1046 1487 in
1066 1461 1147 1488 rebus
1177 1470 1265 1490 caecos
1280 1471 1341 1491 esse
1371 1465 1467 1492 voluit.
1491 1465 1591 1492 Earum
1610 1467 1684 1494 enim
1700 1468 1831 1502 cognitio,
1855 1468 1895 1495 uti

264 1517 389 1537 nostrum
407 1510 539 1537 adversus
566 1509 767 1544 improbitatem
801 1508 932 1543 impelum
960 1509 1198 1544 constantiamque
1216 1510 1363 1546 frangeret,
1393 1512 1430 1540 ita
1463 1513 1527 1539 dum
1542 1518 1613 1540 certa
1625 1514 1732 1549 fixaque
1749 1515 1892 1546 videretur,

261 1557 342 1592 longe
363 1564 414 1584 nos
427 1556 508 1584 citius
524 1559 606 1590 atque
632 1554 750 1587 facilius,
774 1555 849 1581 omni
875 1554 1049 1581 contentione
1068 1555 1183 1591 abjecta,
1210 1557 1322 1584 sceleris
1351 1558 1378 1585 in
1400 1558 1570 1586 dominatum
1587 1567 1619 1586 ac
1634 1565 1797 1595 potestatem
1810 1561 1896 1588 addu-

263 1609 347 1632 ceret.
365 1604 422 1631 lmo
439 1609 593 1640 pugnarent
613 1603 665 1630 ista
700 1609 805 1636 secum,
824 1606 854 1629 ut
884 1602 956 1629 idem
983 1606 1010 1629 et
1027 1603 1129 1637 probus
1159 1604 1296 1638 evaderet,
1321 1610 1348 1633 et
1373 1606 1455 1641 290
1477 1611 1552 1634 certo
1574 1607 1689 1642 probum
1718 1615 1748 1635 se
1772 1607 1894 1634 futurum

260 1660 322 1680 esse
335 1657 495 1688 praenossel.
511 1650 578 1678 Nam
601 1659 662 1678 cum
676 1655 774 1685 praeter
803 1658 846 1682 ea,
868 1658 929 1685 qua:
949 1650 1028 1678 nobis
1055 1651 1139 1679 indita
1170 1656 1245 1684 sunt,
1269 1660 1368 1688 magno
1398 1655 1509 1688 insuper
1536 1653 1569 1681 ad
1596 1655 1721 1682 virtutem
1745 1655 1894 1690 parandam

261 1705 294 1726 ae
306 1698 460 1725 vehementi
489 1702 587 1724 conatu
603 1703 671 1731 opus
697 1697 856 1729 habeamus,
866 1700 924 1723 tum
937 1700 1069 1731 occupata
1079 1698 1163 1724 semel
1179 1698 1231 1725 ista
1247 1698 1353 1726 virtutis
1370 1703 1446 1726 certo
1458 1699 1556 1726 futura:
1567 1704 1754 1735 praeceptaque
1765 1700 1894 1735 cognitio,

261 1746 317 1773 vim
346 1746 550 1773 exercitationis
576 1752 685 1772 omnem
713 1744 847 1772 debilitat.
880 1743 918 1772 Ita
943 1745 1058 1779 probine
1089 1745 1175 1773 futuri
1200 1747 1288 1775 simus
1322 1755 1356 1774 an
1380 1747 1508 1782 improbi,
1545 1756 1654 1776 summo
1678 1754 1772 1784 utique
1799 1754 1895 1777 nostro

261 1793 336 1820 bono
366 1793 536 1829 ignoramus.
570 1792 623 1819 Sed
645 1793 775 1827 quoniam
805 1792 898 1820 divino
923 1793 1038 1821 consilio
1065 1793 1168 1821 factum
1186 1802 1246 1822 esse
1270 1795 1402 1827 diximus,
1426 1801 1456 1823 ut
1480 1796 1563 1823 rebus
1586 1796 1614 1823 in
1642 1796 1742 1824 futuris
1768 1798 1894 1824 excutia-

262 1848 335 1874 mus,
360 1842 488 1869 videnum
504 1841 566 1868 inde
582 1840 708 1868 fortassis
737 1840 800 1867 huic
828 1840 915 1868 Exodi
946 1842 1093 1876 quaestioni
1113 1842 1182 1870 lucis
1206 1850 1222 1869 a
1246 1842 1324 1870 nobis
1352 1843 1456 1878 aliquid
1480 1843 1570 1871 aﬂ‘erri
1592 1844 1690 1878 possit,
1715 1853 1725 1870 ε
1746 1843 1813 1877 Quis
1831 1843 1895 1872 fecit

262 1890 433 1917 lurdastrutn
459 1897 492 1916 ac
516 1889 641 1920 surdum,
674 1888 807 1916 videntem
838 1893 866 1916 et
897 1890 1016 1916 cate-um?
1052 1888 1149 1917 Nonne
1175 1898 1226 1926 ego
1255 1890 1387 1919 Dominus
1416 1891 1486 1919 Deus
1498 1891 1539 1918 ³η
1558 1902 1566 1917 ι
1587 1891 1622 1919 Ut
1656 1900 1757 1920 caecum
1793 1893 1895 1927 pariter

261 1944 294 1964 ac
311 1937 378 1965 bene
404 1937 543 1965 oculatum
569 1937 622 1964 hoc
646 1944 730 1964 sensu
760 1936 858 1964 fecisse
879 1936 997 1969 dicatur,
1021 1937 1049 1964 in
1069 1937 1248 1972 praesentibus
1272 1939 1423 1971 oculatum,
1445 1947 1546 1966 caecum
1565 1939 1591 1966 in
1610 1939 1720 1967 futuris.
1742 1939 1808 1967 Nam
1831 1947 1895 1966 sur-

261 1985 347 2013 dastri
360 1985 470 2020 quidem
500 1985 631 2020 surdique
660 1985 793 2012 rationem
825 1992 857 2012 ac
883 1985 1030 2012 discrimen
1057 1985 1211 2020 exquirere,
1237 1986 1320 2021 hujus
1344 1986 1398 2014 loci
1422 1994 1476 2014 non
1501 1991 1553 2014 est.
1571 1986 1746 2022 Quanquam,
1774 1987 1893 2022 plurima

261 2040 337 2065 sane.
352 2041 412 2068 qua:
425 2033 496 2068 juris
510 2033 596 2060 nostri
623 2040 677 2060 non
706 2037 781 2066 sunt,
811 2032 961 2060 multorum
986 2033 1067 2060 etiam
1087 2040 1149 2068 qua
1162 2038 1256 2061 nostra
1274 2033 1301 2060 in
1318 2037 1453 2068 potestate
1475 2033 1540 2065 sint,
1566 2041 1676 2065 causam
1693 2033 1828 2061 interdum
1846 2040 1893 2060 es-

262 2088 301 2114 se,
321 2080 438 2108 fatemur
449 2080 500 2115 ipsi
512 2087 622 2114 quoque
637 2089 643 2107 :
659 2087 692 2107 ac
710 2084 853 2114 propterea
870 2080 922 2107 nisi
935 2087 978 2111 ea,
995 2080 1046 2107 hoc
1063 2084 1115 2112 est,
1145 2079 1173 2106 in
1205 2087 1266 2115 quae
1291 2080 1433 2115 potestatis
1449 2087 1481 2107 ac
1498 2078 1569 2114 juris
1592 2079 1725 2107 habemus
1743 2079 1821 2110 nihil.
1841 2087 1892 2106 an-

262 2128 425 2159 tecederent,
440 2134 475 2154 ne
502 2126 558 2154 haec
572 2126 682 2161 quidem
716 2132 764 2153 aut
791 2126 835 2152 illa
862 2131 989 2153 secutura
1007 2133 1078 2159 esse,
1099 2134 1159 2161 qua:
1190 2131 1283 2154 nostra
1302 2132 1392 2154 tamen
1408 2134 1441 2154 ex
1458 2126 1582 2153 libertate
1607 2127 1734 2161 pendent.
1757 2125 1891 2153 (laterum

260 2175 297 2202 ita
309 2175 418 2210 quidem
435 2182 528 2202 eorum
541 2174 682 2205 nonnulla,
694 2181 756 2208 quae
773 2173 799 2199 in
816 2173 894 2200 nobis
906 2173 957 2200 sita
982 2177 1055 2205 sunt,
1075 2173 1140 2206 alia,
1168 2181 1229 2207 qua:
1257 2173 1401 2208 potestatis
1425 2177 1524 2200 nostrae
1550 2180 1605 2199 non
1631 2177 1705 2205 sunt,
1732 2178 1891 2207 antegressa

259 2226 484 2257 Consequuntur;
515 2225 545 2248 ut
572 2221 606 2247 iis
628 2221 709 2247 etiam
743 2219 919 2255 antegressis,
938 2227 951 2245 a
976 2219 1055 2246 nobis
1075 2224 1172 2253 praeter
1197 2227 1239 2252 ea,
1270 2227 1331 2254 qua:
1361 2220 1440 2251 fiunt,
1465 2218 1523 2245 fieri
1551 2226 1662 2254 quoque
1687 2219 1739 2247 alia
1770 2219 1888 2253 possint.

259 2268 338 2301 Quod
365 2267 389 2294 si
417 2267 470 2295 erit
486 2266 635 2302 quispiam,
659 2274 706 2300 qut
737 2265 887 2293 voluntatis
913 2269 1014 2292 nostrae
1031 2265 1085 2291 vim
1106 2274 1137 2292 ac
1161 2270 1320 2300 potestatem
1345 2267 1412 2292 adeo
1436 2264 1510 2292 nulla
1537 2273 1600 2292 cum
1631 2265 1759 2292 universo
1776 2264 1892 2299 conjun~

259 2315 348 2342 ctione
367 2314 451 2342 teneri
473 2314 554 2346 volet,
582 2318 612 2340 ut
635 2314 689 2340 hoc
715 2317 764 2340 aut
790 2312 868 2344 illud,
901 2313 974 2348 quod
992 2317 1065 2340 certa
1085 2313 1209 2348 quaedam
1235 2313 1443 2344 antecesserint,
1476 2313 1539 2347 eligi
1555 2321 1570 2339 a
1590 2313 1668 2340 nobis
1685 2312 1821 2339 interdum
1840 2319 1891 2346 op-

258 2359 364 2394 tarique
378 2352 458 2394 neget
488 2368 494 2386 :
530 2358 553 2385 is
570 2358 692 2393 profecto
719 2366 748 2385 se
772 2358 865 2385 mundi
883 2362 986 2393 partem
1011 2365 1073 2385 esse
1092 2358 1193 2386 oblitus
1221 2359 1284 2392 erit,
1311 2367 1344 2386 ac
1367 2366 1428 2387 sese
1453 2359 1594 2386 hominum
1618 2359 1820 2392 communione,
1851 2362 1893 2385 to-

259 2405 370 2438 tiusque
383 2403 543 2431 circumfusi
560 2403 632 2431 aeris
647 2403 751 2430 ambitu
770 2403 915 2430 contineri.

294 2452 333 2478 Ac
350 2452 415 2478 mihi
431 2452 541 2484 quidem
558 2459 609 2486 pro
636 2451 688 2478 loci
719 2451 803 2485 hujus
818 2451 923 2478 ratione
940 2450 1047 2477 modice

1142 2448 1268 2483 Μετρίως
1293 2448 1342 2484 μὲν
1368 2445 1414 2474 οὖν
1436 2448 1474 2479 ὼς
1498 2449 1527 2474 ὲν
1551 2448 1667 2482 ἐπιτομῇ
1691 2445 1767 2482 οἶμαι
1791 2447 1890 2474 ἀποδε·

260 2497 361 2529 adhuc,
385 2498 519 2532 quasique
545 2497 706 2532 compendio
721 2500 925 2524 demonstrasse
941 2496 1046 2528 videor,

261 2544 328 2570 nihil
344 2545 457 2571 omnino
484 2545 565 2572 rebus
590 2544 624 2571 iis
641 2553 709 2579 quas
723 2543 899 2579 praanoverit,
924 2550 938 2570 a
954 2542 1047 2570 divina

261 2590 429 2624 przenotione
442 2591 597 2618 necessitati
612 2590 719 2618 atl‘erri.
736 2590 865 2625 Deinceps
882 2589 910 2617 id
921 2597 1046 2624 agamus,

295 2646 318 2662 ⁸³
331 2646 417 2674 Exod.
436 2655 475 2679 ιν,
491 2647 532 2675 Η.

297 2702 352 2738 (44)
369 2702 502 2735 Πράττει.
523 2703 573 2729 Vix
594 2703 690 2730 dubito
711 2703 776 2737 quin
794 2702 934 2736 scripserit
951 2701 1046 2736 Orige-

260 2746 320 2770 nes,
343 2738 509 2773 πράττεται,
537 2745 598 2765 cum
612 2743 638 2764 et
663 2746 760 2766 sensus
786 2738 837 2764 hoc
860 2738 997 2772 postulet,
1018 2743 1045 2764 et

259 2773 369 2808 ἀμέσως
386 2778 446 2799 ante
461 2773 743 2808 ιΙῐκυι-ἰιμὲπράττετο.

296 2808 352 2843 (45)
376 2808 440 2841 Τοῖς
464 2806 729 2843 προεγνωσλιένοις.
753 2806 818 2841 Quae
844 2815 896 2834 vox
919 2807 1043 2841 sequenti

259 2851 339 2871 versu
366 2844 506 2878 repetitur.
527 2843 606 2870 Malui
629 2848 721 2870 tamen
744 2843 887 2877 utrobique
912 2850 1044 2877 προγενο-

259 2878 361 2914 μένοις,
378 2884 407 2906 ut
425 2878 538 2906 habetur
560 2879 586 2906 iu
604 2879 650 2905 alt.
669 2885 720 2905 ms.
748 2885 810 2905 cum
837 2878 916 2906 modo
940 2878 1042 2904 dictum

1101 2494 1204 2530 δεῖχθαι
1216 2516 1224 2527 ,
1247 2494 1277 2521 τὸ
1292 2494 1341 2529 τὴν
1359 2495 1513 2529 πρόγνωσιν
1528 2493 1573 2520 τοῦ
1590 2493 1657 2520 Θεοῦ
1682 2493 1718 2528 μὴ
1738 2491 1807 2520 εἶναι
1825 2501 1891 2520 κατ-

1100 2539 1306 2576 αναγκαστικὴν
1313 2539 1367 2566 τῶν
1380 2540 1614 2576 προεγνωσμένων
1630 2539 1747 2571 πάντως.
1767 2540 1836 2575 Φέρε
1849 2539 1888 2572 δὲ,

1101 2583 1298 2619 ἀγωνισώμεθα
1319 2585 1366 2610 καὶ
1387 2586 1451 2620 περὶ
1471 2584 1518 2611 τοῦ
1537 2585 1600 2616 τοὺς
1622 2585 1739 2620 ἀστέρας
1757 2584 1890 2620 μηδαμῶς

1096 2704 1188 2734 fuerit,
1201 2700 1240 2729 ὧν
1254 2702 1291 2737 μὴ
1303 2701 1466 2737 γενομένων.

1133 2738 1188 2773 (46)
1217 2736 1348 2771 Οὐκᾩέεέ
1369 2736 1455 2771 ἥμῖν.
1479 2736 1661 2772 Expungenda
1691 2737 1799 2773 negatio
1825 2740 1883 2770 est,

1099 2771 1200 2808 alioqui
1227 2778 1254 2800 et
1281 2777 1415 2799 sententia
1442 2771 1679 2808 falsa’ess'et,ret
1699 2773 1733 2799 ab
1757 2771 1885 2807 Origenis

1098 2807 1189 2836 tuente
1201 2815 1314 2843 prorsus
1334 2807 1421 2834 aliena
1439 2816 1446 2834 :
1465 2807 1543 2840 falsa,
1558 2808 1622 2843 quia
1636 2807 1788 2843 libertatem
1804 2815 1884 2834 ever-

1098 2849 1181 2877 teret;
1197 2841 1295 2876 aliena,
1311 2843 1376 2878 quia
1389 2842 1539 2870 libertatem
1552 2841 1623 2871 hanc
1637 2848 1728 2871 tuetur
1741 2841 1883 2878 Origenes.
