2063 3211
163 198 218 226 ιε’]

745 197 907 227 ῬΒᾹΞΡΑΠ.
929 198 1055 229 EVANG.
1073 199 1136 227 LlB.
1155 198 1199 228 νι.

164 254 235 283 εἶναι
248 257 406 292 ποιητικοὺς
426 256 481 284 τῶν
500 257 528 284 ὲν
547 256 715 293 ἀνθρώποις,
730 258 914 293 σημαντικοὺς
928 257 957 285 δὲ

1015 263 1038 286 ιι
1052 267 1086 286 ne
1100 258 1193 286 stellas
1206 257 1316 292 quidem
1338 256 1412 291 ipsas
1430 263 1520 283 rerum
1538 255 1719 293 humanarum
1735 253 1792 279 ullu

167 301 258 336 μόνον.
278 302 366 336 Σαφὲς
386 302 418 337 δὴ
430 322 436 333 ,
453 302 504 333 ὅτι,
521 303 544 328 εί
556 302 598 328 ὁδε
620 311 661 334 τις
674 303 687 328 ὁ
699 303 888 338 σχηματισμὸς
903 302 956 329 τῶν

167 347 291 383 ἀστέρων
308 348 448 383 ποιητικὸς
463 348 600 382 νομίζοιτο
616 348 699 374 τῶνδέ
715 357 793 374 τινων
810 348 863 374 τῶν
882 356 955 381 γινο-

167 394 257 428 μένων
270 394 398 429 περὶτῶν
413 393 563 429 ἀνθρώπων
579 394 634 428 (47)
648 394 734 429 (ἔστω
748 394 801 429 γὰρ
819 394 882 429 περὶ
895 394 956 420 τού-

165 448 213 466 του
227 439 275 466 νῦν
286 439 425 475 ζητεῖσθαι
440 440 484 467 τὸν
498 440 603 476 λόγον),
617 441 666 466 οὑκ
677 440 709 466 ἂν
722 441 736 466 ὁ
752 441 880 476 σήμερον,
891 441 957 476 φέρε

167 486 271 517 εὶπείν,
296 486 440 521 γενόμενος
471 485 660 521 σχηματισμὸς
693 486 755 520 περὶ
781 486 856 513 τόνδε
879 485 958 512 δύνα-

167 539 212 557 ται
228 531 346 558 νοεῖσθαι
369 531 545 567 πεποιηκέναι
563 531 597 557 τὰ
617 531 822 567 παρεληλυθότα
845 531 878 558 δι’
901 531 958 557 ἓτε-

168 586 215 613 ρον
241 577 309 613 (48)-
345 579 403 605 Πᾶν
428 579 482 614 γὰρ
508 579 539 605 τὸ
563 578 667 610 ποιοῦν,
695 578 880 614 πρεσϐύτερον
909 577 955 604 τοῦ

169 623 364 659 πεποιημένου.
397 625 478 651 Ὅσον
512 625 540 651 δὲ
568 624 615 651 ἐπὶ
642 625 699 656 τοῖς
729 624 872 659 μαθήμασι
904 624 958 650 τῶν

168 670 203 697 τὰ
242 669 354 697 τοιαῦτα
392 670 634 706 ἐπαγγελλομένων
650 691 657 704 ,
703 670 877 706 πρεσϐύτερα
911 669 958 696 τοῦ

172 715 362 752 σχηματισμοῦ
383 716 562 752 προλένεσθαι
588 716 726 751 νομίζεται
755 717 819 752 περὶ
835 717 898 747 τοὺς
912 717 959 742 ἀν-

171 761 308 796 θρώπους.
342 761 568 796 Ἐπαγγέλλονται
590 763 655 798 γὰρ,
677 762 752 788 τόνδε
772 762 834 788 τινὰ
859 763 959 797 τρόπον

170 806 220 841 τὴν
234 806 310 841 ὤραν
330 806 457 839 λαϐόντες
481 807 555 834 τοῦδε
572 807 618 834 τοῦ
636 807 780 843 ἀνθρώπου
793 827 799 839 ,
820 807 959 842 καταλαμ-

170 852 264 879 εάνειν
293 853 351 884 πῶς
378 853 491 885 ἕκαστος
526 853 580 879 τῶν
609 853 790 888 πλανωμένων
818 853 888 879 κατὰ
911 853 960 879 κά·

171 898 258 931 θετον,
272 898 289 934 ἢ
305 899 386 934 τῆσδε
411 899 461 934 τῆς
490 899 586 934 μοίρας
608 898 655 925 τοῦ
686 898 792 930 ζωδίου,
815 898 902 934 ῆτῶν
931 899 960 924 ὲν

1008 306 1089 333 modo
1115 312 1222 336 causas,
1243 304 1288 331 sed
1312 311 1406 330 earum
1428 307 1533 329 tantuut
1564 302 1641 335 signa
1667 301 1789 336 qua‘dam

1006 358 1066 378 esse
1080 350 1267 377 ostendamus.
1280 348 1401 375 Primum
1422 348 1505 382 igitur
1525 347 1550 374 id
1578 347 1655 382 plane
1673 351 1790 375 constat.

1008 401 1038 423 ut
1062 402 1166 423 certum
1194 395 1340 429 quemdam
1365 394 1504 421 stellarum
1531 393 1626 424 situm,
1652 396 1789 420 certarum

1008 450 1116 477 quoque
1130 449 1232 472 rerum,
1246 448 1306 475 qua:
1321 440 1353 467 ad
1377 439 1514 466 hominem
1543 438 1705 474 pertineant,
1727 444 1794 464 eau—

1008 496 1065 516 sam
1078 494 1138 514 esse
1155 486 1334 520 demus(nam
1363 485 1396 512 de
1423 485 1475 511 hoc
1499 483 1732 518 inpra‘sentiarum
1750 482 1793 509 in-

1008 535 1103 561 stituta
1118 532 1233 567 qua-stic
1248 531 1305 566 sit),
1324 531 1370 566 qui
1389 536 1478 558 tamen
1499 530 1628 556 hodierna
1651 528 1705 560 die,
1718 528 1791 554 verbi

1009 579 1105 614 gratia.
1121 582 1195 605 certo
1213 577 1322 604 cuidam
1335 575 1439 602 homini
1453 582 1546 601 earum
1564 575 1633 601 situs
1647 573 1790 603 exstiterit.

1008 625 1132 652 eumdem
1151 631 1241 650 rerum
1257 630 1351 650 earum
1367 628 1477 649 causam
1494 627 1554 646 esse
1570 620 1646 646 nullo
1655 619 1736 646 modo
1744 626 1792 653 po-

1010 671 1105 703 tuisse,
1122 678 1182 705 quae
1196 670 1222 696 in
1240 669 1293 696 alio
1315 668 1454 703 quopiam,
1473 667 1568 694 aliisve
1589 666 1714 701 pluribus
1736 664 1792 699 jam

1009 722 1071 744 ante
1087 715 1260 751 contigerint.
1278 713 1414 748 Quidquid
1441 713 1513 739 enim
1541 711 1615 739 aliud
1643 711 1735 740 efﬁcit.
1762 718 1795 737 eo

1009 762 1082 797 quod
1109 761 1223 788 ellicitur
1254 760 1329 794 prius
1363 765 1424 785 esse
1460 758 1549 785 debet.
1584 757 1664 792 Atqui
1699 763 1793 784 eorum

1010 808 1180 843 praeceptis,
1215 806 1261 841 qui
1298 811 1383 832 artem
1424 803 1505 832 istam
1539 804 1699 839 proﬁtentur
1720 823 1727 835 ,
1767 802 1794 829 id

1010 860 1118 887 quoque
1146 852 1203 879 fieri
1235 858 1316 886 posse
1344 849 1424 884 vulgo
1452 853 1565 884 putant,
1597 852 1627 875 ut
1652 856 1713 883 quae
1746 848 1792 874 tali

1011 898 1089 933 291
1111 897 1163 924 situ
1179 897 1268 931 priora
1286 900 1359 926 sunt,
1375 894 1407 921 de
1434 894 1589 921 hominibus
1603 893 1792 927 prmtlicantur.

172 941 238 977 αὐτῇ
266 941 372 969 λεπτῶν
383 952 389 958 ⁸
414 944 460 969 καὶ
487 944 562 974 ποῖος
577 943 664 978 ἀστὴρ
680 942 726 969 τοῦ
739 942 871 974 ζωδιακοῦ
888 943 959 969 κατὰ

1015 944 1112 978 Quippe
1129 943 1179 970 sibi
1196 942 1267 970 enim
1284 942 1335 968 hoc
1351 940 1395 968 isti
1409 943 1530 971 sumunt,
1547 943 1576 966 ut
1591 939 1635 966 ubi
1651 938 1735 966 semel
1750 938 1797 964 ho-

170 986 218 1013 τοῦ
238 987 397 1014 ἀνατολικοῠ
410 987 555 1022 ἐτύγχανεν
572 988 718 1023 ὁρίζοντος,
738 987 813 1018 ποῖός
841 996 870 1013 τε
888 986 959 1014 κατὰ

172 1032 219 1058 τοῦ
235 1032 355 1066 δυτικοῦ,
369 1034 416 1060 καὶ
435 1034 475 1065 τίς
492 1033 561 1060 κατὰ
574 1033 620 1060 τοῦ
648 1034 896 1068 μεσουρανήματος,
912 1033 959 1059 καὶ

171 1078 213 1110 τίς
223 1079 294 1105 κατὰ
310 1079 357 1105 τοῦ
387 1080 696 1115 ἀντιμεσουρανήματος.
723 1079 777 1105 Καὶ
808 1079 877 1105 ἐπὰν
893 1078 959 1104 θῶσι

173 1123 236 1156 τοὺς
252 1124 379 1160 ἀστέρας,
398 1124 444 1157 οὓς
460 1125 597 1160 νομίζουσι
612 1125 717 1156 ἑαυτοῖς
736 1124 959 1159 ὲσχηματικέναι,

172 1170 244 1197 xui
262 1170 308 1197 τὸν
328 1171 422 1207 καιρὸν
448 1171 497 1206 τῆς
523 1171 569 1197 τοῦ
585 1171 670 1202 δεῖνος
692 1170 824 1204 γενέσεως
839 1171 961 1205 ἐσχημα-

172 1217 318 1251 τισμένους
332 1217 442 1249 οὑτωσὶ,
466 1217 503 1252 τῷ
520 1218 608 1253 χρόνῳ
636 1217 684 1252 τῆς
706 1216 863 1248 ἀπστὰξεως
879 1222 892 1237 δ
913 1215 959 1242 τοῦ

173 1263 238 1298 περὶ
255 1259 286 1290 οὗ
301 1264 457 1295 σκοποῦσιν,
473 1264 503 1290 οὺ
522 1264 601 1298 μόνον
619 1264 653 1290 τὰ
677 1263 804 1298 μέλλοντα
822 1262 961 1294 ἐξετάζου-

175 1317 229 1340 σιν,
245 1308 313 1335 ἀλλὰ
327 1309 374 1335 καὶ
388 1308 421 1335 τὰ
436 1307 651 1344 παρεληλυθότα,
667 1308 713 1333 καὶ
730 1306 765 1333 τὰ
786 1306 838 1341 πρὸ
853 1306 901 1340 τῆς
914 1314 959 1339 γε-

174 1353 277 1386 νέσεως
291 1354 338 1381 καὶ
351 1354 401 1389 τῆς
415 1355 518 1389 σπορᾶς
529 1353 575 1380 τοῦ
594 1353 657 1389 περὶ
669 1350 699 1379 οὗ
722 1352 799 1386 λόγος
814 1351 962 1386 γεγενημέ-

173 1407 232 1426 νον’
247 1400 313 1435 περὶ
327 1400 440 1434 πατρὸς,
460 1399 580 1431 ποταπὸς
599 1398 635 1424 ὢν
650 1398 790 1433 τυγχάνει,
806 1396 930 1427 πλούσιος
945 1396 960 1431 ἢ

174 1445 271 1480 πένης,
291 1445 435 1480 ὁλόκληρος
460 1445 491 1470 τδ
515 1443 624 1479 σῶμαῆ
647 1442 836 1477 σεσινωμένος,
850 1441 881 1467 τὸ
895 1439 961 1475 ἦθος

175 1490 289 1527 βελτίων
307 1491 323 1526 ἢ
350 1491 458 1526 χείρων,
476 1491 606 1525 ἀκτήμων
629 1489 644 1524 ἢ
677 1489 868 1523 πολυκτήμων,
883 1487 962 1521 τήνδε

175 1537 225 1572 τὴν
243 1535 341 1572 πρᾶξιν
355 1536 371 1572 ἦ
387 1536 466 1571 τήνδε
478 1536 557 1571 ἔχων·
575 1536 608 1562 τὰ
636 1536 658 1562 δ’
674 1535 742 1561 αὐτὰ
760 1535 807 1561 καὶ
833 1533 896 1569 περὶ
914 1533 963 1567 τῆς

177 1583 292 1619 μητρὸς,
307 1583 353 1610 καὶ
371 1583 435 1618 περὶ
452 1582 643 1618 πρεσϐυτέρων
665 1581 796 1616 ἀδελφῶν,
819 1580 865 1606 ἐὰν
880 1579 964 1614 τύχω-

178 1638 220 1656 σιν
235 1629 319 1660 ὅντες.
341 1629 430 1655 Ἔστω
449 1628 477 1655 δὲ
503 1629 576 1663 ἡμᾶς
605 1628 650 1654 ἐπὶ
660 1627 706 1653 τοῦ
731 1626 862 1661 παρόντος
882 1633 965 1660 προσ·
979 1616 1000 1646 c

179 1674 268 1701 (εσθαι
289 1675 388 1706 αὐτοὺς
402 1674 621 1709 καταλαμϐάνειν
644 1673 678 1699 τὰ
687 1674 714 1698 ὲν
727 1672 766 1707 τῷ
780 1671 855 1705 τόπῳ
868 1669 964 1704 ἀληθῆ,

179 1721 244 1756 περὶ
259 1717 290 1747 οὗ
310 1719 356 1747 καὶ
368 1720 449 1747 αὐτοῦ
471 1713 583 1756 ὕστερον
610 1719 742 1754 δείξομεν,
767 1719 807 1744 ὅτι
822 1718 870 1752 οὐχ
882 1717 965 1747 οὕτως

179 1767 246 1802 ἔχει·
263 1766 427 1801 πευσώμεθα
443 1766 531 1792 τοίνυν
552 1765 606 1792 τῶν
635 1764 880 1800 ὑπολαμϐανόντων
903 1771 967 1789 κατ-

178 1821 198 1849 η
209 1812 352 1847 ἀγκάσθαι
366 1812 417 1838 ὑπὸ
435 1811 488 1838 τῶν
499 1811 605 1846 ἄστρων
620 1811 654 1837 τὰ
669 1811 723 1836 τῶν
733 1809 881 1845 ἀνθρώπων
899 1808 968 1843 πρά-

180 1867 289 1894 γματα,
318 1859 380 1885 τίνα
413 1858 512 1894 τρόπον
546 1858 559 1883 ὁ
586 1857 703 1892 σήμερον
737 1854 927 1890 σχηματισμὸς
953 1854 968 1879 ό

180 1905 284 1934 τοιόσδε
297 1905 406 1932 δύναται
427 1903 603 1939 πεποιηκέναι
619 1902 653 1929 τὰ
667 1901 802 1938 πρεσϐύτε
809 1910 850 1936 ρα.
868 1901 899 1926 El
914 1899 968 1935 γὰρ

181 1951 262 1978 τοῦτο
289 1951 438 1986 ἀμήχανον,
455 1949 539 1976 καθ’ὃ
559 1949 591 1983 δὴ
613 1949 654 1975 δτι
686 1948 741 1983 (49)
763 1947 919 1983 εὑρίσκεται
938 1946 969 1972 τὸ

182 1998 248 2033 περὶ
260 1996 314 2023 τῶν
333 1996 523 2032 πρεσϐυτέρων
538 1995 583 2021 τοῦ
598 1994 692 2029 χρόνου
707 1993 816 2028 ἀληθὲς,
831 1992 916 2027 σαφὲς
939 1992 969 2018 τὸ

183 2045 223 2081 μὴ
237 2044 292 2080 (50)
309 2043 485 2078 πεποιηκέναι
502 2043 564 2075 τοὺς
591 2042 708 2078 ἀστέρας
733 2041 830 2067 οὑτωσὶ
843 2040 970 2075 κινουμέ-

183 2100 246 2123 νους
259 2091 288 2118 ὲν
304 2089 411 2126 οὐρανῷ
424 2091 458 2116 τὰ
469 2088 672 2124 παρεληλυθότα
688 2087 735 2113 καὶ
758 2086 901 2121 γενόμενα,
917 2085 970 2120 πρὸ

182 2136 231 2163 ’τοῦ
244 2136 331 2168 οὕτως
340 2135 411 2170 ἔχειν
423 2134 530 2166 αὐτούς.
546 2135 577 2161 El
596 2133 623 2159 δὲ
645 2133 723 2159 τοῦτο
749 2132 818 2166 τάχα
832 2132 845 2157 ὁ
861 2131 967 2166 προσιέ-

185 2190 266 2218 μενος
293 2172 435 2217 ἀληθεύειν
454 2181 562 2211 αὺτοὺς,
579 2179 728 2213 ἐπιστήσας
744 2178 799 2212 (51)
827 2178 883 2207 τοῖς
907 2177 970 2211 περὶ

183 2228 238 2255 τῶν
261 2227 408 2263 μελλόντων
423 2226 587 2261 λεγομένοις,
600 2225 656 2259 ἐρεῖ
672 2223 813 2259 ἀληθεύειν
829 2223 927 2253 αὐτοὺς
939 2221 969 2248 οὐ

1010 997 1066 1015 ram
1082 988 1162 1015 unius
1190 986 1305 1021 alicujus
1328 985 1445 1012 hominis
1458 984 1622 1019 singularem
1640 989 1714 1010 certo
1728 991 1796 1017 quo—

1009 1034 1070 1061 dam
1088 1033 1168 1060 modo
1178 1031 1414 1067 deprehenderint,
1426 1030 1595 1064 exploratum
1608 1029 1659 1063 ipsi
1667 1028 1796 1056 continuo

1011 1080 1138 1113 habeant,
1152 1086 1263 1113 ecquem
1278 1077 1310 1104 ad
1332 1075 1553 1112 perpendiculum
1570 1074 1688 1101 siderum
1702 1081 1796 1101 erran-

1011 1127 1077 1152 tium
1094 1124 1233 1160 quodlibet
1244 1123 1326 1150 situm
1345 1122 1371 1149 in
1387 1122 1438 1148 hac
1450 1121 1529 1148 illave
1543 1120 1613 1155 signi
1630 1125 1715 1154 parte,
1731 1128 1793 1154 par-

1010 1172 1099 1206 tisque
1121 1170 1233 1198 minutis
1259 1170 1410 1201 obtineret;
1437 1168 1571 1202 simulque
1593 1166 1730 1201 quodnam
1751 1174 1797 1192 zo-

1011 1220 1080 1247 diaci
1107 1223 1210 1246 astrum
1230 1218 1255 1245 in
1286 1216 1411 1245 orientali
1435 1216 1584 1247 horizontc,
1606 1213 1743 1248 quodnam
1769 1213 1796 1238 in

1011 1265 1172 1292 occidentali
1183 1268 1348 1294 versaretur,
1361 1270 1484 1297 quaenam
1492 1261 1555 1288 item
1568 1259 1686 1287 medium
1696 1258 1798 1285 utrius-

1012 1319 1064 1346 que
1079 1309 1260 1344 hemispluerii
1276 1308 1374 1336 «telum
1391 1307 1503 1334 adversa
1529 1305 1664 1340 positione
1681 1311 1798 1338 occupa-

1011 1360 1081 1383 rent.
1096 1355 1182 1389 Atque
1195 1354 1238 1381 uhi
1252 1354 1343 1381 stellas
1353 1360 1409 1385 eas,
1426 1359 1541 1387 quarum
1562 1351 1612 1378 sibi
1627 1350 1718 1378 animo
1732 1350 1799 1384 ligu-

1014 1409 1071 1428 ram
1088 1402 1212 1429 videmur
1229 1405 1255 1428 et
1264 1399 1435 1426 collationem
1461 1397 1634 1428 informasse,
1653 1396 1706 1423 hoc
1719 1396 1798 1422 illove

1013 1447 1066 1475 situ
1090 1447 1141 1475 sub
1169 1447 1284 1481 alicujus
1300 1451 1389 1474 ortum
1415 1444 1499 1472 fuisse
1531 1446 1695 1478 posuerunt;
1710 1447 1766 1468 tum
1779 1441 1796 1467 ii

1013 1500 1078 1520 vero
1091 1501 1124 1520 ex
1139 1492 1184 1520 illo
1210 1493 1269 1527 ipso
1297 1496 1428 1526 tempore,
1452 1497 1506 1525 quo
1519 1489 1609 1516 editus
1631 1488 1659 1515 in
1671 1487 1758 1514 lucem
1776 1486 1798 1514 is

1014 1545 1065 1572 est,
1080 1539 1159 1574 cujus
1182 1539 1268 1566 fatum
1298 1538 1442 1569 rimantur,
1463 1545 1515 1563 non
1534 1535 1625 1562 futura
1646 1534 1738 1565 modo,
1752 1533 1799 1560 sed

1014 1586 1095 1613 etiam
1110 1585 1254 1620 praeterita,
1272 1591 1384 1619 quaeque
1398 1582 1518 1617 ejusdem
1532 1585 1559 1609 et
1573 1585 1662 1608 ortum
1677 1583 1800 1607 etsatum

1017 1631 1220 1663 antecesserint,
1234 1630 1383 1665 conjiciunt
1397 1637 1404 1655 :
1421 1628 1528 1663 qualem
1558 1626 1615 1661 ipse
1630 1630 1730 1660 patrem
1753 1625 1801 1651 ha-

1017 1679 1094 1710 beat;
1113 1677 1222 1705 divitem
1247 1685 1281 1704 an
1297 1682 1416 1708 tenuem,
1433 1674 1530 1710 integri
1546 1672 1678 1707 corporis,
1693 1679 1727 1698 an
1742 1679 1802 1697 mu-

1018 1724 1056 1750 tili
1067 1733 1074 1756 ;
1087 1723 1206 1750 bonisan
1219 1722 1297 1749 malis
1309 1721 1447 1753 moribus;
1462 1718 1586 1753 amplane
1599 1725 1632 1744 an
1644 1721 1758 1751 angusta
1773 1723 1802 1742 rc

1018 1769 1143 1796 familiari
1156 1777 1162 1801 ;
1175 1769 1227 1795 hoc
1241 1776 1275 1795 an
1301 1767 1365 1794 illud
1383 1765 1553 1800 complexum
1569 1763 1629 1790 vitae
1645 1769 1729 1797 genus
1743 1770 1749 1786 :
1765 1761 1803 1787 si-

1018 1816 1145 1850 miliaque
1158 1820 1211 1841 tam
1231 1814 1264 1842 de
1290 1818 1387 1845 matre,
1412 1819 1492 1847 quam
1508 1811 1541 1838 de
1565 1810 1704 1841 fratribus,
1717 1807 1738 1835 si
1754 1808 1800 1842 qui

1019 1862 1082 1893 sint,
1095 1866 1157 1888 natu
1174 1860 1324 1894 majoribus
1337 1858 1487 1893 inquirunt.
1499 1855 1555 1884 Nos
1569 1863 1644 1887 vero,
1660 1859 1689 1881 ut
1705 1854 1801 1880 demus

1020 1907 1126 1934 interim
1150 1905 1233 1940 (quod
1263 1905 1351 1939 ipsum
1368 1908 1457 1931 tamen
1478 1901 1538 1929 falsi
1554 1905 1648 1934 postea
1672 1906 1804 1934 coargue-

1021 1952 1103 1987 mus),
1128 1952 1260 1986 exquisite
1280 1951 1314 1978 ab
1333 1950 1366 1977 iis
1379 1953 1462 1976 lotam
1487 1946 1559 1974 illam
1574 1947 1642 1975 situs
1666 1950 1803 1972 astrorum

1020 1998 1264 2033 lociquerationem
1281 1996 1364 2023 teneri
1379 2002 1471 2030 posse,
1495 2000 1652 2027 quaeramus
1665 2000 1697 2018 ex
1713 1991 1747 2018 iis
1761 1995 1803 2016 ta-

1021 2052 1092 2076 men,
1108 2043 1152 2078 qui
1165 2043 1247 2069 rebus
1263 2041 1389 2068 humanis
1397 2040 1450 2066 Vllll
1467 2047 1482 2065 a
1493 2038 1629 2066 sideribus
1643 2036 1732 2063 aﬂ'erri
1751 2043 1804 2070 pu-

1021 2094 1088 2123 tant,
1114 2089 1160 2123 qui
1183 2088 1291 2115 tandem
1318 2086 1466 2114 hodiernus
1481 2085 1532 2112 iste
1549 2084 1618 2111 situs
1628 2090 1718 2109 rerum
1736 2086 1804 2109 tem—

1021 2145 1085 2172 pore
1102 2135 1273 2170 superiorum
1288 2142 1370 2163 causa
1395 2140 1456 2160 esse
1473 2131 1569 2166 possit.
1585 2130 1652 2157 Nam
1669 2129 1694 2156 id
1711 2129 1734 2156 si
1747 2127 1803 2155 fieri

1021 2184 1096 2210 nullo
1109 2182 1189 2209 modo
1206 2185 1304 2216 potest,
1313 2179 1433 2215 profecto
1449 2179 1541 2210 etiam,
1554 2177 1618 2204 dum
1635 2176 1668 2203 iis
1681 2175 1714 2202 de
1723 2174 1805 2201 rebus

1021 2231 1076 2256 veri
1093 2228 1231 2264 quidpiam
1259 2226 1406 2257 invenitur,
1439 2224 1516 2258 plane
1532 2229 1701 2256 consequens
1711 2225 1762 2252 est,
1777 2223 1806 2246 ut

184 2273 224 2309 τῷ
238 2275 324 2300 ποιεῖν
338 2274 400 2304 τοὺς
426 2272 554 2306 ἀστέρας,
583 2270 651 2297 ἀλλὰ
662 2269 700 2304 τῷ
716 2268 858 2304 σημαίνειν
880 2268 964 2302 μόνον.

1022 2284 1141 2311 praesens
1150 2275 1193 2302 hic
1202 2278 1338 2301 astrorum
1356 2273 1382 2299 in
1401 2271 1470 2298 cmlo
1482 2274 1584 2301 motus,
1600 2276 1660 2302 qua:
1670 2267 1726 2302 jam
1744 2270 1806 2292 ante

192 2321 255 2347 Ἐὰν
270 2320 298 2346 δέ
312 2328 352 2350 τις
368 2319 458 2353 φάσκῃ
474 2318 508 2344 τὰ
531 2318 579 2352 μὲν
604 2315 807 2351 παρεληλυθότα
829 2314 866 2349 μὴ
886 2315 969 2340 ποιεῖν

185 2367 250 2398 τοὺς
265 2365 391 2400 ἀστέρας,
405 2364 471 2391 ἀλλὰ
484 2363 579 2394 ἄλλους
611 2362 658 2397 μὲν
683 2361 888 2396 σχηματισμοὺς
909 2360 971 2391 τοὺς

185 2413 237 2449 τῆς
252 2413 364 2439 ἐκείνων
378 2412 504 2446 γνώσεως
526 2410 627 2441 αἰτίους
645 2409 794 2443 γεγονέναι·
819 2409 864 2434 τὸν
882 2408 910 2434 δὲ
924 2407 971 2434 νῦν

187 2458 378 2495 σχηματισμὸν
408 2456 612 2492 σεσημαγκέναι
637 2455 726 2491 μόνον,
743 2455 777 2481 τὰ
806 2454 895 2490 μέντοι
910 2453 973 2489 μέλ-

206 2522 220 2537 ι
233 2515 277 2544 lc.
292 2514 454 2547 ἁποτέξεως.

224 2571 282 2608 (4])
298 2571 443 2608 Hepltdtf
456 2567 859 2608 _dr0pdmwr._llescrib_endu_m
880 2567 974 2608 existi-7

189 2601 256 2640 m6:
272 2601 401 2642 ἶπερῖτδν
420 2601 580 2641 ἄνθρωπον,
605 2604 645 2631 vel
670 2604 733 2635 τοὺς
757 2601 926 2638 ἀνθρώπους,
944 2607 974 2630 ιιι

188 2650 252 2671 mox
267 2641 332 2677 περὶ
345 2641 430 2677 τόνδε.

224 2677 280 2713 (48)
299 2674 338 2713 Δι’
359 2674 544 2713 inpar-alim
567 2682 673 2713 quoque
697 2674 773 2713 alter.
788 2680 839 2700 ms.
864 2677 973 2713 secutus

188 2708 332 2745 suim'ubi
357 2708 421 2746 περὶ
443 2711 553 2746 ἐτέρους
576 2710 688 2746 legitur,
703 2709 870 2746 qui__sensns
895 2708 974 2746 longe

189 2742 400 2775 convenientiae
409 2750 459 2773 est.
477 2742 530 2773 Nec
550 2742 621 2772 enim
636 2745 668 2771 de
689 2742 812 2777 pluribus
828 2742 871 2769 llic
897 2743 974 2769 sche-

188 2781 326 2810 matismis
344 2781 408 2815 agit.
422 2781 467 2808 sed
484 2781 516 2807 de
539 2788 592 2806 uno
618 2784 740 2809 tantum,
762 2785 840 2811 quem
858 2777 973 2810 plurium

189 2825 222 2845 ac
248 2816 445 2852 prateritorum
469 2820 614 2852 eventuum
633 2820 742 2841 causam
764 2820 823 2839 esse
840 2817 930 2847 negat,
947 2817 976 2839 ut

189 2859 222 2880 es
232 2850 567 2888 sequentihusmapifeite
584 2853 700 2888 constat.

226 2882 283 2921 (49}
379 2884 395 2912 ὃ
409 2885 448 2919 δὴ
460 2885 513 2912 ὅτι.
529 2884 581 2922 Pro
593 2883 654 2911 καθ’
699 2892 725 2910 τι
759 2883 802 2920 δή,
819 2883 891 2919 quod
907 2882 975 2910 forte

191 2918 394 2950 rest-rihendum
408 2918 459 2953 est,
473 2921 571 2948 clarius
585 2924 655 2947 certe
670 2918 747 2946 foret.

1022 2323 1201 2358 contigerunt,
1217 2327 1299 2355 quam
1321 2317 1454 2353 ejusmodi
1470 2316 1552 2344 situm
1574 2314 1736 2343 obtinerent,
1749 2311 1808 2338 elfi-

1022 2376 1081 2395 eere
1093 2357 1144 2393 non
1159 2366 1285 2401 potuerit.
1301 2364 1346 2391 Sin
1363 2362 1461 2397 aliquis
1485 2360 1553 2388 forte
1569 2360 1631 2390 erit,
1647 2358 1692 2393 qui
1703 2357 1737 2384 ad
1762 2364 1807 2382 ve-

1022 2412 1127 2438 ritatem
1140 2411 1173 2437 iis
1187 2411 1239 2437 hoc
1254 2410 1280 2436 in
1305 2415 1402 2443 genere
1426 2404 1642 2434 concedendum,
1658 2410 1749 2430 rerum
1765 2401 1807 2428 fu-

1023 2462 1144 2485 turarum
1158 2448 1386 2491 pra-sensionibus
1413 2452 1562 2480 adducatur
1577 2458 1584 2482 ;
1603 2448 1740 2476 fatendum
1758 2447 1807 2481 ipsi

1060 2566 1116 2599 (50)
1132 2564 1229 2598 Σαφές
1246 2563 1277 2590 τὸ
1292 2563 1344 2597 μή.
1360 2563 1397 2589 Ita
1408 2557 1694 2599 distinguendumfuit
1707 2557 1739 2599 τὸ
1763 2565 1809 2582 σα-

1024 2593 1122 2636 φέςνει)
1137 2593 1243 2636 ἀλήθές.
1257 2593 1331 2633 quod
1358 2593 1610 2633 praeceditfalioqui
1627 2593 1810 2627 ἀσαφέστατος

1026 2635 1102 2664 locus
1116 2636 1160 2662 hic
1177 2635 1282 2661 luisset.

1061 2672 1116 2706 (5i)
1131 2667 1532 2706 ‘Emmdaac._Reponcndttm
1556 2664 1682 2706 existimo
1696 2663 1810 2706 ἐπίστήῖ

1026 2697 1194 2739 σαῖξξιίῐοψιὶ
1220 2697 1272 2730 non
1291 2697 1385 2739 s'olum'
1400 2703 1429 2729 τὸ
1452 2703 1478 2728 ει
1491 2701 1535 2732 δέ,
1553 2700 1624 2734 quod
1639 2697 1749 2739 periodi
1767 2701 1810 2739 est

1026 2731 1337 2771 itiitiuinfdvandéozov
1361 2737 1481 2764 futurum
1514 2731 1574 2766 est';
1600 2731 1650 2762 sed
1664 2734 1753 2771 Aeliam
1779 2731 1811 2758 τὸ

1024 2777 1093 2811 ἐρεῖ,
1109 2769 1180 2811 quod
1206 2775 1338 2807 sequitur,
1355 2773 1387 2800 ad
1403 2769 1807 2811 1genethliacuinrdefensoretu,

1026 2804 1139 2841 tion'a'd
1165 2804 1376 2844 oppugnatorem
1401 2807 1542 2844 Origenem
1566 2804 1725 2844 pertinebit;
1747 2810 1808 2829 cum

1026 2838 1115 2875 iamen
1131 2838 1261 2879 Oriééneus
1280 2853 1333 2871 non
1358 2844 1428 2870 hanc
1448 2838 1641 2879 ipsiuper'sese
1655 2838 1808 2879 oratiunem

1027 2882 1166 2911 attribuat,
1180 2875 1231 2907 sed
1253 2888 1312 2907 eam
1334 2878 1424 2913 potius
1441 2875 1472 2905 ei
1495 2877 1568 2904 illius
1589 2875 1716 2911 opinione
1732 2880 1810 2900 secuv

1029 2923 1115 2946 turam
1131 2915 1203 2944 velit.
