2063 3211
257 193 310 222 ι99

581 186 716 224 EUSEBll
736 195 978 224 CAESARIENSIS
997 195 1070 223 OPP.
1089 195 1180 224 PARS
1199 195 1232 224 ll.
1255 211 1290 216 —
1310 195 1558 224 APOLOGETICA.

1827 195 1881 222 500

257 259 357 285 tamen,
372 260 465 281 verum
480 254 574 282 abillis
587 262 620 282 eo
631 254 806 289 przenuntiari
825 259 941 285 tantum.
965 258 1038 289 quod

1090 256 1170 282 λοντα
1183 255 1327 290 δηλοῦσθαι
1358 255 1411 281 ἀπὺ
1427 255 1472 281 τοῦ
1496 255 1671 290 ἐνεστηκότος
1691 251 1881 289 σχηματισμοῦ

255 296 320 325 illud
333 303 406 327 astra
423 300 543 327 futurum
562 300 724 334 signiﬁcent,
741 308 795 327 non
814 300 886 335 quod
913 299 1041 328 efﬁciant.

254 343 333 377 Quod
357 345 380 372 si
400 345 468 373 alius
485 346 619 380 praeterita
643 352 697 372 non
711 345 768 380 jam
785 354 800 372 a
821 346 956 373 sideribus
971 345 1043 374 efﬁci

254 391 394 424 concedet,
411 392 458 418 sed
484 391 647 425 cognitionis
672 398 766 418 eorum
785 400 868 420 causa
885 392 911 419 in
937 393 1043 427 priores

255 438 321 464 alias
339 437 487 471 positiones
498 437 654 472 ﬁgurasque
664 438 805 470 translata,
814 438 899 465 solam
912 439 1043 465 hodierno

255 482 318 509 situi
336 481 560 516 significationem
586 482 720 516 relinquet
736 491 742 508 :
760 483 800 510 sic
813 488 913 516 tamen,
931 488 959 510 ut
975 491 1043 518 prae-

254 528 322 555 senti
334 528 453 555 siderum
467 528 614 555 suborlum
640 529 704 555 certi
723 529 805 564 hujus
826 529 944 557 hominis
957 530 1043 557 collo-

251 575 363 608 cationi,
374 579 475 602 certam
486 574 641 602 futurorum
653 576 846 610 praenotionem
856 576 947 603 deberi
961 578 1040 604 velit:

252 621 346 648 afferat
358 621 402 648 ille
413 627 495 655 porro
513 621 681 648 discriminis
697 621 841 655 rationem,
861 623 1040 656 quamobrem

252 667 305 694 alia
318 671 443 702 tanquam
457 668 551 696 effecta
564 669 588 695 vi
600 669 731 701 siderum,
749 669 801 695 alia
817 673 945 703 tanquam
960 669 994 696 ab
1007 670 1041 697 iis

253 713 334 740 modo
359 714 530 749 signiﬁcata,
555 723 617 742 vere
644 715 771 749 acgnosci
794 722 875 749 posse
902 715 1038 743 defendat.

252 757 329 790 Quod
340 758 378 785 illi
389 759 533 786 discrimen
543 767 605 787 cum
616 759 755 794 assignare
771 760 874 787 nullum
885 761 965 796 292
978 769 1041 796 pos-

251 803 316 835 sint,
336 804 478 832 nobiscum
496 805 622 840 deinceps
638 806 764 840 ingenue,
780 806 847 832 nihil
871 814 966 833 eorum
979 814 1039 841 qua

251 850 284 878 ad
302 849 427 878 homines
440 851 602 885 pertineant,
618 859 632 878 a
649 851 784 878 sideribus
797 851 868 878 efﬁci
885 850 1036 885 fateantur;

251 896 298 923 sed
315 895 479 926 tantum,uti
490 896 545 930 jam
563 901 625 923 ante
646 895 775 928 diximus,
799 901 938 932 utcunque
954 897 1038 932 signi-

1095 301 1144 336 τῆς
1158 299 1206 326 τοῦ
1224 300 1307 331 δεῖνος
1323 300 1465 334 γενέσεως·
1483 300 1685 335 παραστησόπω
1702 299 1757 334 (52)
1769 299 1817 334 τὴν
1827 298 1881 324 δια-

1095 346 1180 382 φορὰν
1196 346 1243 373 τοῦ
1268 346 1322 373 ἀπὸ
1345 346 1399 372 τῶν
1431 345 1553 382 ἀστέρων
1580 345 1708 372 δύνασθαι
1732 344 1825 376 δεῖξαι,
1838 344 1880 370 ὅτι

1093 392 1157 418 τάδε
1174 392 1222 427 μὲν
1239 391 1360 426 νενόηται
1374 391 1460 426 ἀληθῆ
1478 391 1516 422 ὼς
1531 390 1585 417 ἀπὸ
1602 389 1759 421 ποιούντων,
1773 389 1835 416 τάδε
1851 389 1879 414 δὲ

1094 437 1132 468 ὡς
1146 426 1199 463 ἀπὸ
1226 436 1412 472 σημαινόντων
1443 435 1530 471 μόνον.
1555 435 1600 471 Μὴ
1626 436 1732 471 ἔχοντες
1746 435 1773 461 δὲ
1789 426 1887 461 δοῦναί

1094 482 1143 518 τὴν
1155 482 1296 518 διαφορὰν,
1315 482 1492 517 εὐγνωμόνως
1516 482 1776 517 συγκαταθήσονται,
1798 480 1879 515 μηδὲν

1092 527 1147 553 τῶν
1159 527 1229 553 κατά
1238 527 1300 558 τοὺς
1315 527 1474 563 ἀνθρώπους
1482 527 1534 553 ἀπὸ
1547 528 1599 554 τῶν
1613 528 1734 562 ἀστέρων
1745 526 1878 561 γίνεσθαι,

1093 572 1151 599 ἀλλ’
1167 573 1204 604 ὡς
1215 574 1430 609 προειρήκαμεν,
1442 574 1464 599 εί
1475 574 1538 609 ἄρα,
1552 573 1738 609 σημαίνεσθαι-
1750 572 1787 603 ὡς
1804 573 1827 598 εί
1842 571 1880 606 μὴ

1092 618 1139 644 καὶ
1156 618 1209 644 ἀπὸ
1223 617 1276 644 τῶν
1296 618 1419 653 ἀστέρων
1443 627 1485 649 τις
1515 617 1649 653 ἐλάμϐανε
1671 617 1703 643 τὰ
1727 616 1880 652 παρεληλυ-

1093 661 1158 689 θότα
1172 662 1219 689 καὶ
1236 663 1269 688 τὰ
1289 662 1428 697 μέλλοντα,
1448 662 1505 688 ἀλλ’
1533 663 1587 689 ἀπὸ
1613 661 1659 688 τοῦ
1677 662 1723 689 νοῦ
1739 661 1786 687 τοῦ
1799 660 1878 691 Θεοῦ,

1092 706 1136 734 διά
1146 715 1217 738 τινος
1231 707 1310 741 λόγου
1325 707 1504 742 προφητικοῦ.
1525 708 1628 743 ’Ὠσπερ
1650 706 1704 742 γὰρ
1715 706 1879 742 προαπεδείο

1091 752 1186 788 ξαμεν,
1205 754 1245 780 ὅτι
1263 753 1338 779 οὐδὲν
1352 753 1433 780 λυπεί
1445 753 1491 780 τὸν
1509 753 1572 789 περὶ
1592 753 1639 780 τοῦ
1662 754 1704 787 ἐφ’
1719 754 1784 788 ἡμῖν
1799 753 1879 786 λόγον

1089 799 1119 825 τὸ
1132 799 1176 825 τὸν
1193 798 1258 825 Θεὸν
1270 799 1368 825 εἰδέναι
1383 799 1417 825 τὰ
1434 799 1647 834 πραχθησόμενα.
1660 799 1776 833 ἑκάστῳ,
1792 798 1878 830 οὕτως

1089 845 1149 871 οὐδὲ
1168 845 1202 870 τὰ
1217 846 1329 880 σημεῖα,
1351 844 1368 871 δι
1394 844 1488 876 ἔταξεν
1502 846 1515 871 ὁ
1529 845 1596 876 Θεὸς
1613 846 1653 876 είς
1678 844 1708 870 τὸ
1723 844 1877 879 σημαίνειν,

1091 890 1246 925 ἐμποδίζειν
1262 890 1316 925 (55)
1330 890 1360 916 τὺ
1373 891 1414 924 ἐφ’
1428 892 1503 925 ἡμῖν·
1525 890 1591 916 ἀι.)κά
1618 889 1816 925 παραπλησίως
1839 889 1881 924 βι-

251 942 336 969 ﬁcari.
347 941 425 975 Quod
441 942 550 976 perinde
560 942 672 970 omnino
688 943 777 975 fuerit,
801 951 833 970 ac
858 943 880 969 si
897 943 958 977 quis
983 951 1035 970 non

1089 936 1154 972 ϐλίῳ
1168 936 1321 971 περιέχοντι
1341 936 1374 962 τὰ.
1389 936 1519 971 μέλλοντα
1540 935 1717 972 προφητικῶς
1735 936 1749 961 ὁ
1767 935 1820 967 πᾶς
1835 936 1880 962 οὺ-

250 987 305 1022 jam
322 995 355 1014 ex
369 987 465 1015 iisdem
490 987 642 1019 sideribus,
659 989 705 1016 sed
722 997 770 1023 per
791 989 908 1023 alquam
922 989 1038 1023 prophe-

252 1032 328 1063 tiam.
340 1041 372 1060 ex
388 1033 502 1067 ipsamct
523 1033 569 1060 Dei
588 1039 677 1061 mente
702 1042 746 1062 res
770 1035 816 1062 aut
829 1035 978 1070 praeteritas
991 1041 1038 1062 aut

253 1077 359 1106 futuras
389 1079 559 1113 intelligeret.
579 1079 814 1112 Quemadmodum
829 1081 900 1107 enim
911 1081 1037 1115 superius

252 1129 390 1151 ostensum
418 1132 432 1151 a
453 1125 532 1152 nobis
549 1129 601 1156 est,
630 1126 702 1160 quod
720 1125 802 1158 Deus,
821 1134 882 1162 qua:
901 1134 916 1153 a
929 1134 1038 1162 quoque

252 1170 406 1205 profectura
420 1171 485 1204 sint,
501 1172 593 1198 omnia
607 1172 780 1206 praenovcrit,
794 1173 820 1199 id
842 1173 908 1199 nihil
925 1180 1037 1208 prorsus

253 1216 400 1243 voluntatis
414 1220 514 1243 nostra:
531 1218 658 1251 potestati
675 1217 781 1245 ollicere
798 1227 805 1244 :
822 1218 859 1244 ita
873 1226 923 1246 nec
937 1219 1035 1252 eidem,

251 1266 411 1297 quael-erum
436 1262 512 1297 signa
529 1262 600 1290 Deus
622 1271 683 1290 esse
706 1264 799 1297 voluit,
823 1264 1035 1292 incommodam.

252 1307 303 1335 Sed
315 1307 462 1335 voluminis
484 1308 600 1342 alicujus
621 1308 716 1341 instar,
732 1308 853 1336 futurum
878 1309 1036 1343 prophetica

251 1354 370 1381 dictione
384 1353 527 1388 complexi,
555 1354 682 1382 universo
696 1362 805 1390 quoque
822 1355 903 1386 cmlo,
920 1355 966 1389 qui
987 1353 1033 1381 Dei

252 1399 320 1426 liber
330 1398 441 1434 quidam
458 1403 517 1432 est,
533 1399 667 1427 contineri
693 1399 783 1427 futura
802 1405 926 1435 possunt.
944 1399 1036 1435 Itaque

253 1447 325 1472 hunc
340 1445 366 1472 in
384 1445 495 1472 modum
520 1445 630 1480 intelligi
660 1450 757 1480 potest,
790 1446 862 1480 quod
880 1447 905 1472 in
927 1445 1034 1481 Josepbi

251 1491 406 1526 precatione
421 1499 436 1518 a
451 1490 554 1518 Jacobo
580 1491 691 1523 dicitur,
707 1501 717 1517 ‹
734 1491 798 1526 Legi
815 1492 841 1518 in
858 1492 958 1519 tabulis
972 1491 1034 1518 coeli

250 1544 419 1572 quaecunque
435 1537 557 1564 accident
577 1537 655 1564 vobis
668 1557 675 1569 ,
688 1541 714 1563 et
734 1537 797 1564 ﬁliis
814 1537 920 1564 vestris.
941 1547 950 1563 ι
964 1536 1035 1570 Quin

250 1584 331 1610 etiam
348 1582 423 1616 illud,
442 1592 451 1608 ‹
470 1583 676 1616 complicabitur
688 1582 786 1609 caelum
801 1582 879 1616 quasi
895 1582 962 1609 liber
976 1582 1009 1615 '9,
1022 1592 1031 1608 ι

251 1636 284 1656 eo
300 1628 424 1656 fortassis
439 1628 563 1663 pertinet,
573 1633 603 1655 ut
621 1628 770 1662 impressas
789 1629 839 1663 ipsi
854 1636 943 1655 rerum
962 1627 1036 1655 futu-

255 1682 349 1702 rarum
364 1674 576 1710 signiﬁcationes
601 1674 750 1710 perfectum
773 1675 905 1709 quasique
919 1675 1037 1710 comple-

252 1724 309 1747 tum
336 1720 370 1747 iri
395 1720 572 1752 demonstret,
605 1720 834 1755 quemadmodum
860 1721 919 1755 ipso
944 1728 1035 1747 rerum

251 1766 325 1793 exitu
336 1766 471 1801 completa
481 1765 560 1800 vulgo
573 1767 763 1801 prophetarum
777 1766 905 1793 dicuntur
914 1767 1035 1794 oracula.

251 1811 340 1846 Atque
350 1811 385 1837 ita
401 1811 540 1845 signorum
559 1815 588 1838 ut
603 1811 661 1838 vice
678 1810 864 1845 fungerentur,
890 1812 1036 1839 constituta

251 1856 383 1884 divinitus
399 1861 471 1884 astra
485 1856 682 1891 fuerint,juxta
697 1856 774 1890 illud,
797 1866 806 1883 ι
818 1856 878 1884 Sint
888 1857 914 1884 in
926 1858 1011 1893 signa.
1024 1867 1033 1884 ι

253 1902 415 1938 Quanquam
427 1902 569 1935 Jeremias,
582 1903 621 1930 uti
640 1907 667 1930 et
682 1903 760 1930 nobis
782 1911 832 1930 nos
849 1904 908 1938 ipse
931 1904 1035 1938 reddat,

253 1956 341 1984 coque
353 1953 426 1975 metu
444 1948 547 1981 liberet,
561 1955 641 1982 quem
658 1956 690 1975 ea
707 1949 786 1976 nobis
800 1948 896 1976 afferre
914 1954 1035 1984 possvnt,

252 2001 313 2029 quae
326 1994 360 2020 ab
371 1993 453 2020 astris
467 1992 511 2020 vel
522 1993 680 2027 significari,
697 1993 739 2020 vel
765 1992 899 2027 proﬁcisci
915 1993 1038 2028 quando-

252 2046 306 2073 que
321 2038 473 2070 videantur,
497 2038 532 2065 ita
554 2042 655 2070 monet,
685 2047 695 2063 ‹
716 2038 737 2064 Α
759 2038 845 2073 signis
877 2039 937 2065 εωιί
956 2039 1038 2066 ηοΙίιο

253 2088 373 2112 metuere
384 2083 417 2110 ‘°.
429 2094 438 2109 ι
453 2083 511 2111 Jam
524 2091 597 2116 vero,
610 2083 681 2111 aliud
691 2088 819 2118 praeterea
831 2083 970 2111 videamus
994 2091 1038 2111 ar-

253 2137 422 2166 gumenlum,
443 2130 516 2164 quod
545 2130 680 2157 sideribus
709 2130 964 2160 elﬁciendinullam,
991 2130 1038 2158 sed

251 2176 371 2209 aliquam
402 2180 518 2207 tantum,
534 2175 557 2202 si
574 2175 614 2202 vel
631 2175 688 2209 ipsa
702 2179 791 2201 tamen
806 2175 864 2202 dari
889 2179 987 2209 potest,
1000 2176 1038 2202 si-

251 2221 395 2257 gniﬁcandi
409 2221 462 2247 vim
478 2221 621 2255 relinquat.
638 2219 777 2247 [lucebunt
791 2220 929 2247 enimvero
940 2221 1037 2248 inﬁniti

253 2275 343 2294 rerum
359 2271 447 2298 ortus,
472 2274 533 2300 qua;
555 2267 602 2293 uni
633 2266 766 2293 duntaxat
788 2266 892 2293 homini
907 2271 1037 2294 eventura
1054 2279 1076 2307 ο

252 2313 352 2346 sint(id
371 2312 443 2348 quod
459 2319 548 2339 tamen
561 2319 592 2339 ex
611 2311 860 2347 hypothesidiclum
873 2320 934 2339 esse
944 2312 1035 2343 velim,

253 2360 361 2393 perinde
375 2367 406 2386 ac
423 2359 446 2386 si
464 2366 559 2385 eorum
574 2358 600 2384 in
614 2358 795 2393 cognitionem
811 2359 935 2386 homines
945 2359 1038 2386 venire

252 2411 330 2438 posse
348 2402 551 2436 concedamus).
576 2401 653 2435 Quod
681 2403 752 2429 enim
779 2402 823 2429 hic
842 2407 890 2429 aut
913 2403 956 2429 illc
971 2403 1037 2429 certi

252 2449 390 2484 quidpiam
404 2449 545 2477 subiturus
552 2448 596 2480 sit,
607 2452 670 2483 puta
678 2447 862 2483 jugulandusa
873 2448 1036 2480 latronibus,

253 2496 279 2522 in
292 2503 361 2530 quos
374 2495 516 2527 inciderit;
532 2495 583 2522 hoc
605 2495 648 2522 isti
660 2495 768 2530 quidem
786 2495 882 2530 partim
899 2504 929 2523 ex
944 2496 965 2523 si
973 2504 1038 2529 ngu-

253 2541 302 2567 lari
317 2540 376 2574 ejus
384 2546 454 2573 ortu,
470 2541 566 2575 partim
578 2548 609 2567 ex
622 2540 746 2572 fratrum,
764 2541 786 2567 si
799 2541 889 2575 plures
901 2546 1036 2574 nosceret,

253 2585 420 2620 singulorum
450 2585 579 2614 nataliliis
592 2585 684 2613 haberi
700 2594 781 2621 posse
801 2586 960 2613 defendunt.
970 2585 1038 2613 Fra-

253 2629 302 2657 tris
318 2629 391 2656 enim
406 2630 506 2657 caedem
527 2631 664 2658 latronum
675 2639 755 2658 manu
772 2631 902 2665 futuram,
918 2632 1040 2666 singulo-

254 2682 378 2707 rum,nec
386 2682 440 2701 non
449 2676 567 2710 parentis
579 2677 800 2711 utriusque,'imo
810 2677 935 2713 conjugis
945 2678 1037 2710 etiam,

252 2719 412 2752 liberorum,
428 2719 603 2755 famulorum,
621 2731 654 2750 ac
665 2723 893 2756 necessariorum,
917 2724 1039 2758 adeoque

287 2771 302 2786 ι
314 2765 401 2793 [meo
415 2774 505 2800 ποιητ.
545 2767 736 2802 "lsa.xxx|v,
752 2769 779 2796 4.
816 2769 841 2785 ⁸ο
857 2769 912 2797 Jer.
931 2778 959 2803 κ,
976 2769 1003 2797 2.

290 2810 345 2845 (5'2)
361 2811 598 2849 Παραστῃσάεω.
614 2812 700 2846 Quam
720 2820 909 2849 argumentum
925 2816 976 2842 hoc
994 2823 1040 2842 nr-

255 2850 326 2879 geat.
348 2854 400 2885 non
426 2847 523 2885 sentio.
551 2846 735 2885 Responderet
752 2846 827 2877 'enim
843 2850 1038 2885 genethliacos,

257 2884 341 2920 totum
351 2881 413 2920 .hoc
427 2882 572 2920 discrimen
591 2881 625 2909 ex
645 2884 752 2912 diversa
767 2881 893 2918 praeteriti
909 2893 939 2912 ac
954 2885 1038 2913 futuri

256 2917 410 2944 conditione
424 2917 566 2952 petendum
582 2925 649 2946 esse.

1090 982 1168 1017 ρανὸς
1180 983 1302 1014 δύναται,
1326 982 1406 1008 οἱονεὶ
1422 982 1512 1017 βίϐλος
1525 981 1562 1007 ὢν
1590 981 1668 1012 Θεοῦ,
1692 981 1828 1016 περιέχειν
1844 981 1879 1007 τὰ

1090 1028 1229 1063 μέλλοντα.
1246 1028 1347 1063 Διόπερ
1360 1029 1388 1054 ἐν
1402 1028 1434 1062 τῇ
1453 1028 1591 1063 προσευχῇ
1613 1027 1661 1053 τοῦ
1687 1027 1784 1062 Ἰωσὴφ
1801 1026 1880 1052 δύνα-

1086 1082 1131 1100 ται
1147 1073 1218 1101 οὕτω
1247 1073 1364 1099 νοεῖσθαι
1387 1073 1418 1099 τὸ
1447 1072 1592 1108 λεγόμενον
1621 1073 1673 1099 ὑπὸ
1692 1072 1738 1099 τοῦ
1767 1072 1876 1099 Ἰακώϐ·

1091 1130 1099 1144 ι
1120 1119 1236 1153 Ἀνὲγνω
1245 1119 1299 1154 γὰρ
1314 1120 1342 1145 ὲν
1353 1120 1412 1150 ταῖς
1433 1118 1515 1150 πλαξὶ
1534 1118 1581 1145 τοῦ
1602 1117 1727 1154 οὐρανοῦ,
1741 1118 1791 1145 ὅσα
1805 1127 1878 1153 συμ-

1088 1165 1199 1200 ϐήσεται
1217 1165 1281 1200 ὑμῖν
1297 1165 1412 1196 καὶτοῖς
1423 1165 1492 1196 υἱοῖς
1502 1164 1589 1201 ὑμῶν.
1603 1175 1612 1191 ι
1628 1165 1704 1199 Τάχα
1722 1164 1750 1190 δὲ
1771 1165 1817 1190 καὶ
1835 1165 1876 1197 τὸ,

1089 1211 1277 1247 «Εἱλιγήσεται
1286 1208 1352 1245 (55⁸)
1362 1209 1375 1235 ὁ
1383 1209 1498 1244 οὐρανὸς
1506 1209 1544 1240 ὡς
1561 1210 1672 1245 βιϐλίον,
1680 1220 1688 1236 t
1705 1211 1767 1241 τοὺς
1781 1209 1877 1244 λόγους

1087 1256 1149 1287 τοὺς
1165 1256 1383 1291 περιεχομένους,
1396 1257 1577 1290 σημαντικοὺς
1587 1256 1640 1283 τῶν
1651 1257 1787 1291 ἐσομένων
1803 1256 1878 1291 δηλοῖ

1087 1301 1384 1337 ἀπαρτισθησομένους,
1400 1302 1446 1328 καὶ
1465 1302 1497 1328 ἵν’
1507 1301 1593 1333 οὕτως
1606 1302 1684 1335 εἴπω,
1703 1301 1878 1338 πληρωθησο·

1089 1347 1194 1382 μένους,
1211 1347 1304 1382 ὥσπερ
1320 1347 1442 1381 λέγονται
1457 1347 1485 1373 αἱ
1500 1349 1662 1384 προφητεῖαι
1680 1348 1876 1384 πεπληρῶσθαι

1086 1393 1126 1428 τῷ
1146 1393 1338 1428 ἐκϐεϐηκέναι.
1366 1393 1422 1419 Καὶ
1452 1392 1537 1425 οὕτως
1560 1393 1635 1420 ἔσται
1660 1395 1700 1425 εἰς
1725 1395 1827 1429 σημεῖα
1842 1393 1878 1420 τὰ

1087 1440 1174 1475 ἄστρα
1191 1439 1330 1474 γεγονότα,
1345 1439 1417 1466 κατά
1431 1439 1479 1474 τὴν
1495 1440 1625 1474 λέγουσαν
1641 1436 1743 1474 φωνὴν,
1755 1449 1764 1464 ι
1778 1440 1881 1465 Ἔστω-

1088 1494 1136 1511 σαν
1153 1487 1192 1517 είς
1206 1486 1332 1520 onusta.»
1357 1485 1386 1511 '0
1400 1484 1428 1511 δὲ
1447 1485 1590 1520 Ἱερεμίας,
1619 1485 1789 1520 ἐπιστρέφων
1802 1485 1878 1520 ἡμεῖς

1087 1531 1154 1567 πρὸς
1167 1532 1288 1563 ἑαυτοὺς,
1304 1532 1351 1558 καὶ
1368 1531 1519 1568 περιαιρῶν
1542 1531 1623 1566 φόϐον
1638 1531 1683 1557 τὸν
1702 1531 1748 1557 ἐπὶ
1761 1533 1817 1562 τοῖς
1831 1532 1876 1557 νο-

1089 1577 1242 1612 μιζομένοις
1255 1577 1444 1612 σημαίνεσθαι,
1462 1577 1532 1612 τάχα
1545 1577 1573 1603 δὲ
1590 1577 1637 1603 καὶ
1653 1577 1872 1611 ὑπολαμϐανομέ-

1087 1631 1142 1654 νοις
1155 1623 1258 1648 ἐκεῖθεν
1271 1622 1409 1657 ἔρχεσθαι,
1428 1622 1519 1657 φησίν⁸
1551 1632 1559 1647 ‹
1580 1622 1646 1648 Ἀπὺ
1672 1622 1726 1648 τῶν
1756 1622 1878 1657 σημείων

1086 1668 1133 1694 τοῦ
1143 1668 1257 1704 οὐρανοῦ
1271 1668 1308 1703 μὴ
1322 1667 1457 1703 φοϐεῖσθε.
1466 1677 1475 1693 ι
1489 1667 1602 1703 Ίδωμεν
1614 1667 1660 1694 καὶ
1679 1667 1805 1703 δεύτερον
1817 1669 1878 1694 ὲπι-

1087 1714 1216 1750 χείρημα,
1233 1714 1291 1746 πῶς
1299 1714 1329 1740 οὑ
1340 1714 1466 1740 δύνανται
1482 1714 1506 1740 οἱ
1524 1713 1637 1749 ἀστέρες
1648 1711 1716 1739 εἶναι
1728 1713 1875 1748 ποιητικοί,

1087 1759 1154 1792 ἀλλ’,
1169 1760 1193 1785 εί
1210 1759 1274 1795 ἄρα,
1293 1759 1465 1795 σημαντικοί.
1489 1759 1554 1785 Ἀπὸ
1579 1759 1633 1785 τῶν
1664 1759 1798 1785 πλείστων
1821 1758 1877 1794 γὰρ

1086 1806 1157 1832 ὅσων
1171 1805 1303 1839 γενέσεων
1315 1805 1373 1831 ἔστι
1388 1805 1481 1832 λαϐεῖν
1498 1805 1532 1831 τὰ
1557 1804 1620 1840 περὶ
1644 1804 1703 1836 ἑνὸς
1719 1803 1875 1839 ἀνθρώπου·

1088 1851 1185 1887 (τοῦτο
1207 1851 1235 1878 δὲ
1260 1850 1319 1878 καθ’
1335 1850 1462 1877 ὑπόθεσιν
1479 1851 1603 1886 λέγομεν,
1631 1850 1833 1886 συγχωροῦντες
1846 1849 1878 1876 τὸ

1087 1898 1242 1933 ἐπιστήμην
1272 1897 1360 1924 αὐτῶν
1389 1897 1624 1933 ἀναλαμϐάνεσθαι
1658 1897 1703 1923 ὑπ’
1724 1896 1878 1932 ἀνθρώπων

1087 1943 1238 1979 δύνασθαιῆ
1254 1943 1322 1979 φέρε
1335 1943 1388 1979 γὰρ
1399 1944 1496 1974 εἰπεῖν,
1509 1943 1573 1978 περὶ
1589 1942 1635 1969 τοῦ
1646 1942 1719 1969 τόνδε
1736 1943 1877 1969 πείσεσθαι

1087 1990 1210 2022 τόδε,καὶ
1223 1989 1399 2025 τεθνήξεσθαι
1416 1990 1599 2024 περιπεσόντα
1614 1989 1726 2025 λῃσταῖς
1742 1990 1789 2015 καὶ
1803 1989 1878 2015 ἀναι-

1090 2035 1212 2071 ρεθέντα,
1229 2037 1296 2071 φησὶ
1307 2036 1436 2073 δύνασθαι
1450 2036 1598 2071 λαμϐάνειν
1621 2036 1675 2062 ἀπό
1692 2044 1722 2062 τε
1742 2035 1792 2070 τῆς
1809 2036 1879 2067 ιδίας

1087 2081 1170 2108 αὑτοῦ
1183 2081 1324 2116 γενέσεως,
1342 2074 1393 2109 κᾶν
1409 2081 1477 2117 τύχῃ
1504 2081 1572 2117 ἔχων
1587 2081 1717 2115 ἀδελφοὺς
1740 2081 1876 2113 πλείονας,

1087 2127 1141 2154 ἀπὸ
1153 2129 1202 2163 τῆς
1216 2128 1329 2155 ἑκάστου
1345 2128 1446 2155 αὐτῶν.
1465 2128 1606 2163 Περιέχειν
1623 2127 1676 2164 γὰρ
1703 2128 1803 2154 οἴονται
1829 2127 1879 2163 τὴν

1088 2174 1201 2200 ἑκάστου
1216 2174 1321 2208 γένεσιν
1337 2174 1448 2208 ἀδελφὺν
1474 2174 1527 2201 ὑπὸ
1549 2174 1654 2209 λῃστῶν
1672 2173 1877 2209 τεθνηξόμενον,

1087 2220 1186 2255 ὁμοίως
1193 2221 1239 2246 καὶ
1247 2220 1295 2255 τὴν
1305 2219 1351 2246 τοῦ
1359 2220 1471 2256 πατρὸς,
1479 2221 1525 2246 καὶ
1535 2221 1583 2255 τὴν
1596 2221 1644 2256 τῆς
1662 2219 1765 2256 μητρὸς
1774 2220 1822 2246 καὶ
1828 2220 1878 2254 τὴν

1087 2266 1136 2301 τῆς
1142 2266 1273 2301 γαμετῆς,
1281 2266 1327 2292 καὶ
1336 2266 1389 2292 τῶν
1403 2265 1467 2292 υἱῶν
1474 2265 1566 2296 αὑτοῦ,
1579 2267 1626 2292 καὶ
1633 2265 1686 2292 τῶν
1697 2266 1821 2297 οἰκετῶν,
1830 2265 1878 2291 καὶ

1088 2312 1142 2339 τῶν
1149 2312 1290 2346 φιλτάτωψ
1299 2311 1368 2346 τάχα
1374 2311 1401 2338 δὲ
1410 2313 1456 2338 καὶ
1462 2311 1550 2338 αὐτῶν
1558 2311 1610 2338 τῶν
1618 2311 1877 2347 ἀναιρούντωνᾟῶς

1089 2356 1135 2385 οὖν
1149 2358 1260 2385 δυνατὸν
1274 2357 1320 2383 τὸν
1335 2357 1478 2388 τοσαύταις
1489 2357 1637 2391 γενέσεσιν,
1646 2357 1689 2383 ἵνα
1697 2357 1788 2388 αὐτοῖς
1799 2356 1876 2383 τοῦτο

1090 2405 1263 2440 συγχωρηθῇ,
1280 2404 1506 2440 ὲμπεριεχόμενον
1528 2403 1648 2437 γίνεσθαι
1667 2403 1718 2430 ὑπὸ
1739 2403 1786 2429 τοῦ
1811 2412 1878 2438 σχη-

1091 2450 1227 2486 ματισμοῦ
1241 2450 1296 2477 τῶν
1309 2449 1442 2485 ἀστέρων,
1454 2449 1534 2483 τῆσδε
1548 2448 1646 2484 μᾶλλον
1658 2449 1706 2483 τῆς
1718 2448 1850 2482 γενέσεως
1859 2448 1876 2482 ἢ

1089 2497 1189 2530 τῶνδε;
1211 2489 1353 2523 Ἀττίθένον
1379 2497 1433 2532 γὰρ
1450 2496 1497 2522 καὶ
1522 2496 1552 2522 τὸ
1574 2495 1687 2530 φάσκειν
1705 2495 1750 2521 τὸν
1768 2502 1877 2529 σχημα-

1089 2543 1184 2578 τισμὸν
1199 2543 1243 2569 τόν
1257 2544 1287 2570 ὲν
1300 2544 1333 2578 τῇ
1349 2543 1402 2578 ἰδίᾳ
1416 2542 1493 2571 τοῦδὲ
1518 2550 1588 2573 τινος
1604 2541 1710 2575 γενέσει
1723 2540 1808 2567 ταῦτα
1827 2549 1877 2566 πε-

1090 2589 1242 2624 ποιηκέναι,
1253 2589 1299 2616 τὸν
1320 2589 1349 2616 δὲ
1368 2590 1396 2615 ὲν
1410 2590 1443 2624 τῇ
1459 2588 1542 2615 τῶνδε
1554 2587 1658 2622 γενέσει
1672 2587 1708 2622 μὴ
1728 2586 1878 2621 πεποιηκέ-

1090 2644 1143 2666 ναι,
1156 2635 1223 2662 ἀλλὰ
1239 2635 1443 2671 σεσημαγκέναι
1473 2635 1563 2670 μόνον.
1586 2633 1703 2660 Ἦλιθιον
1726 2632 1781 2668 γὰρ
1794 2632 1825 2658 τὸ
1839 2632 1878 2658 εί-

1090 2683 1161 2714 πεῖν,
1183 2682 1253 2716 ὅτιὴ
1277 2682 1384 2708 πάντων
1407 2681 1513 2715 γένεσις
1544 2680 1663 2715 περιεῖχε
1687 2679 1747 2705 καθ’
1764 2678 1878 2706 ἔναττον

1091 2727 1231 2762 ποιητικὸν
1241 2733 1254 2747 α
1270 2726 1317 2754 τοῦ
1333 2726 1408 2753 τόνδε
1422 2725 1685 2761 ἀναιρεθῆναι-ὥστε
1699 2725 1728 2751 ὲν
1744 2723 1876 2758 γενέσεσι,

1127 2819 1182 2854 (55)
1206 2817 1394 2852 Ἐμποὸίζειν.
1413 2817 1502 2854 Malim
1518 2815 1742 2854 épnoﬁiéfstKNe‘c
1755 2815 1827 2843 enim
1850 2815 1877 2843 id

1092 2850 1154 2881 ante
1170 2850 1377 2885 demonstravit,
1394 2853 1447 2880 nisi
1465 2850 1539 2879 [οι-ιε’
1549 2851 1607 2878 κατ’
1619 2850 1792 2878 ἀκολουθίαπ

1127 2888 1401 2925 (55⁵)Ε1λιγήσεται.
1417 2887 1492 2923 Vulg.
1506 2887 1669 2923 ἐλιγήσεται.
1684 2887 1762 2914 Enn.
