  <div class='ocr_page' id='page_1' title='image "/cluster/home/n/w/nwhite01/storage/ocr_20150623/21/njp.32101077772489/284.png"; bbox 0 0 2063 3211; ppageno 0'>
   <div class='ocr_carea' id='block_1_1' title="bbox 142 187 190 214">
    <p class='ocr_par' dir='ltr' id='par_1_1' title="bbox 142 187 190 214">
     <span class='ocr_line' id='line_1_1' title="bbox 142 187 190 214; baseline 0 0"><span class='ocrx_word' id='word_1_1' title='bbox 142 187 190 214; x_wconf 72' lang='grc'><strong>501</strong></span> 
     </span>
    </p>
   </div>
   <div class='ocr_carea' id='block_1_2' title="bbox 725 183 1194 214">
    <p class='ocr_par' dir='ltr' id='par_1_2' title="bbox 725 183 1194 214">
     <span class='ocr_line' id='line_1_2' title="bbox 725 183 1194 214; baseline -0.006 0"><span class='ocrx_word' id='word_1_2' title='bbox 725 184 894 214; x_wconf 73' lang='grc' dir='ltr'><strong>ΡΗΑΞΡΑΒ.</strong></span> <span class='ocrx_word' id='word_1_3' title='bbox 917 183 1042 213; x_wconf 79' lang='lat' dir='ltr'><strong>EVANG.</strong></span> <span class='ocrx_word' id='word_1_4' title='bbox 1064 183 1127 213; x_wconf 86' lang='lat' dir='ltr'><strong>LIB.</strong></span> <span class='ocrx_word' id='word_1_5' title='bbox 1148 183 1194 212; x_wconf 74' lang='lat' dir='ltr'><strong>Vl.</strong></span> 
     </span>
    </p>
   </div>
   <div class='ocr_carea' id='block_1_3' title="bbox 1721 184 1774 212">
    <p class='ocr_par' dir='ltr' id='par_1_3' title="bbox 1721 184 1774 212">
     <span class='ocr_line' id='line_1_3' title="bbox 1721 184 1774 212; baseline -0.019 0"><span class='ocrx_word' id='word_1_6' title='bbox 1721 184 1774 212; x_wconf 67' lang='lat'><strong>502</strong></span> 
     </span>
    </p>
   </div>
   <div class='ocr_carea' id='block_1_4' title="bbox 138 244 934 284">
    <p class='ocr_par' dir='ltr' id='par_1_4' title="bbox 138 246 932 284">
     <span class='ocr_line' id='line_1_4' title="bbox 138 246 932 284; baseline -0.001 -10"><span class='ocrx_word' id='word_1_7' title='bbox 138 247 199 275; x_wconf 77' lang='grc' dir='ltr'>καθ’</span> <span class='ocrx_word' id='word_1_8' title='bbox 230 246 360 274; x_wconf 79' lang='grc' dir='ltr'>ὑπόθεσιν</span> <span class='ocrx_word' id='word_1_9' title='bbox 382 246 470 282; x_wconf 77' lang='grc' dir='ltr'>λέγω,</span> <span class='ocrx_word' id='word_1_10' title='bbox 503 247 672 283; x_wconf 80' lang='grc' dir='ltr'>πεντήκοντα</span> <span class='ocrx_word' id='word_1_11' title='bbox 702 247 877 284; x_wconf 84' lang='grc' dir='ltr'>περιέχεσθαι</span> <span class='ocrx_word' id='word_1_12' title='bbox 901 247 932 273; x_wconf 80' lang='grc' dir='ltr'>τὸ</span> 
     </span>
    </p>
   </div>
   <div class='ocr_carea' id='block_1_5' title="bbox 986 244 1775 284">
    <p class='ocr_par' dir='ltr' id='par_1_5' title="bbox 986 244 1775 281">
     <span class='ocr_line' id='line_1_5' title="bbox 986 244 1775 281; baseline 0 -8"><span class='ocrx_word' id='word_1_13' title='bbox 986 246 1188 274; x_wconf 85' lang='lat' dir='ltr'><strong>interfectorum</strong></span> <span class='ocrx_word' id='word_1_14' title='bbox 1213 245 1334 281; x_wconf 87' lang='lat' dir='ltr'><strong>ipsorum</strong></span> <span class='ocrx_word' id='word_1_15' title='bbox 1362 244 1485 273; x_wconf 77' lang='lat' dir='ltr'><strong>fortassis</strong></span> <span class='ocrx_word' id='word_1_16' title='bbox 1507 248 1568 272; x_wconf 88' lang='lat' dir='ltr'><strong>ortu</strong></span> <span class='ocrx_word' id='word_1_17' title='bbox 1589 244 1723 274; x_wconf 82' lang='lat' dir='ltr'><strong>inclusam</strong></span> <span class='ocrx_word' id='word_1_18' title='bbox 1735 251 1775 273; x_wconf 81' lang='lat' dir='ltr'><strong>te-</strong></span> 
     </span>
    </p>
   </div>
   <div class='ocr_carea' id='block_1_6' title="bbox 137 292 932 330">
    <p class='ocr_par' dir='ltr' id='par_1_6' title="bbox 137 292 932 330">
     <span class='ocr_line' id='line_1_6' title="bbox 137 292 932 330; baseline -0.003 -9"><span class='ocrx_word' id='word_1_19' title='bbox 137 294 212 321; x_wconf 81' lang='grc' dir='ltr'>τόνδε</span> <span class='ocrx_word' id='word_1_20' title='bbox 228 293 291 321; x_wconf 83' lang='grc' dir='ltr'>τινὰ</span> <span class='ocrx_word' id='word_1_21' title='bbox 308 294 492 330; x_wconf 78' lang='grc' dir='ltr'>ἀναιρεθῆναι.</span> <span class='ocrx_word' id='word_1_22' title='bbox 510 294 567 321; x_wconf 86' lang='grc' dir='ltr'><strong>Οὐκ</strong></span> <span class='ocrx_word' id='word_1_23' title='bbox 579 292 637 320; x_wconf 84' lang='grc' dir='ltr'>οἴδα</span> <span class='ocrx_word' id='word_1_24' title='bbox 652 293 674 320; x_wconf 73' lang='grc' dir='ltr'>δ’</span> <span class='ocrx_word' id='word_1_25' title='bbox 686 293 760 325; x_wconf 82' lang='grc' dir='ltr'><strong>ὅπως</strong></span> <span class='ocrx_word' id='word_1_26' title='bbox 775 293 932 329; x_wconf 81' lang='grc' dir='ltr'><strong>δυνήσονται</strong></span> 
     </span>
    </p>
   </div>
   <div class='ocr_carea' id='block_1_7' title="bbox 140 339 933 375">
    <p class='ocr_par' dir='ltr' id='par_1_7' title="bbox 140 339 933 375">
     <span class='ocr_line' id='line_1_7' title="bbox 140 339 933 375; baseline -0.001 -9"><span class='ocrx_word' id='word_1_27' title='bbox 140 340 225 367; x_wconf 76' lang='grc' dir='ltr'>σῶσαι</span> <span class='ocrx_word' id='word_1_28' title='bbox 240 339 274 366; x_wconf 81' lang='grc' dir='ltr'>τὸ</span> <span class='ocrx_word' id='word_1_29' title='bbox 287 340 342 366; x_wconf 78' lang='grc' dir='ltr'><strong>τῶν</strong></span> <span class='ocrx_word' id='word_1_30' title='bbox 355 340 403 375; x_wconf 85' lang='grc' dir='ltr'><strong>μὲν</strong></span> <span class='ocrx_word' id='word_1_31' title='bbox 417 341 446 367; x_wconf 84' lang='grc' dir='ltr'>ἐν</span> <span class='ocrx_word' id='word_1_32' title='bbox 466 339 580 374; x_wconf 75' lang='grc' dir='ltr'>Ἰουδαίᾳ</span> <span class='ocrx_word' id='word_1_33' title='bbox 595 339 688 374; x_wconf 84' lang='grc' dir='ltr'>σχεδὸν</span> <span class='ocrx_word' id='word_1_34' title='bbox 711 339 819 366; x_wconf 81' lang='grc' dir='ltr'>πάντων</span> <span class='ocrx_word' id='word_1_35' title='bbox 832 339 933 366; x_wconf 80' lang='grc' dir='ltr'>τοιόνδε</span> 
     </span>
    </p>
   </div>
   <div class='ocr_carea' id='block_1_8' title="bbox 139 383 933 421">
    <p class='ocr_par' dir='ltr' id='par_1_8' title="bbox 139 383 933 421">
     <span class='ocr_line' id='line_1_8' title="bbox 139 383 933 421; baseline 0 -9"><span class='ocrx_word' id='word_1_36' title='bbox 139 383 207 413; x_wconf 74' lang='grc' dir='ltr'>εἶναι</span> <span class='ocrx_word' id='word_1_37' title='bbox 220 386 268 413; x_wconf 78' lang='grc' dir='ltr'>τὸν</span> <span class='ocrx_word' id='word_1_38' title='bbox 282 386 473 421; x_wconf 73' lang='grc' dir='ltr'>σχηματισμὸν</span> <span class='ocrx_word' id='word_1_39' title='bbox 499 386 546 412; x_wconf 74' lang='grc' dir='ltr'><strong>ἐπὶ</strong></span> <span class='ocrx_word' id='word_1_40' title='bbox 560 386 610 421; x_wconf 84' lang='grc' dir='ltr'>τῆς</span> <span class='ocrx_word' id='word_1_41' title='bbox 627 385 770 420; x_wconf 83' lang='grc' dir='ltr'>γενέσεως,</span> <span class='ocrx_word' id='word_1_42' title='bbox 788 385 825 417; x_wconf 88' lang='grc' dir='ltr'><strong>ὡς</strong></span> <span class='ocrx_word' id='word_1_43' title='bbox 834 385 933 420; x_wconf 84' lang='grc' dir='ltr'>ὀκταή-</span> 
     </span>
    </p>
   </div>
   <div class='ocr_carea' id='block_1_9' title="bbox 140 431 933 468">
    <p class='ocr_par' dir='ltr' id='par_1_9' title="bbox 140 431 933 468">
     <span class='ocr_line' id='line_1_9' title="bbox 140 431 933 468; baseline -0.001 -10"><span class='ocrx_word' id='word_1_44' title='bbox 140 441 223 468; x_wconf 82' lang='grc' dir='ltr'>μερον</span> <span class='ocrx_word' id='word_1_45' title='bbox 238 431 336 464; x_wconf 76' lang='grc' dir='ltr'>αὐτοὺς</span> <span class='ocrx_word' id='word_1_46' title='bbox 347 431 496 467; x_wconf 78' lang='grc' dir='ltr'>λαμϐάνειν</span> <span class='ocrx_word' id='word_1_47' title='bbox 513 431 675 468; x_wconf 88' lang='grc' dir='ltr'>περιτομὴν,</span> <span class='ocrx_word' id='word_1_48' title='bbox 691 431 933 468; x_wconf 80' lang='grc' dir='ltr'>ἀκρωτηριαζομέ-</span> 
     </span>
    </p>
   </div>
   <div class='ocr_carea' id='block_1_10' title="bbox 139 478 933 513">
    <p class='ocr_par' dir='ltr' id='par_1_10' title="bbox 139 478 933 513">
     <span class='ocr_line' id='line_1_10' title="bbox 139 478 933 513; baseline 0 -9"><span class='ocrx_word' id='word_1_49' title='bbox 139 486 212 509; x_wconf 81' lang='grc' dir='ltr'>νους,</span> <span class='ocrx_word' id='word_1_50' title='bbox 230 478 276 504; x_wconf 83' lang='grc' dir='ltr'>καὶ</span> <span class='ocrx_word' id='word_1_51' title='bbox 293 478 453 513; x_wconf 79' lang='grc' dir='ltr'><strong>ἑλκομένους</strong></span> <span class='ocrx_word' id='word_1_52' title='bbox 469 478 535 513; x_wconf 70' lang='grc'>(54),</span> <span class='ocrx_word' id='word_1_53' title='bbox 563 478 610 504; x_wconf 77' lang='grc' dir='ltr'>καὶ</span> <span class='ocrx_word' id='word_1_54' title='bbox 626 478 764 513; x_wconf 76' lang='grc' dir='ltr'><strong>φλεγμονῇ</strong></span> <span class='ocrx_word' id='word_1_55' title='bbox 788 486 933 513; x_wconf 88' lang='grc' dir='ltr'>περιπεσο-</span> 
     </span>
    </p>
   </div>
   <div class='ocr_carea' id='block_1_11' title="bbox 140 522 933 558">
    <p class='ocr_par' dir='ltr' id='par_1_11' title="bbox 140 522 933 558">
     <span class='ocr_line' id='line_1_11' title="bbox 140 522 933 558; baseline 0.001 -10"><span class='ocrx_word' id='word_1_56' title='bbox 140 522 248 557; x_wconf 74' lang='grc' dir='ltr'>μένους,</span> <span class='ocrx_word' id='word_1_57' title='bbox 266 523 312 548; x_wconf 79' lang='grc' dir='ltr'>καὶ</span> <span class='ocrx_word' id='word_1_58' title='bbox 326 522 474 557; x_wconf 77' lang='grc' dir='ltr'><strong>τραύμασι,</strong></span> <span class='ocrx_word' id='word_1_59' title='bbox 497 522 544 549; x_wconf 76' lang='grc' dir='ltr'><strong>καὶ</strong></span> <span class='ocrx_word' id='word_1_60' title='bbox 560 523 616 558; x_wconf 72' lang='grc' dir='ltr'><strong>ἅμα</strong></span> <span class='ocrx_word' id='word_1_61' title='bbox 630 524 663 558; x_wconf 85' lang='grc' dir='ltr'>τῇ</span> <span class='ocrx_word' id='word_1_62' title='bbox 677 524 717 554; x_wconf 81' lang='grc' dir='ltr'>εἰς</span> <span class='ocrx_word' id='word_1_63' title='bbox 743 523 788 549; x_wconf 72' lang='grc' dir='ltr'>τὸν</span> <span class='ocrx_word' id='word_1_64' title='bbox 809 522 865 558; x_wconf 81' lang='grc' dir='ltr'>βίον</span> <span class='ocrx_word' id='word_1_65' title='bbox 876 524 933 549; x_wconf 82' lang='grc' dir='ltr'>εἰσ-</span> 
     </span>
    </p>
   </div>
   <div class='ocr_carea' id='block_1_12' title="bbox 137 568 934 604">
    <p class='ocr_par' dir='ltr' id='par_1_12' title="bbox 137 568 934 604">
     <span class='ocr_line' id='line_1_12' title="bbox 137 568 934 604; baseline 0.003 -10"><span class='ocrx_word' id='word_1_66' title='bbox 137 568 190 603; x_wconf 75' lang='grc' dir='ltr'><strong>όδῳ</strong></span> <span class='ocrx_word' id='word_1_67' title='bbox 206 568 306 604; x_wconf 85' lang='grc' dir='ltr'>ζατρῶν</span> <span class='ocrx_word' id='word_1_68' title='bbox 327 568 479 604; x_wconf 75' lang='grc' dir='ltr'><strong>δεομένους·</strong></span> <span class='ocrx_word' id='word_1_69' title='bbox 498 569 550 596; x_wconf 80' lang='grc' dir='ltr'><strong>τῶν</strong></span> <span class='ocrx_word' id='word_1_70' title='bbox 571 569 599 595; x_wconf 80' lang='grc' dir='ltr'>δὲ</span> <span class='ocrx_word' id='word_1_71' title='bbox 625 570 654 595; x_wconf 88' lang='grc' dir='ltr'>ὲν</span> <span class='ocrx_word' id='word_1_72' title='bbox 677 569 862 604; x_wconf 75' lang='grc' dir='ltr'>Ίσμαηλίταις</span> <span class='ocrx_word' id='word_1_73' title='bbox 877 570 934 601; x_wconf 81' lang='grc' dir='ltr'>τοῖς</span> 
     </span>
    </p>
   </div>
   <div class='ocr_carea' id='block_1_13' title="bbox 137 614 933 650">
    <p class='ocr_par' dir='ltr' id='par_1_13' title="bbox 137 614 933 650">
     <span class='ocr_line' id='line_1_13' title="bbox 137 614 933 650; baseline 0.001 -10"><span class='ocrx_word' id='word_1_74' title='bbox 137 614 211 641; x_wconf 65' lang='grc' dir='ltr'>κατὰ</span> <span class='ocrx_word' id='word_1_75' title='bbox 227 614 277 650; x_wconf 76' lang='grc' dir='ltr'>τὴν</span> <span class='ocrx_word' id='word_1_76' title='bbox 295 614 432 650; x_wconf 78' lang='grc' dir='ltr'>Ἀραϐίαν,</span> <span class='ocrx_word' id='word_1_77' title='bbox 462 615 573 646; x_wconf 85' lang='grc' dir='ltr'>τοιόνδε,</span> <span class='ocrx_word' id='word_1_78' title='bbox 588 614 625 646; x_wconf 81' lang='grc' dir='ltr'><strong>ὡς</strong></span> <span class='ocrx_word' id='word_1_79' title='bbox 655 614 758 646; x_wconf 83' lang='grc' dir='ltr'><strong>πάντας</strong></span> <span class='ocrx_word' id='word_1_80' title='bbox 774 615 933 650; x_wconf 81' lang='grc' dir='ltr'>περιτέμνε-</span> 
     </span>
    </p>
   </div>
   <div class='ocr_carea' id='block_1_14' title="bbox 138 659 935 696">
    <p class='ocr_par' dir='ltr' id='par_1_14' title="bbox 138 659 935 696">
     <span class='ocr_line' id='line_1_14' title="bbox 138 659 935 696; baseline 0 -10"><span class='ocrx_word' id='word_1_81' title='bbox 138 659 203 686; x_wconf 81' lang='grc' dir='ltr'>σθαι</span> <span class='ocrx_word' id='word_1_82' title='bbox 217 659 475 696; x_wconf 62' lang='grc' dir='ltr'>τρισόιαιδεκαετεῖς</span> <span class='ocrx_word' id='word_1_83' title='bbox 493 660 573 686; x_wconf 84' lang='grc' dir='ltr'>τοῦτο</span> <span class='ocrx_word' id='word_1_84' title='bbox 587 660 641 695; x_wconf 83' lang='grc' dir='ltr'><strong>γὰρ</strong></span> <span class='ocrx_word' id='word_1_85' title='bbox 658 660 796 695; x_wconf 80' lang='grc' dir='ltr'><strong>ἱστόρηται</strong></span> <span class='ocrx_word' id='word_1_86' title='bbox 813 660 876 695; x_wconf 82' lang='grc' dir='ltr'>περὶ</span> <span class='ocrx_word' id='word_1_87' title='bbox 888 661 935 686; x_wconf 74' lang='grc' dir='ltr'><strong>αὑ-</strong></span> 
     </span>
    </p>
   </div>
   <div class='ocr_carea' id='block_1_15' title="bbox 137 705 934 742">
    <p class='ocr_par' dir='ltr' id='par_1_15' title="bbox 137 705 934 742">
     <span class='ocr_line' id='line_1_15' title="bbox 137 705 934 742; baseline 0.001 -10"><span class='ocrx_word' id='word_1_88' title='bbox 137 705 204 732; x_wconf 77' lang='grc' dir='ltr'>τῶν.</span> <span class='ocrx_word' id='word_1_89' title='bbox 222 706 278 732; x_wconf 76' lang='grc' dir='ltr'>Καὶ</span> <span class='ocrx_word' id='word_1_90' title='bbox 290 706 370 733; x_wconf 84' lang='grc' dir='ltr'>πάλιν</span> <span class='ocrx_word' id='word_1_91' title='bbox 398 706 480 733; x_wconf 88' lang='grc' dir='ltr'><strong>τῶνδέ</strong></span> <span class='ocrx_word' id='word_1_92' title='bbox 505 715 585 734; x_wconf 84' lang='grc' dir='ltr'>τινων</span> <span class='ocrx_word' id='word_1_93' title='bbox 608 706 662 734; x_wconf 83' lang='grc' dir='ltr'>τῶν</span> <span class='ocrx_word' id='word_1_94' title='bbox 682 708 711 733; x_wconf 82' lang='grc' dir='ltr'>ὲν</span> <span class='ocrx_word' id='word_1_95' title='bbox 725 707 831 742; x_wconf 73' lang='grc' dir='ltr'>Αἰθίοψι</span> <span class='ocrx_word' id='word_1_96' title='bbox 848 708 934 734; x_wconf 84' lang='grc' dir='ltr'>τοῖσδε</span> 
     </span>
    </p>
   </div>
   <div class='ocr_carea' id='block_1_16' title="bbox 139 752 934 789">
    <p class='ocr_par' dir='ltr' id='par_1_16' title="bbox 139 752 934 789">
     <span class='ocr_line' id='line_1_16' title="bbox 139 752 934 789; baseline 0.001 -10"><span class='ocrx_word' id='word_1_97' title='bbox 139 752 191 784; x_wconf 78' lang='grc' dir='ltr'><strong>τὰς</strong></span> <span class='ocrx_word' id='word_1_98' title='bbox 204 753 306 787; x_wconf 78' lang='grc' dir='ltr'>κόγχας</span> <span class='ocrx_word' id='word_1_99' title='bbox 330 752 384 779; x_wconf 85' lang='grc' dir='ltr'>τῶν</span> <span class='ocrx_word' id='word_1_100' title='bbox 414 753 535 787; x_wconf 80' lang='grc' dir='ltr'><strong>γονάτων</strong></span> <span class='ocrx_word' id='word_1_101' title='bbox 564 753 783 789; x_wconf 75' lang='grc' dir='ltr'><strong>περιαιρεῖσθαι,</strong></span> <span class='ocrx_word' id='word_1_102' title='bbox 810 753 856 780; x_wconf 74' lang='grc' dir='ltr'>καὶ</span> <span class='ocrx_word' id='word_1_103' title='bbox 881 753 934 780; x_wconf 77' lang='grc' dir='ltr'>τῶν</span> 
     </span>
    </p>
   </div>
   <div class='ocr_carea' id='block_1_17' title="bbox 147 796 931 834">
    <p class='ocr_par' dir='ltr' id='par_1_17' title="bbox 147 796 931 834">
     <span class='ocr_line' id='line_1_17' title="bbox 147 796 931 834; baseline 0.001 -11"><span class='ocrx_word' id='word_1_104' title='bbox 147 796 304 832; x_wconf 77' lang='grc' dir='ltr'>’Δμαζόνων</span> <span class='ocrx_word' id='word_1_105' title='bbox 329 798 393 830; x_wconf 79' lang='grc' dir='ltr'>τοὺς</span> <span class='ocrx_word' id='word_1_106' title='bbox 409 799 519 834; x_wconf 75' lang='grc' dir='ltr'>ἐτέρους</span> <span class='ocrx_word' id='word_1_107' title='bbox 550 798 604 825; x_wconf 84' lang='grc' dir='ltr'><strong>τῶν</strong></span> <span class='ocrx_word' id='word_1_108' title='bbox 639 799 759 834; x_wconf 86' lang='grc' dir='ltr'>μαστῶν.</span> <span class='ocrx_word' id='word_1_109' title='bbox 787 799 849 830; x_wconf 84' lang='grc' dir='ltr'><strong>Πῶς</strong></span> <span class='ocrx_word' id='word_1_110' title='bbox 877 798 931 834; x_wconf 84' lang='grc' dir='ltr'><strong>γὰρ</strong></span> 
     </span>
    </p>
   </div>
   <div class='ocr_carea' id='block_1_18' title="bbox 138 843 931 881">
    <p class='ocr_par' dir='ltr' id='par_1_18' title="bbox 138 843 931 881">
     <span class='ocr_line' id='line_1_18' title="bbox 138 843 931 881; baseline -0.001 -10"><span class='ocrx_word' id='word_1_111' title='bbox 138 844 227 872; x_wconf 82' lang='grc' dir='ltr'>ταῦτα</span> <span class='ocrx_word' id='word_1_112' title='bbox 242 845 365 872; x_wconf 81' lang='grc' dir='ltr'>ποιοῦσιν</span> <span class='ocrx_word' id='word_1_113' title='bbox 379 846 404 871; x_wconf 78' lang='grc' dir='ltr'>οἰ</span> <span class='ocrx_word' id='word_1_114' title='bbox 422 843 535 881; x_wconf 85' lang='grc' dir='ltr'>ἀστέρες</span> <span class='ocrx_word' id='word_1_115' title='bbox 565 845 653 871; x_wconf 84' lang='grc' dir='ltr'>τοῖσδε</span> <span class='ocrx_word' id='word_1_116' title='bbox 677 846 732 876; x_wconf 87' lang='grc' dir='ltr'>τοῖς</span> <span class='ocrx_word' id='word_1_117' title='bbox 747 845 866 876; x_wconf 79' lang='grc' dir='ltr'>ἓθνεσιν;</span> <span class='ocrx_word' id='word_1_118' title='bbox 884 843 931 870; x_wconf 76' lang='grc' dir='ltr'><strong>Οἶ-</strong></span> 
     </span>
    </p>
   </div>
   <div class='ocr_carea' id='block_1_19' title="bbox 140 888 932 925">
    <p class='ocr_par' dir='ltr' id='par_1_19' title="bbox 140 888 932 925">
     <span class='ocr_line' id='line_1_19' title="bbox 140 888 932 925; baseline -0.004 -9"><span class='ocrx_word' id='word_1_119' title='bbox 140 898 211 925; x_wconf 84' lang='grc' dir='ltr'>μαι,</span> <span class='ocrx_word' id='word_1_120' title='bbox 227 890 269 916; x_wconf 79' lang='grc' dir='ltr'>ὅτι</span> <span class='ocrx_word' id='word_1_121' title='bbox 280 890 426 925; x_wconf 76' lang='grc' dir='ltr'>ἐπιστῆσαι</span> <span class='ocrx_word' id='word_1_122' title='bbox 446 890 494 925; x_wconf 83' lang='grc' dir='ltr'>μὲν</span> <span class='ocrx_word' id='word_1_123' title='bbox 515 888 569 925; x_wconf 70' lang='grc' dir='ltr'><strong>(ῖῦ)</strong></span> <span class='ocrx_word' id='word_1_124' title='bbox 593 889 653 915; x_wconf 80' lang='grc' dir='ltr'>οὐδὲ</span> <span class='ocrx_word' id='word_1_125' title='bbox 672 889 752 924; x_wconf 79' lang='grc' dir='ltr'>μέχρι</span> <span class='ocrx_word' id='word_1_126' title='bbox 773 888 819 914; x_wconf 78' lang='grc' dir='ltr'>τοῦ</span> <span class='ocrx_word' id='word_1_127' title='bbox 835 888 932 923; x_wconf 83' lang='grc' dir='ltr'>στῆσαι</span> 
     </span>
    </p>
   </div>
   <div class='ocr_carea' id='block_1_20' title="bbox 137 935 934 972">
    <p class='ocr_par' dir='ltr' id='par_1_20' title="bbox 137 935 934 972">
     <span class='ocr_line' id='line_1_20' title="bbox 137 935 934 972; baseline -0.001 -10"><span class='ocrx_word' id='word_1_128' title='bbox 137 935 313 972; x_wconf 80' lang='grc' dir='ltr'>δυνησόμεθά</span> <span class='ocrx_word' id='word_1_129' title='bbox 327 945 353 962; x_wconf 92' lang='grc' dir='ltr'><strong>τι</strong></span> <span class='ocrx_word' id='word_1_130' title='bbox 365 936 463 971; x_wconf 81' lang='grc' dir='ltr'><strong>ἀληθὲς</strong></span> <span class='ocrx_word' id='word_1_131' title='bbox 475 937 562 963; x_wconf 73' lang='grc' dir='ltr'>εἰπεῖν</span> <span class='ocrx_word' id='word_1_132' title='bbox 587 936 650 971; x_wconf 75' lang='grc' dir='ltr'>περὶ</span> <span class='ocrx_word' id='word_1_133' title='bbox 678 935 778 962; x_wconf 74' lang='grc' dir='ltr'>αὐτῶν.</span> <span class='ocrx_word' id='word_1_134' title='bbox 794 935 934 962; x_wconf 86' lang='grc' dir='ltr'>Τοσούτων</span> 
     </span>
    </p>
   </div>
   <div class='ocr_carea' id='block_1_21' title="bbox 138 978 934 1016">
    <p class='ocr_par' dir='ltr' id='par_1_21' title="bbox 138 978 934 1016">
     <span class='ocr_line' id='line_1_21' title="bbox 138 978 934 1016; baseline 0.001 -10"><span class='ocrx_word' id='word_1_135' title='bbox 138 979 167 1006; x_wconf 79' lang='grc' dir='ltr'>δὲ</span> <span class='ocrx_word' id='word_1_136' title='bbox 195 981 354 1016; x_wconf 81' lang='grc' dir='ltr'><strong>φερομένων</strong></span> <span class='ocrx_word' id='word_1_137' title='bbox 374 980 441 1007; x_wconf 83' lang='grc' dir='ltr'>ὁδῶν</span> <span class='ocrx_word' id='word_1_138' title='bbox 479 980 700 1016; x_wconf 72' lang='grc' dir='ltr'>προγνωστικιῖΝ,</span> <span class='ocrx_word' id='word_1_139' title='bbox 725 981 775 1007; x_wconf 86' lang='grc' dir='ltr'>οὐκ</span> <span class='ocrx_word' id='word_1_140' title='bbox 799 978 845 1007; x_wconf 82' lang='grc' dir='ltr'>οἷδ’</span> <span class='ocrx_word' id='word_1_141' title='bbox 860 981 934 1012; x_wconf 78' lang='grc' dir='ltr'>ὅπως</span> 
     </span>
    </p>
   </div>
   <div class='ocr_carea' id='block_1_22' title="bbox 139 1025 934 1062">
    <p class='ocr_par' dir='ltr' id='par_1_22' title="bbox 139 1025 934 1062">
     <span class='ocr_line' id='line_1_22' title="bbox 139 1025 934 1062; baseline -0.001 -9"><span class='ocrx_word' id='word_1_142' title='bbox 139 1025 287 1058; x_wconf 74' lang='grc' dir='ltr'>ὶξώκειλαν</span> <span class='ocrx_word' id='word_1_143' title='bbox 306 1027 330 1053; x_wconf 84' lang='grc' dir='ltr'>οἱ</span> <span class='ocrx_word' id='word_1_144' title='bbox 346 1027 484 1062; x_wconf 83' lang='grc' dir='ltr'>ἄνθρωποι</span> <span class='ocrx_word' id='word_1_145' title='bbox 509 1027 553 1053; x_wconf 79' lang='grc' dir='ltr'><strong>ἐπὶ</strong></span> <span class='ocrx_word' id='word_1_146' title='bbox 582 1026 612 1052; x_wconf 84' lang='grc' dir='ltr'>τὺ</span> <span class='ocrx_word' id='word_1_147' title='bbox 629 1027 676 1062; x_wconf 86' lang='grc' dir='ltr'>τὴν</span> <span class='ocrx_word' id='word_1_148' title='bbox 693 1026 740 1062; x_wconf 85' lang='grc' dir='ltr'><strong>μὲν</strong></span> <span class='ocrx_word' id='word_1_149' title='bbox 763 1027 934 1061; x_wconf 80' lang='grc' dir='ltr'>οὶωνιστικὴν</span> 
     </span>
    </p>
   </div>
   <div class='ocr_carea' id='block_1_23' title="bbox 139 1072 933 1109">
    <p class='ocr_par' dir='ltr' id='par_1_23' title="bbox 139 1072 933 1109">
     <span class='ocr_line' id='line_1_23' title="bbox 139 1072 933 1109; baseline -0.003 -10"><span class='ocrx_word' id='word_1_150' title='bbox 139 1073 187 1099; x_wconf 73' lang='grc' dir='ltr'>καὶ</span> <span class='ocrx_word' id='word_1_151' title='bbox 199 1072 251 1109; x_wconf 80' lang='grc' dir='ltr'>τὴν</span> <span class='ocrx_word' id='word_1_152' title='bbox 261 1072 374 1108; x_wconf 86' lang='grc' dir='ltr'>θυτικὴν</span> <span class='ocrx_word' id='word_1_153' title='bbox 392 1073 429 1108; x_wconf 84' lang='grc' dir='ltr'><strong>μὴ</strong></span> <span class='ocrx_word' id='word_1_154' title='bbox 452 1073 542 1107; x_wconf 82' lang='grc' dir='ltr'>λέγειν</span> <span class='ocrx_word' id='word_1_155' title='bbox 568 1073 706 1108; x_wconf 80' lang='grc' dir='ltr'>περιέχειν</span> <span class='ocrx_word' id='word_1_156' title='bbox 734 1073 765 1099; x_wconf 80' lang='grc' dir='ltr'>τὸ</span> <span class='ocrx_word' id='word_1_157' title='bbox 782 1072 875 1100; x_wconf 79' lang='grc' dir='ltr'>ποιοῦν</span> <span class='ocrx_word' id='word_1_158' title='bbox 890 1072 933 1099; x_wconf 78' lang='grc' dir='ltr'><strong>αἷ-</strong></span> 
     </span>
    </p>
   </div>
   <div class='ocr_carea' id='block_1_24' title="bbox 138 1119 933 1154">
    <p class='ocr_par' dir='ltr' id='par_1_24' title="bbox 138 1119 933 1154">
     <span class='ocr_line' id='line_1_24' title="bbox 138 1119 933 1154; baseline 0 -9"><span class='ocrx_word' id='word_1_159' title='bbox 138 1127 205 1152; x_wconf 80' lang='grc' dir='ltr'>τιον,</span> <span class='ocrx_word' id='word_1_160' title='bbox 222 1119 292 1145; x_wconf 79' lang='grc' dir='ltr'>ἀλλὰ</span> <span class='ocrx_word' id='word_1_161' title='bbox 312 1119 452 1154; x_wconf 80' lang='grc' dir='ltr'>σημαίνειν</span> <span class='ocrx_word' id='word_1_162' title='bbox 469 1119 558 1154; x_wconf 82' lang='grc' dir='ltr'>μόνον,</span> <span class='ocrx_word' id='word_1_163' title='bbox 587 1120 634 1145; x_wconf 77' lang='grc' dir='ltr'><strong>καὶ</strong></span> <span class='ocrx_word' id='word_1_164' title='bbox 660 1119 708 1154; x_wconf 82' lang='grc' dir='ltr'><strong>τὴν</strong></span> <span class='ocrx_word' id='word_1_165' title='bbox 737 1120 933 1154; x_wconf 84' lang='grc' dir='ltr'>ἀστεροσκοπι-</span> 
     </span>
    </p>
   </div>
   <div class='ocr_carea' id='block_1_25' title="bbox 139 1164 934 1201">
    <p class='ocr_par' dir='ltr' id='par_1_25' title="bbox 139 1164 934 1201">
     <span class='ocr_line' id='line_1_25' title="bbox 139 1164 934 1201; baseline -0.001 -10"><span class='ocrx_word' id='word_1_166' title='bbox 139 1167 190 1201; x_wconf 86' lang='grc' dir='ltr'>κήν</span> <span class='ocrx_word' id='word_1_167' title='bbox 204 1164 271 1200; x_wconf 74' lang='grc'><strong>(56)·</strong></span> <span class='ocrx_word' id='word_1_168' title='bbox 283 1165 333 1191; x_wconf 80' lang='grc' dir='ltr'>οὐκ</span> <span class='ocrx_word' id='word_1_169' title='bbox 345 1165 384 1191; x_wconf 76' lang='grc' dir='ltr'>ἔτι</span> <span class='ocrx_word' id='word_1_170' title='bbox 399 1164 486 1200; x_wconf 79' lang='grc' dir='ltr'>δὲτὴν</span> <span class='ocrx_word' id='word_1_171' title='bbox 495 1165 744 1200; x_wconf 80' lang='grc' dir='ltr'>γενεθλιαλογικήν.</span> <span class='ocrx_word' id='word_1_172' title='bbox 760 1166 792 1191; x_wconf 86' lang='grc' dir='ltr'><strong>Εἰ</strong></span> <span class='ocrx_word' id='word_1_173' title='bbox 805 1165 859 1200; x_wconf 83' lang='grc' dir='ltr'><strong>γὰρ</strong></span> <span class='ocrx_word' id='word_1_174' title='bbox 874 1165 934 1191; x_wconf 85' lang='grc' dir='ltr'>ὲπι-</span> 
     </span>
    </p>
   </div>
   <div class='ocr_carea' id='block_1_26' title="bbox 138 1210 933 1246">
    <p class='ocr_par' dir='ltr' id='par_1_26' title="bbox 138 1210 933 1246">
     <span class='ocr_line' id='line_1_26' title="bbox 138 1210 933 1246; baseline -0.001 -9"><span class='ocrx_word' id='word_1_175' title='bbox 138 1210 303 1244; x_wconf 79' lang='grc' dir='ltr'>γινώσκεται</span> <span class='ocrx_word' id='word_1_176' title='bbox 326 1210 383 1246; x_wconf 78' lang='grc' dir='ltr'>(ἵνα</span> <span class='ocrx_word' id='word_1_177' title='bbox 405 1211 452 1237; x_wconf 75' lang='grc' dir='ltr'><strong>καὶ</strong></span> <span class='ocrx_word' id='word_1_178' title='bbox 476 1210 655 1246; x_wconf 80' lang='grc' dir='ltr'>χαρισώμεθα</span> <span class='ocrx_word' id='word_1_179' title='bbox 678 1211 708 1237; x_wconf 84' lang='grc' dir='ltr'>τὺ</span> <span class='ocrx_word' id='word_1_180' title='bbox 727 1210 933 1245; x_wconf 81' lang='grc' dir='ltr'><strong>γινώσκεσθαι),</strong></span> 
     </span>
    </p>
   </div>
   <div class='ocr_carea' id='block_1_27' title="bbox 138 1256 935 1292">
    <p class='ocr_par' dir='ltr' id='par_1_27' title="bbox 138 1256 935 1292">
     <span class='ocr_line' id='line_1_27' title="bbox 138 1256 935 1292; baseline 0 -9"><span class='ocrx_word' id='word_1_181' title='bbox 138 1257 243 1291; x_wconf 85' lang='grc' dir='ltr'>γίνεται</span> <span class='ocrx_word' id='word_1_182' title='bbox 255 1256 283 1283; x_wconf 82' lang='grc' dir='ltr'>δὲ</span> <span class='ocrx_word' id='word_1_183' title='bbox 293 1257 397 1283; x_wconf 75' lang='grc' dir='ltr'>ἐκεῖθεν</span> <span class='ocrx_word' id='word_1_184' title='bbox 408 1257 469 1283; x_wconf 82' lang='grc' dir='ltr'>ὅθεν</span> <span class='ocrx_word' id='word_1_185' title='bbox 481 1258 497 1292; x_wconf 84' lang='grc' dir='ltr'>ἡ</span> <span class='ocrx_word' id='word_1_186' title='bbox 511 1257 611 1292; x_wconf 83' lang='grc' dir='ltr'>γνῶσις</span> <span class='ocrx_word' id='word_1_187' title='bbox 623 1257 800 1292; x_wconf 77' lang='grc' dir='ltr'>λαμϐάνεται,</span> <span class='ocrx_word' id='word_1_188' title='bbox 818 1257 845 1283; x_wconf 86' lang='grc' dir='ltr'><strong>τί</strong></span> <span class='ocrx_word' id='word_1_189' title='bbox 866 1257 935 1292; x_wconf 80' lang='grc' dir='ltr'><strong>μᾶλ-</strong></span> 
     </span>
    </p>
   </div>
   <div class='ocr_carea' id='block_1_28' title="bbox 139 1302 935 1338">
    <p class='ocr_par' dir='ltr' id='par_1_28' title="bbox 139 1302 935 1338">
     <span class='ocr_line' id='line_1_28' title="bbox 139 1302 935 1338; baseline 0.003 -10"><span class='ocrx_word' id='word_1_190' title='bbox 139 1302 184 1329; x_wconf 91' lang='grc' dir='ltr'><strong>λον</strong></span> <span class='ocrx_word' id='word_1_191' title='bbox 203 1302 258 1329; x_wconf 84' lang='grc' dir='ltr'><strong>ἀπὸ</strong></span> <span class='ocrx_word' id='word_1_192' title='bbox 269 1302 324 1329; x_wconf 80' lang='grc' dir='ltr'>τῶν</span> <span class='ocrx_word' id='word_1_193' title='bbox 335 1303 458 1338; x_wconf 85' lang='grc' dir='ltr'>ἀστέρων</span> <span class='ocrx_word' id='word_1_194' title='bbox 472 1302 488 1338; x_wconf 88' lang='grc' dir='ltr'><strong>ἢ</strong></span> <span class='ocrx_word' id='word_1_195' title='bbox 505 1302 558 1329; x_wconf 83' lang='grc' dir='ltr'><strong>ἀπὸ</strong></span> <span class='ocrx_word' id='word_1_196' title='bbox 573 1302 627 1329; x_wconf 84' lang='grc' dir='ltr'>τῶν</span> <span class='ocrx_word' id='word_1_197' title='bbox 643 1303 744 1330; x_wconf 80' lang='grc' dir='ltr'>οἰωνῶν</span> <span class='ocrx_word' id='word_1_198' title='bbox 760 1303 837 1330; x_wconf 75' lang='grc' dir='ltr'>ἔσται</span> <span class='ocrx_word' id='word_1_199' title='bbox 851 1303 885 1330; x_wconf 79' lang='grc' dir='ltr'>τὰ</span> <span class='ocrx_word' id='word_1_200' title='bbox 897 1313 935 1338; x_wconf 87' lang='grc' dir='ltr'><strong>γι-</strong></span> 
     </span>
    </p>
   </div>
   <div class='ocr_carea' id='block_1_29' title="bbox 138 1347 934 1386">
    <p class='ocr_par' dir='ltr' id='par_1_29' title="bbox 138 1347 934 1386">
     <span class='ocr_line' id='line_1_29' title="bbox 138 1347 934 1386; baseline 0.005 -13"><span class='ocrx_word' id='word_1_201' title='bbox 138 1347 257 1383; x_wconf 85' lang='grc' dir='ltr'>νόμενα;</span> <span class='ocrx_word' id='word_1_202' title='bbox 271 1348 317 1374; x_wconf 72' lang='grc' dir='ltr'>καὶ</span> <span class='ocrx_word' id='word_1_203' title='bbox 335 1347 434 1383; x_wconf 82' lang='grc' dir='ltr'>μᾶλλον</span> <span class='ocrx_word' id='word_1_204' title='bbox 454 1354 466 1369; x_wconf 68' lang='grc' dir='ltr'>ι</span> <span class='ocrx_word' id='word_1_205' title='bbox 493 1349 547 1376; x_wconf 82' lang='grc' dir='ltr'><strong>ἀπὸ</strong></span> <span class='ocrx_word' id='word_1_206' title='bbox 566 1349 621 1376; x_wconf 85' lang='grc' dir='ltr'><strong>τῶν</strong></span> <span class='ocrx_word' id='word_1_207' title='bbox 648 1349 781 1386; x_wconf 82' lang='grc' dir='ltr'>οἰωνῶνῆ</span> <span class='ocrx_word' id='word_1_208' title='bbox 808 1350 862 1377; x_wconf 75' lang='grc' dir='ltr'><strong>ἀπὸ</strong></span> <span class='ocrx_word' id='word_1_209' title='bbox 879 1350 934 1377; x_wconf 84' lang='grc' dir='ltr'><strong>τῶν</strong></span> 
     </span>
    </p>
   </div>
   <div class='ocr_carea' id='block_1_30' title="bbox 140 1392 932 1431">
    <p class='ocr_par' dir='ltr' id='par_1_30' title="bbox 140 1392 932 1431">
     <span class='ocr_line' id='line_1_30' title="bbox 140 1392 932 1431; baseline 0.005 -13"><span class='ocrx_word' id='word_1_210' title='bbox 140 1392 304 1427; x_wconf 77' lang='grc' dir='ltr'>σπλάγχνων</span> <span class='ocrx_word' id='word_1_211' title='bbox 329 1393 383 1420; x_wconf 84' lang='grc' dir='ltr'><strong>τῶν</strong></span> <span class='ocrx_word' id='word_1_212' title='bbox 409 1393 559 1430; x_wconf 82' lang='grc' dir='ltr'>θυομένων,</span> <span class='ocrx_word' id='word_1_213' title='bbox 576 1395 593 1430; x_wconf 85' lang='grc' dir='ltr'>ἢ</span> <span class='ocrx_word' id='word_1_214' title='bbox 613 1395 665 1422; x_wconf 83' lang='grc' dir='ltr'><strong>ἀπὸ</strong></span> <span class='ocrx_word' id='word_1_215' title='bbox 694 1395 748 1422; x_wconf 80' lang='grc' dir='ltr'>τῶν</span> <span class='ocrx_word' id='word_1_216' title='bbox 769 1395 932 1431; x_wconf 82' lang='grc' dir='ltr'>διᾳττόντων</span> 
     </span>
    </p>
   </div>
   <div class='ocr_carea' id='block_1_31' title="bbox 138 1438 282 1474">
    <p class='ocr_par' dir='ltr' id='par_1_31' title="bbox 138 1438 282 1474">
     <span class='ocr_line' id='line_1_31' title="bbox 138 1438 282 1474; baseline 0 -9"><span class='ocrx_word' id='word_1_217' title='bbox 138 1438 263 1474; x_wconf 80' lang='grc' dir='ltr'>ἀστέρων</span> <span class='ocrx_word' id='word_1_218' title='bbox 275 1447 282 1471; x_wconf 83' lang='grc'>;</span> 
     </span>
    </p>
   </div>
   <div class='ocr_carea' id='block_1_32' title="bbox 986 291 1773 327">
    <p class='ocr_par' dir='ltr' id='par_1_32' title="bbox 986 291 1773 327">
     <span class='ocr_line' id='line_1_32' title="bbox 986 291 1773 327; baseline -0.004 -7"><span class='ocrx_word' id='word_1_219' title='bbox 986 293 1044 320; x_wconf 82' lang='lat' dir='ltr'><strong>neri</strong></span> <span class='ocrx_word' id='word_1_220' title='bbox 1061 297 1166 327; x_wconf 87' lang='lat' dir='ltr'><strong>putant.</strong></span> <span class='ocrx_word' id='word_1_221' title='bbox 1181 291 1416 325; x_wconf 91' lang='lat' dir='ltr'><strong>Quemadmodum</strong></span> <span class='ocrx_word' id='word_1_222' title='bbox 1431 291 1511 326; x_wconf 71' lang='lat'><strong>293</strong></span> <span class='ocrx_word' id='word_1_223' title='bbox 1527 299 1591 326; x_wconf 80' lang='lat' dir='ltr'><strong>ergo</strong></span> <span class='ocrx_word' id='word_1_224' title='bbox 1601 291 1659 318; x_wconf 88' lang='lat' dir='ltr'><strong>lieri</strong></span> <span class='ocrx_word' id='word_1_225' title='bbox 1674 296 1773 326; x_wconf 88' lang='lat' dir='ltr'><strong>potest,</strong></span> 
     </span>
    </p>
   </div>
   <div class='ocr_carea' id='block_1_33' title="bbox 983 338 1775 375">
    <p class='ocr_par' dir='ltr' id='par_1_33' title="bbox 983 338 1775 375">
     <span class='ocr_line' id='line_1_33' title="bbox 983 338 1775 375; baseline -0.004 -8"><span class='ocrx_word' id='word_1_226' title='bbox 983 344 1014 367; x_wconf 90' lang='lat' dir='ltr'><strong>ut</strong></span> <span class='ocrx_word' id='word_1_227' title='bbox 1030 340 1076 375; x_wconf 85' lang='lat' dir='ltr'><strong>qui</strong></span> <span class='ocrx_word' id='word_1_228' title='bbox 1098 344 1138 367; x_wconf 89' lang='lat' dir='ltr'><strong>tot</strong></span> <span class='ocrx_word' id='word_1_229' title='bbox 1154 339 1269 367; x_wconf 90' lang='lat' dir='ltr'><strong>aliorum</strong></span> <span class='ocrx_word' id='word_1_230' title='bbox 1284 339 1390 371; x_wconf 82' lang='lat' dir='ltr'><strong>(demus</strong></span> <span class='ocrx_word' id='word_1_231' title='bbox 1403 339 1475 366; x_wconf 91' lang='lat' dir='ltr'><strong>enim</strong></span> <span class='ocrx_word' id='word_1_232' title='bbox 1492 338 1670 375; x_wconf 83' lang='lat' dir='ltr'><strong>hocinterim)</strong></span> <span class='ocrx_word' id='word_1_233' title='bbox 1680 338 1775 367; x_wconf 82' lang='lat' dir='ltr'><strong>natali-</strong></span> 
     </span>
    </p>
   </div>
   <div class='ocr_carea' id='block_1_34' title="bbox 985 384 1777 420">
    <p class='ocr_par' dir='ltr' id='par_1_34' title="bbox 985 384 1777 420">
     <span class='ocr_line' id='line_1_34' title="bbox 985 384 1777 420; baseline -0.005 -6"><span class='ocrx_word' id='word_1_234' title='bbox 985 386 1198 418; x_wconf 87' lang='lat' dir='ltr'><strong>tiisiuvolvitur,</strong></span> <span class='ocrx_word' id='word_1_235' title='bbox 1209 385 1279 412; x_wconf 91' lang='lat' dir='ltr'><strong>idem</strong></span> <span class='ocrx_word' id='word_1_236' title='bbox 1295 389 1432 412; x_wconf 91' lang='lat' dir='ltr'><strong>astrorum</strong></span> <span class='ocrx_word' id='word_1_237' title='bbox 1446 385 1510 413; x_wconf 86' lang='lat' dir='ltr'><strong>huic</strong></span> <span class='ocrx_word' id='word_1_238' title='bbox 1525 385 1614 420; x_wconf 87' lang='lat' dir='ltr'><strong>potius</strong></span> <span class='ocrx_word' id='word_1_239' title='bbox 1621 384 1777 420; x_wconf 73' lang='lat' dir='ltr'><strong>generatio-</strong></span> 
     </span>
    </p>
   </div>
   <div class='ocr_carea' id='block_1_35' title="bbox 985 431 1777 468">
    <p class='ocr_par' dir='ltr' id='par_1_35' title="bbox 985 431 1777 468">
     <span class='ocr_line' id='line_1_35' title="bbox 985 431 1777 468; baseline -0.003 -8"><span class='ocrx_word' id='word_1_240' title='bbox 985 433 1012 460; x_wconf 89' lang='lat' dir='ltr'><strong>ni</strong></span> <span class='ocrx_word' id='word_1_241' title='bbox 1024 439 1107 468; x_wconf 86' lang='lat' dir='ltr'><strong>quam</strong></span> <span class='ocrx_word' id='word_1_242' title='bbox 1130 432 1236 459; x_wconf 72' lang='lat' dir='ltr'><strong>caeteris</strong></span> <span class='ocrx_word' id='word_1_243' title='bbox 1251 432 1455 466; x_wconf 70' lang='lat' dir='ltr'><strong>praesidentium</strong></span> <span class='ocrx_word' id='word_1_244' title='bbox 1469 431 1597 466; x_wconf 76' lang='lat' dir='ltr'><strong>positioni</strong></span> <span class='ocrx_word' id='word_1_245' title='bbox 1614 431 1777 458; x_wconf 74' lang='lat' dir='ltr'><strong>addicatur?</strong></span> 
     </span>
    </p>
   </div>
   <div class='ocr_carea' id='block_1_36' title="bbox 984 476 1776 513">
    <p class='ocr_par' dir='ltr' id='par_1_36' title="bbox 984 476 1776 513">
     <span class='ocr_line' id='line_1_36' title="bbox 984 476 1776 513; baseline -0.001 -8"><span class='ocrx_word' id='word_1_246' title='bbox 984 477 1222 512; x_wconf 58' lang='lat' dir='ltr'><strong>lucredibilejenim</strong></span> <span class='ocrx_word' id='word_1_247' title='bbox 1233 482 1285 509; x_wconf 87' lang='lat' dir='ltr'><strong>est,</strong></span> <span class='ocrx_word' id='word_1_248' title='bbox 1293 477 1467 511; x_wconf 83' lang='lat' dir='ltr'><strong>positionem,</strong></span> <span class='ocrx_word' id='word_1_249' title='bbox 1477 485 1536 513; x_wconf 66' lang='lat' dir='ltr'><strong>qua:</strong></span> <span class='ocrx_word' id='word_1_250' title='bbox 1553 476 1684 512; x_wconf 77' lang='lat' dir='ltr'><strong>singulari</strong></span> <span class='ocrx_word' id='word_1_251' title='bbox 1693 477 1776 504; x_wconf 85' lang='lat' dir='ltr'><strong>unius</strong></span> 
     </span>
    </p>
   </div>
   <div class='ocr_carea' id='block_1_37' title="bbox 985 522 1776 558">
    <p class='ocr_par' dir='ltr' id='par_1_37' title="bbox 985 522 1776 558">
     <span class='ocr_line' id='line_1_37' title="bbox 985 522 1776 558; baseline -0.004 -6"><span class='ocrx_word' id='word_1_252' title='bbox 985 524 1127 558; x_wconf 70' lang='lat' dir='ltr'><strong>Cuiusdam</strong></span> <span class='ocrx_word' id='word_1_253' title='bbox 1147 523 1218 550; x_wconf 89' lang='lat' dir='ltr'><strong>orlui</strong></span> <span class='ocrx_word' id='word_1_254' title='bbox 1231 522 1379 557; x_wconf 59' lang='lat' dir='ltr'><strong>praefuerit,</strong></span> <span class='ocrx_word' id='word_1_255' title='bbox 1394 522 1550 556; x_wconf 82' lang='lat' dir='ltr'><strong>huiusmodi</strong></span> <span class='ocrx_word' id='word_1_256' title='bbox 1562 522 1652 549; x_wconf 80' lang='lat' dir='ltr'><strong>exitus</strong></span> <span class='ocrx_word' id='word_1_257' title='bbox 1664 529 1776 549; x_wconf 83' lang='lat' dir='ltr'><strong>causam</strong></span> 
     </span>
    </p>
   </div>
   <div class='ocr_carea' id='block_1_38' title="bbox 985 568 1776 604">
    <p class='ocr_par' dir='ltr' id='par_1_38' title="bbox 985 568 1776 604">
     <span class='ocr_line' id='line_1_38' title="bbox 985 568 1776 604; baseline -0.003 -8"><span class='ocrx_word' id='word_1_258' title='bbox 985 569 1088 597; x_wconf 83' lang='lat' dir='ltr'><strong>fuisse:</strong></span> <span class='ocrx_word' id='word_1_259' title='bbox 1110 573 1339 604; x_wconf 67' lang='lat' dir='ltr'><strong>quaacaaterorum</strong></span> <span class='ocrx_word' id='word_1_260' title='bbox 1363 569 1391 595; x_wconf 94' lang='lat' dir='ltr'><strong>in</strong></span> <span class='ocrx_word' id='word_1_261' title='bbox 1418 568 1549 595; x_wconf 84' lang='lat' dir='ltr'><strong>natalitiis</strong></span> <span class='ocrx_word' id='word_1_262' title='bbox 1564 568 1708 600; x_wconf 77' lang='lat' dir='ltr'><strong>exstiterit,</strong></span> <span class='ocrx_word' id='word_1_263' title='bbox 1722 575 1776 594; x_wconf 89' lang='lat' dir='ltr'><strong>non</strong></span> 
     </span>
    </p>
   </div>
   <div class='ocr_carea' id='block_1_39' title="bbox 985 615 1777 651">
    <p class='ocr_par' dir='ltr' id='par_1_39' title="bbox 985 615 1777 651">
     <span class='ocr_line' id='line_1_39' title="bbox 985 615 1777 651; baseline 0.001 -9"><span class='ocrx_word' id='word_1_264' title='bbox 985 615 1079 649; x_wconf 88' lang='lat' dir='ltr'><strong>fuisse,</strong></span> <span class='ocrx_word' id='word_1_265' title='bbox 1100 616 1147 643; x_wconf 80' lang='lat' dir='ltr'><strong>sed</strong></span> <span class='ocrx_word' id='word_1_266' title='bbox 1163 615 1221 650; x_wconf 85' lang='lat' dir='ltr'><strong>ejus</strong></span> <span class='ocrx_word' id='word_1_267' title='bbox 1236 616 1318 643; x_wconf 88' lang='lat' dir='ltr'><strong>modo</strong></span> <span class='ocrx_word' id='word_1_268' title='bbox 1338 615 1566 651; x_wconf 76' lang='lat' dir='ltr'><strong>signiﬁcationem</strong></span> <span class='ocrx_word' id='word_1_269' title='bbox 1592 616 1712 651; x_wconf 82' lang='lat' dir='ltr'><strong>aliquam</strong></span> <span class='ocrx_word' id='word_1_270' title='bbox 1728 615 1777 643; x_wconf 81' lang='lat' dir='ltr'><strong>de-</strong></span> 
     </span>
    </p>
   </div>
   <div class='ocr_carea' id='block_1_40' title="bbox 984 660 1777 693">
    <p class='ocr_par' dir='ltr' id='par_1_40' title="bbox 984 660 1777 693">
     <span class='ocr_line' id='line_1_40' title="bbox 984 660 1777 693; baseline -0.001 -4"><span class='ocrx_word' id='word_1_271' title='bbox 984 663 1068 690; x_wconf 83' lang='lat' dir='ltr'><strong>disse.</strong></span> <span class='ocrx_word' id='word_1_272' title='bbox 1083 661 1138 689; x_wconf 84' lang='lat' dir='ltr'><strong>Nec</strong></span> <span class='ocrx_word' id='word_1_273' title='bbox 1152 663 1247 690; x_wconf 92' lang='lat' dir='ltr'><strong>minus</strong></span> <span class='ocrx_word' id='word_1_274' title='bbox 1271 662 1404 689; x_wconf 82' lang='lat' dir='ltr'><strong>insulsum</strong></span> <span class='ocrx_word' id='word_1_275' title='bbox 1421 660 1513 693; x_wconf 89' lang='lat' dir='ltr'><strong>fuerit,</strong></span> <span class='ocrx_word' id='word_1_276' title='bbox 1530 661 1658 689; x_wconf 89' lang='lat' dir='ltr'><strong>omnibus</strong></span> <span class='ocrx_word' id='word_1_277' title='bbox 1672 669 1705 688; x_wconf 87' lang='lat' dir='ltr'><strong>ac</strong></span> <span class='ocrx_word' id='word_1_278' title='bbox 1719 661 1777 689; x_wconf 83' lang='lat' dir='ltr'><strong>sitt-</strong></span> 
     </span>
    </p>
   </div>
   <div class='ocr_carea' id='block_1_41' title="bbox 985 707 1776 744">
    <p class='ocr_par' dir='ltr' id='par_1_41' title="bbox 985 707 1776 744">
     <span class='ocr_line' id='line_1_41' title="bbox 985 707 1776 744; baseline -0.003 -8"><span class='ocrx_word' id='word_1_279' title='bbox 985 708 1183 744; x_wconf 80' lang='lat' dir='ltr'><strong>gulisplurium</strong></span> <span class='ocrx_word' id='word_1_280' title='bbox 1199 709 1313 736; x_wconf 90' lang='lat' dir='ltr'><strong>istorum</strong></span> <span class='ocrx_word' id='word_1_281' title='bbox 1326 708 1457 735; x_wconf 87' lang='lat' dir='ltr'><strong>uatalitiis</strong></span> <span class='ocrx_word' id='word_1_282' title='bbox 1470 707 1587 735; x_wconf 89' lang='lat' dir='ltr'><strong>hominis</strong></span> <span class='ocrx_word' id='word_1_283' title='bbox 1596 708 1678 735; x_wconf 87' lang='lat' dir='ltr'><strong>unius</strong></span> <span class='ocrx_word' id='word_1_284' title='bbox 1693 708 1776 736; x_wconf 74' lang='lat' dir='ltr'><strong>caedis</strong></span> 
     </span>
    </p>
   </div>
   <div class='ocr_carea' id='block_1_42' title="bbox 986 752 1777 788">
    <p class='ocr_par' dir='ltr' id='par_1_42' title="bbox 986 752 1777 788">
     <span class='ocr_line' id='line_1_42' title="bbox 986 752 1777 788; baseline -0.003 -7"><span class='ocrx_word' id='word_1_285' title='bbox 986 761 1097 782; x_wconf 79' lang='lat' dir='ltr'><strong>causam</strong></span> <span class='ocrx_word' id='word_1_286' title='bbox 1121 753 1260 781; x_wconf 88' lang='lat' dir='ltr'><strong>includere</strong></span> <span class='ocrx_word' id='word_1_287' title='bbox 1278 761 1285 779; x_wconf 91' lang='lat'><strong>:</strong></span> <span class='ocrx_word' id='word_1_288' title='bbox 1311 753 1388 788; x_wconf 81' lang='lat' dir='ltr'><strong>quasi</strong></span> <span class='ocrx_word' id='word_1_289' title='bbox 1408 752 1630 787; x_wconf 79' lang='lat' dir='ltr'><strong>generationibus</strong></span> <span class='ocrx_word' id='word_1_290' title='bbox 1646 759 1678 780; x_wconf 77' lang='lat' dir='ltr'><strong>ex</strong></span> <span class='ocrx_word' id='word_1_291' title='bbox 1692 752 1777 788; x_wconf 78' lang='lat' dir='ltr'><strong>hypo-</strong></span> 
     </span>
    </p>
   </div>
   <div class='ocr_carea' id='block_1_43' title="bbox 986 797 1777 835">
    <p class='ocr_par' dir='ltr' id='par_1_43' title="bbox 986 797 1777 835">
     <span class='ocr_line' id='line_1_43' title="bbox 986 797 1777 835; baseline -0.004 -8"><span class='ocrx_word' id='word_1_292' title='bbox 986 800 1056 828; x_wconf 90' lang='lat' dir='ltr'><strong>thesi</strong></span> <span class='ocrx_word' id='word_1_293' title='bbox 1081 799 1299 835; x_wconf 79' lang='lat' dir='ltr'><strong>quinquaginta,</strong></span> <span class='ocrx_word' id='word_1_294' title='bbox 1333 798 1399 826; x_wconf 89' lang='lat' dir='ltr'><strong>certi</strong></span> <span class='ocrx_word' id='word_1_295' title='bbox 1429 798 1510 825; x_wconf 87' lang='lat' dir='ltr'><strong>unius</strong></span> <span class='ocrx_word' id='word_1_296' title='bbox 1534 797 1653 825; x_wconf 88' lang='lat' dir='ltr'><strong>hominis</strong></span> <span class='ocrx_word' id='word_1_297' title='bbox 1675 798 1777 825; x_wconf 84' lang='lat' dir='ltr'><strong>occisio</strong></span> 
     </span>
    </p>
   </div>
   <div class='ocr_carea' id='block_1_44' title="bbox 986 844 1776 882">
    <p class='ocr_par' dir='ltr' id='par_1_44' title="bbox 986 844 1776 882">
     <span class='ocr_line' id='line_1_44' title="bbox 986 844 1776 882; baseline -0.003 -8"><span class='ocrx_word' id='word_1_298' title='bbox 986 847 1184 882; x_wconf 86' lang='lat' dir='ltr'><strong>comprehensa</strong></span> <span class='ocrx_word' id='word_1_299' title='bbox 1195 851 1342 873; x_wconf 79' lang='lat' dir='ltr'><strong>teneretur.</strong></span> <span class='ocrx_word' id='word_1_300' title='bbox 1355 845 1414 872; x_wconf 74' lang='lat' dir='ltr'><strong>1am</strong></span> <span class='ocrx_word' id='word_1_301' title='bbox 1430 845 1579 880; x_wconf 81' lang='lat' dir='ltr'><strong>intelligere</strong></span> <span class='ocrx_word' id='word_1_302' title='bbox 1590 844 1710 879; x_wconf 86' lang='lat' dir='ltr'><strong>profecto</strong></span> <span class='ocrx_word' id='word_1_303' title='bbox 1722 854 1776 872; x_wconf 90' lang='lat' dir='ltr'><strong>non</strong></span> 
     </span>
    </p>
   </div>
   <div class='ocr_carea' id='block_1_45' title="bbox 987 891 1778 928">
    <p class='ocr_par' dir='ltr' id='par_1_45' title="bbox 987 891 1778 928">
     <span class='ocr_line' id='line_1_45' title="bbox 987 891 1778 928; baseline -0.006 -7"><span class='ocrx_word' id='word_1_304' title='bbox 987 901 1111 928; x_wconf 88' lang='lat' dir='ltr'><strong>possum,</strong></span> <span class='ocrx_word' id='word_1_305' title='bbox 1125 893 1172 928; x_wconf 86' lang='lat' dir='ltr'><strong>qui</strong></span> <span class='ocrx_word' id='word_1_306' title='bbox 1196 892 1304 920; x_wconf 86' lang='lat' dir='ltr'><strong>tandem</strong></span> <span class='ocrx_word' id='word_1_307' title='bbox 1319 891 1430 919; x_wconf 68' lang='lat' dir='ltr'><strong>Judaaos</strong></span> <span class='ocrx_word' id='word_1_308' title='bbox 1441 898 1538 918; x_wconf 92' lang='lat' dir='ltr'><strong>omnes</strong></span> <span class='ocrx_word' id='word_1_309' title='bbox 1551 899 1583 918; x_wconf 90' lang='lat' dir='ltr'><strong>ea</strong></span> <span class='ocrx_word' id='word_1_310' title='bbox 1597 891 1673 918; x_wconf 87' lang='lat' dir='ltr'><strong>nasci</strong></span> <span class='ocrx_word' id='word_1_311' title='bbox 1689 896 1778 918; x_wconf 80' lang='lat' dir='ltr'><strong>astru-</strong></span> 
     </span>
    </p>
   </div>
   <div class='ocr_carea' id='block_1_46' title="bbox 987 935 1778 973">
    <p class='ocr_par' dir='ltr' id='par_1_46' title="bbox 987 935 1778 973">
     <span class='ocr_line' id='line_1_46' title="bbox 987 935 1778 973; baseline -0.004 -8"><span class='ocrx_word' id='word_1_312' title='bbox 987 947 1046 965; x_wconf 88' lang='lat' dir='ltr'><strong>rutu</strong></span> <span class='ocrx_word' id='word_1_313' title='bbox 1063 938 1198 973; x_wconf 86' lang='lat' dir='ltr'><strong>positione</strong></span> <span class='ocrx_word' id='word_1_314' title='bbox 1225 936 1380 968; x_wconf 87' lang='lat' dir='ltr'><strong>defendent,</strong></span> <span class='ocrx_word' id='word_1_315' title='bbox 1399 941 1428 963; x_wconf 89' lang='lat' dir='ltr'><strong>ut</strong></span> <span class='ocrx_word' id='word_1_316' title='bbox 1452 940 1548 962; x_wconf 87' lang='lat' dir='ltr'><strong>octavo</strong></span> <span class='ocrx_word' id='word_1_317' title='bbox 1563 935 1605 963; x_wconf 89' lang='lat' dir='ltr'><strong>die</strong></span> <span class='ocrx_word' id='word_1_318' title='bbox 1619 935 1778 963; x_wconf 86' lang='lat' dir='ltr'><strong>circumcidi</strong></span> 
     </span>
    </p>
   </div>
   <div class='ocr_carea' id='block_1_47' title="bbox 988 982 1779 1018">
    <p class='ocr_par' dir='ltr' id='par_1_47' title="bbox 988 982 1779 1018">
     <span class='ocr_line' id='line_1_47' title="bbox 988 982 1779 1018; baseline -0.005 -6"><span class='ocrx_word' id='word_1_319' title='bbox 988 988 1102 1012; x_wconf 87' lang='lat' dir='ltr'><strong>cunctos</strong></span> <span class='ocrx_word' id='word_1_320' title='bbox 1118 987 1251 1018; x_wconf 88' lang='lat' dir='ltr'><strong>oporteat,</strong></span> <span class='ocrx_word' id='word_1_321' title='bbox 1262 983 1355 1017; x_wconf 84' lang='lat' dir='ltr'><strong>itaque</strong></span> <span class='ocrx_word' id='word_1_322' title='bbox 1379 989 1487 1009; x_wconf 84' lang='lat' dir='ltr'><strong>summa</strong></span> <span class='ocrx_word' id='word_1_323' title='bbox 1502 987 1564 1009; x_wconf 89' lang='lat' dir='ltr'><strong>cute</strong></span> <span class='ocrx_word' id='word_1_324' title='bbox 1581 982 1779 1014; x_wconf 83' lang='lat' dir='ltr'><strong>truncari,tor-</strong></span> 
     </span>
    </p>
   </div>
   <div class='ocr_carea' id='block_1_48' title="bbox 987 1027 1778 1065">
    <p class='ocr_par' dir='ltr' id='par_1_48' title="bbox 987 1027 1778 1065">
     <span class='ocr_line' id='line_1_48' title="bbox 987 1027 1778 1065; baseline -0.004 -8"><span class='ocrx_word' id='word_1_325' title='bbox 987 1030 1076 1065; x_wconf 83' lang='lat' dir='ltr'><strong>queri,</strong></span> <span class='ocrx_word' id='word_1_326' title='bbox 1097 1029 1201 1057; x_wconf 84' lang='lat' dir='ltr'><strong>ardenti</strong></span> <span class='ocrx_word' id='word_1_327' title='bbox 1217 1033 1323 1056; x_wconf 89' lang='lat' dir='ltr'><strong>tumore</strong></span> <span class='ocrx_word' id='word_1_328' title='bbox 1337 1027 1511 1061; x_wconf 80' lang='lat' dir='ltr'><strong>inflammari,</strong></span> <span class='ocrx_word' id='word_1_329' title='bbox 1528 1028 1642 1055; x_wconf 83' lang='lat' dir='ltr'><strong>lacerari</strong></span> <span class='ocrx_word' id='word_1_330' title='bbox 1661 1027 1778 1055; x_wconf 89' lang='lat' dir='ltr'><strong>vulneri-</strong></span> 
     </span>
    </p>
   </div>
   <div class='ocr_carea' id='block_1_49' title="bbox 987 1074 1779 1110">
    <p class='ocr_par' dir='ltr' id='par_1_49' title="bbox 987 1074 1779 1110">
     <span class='ocr_line' id='line_1_49' title="bbox 987 1074 1779 1110; baseline -0.004 -7"><span class='ocrx_word' id='word_1_331' title='bbox 987 1076 1049 1108; x_wconf 88' lang='lat' dir='ltr'><strong>bus,</strong></span> <span class='ocrx_word' id='word_1_332' title='bbox 1062 1080 1200 1110; x_wconf 88' lang='lat' dir='ltr'><strong>postremo</strong></span> <span class='ocrx_word' id='word_1_333' title='bbox 1217 1075 1260 1102; x_wconf 82' lang='lat' dir='ltr'><strong>vix</strong></span> <span class='ocrx_word' id='word_1_334' title='bbox 1280 1079 1357 1101; x_wconf 85' lang='lat' dir='ltr'><strong>natos</strong></span> <span class='ocrx_word' id='word_1_335' title='bbox 1381 1074 1546 1101; x_wconf 90' lang='lat' dir='ltr'><strong>medicorum</strong></span> <span class='ocrx_word' id='word_1_336' title='bbox 1563 1079 1620 1101; x_wconf 88' lang='lat' dir='ltr'><strong>arte</strong></span> <span class='ocrx_word' id='word_1_337' title='bbox 1634 1082 1665 1102; x_wconf 92' lang='lat' dir='ltr'><strong>ac</strong></span> <span class='ocrx_word' id='word_1_338' title='bbox 1688 1074 1779 1102; x_wconf 89' lang='lat' dir='ltr'><strong>mani-</strong></span> 
     </span>
    </p>
   </div>
   <div class='ocr_carea' id='block_1_50' title="bbox 987 1119 1778 1156">
    <p class='ocr_par' dir='ltr' id='par_1_50' title="bbox 987 1119 1778 1156">
     <span class='ocr_line' id='line_1_50' title="bbox 987 1119 1778 1156; baseline -0.003 -7"><span class='ocrx_word' id='word_1_339' title='bbox 987 1122 1039 1149; x_wconf 86' lang='lat' dir='ltr'><strong>bus</strong></span> <span class='ocrx_word' id='word_1_340' title='bbox 1063 1121 1195 1156; x_wconf 83' lang='lat' dir='ltr'><strong>indigere.</strong></span> <span class='ocrx_word' id='word_1_341' title='bbox 1213 1119 1366 1147; x_wconf 85' lang='lat' dir='ltr'><strong>lsmaelitas</strong></span> <span class='ocrx_word' id='word_1_342' title='bbox 1391 1125 1486 1148; x_wconf 83' lang='lat' dir='ltr'><strong>contra</strong></span> <span class='ocrx_word' id='word_1_343' title='bbox 1502 1128 1560 1152; x_wconf 88' lang='lat' dir='ltr'><strong>eos,</strong></span> <span class='ocrx_word' id='word_1_344' title='bbox 1584 1121 1630 1155; x_wconf 91' lang='lat' dir='ltr'><strong>qui</strong></span> <span class='ocrx_word' id='word_1_345' title='bbox 1648 1120 1778 1148; x_wconf 79' lang='lat' dir='ltr'><strong>Arabiam</strong></span> 
     </span>
    </p>
   </div>
   <div class='ocr_carea' id='block_1_51' title="bbox 988 1166 1777 1199">
    <p class='ocr_par' dir='ltr' id='par_1_51' title="bbox 988 1166 1777 1199">
     <span class='ocr_line' id='line_1_51' title="bbox 988 1166 1777 1199; baseline -0.001 -5"><span class='ocrx_word' id='word_1_346' title='bbox 988 1171 1090 1199; x_wconf 82' lang='lat' dir='ltr'><strong>tenent,</strong></span> <span class='ocrx_word' id='word_1_347' title='bbox 1107 1175 1140 1194; x_wconf 93' lang='lat' dir='ltr'><strong>eo</strong></span> <span class='ocrx_word' id='word_1_348' title='bbox 1153 1166 1206 1194; x_wconf 91' lang='lat' dir='ltr'><strong>situ</strong></span> <span class='ocrx_word' id='word_1_349' title='bbox 1217 1167 1244 1193; x_wconf 95' lang='lat' dir='ltr'><strong>in</strong></span> <span class='ocrx_word' id='word_1_350' title='bbox 1255 1166 1342 1193; x_wconf 87' lang='lat' dir='ltr'><strong>lucem</strong></span> <span class='ocrx_word' id='word_1_351' title='bbox 1359 1167 1413 1198; x_wconf 91' lang='lat' dir='ltr'><strong>edi,</strong></span> <span class='ocrx_word' id='word_1_352' title='bbox 1431 1171 1566 1194; x_wconf 85' lang='lat' dir='ltr'><strong>utomncs</strong></span> <span class='ocrx_word' id='word_1_353' title='bbox 1581 1167 1654 1194; x_wconf 84' lang='lat' dir='ltr'><strong>circa</strong></span> <span class='ocrx_word' id='word_1_354' title='bbox 1673 1174 1777 1194; x_wconf 83' lang='lat' dir='ltr'><strong>annum</strong></span> 
     </span>
    </p>
   </div>
   <div class='ocr_carea' id='block_1_52' title="bbox 986 1211 1777 1240">
    <p class='ocr_par' dir='ltr' id='par_1_52' title="bbox 986 1211 1777 1240">
     <span class='ocr_line' id='line_1_52' title="bbox 986 1211 1777 1240; baseline 0 0"><span class='ocrx_word' id='word_1_355' title='bbox 986 1213 1122 1240; x_wconf 88' lang='lat' dir='ltr'><strong>decimqu</strong></span> <span class='ocrx_word' id='word_1_356' title='bbox 1141 1212 1251 1239; x_wconf 91' lang='lat' dir='ltr'><strong>tertium</strong></span> <span class='ocrx_word' id='word_1_357' title='bbox 1271 1212 1431 1239; x_wconf 90' lang='lat' dir='ltr'><strong>circumcidi</strong></span> <span class='ocrx_word' id='word_1_358' title='bbox 1453 1220 1565 1240; x_wconf 87' lang='lat' dir='ltr'><strong>necesse</strong></span> <span class='ocrx_word' id='word_1_359' title='bbox 1587 1212 1634 1240; x_wconf 90' lang='lat' dir='ltr'><strong>sit.</strong></span> <span class='ocrx_word' id='word_1_360' title='bbox 1661 1211 1689 1240; x_wconf 84' lang='lat' dir='ltr'><strong>id</strong></span> <span class='ocrx_word' id='word_1_361' title='bbox 1704 1213 1777 1240; x_wconf 93' lang='lat' dir='ltr'><strong>enim</strong></span> 
     </span>
    </p>
   </div>
   <div class='ocr_carea' id='block_1_53' title="bbox 987 1257 1778 1292">
    <p class='ocr_par' dir='ltr' id='par_1_53' title="bbox 987 1257 1778 1292">
     <span class='ocr_line' id='line_1_53' title="bbox 987 1257 1778 1292; baseline 0.001 -7"><span class='ocrx_word' id='word_1_362' title='bbox 987 1258 1039 1285; x_wconf 91' lang='lat' dir='ltr'><strong>hoc</strong></span> <span class='ocrx_word' id='word_1_363' title='bbox 1058 1257 1092 1285; x_wconf 89' lang='lat' dir='ltr'><strong>de</strong></span> <span class='ocrx_word' id='word_1_364' title='bbox 1106 1258 1249 1285; x_wconf 89' lang='lat' dir='ltr'><strong>hominum</strong></span> <span class='ocrx_word' id='word_1_365' title='bbox 1279 1265 1377 1292; x_wconf 70' lang='lat' dir='ltr'><strong>genere</strong></span> <span class='ocrx_word' id='word_1_366' title='bbox 1402 1263 1631 1286; x_wconf 88' lang='lat' dir='ltr'><strong>commemorant.</strong></span> <span class='ocrx_word' id='word_1_367' title='bbox 1643 1258 1778 1286; x_wconf 54' lang='lat' dir='ltr'><strong>Praeterea</strong></span> 
     </span>
    </p>
   </div>
   <div class='ocr_carea' id='block_1_54' title="bbox 986 1303 1779 1339">
    <p class='ocr_par' dir='ltr' id='par_1_54' title="bbox 986 1303 1779 1339">
     <span class='ocr_line' id='line_1_54' title="bbox 986 1303 1779 1339; baseline 0.003 -9"><span class='ocrx_word' id='word_1_368' title='bbox 986 1304 1032 1339; x_wconf 91' lang='lat' dir='ltr'><strong>qui</strong></span> <span class='ocrx_word' id='word_1_369' title='bbox 1065 1303 1130 1336; x_wconf 79' lang='lat' dir='ltr'><strong>fiat,</strong></span> <span class='ocrx_word' id='word_1_370' title='bbox 1161 1307 1190 1331; x_wconf 89' lang='lat' dir='ltr'><strong>ut</strong></span> <span class='ocrx_word' id='word_1_371' title='bbox 1224 1303 1306 1330; x_wconf 87' lang='lat' dir='ltr'><strong>certis</strong></span> <span class='ocrx_word' id='word_1_372' title='bbox 1335 1303 1500 1338; x_wconf 82' lang='lat' dir='ltr'><strong>quibusdam</strong></span> <span class='ocrx_word' id='word_1_373' title='bbox 1527 1304 1598 1339; x_wconf 88' lang='lat' dir='ltr'><strong>apud</strong></span> <span class='ocrx_word' id='word_1_374' title='bbox 1631 1304 1779 1332; x_wconf 83' lang='lat' dir='ltr'><strong>nonnullos</strong></span> 
     </span>
    </p>
   </div>
   <div class='ocr_carea' id='block_1_55' title="bbox 987 1349 1778 1384">
    <p class='ocr_par' dir='ltr' id='par_1_55' title="bbox 987 1349 1778 1384">
     <span class='ocr_line' id='line_1_55' title="bbox 987 1349 1778 1384; baseline 0.001 -8"><span class='ocrx_word' id='word_1_375' title='bbox 987 1349 1134 1384; x_wconf 64' lang='lat' dir='ltr'><strong>Aithiopirc</strong></span> <span class='ocrx_word' id='word_1_376' title='bbox 1165 1349 1278 1384; x_wconf 88' lang='lat' dir='ltr'><strong>populos</strong></span> <span class='ocrx_word' id='word_1_377' title='bbox 1304 1357 1424 1384; x_wconf 81' lang='lat' dir='ltr'><strong>genuum</strong></span> <span class='ocrx_word' id='word_1_378' title='bbox 1449 1350 1565 1384; x_wconf 79' lang='lat' dir='ltr'><strong>patellae.</strong></span> <span class='ocrx_word' id='word_1_379' title='bbox 1593 1350 1778 1377; x_wconf 81' lang='lat' dir='ltr'><strong>Amazonibus</strong></span> 
     </span>
    </p>
   </div>
   <div class='ocr_carea' id='block_1_56' title="bbox 986 1389 1779 1428">
    <p class='ocr_par' dir='ltr' id='par_1_56' title="bbox 986 1389 1779 1428">
     <span class='ocr_line' id='line_1_56' title="bbox 986 1389 1779 1428; baseline 0.001 -6"><span class='ocrx_word' id='word_1_380' title='bbox 986 1403 1166 1423; x_wconf 78' lang='lat' dir='ltr'><strong>mammarum</strong></span> <span class='ocrx_word' id='word_1_381' title='bbox 1179 1395 1262 1422; x_wconf 85' lang='lat' dir='ltr'><strong>altera</strong></span> <span class='ocrx_word' id='word_1_382' title='bbox 1276 1399 1425 1423; x_wconf 87' lang='lat' dir='ltr'><strong>resecetur.</strong></span> <span class='ocrx_word' id='word_1_383' title='bbox 1437 1395 1579 1428; x_wconf 87' lang='lat' dir='ltr'><strong>Quomodo</strong></span> <span class='ocrx_word' id='word_1_384' title='bbox 1590 1389 1663 1423; x_wconf 84' lang='lat' dir='ltr'><strong>enim</strong></span> <span class='ocrx_word' id='word_1_385' title='bbox 1679 1396 1779 1425; x_wconf 80' lang='lat' dir='ltr'><strong>similia</strong></span> 
     </span>
    </p>
   </div>
   <div class='ocr_carea' id='block_1_57' title="bbox 986 1441 1780 1476">
    <p class='ocr_par' dir='ltr' id='par_1_57' title="bbox 986 1441 1780 1476">
     <span class='ocr_line' id='line_1_57' title="bbox 986 1441 1780 1476; baseline 0.001 -8"><span class='ocrx_word' id='word_1_386' title='bbox 986 1441 1066 1468; x_wconf 89' lang='lat' dir='ltr'><strong>certis</strong></span> <span class='ocrx_word' id='word_1_387' title='bbox 1078 1441 1211 1468; x_wconf 79' lang='lat' dir='ltr'><strong>duntaxat</strong></span> <span class='ocrx_word' id='word_1_388' title='bbox 1235 1441 1261 1468; x_wconf 92' lang='lat' dir='ltr'><strong>in</strong></span> <span class='ocrx_word' id='word_1_389' title='bbox 1286 1441 1424 1476; x_wconf 84' lang='lat' dir='ltr'><strong>gentibus,</strong></span> <span class='ocrx_word' id='word_1_390' title='bbox 1453 1441 1574 1469; x_wconf 82' lang='lat' dir='ltr'><strong>siderum</strong></span> <span class='ocrx_word' id='word_1_391' title='bbox 1595 1441 1638 1469; x_wconf 90' lang='lat' dir='ltr'><strong>vis</strong></span> <span class='ocrx_word' id='word_1_392' title='bbox 1658 1441 1780 1475; x_wconf 69' lang='lat' dir='ltr'><strong>efﬁciat?</strong></span> 
     </span>
    </p>
   </div>
   <div class='ocr_carea' id='block_1_58' title="bbox 140 1484 1779 1524">
    <p class='ocr_par' dir='ltr' id='par_1_58' title="bbox 140 1484 1779 1524">
     <span class='ocr_line' id='line_1_58' title="bbox 140 1484 1779 1524; baseline 0.002 -13"><span class='ocrx_word' id='word_1_393' title='bbox 140 1484 272 1519; x_wconf 86' lang='lat' dir='ltr'><strong>Equidem</strong></span> <span class='ocrx_word' id='word_1_394' title='bbox 289 1485 328 1513; x_wconf 83' lang='lat' dir='ltr'><strong>sic</strong></span> <span class='ocrx_word' id='word_1_395' title='bbox 340 1486 478 1520; x_wconf 79' lang='lat' dir='ltr'><strong>existimo,</strong></span> <span class='ocrx_word' id='word_1_396' title='bbox 490 1488 545 1514; x_wconf 88' lang='lat' dir='ltr'><strong>veri</strong></span> <span class='ocrx_word' id='word_1_397' title='bbox 561 1488 628 1515; x_wconf 89' lang='lat' dir='ltr'><strong>nihil</strong></span> <span class='ocrx_word' id='word_1_398' title='bbox 653 1488 706 1515; x_wconf 89' lang='lat' dir='ltr'><strong>hoc</strong></span> <span class='ocrx_word' id='word_1_399' title='bbox 726 1489 753 1515; x_wconf 92' lang='lat' dir='ltr'><strong>in</strong></span> <span class='ocrx_word' id='word_1_400' title='bbox 769 1496 877 1524; x_wconf 77' lang='lat' dir='ltr'><strong>genere,</strong></span> <span class='ocrx_word' id='word_1_401' title='bbox 895 1489 921 1516; x_wconf 91' lang='lat' dir='ltr'><strong>in</strong></span> <span class='ocrx_word' id='word_1_402' title='bbox 942 1496 996 1522; x_wconf 78' lang='lat' dir='ltr'><strong>quo</strong></span> <span class='ocrx_word' id='word_1_403' title='bbox 1012 1487 1053 1514; x_wconf 88' lang='lat' dir='ltr'><strong>vel</strong></span> <span class='ocrx_word' id='word_1_404' title='bbox 1068 1487 1163 1514; x_wconf 86' lang='lat' dir='ltr'><strong>leviter</strong></span> <span class='ocrx_word' id='word_1_405' title='bbox 1188 1487 1291 1515; x_wconf 67' lang='lat' dir='ltr'><strong>haerere</strong></span> <span class='ocrx_word' id='word_1_406' title='bbox 1313 1487 1402 1520; x_wconf 86' lang='lat' dir='ltr'><strong>liceat,</strong></span> <span class='ocrx_word' id='word_1_407' title='bbox 1429 1488 1578 1523; x_wconf 77' lang='lat' dir='ltr'><strong>excogitari</strong></span> <span class='ocrx_word' id='word_1_408' title='bbox 1590 1496 1606 1515; x_wconf 91' lang='lat' dir='ltr'><strong>a</strong></span> <span class='ocrx_word' id='word_1_409' title='bbox 1618 1488 1699 1516; x_wconf 90' lang='lat' dir='ltr'><strong>nobis</strong></span> <span class='ocrx_word' id='word_1_410' title='bbox 1732 1496 1779 1515; x_wconf 92' lang='lat' dir='ltr'><strong>as-</strong></span> 
     </span>
    </p>
   </div>
   <div class='ocr_carea' id='block_1_59' title="bbox 140 1531 1778 1569">
    <p class='ocr_par' dir='ltr' id='par_1_59' title="bbox 140 1531 1778 1569">
     <span class='ocr_line' id='line_1_59' title="bbox 140 1531 1778 1569; baseline 0.002 -11"><span class='ocrx_word' id='word_1_411' title='bbox 140 1531 251 1565; x_wconf 73' lang='lat' dir='ltr'><strong>seriquc</strong></span> <span class='ocrx_word' id='word_1_412' title='bbox 265 1539 354 1566; x_wconf 79' lang='lat' dir='ltr'><strong>posse.</strong></span> <span class='ocrx_word' id='word_1_413' title='bbox 382 1531 528 1565; x_wconf 69' lang='lat' dir='ltr'><strong>Caeterum,</strong></span> <span class='ocrx_word' id='word_1_414' title='bbox 554 1541 615 1561; x_wconf 89' lang='lat' dir='ltr'><strong>cum</strong></span> <span class='ocrx_word' id='word_1_415' title='bbox 642 1538 695 1560; x_wconf 92' lang='lat' dir='ltr'><strong>tam</strong></span> <span class='ocrx_word' id='word_1_416' title='bbox 726 1535 818 1562; x_wconf 63' lang='lat' dir='ltr'><strong>multae</strong></span> <span class='ocrx_word' id='word_1_417' title='bbox 835 1533 1022 1569; x_wconf 82' lang='lat' dir='ltr'><strong>praenoscendi</strong></span> <span class='ocrx_word' id='word_1_418' title='bbox 1043 1537 1116 1560; x_wconf 90' lang='lat' dir='ltr'><strong>artes</strong></span> <span class='ocrx_word' id='word_1_419' title='bbox 1147 1532 1387 1567; x_wconf 87' lang='lat' dir='ltr'><strong>circumferantur,</strong></span> <span class='ocrx_word' id='word_1_420' title='bbox 1413 1541 1468 1560; x_wconf 91' lang='lat' dir='ltr'><strong>non</strong></span> <span class='ocrx_word' id='word_1_421' title='bbox 1492 1534 1582 1566; x_wconf 87' lang='lat' dir='ltr'><strong>video,</strong></span> <span class='ocrx_word' id='word_1_422' title='bbox 1599 1534 1778 1566; x_wconf 80' lang='lat' dir='ltr'><strong>quamobrem</strong></span> 
     </span>
    </p>
   </div>
   <div class='ocr_carea' id='block_1_60' title="bbox 141 1576 1778 1615">
    <p class='ocr_par' dir='ltr' id='par_1_60' title="bbox 141 1576 1778 1615">
     <span class='ocr_line' id='line_1_60' title="bbox 141 1576 1778 1615; baseline 0.001 -10"><span class='ocrx_word' id='word_1_423' title='bbox 141 1579 167 1605; x_wconf 94' lang='lat' dir='ltr'><strong>in</strong></span> <span class='ocrx_word' id='word_1_424' title='bbox 181 1576 208 1603; x_wconf 88' lang='lat' dir='ltr'><strong>id</strong></span> <span class='ocrx_word' id='word_1_425' title='bbox 229 1578 403 1610; x_wconf 90' lang='lat' dir='ltr'><strong>potissimum</strong></span> <span class='ocrx_word' id='word_1_426' title='bbox 430 1579 556 1606; x_wconf 90' lang='lat' dir='ltr'><strong>homines</strong></span> <span class='ocrx_word' id='word_1_427' title='bbox 572 1580 750 1615; x_wconf 76' lang='lat' dir='ltr'><strong>impegerint,</strong></span> <span class='ocrx_word' id='word_1_428' title='bbox 775 1586 805 1608; x_wconf 91' lang='lat' dir='ltr'><strong>ut</strong></span> <span class='ocrx_word' id='word_1_429' title='bbox 819 1580 941 1615; x_wconf 80' lang='lat' dir='ltr'><strong>augurali</strong></span> <span class='ocrx_word' id='word_1_430' title='bbox 962 1584 989 1606; x_wconf 86' lang='lat' dir='ltr'><strong>et</strong></span> <span class='ocrx_word' id='word_1_431' title='bbox 1003 1578 1185 1613; x_wconf 79' lang='lat' dir='ltr'><strong>haruspicinae</strong></span> <span class='ocrx_word' id='word_1_432' title='bbox 1209 1578 1345 1611; x_wconf 79' lang='lat' dir='ltr'><strong>efficiendi</strong></span> <span class='ocrx_word' id='word_1_433' title='bbox 1366 1579 1421 1606; x_wconf 86' lang='lat' dir='ltr'><strong>vim</strong></span> <span class='ocrx_word' id='word_1_434' title='bbox 1452 1583 1592 1614; x_wconf 77' lang='lat' dir='ltr'><strong>negarent,</strong></span> <span class='ocrx_word' id='word_1_435' title='bbox 1608 1577 1778 1615; x_wconf 80' lang='lat' dir='ltr'><strong>signiﬁcandi</strong></span> 
     </span>
    </p>
   </div>
   <div class='ocr_carea' id='block_1_61' title="bbox 139 1624 1778 1662">
    <p class='ocr_par' dir='ltr' id='par_1_61' title="bbox 139 1624 1778 1662">
     <span class='ocr_line' id='line_1_61' title="bbox 139 1624 1778 1662; baseline 0.002 -12"><span class='ocrx_word' id='word_1_436' title='bbox 139 1628 246 1650; x_wconf 89' lang='lat' dir='ltr'><strong>tantum</strong></span> <span class='ocrx_word' id='word_1_437' title='bbox 262 1624 451 1658; x_wconf 77' lang='lat' dir='ltr'><strong>concederent,</strong></span> <span class='ocrx_word' id='word_1_438' title='bbox 465 1626 536 1653; x_wconf 91' lang='lat' dir='ltr'><strong>idem</strong></span> <span class='ocrx_word' id='word_1_439' title='bbox 552 1630 644 1654; x_wconf 89' lang='lat' dir='ltr'><strong>tamen</strong></span> <span class='ocrx_word' id='word_1_440' title='bbox 674 1627 707 1654; x_wconf 93' lang='lat' dir='ltr'><strong>de</strong></span> <span class='ocrx_word' id='word_1_441' title='bbox 731 1635 774 1659; x_wconf 87' lang='lat' dir='ltr'><strong>ea,</strong></span> <span class='ocrx_word' id='word_1_442' title='bbox 798 1627 894 1662; x_wconf 74' lang='lat' dir='ltr'><strong>quzein</strong></span> <span class='ocrx_word' id='word_1_443' title='bbox 919 1626 1058 1653; x_wconf 88' lang='lat' dir='ltr'><strong>stellarum</strong></span> <span class='ocrx_word' id='word_1_444' title='bbox 1075 1630 1102 1652; x_wconf 90' lang='lat' dir='ltr'><strong>ct</strong></span> <span class='ocrx_word' id='word_1_445' title='bbox 1129 1624 1314 1652; x_wconf 88' lang='lat' dir='ltr'><strong>natalitiorum</strong></span> <span class='ocrx_word' id='word_1_446' title='bbox 1334 1625 1553 1653; x_wconf 82' lang='lat' dir='ltr'><strong>consideratione</strong></span> <span class='ocrx_word' id='word_1_447' title='bbox 1564 1630 1699 1659; x_wconf 83' lang='lat' dir='ltr'><strong>versatur,</strong></span> <span class='ocrx_word' id='word_1_448' title='bbox 1722 1633 1778 1653; x_wconf 85' lang='lat' dir='ltr'><strong>non</strong></span> 
     </span>
    </p>
   </div>
   <div class='ocr_carea' id='block_1_62' title="bbox 140 1670 1778 1709">
    <p class='ocr_par' dir='ltr' id='par_1_62' title="bbox 140 1670 1778 1709">
     <span class='ocr_line' id='line_1_62' title="bbox 140 1670 1778 1709; baseline 0.004 -13"><span class='ocrx_word' id='word_1_449' title='bbox 140 1671 270 1698; x_wconf 84' lang='lat' dir='ltr'><strong>sentiant.</strong></span> <span class='ocrx_word' id='word_1_450' title='bbox 287 1670 354 1698; x_wconf 86' lang='lat' dir='ltr'><strong>Nam</strong></span> <span class='ocrx_word' id='word_1_451' title='bbox 368 1672 392 1699; x_wconf 90' lang='lat' dir='ltr'><strong>si</strong></span> <span class='ocrx_word' id='word_1_452' title='bbox 417 1673 546 1708; x_wconf 79' lang='lat' dir='ltr'><strong>cognosci</strong></span> <span class='ocrx_word' id='word_1_453' title='bbox 563 1672 655 1701; x_wconf 86' lang='lat' dir='ltr'><strong>futura</strong></span> <span class='ocrx_word' id='word_1_454' title='bbox 668 1678 782 1709; x_wconf 82' lang='lat' dir='ltr'><strong>possunt</strong></span> <span class='ocrx_word' id='word_1_455' title='bbox 804 1675 867 1709; x_wconf 89' lang='lat' dir='ltr'><strong>(hoc</strong></span> <span class='ocrx_word' id='word_1_456' title='bbox 886 1672 960 1701; x_wconf 90' lang='lat' dir='ltr'><strong>enim</strong></span> <span class='ocrx_word' id='word_1_457' title='bbox 981 1675 1007 1700; x_wconf 92' lang='lat' dir='ltr'><strong>in</strong></span> <span class='ocrx_word' id='word_1_458' title='bbox 1028 1673 1172 1708; x_wconf 68' lang='lat' dir='ltr'><strong>praesentia</strong></span> <span class='ocrx_word' id='word_1_459' title='bbox 1197 1673 1304 1708; x_wconf 90' lang='lat' dir='ltr'><strong>demus)</strong></span> <span class='ocrx_word' id='word_1_460' title='bbox 1330 1673 1456 1708; x_wconf 90' lang='lat' dir='ltr'><strong>idemque</strong></span> <span class='ocrx_word' id='word_1_461' title='bbox 1476 1674 1642 1709; x_wconf 80' lang='lat' dir='ltr'><strong>cognitionis</strong></span> <span class='ocrx_word' id='word_1_462' title='bbox 1669 1674 1778 1702; x_wconf 92' lang='lat' dir='ltr'><strong>illorum</strong></span> 
     </span>
    </p>
   </div>
   <div class='ocr_carea' id='block_1_63' title="bbox 140 1718 1780 1758">
    <p class='ocr_par' dir='ltr' id='par_1_63' title="bbox 140 1718 1780 1758">
     <span class='ocr_line' id='line_1_63' title="bbox 140 1718 1780 1758; baseline 0.002 -11"><span class='ocrx_word' id='word_1_463' title='bbox 140 1724 181 1747; x_wconf 77' lang='lat' dir='ltr'><strong>est</strong></span> <span class='ocrx_word' id='word_1_464' title='bbox 196 1718 403 1756; x_wconf 87' lang='lat' dir='ltr'><strong>cffectionisque</strong></span> <span class='ocrx_word' id='word_1_465' title='bbox 417 1721 582 1756; x_wconf 89' lang='lat' dir='ltr'><strong>principium</strong></span> <span class='ocrx_word' id='word_1_466' title='bbox 599 1731 606 1755; x_wconf 83' lang='lat'><strong>;</strong></span> <span class='ocrx_word' id='word_1_467' title='bbox 639 1730 688 1750; x_wconf 87' lang='lat' dir='ltr'><strong>cur</strong></span> <span class='ocrx_word' id='word_1_468' title='bbox 713 1723 741 1750; x_wconf 95' lang='lat' dir='ltr'><strong>in</strong></span> <span class='ocrx_word' id='word_1_469' title='bbox 766 1723 858 1750; x_wconf 83' lang='lat' dir='ltr'><strong>stellas</strong></span> <span class='ocrx_word' id='word_1_470' title='bbox 871 1723 962 1758; x_wconf 87' lang='lat' dir='ltr'><strong>potius</strong></span> <span class='ocrx_word' id='word_1_471' title='bbox 981 1729 1064 1758; x_wconf 89' lang='lat' dir='ltr'><strong>quam</strong></span> <span class='ocrx_word' id='word_1_472' title='bbox 1076 1722 1102 1748; x_wconf 90' lang='lat' dir='ltr'><strong>in</strong></span> <span class='ocrx_word' id='word_1_473' title='bbox 1115 1729 1190 1755; x_wconf 82' lang='lat' dir='ltr'><strong>aves,</strong></span> <span class='ocrx_word' id='word_1_474' title='bbox 1211 1729 1308 1749; x_wconf 92' lang='lat' dir='ltr'><strong>eorum</strong></span> <span class='ocrx_word' id='word_1_475' title='bbox 1325 1729 1386 1756; x_wconf 63' lang='lat' dir='ltr'><strong>quae</strong></span> <span class='ocrx_word' id='word_1_476' title='bbox 1401 1722 1470 1748; x_wconf 78' lang='lat' dir='ltr'><strong>fiunt</strong></span> <span class='ocrx_word' id='word_1_477' title='bbox 1489 1730 1582 1755; x_wconf 87' lang='lat' dir='ltr'><strong>causa,</strong></span> <span class='ocrx_word' id='word_1_478' title='bbox 1598 1721 1780 1750; x_wconf 78' lang='lat' dir='ltr'><strong>conferatur?</strong></span> 
     </span>
    </p>
   </div>
   <div class='ocr_carea' id='block_1_64' title="bbox 139 1766 1631 1805">
    <p class='ocr_par' dir='ltr' id='par_1_64' title="bbox 139 1766 1631 1805">
     <span class='ocr_line' id='line_1_64' title="bbox 139 1766 1631 1805; baseline 0.003 -13"><span class='ocrx_word' id='word_1_479' title='bbox 139 1766 182 1792; x_wconf 88' lang='lat' dir='ltr'><strong>vel</strong></span> <span class='ocrx_word' id='word_1_480' title='bbox 194 1774 243 1793; x_wconf 89' lang='lat' dir='ltr'><strong>cur</strong></span> <span class='ocrx_word' id='word_1_481' title='bbox 257 1767 353 1795; x_wconf 85' lang='lat' dir='ltr'><strong>avibus</strong></span> <span class='ocrx_word' id='word_1_482' title='bbox 365 1768 459 1796; x_wconf 88' lang='lat' dir='ltr'><strong>eadem</strong></span> <span class='ocrx_word' id='word_1_483' title='bbox 475 1770 575 1803; x_wconf 87' lang='lat' dir='ltr'><strong>potius,</strong></span> <span class='ocrx_word' id='word_1_484' title='bbox 592 1778 674 1805; x_wconf 87' lang='lat' dir='ltr'><strong>quam</strong></span> <span class='ocrx_word' id='word_1_485' title='bbox 692 1777 738 1798; x_wconf 88' lang='lat' dir='ltr'><strong>aut</strong></span> <span class='ocrx_word' id='word_1_486' title='bbox 758 1771 931 1799; x_wconf 87' lang='lat' dir='ltr'><strong>victimarum</strong></span> <span class='ocrx_word' id='word_1_487' title='bbox 951 1771 1033 1803; x_wconf 77' lang='lat' dir='ltr'><strong>extis,</strong></span> <span class='ocrx_word' id='word_1_488' title='bbox 1047 1775 1095 1797; x_wconf 87' lang='lat' dir='ltr'><strong>aut</strong></span> <span class='ocrx_word' id='word_1_489' title='bbox 1106 1770 1325 1797; x_wconf 87' lang='lat' dir='ltr'><strong>discurrentibus</strong></span> <span class='ocrx_word' id='word_1_490' title='bbox 1336 1770 1444 1805; x_wconf 79' lang='lat' dir='ltr'><strong>ignibus</strong></span> <span class='ocrx_word' id='word_1_491' title='bbox 1455 1770 1631 1805; x_wconf 81' lang='lat' dir='ltr'><strong>assignetur?</strong></span> 
     </span>
    </p>
   </div>
   <div class='ocr_carea' id='block_1_65' title="bbox 178 1812 969 1853">
    <p class='ocr_par' dir='ltr' id='par_1_65' title="bbox 178 1812 969 1853">
     <span class='ocr_line' id='line_1_65' title="bbox 178 1812 969 1853; baseline 0.009 -16"><span class='ocrx_word' id='word_1_492' title='bbox 178 1821 188 1837; x_wconf 74' lang='grc' dir='ltr'><strong>ι</strong></span> <span class='ocrx_word' id='word_1_493' title='bbox 211 1812 303 1839; x_wconf 79' lang='grc' dir='ltr'>Ταῦτα</span> <span class='ocrx_word' id='word_1_494' title='bbox 327 1814 377 1848; x_wconf 81' lang='grc' dir='ltr'>μὲν</span> <span class='ocrx_word' id='word_1_495' title='bbox 397 1812 443 1841; x_wconf 80' lang='grc' dir='ltr'><strong>οὖν</strong></span> <span class='ocrx_word' id='word_1_496' title='bbox 464 1815 510 1842; x_wconf 75' lang='grc' dir='ltr'><strong>ἐπὶ</strong></span> <span class='ocrx_word' id='word_1_497' title='bbox 527 1815 572 1842; x_wconf 80' lang='grc' dir='ltr'>τοῦ</span> <span class='ocrx_word' id='word_1_498' title='bbox 602 1816 735 1852; x_wconf 81' lang='grc' dir='ltr'>παρόντος</span> <span class='ocrx_word' id='word_1_499' title='bbox 755 1817 866 1853; x_wconf 80' lang='grc' dir='ltr'>ἀρκέσει</span> <span class='ocrx_word' id='word_1_500' title='bbox 894 1818 934 1848; x_wconf 76' lang='grc' dir='ltr'><strong>εἰς</strong></span> <span class='ocrx_word' id='word_1_501' title='bbox 948 1820 969 1849; x_wconf 86' lang='lat' dir='ltr'>C</span> 
     </span>
    </p>
   </div>
   <div class='ocr_carea' id='block_1_66' title="bbox 140 1857 933 1897">
    <p class='ocr_par' dir='ltr' id='par_1_66' title="bbox 140 1857 933 1897">
     <span class='ocr_line' id='line_1_66' title="bbox 140 1857 933 1897; baseline 0.006 -13"><span class='ocrx_word' id='word_1_502' title='bbox 140 1857 283 1893; x_wconf 81' lang='grc' dir='ltr'>ἀναίρεσιν</span> <span class='ocrx_word' id='word_1_503' title='bbox 306 1858 354 1885; x_wconf 82' lang='grc' dir='ltr'>τοῦ</span> <span class='ocrx_word' id='word_1_504' title='bbox 377 1861 536 1895; x_wconf 76' lang='grc' dir='ltr'>ποιητικοὺς</span> <span class='ocrx_word' id='word_1_505' title='bbox 554 1858 624 1887; x_wconf 83' lang='grc' dir='ltr'>εἶναι</span> <span class='ocrx_word' id='word_1_506' title='bbox 643 1862 705 1893; x_wconf 75' lang='grc' dir='ltr'>τοὺς</span> <span class='ocrx_word' id='word_1_507' title='bbox 738 1862 854 1897; x_wconf 80' lang='grc' dir='ltr'>ἀστέρας</span> <span class='ocrx_word' id='word_1_508' title='bbox 879 1861 933 1889; x_wconf 81' lang='grc' dir='ltr'><strong>τῶν</strong></span> 
     </span>
    </p>
   </div>
   <div class='ocr_carea' id='block_1_67' title="bbox 139 1903 934 1945">
    <p class='ocr_par' dir='ltr' id='par_1_67' title="bbox 139 1903 934 1945">
     <span class='ocr_line' id='line_1_67' title="bbox 139 1903 934 1945; baseline 0.009 -16"><span class='ocrx_word' id='word_1_509' title='bbox 139 1903 329 1939; x_wconf 77' lang='grc' dir='ltr'>ἀνθρωπίνων.</span> <span class='ocrx_word' id='word_1_510' title='bbox 358 1906 446 1941; x_wconf 85' lang='grc' dir='ltr'>Ὅπερ</span> <span class='ocrx_word' id='word_1_511' title='bbox 474 1906 502 1932; x_wconf 84' lang='grc' dir='ltr'>δὲ</span> <span class='ocrx_word' id='word_1_512' title='bbox 529 1908 779 1944; x_wconf 77' lang='grc' dir='ltr'>συγκεχωρήκαμεν</span> <span class='ocrx_word' id='word_1_513' title='bbox 810 1909 858 1944; x_wconf 81' lang='grc' dir='ltr'>(οὐ</span> <span class='ocrx_word' id='word_1_514' title='bbox 880 1910 934 1945; x_wconf 84' lang='grc' dir='ltr'>γὰρ</span> 
     </span>
    </p>
   </div>
   <div class='ocr_carea' id='block_1_68' title="bbox 139 1950 935 1989">
    <p class='ocr_par' dir='ltr' id='par_1_68' title="bbox 139 1950 935 1989">
     <span class='ocr_line' id='line_1_68' title="bbox 139 1950 935 1989; baseline 0.008 -13"><span class='ocrx_word' id='word_1_515' title='bbox 139 1950 238 1977; x_wconf 72' lang='grc' dir='ltr'>ἐλύπει</span> <span class='ocrx_word' id='word_1_516' title='bbox 253 1951 297 1977; x_wconf 80' lang='grc' dir='ltr'><strong>τὸν</strong></span> <span class='ocrx_word' id='word_1_517' title='bbox 314 1951 416 1986; x_wconf 79' lang='grc' dir='ltr'>λόγον),</span> <span class='ocrx_word' id='word_1_518' title='bbox 435 1952 472 1984; x_wconf 85' lang='grc' dir='ltr'><strong>ὼς</strong></span> <span class='ocrx_word' id='word_1_519' title='bbox 485 1952 538 1979; x_wconf 83' lang='grc' dir='ltr'><strong>τῶν</strong></span> <span class='ocrx_word' id='word_1_520' title='bbox 554 1953 706 1989; x_wconf 80' lang='grc' dir='ltr'>ἀνθρώπων</span> <span class='ocrx_word' id='word_1_521' title='bbox 719 1955 874 1989; x_wconf 85' lang='grc' dir='ltr'>δυναμένων</span> <span class='ocrx_word' id='word_1_522' title='bbox 886 1965 935 1982; x_wconf 85' lang='grc' dir='ltr'>κα-</span> 
     </span>
    </p>
   </div>
   <div class='ocr_carea' id='block_1_69' title="bbox 139 1997 934 2037">
    <p class='ocr_par' dir='ltr' id='par_1_69' title="bbox 139 1997 934 2037">
     <span class='ocr_line' id='line_1_69' title="bbox 139 1997 934 2037; baseline 0.006 -14"><span class='ocrx_word' id='word_1_523' title='bbox 139 1997 325 2032; x_wconf 68' lang='grc' dir='ltr'>ταλαμϐάνειν</span> <span class='ocrx_word' id='word_1_524' title='bbox 338 1999 401 2029; x_wconf 86' lang='grc' dir='ltr'>τοὺς</span> <span class='ocrx_word' id='word_1_525' title='bbox 428 1999 568 2035; x_wconf 75' lang='grc' dir='ltr'>οὐρανίους</span> <span class='ocrx_word' id='word_1_526' title='bbox 600 2002 817 2037; x_wconf 83' lang='grc' dir='ltr'>σχηματισμοὺς,</span> <span class='ocrx_word' id='word_1_527' title='bbox 839 2003 885 2028; x_wconf 72' lang='grc' dir='ltr'><strong>καὶ</strong></span> <span class='ocrx_word' id='word_1_528' title='bbox 901 2002 934 2029; x_wconf 68' lang='grc' dir='ltr'>τὰ</span> 
     </span>
    </p>
   </div>
   <div class='ocr_carea' id='block_1_70' title="bbox 141 2041 935 2083">
    <p class='ocr_par' dir='ltr' id='par_1_70' title="bbox 141 2041 935 2083">
     <span class='ocr_line' id='line_1_70' title="bbox 141 2041 935 2083; baseline 0.006 -14"><span class='ocrx_word' id='word_1_529' title='bbox 141 2045 254 2078; x_wconf 70' lang='grc' dir='ltr'>σημεῖα,</span> <span class='ocrx_word' id='word_1_530' title='bbox 273 2045 319 2070; x_wconf 65' lang='grc' dir='ltr'>καὶ</span> <span class='ocrx_word' id='word_1_531' title='bbox 334 2041 371 2070; x_wconf 83' lang='grc' dir='ltr'>ὧν</span> <span class='ocrx_word' id='word_1_532' title='bbox 389 2046 447 2071; x_wconf 80' lang='grc' dir='ltr'>ἐστι</span> <span class='ocrx_word' id='word_1_533' title='bbox 463 2048 573 2081; x_wconf 86' lang='grc' dir='ltr'>σημεῖα,</span> <span class='ocrx_word' id='word_1_534' title='bbox 591 2047 670 2074; x_wconf 82' lang='grc' dir='ltr'>τοῦτο</span> <span class='ocrx_word' id='word_1_535' title='bbox 690 2048 755 2083; x_wconf 81' lang='grc' dir='ltr'>φέρε</span> <span class='ocrx_word' id='word_1_536' title='bbox 770 2047 817 2074; x_wconf 82' lang='grc' dir='ltr'>νῦν</span> <span class='ocrx_word' id='word_1_537' title='bbox 843 2048 935 2081; x_wconf 78' lang='grc' dir='ltr'>ἐξετά-</span> 
     </span>
    </p>
   </div>
   <div class='ocr_carea' id='block_1_71' title="bbox 141 2090 935 2128">
    <p class='ocr_par' dir='ltr' id='par_1_71' title="bbox 141 2090 935 2128">
     <span class='ocr_line' id='line_1_71' title="bbox 141 2090 935 2128; baseline 0.006 -13"><span class='ocrx_word' id='word_1_538' title='bbox 141 2097 235 2124; x_wconf 86' lang='grc' dir='ltr'>σωμεν</span> <span class='ocrx_word' id='word_1_539' title='bbox 250 2091 273 2116; x_wconf 80' lang='grc' dir='ltr'>εἰ</span> <span class='ocrx_word' id='word_1_540' title='bbox 289 2090 388 2124; x_wconf 80' lang='grc' dir='ltr'><strong>ἀληθές</strong></span> <span class='ocrx_word' id='word_1_541' title='bbox 397 2091 466 2118; x_wconf 78' lang='grc' dir='ltr'>ἐστι.</span> <span class='ocrx_word' id='word_1_542' title='bbox 481 2092 549 2119; x_wconf 62' lang='grc' dir='ltr'>Φασὶ</span> <span class='ocrx_word' id='word_1_543' title='bbox 565 2093 654 2119; x_wconf 75' lang='grc' dir='ltr'>τοίνυν</span> <span class='ocrx_word' id='word_1_544' title='bbox 668 2094 691 2119; x_wconf 73' lang='lat' dir='ltr'><strong>oi</strong></span> <span class='ocrx_word' id='word_1_545' title='bbox 709 2094 772 2128; x_wconf 78' lang='grc' dir='ltr'>περὶ</span> <span class='ocrx_word' id='word_1_546' title='bbox 785 2094 870 2120; x_wconf 81' lang='grc' dir='ltr'>ταῦτα</span> <span class='ocrx_word' id='word_1_547' title='bbox 884 2094 935 2120; x_wconf 88' lang='grc' dir='ltr'>δει-</span> 
     </span>
    </p>
   </div>
   <div class='ocr_carea' id='block_1_72' title="bbox 139 2135 934 2176">
    <p class='ocr_par' dir='ltr' id='par_1_72' title="bbox 139 2135 934 2176">
     <span class='ocr_line' id='line_1_72' title="bbox 139 2135 934 2176; baseline 0.008 -16"><span class='ocrx_word' id='word_1_548' title='bbox 139 2135 191 2167; x_wconf 74' lang='grc' dir='ltr'>νοὶ,</span> <span class='ocrx_word' id='word_1_549' title='bbox 208 2135 253 2162; x_wconf 72' lang='grc' dir='ltr'>τὸν</span> <span class='ocrx_word' id='word_1_550' title='bbox 268 2136 398 2170; x_wconf 83' lang='grc' dir='ltr'>μέλλοντα</span> <span class='ocrx_word' id='word_1_551' title='bbox 411 2137 445 2163; x_wconf 86' lang='grc' dir='ltr'>τὰ</span> <span class='ocrx_word' id='word_1_552' title='bbox 463 2138 534 2165; x_wconf 79' lang='grc' dir='ltr'>κατᾶ</span> <span class='ocrx_word' id='word_1_553' title='bbox 554 2138 602 2174; x_wconf 78' lang='grc' dir='ltr'><strong>τὴν</strong></span> <span class='ocrx_word' id='word_1_554' title='bbox 619 2139 854 2175; x_wconf 84' lang='grc' dir='ltr'>γενεθλιαλογικὴν</span> <span class='ocrx_word' id='word_1_555' title='bbox 869 2140 934 2176; x_wconf 88' lang='grc' dir='ltr'><strong>ἀλη-</strong></span> 
     </span>
    </p>
   </div>
   <div class='ocr_carea' id='block_1_73' title="bbox 140 2181 935 2220">
    <p class='ocr_par' dir='ltr' id='par_1_73' title="bbox 140 2181 935 2220">
     <span class='ocr_line' id='line_1_73' title="bbox 140 2181 935 2220; baseline 0.009 -14"><span class='ocrx_word' id='word_1_556' title='bbox 140 2181 198 2212; x_wconf 82' lang='grc' dir='ltr'><strong>θῶς</strong></span> <span class='ocrx_word' id='word_1_557' title='bbox 219 2182 450 2217; x_wconf 73' lang='grc' dir='ltr'>καταλαμϐάνειν,</span> <span class='ocrx_word' id='word_1_558' title='bbox 478 2184 577 2211; x_wconf 85' lang='grc' dir='ltr'>εἰδέναι</span> <span class='ocrx_word' id='word_1_559' title='bbox 593 2185 623 2211; x_wconf 81' lang='grc' dir='ltr'>οὺ</span> <span class='ocrx_word' id='word_1_560' title='bbox 643 2186 721 2220; x_wconf 85' lang='grc' dir='ltr'>μόνον</span> <span class='ocrx_word' id='word_1_561' title='bbox 743 2186 774 2212; x_wconf 76' lang='grc' dir='ltr'>τὸ</span> <span class='ocrx_word' id='word_1_562' title='bbox 802 2185 871 2213; x_wconf 86' lang='grc' dir='ltr'>κατὰ</span> <span class='ocrx_word' id='word_1_563' title='bbox 887 2186 935 2213; x_wconf 87' lang='grc' dir='ltr'><strong>πό-</strong></span> 
     </span>
    </p>
   </div>
   <div class='ocr_carea' id='block_1_74' title="bbox 141 2227 934 2269">
    <p class='ocr_par' dir='ltr' id='par_1_74' title="bbox 141 2227 934 2269">
     <span class='ocr_line' id='line_1_74' title="bbox 141 2227 934 2269; baseline 0.009 -16"><span class='ocrx_word' id='word_1_564' title='bbox 141 2235 206 2254; x_wconf 79' lang='grc' dir='ltr'>στου</span> <span class='ocrx_word' id='word_1_565' title='bbox 222 2227 236 2248; x_wconf 67' lang='grc' dir='ltr'><strong>δ</strong></span> <span class='ocrx_word' id='word_1_566' title='bbox 252 2228 487 2265; x_wconf 77' lang='grc' dir='ltr'>δωδεκατημορίου</span> <span class='ocrx_word' id='word_1_567' title='bbox 518 2231 590 2257; x_wconf 79' lang='grc' dir='ltr'>ἐστὶν</span> <span class='ocrx_word' id='word_1_568' title='bbox 610 2233 624 2258; x_wconf 83' lang='grc' dir='ltr'><strong>ό</strong></span> <span class='ocrx_word' id='word_1_569' title='bbox 649 2232 815 2268; x_wconf 67' lang='grc' dir='ltr'>καλούμενος</span> <span class='ocrx_word' id='word_1_570' title='bbox 837 2233 934 2269; x_wconf 81' lang='grc' dir='ltr'>ἀστὴρ,</span> 
     </span>
    </p>
   </div>
   <div class='ocr_carea' id='block_1_75' title="bbox 140 2273 935 2316">
    <p class='ocr_par' dir='ltr' id='par_1_75' title="bbox 140 2273 935 2316">
     <span class='ocr_line' id='line_1_75' title="bbox 140 2273 935 2316; baseline 0.009 -17"><span class='ocrx_word' id='word_1_571' title='bbox 140 2273 210 2300; x_wconf 77' lang='grc' dir='ltr'><strong>ἀλλᾶ</strong></span> <span class='ocrx_word' id='word_1_572' title='bbox 223 2274 269 2300; x_wconf 69' lang='grc' dir='ltr'><strong>καὶ</strong></span> <span class='ocrx_word' id='word_1_573' title='bbox 285 2275 356 2302; x_wconf 81' lang='grc' dir='ltr'>κατὰ</span> <span class='ocrx_word' id='word_1_574' title='bbox 373 2276 452 2308; x_wconf 85' lang='grc' dir='ltr'>ποίας</span> <span class='ocrx_word' id='word_1_575' title='bbox 468 2277 565 2313; x_wconf 86' lang='grc' dir='ltr'>μοίρας</span> <span class='ocrx_word' id='word_1_576' title='bbox 574 2278 622 2304; x_wconf 84' lang='grc' dir='ltr'><strong>τοῦ</strong></span> <span class='ocrx_word' id='word_1_577' title='bbox 632 2279 879 2316; x_wconf 84' lang='grc' dir='ltr'>δωδεκατημορίου,</span> <span class='ocrx_word' id='word_1_578' title='bbox 889 2279 935 2306; x_wconf 73' lang='grc' dir='ltr'>καὶ</span> 
     </span>
    </p>
   </div>
   <div class='ocr_carea' id='block_1_76' title="bbox 141 2320 935 2361">
    <p class='ocr_par' dir='ltr' id='par_1_76' title="bbox 141 2320 935 2361">
     <span class='ocr_line' id='line_1_76' title="bbox 141 2320 935 2361; baseline 0.005 -13"><span class='ocrx_word' id='word_1_579' title='bbox 141 2320 212 2348; x_wconf 82' lang='grc' dir='ltr'>κατὰ</span> <span class='ocrx_word' id='word_1_580' title='bbox 225 2321 303 2347; x_wconf 83' lang='grc' dir='ltr'>ποίου</span> <span class='ocrx_word' id='word_1_581' title='bbox 315 2321 472 2356; x_wconf 78' lang='grc' dir='ltr'>ἑξηκοστοῦ.</span> <span class='ocrx_word' id='word_1_582' title='bbox 489 2323 521 2349; x_wconf 88' lang='grc' dir='ltr'><strong>Οἱ</strong></span> <span class='ocrx_word' id='word_1_583' title='bbox 537 2323 565 2350; x_wconf 87' lang='grc' dir='ltr'><strong>δὲ</strong></span> <span class='ocrx_word' id='word_1_584' title='bbox 586 2324 786 2361; x_wconf 73' lang='grc' dir='ltr'>ἀκριϐέστεροι,</span> <span class='ocrx_word' id='word_1_585' title='bbox 803 2325 850 2352; x_wconf 78' lang='grc' dir='ltr'>καὶ</span> <span class='ocrx_word' id='word_1_586' title='bbox 865 2325 935 2352; x_wconf 85' lang='grc' dir='ltr'>κατὰ</span> 
     </span>
    </p>
   </div>
   <div class='ocr_carea' id='block_1_77' title="bbox 142 2366 935 2405">
    <p class='ocr_par' dir='ltr' id='par_1_77' title="bbox 142 2366 935 2405">
     <span class='ocr_line' id='line_1_77' title="bbox 142 2366 935 2405; baseline 0.006 -13"><span class='ocrx_word' id='word_1_587' title='bbox 142 2366 220 2393; x_wconf 77' lang='grc' dir='ltr'>ποίου</span> <span class='ocrx_word' id='word_1_588' title='bbox 234 2366 382 2402; x_wconf 78' lang='grc' dir='ltr'>ἑξηκοστοῦ</span> <span class='ocrx_word' id='word_1_589' title='bbox 399 2367 446 2394; x_wconf 80' lang='grc' dir='ltr'>τοῦ</span> <span class='ocrx_word' id='word_1_590' title='bbox 457 2368 616 2404; x_wconf 75' lang='grc' dir='ltr'>ἑξηκοστοῦ,</span> <span class='ocrx_word' id='word_1_591' title='bbox 640 2370 688 2396; x_wconf 69' lang='grc' dir='ltr'>καὶ</span> <span class='ocrx_word' id='word_1_592' title='bbox 709 2370 787 2397; x_wconf 83' lang='grc' dir='ltr'><strong>τοῦτό</strong></span> <span class='ocrx_word' id='word_1_593' title='bbox 804 2379 869 2405; x_wconf 83' lang='grc' dir='ltr'>φασι</span> <span class='ocrx_word' id='word_1_594' title='bbox 881 2371 935 2397; x_wconf 83' lang='grc' dir='ltr'>δεῖν</span> 
     </span>
    </p>
   </div>
   <div class='ocr_carea' id='block_1_78' title="bbox 143 2413 935 2450">
    <p class='ocr_par' dir='ltr' id='par_1_78' title="bbox 143 2413 935 2450">
     <span class='ocr_line' id='line_1_78' title="bbox 143 2413 935 2450; baseline 0.008 -13"><span class='ocrx_word' id='word_1_595' title='bbox 143 2413 230 2438; x_wconf 83' lang='grc' dir='ltr'>ποιεῖν</span> <span class='ocrx_word' id='word_1_596' title='bbox 259 2413 302 2447; x_wconf 76' lang='grc' dir='ltr'><strong>ἐφ’</strong></span> <span class='ocrx_word' id='word_1_597' title='bbox 319 2413 435 2439; x_wconf 80' lang='grc' dir='ltr'>ἑκάστου</span> <span class='ocrx_word' id='word_1_598' title='bbox 465 2414 519 2441; x_wconf 84' lang='grc' dir='ltr'><strong>τῶν</strong></span> <span class='ocrx_word' id='word_1_599' title='bbox 547 2414 745 2450; x_wconf 80' lang='grc' dir='ltr'>πλανωμένων,</span> <span class='ocrx_word' id='word_1_600' title='bbox 776 2415 935 2448; x_wconf 79' lang='grc' dir='ltr'>ἐξετάζοντα</span> 
     </span>
    </p>
   </div>
   <div class='ocr_carea' id='block_1_79' title="bbox 140 2457 934 2495">
    <p class='ocr_par' dir='ltr' id='par_1_79' title="bbox 140 2457 934 2495">
     <span class='ocr_line' id='line_1_79' title="bbox 140 2457 934 2495; baseline 0.008 -12"><span class='ocrx_word' id='word_1_601' title='bbox 140 2457 191 2493; x_wconf 78' lang='grc' dir='ltr'>τὴν</span> <span class='ocrx_word' id='word_1_602' title='bbox 207 2458 299 2492; x_wconf 77' lang='grc' dir='ltr'>σχέσιν</span> <span class='ocrx_word' id='word_1_603' title='bbox 314 2458 363 2494; x_wconf 81' lang='grc' dir='ltr'><strong>τὴν</strong></span> <span class='ocrx_word' id='word_1_604' title='bbox 379 2460 446 2495; x_wconf 79' lang='grc' dir='ltr'>πρὸς</span> <span class='ocrx_word' id='word_1_605' title='bbox 458 2461 520 2491; x_wconf 81' lang='grc' dir='ltr'>τοὺς</span> <span class='ocrx_word' id='word_1_606' title='bbox 534 2460 673 2492; x_wconf 79' lang='grc' dir='ltr'>ἀπλανεῖς.</span> <span class='ocrx_word' id='word_1_607' title='bbox 688 2462 772 2488; x_wconf 85' lang='grc' dir='ltr'>Πάλιν</span> <span class='ocrx_word' id='word_1_608' title='bbox 783 2461 815 2489; x_wconf 80' lang='grc' dir='ltr'>αὗ</span> <span class='ocrx_word' id='word_1_609' title='bbox 832 2463 877 2488; x_wconf 71' lang='grc' dir='ltr'><strong>ἐπὶ</strong></span> <span class='ocrx_word' id='word_1_610' title='bbox 888 2463 934 2489; x_wconf 81' lang='grc' dir='ltr'>τοῦ</span> 
     </span>
    </p>
   </div>
   <div class='ocr_carea' id='block_1_80' title="bbox 1024 1814 1778 1850">
    <p class='ocr_par' dir='ltr' id='par_1_80' title="bbox 1024 1814 1778 1850">
     <span class='ocr_line' id='line_1_80' title="bbox 1024 1814 1778 1850; baseline 0.004 -9"><span class='ocrx_word' id='word_1_611' title='bbox 1024 1825 1033 1840; x_wconf 78' lang='grc' dir='ltr'><strong>ι</strong></span> <span class='ocrx_word' id='word_1_612' title='bbox 1056 1814 1193 1842; x_wconf 85' lang='lat' dir='ltr'><strong>Hactenus</strong></span> <span class='ocrx_word' id='word_1_613' title='bbox 1209 1815 1318 1849; x_wconf 89' lang='lat' dir='ltr'><strong>quidem</strong></span> <span class='ocrx_word' id='word_1_614' title='bbox 1334 1822 1348 1841; x_wconf 92' lang='lat' dir='ltr'><strong>a</strong></span> <span class='ocrx_word' id='word_1_615' title='bbox 1364 1815 1453 1847; x_wconf 88' lang='lat' dir='ltr'><strong>nobis,</strong></span> <span class='ocrx_word' id='word_1_616' title='bbox 1474 1820 1608 1850; x_wconf 89' lang='lat' dir='ltr'><strong>quantum</strong></span> <span class='ocrx_word' id='word_1_617' title='bbox 1633 1816 1678 1844; x_wconf 86' lang='lat' dir='ltr'><strong>hic</strong></span> <span class='ocrx_word' id='word_1_618' title='bbox 1701 1816 1778 1844; x_wconf 88' lang='lat' dir='ltr'><strong>locus</strong></span> 
     </span>
    </p>
   </div>
   <div class='ocr_carea' id='block_1_81' title="bbox 986 1860 1778 1896">
    <p class='ocr_par' dir='ltr' id='par_1_81' title="bbox 986 1860 1778 1896">
     <span class='ocr_line' id='line_1_81' title="bbox 986 1860 1778 1896; baseline 0.003 -9"><span class='ocrx_word' id='word_1_619' title='bbox 986 1861 1151 1896; x_wconf 84' lang='lat' dir='ltr'><strong>postulabat,</strong></span> <span class='ocrx_word' id='word_1_620' title='bbox 1167 1860 1308 1888; x_wconf 82' lang='lat' dir='ltr'><strong>confutata</strong></span> <span class='ocrx_word' id='word_1_621' title='bbox 1330 1860 1374 1888; x_wconf 88' lang='lat' dir='ltr'><strong>illa</strong></span> <span class='ocrx_word' id='word_1_622' title='bbox 1391 1861 1523 1888; x_wconf 85' lang='lat' dir='ltr'><strong>sententia</strong></span> <span class='ocrx_word' id='word_1_623' title='bbox 1540 1865 1593 1893; x_wconf 84' lang='lat' dir='ltr'><strong>est,</strong></span> <span class='ocrx_word' id='word_1_624' title='bbox 1609 1869 1670 1896; x_wconf 75' lang='lat' dir='ltr'><strong>qua:</strong></span> <span class='ocrx_word' id='word_1_625' title='bbox 1686 1869 1778 1890; x_wconf 86' lang='lat' dir='ltr'><strong>rerum</strong></span> 
     </span>
    </p>
   </div>
   <div class='ocr_carea' id='block_1_82' title="bbox 985 1906 1778 1942">
    <p class='ocr_par' dir='ltr' id='par_1_82' title="bbox 985 1906 1778 1942">
     <span class='ocr_line' id='line_1_82' title="bbox 985 1906 1778 1942; baseline 0.001 -8"><span class='ocrx_word' id='word_1_626' title='bbox 985 1907 1168 1934; x_wconf 87' lang='lat' dir='ltr'><strong>humanarum</strong></span> <span class='ocrx_word' id='word_1_627' title='bbox 1183 1906 1352 1934; x_wconf 76' lang='lat' dir='ltr'><strong>eﬂectionem</strong></span> <span class='ocrx_word' id='word_1_628' title='bbox 1363 1914 1376 1933; x_wconf 91' lang='lat' dir='ltr'><strong>a</strong></span> <span class='ocrx_word' id='word_1_629' title='bbox 1388 1906 1523 1934; x_wconf 87' lang='lat' dir='ltr'><strong>sideribus</strong></span> <span class='ocrx_word' id='word_1_630' title='bbox 1540 1907 1656 1942; x_wconf 89' lang='lat' dir='ltr'><strong>pendere</strong></span> <span class='ocrx_word' id='word_1_631' title='bbox 1674 1911 1778 1935; x_wconf 88' lang='lat' dir='ltr'><strong>statue-</strong></span> 
     </span>
    </p>
   </div>
   <div class='ocr_carea' id='block_1_83' title="bbox 985 1951 1779 1989">
    <p class='ocr_par' dir='ltr' id='par_1_83' title="bbox 985 1951 1779 1989">
     <span class='ocr_line' id='line_1_83' title="bbox 985 1951 1779 1989; baseline 0.001 -9"><span class='ocrx_word' id='word_1_632' title='bbox 985 1953 1041 1980; x_wconf 84' lang='lat' dir='ltr'><strong>bat.</strong></span> <span class='ocrx_word' id='word_1_633' title='bbox 1058 1951 1137 1985; x_wconf 86' lang='lat' dir='ltr'><strong>Quod</strong></span> <span class='ocrx_word' id='word_1_634' title='bbox 1153 1959 1243 1980; x_wconf 88' lang='lat' dir='ltr'><strong>autem</strong></span> <span class='ocrx_word' id='word_1_635' title='bbox 1267 1953 1350 1988; x_wconf 87' lang='lat' dir='ltr'><strong>paulo</strong></span> <span class='ocrx_word' id='word_1_636' title='bbox 1368 1958 1442 1984; x_wconf 86' lang='lat' dir='ltr'><strong>ante,</strong></span> <span class='ocrx_word' id='word_1_637' title='bbox 1470 1961 1531 1980; x_wconf 79' lang='lat' dir='ltr'><strong>curn</strong></span> <span class='ocrx_word' id='word_1_638' title='bbox 1558 1953 1625 1981; x_wconf 90' lang='lat' dir='ltr'><strong>nihil</strong></span> <span class='ocrx_word' id='word_1_639' title='bbox 1646 1959 1779 1989; x_wconf 68' lang='lat' dir='ltr'><strong>suscepta:</strong></span> 
     </span>
    </p>
   </div>
   <div class='ocr_carea' id='block_1_84' title="bbox 985 1999 1779 2034">
    <p class='ocr_par' dir='ltr' id='par_1_84' title="bbox 985 1999 1779 2034">
     <span class='ocr_line' id='line_1_84' title="bbox 985 1999 1779 2034; baseline 0.003 -8"><span class='ocrx_word' id='word_1_640' title='bbox 985 1999 1161 2034; x_wconf 85' lang='lat' dir='ltr'><strong>disputationi</strong></span> <span class='ocrx_word' id='word_1_641' title='bbox 1171 1999 1300 2032; x_wconf 78' lang='lat' dir='ltr'><strong>oliiceret,</strong></span> <span class='ocrx_word' id='word_1_642' title='bbox 1316 1999 1388 2026; x_wconf 92' lang='lat' dir='ltr'><strong>ultro</strong></span> <span class='ocrx_word' id='word_1_643' title='bbox 1401 2000 1596 2031; x_wconf 89' lang='lat' dir='ltr'><strong>concessimus,</strong></span> <span class='ocrx_word' id='word_1_644' title='bbox 1613 2001 1738 2028; x_wconf 83' lang='lat' dir='ltr'><strong>ccelestes</strong></span> <span class='ocrx_word' id='word_1_645' title='bbox 1750 2001 1779 2028; x_wconf 87' lang='lat' dir='ltr'><strong>il-</strong></span> 
     </span>
    </p>
   </div>
   <div class='ocr_carea' id='block_1_85' title="bbox 986 2045 1776 2081">
    <p class='ocr_par' dir='ltr' id='par_1_85' title="bbox 986 2045 1776 2081">
     <span class='ocr_line' id='line_1_85' title="bbox 986 2045 1776 2081; baseline 0 -8"><span class='ocrx_word' id='word_1_646' title='bbox 986 2047 1026 2074; x_wconf 86' lang='lat' dir='ltr'><strong>las</strong></span> <span class='ocrx_word' id='word_1_647' title='bbox 1033 2046 1193 2081; x_wconf 88' lang='lat' dir='ltr'><strong>positiones,</strong></span> <span class='ocrx_word' id='word_1_648' title='bbox 1205 2045 1294 2081; x_wconf 81' lang='lat' dir='ltr'><strong>signa,</strong></span> <span class='ocrx_word' id='word_1_649' title='bbox 1309 2053 1482 2080; x_wconf 87' lang='lat' dir='ltr'><strong>quorumque</strong></span> <span class='ocrx_word' id='word_1_650' title='bbox 1495 2046 1571 2080; x_wconf 76' lang='lat' dir='ltr'><strong>signa</strong></span> <span class='ocrx_word' id='word_1_651' title='bbox 1587 2045 1631 2073; x_wconf 85' lang='lat' dir='ltr'><strong>illa</strong></span> <span class='ocrx_word' id='word_1_652' title='bbox 1650 2046 1776 2074; x_wconf 69' lang='lat' dir='ltr'><strong>sintom~</strong></span> 
     </span>
    </p>
   </div>
   <div class='ocr_carea' id='block_1_86' title="bbox 987 2092 1775 2128">
    <p class='ocr_par' dir='ltr' id='par_1_86' title="bbox 987 2092 1775 2128">
     <span class='ocr_line' id='line_1_86' title="bbox 987 2092 1775 2128; baseline -0.001 -7"><span class='ocrx_word' id='word_1_653' title='bbox 987 2095 1041 2125; x_wconf 85' lang='lat' dir='ltr'><strong>nia,</strong></span> <span class='ocrx_word' id='word_1_654' title='bbox 1056 2093 1191 2121; x_wconf 82' lang='lat' dir='ltr'><strong>facultatis</strong></span> <span class='ocrx_word' id='word_1_655' title='bbox 1206 2093 1332 2120; x_wconf 78' lang='lat' dir='ltr'><strong>humana:</strong></span> <span class='ocrx_word' id='word_1_656' title='bbox 1342 2092 1447 2120; x_wconf 89' lang='lat' dir='ltr'><strong>viribus</strong></span> <span class='ocrx_word' id='word_1_657' title='bbox 1458 2092 1661 2128; x_wconf 59' lang='lat' dir='ltr'><strong>intelligizgﬁ,</strong></span> <span class='ocrx_word' id='word_1_658' title='bbox 1673 2100 1753 2128; x_wconf 85' lang='lat' dir='ltr'><strong>posse</strong></span> <span class='ocrx_word' id='word_1_659' title='bbox 1769 2101 1775 2119; x_wconf 90' lang='lat'><strong>:</strong></span> 
     </span>
    </p>
   </div>
   <div class='ocr_carea' id='block_1_87' title="bbox 987 2138 1778 2173">
    <p class='ocr_par' dir='ltr' id='par_1_87' title="bbox 987 2138 1778 2173">
     <span class='ocr_line' id='line_1_87' title="bbox 987 2138 1778 2173; baseline -0.001 -7"><span class='ocrx_word' id='word_1_660' title='bbox 987 2140 1014 2167; x_wconf 90' lang='lat' dir='ltr'><strong>id</strong></span> <span class='ocrx_word' id='word_1_661' title='bbox 1028 2146 1157 2166; x_wconf 88' lang='lat' dir='ltr'><strong>verumne</strong></span> <span class='ocrx_word' id='word_1_662' title='bbox 1168 2138 1215 2171; x_wconf 86' lang='lat' dir='ltr'><strong>sit,</strong></span> <span class='ocrx_word' id='word_1_663' title='bbox 1230 2146 1305 2165; x_wconf 91' lang='lat' dir='ltr'><strong>nunc</strong></span> <span class='ocrx_word' id='word_1_664' title='bbox 1328 2138 1438 2165; x_wconf 87' lang='lat' dir='ltr'><strong>deutum</strong></span> <span class='ocrx_word' id='word_1_665' title='bbox 1457 2138 1778 2173; x_wconf 81' lang='lat' dir='ltr'><strong>exquiramus.Primnnt</strong></span> 
     </span>
    </p>
   </div>
   <div class='ocr_carea' id='block_1_88' title="bbox 987 2184 1779 2221">
    <p class='ocr_par' dir='ltr' id='par_1_88' title="bbox 987 2184 1779 2221">
     <span class='ocr_line' id='line_1_88' title="bbox 987 2184 1779 2221; baseline 0 -9"><span class='ocrx_word' id='word_1_666' title='bbox 987 2185 1069 2221; x_wconf 75' lang='lat' dir='ltr'><strong>igitur</strong></span> <span class='ocrx_word' id='word_1_667' title='bbox 1083 2185 1150 2212; x_wconf 88' lang='lat' dir='ltr'><strong>artis</strong></span> <span class='ocrx_word' id='word_1_668' title='bbox 1162 2184 1244 2219; x_wconf 90' lang='lat' dir='ltr'><strong>hujus</strong></span> <span class='ocrx_word' id='word_1_669' title='bbox 1260 2184 1384 2219; x_wconf 78' lang='lat' dir='ltr'><strong>magistri</strong></span> <span class='ocrx_word' id='word_1_670' title='bbox 1403 2184 1512 2217; x_wconf 88' lang='lat' dir='ltr'><strong>docent,</strong></span> <span class='ocrx_word' id='word_1_671' title='bbox 1523 2185 1569 2219; x_wconf 89' lang='lat' dir='ltr'><strong>qui</strong></span> <span class='ocrx_word' id='word_1_672' title='bbox 1585 2185 1618 2211; x_wconf 85' lang='lat' dir='ltr'><strong>ad</strong></span> <span class='ocrx_word' id='word_1_673' title='bbox 1634 2192 1725 2212; x_wconf 87' lang='lat' dir='ltr'><strong>veram</strong></span> <span class='ocrx_word' id='word_1_674' title='bbox 1746 2192 1779 2212; x_wconf 86' lang='lat' dir='ltr'><strong>ac</strong></span> 
     </span>
    </p>
   </div>
   <div class='ocr_carea' id='block_1_89' title="bbox 986 2230 1778 2266">
    <p class='ocr_par' dir='ltr' id='par_1_89' title="bbox 986 2230 1778 2266">
     <span class='ocr_line' id='line_1_89' title="bbox 986 2230 1778 2266; baseline -0.001 -8"><span class='ocrx_word' id='word_1_675' title='bbox 986 2231 1133 2266; x_wconf 83' lang='lat' dir='ltr'><strong>perfectam</strong></span> <span class='ocrx_word' id='word_1_676' title='bbox 1148 2238 1238 2258; x_wconf 88' lang='lat' dir='ltr'><strong>rerutn</strong></span> <span class='ocrx_word' id='word_1_677' title='bbox 1254 2230 1486 2265; x_wconf 77' lang='lat' dir='ltr'><strong>genethliacarum</strong></span> <span class='ocrx_word' id='word_1_678' title='bbox 1504 2230 1688 2265; x_wconf 80' lang='lat' dir='ltr'><strong>cognitionem</strong></span> <span class='ocrx_word' id='word_1_679' title='bbox 1704 2231 1778 2265; x_wconf 83' lang='lat' dir='ltr'><strong>aspi-</strong></span> 
     </span>
    </p>
   </div>
   <div class='ocr_carea' id='block_1_90' title="bbox 987 2276 1779 2312">
    <p class='ocr_par' dir='ltr' id='par_1_90' title="bbox 987 2276 1779 2312">
     <span class='ocr_line' id='line_1_90' title="bbox 987 2276 1779 2312; baseline -0.001 -7"><span class='ocrx_word' id='word_1_680' title='bbox 987 2283 1037 2310; x_wconf 90' lang='lat' dir='ltr'><strong>ret,</strong></span> <span class='ocrx_word' id='word_1_681' title='bbox 1054 2277 1199 2304; x_wconf 90' lang='lat' dir='ltr'><strong>tenendum</strong></span> <span class='ocrx_word' id='word_1_682' title='bbox 1217 2277 1280 2304; x_wconf 91' lang='lat' dir='ltr'><strong>huic</strong></span> <span class='ocrx_word' id='word_1_683' title='bbox 1291 2285 1351 2305; x_wconf 86' lang='lat' dir='ltr'><strong>esse</strong></span> <span class='ocrx_word' id='word_1_684' title='bbox 1364 2285 1417 2304; x_wconf 87' lang='lat' dir='ltr'><strong>non</strong></span> <span class='ocrx_word' id='word_1_685' title='bbox 1432 2276 1514 2304; x_wconf 89' lang='lat' dir='ltr'><strong>modo</strong></span> <span class='ocrx_word' id='word_1_686' title='bbox 1525 2284 1644 2312; x_wconf 87' lang='lat' dir='ltr'><strong>quanam</strong></span> <span class='ocrx_word' id='word_1_687' title='bbox 1661 2277 1687 2303; x_wconf 91' lang='lat' dir='ltr'><strong>in</strong></span> <span class='ocrx_word' id='word_1_688' title='bbox 1702 2282 1779 2312; x_wconf 92' lang='lat' dir='ltr'><strong>parte</strong></span> 
     </span>
    </p>
   </div>
   <div class='ocr_carea' id='block_1_91' title="bbox 986 2322 1778 2356">
    <p class='ocr_par' dir='ltr' id='par_1_91' title="bbox 986 2322 1778 2356">
     <span class='ocr_line' id='line_1_91' title="bbox 986 2322 1778 2356; baseline -0.001 -6"><span class='ocrx_word' id='word_1_689' title='bbox 986 2322 1158 2353; x_wconf 83' lang='lat' dir='ltr'><strong>duodecima,</strong></span> <span class='ocrx_word' id='word_1_690' title='bbox 1172 2322 1308 2350; x_wconf 81' lang='lat' dir='ltr'><strong>scdctiam</strong></span> <span class='ocrx_word' id='word_1_691' title='bbox 1330 2330 1448 2356; x_wconf 84' lang='lat' dir='ltr'><strong>quanam</strong></span> <span class='ocrx_word' id='word_1_692' title='bbox 1472 2322 1498 2348; x_wconf 93' lang='lat' dir='ltr'><strong>in</strong></span> <span class='ocrx_word' id='word_1_693' title='bbox 1521 2322 1594 2349; x_wconf 89' lang='lat' dir='ltr'><strong>illius</strong></span> <span class='ocrx_word' id='word_1_694' title='bbox 1610 2323 1778 2350; x_wconf 79' lang='lat' dir='ltr'><strong>duodecimze</strong></span> 
     </span>
    </p>
   </div>
   <div class='ocr_carea' id='block_1_92' title="bbox 987 2367 1778 2403">
    <p class='ocr_par' dir='ltr' id='par_1_92' title="bbox 987 2367 1778 2403">
     <span class='ocr_line' id='line_1_92' title="bbox 987 2367 1778 2403; baseline 0 -9"><span class='ocrx_word' id='word_1_695' title='bbox 987 2368 1129 2402; x_wconf 84' lang='lat' dir='ltr'><strong>particula,</strong></span> <span class='ocrx_word' id='word_1_696' title='bbox 1148 2368 1203 2394; x_wconf 87' lang='lat' dir='ltr'><strong>itno</strong></span> <span class='ocrx_word' id='word_1_697' title='bbox 1216 2375 1301 2401; x_wconf 87' lang='lat' dir='ltr'><strong>ecqua</strong></span> <span class='ocrx_word' id='word_1_698' title='bbox 1321 2367 1429 2394; x_wconf 87' lang='lat' dir='ltr'><strong>tandem</strong></span> <span class='ocrx_word' id='word_1_699' title='bbox 1445 2367 1471 2393; x_wconf 92' lang='lat' dir='ltr'><strong>in</strong></span> <span class='ocrx_word' id='word_1_700' title='bbox 1492 2367 1660 2403; x_wconf 77' lang='lat' dir='ltr'><strong>sexagesima</strong></span> <span class='ocrx_word' id='word_1_701' title='bbox 1684 2375 1778 2395; x_wconf 79' lang='lat' dir='ltr'><strong>verse-</strong></span> 
     </span>
    </p>
   </div>
   <div class='ocr_carea' id='block_1_93' title="bbox 989 2412 1779 2447">
    <p class='ocr_par' dir='ltr' id='par_1_93' title="bbox 989 2412 1779 2447">
     <span class='ocr_line' id='line_1_93' title="bbox 989 2412 1779 2447; baseline 0 -7"><span class='ocrx_word' id='word_1_702' title='bbox 989 2417 1032 2440; x_wconf 89' lang='lat' dir='ltr'><strong>tur</strong></span> <span class='ocrx_word' id='word_1_703' title='bbox 1040 2418 1155 2440; x_wconf 87' lang='lat' dir='ltr'><strong>astrum.</strong></span> <span class='ocrx_word' id='word_1_704' title='bbox 1173 2412 1283 2440; x_wconf 76' lang='lat' dir='ltr'><strong>Addunt</strong></span> <span class='ocrx_word' id='word_1_705' title='bbox 1299 2420 1373 2446; x_wconf 88' lang='lat' dir='ltr'><strong>vero,</strong></span> <span class='ocrx_word' id='word_1_706' title='bbox 1390 2413 1437 2447; x_wconf 90' lang='lat' dir='ltr'><strong>qui</strong></span> <span class='ocrx_word' id='word_1_707' title='bbox 1456 2420 1512 2439; x_wconf 87' lang='lat' dir='ltr'><strong>rem</strong></span> <span class='ocrx_word' id='word_1_708' title='bbox 1524 2413 1679 2447; x_wconf 80' lang='lat' dir='ltr'><strong>expendunt</strong></span> <span class='ocrx_word' id='word_1_709' title='bbox 1697 2420 1779 2441; x_wconf 89' lang='lat' dir='ltr'><strong>accu-</strong></span> 
     </span>
    </p>
   </div>
   <div class='ocr_carea' id='block_1_94' title="bbox 989 2459 1777 2494">
    <p class='ocr_par' dir='ltr' id='par_1_94' title="bbox 989 2459 1777 2494">
     <span class='ocr_line' id='line_1_94' title="bbox 989 2459 1777 2494; baseline 0.001 -9"><span class='ocrx_word' id='word_1_710' title='bbox 989 2459 1083 2491; x_wconf 77' lang='lat' dir='ltr'><strong>ratius,</strong></span> <span class='ocrx_word' id='word_1_711' title='bbox 1099 2467 1217 2494; x_wconf 85' lang='lat' dir='ltr'><strong>quanam</strong></span> <span class='ocrx_word' id='word_1_712' title='bbox 1244 2459 1271 2485; x_wconf 91' lang='lat' dir='ltr'><strong>in</strong></span> <span class='ocrx_word' id='word_1_713' title='bbox 1296 2459 1369 2486; x_wconf 91' lang='lat' dir='ltr'><strong>illius</strong></span> <span class='ocrx_word' id='word_1_714' title='bbox 1398 2459 1575 2494; x_wconf 65' lang='lat' dir='ltr'><strong>sexagesima:</strong></span> <span class='ocrx_word' id='word_1_715' title='bbox 1597 2459 1777 2493; x_wconf 82' lang='lat' dir='ltr'><strong>sexagesima.</strong></span> 
     </span>
    </p>
   </div>
   <div class='ocr_carea' id='block_1_95' title="bbox 141 2498 934 2546">
    <p class='ocr_par' dir='ltr' id='par_1_95' title="bbox 141 2503 934 2543">
     <span class='ocr_line' id='line_1_95' title="bbox 141 2503 934 2543; baseline 0.008 -14"><span class='ocrx_word' id='word_1_716' title='bbox 141 2503 302 2530; x_wconf 79' lang='grc' dir='ltr'>ἀνατολικοῦ</span> <span class='ocrx_word' id='word_1_717' title='bbox 316 2504 451 2540; x_wconf 79' lang='grc' dir='ltr'>ὁρίζοντος</span> <span class='ocrx_word' id='word_1_718' title='bbox 467 2505 568 2541; x_wconf 81' lang='grc' dir='ltr'>δεήσει,</span> <span class='ocrx_word' id='word_1_719' title='bbox 582 2506 673 2540; x_wconf 71' lang='grc' dir='ltr'>φασὶν,</span> <span class='ocrx_word' id='word_1_720' title='bbox 692 2507 755 2534; x_wconf 83' lang='grc' dir='ltr'>ἰδεῖν</span> <span class='ocrx_word' id='word_1_721' title='bbox 769 2508 798 2534; x_wconf 85' lang='grc' dir='ltr'><strong>οὐ</strong></span> <span class='ocrx_word' id='word_1_722' title='bbox 815 2508 894 2543; x_wconf 81' lang='grc' dir='ltr'>μόνον</span> <span class='ocrx_word' id='word_1_723' title='bbox 906 2507 934 2534; x_wconf 79' lang='grc' dir='ltr'>τὺ</span> 
     </span>
    </p>
   </div>
   <div class='ocr_carea' id='block_1_96' title="bbox 986 2498 1779 2546">
    <p class='ocr_par' dir='ltr' id='par_1_96' title="bbox 988 2504 1779 2540">
     <span class='ocr_line' id='line_1_96' title="bbox 988 2504 1779 2540; baseline 0 -8"><span class='ocrx_word' id='word_1_724' title='bbox 988 2505 1067 2538; x_wconf 86' lang='lat' dir='ltr'><strong>Quod</strong></span> <span class='ocrx_word' id='word_1_725' title='bbox 1080 2505 1152 2532; x_wconf 87' lang='lat' dir='ltr'><strong>idem</strong></span> <span class='ocrx_word' id='word_1_726' title='bbox 1172 2505 1222 2540; x_wconf 90' lang='lat' dir='ltr'><strong>ipsi</strong></span> <span class='ocrx_word' id='word_1_727' title='bbox 1241 2505 1392 2531; x_wconf 87' lang='lat' dir='ltr'><strong>errantium</strong></span> <span class='ocrx_word' id='word_1_728' title='bbox 1416 2504 1442 2531; x_wconf 91' lang='lat' dir='ltr'><strong>in</strong></span> <span class='ocrx_word' id='word_1_729' title='bbox 1467 2504 1586 2531; x_wconf 75' lang='lat' dir='ltr'><strong>siderum</strong></span> <span class='ocrx_word' id='word_1_730' title='bbox 1603 2505 1723 2539; x_wconf 87' lang='lat' dir='ltr'><strong>quolibet</strong></span> <span class='ocrx_word' id='word_1_731' title='bbox 1737 2504 1779 2533; x_wconf 56' lang='lat' dir='ltr'><strong>fa.</strong></span> 
     </span>
    </p>
   </div>
   <div class='ocr_carea' id='block_1_97' title="bbox 141 2549 936 2589">
    <p class='ocr_par' dir='ltr' id='par_1_97' title="bbox 141 2549 936 2589">
     <span class='ocr_line' id='line_1_97' title="bbox 141 2549 936 2589; baseline 0.006 -14"><span class='ocrx_word' id='word_1_732' title='bbox 141 2549 379 2585; x_wconf 81' lang='grc' dir='ltr'>δωδεκατημόριον</span> <span class='ocrx_word' id='word_1_733' title='bbox 396 2552 471 2577; x_wconf 82' lang='grc' dir='ltr'>ποῖον</span> <span class='ocrx_word' id='word_1_734' title='bbox 494 2549 528 2587; x_wconf 84' lang='grc' dir='ltr'>ἦν</span> <span class='ocrx_word' id='word_1_735' title='bbox 558 2552 601 2577; x_wconf 76' lang='grc' dir='ltr'><strong>ἐπ’</strong></span> <span class='ocrx_word' id='word_1_736' title='bbox 615 2552 707 2585; x_wconf 73' lang='grc' dir='ltr'>αὐτοῦ,</span> <span class='ocrx_word' id='word_1_737' title='bbox 724 2553 790 2579; x_wconf 82' lang='grc' dir='ltr'>ἀλλὰ</span> <span class='ocrx_word' id='word_1_738' title='bbox 819 2554 865 2580; x_wconf 73' lang='grc' dir='ltr'><strong>καὶ</strong></span> <span class='ocrx_word' id='word_1_739' title='bbox 887 2553 936 2589; x_wconf 88' lang='grc' dir='ltr'><strong>τὴν</strong></span> 
     </span>
    </p>
   </div>
   <div class='ocr_carea' id='block_1_98' title="bbox 143 2596 935 2635">
    <p class='ocr_par' dir='ltr' id='par_1_98' title="bbox 143 2596 935 2635">
     <span class='ocr_line' id='line_1_98' title="bbox 143 2596 935 2635; baseline 0.009 -16"><span class='ocrx_word' id='word_1_740' title='bbox 143 2596 252 2631; x_wconf 81' lang='grc' dir='ltr'>μοῖραν,</span> <span class='ocrx_word' id='word_1_741' title='bbox 268 2596 316 2622; x_wconf 65' lang='grc' dir='ltr'>καὶ</span> <span class='ocrx_word' id='word_1_742' title='bbox 330 2596 360 2622; x_wconf 75' lang='grc' dir='ltr'>τὸ</span> <span class='ocrx_word' id='word_1_743' title='bbox 376 2596 520 2632; x_wconf 74' lang='grc' dir='ltr'>ἑξηκοστὸν</span> <span class='ocrx_word' id='word_1_744' title='bbox 545 2598 595 2632; x_wconf 78' lang='grc' dir='ltr'><strong>τῆς</strong></span> <span class='ocrx_word' id='word_1_745' title='bbox 623 2598 729 2634; x_wconf 76' lang='grc' dir='ltr'>μοίρας,</span> <span class='ocrx_word' id='word_1_746' title='bbox 747 2599 777 2626; x_wconf 84' lang='grc' dir='ltr'><strong>τὸ</strong></span> <span class='ocrx_word' id='word_1_747' title='bbox 794 2599 901 2635; x_wconf 84' lang='grc' dir='ltr'>πρῶτον</span> <span class='ocrx_word' id='word_1_748' title='bbox 919 2599 935 2634; x_wconf 82' lang='grc' dir='ltr'>ἢ</span> 
     </span>
    </p>
   </div>
   <div class='ocr_carea' id='block_1_99' title="bbox 141 2641 935 2680">
    <p class='ocr_par' dir='ltr' id='par_1_99' title="bbox 141 2641 935 2680">
     <span class='ocr_line' id='line_1_99' title="bbox 141 2641 935 2680; baseline 0.004 -12"><span class='ocrx_word' id='word_1_749' title='bbox 141 2641 173 2668; x_wconf 78' lang='grc' dir='ltr'><strong>τὸ</strong></span> <span class='ocrx_word' id='word_1_750' title='bbox 188 2641 317 2677; x_wconf 80' lang='grc' dir='ltr'>δεύτερον</span> <span class='ocrx_word' id='word_1_751' title='bbox 338 2642 494 2677; x_wconf 78' lang='grc' dir='ltr'>ἑξηκοστόν,</span> <span class='ocrx_word' id='word_1_752' title='bbox 511 2643 574 2674; x_wconf 84' lang='grc' dir='ltr'><strong>Πῶς</strong></span> <span class='ocrx_word' id='word_1_753' title='bbox 589 2643 689 2675; x_wconf 82' lang='grc' dir='ltr'>τοίνυν,</span> <span class='ocrx_word' id='word_1_754' title='bbox 705 2644 755 2679; x_wconf 76' lang='grc' dir='ltr'>τῆς</span> <span class='ocrx_word' id='word_1_755' title='bbox 776 2644 849 2680; x_wconf 88' lang='grc' dir='ltr'>ὦρας</span> <span class='ocrx_word' id='word_1_756' title='bbox 866 2645 935 2671; x_wconf 76' lang='grc' dir='ltr'>πλα-</span> 
     </span>
    </p>
   </div>
   <div class='ocr_carea' id='block_1_100' title="bbox 177 2705 649 2742">
    <p class='ocr_par' dir='ltr' id='par_1_100' title="bbox 177 2705 649 2742">
     <span class='ocr_line' id='line_1_100' title="bbox 177 2705 649 2742; baseline 0 -8"><span class='ocrx_word' id='word_1_757' title='bbox 177 2712 192 2729; x_wconf 76' lang='grc' dir='ltr'>ι</span> <span class='ocrx_word' id='word_1_758' title='bbox 208 2707 252 2735; x_wconf 80' lang='grc' dir='ltr'>τσ.</span> <span class='ocrx_word' id='word_1_759' title='bbox 267 2705 316 2733; x_wconf 79' lang='grc' dir='ltr'>καὶ</span> <span class='ocrx_word' id='word_1_760' title='bbox 328 2707 355 2734; x_wconf 88' lang='grc' dir='ltr'><strong>τί</strong></span> <span class='ocrx_word' id='word_1_761' title='bbox 370 2707 434 2742; x_wconf 82' lang='grc' dir='ltr'>μᾶλ.</span> <span class='ocrx_word' id='word_1_762' title='bbox 476 2707 490 2727; x_wconf 67' lang='grc' dir='ltr'><strong>δ</strong></span> <span class='ocrx_word' id='word_1_763' title='bbox 503 2708 545 2734; x_wconf 80' lang='grc' dir='ltr'><strong>Ϊσ.</strong></span> <span class='ocrx_word' id='word_1_764' title='bbox 562 2709 649 2734; x_wconf 80' lang='grc' dir='ltr'>ποίου.</span> 
     </span>
    </p>
   </div>
   <div class='ocr_carea' id='block_1_101' title="bbox 178 2773 934 2810">
    <p class='ocr_par' dir='ltr' id='par_1_101' title="bbox 178 2773 934 2810">
     <span class='ocr_line' id='line_1_101' title="bbox 178 2773 934 2810; baseline 0.003 -8"><span class='ocrx_word' id='word_1_765' title='bbox 178 2774 235 2810; x_wconf 67' lang='lat'><strong>(54)</strong></span> <span class='ocrx_word' id='word_1_766' title='bbox 257 2773 471 2810; x_wconf 77' lang='grc' dir='ltr'><strong>Ἐλκομένους.</strong></span> <span class='ocrx_word' id='word_1_767' title='bbox 493 2775 708 2810; x_wconf 83' lang='grc' dir='ltr'>Ἐλκουμένους,</span> <span class='ocrx_word' id='word_1_768' title='bbox 735 2776 849 2810; x_wconf 88' lang='lat' dir='ltr'><strong>opinor,</strong></span> <span class='ocrx_word' id='word_1_769' title='bbox 871 2785 934 2804; x_wconf 90' lang='lat' dir='ltr'><strong>vera</strong></span> 
     </span>
    </p>
   </div>
   <div class='ocr_carea' id='block_1_102' title="bbox 143 2809 934 2846">
    <p class='ocr_par' dir='ltr' id='par_1_102' title="bbox 143 2809 934 2846">
     <span class='ocr_line' id='line_1_102' title="bbox 143 2809 934 2846; baseline 0.004 -10"><span class='ocrx_word' id='word_1_770' title='bbox 143 2809 229 2838; x_wconf 78' lang='lat' dir='ltr'><strong>lectio</strong></span> <span class='ocrx_word' id='word_1_771' title='bbox 250 2815 310 2846; x_wconf 88' lang='lat' dir='ltr'><strong>est,</strong></span> <span class='ocrx_word' id='word_1_772' title='bbox 325 2817 408 2846; x_wconf 76' lang='lat' dir='ltr'><strong>quam</strong></span> <span class='ocrx_word' id='word_1_773' title='bbox 422 2811 503 2837; x_wconf 85' lang='lat' dir='ltr'><strong>etiam</strong></span> <span class='ocrx_word' id='word_1_774' title='bbox 519 2819 535 2838; x_wconf 90' lang='lat' dir='ltr'><strong>e</strong></span> <span class='ocrx_word' id='word_1_775' title='bbox 551 2809 730 2845; x_wconf 82' lang='lat' dir='ltr'><strong>manuscript.</strong></span> <span class='ocrx_word' id='word_1_776' title='bbox 749 2809 817 2838; x_wconf 69' lang='lat' dir='ltr'><strong>alter</strong></span> <span class='ocrx_word' id='word_1_777' title='bbox 834 2820 934 2846; x_wconf 62' lang='lat' dir='ltr'><strong>reprae-</strong></span> 
     </span>
    </p>
   </div>
   <div class='ocr_carea' id='block_1_103' title="bbox 142 2845 934 2881">
    <p class='ocr_par' dir='ltr' id='par_1_103' title="bbox 142 2845 934 2881">
     <span class='ocr_line' id='line_1_103' title="bbox 142 2845 934 2881; baseline 0.003 -9"><span class='ocrx_word' id='word_1_778' title='bbox 142 2850 248 2881; x_wconf 72' lang='lat' dir='ltr'><strong>sentat;</strong></span> <span class='ocrx_word' id='word_1_779' title='bbox 268 2845 348 2872; x_wconf 90' lang='lat' dir='ltr'><strong>ulcus</strong></span> <span class='ocrx_word' id='word_1_780' title='bbox 365 2845 438 2881; x_wconf 71' lang='lat' dir='ltr'><strong>enim</strong></span> <span class='ocrx_word' id='word_1_781' title='bbox 461 2853 495 2873; x_wconf 84' lang='lat' dir='ltr'><strong>ex</strong></span> <span class='ocrx_word' id='word_1_782' title='bbox 521 2846 733 2874; x_wconf 78' lang='lat' dir='ltr'><strong>circumcisione</strong></span> <span class='ocrx_word' id='word_1_783' title='bbox 758 2845 934 2881; x_wconf 80' lang='lat' dir='ltr'><strong>sequebatur.</strong></span> 
     </span>
    </p>
   </div>
   <div class='ocr_carea' id='block_1_104' title="bbox 178 2878 937 2917">
    <p class='ocr_par' dir='ltr' id='par_1_104' title="bbox 178 2878 937 2917">
     <span class='ocr_line' id='line_1_104' title="bbox 178 2878 937 2917; baseline 0.001 -9"><span class='ocrx_word' id='word_1_784' title='bbox 178 2879 236 2917; x_wconf 81' lang='lat'><strong>(55)</strong></span> <span class='ocrx_word' id='word_1_785' title='bbox 257 2878 438 2913; x_wconf 69' lang='lat' dir='ltr'><strong>’Ema&#39;rimu</strong></span> <span class='ocrx_word' id='word_1_786' title='bbox 458 2880 526 2917; x_wconf 62' lang='grc' dir='ltr'>μέτ.</span> <span class='ocrx_word' id='word_1_787' title='bbox 555 2881 617 2908; x_wconf 79' lang='lat' dir='ltr'><strong>Haec</strong></span> <span class='ocrx_word' id='word_1_788' title='bbox 641 2881 695 2909; x_wconf 93' lang='lat' dir='ltr'><strong>duo</strong></span> <span class='ocrx_word' id='word_1_789' title='bbox 717 2878 804 2908; x_wconf 54' lang='lat' dir='ltr'><strong>verba&#39;</strong></span> <span class='ocrx_word' id='word_1_790' title='bbox 820 2882 937 2909; x_wconf 82' lang='lat' dir='ltr'><strong>iibenter</strong></span> 
     </span>
    </p>
   </div>
   <div class='ocr_carea' id='block_1_105' title="bbox 142 2915 935 2953">
    <p class='ocr_par' dir='ltr' id='par_1_105' title="bbox 142 2915 935 2953">
     <span class='ocr_line' id='line_1_105' title="bbox 142 2915 935 2953; baseline 0.005 -11"><span class='ocrx_word' id='word_1_791' title='bbox 142 2915 325 2952; x_wconf 71' lang='lat' dir='ltr'><strong>expunxerim</strong></span> <span class='ocrx_word' id='word_1_792' title='bbox 339 2935 347 2949; x_wconf 88' lang='lat'><strong>,</strong></span> <span class='ocrx_word' id='word_1_793' title='bbox 366 2923 434 2950; x_wconf 39' lang='lat' dir='ltr'><strong>qua“</strong></span> <span class='ocrx_word' id='word_1_794' title='bbox 451 2915 573 2951; x_wconf 81' lang='lat' dir='ltr'><strong>profecto</strong></span> <span class='ocrx_word' id='word_1_795' title='bbox 597 2924 707 2945; x_wconf 80' lang='lat' dir='ltr'><strong>sensum</strong></span> <span class='ocrx_word' id='word_1_796' title='bbox 721 2938 729 2951; x_wconf 89' lang='lat'><strong>,</strong></span> <span class='ocrx_word' id='word_1_797' title='bbox 754 2918 858 2953; x_wconf 82' lang='lat' dir='ltr'><strong>absque</strong></span> <span class='ocrx_word' id='word_1_798' title='bbox 873 2918 935 2953; x_wconf 71' lang='lat' dir='ltr'><strong>illis</strong></span> 
     </span>
    </p>
   </div>
   <div class='ocr_carea' id='block_1_106' title="bbox 988 2550 1778 2585">
    <p class='ocr_par' dir='ltr' id='par_1_106' title="bbox 988 2550 1778 2585">
     <span class='ocr_line' id='line_1_106' title="bbox 988 2550 1778 2585; baseline 0 -7"><span class='ocrx_word' id='word_1_799' title='bbox 988 2551 1114 2578; x_wconf 82' lang='lat' dir='ltr'><strong>ciendum</strong></span> <span class='ocrx_word' id='word_1_800' title='bbox 1133 2558 1193 2578; x_wconf 88' lang='lat' dir='ltr'><strong>esse</strong></span> <span class='ocrx_word' id='word_1_801' title='bbox 1212 2550 1380 2585; x_wconf 68' lang='lat' dir='ltr'><strong>praecipiunt,</strong></span> <span class='ocrx_word' id='word_1_802' title='bbox 1395 2554 1516 2577; x_wconf 90' lang='lat' dir='ltr'><strong>mutuam</strong></span> <span class='ocrx_word' id='word_1_803' title='bbox 1534 2550 1703 2584; x_wconf 84' lang='lat' dir='ltr'><strong>singulorum</strong></span> <span class='ocrx_word' id='word_1_804' title='bbox 1715 2559 1778 2578; x_wconf 89' lang='lat' dir='ltr'><strong>cum</strong></span> 
     </span>
    </p>
   </div>
   <div class='ocr_carea' id='block_1_107' title="bbox 989 2595 1778 2630">
    <p class='ocr_par' dir='ltr' id='par_1_107' title="bbox 989 2595 1778 2630">
     <span class='ocr_line' id='line_1_107' title="bbox 989 2595 1778 2630; baseline 0.001 -8"><span class='ocrx_word' id='word_1_805' title='bbox 989 2596 1033 2629; x_wconf 82' lang='lat' dir='ltr'><strong>iis,</strong></span> <span class='ocrx_word' id='word_1_806' title='bbox 1050 2603 1110 2630; x_wconf 70' lang='lat' dir='ltr'><strong>quae</strong></span> <span class='ocrx_word' id='word_1_807' title='bbox 1125 2597 1178 2622; x_wconf 86' lang='lat' dir='ltr'><strong>lixa</strong></span> <span class='ocrx_word' id='word_1_808' title='bbox 1196 2599 1304 2626; x_wconf 87' lang='lat' dir='ltr'><strong>vocant,</strong></span> <span class='ocrx_word' id='word_1_809' title='bbox 1323 2595 1556 2629; x_wconf 76' lang='lat' dir='ltr'><strong>comparationem</strong></span> <span class='ocrx_word' id='word_1_810' title='bbox 1573 2602 1605 2622; x_wconf 88' lang='lat' dir='ltr'><strong>ac</strong></span> <span class='ocrx_word' id='word_1_811' title='bbox 1625 2600 1778 2630; x_wconf 87' lang='lat' dir='ltr'><strong>respectum</strong></span> 
     </span>
    </p>
   </div>
   <div class='ocr_carea' id='block_1_108' title="bbox 989 2641 1778 2676">
    <p class='ocr_par' dir='ltr' id='par_1_108' title="bbox 989 2641 1778 2676">
     <span class='ocr_line' id='line_1_108' title="bbox 989 2641 1778 2676; baseline 0.001 -8"><span class='ocrx_word' id='word_1_812' title='bbox 989 2641 1158 2676; x_wconf 81' lang='lat' dir='ltr'><strong>vestigando.</strong></span> <span class='ocrx_word' id='word_1_813' title='bbox 1174 2641 1276 2669; x_wconf 89' lang='lat' dir='ltr'><strong>Deinde</strong></span> <span class='ocrx_word' id='word_1_814' title='bbox 1292 2642 1319 2668; x_wconf 89' lang='lat' dir='ltr'><strong>in</strong></span> <span class='ocrx_word' id='word_1_815' title='bbox 1348 2641 1407 2676; x_wconf 91' lang='lat' dir='ltr'><strong>ipso</strong></span> <span class='ocrx_word' id='word_1_816' title='bbox 1422 2649 1532 2676; x_wconf 88' lang='lat' dir='ltr'><strong>quoque</strong></span> <span class='ocrx_word' id='word_1_817' title='bbox 1562 2642 1689 2670; x_wconf 88' lang='lat' dir='ltr'><strong>orientali</strong></span> <span class='ocrx_word' id='word_1_818' title='bbox 1704 2642 1778 2670; x_wconf 33' lang='lat' dir='ltr'><strong>horis</strong></span> 
     </span>
    </p>
   </div>
   <div class='ocr_carea' id='block_1_109' title="bbox 989 2776 1506 2812">
    <p class='ocr_par' dir='ltr' id='par_1_109' title="bbox 989 2776 1506 2812">
     <span class='ocr_line' id='line_1_109' title="bbox 989 2776 1506 2812; baseline 0.002 -9"><span class='ocrx_word' id='word_1_819' title='bbox 989 2777 1089 2812; x_wconf 88' lang='lat' dir='ltr'><strong>optime</strong></span> <span class='ocrx_word' id='word_1_820' title='bbox 1103 2777 1297 2812; x_wconf 71' lang='lat' dir='ltr'><strong>cohaerentem,</strong></span> <span class='ocrx_word' id='word_1_821' title='bbox 1314 2776 1506 2804; x_wconf 81' lang='lat' dir='ltr'><strong>interturbant.</strong></span> 
     </span>
    </p>
   </div>
   <div class='ocr_carea' id='block_1_110' title="bbox 1027 2811 1778 2874">
    <p class='ocr_par' dir='ltr' id='par_1_110' title="bbox 1027 2811 1778 2874">
     <span class='ocr_line' id='line_1_110' title="bbox 1027 2811 1778 2874; baseline 0.003 -35"><span class='ocrx_word' id='word_1_822' title='bbox 1027 2812 1082 2874; x_wconf 45' lang='lat'><strong>(56;</strong></span> <span class='ocrx_word' id='word_1_823' title='bbox 1108 2812 1161 2838; x_wconf 78' lang='grc' dir='ltr'><strong>Καὶ</strong></span> <span class='ocrx_word' id='word_1_824' title='bbox 1185 2811 1242 2845; x_wconf 76' lang='grc' dir='ltr'><strong>τὴν</strong></span> <span class='ocrx_word' id='word_1_825' title='bbox 1260 2812 1461 2845; x_wconf 77' lang='grc' dir='ltr'>ἀστεροσχοπ.</span> <span class='ocrx_word' id='word_1_826' title='bbox 1488 2812 1630 2840; x_wconf 79' lang='lat' dir='ltr'><strong>Manifesta</strong></span> <span class='ocrx_word' id='word_1_827' title='bbox 1653 2813 1778 2848; x_wconf 80' lang='lat' dir='ltr'><strong>trajectio</strong></span> 
     </span>
     <span class='ocr_line' id='line_1_111' title="bbox 1027 2847 1778 2874; baseline 0 0"><span class='ocrx_word' id='word_1_828' title='bbox 1027 2854 1044 2874; x_wconf 78' lang='grc' dir='ltr'>ι.</span> <span class='ocrx_word' id='word_1_829' title='bbox 1080 2847 1224 2874; x_wconf 63' lang='lat' dir='ltr'><strong>macnduut</strong></span> <span class='ocrx_word' id='word_1_830' title='bbox 1241 2854 1306 2874; x_wconf 72' lang='lat' dir='ltr'><strong>creo</strong></span> <span class='ocrx_word' id='word_1_831' title='bbox 1317 2867 1324 2874; x_wconf 84' lang='grc'><strong>.</strong></span> <span class='ocrx_word' id='word_1_832' title='bbox 1345 2847 1396 2873; x_wconf 81' lang='grc' dir='ltr'>οὐκ</span> <span class='ocrx_word' id='word_1_833' title='bbox 1415 2847 1455 2873; x_wconf 70' lang='grc' dir='ltr'>ἔτι</span> <span class='ocrx_word' id='word_1_834' title='bbox 1471 2848 1499 2874; x_wconf 75' lang='grc' dir='ltr'>δὲ</span> <span class='ocrx_word' id='word_1_835' title='bbox 1515 2849 1564 2874; x_wconf 71' lang='grc' dir='ltr'><strong>τὴν</strong></span> <span class='ocrx_word' id='word_1_836' title='bbox 1581 2850 1778 2874; x_wconf 80' lang='grc' dir='ltr'>ἀστεοοσκοπι-</span> 
     </span>
    </p>
   </div>
   <div class='ocr_carea' id='block_1_111' title="bbox 991 2847 1779 2884">
    <p class='ocr_par' dir='ltr' id='par_1_111' title="bbox 991 2847 1779 2884">
     <span class='ocr_line' id='line_1_112' title="bbox 991 2847 1779 2884; baseline 0.001 -10"><span class='ocrx_word' id='word_1_837' title='bbox 991 2854 1044 2875; x_wconf 85' lang='lat' dir='ltr'><strong>est.</strong></span> <span class='ocrx_word' id='word_1_838' title='bbox 1069 2847 1224 2884; x_wconf 57' lang='lat' dir='ltr'><strong>lugendum</strong></span> <span class='ocrx_word' id='word_1_839' title='bbox 1241 2854 1324 2884; x_wconf 70' lang='lat' dir='ltr'><strong>ergo,</strong></span> <span class='ocrx_word' id='word_1_840' title='bbox 1345 2847 1396 2884; x_wconf 80' lang='grc' dir='ltr'>οὐκ</span> <span class='ocrx_word' id='word_1_841' title='bbox 1415 2847 1458 2884; x_wconf 70' lang='grc' dir='ltr'>ἔτι</span> <span class='ocrx_word' id='word_1_842' title='bbox 1471 2848 1499 2874; x_wconf 75' lang='grc' dir='ltr'>δὲ</span> <span class='ocrx_word' id='word_1_843' title='bbox 1515 2849 1564 2884; x_wconf 82' lang='grc' dir='ltr'><strong>τὴν</strong></span> <span class='ocrx_word' id='word_1_844' title='bbox 1581 2850 1779 2884; x_wconf 80' lang='grc' dir='ltr'>ἀστεροσκοπι-</span> 
     </span>
    </p>
   </div>
   <div class='ocr_carea' id='block_1_112' title="bbox 992 2881 1777 2918">
    <p class='ocr_par' dir='ltr' id='par_1_112' title="bbox 992 2881 1777 2918">
     <span class='ocr_line' id='line_1_113' title="bbox 992 2881 1777 2918; baseline 0.004 -9"><span class='ocrx_word' id='word_1_845' title='bbox 992 2884 1060 2918; x_wconf 77' lang='grc' dir='ltr'>κὴν,</span> <span class='ocrx_word' id='word_1_846' title='bbox 1087 2881 1134 2908; x_wconf 70' lang='grc' dir='ltr'>καὶ</span> <span class='ocrx_word' id='word_1_847' title='bbox 1155 2881 1204 2917; x_wconf 81' lang='grc' dir='ltr'>τὴν</span> <span class='ocrx_word' id='word_1_848' title='bbox 1227 2881 1410 2918; x_wconf 80' lang='grc' dir='ltr'>γενεθλιαλογ.</span> <span class='ocrx_word' id='word_1_849' title='bbox 1437 2883 1486 2909; x_wconf 85' lang='lat' dir='ltr'><strong>Hie</strong></span> <span class='ocrx_word' id='word_1_850' title='bbox 1505 2881 1577 2911; x_wconf 85' lang='lat' dir='ltr'><strong>enim</strong></span> <span class='ocrx_word' id='word_1_851' title='bbox 1599 2881 1693 2912; x_wconf 75' lang='lat' dir='ltr'><strong>eadem</strong></span> <span class='ocrx_word' id='word_1_852' title='bbox 1719 2889 1777 2918; x_wconf 82' lang='lat' dir='ltr'><strong>est,</strong></span> 
     </span>
    </p>
   </div>
   <div class='ocr_carea' id='block_1_113' title="bbox 992 2917 1510 2955">
    <p class='ocr_par' dir='ltr' id='par_1_113' title="bbox 992 2917 1510 2955">
     <span class='ocr_line' id='line_1_114' title="bbox 992 2917 1510 2955; baseline 0.004 -11"><span class='ocrx_word' id='word_1_853' title='bbox 992 2918 1219 2954; x_wconf 72' lang='grc' dir='ltr'>ἁστεροπκοπική,</span> <span class='ocrx_word' id='word_1_854' title='bbox 1238 2922 1264 2945; x_wconf 89' lang='lat' dir='ltr'><strong>ct</strong></span> <span class='ocrx_word' id='word_1_855' title='bbox 1278 2917 1510 2955; x_wconf 71' lang='grc' dir='ltr'>γενεθλιαλογική.</span> 
     </span>
    </p>
   </div>
  </div>
