2063 3211
286 200 338 229 503

621 199 757 228 EUSEBII
774 199 1014 227 CESARIENSIS
1034 198 1108 225 OPP.
1132 197 1223 226 PARS
1244 198 1275 226 ll.
1297 213 1332 219 —
1350 198 1602 227 APOLOGETICA.

1864 197 1915 224 504

287 263 375 292 zonte,
385 266 439 286 non
457 258 603 286 videndum
633 265 694 285 esse
720 258 813 288 modo,
829 265 954 293 quasnam
971 257 1076 284 duode-

1130 259 1170 283 τεῖ
1181 257 1251 292 λόγῳ
1263 257 1349 292 ἥμισυ
1365 257 1601 293 δωδεκατημορίου
1624 256 1812 293 περιεχούσης,
1835 256 1917 283 δύνα-

280 306 357 332 ιείηιει
372 312 434 339 pars
447 304 474 331 in
491 312 553 332 eum
566 304 671 336 subeat,
686 304 733 332 sed
749 303 830 331 etiam
857 310 982 339 quaenam
1002 303 1075 331 illius

287 350 455 379 duodecimae
475 350 618 384 particula,
647 357 762 385 quaeque
791 349 872 384 hujus
895 349 1074 385 sexagesima,

287 396 411 430 primane
436 403 471 422 an
494 396 625 423 secunda.
654 394 892 429 Quemadmodum
925 403 990 430 ergo
1017 395 1075 422 ﬁeri

288 441 383 475 possit,
398 445 428 469 ut
443 449 504 468 cum
519 442 597 474 hora,
613 443 636 470 si
652 442 734 470 latius
752 450 808 470 rem
824 442 955 476 aestimes,
971 442 1075 469 duode-

288 486 365 513 cimae
376 487 461 521 partis
489 487 630 514 dimidium
651 487 859 522 complectatur,
877 488 1075 522 sexagesimam

288 532 312 559 is
329 536 430 566 teneat,
446 533 493 567 qui
512 533 643 561 horarum
668 533 812 561 divisionis
838 534 992 569 analogiam
1019 542 1074 561 non

289 577 393 604 teneat?
409 576 530 613 Exempli
548 578 645 613 gratia,
667 586 748 606 nosse
773 579 818 614 qui
835 579 943 614 poterit,
970 585 1075 607 certum

287 621 519 656 bunchominem,
546 623 612 650 hora
637 629 746 658 quarta,
771 629 846 658 parte
867 624 940 651 horae
953 624 1073 657 dimidia,

288 672 394 702 quarta,
406 673 512 700 octava,
527 669 632 696 decima
648 673 733 700 sexta,
755 669 874 697 secunda
896 675 922 696 et
938 670 1075 705 trigesima

286 718 381 740 natum
396 722 456 741 csso!
468 713 479 739 ?
493 713 560 741 Nam
575 719 684 749 propter
698 714 782 748 hom,
794 722 848 742 non
861 715 971 750 integra:
983 715 1074 748 modo,

288 760 333 787 sed
352 761 434 787 etiam
449 761 566 788 definitae
578 761 661 796 hujus
685 766 820 796 certaeque
838 762 977 797 particulae
997 762 1075 796 igno-

287 806 433 838 rationem,
451 806 598 841 plurimum
622 814 694 841 saepe
706 807 812 839 volunt,
834 808 860 834 in
873 815 904 835 ea
919 815 980 842 quae
992 807 1075 842 signi-

288 853 415 883 licantur,
436 852 576 879 varietatis
593 852 722 880 incidere.
740 852 804 880 Etin
822 853 939 888 geminis
955 854 1075 888 quidem,

278 898 316 924 ‘ut
327 897 438 925 alterius
452 902 528 925 ortus
541 899 575 925 ah
591 898 686 932 altero,
696 904 834 926 momento
853 907 923 934 saape
939 908 993 927 uno
1008 907 1077 934 pun-

287 947 385 978 ctoque
400 944 530 978 temporis
545 944 700 978 dirimatur,
715 945 806 972 multa:
826 949 915 973 tamen
931 950 1079 973 occurrunt
1095 935 1115 962 Β

288 992 342 1014 tam
355 995 470 1015 casuum
484 996 567 1022 quam
579 996 670 1016 I‘Cl'utll
680 990 907 1025 negotiorumque
921 991 1077 1023 varietates,

288 1034 397 1068 partim,
421 1039 448 1061 ut
463 1035 512 1068 ipsi
529 1034 618 1067 aiunt,
653 1035 726 1070 quod
757 1036 896 1063 stellarum
908 1036 1032 1064 diversus
1051 1037 1077 1063 in

288 1083 402 1114 utroque
414 1084 554 1114 respectus
568 1079 658 1111 fuerit.
672 1081 769 1115 partim
780 1081 854 1116 quod
869 1082 959 1109 minus
975 1087 1077 1110 certam

288 1126 372 1156 illam,
388 1134 449 1161 qum
457 1126 483 1153 in
493 1127 662 1154 horizontem
685 1128 798 1161 subiret,
813 1129 898 1162 partis
924 1129 994 1163 signi
1010 1129 1078 1156 duo-

286 1172 398 1200 decima:
412 1172 573 1206 particulam
585 1172 603 1199 ii
614 1173 761 1206 tenuerint,
777 1174 823 1209 qui
838 1174 1005 1208 exploratam
1018 1182 1077 1202 sese

288 1218 384 1244 horam
397 1217 526 1245 habuisse
542 1222 712 1253 putaverant.
729 1218 796 1246 Nam
811 1220 863 1247 hoc
877 1220 999 1254 quidem,
1015 1228 1078 1255 pars

287 1272 322 1292 ne
336 1265 409 1292 horae
423 1265 568 1299 tricesima,
585 1270 661 1293 ortus
678 1267 821 1301 utriusque
841 1267 1016 1294 intervallum
1028 1275 1076 1294 ex-

286 1311 396 1344 stiterit,
412 1315 530 1339 statuere
544 1319 623 1339 nemo
640 1317 739 1346 potest.
758 1311 858 1340 Verum
871 1313 897 1340 id
906 1321 1016 1348 quoque
1029 1321 1077 1348 per

287 1365 338 1384 nos
350 1356 476 1387 habeant,
494 1361 522 1383 ut
548 1356 684 1391 exquisite
715 1357 811 1384 horam
842 1361 935 1385 tenere
960 1358 1076 1392 possint.

287 1401 385 1430 Exstat
400 1410 466 1430 sane
483 1402 620 1437 quoddam
639 1401 775 1436 ejusmodi
788 1402 940 1435 theorema,
961 1410 1016 1437 quo
1032 1410 1078 1429 zo-

286 1449 395 1477 diacum
412 1449 555 1482 circulum,
574 1450 685 1485 perinde
712 1454 742 1477 ut
772 1450 894 1477 errantia
921 1450 1021 1482 sidera,
1043 1451 1078 1478 ab

286 1503 386 1523 occasu
401 1496 428 1522 in
441 1500 531 1523 ortum
546 1497 582 1523 ita
598 1495 661 1523 ferri
675 1496 874 1527 demonstrant,
887 1500 916 1523 ut
926 1497 1077 1524 centesimo

287 1550 396 1577 quoque
408 1549 480 1569 anno
495 1547 600 1569 motum
613 1542 684 1569 hunc
697 1550 778 1569 suum
801 1550 864 1576 pars
880 1542 939 1576 ejus
952 1543 1079 1576 quaelibet

292 1595 345 1614 rna
357 1586 496 1615 conficiat.
513 1587 566 1620 Qui
579 1592 671 1614 motus
695 1587 825 1621 longioris
843 1595 988 1622 progressu
1012 1593 1079 1615 tem-

287 1634 373 1668 poris,
392 1633 419 1660 in
436 1634 513 1669 signa
524 1633 667 1661 duodecim
685 1633 824 1660 varietatis
846 1633 993 1668 plurimum
1009 1634 1078 1661 infc-

288 1685 351 1707 rat:
365 1688 427 1707 cum
448 1680 556 1715 signum
573 1680 647 1707 aliud
663 1680 699 1707 sit
720 1681 792 1715 quod
809 1684 900 1707 mente
914 1680 1077 1715 concipitur,

289 1724 362 1752 aliud
378 1725 450 1759 quod
479 1725 558 1760 quasi
578 1733 659 1752 sensu
684 1724 849 1752 informatur
863 1733 870 1751 :
883 1726 923 1753 sic
938 1730 1027 1752 tamen
1050 1730 1080 1753 ut

288 1777 324 1797 ex
338 1777 372 1798 eo
383 1774 489 1798 tantum
507 1771 579 1805 quod
597 1775 688 1798 mente
713 1771 876 1806 concipitur.
893 1771 1019 1807 quodque
1035 1772 1078 1800 vix

290 1824 322 1842 ac
335 1824 368 1842 ne
381 1816 427 1843 vix
437 1816 548 1851 quidem
563 1817 648 1844 teneri
663 1817 744 1852 295
755 1822 830 1844 certo
844 1822 941 1852 potest,
957 1818 995 1845 rei
1009 1819 1079 1845 veri-

290 1867 332 1889 tas
347 1862 488 1890 habeatur.
508 1862 670 1898 Quanquam
698 1863 724 1890 id
751 1863 832 1890 etiam
848 1871 864 1890 a
882 1863 960 1891 nobis
989 1865 1078 1897 detur,

290 1913 380 1936 utaut
391 1910 498 1944 signum
522 1910 588 1937 illud
613 1910 687 1945 quod
711 1915 802 1938 mente
825 1910 991 1945 concipitur,
1005 1915 1079 1938 certo

290 1954 376 1981 teneri
388 1960 482 1989 queat,
510 1959 558 1982 aut
582 1963 614 1982 ex
633 1963 666 1982 eo
688 1955 783 1983 saltem
805 1955 876 1990 quod
895 1963 977 1983 sensu
998 1956 1080 1983 infor-

292 2005 392 2033 matur,
407 2008 502 2028 verum
514 2001 638 2036 intelligi.
655 2001 799 2029 Astrorum
811 2006 884 2030 certe
896 2002 1006 2036 quidem
1019 2002 1079 2029 illo-

290 2056 350 2075 rum
364 2056 425 2083 quae
438 2049 464 2075 in
476 2049 557 2076 situm
571 2050 707 2084 ejusmodi
719 2049 888 2085 figuramque
900 2056 1077 2082 concurrunt,

290 2102 372 2128 quam
390 2094 441 2129 ipsi
460 2095 739 2129 contemperationem
769 2095 915 2130 appellant,
944 2097 1079 2131 exquisite

291 2141 341 2167 abs
357 2147 417 2168 sese
436 2139 544 2169 defendi
560 2149 614 2167 non
641 2148 723 2175 posse
748 2141 917 2169 fatebuntur.
940 2142 1079 2177 Contingit

291 2185 363 2212 enim
380 2185 530 2220 saepissime
545 2189 573 2212 ut
594 2185 636 2212 vel
661 2186 812 2214 infestioris
827 2187 909 2221 hujus
934 2187 1001 2214 astri
1026 2187 1078 2219 vis,

291 2231 363 2265 quod
378 2230 499 2263 emersit,
515 2230 626 2258 alterius
642 2230 772 2258 felicioris
791 2236 902 2266 aspectu
925 2232 1012 2266 magis
1029 2232 1079 2259 mi-

1126 303 1170 329 ται
1185 311 1227 334 τις
1240 302 1332 329 λαϐεῖν
1345 302 1374 329 τὺ
1386 302 1542 338 ἑξηκοστὸν,
1565 303 1601 338 μὴ
1617 302 1685 337 ἔχων
1698 302 1746 337 τὴν
1771 302 1916 336 ἀναλογίαν

1126 350 1175 385 τῆς
1187 349 1347 385 διαιρέσεως
1357 349 1412 375 τῶν
1427 349 1516 384 ὡρῶν,
1543 349 1626 379 ὥστε,
1649 349 1714 384 φέρε
1729 348 1826 379 εἰπεῖν,
1850 348 1918 374 ειδέ-

1126 405 1180 429 ναι,
1194 396 1234 422 ὅτι
1253 395 1412 432 γεγέννηται
1429 397 1442 422 ὁ
1457 396 1530 422 δεῖνα
1544 395 1604 431 ὥρᾳ
1621 395 1748 432 τετάρτῃ.
1767 395 1814 421 καὶ
1824 395 1916 430 ἡμίσει

1126 440 1210 477 ὧρας,
1228 441 1276 467 καὶ
1301 441 1435 476 τετάρτῳ,
1466 441 1560 476 ὀγδόῳ,
1591 441 1638 467 καὶ
1649 440 1845 475 ἑκκαιδεκάτῳ,
1869 440 1916 466 καὶ

1125 487 1343 523 δυοτριακοστῷ;
1360 487 1506 523 Παραπολὺ
1520 487 1574 522 γάρ
1592 495 1659 521 φασι
1675 485 1873 522 παραλλάττειν
1883 485 1918 511 τά

1127 533 1322 570 σημαινόμενα,
1351 533 1426 570 παρὰ
1448 533 1499 568 τὴν
1529 532 1677 567 ἀγνωσίαν,
1701 532 1731 558 οὺ
1749 538 1762 552 ι
1785 531 1834 566 τῆς
1852 531 1917 566 ὅλης

1127 579 1291 614 ὦρας,ἀλλὰ
1317 579 1364 605 καὶ
1391 579 1438 605 τοῦ
1457 578 1642 614 ποστημορίου
1669 578 1764 613 αὐτῆς.
1787 577 1831 603 Ἐν
1851 576 1916 611 γοῦν

1126 627 1181 657 τοῖς
1194 625 1314 660 διδύμοις
1341 624 1520 660 γεννωμένοις
1547 623 1677 655 πολλάκις
1703 623 1733 650 τὸ
1754 622 1854 658 μεταξὺ
1869 622 1916 648 καὶ

1126 671 1268 706 ἀκαριαῖον
1283 671 1357 708 ὥρας
1373 670 1442 702 ἐστὶ,
1463 671 1510 696 καὶ
1537 669 1633 696 πολλαὶ
1660 667 1833 704 παραλλαγαὶ
1862 667 1917 694 τῶν

1127 717 1331 752 συμϐαινόντων
1342 716 1390 743 καὶ
1403 716 1457 743 τῶν
1469 715 1663 752 πραττομένων
1681 714 1723 741 ἐπ’
1732 714 1822 741 αὐτῶν
1836 714 1920 740 ἀπαν-

1127 763 1220 795 τῶσιν,
1235 763 1273 795 ὥς
1290 771 1371 797 φασιν
1388 763 1497 794 ἐκεῖνοι,
1515 761 1590 797 παρὰ
1610 761 1660 797 τὴν
1686 761 1775 787 αἰτίαν
1790 760 1841 794 τῆς
1857 759 1919 795 σχέ-

1129 818 1197 841 σεως
1213 809 1267 836 τῶν
1283 809 1415 845 ἀστέρων,
1429 808 1476 834 καὶ
1501 807 1531 834 τὸ
1551 807 1644 842 μόριον
1658 802 1705 833 τοῦ
1732 805 1919 840 δωδεκατημο-

1128 855 1186 891 ρίου
1201 855 1231 881 τὸ
1259 855 1334 890 παρὰ
1361 854 1405 881 τὸν
1435 853 1569 890 ὁρίζοντα,
1591 854 1621 880 οὐ
1645 851 1919 887 καταλαμϐανόμενον

1129 900 1180 927 ὑπὸ
1195 900 1248 926 τῶν
1263 899 1447 936 νομιζομένων
1464 898 1513 934 τὴν
1528 898 1602 934 ὥραν
1620 897 1813 933 τετηρηκέναι.
1825 896 1920 926 Οὐδεὶς

1129 946 1182 981 γὰρ
1198 946 1307 973 δύναται
1322 945 1422 980 λέγειν,
1441 945 1482 972 ὅτι
1504 944 1534 971 τὸ
1565 943 1666 979 μεταξὺ
1687 942 1763 969 τοῦδε
1778 943 1828 978 τῆς
1844 942 1920 976 γενέ-

1130 1000 1198 1023 σεως
1211 991 1277 1027 πρὸς
1291 991 1340 1026 τὴν
1368 990 1444 1017 τοῦδέ
1462 991 1535 1017 ἐστιν
1553 989 1627 1025 ὧρας
1651 987 1820 1024 τριακοστόν.
1850 987 1919 1014 Ἀλλ’

1129 1037 1199 1063 ἔστω
1212 1036 1457 1071 συγκεχωρημένον
1474 1036 1566 1066 αὐτοῖς
1580 1034 1649 1065 τόδε,
1664 1033 1734 1060 κατὰ
1750 1033 1779 1059 τὸ
1793 1032 1918 1059 ἐκλαϐεῖν

1128 1083 1178 1118 τὴν
1189 1082 1273 1118 ὥραν,
1288 1082 1401 1118 Φέρεται
1417 1081 1450 1116 δὴ
1462 1080 1604 1116 θεώρημα,
1619 1078 1793 1106 άποδεικνύον
1806 1078 1852 1104 τὸν
1867 1077 1920 1110 ζω-

1128 1128 1219 1155 διακὸν
1232 1127 1330 1154 κύκλον
1342 1127 1442 1162 ὁμοίως
1456 1127 1512 1158 τοῖς
1527 1125 1712 1160 πλανωμένοις
1725 1123 1854 1159 φέρεσθαι
1868 1123 1921 1150 ἀπὸ

1128 1172 1238 1208 δυσμῶν
1249 1173 1295 1199 ἐπὶ
1309 1171 1440 1203 ἀνατολὰς
1472 1172 1506 1198 δι’
1522 1170 1618 1198 ἑκατὸν
1643 1170 1710 1197 ὲτῶν
1733 1171 1830 1205 μοῖραν
1844 1169 1920 1204 μίαν,

1129 1218 1269 1245 καὶτοῦτο
1284 1217 1323 1253 τῷ
1350 1217 1439 1253 πολλῷ
1467 1217 1554 1253 χρόνῳ
1577 1216 1748 1243 ἐναλλάττειν
1773 1216 1823 1250 τὴν
1847 1214 1922 1241 Θέσιν

1128 1264 1181 1291 τῶν
1192 1265 1444 1300 δωδεκατημορίων·
1472 1263 1565 1299 ἑτέρου
1587 1263 1636 1298 μὲν
1667 1263 1846 1298 τυγχάνοντος
1874 1260 1920 1288 τοῦ

1128 1311 1224 1347 νοητοῦ
1242 1311 1492 1347 δωδεκατημορίου,
1514 1310 1607 1346 ἐτέρου
1622 1310 1650 1336 δὲ
1670 1309 1717 1336 τοῦ
1742 1309 1841 1335 ὡσανεὶ
1857 1317 1922 1343 μορ-

1129 1357 1258 1393 φώματος
1273 1357 1339 1392 (57)·
1355 1357 1411 1383 ἀλλ’
1434 1357 1466 1383 ὲκ
1479 1356 1526 1383 τοῦ
1542 1355 1638 1391 νοητοῦ
1663 1354 1770 1388 ζωδίου,
1793 1354 1862 1390 ὅπερ
1890 1354 1921 1380 οὐ

1129 1404 1199 1430 πάνυ
1224 1412 1250 1430 τι
1280 1403 1390 1430 δυνατὸν
1416 1401 1683 1437 καταλαμϐάνεσθαι.
1718 1400 1807 1427 Ἔστω
1829 1399 1857 1426 δὲ
1874 1399 1922 1426 καὶ

1128 1451 1207 1477 τοῦτο
1220 1449 1475 1485 συγκεχωρημένον,
1498 1448 1527 1475 τὸ
1544 1445 1800 1483 καταλαμϐάνεσθαι
1812 1446 1843 1473 τὸ
1858 1454 1921 1480 νοη-

1129 1496 1174 1522 τὸν
1189 1495 1437 1531 δωδεκατημόριον,
1467 1494 1483 1530 ἢ
1510 1493 1639 1520 δύνασθαι
1668 1492 1761 1520 ὲκ.τοῦ
1791 1491 1921 1527 αἰσθητοῦ

1129 1541 1363 1578 δωδεκατημορίου
1377 1540 1563 1576 λαμϐάνεσθαι
1591 1539 1622 1566 τὸ
1644 1538 1752 1574 ἀληθές.
1772 1537 1851 1564 Ἀλλὰ
1869 1537 1921 1572 τήν

1130 1597 1161 1622 γε
1173 1588 1322 1624 σύγκρασιν
1340 1588 1405 1624 παρ’
1419 1587 1510 1618 αὐτοῖς
1524 1585 1693 1621 καλουμένην
1718 1583 1771 1611 τῶν
1792 1584 1821 1609 ὲν
1834 1582 1922 1609 τοῖσδε

1132 1636 1188 1666 τοῖς
1203 1635 1404 1669 σχηματισμοῖς
1417 1633 1615 1668 τυγχανόντων,
1629 1632 1676 1659 καὶ
1688 1631 1764 1657 αὑτοὶ
1788 1629 1922 1665 ὁμολογή-

1134 1690 1235 1713 σουσιν,
1247 1681 1295 1716 οὐχ
1306 1677 1356 1706 οἷοί
1369 1688 1399 1706 τε
1412 1679 1497 1706 σῶσαι
1524 1678 1594 1705 κατὰ
1618 1678 1682 1709 πᾶν,
1711 1675 1922 1712 ἀμαυρουμένου

1132 1727 1179 1754 τοῦ
1194 1727 1368 1763 δηλουμένου·
1385 1726 1450 1760 φέρε
1466 1724 1690 1760 εὶπεῖν,χείρονος
1706 1723 1760 1750 ἀπὺ
1767 1722 1842 1748 τοῦδε
1852 1720 1921 1755 (58),

1132 1774 1176 1801 διὰ
1193 1773 1223 1799 τὸ
1233 1771 1425 1799 ὲπιϐλέπεσθαι
1440 1771 1520 1797 αὐτὸν
1537 1770 1589 1796 ὑπὸ
1604 1768 1680 1796 τοῦδε
1693 1767 1740 1794 τοῦ
1756 1767 1922 1803 κρείττονος,

1133 1821 1180 1847 καὶ
1190 1819 1236 1846 ἐπὶ
1249 1818 1365 1849 τοσόνδε,
1381 1817 1398 1852 ἢ
1416 1816 1524 1843 τοσόνδε
1545 1814 1764 1851 ἀμαυρουμένου.
1788 1812 1922 1843 Πολλάκις

1133 1864 1214 1891 πάλιν
1227 1863 1277 1898 τῆς
1289 1861 1476 1898 ἀμαυρώσεως
1487 1860 1537 1896 τῆς
1550 1860 1596 1887 τοῦ
1607 1859 1727 1895 χείρονος
1740 1857 1792 1884 ὑπὸ
1801 1857 1851 1891 τῆς
1862 1857 1924 1883 ἑπι-

1133 1910 1252 1945 ϐλέψεως
1265 1909 1314 1943 τῆς
1330 1908 1377 1935 τοῦ
1399 1907 1550 1943 κρείττονος
1572 1904 1798 1941 ὲμποδιζομένης,
1824 1903 1857 1929 ἐκ
1875 1900 1922 1928 τοῦ

1132 1957 1224 1991 ἕτερον
1240 1955 1339 1982 οὑτωσὶ
1354 1953 1563 1989 ἐσχηματίσθαι,
1581 1950 1711 1987 χειρόνων
1734 1950 1798 1978 ὅντα
1815 1957 1923 1984 σημαν-

1132 2002 1216 2029 τικόν.
1233 2001 1288 2028 Καὶ
1301 1998 1377 2035 οἶμαι
1392 1997 1576 2034 ἐπιστήσαντα
1587 2006 1648 2023 τινα
1661 1998 1717 2028 τοῖς
1740 1996 1842 2027 τόποις,
1856 1995 1924 2021 ἁπο-

1132 2046 1232 2081 γνῶναι
1246 2046 1296 2082 τὴν
1309 2046 1372 2080 περὶ
1386 2043 1487 2071 τούτων
1504 2042 1666 2077 κατάληψιν.
1684 2041 1809 2075 οὐδαμῶς
1819 2039 1868 2067 ἀνϐ
1874 2038 1924 2075 ρώ-

1132 2101 1192 2124 ποις
1210 2091 1381 2126 ἐκκειμένην,
1394 2090 1461 2120 ἀλλ’,
1475 2090 1500 2115 εἰ
1517 2089 1581 2125 ἄρα,
1600 2088 1679 2124 μέχρι
1693 2087 1739 2114 τοῦ
1752 2086 1922 2122 σημανθῆναι

1134 2138 1213 2173 μόνον
1224 2137 1386 2170 φθάνουσαν.
1401 2135 1432 2161 Εἰ
1456 2134 1484 2161 δέ
1498 2143 1539 2166 τις
1552 2135 1580 2160 ἐν
1608 2134 1690 2169 πείρᾳ
1709 2132 1853 2167 γεγένηται
1868 2131 1922 2157 τῶν

1134 2184 1314 2220 πραγμάτων,
1345 2182 1443 2218 μᾶλλον
1465 2182 1567 2208 εἵσεται
1582 2180 1612 2207 τὸ
1635 2181 1663 2206 ὲν
1678 2179 1717 2214 τῷ
1742 2177 1922 2214 στοχάζεσθαι

1133 2228 1322 2258 ἁποπτωτικὺν
1334 2227 1388 2254 τῶν
1397 2227 1539 2261 λεγόντων,
1560 2226 1606 2252 καὶ
1624 2225 1712 2252 αὐτῶν
1730 2222 1924 2259 συγγραψαμέ-

292 2281 379 2301 nusve
393 2273 552 2302 retundatur
569 2283 576 2301 :
594 2274 637 2301 vel
652 2279 682 2305 ut
695 2274 721 2301 id
737 2274 825 2308 ipsum
840 2283 895 2310 quo
910 2276 1002 2303 minus
1015 2284 1078 2303 eve-

1132 2276 1273 2312 νων,ἧπερ
1286 2273 1458 2309 νομιζόμενον
1467 2271 1521 2307 (59)
1532 2271 1728 2298 ὲπιτευκτικόν.
1739 2270 1793 2296 Καὶ
1809 2268 1923 2299 Ἡσαΐας

293 2321 360 2351 niat,
376 2320 502 2356 proprius
513 2319 624 2355 quidam
649 2327 682 2347 ac
709 2320 856 2355 singularis
869 2321 992 2353 alterius,
1007 2322 1081 2356 quod

292 2366 413 2392 deterius
429 2365 502 2392 aliud
533 2365 677 2400 signiticet,
692 2365 760 2393 situs
777 2366 917 2400 impeliat.
945 2367 985 2394 Ac
1012 2367 1080 2394 mibi

294 2419 359 2438 sane
370 2411 406 2438 ita
420 2411 580 2446 persuadeo,
608 2412 734 2447 quisquis
763 2413 790 2438 in
819 2412 942 2440 locorum
965 2413 1081 2441 istorum

294 2456 484 2491 disquisitione
498 2458 662 2490 versabitur,
689 2458 929 2492 pronuntiaturum
945 2467 1008 2486 eum
1025 2460 1080 2487 uti-

294 2507 357 2535 que,
373 2507 541 2536 perspectam
554 2502 779 2537 exploratamque
804 2502 960 2529 mortalium
979 2503 1080 2530 nemini

293 2553 387 2572 eorum
405 2547 537 2574 rationem
549 2554 621 2579 esse,
637 2547 685 2574 sed
707 2546 732 2574 ei
750 2545 884 2573 duntaxat
898 2546 953 2574 vim
978 2546 1081 2581 signiti-

331 2621 343 2635 α
360 2615 402 2642 la.
416 2616 478 2642 add.
495 2616 584 2651 μόνον.

332 2679 388 2715 (57)
406 2680 617 2715 Μορφὼματος.
643 2681 709 2709 Post
725 2682 795 2710 hanc
809 2689 902 2710 vocem
928 2682 1080 2710 membrum

294 2715 409 2752 alterum
425 2716 521 2752 deesse
536 2717 618 2744 credo
629 2738 635 2745 .
657 2717 728 2752 quod
745 2718 781 2745 ita
799 2718 906 2752 concipi
932 2718 1034 2752 possit,
1050 2719 1082 2744 οὺ

295 2751 349 2789 μὴν
364 2749 570 2789 λαμϐανομένου
586 2753 617 2789 (τῖ
634 2749 751 2787 ἀληθοῦς
770 2754 802 2779 ὲκ
821 2753 868 2780 τοῦ
880 2749 1080 2789 ’μορφώματος.

295 2788 398 2812 Sensus
414 2785 493 2823 enirn
504 2786 530 2812 id
551 2787 649 2823 exigit,
666 2785 693 2814 et
708 2789 851 2815 rrianifeste
873 2785 1004 2823 probant,
1022 2796 1082 2823 quae

293 2825 456 2858 sequuntur.
471 2820 738 2858 Voxattopgtbua‘to;
753 2820 881 2858 repetita:
895 2820 1080 2855 librariorum,

294 2861 323 2894 ut
336 2863 408 2890 same
421 2857 463 2894 fit,
481 2857 569 2883 oculis
587 2858 728 2891 imposuit,
744 2863 773 2886 ut
786 2857 963 2893 posteriorem
982 2859 1082 2894 prioris

293 2891 353 2917 loco
371 2891 534 2925 acciperent.

329 2924 386 2961 (58)
406 2924 544 2960 Xév'fm-w;
562 2927 620 2954 ἀ.τῦ
638 2927 731 2953 πεῖ-δε.
761 2928 865 2962 Melius,
882 2929 909 2956 ni
927 2928 1016 2963 fallor,
1034 2929 1081 2957 ab-

1134 2324 1209 2359 γοῦν,
1227 2322 1264 2354 ὡς
1279 2321 1308 2347 οὐ
1324 2319 1479 2354 δυναμένων
1492 2317 1594 2344 τούτων
1609 2315 1784 2352 εὑρίσκεσθαι
1807 2314 1861 2340 ὑπὸ
1875 2314 1923 2340 ἀν-

1134 2369 1261 2407 θρώπων,
1280 2367 1346 2401 φησὶ
1363 2365 1430 2401 πρὸς
1454 2364 1503 2399 τὴν
1523 2362 1660 2398 Θυγατὲρα
1687 2361 1742 2388 τῶν
1770 2360 1922 2407 Χαλδαίων,

1133 2416 1188 2442 τῶν
1199 2414 1285 2442 ταῦτα
1297 2412 1414 2448 μάλιστα
1442 2409 1517 2446 παρὰ
1542 2409 1645 2441 πάντας
1667 2406 1920 2442 ἐπαγγελλομένων·

1137 2471 1146 2488 ι
1166 2462 1310 2496 Στήτωσαν
1325 2458 1368 2493 δὴ,
1385 2457 1431 2484 καί
1460 2455 1624 2483 σωσάτωσάν
1649 2463 1678 2481 σε
1707 2456 1731 2481 οἱ
1763 2453 1922 2489 ἀστρολόγοι

1133 2506 1179 2533 τοῦ
1194 2504 1318 2542 οὐρανοῦ·
1344 2501 1580 2536 ἀναγγειλάτωσάν
1598 2509 1639 2527 σοι
1667 2500 1693 2526 τί
1709 2499 1799 2535 μέλλει
1821 2499 1868 2526 ἐπὶ
1893 2498 1923 2525 σὲ

1135 2551 1272 2588 ἔρχεσθαι.
1284 2560 1293 2576 ι
1305 2549 1354 2577 Διὰ
1366 2549 1420 2584 γὰρ
1432 2547 1534 2575 τούτων
1547 2546 1728 2583 διδασκόμεθα
1744 2546 1781 2582 μὴ
1792 2545 1923 2572 δύνασθαι

1133 2688 1206 2710 esset
1221 2683 1285 2715 ἀπό,
1301 2687 1331 2709 ιιι
1352 2682 1472 2718 χείρονος
1488 2681 1564 2718 τοῦδε
1587 2681 1700 2715 (nempe
1715 2681 1846 2718 ἀστέρος)
1860 2689 1922 2709 cum

1133 2723 1270 2753 praeeunte
1285 2716 1409 2752 partiéip.
1421 2716 1586 2752 δηλουμένου
1603 2721 1788 2753 construatur.
1805 2716 1853 2743 Sin
1871 2724 1922 2744 au-

1134 2751 1199 2785 tem,
1215 2751 1293 2788 quod
1303 2753 1394 2780 minus
1412 2751 1510 2787 probo;
1522 2751 1683 2788 retinebitur
1698 2751 1847 2788 dumttth
1861 2756 1924 2788 post

1133 2785 1255 2824 χείρονος
1279 2785 1439 2824 apponenda
1466 2787 1570 2824 virgula
1595 2786 1695 2820 fuerit,
1712 2791 1742 2813 ut
1765 2785 1819 2813 ἀπὸ
1844 2785 1924 2814 τοῦδι

1133 2822 1194 2851 cum
1210 2822 1422 2859 dpzupouuévou
1435 2822 1625 2859 coniungatur.

1170 2856 1471 2894 (59)"Hisp‘royzc‘olt.
1489 2857 1559 2892 Lege
1573 2858 1644 2893 ἤπερ
1655 2858 1686 2885 τὸ
1701 2858 1790 2894 νομιζ.
1805 2857 1846 2885 vel
1861 2856 1879 2893 ἢ
1893 2857 1925 2884 τὸ

1134 2903 1194 2931 νομ.
