2063 3211
138 196 191 224 509

719 193 881 224 PREPAR.
903 191 1028 220 EVANG.
1051 191 1114 219 LIB.
1133 190 1189 219 Vli.

1720 193 1771 221 5i0

138 257 184 283 διὰ
197 257 228 283 τὸ
242 257 304 293 ζῇν,
320 256 364 284 διὰ
381 257 410 284 δὲ
426 257 457 284 τὸ
471 257 555 293 ἡδέως
568 256 619 293 ζῇν
634 257 835 293 ἀσπαζόμενοι,
853 253 922 281 τοῦτ(

984 258 1105 280 crarunt.
1136 253 1175 280 ita
1193 260 1227 280 ne
1246 253 1329 281 vitam
1344 252 1453 288 quidem
1477 253 1579 289 ipsam,
1608 254 1660 281 nisi
1678 254 1772 289 adjun-

139 302 187 328 καὶ
212 303 270 333 τοῖς
294 302 369 333 ἰδίοις
389 302 532 338 εὐξάμενοι
555 303 659 334 παισὶν,
679 301 718 334 ὡς
735 302 815 337 μόνον
829 300 929 335 ἀγαθὸν

138 348 276 382 παρεῖναι.
305 347 400 375 Ἔνθεν
425 349 450 374 οἱ
472 349 537 383 μὲν,
559 348 594 375 τὰ
609 348 714 384 χορηγὰ
733 348 782 383 τῆς
795 347 928 383 ὲνσάρκου

139 392 212 427 ζωῆς
227 392 304 427 ἥλιον
319 390 390 419 εἶναι
419 394 464 420 καὶ¹
479 393 603 429 σελήνην,
631 395 677 420 καὶ
694 395 811 429 ἀστέρας
832 394 928 419 ὑποτο-

139 439 287 473 πήσαντες,
303 439 349 465 καί
365 448 423 471 πως
440 440 486 466 καὶ
500 440 568 475 πρὸς
579 440 627 476 τὴν
643 440 702 474 ὄψιν
715 440 762 466 τοῦ
778 439 865 473 φωτὸς
880 448 929 465 κα-

137 484 343 519 ταπλαγέντες,
368 484 492 521 πρώτους
518 485 595 517 θεοὺς
620 486 815 520 ἀνηγόρευσαν,
833 484 928 519 μόνους

139 530 242 562 αἰτίους
259 530 313 556 τῶν
326 530 394 557 ὅλων
407 529 475 557 εἶναι
485 532 687 567 ἀποφηνάμενοι
696 542 702 546 ·
718 532 742 557 οἱ
752 531 789 562 δὲ,
800 531 861 562 τοὺς
874 530 928 557 ἀπὸ

137 576 191 611 γῆς
214 578 352 612 καρποὺς,
368 578 418 613 τήν
441 586 469 603 τε
487 579 573 613 ὑγρὰν
587 579 633 605 καὶ
651 578 736 613 ξηρὰν
755 579 801 605 καὶ
825 578 927 613 θερμὴν

137 623 243 655 οὐσίαν,
258 623 293 650 τά
304 632 334 650 τε
346 624 426 651 λοιπὰ
443 624 488 652 τοῦ
507 625 609 660 κόσμου
629 625 697 660 μέρη
710 645 717 657 ,
737 625 769 651 δι’
785 622 821 650 ὧν
837 625 928 655 αὐτοῖς

137 669 174 695 τὰ
190 669 305 705 σώματα
321 670 477 706 τρεφόμενα
492 680 521 697 τε
533 672 578 697 καὶ
593 671 762 706 πιαινόμενα,
774 671 822 706 τὴν
836 670 928 705 ἕνσαρ-

139 724 186 743 κον
201 716 270 751 ὁμοῦ
289 716 361 752 ζωήν
380 726 409 744 τε
427 718 473 744 καὶ
488 717 584 753 ἡδονὴν
599 718 725 753 ἐθηρᾶτο,
750 717 818 743 θεῶν
847 718 927 744 πάλιν

137 763 311 798 προσηγορίᾳ
327 764 522 799 τετιμήκασιν·
542 764 565 789 οἱ
579 763 617 796 δὲ,
636 763 702 790 πολὺ
723 764 853 799 πρότερον
871 763 925 798 uili)

135 807 256 840 τούτων,
280 810 370 844 γυμνῇ
396 810 442 835 καὶ
466 809 613 844 ἀκαλύπτῳ
637 810 739 844 κεφαλῇ
760 809 794 835 τὰ
810 810 926 845 σφέτερα

136 853 222 888 πάθη,
241 854 288 889 καὶ
314 854 363 890 τὴν
379 854 522 881 δέσποιναν
539 856 628 882 αὐτῶν
644 856 748 891 ἡδονὴν,
771 855 925 890 ἕρωτα,καὶ

136 899 228 933 πόθον,
240 901 288 926 καὶ
309 900 477 937 Ἀφροδίτην,
493 902 539 928 καὶ
555 902 642 928 αὐτῶν
664 902 717 927 τῶν
734 901 800 927 θεῶν
816 903 924 936 κρατεῖν

135 945 259 977 είπόντες
268 966 275 978 ,
293 947 465 973 ἀπεθέωσαν·
478 949 502 974 οἱ
516 948 544 974 δὲ
555 949 617 980 τοὺς
630 948 682 974 τῶν
696 948 781 984 ἡδέων
792 948 925 984 χορηγούς

134 998 163 1016 τε
178 991 227 1017 καὶ
246 992 360 1027 εὑρετὰς
374 992 464 1024 αὐτοῖς
480 994 641 1028 γενομένους
662 994 760 1028 ἄνδρας
780 994 926 1029 τυράννους

134 1035 210 1068 τινὰς
236 1037 283 1063 καὶ
309 1038 440 1070 δυνάστας
453 1059 459 1069 ,
473 1039 506 1065 δι’
524 1039 557 1071 ἃς
573 1039 666 1074 ἔτυχον
681 1040 710 1072 ἐξ
732 1039 819 1067 αὐτῶν
838 1039 924 1065 εὐπα-

134 1081 220 1115 θείας,
238 1082 344 1115 ζῶντάς
357 1093 386 1110 τε
404 1084 443 1110 ἔτι
456 1086 502 1111 καί
517 1085 585 1120 μετὰ
599 1086 726 1121 τελευτὴν
738 1086 923 1121 ἐοεοποίησαν·

133 1128 156 1154 οἱ
173 1128 212 1160 δὲ,
231 1129 376 1165 μοχθηρῶν
390 1131 552 1165 πνευμάτων
568 1133 613 1158 καὶ
634 1132 769 1166 δαιμόνων
783 1132 924 1168 γενόμενοι

132 1175 336 1210 παραπαίγνια,
357 1176 396 1202 ἔτι
410 1177 541 1212 μειζόνως
562 1178 592 1204 τὺ
609 1178 758 1213 παθητικὸν
775 1179 862 1205 αὐτῶν
879 1179 925 1214 μέ-

132 1229 179 1257 ρος
192 1221 243 1256 τῆς
258 1221 347 1258 ψυχῆς
367 1223 537 1258 συνηύξησαν
551 1244 558 1256 ,
575 1224 609 1250 τὰ
630 1225 695 1259 ἡδέα
709 1225 755 1251 καὶ
771 1226 845 1260 παρὰ
864 1225 925 1252 τού-

131 1275 185 1293 των
198 1267 242 1294 διὰ
257 1268 306 1303 τῆς
321 1270 518 1304 νενομισμένης
535 1270 622 1296 αὐτῶν
642 1270 787 1306 θεραπείας
814 1272 924 1307 ἐκπορί-

131 1312 224 1346 ζοντες
235 1323 242 1329 ·
257 1315 281 1341 οἱ
298 1315 336 1347 δὲ,
355 1315 468 1350 μηδενὸς
479 1316 581 1343 τούτων
593 1317 781 1352 ἀνασχόμενοι,
793 1318 823 1344 τὸ
833 1318 922 1350 ἄθεον,

131 1359 168 1390 ὡς
178 1359 246 1386 πολὺ
259 1362 383 1396 κρεῖττον
394 1361 443 1396 τῆς
455 1362 559 1388 τοιᾶσδε
571 1362 718 1397 θεολογίας,
731 1365 920 1399 εἰσηγήσαντο·

130 1406 155 1431 οἱ
168 1406 207 1438 δὲ,
222 1406 264 1433 ἔτι
275 1407 378 1434 τούτων
391 1408 517 1435 ἁπάντων
532 1409 727 1444 ἀναιδέστεροι,
751 1410 796 1435 τὸν
816 1410 922 1444 φιλόσο-

131 1459 180 1485 φον
194 1452 242 1478 καὶ
256 1453 465 1488 τρισευδαίμονα
474 1454 529 1488 βίον
538 1455 592 1481 οὐδ’
605 1455 671 1490 (60')
680 1455 758 1482 ἄλλον
769 1455 837 1483 εἶναι
850 1457 866 1492 ἢ
878 1457 923 1483 τὸν

129 1497 196 1531 ἡδὺν
212 1498 396 1533 ἀπεφήναντο,
412 1499 487 1531 τέλος
500 1500 553 1527 τῶν
571 1500 681 1534 ἀγαθῶν
697 1502 745 1537 τὴν
760 1502 855 1538 ἡδονὴν
866 1503 923 1538 ὁρι-

130 1542 253 1578 σάμενοι.
270 1544 361 1580 Ταύτῃ
374 1544 396 1570 δ’
417 1537 465 1571 οὖν
478 1546 508 1572 τὸ
528 1546 635 1573 πάντων
657 1547 808 1583 ἀνθρώπων
832 1537 920 1582 γένος,

128 1589 166 1619 ὡς
184 1588 218 1616 ἂν
233 1589 362 1626 δεσποίνῃ
379 1592 467 1627 πικρᾷ
486 1592 533 1618 καὶ
553 1592 731 1629 χαλεπωτάτῃ
756 1595 835 1630 ἡδονῇ
856 1594 918 1629 θεῷ,
935 1600 957 1630 C

129 1634 275 1669 μᾶλλονδὲ
291 1634 397 1671 αἰσχρῷ
416 1637 462 1662 καὶ
479 1637 622 1672 ἀκολάστῳ
635 1638 741 1673 δαίμονι
762 1639 920 1665 καταδεδου-

128 1680 268 1716 λωμένους
290 1681 360 1716 (61),
380 1683 520 1714 παντοίαις
544 1684 689 1719 ἐνεφύρετο
712 1685 918 1722 ταλαιπωρίαις.

130 1736 140 1752 ι
160 1727 196 1753 Δῖ
210 1735 242 1753 τε
255 1727 309 1763 γὰρ
321 1727 425 1763 θήλειαι
441 1729 541 1761 αὐτῶν,
557 1740 566 1755 ι
594 1730 665 1756 κατὰ
683 1731 728 1757 τὸν
753 1729 824 1765 ἱερὸν
842 1731 920 1758 Ἀπό-

128 1774 234 1806 στολον,
260 1783 270 1800 ι
290 1774 460 1810 μετήλλαξαν
477 1775 526 1811 τὴν
546 1778 662 1813 φυσικὴν
685 1778 783 1813 χρῆσιν
806 1779 855 1814 τῆς
872 1779 921 1815 θη-

127 1820 204 1852 λείας
221 1822 261 1853 εἱς
275 1821 324 1856 τὴν
341 1822 416 1857 παρὰ
426 1822 516 1856 φύσιν.
533 1823 647 1858 Ὁμοίως
660 1824 687 1850 δὲ
704 1826 749 1851 καὶ
760 1827 783 1852 οἱ
796 1826 918 1861 ἄρσενες,

127 1866 245 1901 ἀφέντες
259 1867 308 1903 τὴν
326 1868 443 1903 φυσικὴν
457 1869 556 1904 χρῆσιν
576 1870 625 1904 τῆς
636 1870 754 1905 θηλείας,
772 1871 920 1907 ἐξεκαύθη-

128 1921 180 1938 σαν
197 1914 227 1939 tv
239 1914 271 1948 τῇ
287 1913 374 1949 ὀρέξει
387 1914 476 1941 αὐτῶν
492 1915 531 1946 είς
544 1914 684 1950 ἀλλήλους,
695 1917 807 1951 ἄρσενες
822 1918 918 1952 ἄρσεσι

126 1959 178 1994 τὴν
204 1959 396 1995 ἀσχημοσύνην
418 1959 660 1996 κατεργαζόμενοι,
682 1962 729 1988 καὶ
743 1962 791 1997 τὴν
812 1964 918 1998 ἀντιμι-

127 2004 218 2038 σθίαν,
233 2006 267 2041 ἦν
279 2005 343 2038 ἔδει,
356 2006 405 2041 τῆς
419 2006 523 2042 πλάνης
531 2007 620 2034 αὐτῶν
635 2009 663 2034 ἐν
675 2009 781 2040 ἑαυτοῖς
796 2010 920 2045 ἀπολαμ-

129 2050 293 2091 6άνοντεςη.
305 2052 398 2089 Ταύτῃ
415 2054 461 2080 καὶ
481 2053 610 2088 ’Έλληνες
622 2053 668 2080 καὶ
684 2054 826 2090 βάρϐαροι,
843 2057 918 2091 σοφοί

127 2105 159 2123 τε
169 2097 218 2124 καὶ
235 2098 352 2130 ἰδιῶται,
367 2099 453 2134 χαμαί
471 2108 500 2125 τε
516 2101 563 2126 καὶ
579 2100 626 2126 ἐπὶ
643 2101 762 2136 γαστέρα
779 2103 917 2135 πεσόντες,

128 2143 167 2174 ὡς
183 2143 238 2178 θεῷ
251 2145 285 2179 τῇ
303 2144 382 2180 ἡδονῇ
409 2145 630 2181 προσεκύνησαν·
666 2148 778 2182 πρηνεῖς
796 2156 826 2173 τε
850 2149 918 2182 σφᾶς

126 2190 228 2221 αὐτοὺς
250 2191 373 2226 ἑρπετῶν
399 2191 476 2227 δίκην
502 2193 717 2225 καταϐαλόντες,
741 2194 845 2229 ἄμαχον
872 2195 919 2221 καὶ

126 2235 315 2271 ἀπαραίτητον
328 2236 387 2263 θεὸν
399 2237 501 2273 ταύτην
516 2239 653 2274 ἡγήσαντό
668 2248 696 2265 τε
714 2240 761 2266 καὶ
777 2239 916 2274 ἔστερξαν·

125 2282 154 2308 ἐν
167 2291 198 2308 τε
212 2281 295 2317 ᾠδαῖς
309 2288 357 2311 καί
371 2283 476 2319 ὕμνοις,
496 2285 524 2312 ἔν
540 2294 568 2311 τε
588 2287 647 2317 ταῖς
664 2286 815 2321 πανδήμοις
832 2286 916 2318 θέαις,

127 2327 213 2364 μόνης
239 2328 291 2363 τῆς
313 2331 429 2365 αἰσχρᾶς
442 2331 488 2357 καὶ
506 2332 654 2358 ἀκολάστου
673 2332 768 2367 ἡδονῆς
790 2332 824 2359 τά
839 2333 918 2368 ὄργια

125 2374 174 2400 καὶ
189 2374 241 2406 τὰς
254 2375 388 2410 ἀσέμνους
402 2376 512 2409 τελετάς
529 2378 675 2413 μυούμενοί
699 2388 727 2405 τε
745 2379 790 2405 καὶ
809 2379 917 2405 τελοῦν-

124 2428 185 2451 τες’
202 2419 256 2452 ὼς,
280 2422 304 2447 εί
326 2422 372 2448 καί
395 2430 420 2448 τι
434 2423 507 2454 ἄλλο,
531 2425 577 2449 καὶ
592 2424 651 2450 τόδε
666 2424 755 2456 καλῶς
772 2426 836 2460 παρ’
853 2427 917 2461 ἡμῖν

124 2466 280 2502 ἀνῃρῆσθαι
290 2476 297 2483 ’
313 2468 384 2504 ἀρχὴ
398 2468 452 2504 γάρ
465 2469 590 2504 πορνείας
604 2471 708 2496 ἐπίνοια
724 2470 848 2497 εἰδώλων.
863 2472 918 2498 Καὶ

124 2511 160 2538 τὰ
175 2512 224 2546 μὲν
239 2513 304 2548 περὶ
317 2513 368 2548 τῆς
382 2513 437 2540 τῶν
452 2513 539 2540 ἄλλων
562 2515 646 2541 ἐθνῶν
668 2515 804 2550 θεολογίας
822 2516 918 2543 τοσαύ-

123 2566 176 2592 την
189 2558 305 2594 εἰλήφει,
318 2559 356 2590 ὼς
374 2561 402 2586 ὲν
415 2559 511 2596 βραχεῖ
527 2561 624 2595 φάναι,
644 2562 693 2597 τὴν
716 2562 898 2598 πολυτροπίαν
909 2572 915 2578 ·

126 2605 192 2640 μιᾶς
208 2605 257 2640 μὲν
276 2605 363 2641 ἀρχῆς
378 2607 427 2642 τῆς
441 2606 608 2642 ἀκαθάρτου,
629 2608 676 2634 καὶ
695 2610 796 2644 μιαρᾶς
820 2610 916 2645 ἡδονῆς

124 2650 281 2685 ἀνημμένα.
304 2650 385 2686 ὕδρας
402 2652 446 2678 καὶ
462 2651 642 2686 πολυαυχένου
658 2653 705 2680 καὶ
731 2654 916 2688 πολυκεφάλου

123 2696 235 2730 τρόπον,
256 2698 297 2728 εἰς
319 2697 418 2729 πολλὰς
435 2698 482 2724 καὶ
498 2699 623 2730 ποικίλας
644 2699 790 2735 διαιρέσεις
816 2710 846 2727 τε
869 2701 916 2727 καὶ

151 2751 174 2767 ⁴¹
188 2751 269 2779 Rom.
287 2760 307 2784 ι,
319 2751 365 2779 ⁸26.

159 2798 216 2836 (60)
241 2798 326 2836 Πολὺ
352 2800 632 2833 πρότερον.οιηηὶηο
643 2802 784 2836 legendum
811 2803 915 2830 videtur

216 2834 413 2875 αἰσχρότερον,
435 2836 492 2875 haec
514 2837 586 2864 enim
617 2834 740 2875 turpium
771 2838 913 2875 numinum

122 2870 273 2907 colluvies,
304 2870 444 2907 siderurn_
454 2870 616 2907 frugumque
638 2872 759 2907 θεοποιίᾳ
781 2873 915 2907 posterior

123 2879 273 2901 l‘otluVles,
304 2879 424 2896 Sluel‘um
454 2879 494 2897 "'u
516 2880 616 2906 “mque
638 2879 759 2899 υεοποιία

123 2905 185 2938 fuit,
201 2905 240 2933 uti
256 2913 311 2933 non
327 2905 410 2932 semel
425 2879 558 2934 Eusegius
575 2909 631 2942 ipse
644 2901 763 2935 tradidit.

984 302 1056 325 ctam
1072 298 1183 325 haberet
1197 297 1320 333 corporis
1335 297 1511 332 voluptatem.
1524 299 1575 326 sibi
1591 300 1770 334 expetendam

983 343 1123 377 putabant.
1134 343 1255 377 adeoque
1268 343 1330 370 vita:
1348 350 1468 376 munus,
1493 351 1548 370 non
1573 343 1632 378 jam
1652 349 1680 371 ut
1693 344 1769 372 vive-

984 393 1054 422 rent,
1072 388 1117 415 sed
1134 392 1163 414 ut
1179 387 1297 415 suaviter
1313 388 1450 419 viverent,
1469 388 1618 422 complexi,
1646 388 1768 423 ejusdem

983 435 1031 466 illi,
1048 434 1158 469 perinde
1172 438 1201 460 ut
1216 434 1300 460 solius
1317 434 1390 466 boni,
1407 434 1527 468 copiam,
1551 434 1644 461 liberis
1660 442 1768 469 quoque

984 480 1042 507 suis
1058 480 1249 514 precabantur.
1268 478 1360 513 Itaque
1375 479 1420 506 alii
1436 479 1531 510 solem,
1544 479 1648 511 lunam,
1659 488 1690 506 ac
1705 479 1769 506 reli-

983 533 1035 560 qua
1051 526 1141 552 sidera
1156 526 1218 552 vitae
1233 533 1370 559 corporeze
1383 524 1470 552 fontes
1485 533 1544 552 esse
1561 526 1690 560 suspicati
1702 546 1708 558 ,
1730 526 1768 553 si-

982 573 1093 607 mulque
1114 573 1147 599 ad
1170 572 1238 599 lucis
1261 576 1400 606 aspectum
1431 572 1610 600 admiratione
1632 573 1765 607 perculsi,

981 619 1117 653 principes
1139 618 1220 645 nosce
1243 618 1309 644 deos
1330 618 1365 644 ita
1380 618 1580 652 prwdiearunt,
1606 623 1634 645 ut
1657 619 1767 646 eosdem

983 671 1072 691 rerum
1086 667 1212 691 auctores
1230 663 1353 690 omnium
1372 671 1434 690 esse
1449 668 1608 690 statuerent.
1631 663 1681 690 Alii
1697 664 1768 690 natis

980 718 1014 737 ex
1032 715 1103 737 terra
1118 710 1241 745 frugibus
1254 731 1260 741 ,
1283 718 1332 737 nec
1349 718 1402 737 non
1416 710 1534 737 humida:
1545 710 1678 745 siccaeque
1695 711 1768 744 pari-

980 761 1021 782 ter
1032 777 1039 788 ,
1060 756 1218 795 callidzeque
1233 760 1353 788 naturae,
1377 763 1409 782 ac
1425 756 1529 782 eteteris
1549 755 1666 782 universi
1682 755 1766 789 parti-

981 802 1041 835 bus,
1058 803 1157 837 quibus
1180 802 1280 829 nutrita
1297 802 1473 836 saginataque
1487 801 1608 835 ipsorum
1634 808 1746 835 corpora
1757 820 1765 832 ,

980 857 1138 884 corpoream
1155 848 1236 876 simul
1250 848 1332 875 vitam
1355 853 1382 875 et
1405 848 1569 882 voluptatem
1584 852 1746 874 venarentur
1757 867 1765 878 ,

979 896 1092 923 deorum
1120 903 1216 922 nomen
1240 895 1377 929 decusque
1398 894 1563 921 tribuerunt.
1599 893 1651 919 Alii
1674 893 1766 919 multis

979 947 1040 969 ante
1054 942 1178 975 saeculis,
1198 941 1271 970 nuda
1287 940 1468 976 perfrictaque
1485 940 1573 967 fronte
1585 960 1592 972 ,
1619 947 1684 967 suas
1715 940 1766 974 ipsi

977 989 1148 1023 cupiditates,
1163 995 1312 1022 earumque
1328 986 1466 1013 dominam
1481 987 1645 1020 voluptatem
1656 1006 1664 1018 ,
1688 993 1766 1012 amo-

977 1042 1054 1067 rcm,
1083 1033 1255 1068 cupidinem,
1283 1040 1426 1062 venerem,
1457 1032 1556 1066 quibus
1568 1031 1640 1065 ipsos
1657 1038 1766 1065 quoque

976 1079 1042 1106 deos
1064 1079 1158 1105 cedere
1182 1079 1341 1113 iactabant,
1372 1078 1513 1105 divinitate
1535 1078 1681 1104 donarunt.
1712 1077 1765 1104 Alii

976 1125 1057 1160 300
1078 1131 1207 1161 tyransos
1229 1125 1362 1159 quosdam
1393 1132 1425 1151 ac
1447 1124 1602 1159 principes,
1632 1131 1646 1150 a
1664 1124 1764 1158 quibus

976 1173 1125 1207 prui'eczum
1138 1180 1170 1199 ac
1186 1176 1324 1205 repertum
1341 1171 1442 1205 aliquid
1459 1171 1492 1197 ad
1508 1171 1568 1197 vita:
1582 1170 1693 1197 delicias
1705 1169 1764 1196 fuc-

976 1225 1027 1251 rat,
1044 1227 1107 1246 cum
1125 1219 1200 1246 vivos
1216 1218 1306 1246 adhuc
1323 1223 1349 1245 et
1366 1219 1510 1252 spirantes,
1526 1223 1583 1244 tum
1597 1218 1678 1244 etiam
1690 1225 1763 1244 mor-

975 1269 1000 1292 te
1015 1264 1181 1299 per-functos,
1198 1265 1311 1291 deorum
1336 1265 1363 1291 in
1377 1271 1491 1291 numero
1508 1264 1691 1295 collocarunt,
1718 1271 1765 1290 ae-

975 1315 1114 1345 ceptorum
1141 1310 1337 1337 beneticiOrum
1372 1310 1506 1337 suavitate
1540 1309 1665 1344 permoti.
1694 1309 1762 1341 Alii,

975 1364 1119 1392 pravorum
1135 1357 1280 1391 spirituum
1302 1364 1334 1383 ac
1348 1356 1500 1383 daemonum
1515 1356 1595 1383 ludus
1609 1360 1636 1383 et
1654 1355 1743 1382 fabula
1753 1376 1761 1388 ,

974 1411 1006 1430 eo
1023 1403 1208 1430 vehementius
1223 1402 1307 1437 partis
1324 1402 1396 1429 illius
1412 1402 1509 1429 anima:
1526 1409 1599 1434 sure,
1621 1409 1682 1435 qua:
1705 1409 1763 1435 pen-

975 1449 1159 1475 turbationum
1177 1453 1203 1475 et
1218 1448 1397 1482 cupiditatum
1419 1448 1497 1475 sedes
1521 1451 1573 1480 est,
1586 1449 1639 1473 vim
1659 1454 1691 1473 ac
1713 1454 1762 1481 po-

974 1500 1098 1522 testatem
1121 1499 1265 1526 auxerunt,
1283 1502 1337 1529 quo
1362 1502 1460 1522 novam
1479 1495 1530 1521 sibi
1548 1494 1713 1529 voluptatein
1727 1493 1762 1520 ab

973 1542 1006 1568 iis
1017 1542 1134 1576 copiam,
1154 1542 1267 1569 solemni
1283 1542 1419 1576 certisque
1439 1541 1536 1568 ritibus
1551 1541 1699 1567 constituta
1715 1547 1762 1566 eo-

974 1596 1033 1615 rum
1049 1589 1222 1615 veneratione
1235 1588 1439 1622 comparabant.
1457 1586 1528 1619 Alii,
1550 1587 1677 1613 omnibus
1703 1586 1761 1612 istis

973 1635 1061 1661 valere
1074 1634 1169 1669 jussis.
1186 1634 1288 1668 aliquid
1305 1641 1365 1661 sese
1382 1633 1433 1660 rati
1445 1632 1568 1659 universa
1586 1632 1636 1658 huc
1652 1631 1760 1658 theolo-

973 1681 1015 1716 gia
1032 1681 1121 1707 moliri
1134 1681 1319 1715 praestantius,
1334 1679 1505 1706 divinitatem
1517 1685 1624 1705 omnem
1640 1677 1761 1705 funditus

972 1727 1151 1754 sustulerunt.
1168 1726 1221 1752 Alii
1245 1725 1361 1760 denique
1384 1724 1544 1759 castigatam
1570 1723 1643 1749 illam
1668 1728 1761 1757 terque

971 1773 1079 1800 beatam
1093 1773 1186 1804 vitam,
1221 1779 1274 1798 non
1301 1771 1381 1797 aliam
1407 1778 1467 1797 esse
1498 1777 1579 1804 quam
1595 1769 1760 1803 voluptatem

971 1819 1155 1851 defendentes,
1168 1826 1305 1845 sumrnnm
1319 1825 1378 1844 eam
1390 1818 1523 1844 bonorum
1535 1817 1626 1848 linem,
1636 1815 1759 1842 omnium

971 1865 1200 1900 impudentissimi
1221 1867 1382 1898 posuerunt.
1398 1863 1486 1897 Atque
1504 1862 1576 1889 hunc
1593 1863 1619 1888 in
1635 1861 1758 1892 modum,

972 1919 1057 1947 genus
1075 1911 1217 1937 hominum
1235 1911 1404 1941 universum,
1429 1913 1558 1943 tanquam
1576 1907 1760 1934 acerbissimae

971 1958 1077 1985 cuidam
1098 1956 1297 1990 teterrimaeque
1310 1955 1436 1986 dominaa,
1455 1954 1587 1989 voluptati
1617 1954 1688 1987 deae,
1717 1953 1759 1980 vel

971 2004 1130 2038 turpissimo
1144 2002 1234 2037 potius
1246 2010 1278 2029 ac
1291 2001 1505 2035 flagitiosissimo
1521 2000 1638 2027 dwmoni
1656 1999 1760 2026 manci—

970 2057 1073 2087 patum,
1085 2052 1110 2078 in
1126 2051 1217 2078 omnia
1231 2050 1416 2077 calamitatum
1431 2055 1528 2083 genera
1541 2048 1693 2074 demersum
1704 2051 1756 2074 est.

973 2107 981 2123 ι
1000 2097 1067 2124 Nam
1086 2096 1192 2124 femina:
1207 2103 1313 2128 eorum,
1334 2105 1343 2120 ι
1364 2100 1391 2121 ut
1406 2094 1514 2121 divinus
1529 2093 1592 2120 olim
1611 2092 1758 2127 Apostolus

969 2142 1142 2177 querebatur,
1162 2151 1171 2167 ι
1202 2142 1415 2168 immutaverth
1439 2139 1589 2166 naturalem
1621 2146 1700 2164 usum
1722 2137 1758 2164 fe-

970 2188 1060 2220 mina},
1077 2188 1103 2214 in
1121 2195 1182 2214 eum
1198 2194 1277 2214 usum
1298 2187 1344 2220 qui
1358 2190 1398 2212 est
1408 2189 1502 2212 contra
1520 2189 1655 2211 naturam.
1675 2183 1757 2211 Simi—

970 2234 1030 2260 liter
1041 2238 1132 2260 autem
1143 2237 1169 2259 et
1183 2231 1308 2264 masculi,
1324 2230 1418 2258 relicto
1435 2229 1551 2256 naturali
1569 2237 1621 2256 usu
1637 2228 1754 2261 feminae,

971 2285 1132 2308 exarserunt
1148 2280 1174 2306 in
1189 2278 1331 2306 desideriis
1347 2278 1404 2305 suis
1420 2278 1446 2303 in
1463 2276 1589 2308 invicem,
1601 2275 1715 2302 masculi
1728 2274 1755 2301 in

970 2327 1107 2354 masculos
1135 2326 1331 2361 turpitudinem
1357 2327 1518 2358 operantcs,
1549 2326 1575 2348 et
1602 2320 1755 2348 mercedem

969 2380 1051 2408 quam
1067 2373 1194 2407 oportuit,
1211 2372 1313 2398 erroris
1331 2371 1384 2403 sui,
1401 2371 1427 2397 in
1444 2369 1597 2403 semetipsis
1621 2367 1755 2401 reeipien-

969 2424 1009 2446 tcs
1025 2419 1057 2445 “.
1075 2429 1084 2444 ι
1106 2417 1144 2445 lta
1166 2417 1250 2445 Graeci
1269 2417 1369 2452 pariter
1391 2424 1422 2443 ac
1440 2415 1558 2447 barbari,
1574 2414 1709 2448 sapientes
1730 2417 1756 2440 et

969 2466 1069 2497 idiotce,
1081 2465 1208 2492 deorsum
1222 2471 1316 2490 omnes
1333 2468 1414 2497 atque
1429 2462 1457 2488 in
1472 2469 1550 2488 suum
1567 2460 1617 2494 ipsi
1634 2463 1754 2485 ventrem

968 2511 1104 2547 prolapsi,
1133 2511 1299 2544 voluptatem
1320 2508 1399 2543 quasi
1424 2508 1503 2534 deum
1525 2507 1694 2538 adorarunt,
1723 2513 1755 2532 ac

969 2560 1134 2593 serpentium
1151 2559 1177 2585 in
1200 2565 1302 2584 morem
1316 2564 1417 2591 pronos
1433 2563 1492 2582 sese
1510 2554 1683 2588 dejicientes,
1700 2561 1755 2580 non

968 2606 996 2632 in
1016 2613 1047 2632 ea
1064 2605 1157 2636 modo,
1174 2609 1301 2638 tanquam
1320 2604 1346 2630 in
1362 2602 1496 2637 ejusmodi
1522 2601 1648 2633 numine,
1676 2601 1755 2634 cujus

967 2652 1021 2679 vim
1035 2651 1171 2678 declinare
1189 2658 1267 2677 nemo
1281 2654 1380 2684 posset,
1397 2649 1598 2683 acquieverunt,
1614 2647 1659 2674 sed
1672 2647 1754 2673 etiam

968 2699 1136 2728 carminibus
1159 2698 1260 2733 passim
1278 2696 1440 2732 hymnisquc
1459 2695 1534 2727 suis,
1566 2700 1620 2721 tam
1644 2694 1672 2720 in
1689 2693 1755 2720 deo-

1002 2802 1068 2836 (60‘)
1086 2801 1154 2828 οὐδ’
1170 2808 1218 2835 pro
1227 2801 1287 2831 οὐκ,
1304 2805 1331 2836 ut
1344 2807 1415 2833 smpe
1425 2800 1501 2836 alias.
1515 2799 1592 2836 Enn.

1002 2834 1063 2873 ('61),
1079 2834 1411 2873 Καταδεδουλωμένους.
1437 2835 1566 2873 Rescribe
1593 2834 1753 2873 καταδεδου-

965 2869 1102 2908 λωμένων.
1118 2873 1177 2907 Quo
1190 2873 1261 2901 enim
1275 2869 1447 2900 accusativus
1459 2870 1503 2897 hic
1519 2869 1671 2898 referatur?
