2063 3211
309 174 357 202 5ll

646 172 783 202 EUSEBH
802 170 1045 200 CAESARIENSIS
1064 170 1140 199 OPP.
1158 170 1250 198 PARS
1268 170 1298 197 11.
1320 183 1356 189 -ο
1371 164 1621 194 APCLUCETICA.

1879 163 1930 191 512

308 239 368 258 rum
387 230 465 258 festis
490 237 571 265 quam
595 229 622 256 in
638 229 752 262 publicis
770 229 898 256 omnibus
912 227 1090 262 spectaculis,

1143 226 1228 261 τομὰς
1240 223 1446 259 ἐξενηνεγμένα.
1462 221 1571 257 Ἐπειδὴ
1587 220 1676 247 τοίνυν
1691 220 1822 255 τοσαύτην
1837 219 1930 254 ἔτυχον

308 277 395 310 turpis
413 276 494 303 unius
508 283 540 303 ac
552 275 693 310 ﬂagitiosae
705 274 849 308 voluptatis
864 273 950 308 orgia,
970 272 1092 308 indigna-

308 329 362 358 que
376 324 514 358 mysteria,
530 329 593 348 cum
618 320 761 352 initiando,
779 324 834 346 tum
850 320 936 347 sacris
955 318 1093 353 operando

307 368 488 395 celebrarunt.
514 366 604 400 Quare
631 366 693 401 jure
724 365 867 401 profecto,
895 365 917 392 si
943 365 1092 400 quidquam

308 414 392 445 aliud,
407 418 492 440 totum
510 414 562 440 hoc
576 412 646 447 apud
661 420 710 440 nos
723 411 910 439 obscenitatis
929 418 1013 446 genus
1029 410 1094 437 sub-

307 460 390 487 latum
415 464 465 487 est.
489 459 622 486 Libidinis
635 459 708 486 enim
726 458 845 490 initium,
861 457 994 484 idolorum
1012 463 1094 483 exco—

305 506 399 541 gitatio
414 510 465 533 est.
477 505 642 532 Caeterorum
658 511 723 540 ergo
737 504 898 539 populorum
909 523 917 536 ,
944 507 974 530 ut
998 501 1092 537 paucis

305 552 454 583 absolvam,
471 551 611 585 theologia:
637 555 692 577 tam
717 551 792 577 varia
818 550 869 577 fuit
896 548 1092 583 multiplexque

305 597 375 624 ratio
391 606 397 623 :
420 604 482 623 cum
495 595 567 623 enim
583 603 638 622 uno
654 599 759 622 tantum
774 595 887 629 impurae
902 598 1029 628 tetrteque
1042 599 1090 619 vo-

304 643 414 677 luptatis
425 642 558 678 principio
573 642 720 675 niteretur,
748 642 861 676 plurima
881 645 970 667 tamen
995 647 1028 667 ac
1046 646 1091 666 va-

305 688 355 721 ria,
373 688 465 723 hydrae
480 687 621 724 cujusdam
650 687 801 715 cervicibus
826 687 1015 722 eapitibusque
1029 692 1090 713 sca-

1146 271 1362 309 προϐεϐλημένοι
1379 270 1428 305 τὴν
1438 268 1553 303 πλάνην,
1577 267 1669 293 εἰκότα
1683 266 1714 301 δὴ
1734 267 1835 298 αὐτοῖς,
1852 267 1930 302 ἡῶνῇ

1145 318 1218 353 θεῷ,
1243 316 1319 352 κακῷ
1337 316 1455 350 δαίμονι,
1478 313 1646 349 χρωμένοις,
1670 312 1716 339 ἐπὶ
1744 314 1839 343 κακοῖς
1859 312 1932 338 κακὰ

1147 364 1331 399 συνηγείρετο,
1346 361 1546 396 γυναιμανίαις,
1560 360 1606 386 καὶ
1615 358 1736 394 ὰρρἐων
1751 358 1871 394 φθοραῖς,
1883 367 1931 393 μη-

1145 409 1310 446 τρογαμίαις
1328 417 1368 440 τε,
1385 407 1431 434 καὶ
1445 405 1676 441 θυγατρομιξίαις,
1689 404 1732 431 τὸν
1748 404 1835 430 πάντα
1847 413 1932 430 κατα-

1145 456 1308 491 φυρομένοις
1335 453 1390 489 βίον
1400 474 1407 485 ,
1424 453 1470 479 καὶ
1485 452 1534 487 τὴν
1548 451 1642 487 ἄγριον
1658 451 1703 477 καὶ
1715 449 1833 485 Θηριώδη
1850 450 1930 483 φύσιν

1144 500 1280 536 ὑπερϐολῇ
1306 499 1472 534 φαυλότητος
1486 497 1650 532 νενικηκόσι.
1665 496 1790 528 Τοιοῦτος
1814 495 1862 530 μὲν
1884 493 1931 522 οὖν

1144 547 1158 573 ὁ
1171 546 1271 582 τρόπος
1282 546 1335 571 τῶν
1351 543 1475 571 παλαιῶν
1492 543 1586 573 ἐθνῶν,
1601 543 1646 569 καὶ
1665 542 1713 577 τῆς
1735 541 1932 576 διεψευσμένης

1144 592 1232 619 αὐτῶν
1247 590 1394 625 θεολογίας,
1409 590 1452 617 διὰ
1465 589 1519 615 τῶν
1535 588 1710 624 συνηγμένων
1723 588 1788 622 ἡμῖν
1809 586 1932 622 Ἐλληνι-

1143 637 1198 664 κῶν
1217 636 1393 672 λογογράφων
1406 644 1435 662 τε
1448 636 1495 662 καὶ
1508 633 1658 669 φιλοσόφων
1666 633 1694 659 ὲν
1708 634 1764 664 τοῖς
1775 631 1932 668 ἔμπροσθεν

1142 683 1337 711 ἀποδέδεικται.

304 735 386 762 tentis
403 735 430 762 in
448 743 550 762 morem
562 756 570 768 ,
593 739 730 762 sectarum
753 735 869 762 divortia
896 741 928 761 ac
957 732 1116 761 discrimina
1135 731 1249 766 peperit.
1267 731 1305 758 lta
1327 738 1388 758 cum
1406 733 1480 756 tanto
1497 733 1606 762 tamque
1624 725 1695 754 findo
1710 733 1801 753 errore
1820 725 1933 752 labora-

304 786 376 813 rent,
389 782 488 809 mirum
500 782 624 817 profecto
638 789 691 808 non
709 786 761 814 est,
790 782 813 809 si
838 781 963 808 homines
978 779 1124 814 voluptatis
1143 780 1210 811 deat,
1225 787 1256 806 ac
1275 777 1399 806 scelerati
1419 776 1550 804 daemonis
1567 774 1666 802 addicti
1683 773 1828 808 obsequio,
1844 779 1932 798 novo-

305 836 365 856 rum
386 829 500 856 subinde
516 829 594 864 301
620 829 754 856 malorum
781 829 891 856 cumulo
912 832 1116 863 premerentur,
1138 827 1202 854 dum
1220 831 1247 853 et
1271 825 1375 853 insanis
1397 823 1542 851 mulierum
1568 821 1725 853 amoribus,
1750 825 1777 847 et
1802 818 1934 846 mascula

305 875 412 902 veneris
425 875 613 908 obscmnitatc,
626 879 653 902 et
674 875 784 902 incestis
799 879 917 902 matrum
931 875 1102 908 filiorumque
1121 873 1222 908 nuptiis
1240 873 1321 899 vitam
1348 871 1543 906 permiscereut
1561 869 1727 900 universam,
1757 873 1788 893 ac
1815 865 1933 892 ferinam

306 918 458 946 belluarum
482 924 606 946 naturam
635 919 745 947 sceleris
768 920 957 955 magnitudine
980 922 1152 953 superarent.
1179 917 1268 951 Atque
1301 915 1460 951 hujusmodi
1484 918 1652 941 vetustarum
1687 912 1809 947 gentium
1828 917 1930 945 mores,

305 969 333 992 et
348 966 528 993 adulterinam
549 974 643 993 earum
659 967 821 1001 theologiam
842 966 941 999 fuisse,
969 966 1092 1001 ipsismet
1112 964 1268 992 Graecorum
1284 971 1337 990 non
1368 962 1560 990 historicorum
1585 960 1678 993 modo,
1693 959 1741 987 sed
1764 959 1845 986 etiam
1871 957 1934 993 phi-

306 1012 494 1047 losophorum,
510 1021 571 1048 qua:
585 1014 771 1048 superioribus
786 1013 862 1041 libris
873 1019 1004 1049 congesta
1016 1018 1091 1045 sunt,
1111 1011 1273 1040 testimoniis
1289 1010 1396 1038 abunde
1410 1009 1594 1044 probavimus.

609 1059 723 1087 CAPUT
743 1059 786 1087 Ill.

307 1113 421 1146 Quinam
444 1113 616 1142 Hebrrrorum
633 1124 717 1143 more:
737 1116 853 1150 fuerint,
873 1116 965 1151 quidve
982 1116 1014 1143 de
1032 1116 1092 1143 uni-

440 1152 507 1177 versi
518 1159 625 1178 auctore
640 1160 671 1178 ac
683 1152 801 1178 molitore
816 1152 955 1178 senserint.

340 1225 399 1254 Iam
417 1235 501 1260 vero,
525 1228 744 1263 quandoquidem
769 1229 922 1263 priscorum
950 1227 1091 1255 hominum

306 1272 389 1299 vitam
415 1273 581 1307 exploratam
605 1272 953 1308 habes:quemadmodum
984 1272 1033 1299 soli
1059 1280 1091 1299 ex

307 1318 434 1345 omnibus
449 1318 564 1352 Hebraei,
579 1319 743 1346 contrariam
769 1323 842 1346 tanta
865 1319 893 1345 in
919 1318 1093 1345 multitudine

307 1364 377 1391 viam
389 1363 607 1398 inierint,animo
615 1365 742 1400 deinceps
753 1369 780 1393 et
793 1364 957 1401 cogitatione
975 1365 1090 1391 intuere.

307 1409 411 1437 Etenim
425 1411 560 1446 principes
577 1411 625 1444 illi,
643 1411 748 1446 solique
762 1411 891 1438 universo
903 1410 1043 1437 hominum
1058 1417 1091 1437 ex

307 1464 416 1491 genere,
428 1465 489 1484 cum
509 1465 522 1482 a
538 1457 634 1492 primis
649 1463 722 1486 retro
745 1458 881 1485 societatis
900 1457 1026 1484 bumante
1045 1465 1093 1484 cu-

306 1504 423 1536 nabulis,
444 1508 561 1531 mentem
585 1503 611 1536 in
637 1503 748 1531 homine
765 1503 847 1538 digna
863 1502 1092 1536 contemplatione

306 1551 476 1582 defixissent,
490 1555 570 1585 atque
585 1551 617 1578 ad
630 1550 768 1577 naturales
783 1550 902 1577 universi
914 1549 1032 1576 ratiorics
1049 1549 1092 1584 pie

306 1602 453 1632 sancteque
476 1597 627 1630 rimaudas,
642 1597 836 1630 comulissent;
864 1597 952 1632 prima
982 1597 1091 1632 quidem

306 1649 450 1676 corporum
463 1643 606 1674 elementa,
626 1646 736 1675 terram,
754 1649 863 1676 aquam,
877 1650 977 1675 acrem,
990 1643 1090 1677 ignem,

306 1695 339 1714 ex
352 1688 451 1722 quibus
465 1687 537 1715 hunc
548 1688 642 1715 orbem
660 1693 785 1715 constare
805 1688 977 1721 sentiebant;
1006 1688 1090 1715 solem

1398 1056 1592 1083 ΚΕΦΑΛΑΙΟΝ
1618 1054 1654 1081 Γ¹.

1143 1115 1310 1152 Παράθεοςις
1329 1113 1382 1140 τοῦ
1398 1113 1457 1152 τῶν
1477 1112 1766 1152 '_£'6’,pula.w'.(ptiar-tm:~
1784 1111 1833 1138 καὶ
1849 1109 1933 1149 ὅπως

1178 1145 1320 1212 ἔᾷόξὲξοῖν
1349 1149 1415 1183 περὶ
1439 1148 1494 1177 τοῦ
1514 1145 1638 1181 ,τὶοιητοῦ
1658 1145 1723 1173 καὶ
1748 1145 1932 1180 δημιουργοῦ

1178 1195 1237 1213 των
1267 1206 1270 1211 .
1289 1194 1339 1212 ων.

1178 1233 1210 1258 Εἰ
1227 1231 1259 1266 δὴ
1273 1229 1319 1258 οὖν
1336 1230 1472 1257 συνῶπταί
1486 1238 1526 1255 σοι
1543 1230 1557 1256 ὁ
1570 1228 1623 1255 τῶν
1637 1227 1760 1254 παλαιῶν
1775 1227 1841 1262 βίος,
1851 1227 1933 1263 ἄθρει

1143 1277 1174 1313 δὴ
1186 1277 1278 1303 λοιπὸν
1295 1278 1328 1312 τῇ
1340 1275 1443 1311 διανοίᾳ
1472 1275 1568 1310 μόνους
1585 1273 1682 1305 παῖδας
1700 1272 1831 1309 Ἐϐραίων
1846 1273 1875 1299 ἐν
1886 1281 1933 1299 το-

1144 1324 1247 1356 σούτοις
1260 1323 1308 1359 τὴν
1323 1323 1446 1350 ἐναντίαν
1460 1322 1600 1353 ἀπιόντας.
1616 1320 1676 1347 Οἵδε
1691 1320 1744 1356 γὰρ
1755 1319 1869 1355 πρῶτοι,
1883 1320 1933 1346 καὶ

1145 1370 1219 1404 μόνοι
1232 1369 1339 1396 πάντων
1352 1368 1512 1404 ἀνθρώπων,
1526 1367 1627 1394 ἄνωθεν
1639 1367 1671 1393 ὲκ
1687 1365 1797 1401 πρώτης
1813 1365 1860 1392 τοῦ
1872 1365 1932 1399 βίου

1143 1415 1295 1450 καταϐολῆς
1305 1414 1399 1449 λογικῇ
1413 1412 1513 1449 θεωρίᾳ
1527 1413 1577 1448 τὴν
1589 1411 1707 1438 διάνοιαν
1719 1410 1874 1442 ἀναθέντες,
1884 1411 1933 1437 καὶ

1142 1461 1174 1496 τῇ
1195 1459 1258 1494 περὶ
1273 1458 1320 1485 τοῦ
1334 1458 1434 1489 παντὸς
1451 1456 1607 1492 φυσιολογίᾳ
1624 1455 1743 1487 εὐσεϐῶς
1767 1456 1934 1490 ἐπιστήσαν-

1142 1514 1196 1538 τες,
1206 1505 1301 1540 πρῶτα
1314 1504 1361 1539 μὲν
1373 1503 1407 1529 τὰ
1417 1502 1471 1529 τῶν
1483 1502 1616 1537 σωμάτων
1630 1502 1759 1536 στοιχεῖα.
1771 1502 1834 1536 γῆν,
1844 1500 1932 1536 ὕδωρ,

1141 1549 1220 1583 ἀέρα,
1249 1549 1314 1583 πῦρ.
1332 1548 1362 1580 ἐξ
1392 1544 1431 1575 ὧν
1458 1547 1517 1574 τόδε
1528 1548 1557 1573 τὸ
1574 1547 1628 1574 πᾶν
1647 1547 1781 1578 συνεστὼς
1797 1547 1935 1581 κατεμάν-

1143 1595 1232 1626 θανον,
1244 1595 1320 1629 ἥλιόν
1335 1603 1365 1620 τε
1379 1594 1425 1620 καὶ
1439 1593 1563 1629 σελήνην,
1585 1593 1631 1619 καὶ
1657 1592 1782 1628 ἀστέρας,
1797 1593 1827 1619 οὒ
1840 1592 1933 1624 Θεοὺς,

1142 1641 1210 1676 ἔργα
1223 1640 1251 1667 δὲ
1264 1638 1333 1667 εἶναι
1348 1640 1415 1666 Θεοῦ
1441 1640 1633 1674 διελογίσαντο·
1649 1639 1698 1675 τὴν
1718 1638 1797 1674 φύσιν
1814 1640 1863 1674 τῆς
1877 1647 1934 1665 σω-

1144 1687 1259 1722 ματικῆς
1276 1686 1368 1717 οὐσίας
1382 1686 1412 1712 οὗ
1432 1686 1510 1721 μόνον
1538 1685 1644 1720 ἄλογον,
1664 1685 1731 1712 ἀλλὰ
1756 1686 1803 1712 καὶ
1828 1685 1934 1721 ἄψυχον

307 1732 418 1766 pariter,
433 1732 536 1763 lunam,
550 1739 581 1759 ac
595 1732 695 1762 sidera.
714 1740 767 1759 non
783 1732 847 1760 deos
859 1754 866 1765 ,
886 1733 931 1760 sed
949 1733 995 1759 Dei
1008 1740 1091 1767 opera

1143 1731 1220 1765 εἶναι,
1238 1732 1298 1759 καθ’
1317 1733 1378 1759 ὅσον
1402 1732 1503 1767 ῥοώδης
1524 1733 1570 1758 καὶ
1593 1731 1697 1768 φθαρτὴ
1708 1729 1774 1758 οὖσα
1790 1732 1932 1766 τυγχάνει,

307 1784 367 1804 esse
380 1776 559 1811 philosophati
578 1781 650 1805 sunt.
671 1776 759 1804 Probe
772 1778 844 1804 enim
862 1778 930 1812 ipsi,
955 1785 1092 1812 corporea:

308 1823 466 1850 substantia:
489 1823 624 1858 propriam
641 1823 712 1850 hanc
735 1831 794 1850 esse
817 1828 941 1851 naturam
961 1822 1092 1857 intellige~

308 1868 384 1899 baut,
399 1872 429 1895 ut
444 1868 673 1903 quemadmodum
698 1868 769 1895 fluxa
783 1867 828 1895 illa
840 1888 846 1900 ,
866 1873 947 1903 atque
970 1868 1092 1895 interitui

307 1914 425 1941 obnoxia
445 1919 502 1947 est,
533 1915 569 1942 ita
594 1915 699 1942 ratione
719 1915 798 1942 simul
822 1919 848 1942 et
872 1915 964 1942 animo
990 1920 1091 1942 careat.

308 1959 409 1987 Deinde
435 1967 497 1987 cum
527 1959 586 1987 ﬁeri
614 1967 668 1987 non
692 1967 773 1995 posse
797 1960 964 1994 cogitarent,
996 1964 1025 1988 ut
1050 1961 1092 1988 vel

308 2006 402 2033 mundi
418 2005 499 2040 hujus
524 2006 644 2033 universi
670 2010 724 2033 tam
750 2010 810 2041 apte
823 2006 1013 2041 sapienterque
1028 2013 1092 2033 con-

306 2052 422 2079 formata
443 2053 557 2087 species,
572 2060 686 2088 quaaque
707 2056 782 2079 tanta
809 2052 969 2086 spirantium
985 2052 1086 2079 anima-

307 2098 385 2130 lium,
400 2102 425 2125 et
442 2098 546 2125 ratione
568 2098 665 2133 partim
682 2098 867 2132 praeditorum,
885 2098 983 2132 partim
999 2106 1093 2126 caren-

307 2144 381 2171 tium'
391 2145 562 2172 multitudine
580 2145 746 2175 abundaret,
767 2144 882 2172 fortuita
897 2152 929 2172 ac
944 2145 1093 2172 tumultua-

307 2190 355 2216 riae
379 2198 467 2217 causa:
491 2190 699 2225 assignaretur:
725 2191 766 2217 vel
789 2197 880 2217 rerum
909 2191 1091 2218 animatarum

308 2236 462 2268 innuimus,
483 2238 587 2264 ratione
608 2237 780 2272 praeditarum
797 2237 911 2263 rationis
929 2244 1025 2271 expers
1041 2245 1091 2264 att--

308 2287 367 2309 ctor
379 2288 406 2309 et
418 2282 508 2317 opifex
526 2287 709 2310 statueretur:
728 2283 775 2310 sed
790 2283 881 2317 potius
900 2283 1090 2316 intelligerent,

307 2336 369 2355 cum
385 2337 472 2364 neque
481 2334 590 2364 repente
605 2336 637 2356 ac
651 2336 699 2363 per
714 2336 774 2356 sese
789 2328 887 2356 domus
904 2336 1024 2363 unquam
1037 2329 1092 2356 ulla

307 2382 338 2401 ex
357 2374 438 2408 lignis
456 2379 483 2402 et
495 2375 629 2409 lapidibus
653 2375 800 2408 coalescat,
816 2382 866 2402 nec
889 2376 971 2403 vestis
989 2377 1091 2410 absque

307 2420 421 2447 textoris
441 2419 574 2447 industria
587 2420 753 2455 perficiatur,
765 2427 816 2447 nec
832 2419 955 2447 civitates
972 2426 1018 2447 aut
1033 2409 1092 2448 res-
1107 2409 1129 2436 D

306 2467 422 2500 publica:
433 2466 536 2501 absque
560 2466 648 2502 legum
666 2472 693 2494 et
711 2466 864 2502 principum
877 2487 884 2500 ,
910 2475 998 2502 neque
1012 2475 1094 2495 naves

308 2512 410 2546 absque
427 2512 638 2546 gubernatorum
663 2512 849 2540 moderatione
868 2513 1029 2546 consistant,
1044 2521 1095 2541 nec

307 2556 453 2583 minimum
473 2557 582 2592 quidem
598 2558 664 2584 artis
678 2558 890 2585 instrumentum
908 2557 967 2586 sine
981 2558 1094 2585 artificis

308 2601 422 2629 exsistat
437 2610 530 2634 manu,
543 2611 630 2638 neque
642 2604 718 2631 navis
731 2611 851 2638 unquam
867 2603 922 2631 ulla
938 2603 1042 2630 felicem
1059 2604 1092 2631 ad

308 2652 415 2681 portum
436 2648 569 2683 appellat,
592 2649 723 2683 sapientis
746 2649 867 2685 magistri
896 2649 1093 2684 gubernatione

307 2693 388 2728 302
405 2694 535 2728 spoliata:
552 2696 637 2722 multo
653 2703 719 2723 sane
741 2697 830 2723 minus
857 2696 928 2723 hanc
945 2696 1094 2723 elemento-

1143 1780 1346 1815 συννοήσαντες
1360 1778 1477 1805 κᾶπειτα
1494 1779 1676 1814 λογισάμενοι,
1694 1779 1732 1809 ὡς
1760 1778 1809 1812 οὐχ
1827 1776 1884 1804 οἷόν
1901 1786 1933 1805 τε

1142 1825 1190 1860 τὴν
1201 1825 1247 1851 τοῦ
1260 1825 1415 1860 σύμπαντος
1435 1825 1536 1860 κόσμου
1568 1824 1698 1856 διάταξιν,
1714 1822 1743 1850 εὖ
1769 1825 1816 1851 καὶ
1841 1823 1933 1858 σοφῶς

1142 1871 1328 1906 ἡρμοσμένην,
1345 1871 1469 1907 ἔμπλεών
1491 1880 1520 1897 τε
1534 1870 1610 1903 ζώων
1625 1870 1764 1906 ἐμψύχων,
1773 1870 1890 1904 λογικῶν
1902 1879 1933 1896 τε

1142 1919 1189 1945 καὶ
1213 1918 1319 1952 ἀλόγων
1335 1917 1522 1953 ὑπάρχουσαν,
1547 1917 1699 1952 αὐτόματον
1729 1917 1933 1951 ἐπιγράφεσθαι

1141 1963 1190 1998 τὴν
1200 1963 1299 1989 αἰτίαν·
1313 1963 1372 1989 οὺδέ
1388 1971 1419 1997 γε
1439 1962 1493 1989 τῶν
1507 1962 1637 1998 ἐμψύχων
1656 1963 1705 1998 τὴν
1726 1962 1870 1998 ποιητικὴν
1883 1963 1934 1998 ἀρ-

1142 2009 1192 2044 χὴν
1205 2009 1307 2044 ἄψυχον
1326 2008 1541 2044 ὑπολαμϐάνειν,
1557 2009 1611 2035 οὐδ’
1630 2008 1727 2042 ἄλογον
1745 2008 1795 2043 τὴν
1813 2008 1867 2034 τῶν
1888 2009 1932 2035 λο-

1142 2055 1227 2089 γικῶν
1239 2054 1412 2090 δημιουργόν.
1442 2055 1517 2081 Ἐπεὶ
1532 2054 1559 2081 δὲ
1577 2054 1643 2090 μηδὲ
1666 2054 1751 2086 ξύλων
1780 2055 1828 2081 καὶ
1848 2054 1932 2081 λίθων

1142 2101 1294 2136 αὐτόματός
1322 2101 1378 2127 ποτ’
1392 2100 1424 2127 ἂν
1438 2101 1576 2136 οἰκοδομία
1591 2100 1716 2135 συσταίη,
1728 2100 1788 2126 οὑδέ
1802 2109 1833 2134 γε
1849 2101 1932 2136 ἐσθὴς

1142 2147 1259 2181 ὑφάντου
1276 2146 1336 2181 δίχα
1352 2146 1550 2181 συντελεσθείη,
1563 2146 1622 2172 οὐδὲ
1635 2146 1725 2178 πόλεις
1738 2147 1785 2173 καὶ
1797 2147 1931 2173 πολιτεῖαι

1142 2193 1231 2227 νόμων
1245 2193 1322 2224 ἐκτὸς
1339 2193 1384 2218 καὶ
1410 2193 1573 2228 ἀρχοντικῆς
1594 2192 1749 2225 διατάξεως,
1777 2193 1836 2219 οὐδὲ
1853 2193 1931 2225 ἐκτὸς

1142 2239 1307 2274 κυὸερνήτου
1334 2239 1410 2271 ναῦς,
1428 2239 1487 2265 οὐδὲ
1511 2239 1541 2265 τὸ
1570 2239 1750 2275 σμικρότατον
1777 2239 1874 2275 τέχνης
1888 2240 1932 2275 ὄρ-

1142 2293 1223 2319 γανον
1237 2285 1368 2321 ὑποσταίη
1393 2285 1425 2311 ἂν
1451 2286 1488 2321 μὴ
1510 2285 1552 2312 διὰ
1579 2286 1711 2321 τεχνίτου,
1742 2286 1795 2312 οὐδ’
1811 2287 1930 2322 εὐόρμου

1143 2330 1209 2356 ποτὲ
1226 2330 1292 2361 ναῦς
1307 2329 1412 2364 λιμένος
1423 2331 1499 2366 τύχοι
1520 2331 1557 2366 μὴ
1580 2332 1638 2365 οὐχὶ
1654 2333 1702 2358 σὺν
1718 2331 1813 2366 ἀγαθῷ
1831 2332 1932 2367 κυϐερ-

1142 2376 1219 2411 νήτῃ·
1233 2375 1287 2402 οὐδ’
1302 2377 1318 2410 ἡ
1334 2376 1388 2402 τῶν
1409 2376 1522 2403 καθόλου
1544 2377 1681 2412 στοιχείων
1697 2377 1751 2413 ἄρα
1768 2377 1849 2411 φύσις
1859 2378 1929 2412 ἄψυ-

1143 2429 1190 2456 χος
1203 2419 1269 2447 οὖσα
1284 2422 1331 2448 καὶ
1345 2421 1450 2454 ἄλογος,
1467 2422 1505 2457 τῷ
1521 2422 1582 2449 καθ’
1597 2423 1695 2459 ἑαυτὴν
1710 2423 1792 2458 λόγῳ,
1807 2423 1867 2459 δίχα
1880 2424 1931 2459 τῆς

1143 2467 1273 2494 ἀνωτάτω
1285 2467 1331 2493 τοῦ
1346 2467 1413 2494 Θεοῦ
1430 2469 1536 2502 σοφίας,
1554 2468 1633 2503 λόγου
1647 2469 1710 2496 ποτὲ
1727 2470 1774 2496 καὶ
1798 2469 1872 2505 ζωῆς
1883 2470 1931 2497 ἀν-

1144 2512 1261 2545 θέξεται.
1276 2513 1368 2541 Ταῦτα
1383 2513 1414 2550 δὴ
1436 2514 1483 2540 καὶ
1510 2515 1544 2541 τὰ
1560 2515 1673 2541 τοιαῦτα
1695 2515 1883 2550 διανοηθέντες
1905 2516 1930 2542 οἱ

1143 2559 1193 2594 τῆς
1215 2559 1347 2595 Ἐόραίων
1373 2559 1513 2592 εὐσεϐείας
1542 2561 1658 2596 πατέρες
1677 2562 1709 2588 ὲκ
1732 2561 1865 2596 μεγέθους
1885 2562 1930 2588 καὶ

1143 2605 1276 2641 καλλονῆς
1290 2612 1302 2626 α
1317 2607 1492 2642 ὲκτισμένων,
1508 2607 1546 2642 νῷ
1571 2608 1768 2644 κεκαθαρμένῳ
1781 2609 1828 2635 καὶ
1841 2609 1930 2644 ψυχῆς

1146 2651 1282 2686 διαυγέσιν
1295 2653 1399 2689 ὄμμασι
1415 2653 1460 2681 τὸν
1477 2654 1584 2681 πάντων
1607 2655 1769 2691 δημιουργὸν
1791 2654 1858 2682 Θεὸν
1873 2656 1930 2682 ἐσε-

1146 2697 1233 2733 ϐάσθη
1237 2706 1294 2724 σαν.

309 2745 381 2770 rum,
399 2746 430 2766 ex
446 2741 545 2774 quibus
558 2742 633 2769 orbis
662 2742 714 2769 iste
739 2742 871 2777 conﬂatus
901 2747 953 2775 est,
971 2748 1108 2777 expertem
1129 2745 1212 2770 animi
1229 2745 1396 2780 rationisque
1427 2751 1564 2780 naturam,
1584 2748 1607 2774 si
1624 2755 1730 2775 summa
1747 2748 1790 2775 illa
1810 2747 1932 2775 numinis

309 2785 394 2811 divini
410 2786 541 2820 sapientia
558 2788 723 2821 secltidatur,
737 2793 832 2824 suapte
855 2789 879 2815 vi
902 2789 1046 2824 nativaque
1076 2789 1204 2818 facultate
1231 2793 1313 2819 vitam
1332 2793 1413 2820 simul
1433 2798 1460 2821 et
1475 2794 1607 2821 rationem
1638 2794 1770 2830 obtinere.
1797 2793 1871 2825 Haec,
1890 2794 1930 2821 in.

311 2839 404 2867 quam,
419 2833 525 2868 aliaque
548 2834 666 2868 similia,
683 2843 745 2863 cum
777 2835 895 2865 Hebraeae
915 2836 1025 2872 pietatis
1052 2845 1083 2865 ac
1113 2838 1252 2872 religionis
1274 2846 1401 2876 parentes
1426 2842 1593 2878 cogitarent,
1609 2841 1692 2871 Deum
1710 2843 1785 2870 illum
1812 2841 1931 2870 universi

347 2885 358 2900 ⁸
373 2881 415 2907 ισ.
431 2879 492 2907 add.
509 2880 571 2907 τῶν.
