2063 3211
129 186 184 215 515

699 177 860 206 PRAEPAR.
880 174 1008 204 EVANG.
1030 173 1095 202 LIB.
1118 173 1172 202 Vll.

1712 173 1764 203 5H

130 248 297 278 molitorem.
321 256 403 283 quem
421 251 534 283 purgata
553 250 653 278 mente,
666 249 748 279 atque
763 239 922 270 illuminatis
941 237 1025 265 animi
1041 237 1146 272 oculis,
1173 236 1202 264 in
1222 240 1295 264 tanta
1323 243 1416 264 rerum
1447 241 1598 265 creatarum
1627 235 1763 271 magnitu-

132 297 195 324 dine
208 304 241 324 ae
258 297 349 331 specie.
363 295 557 331 agnoscebant,
582 294 657 328 justa
672 296 737 320 sunt
756 288 930 318 veneratioue
949 286 1095 321 prosecuti.

398 343 596 370 ΚΕΦΑΛΑΙΟΝ
620 343 658 370 Δ’.

135 402 230 436 ὀπως
243 401 393 436 ἐφρόνουν
408 399 473 433 περὶ
485 398 651 436 ἀθανασίας
666 395 779 436 ψυχῆς,
795 394 843 421 καὶ
863 393 929 427 περὶ

317 436 370 470 τῆς
388 436 447 463 τῶν
463 433 607 469 σωμάτων
618 433 734 465 οὐσίας.

170 483 297 511 Κᾶπειτα
316 483 397 518 μέρος
411 483 442 508 οὑ
459 480 556 517 μικρὸν
566 479 614 506 τοῦ
630 478 729 510 παντὸς
746 478 817 512 σφᾶς
830 476 929 504 αὐτοὺς

134 529 203 558 εἶναι
227 529 443 564 συναισθόμενοι,
460 529 489 555 τὸ
506 527 596 562 μέντοι
611 533 623 547 ι
642 525 730 552 αὐτῶν
753 524 842 559 τίμιον
859 521 928 549 εἶναι

134 578 281 613 ἡγήσαντο·
312 576 391 602 τοῦτο
415 575 443 601 δὲ
459 575 506 601 καὶ
527 574 572 600 τὸν
598 572 685 607 ἀληθῆ
711 571 864 606 ἄνθρωπον,
883 568 928 595 τὸν

136 624 206 651 κατὰ
220 622 309 658 ψυχὴν
323 621 494 656 νενοημένον⁸
507 620 537 646 τὺ
551 619 579 646 δὲ
599 619 693 645 τούτου
709 617 799 653 χώραν
818 615 928 651 περιϐο-

134 669 183 704 λῆς
195 669 303 703 ἐπέχον·
319 667 397 694 τοῦτο
413 667 441 693 δὲ
454 664 522 692 εἶναι
549 665 579 691 τὸ
594 665 682 700 σῶμα.
713 664 768 690 Καὶ
788 662 819 698 δὴ
833 661 926 688 τοῦτον

134 715 283 750 διελόμενοι
300 714 344 740 τὸν
357 713 466 749 τρόπον1
479 712 528 748 τὴν
540 713 628 738 πᾶσαν
647 710 710 746 περὶ
724 710 773 745 τῆς
786 708 833 735 τοῦ
854 708 926 734 ἔνδον

135 762 278 796 ἀνθρώπου
295 760 367 795 ζωῆς
378 759 505 795 φροντίδα
528 758 574 785 καὶ
589 756 706 791 σπουδὴν
721 754 925 790 είσηνέγκαντο.

134 809 220 835 Τοῦτο
238 808 267 834 δὲ
281 806 357 842 παρὰ
371 805 409 841 τῷ
424 805 532 832 πάντων
547 802 705 840 δημιουργῷ
725 801 784 836 Θεῴ
811 808 925 836 προσφι-

133 855 178 887 λὲς
195 852 266 880 εἶναι
283 853 466 887 λογισάμενοι,
484 850 513 882 ὃς
527 859 578 876 που
611 849 659 884 τὴν
677 846 826 884 ἀνθρώπιον
845 845 926 880 φύσιν

134 901 189 927 τῶν
200 900 248 927 ἐπὶ
258 899 310 934 γῆς
324 899 452 926 ἁπάντων
467 898 586 932 κρατεῖν,
599 896 628 921 οὐ
643 895 722 931 ῥώμῃ
738 893 873 930 σώματος,
888 893 926 924 ὡς

133 948 218 983 ἀρετῇ
234 947 324 981 ψυχῆς
335 945 489 981 ἐδωρήσατο
506 943 559 978 (τὰ
581 944 629 978 μὲν
646 942 700 977 γὰρ
713 941 767 968 τῶν
788 940 872 967 ὄντων
887 937 926 965 εἷ-

135 1004 179 1022 ναι
190 994 293 1029 ἄψυχα,
306 990 349 1019 οἷα
359 992 449 1023 λίθους
460 991 506 1018 καὶ
521 990 595 1024 ξύλα·
616 989 650 1016 τὰ
670 990 698 1015 δὲ
716 987 833 1023 ζωτικῆς
846 987 925 1013 δυνά-

138 1049 210 1077 μεως
227 1039 340 1075 μέτοχα,
351 1036 394 1065 οἷα
405 1038 438 1065 τὰ
452 1038 505 1064 ἀπὸ
519 1038 571 1071 γῆς
587 1036 775 1071 βλαστήματα·
791 1034 824 1060 τὰ
840 1033 868 1060 δὲ
884 1034 926 1077 αἰ-

136 1088 270 1122 σθήσεως,
288 1085 377 1121 ὁρμῆς
398 1093 428 1111 τε
453 1083 639 1118 φανταστικῆς
672 1079 869 1116 μεμοιραμένα,
883 1076 926 1105 οἷα

137 1134 213 1166 ζώων
229 1133 264 1158 τὰ
281 1132 374 1166 ἄλογα·
401 1131 490 1157 πάντα
504 1130 532 1156 δὲ
557 1128 643 1155 ταῦτα
655 1128 694 1154 ἐνὶ
708 1126 748 1162 τῷ
760 1125 814 1153 τῶν
827 1123 928 1160 ἀνθρὼ-

136 1189 196 1207 πων
210 1179 284 1214 γένει
296 1179 364 1212 πρὸς
378 1177 532 1213 ὑπηρεσίαν
548 1175 718 1206 δουλοῦσθαι,
733 1173 763 1200 οὺ
783 1172 862 1208 ῥώμῃ
880 1171 928 1197 σώ-

137 1234 220 1261 ματος
235 1224 285 1251 καὶ
307 1223 379 1259 ισχύῖ
403 1220 662 1257 κατηναγκασμένα,
681 1217 806 1253 λογισμῷ
829 1217 857 1243 δὲ
881 1216 928 1243 καὶ

134 1273 223 1307 Ιᾢυχῆς
235 1273 332 1307 ἀρετῇ,
383 1271 413 1297 τὸ
428 1269 498 1297 κατὰ
514 1269 621 1295 πάντων
644 1266 698 1293 τῶν
724 1265 770 1292 ἐπὶ
787 1265 838 1300 γῆς
852 1265 929 1300 ἀρχι-

136 1319 183 1345 κόν
197 1327 226 1344 τε
242 1318 290 1344 καὶ
308 1316 445 1352 βασιλικὸν
471 1315 566 1351 γέρας,
591 1313 692 1341 ἄνωθεν
716 1311 792 1347 παρὰ
816 1310 862 1338 τοῦ
875 1310 928 1336 τῶν

137 1365 204 1391 ὅλων
217 1363 307 1390 αἰτίου
324 1360 550 1397 συγκεχωρῆσθαι
567 1359 784 1394 κατειλήφασιν)·
801 1357 875 1383 ἐνθεν
887 1357 931 1392 ὁρ-

139 1410 270 1446 μώμενοι,
284 1408 365 1445 σῶμα
379 1408 428 1444 μὲν
452 1406 499 1433 καὶ
513 1405 547 1433 τὰ
579 1405 713 1440 σωμάτων
730 1403 795 1439 ἡδέα
811 1403 886 1430 οὐδέν
904 1411 930 1428 τι

138 1458 238 1493 μᾶλλον
251 1455 308 1482 τῶν
322 1455 408 1482 ἄλλων
424 1454 470 1480 ἐπὶ
482 1453 531 1488 γῆς
547 1452 712 1488 θρεμμάτων
735 1450 871 1485 προτιμᾷν
894 1448 932 1475 δι-

138 1503 301 1538 ενοήθησαν·
315 1501 345 1527 τὸ
359 1501 380 1527 δ’
393 1501 422 1527 ὲν
439 1500 530 1530 αὐτοῖς
550 1498 643 1534 ἄρχον,
658 1497 695 1528 ὡς
712 1496 745 1523 ἂν
759 1495 805 1522 τοῦ
823 1495 932 1522 πάντων

137 1551 268 1585 ipim-.0;
280 1548 392 1579 οἰκεῖον,
410 1546 457 1572 καὶ
480 1545 529 1579 τῆς
540 1544 630 1579 ψυχῆς
656 1543 686 1570 τὸ
708 1541 816 1576 λογικόν
840 1550 869 1567 τε
886 1541 933 1567 καὶ

137 1596 241 1630 νοερὸν,
254 1594 327 1620 θεῖόν
340 1601 369 1620 τε
402 1591 448 1619 καὶ
464 1589 684 1625 ἐπιστημονικὸν,
698 1588 735 1619 ὡς
755 1587 788 1614 ἂν
812 1585 859 1613 τοῦ
886 1585 933 1612 ἐπὶ

139 1642 248 1669 πάντων
265 1639 334 1666 Θεοῦ
349 1638 397 1673 τὴν
409 1637 536 1673 ὁμοίωσιν
549 1636 641 1671 φέρον,
657 1635 736 1670 μόνον
749 1633 793 1659 διὰ
817 1631 934 1667 σπουδῆς

140 1688 228 1723 sum.
246 1684 315 1713 Εἶτα
331 1685 391 1721 μηδ’
408 1683 471 1711 ἄλλο
484 1692 510 1709 τι
527 1681 723 1716 ἐνθυμηθέντες
744 1678 845 1713 ἀγαθὸν
863 1675 933 1706 εἶναι

138 1735 186 1761 τοῦ
204 1733 314 1760 πᾶντων
326 1730 435 1765 ἀγαθῶν
446 1728 562 1765 χορηγοῦ
578 1727 655 1758 Θεοῦ,
671 1726 745 1757 τέλος
762 1725 870 1759 ἀπάσης
887 1724 932 1750 εὐ-

140 1779 285 1816 δαιμονίας
297 1778 346 1813 τὴν
361 1775 443 1803 αὑτοῦ
455 1774 554 1809 γνῶσιν
570 1781 600 1799 τε
618 1772 665 1798 καὶ
679 1771 771 1806 φιλίαν
786 1768 854 1796 εἶναι
879 1769 933 1796 ἀπ-

142 1827 290 1862 εφήναντο·
300 1825 342 1850 ὅτι
359 1822 407 1849 καὶ
423 1822 507 1856 αὐτῆς
521 1819 603 1854 ζωῆς,
617 1818 768 1853 καὶψυχῆς,
780 1817 827 1857 οιαὶ
843 1815 935 1851 σώμα-

140 1872 262 1903 τος,καὶ
274 1869 329 1897 τῶν
357 1869 465 1900 τούτοις
497 1866 654 1900 ἀναγκαίων
683 1864 762 1900 μόνος
787 1863 868 1895 αὐτὸς
889 1864 935 1890 ἁν-

142 1918 232 1954 ῆπται
245 1918 296 1954 τὴν
305 1916 404 1944 αἰτίαν.
415 1915 509 1949 Τούτῳ
519 1913 551 1948 δὴ
564 1911 610 1939 οὖν
626 1913 695 1946 σφᾶς
706 1911 782 1943 ὅλους
797 1908 871 1944 αὐτῷ
884 1908 935 1935 σώ-

143 1975 210 2003 ματι
225 1965 272 1992 καὶ
298 1964 372 1998 ψυχῇ
389 1962 527 1997 φέροντες,
545 1958 745 1989 ἁνατεθείχασι,
777 1956 823 1983 τὸν
846 1956 935 1982 πάντα

142 2013 235 2041 αὐτῶν
249 2011 305 2047 βίον
321 2011 364 2037 ἐπ’
376 2009 455 2037 αὑτὸν
471 2007 700 2042 ἀναρτησάμενοι,
713 2004 760 2030 καὶ
774 2003 846 2039 μόνῳ
853 2011 936 2039 προσ-

142 2061 230 2096 έχειν,
261 2057 334 2092 ἄλλῳ
353 2055 382 2082 δὲ
419 2053 513 2090 μηδενὶ
528 2052 582 2079 τῶν
599 2051 744 2088 ὁρωμένων
760 2048 933 2082 ἀξιώσαντες.

141 2094 224 2133 (λίπω
235 2104 268 2140 δὴ
285 2101 402 2138 φιλόθεοι
426 2100 493 2135 ὁμοῦ
520 2099 566 2125 καλ¹
589 2096 721 2131 θεοφιλεῖς
742 2094 935 2129 ἀναφανέντες,

142 2139 313 2187 θεραπευταί
336 2156 408 2179 τινες
432 2147 508 2178 ὅντες
525 2145 580 2180 (62)
607 2143 654 2170 καὶ
671 2143 752 2178 ἱερεῖς
764 2140 811 2168 τοῦ
825 2139 936 2187 ὑψίστου

143 2184 214 2225 θεοῦ
230 2194 435 2229 ἀπεφάνθησαν,
448 2192 465 2228 ἢ
480 2191 526 2217 καὶ
543 2200 551 2216 ‹
564 2189 641 2223 γένος
654 2186 725 2223 ἱερὸν
742 2186 797 2222 (65)
815 2186 861 2212 καὶ
891 2184 938 2219 βα-

144 2245 261 2274 σιλικὸν,
278 2239 427 2277 ἱεράτευμα
442 2247 472 2265 τε
487 2237 565 2269 Θεοῦ,
581 2235 628 2263 καὶ
644 2236 718 2266 ἔθνος
736 2234 812 2268 ἅγιον
828 2242 836 2258 ι
854 2240 938 2277 προσ-

144 2284 509 2325 αγορευθῆναιὴξιώθησαν,
525 2281 635 2317 σπέρμα
663 2279 713 2314 τῆς
740 2277 855 2314 ἀληθοῦς
872 2276 939 2303 ταύ-

144 2323 351 2372 τηςγεὺσεὸείας
368 2332 479 2361 καὶτοῖς
495 2328 629 2363 eet-{mm
653 2325 742 2352 αὐτῶν
767 2323 939 2351 ἀπολελοιπό-

1273 342 1391 371 CAPUT
1420 343 1465 370 IV.

982 401 1052 434 Quid
1069 402 1147 428 iidem
1164 401 1262 435 partim
1277 400 1307 427 de
1322 400 1418 427 anima:
1432 399 1633 426 immortalitate
1646 417 1654 431 ,
1669 399 1767 434 partim

1157 437 1188 463 de
1207 437 1325 470 corporis
1345 441 1441 462 natura
1458 435 1596 461 senserint.

1016 483 1117 510 Deinde
1134 490 1209 515 vero,
1225 490 1287 510 cum
1302 482 1383 509 iidem
1396 489 1455 509 sese
1470 488 1579 516 quoque
1593 484 1697 515 partem
1707 487 1768 507 esse

980 528 1100 556 universi
1117 535 1172 555 non
1190 527 1316 562 exiguam
1331 526 1473 558 sentirent,
1491 533 1506 554 e
1519 526 1626 553 duabus
1644 525 1686 553 sui
1703 533 1768 560 par-

980 575 1051 602 tibus
1075 575 1186 602 allerann
1205 575 1297 609 (quem
1318 581 1412 600 verum
1431 572 1501 607 ipsi,
1527 572 1629 607 quique
1645 580 1698 599 non
1716 572 1768 599 nisi

979 621 1070 648 animo
1085 620 1213 655 cognosci
1235 620 1336 655 possit,
1365 619 1502 645 hominem
1531 617 1713 653 appellabant)
1740 618 1766 645 in

979 667 1063 702 pretio
1079 666 1231 693 habendam
1248 669 1430 700 putaverunt:
1452 664 1576 696 alteram,
1596 671 1692 698 nempe
1707 670 1769 690 cor-

977 720 1039 747 pus,
1054 712 1190 747 quoddam
1207 711 1285 746 quasi
1299 715 1407 745 septum
1423 717 1494 741 esse,
1515 717 1569 744 quo
1584 709 1706 736 inclusus
1723 708 1769 735 ille

977 749 1112 786 teneatur.
1125 757 1213 792 Atque
1227 757 1278 784 hoc
1296 756 1455 784 discrimine
1470 755 1629 788 constituto,
1644 754 1672 781 in
1692 750 1768 782 coui-

977 804 1102 839 ponenda
1119 804 1236 831 hominis
1247 802 1389 830 interioris
1399 801 1465 833 vita,
1480 808 1573 827 curam
1591 801 1628 827 illi
1640 800 1768 835 deinceps

977 857 1086 877 omnem
1102 850 1278 884 studiumque
1294 855 1420 883 posuere.
1446 846 1522 879 Quod
1553 846 1604 880 ipsi
1632 854 1693 873 cum
1712 845 1768 873 Deo

977 903 1066 923 rerum
1084 895 1207 923 omnium
1230 894 1380 921 architecto
1401 892 1577 921 vehementer
1600 893 1710 928 probari
1725 900 1769 919 co—

976 945 1149 976 gnoscerent,
1166 948 1181 968 a
1197 948 1252 975 quo
1269 940 1294 967 id
1315 940 1437 967 muneris
1457 940 1539 967 homo
1554 943 1714 972 acceperat,
1741 941 1770 964 ut

976 987 1010 1014 iis
1025 995 1084 1022 qute
1106 992 1239 1014 terrarum
1264 985 1368 1012 ambitu
1397 985 1589 1015 continentur,
1622 983 1768 1015 omnibus,

978 1040 1030 1060 non
1044 1033 1142 1060 robore
1154 1032 1288 1067 corporis,
1307 1031 1354 1059 sed
1367 1031 1450 1058 animi
1466 1030 1594 1057 facultate
1613 1030 1768 1064 imperaret.

978 1078 1057 1116 (Nam
1075 1087 1089 1106 e
1106 1079 1197 1112 rebus,
1208 1079 1345 1105 inanimas
1361 1078 1428 1105 alias
1442 1085 1512 1108 esse,
1529 1081 1557 1104 ut
1569 1076 1672 1111 lapides
1687 1080 1770 1111 atque

978 1126 1068 1160 ligna;
1081 1125 1136 1152 vim
1151 1126 1211 1152 aliis
1228 1125 1317 1153 inesse
1334 1125 1441 1152 vitalem
1453 1143 1460 1155 ,
1486 1128 1514 1150 ut
1537 1123 1665 1151 omnibus
1691 1128 1771 1150 terra:

978 1172 1175 1208 germinibus:
1204 1171 1272 1198 alias
1300 1171 1436 1198 sentiendi
1467 1170 1596 1197 facultate
1623 1169 1749 1204 praeditas
1761 1174 1783 1202 ,‘

978 1219 1069 1246 ohlata
1083 1218 1255 1246 extrinsecus
1281 1217 1446 1252 impulsione
1465 1216 1642 1248 commoveri,
1657 1220 1687 1243 ut
1711 1216 1771 1242 ani-

979 1271 1086 1294 mantes
1101 1265 1204 1292 ratione
1220 1264 1340 1299 privatas
1356 1273 1362 1291 :
1378 1267 1461 1299 atque
1479 1264 1536 1291 haec
1555 1263 1648 1290 omnia
1663 1263 1771 1298 generis

981 1313 1121 1340 hominum
1140 1311 1221 1338 unius
1234 1311 1376 1346 obsoquio,
1388 1309 1550 1338 necessitate
1565 1309 1683 1344 quadam
1697 1316 1773 1335 matt-

981 1358 1077 1394 eipari,
1093 1365 1174 1392 quam
1195 1364 1249 1383 non
1265 1355 1347 1382 robur
1364 1355 1490 1389 viresque
1505 1353 1646 1388 corporis,
1667 1354 1713 1380 sed
1728 1360 1772 1379 ra-

982 1405 1019 1432 tio
1034 1409 1114 1438 atque
1128 1402 1211 1429 animi
1227 1402 1313 1429 virtus
1327 1400 1420 1428 aderat
1434 1409 1441 1427 :
1464 1399 1508 1427 cui
1526 1399 1640 1434 proinde
1664 1399 1770 1434 regium

982 1449 1120 1485 quoddam
1133 1449 1159 1475 in
1177 1453 1284 1475 terrena
1305 1446 1396 1474 omnia
1410 1445 1522 1473 ditionis
1540 1449 1567 1471 et
1584 1444 1690 1478 imperii
1705 1444 1751 1478 jus
1763 1464 1771 1477 ,

982 1496 1017 1522 ab
1032 1503 1122 1522 rerutn
1138 1494 1328 1522 universarum
1351 1496 1463 1520 auctore
1484 1491 1593 1518 crelitus
1607 1497 1771 1516 concessum

982 1549 1043 1569 esse
1059 1538 1254 1576 pervidcruut.)
1272 1538 1328 1566 Hac
1342 1537 1380 1564 illi
1393 1537 1557 1572 cogitatione
1577 1535 1696 1568 adducti,
1712 1543 1773 1562 cor-

983 1595 1035 1623 pus
1053 1593 1255 1622 corporumque
1271 1585 1400 1616 delicias,
1430 1583 1490 1610 loco
1513 1590 1567 1610 non
1593 1582 1662 1614 alio,
1689 1589 1772 1617 quam

984 1640 1143 1661 ceterarum
1165 1637 1244 1659 terrae
1266 1631 1400 1666 pecudum
1424 1638 1510 1666 genus
1523 1649 1530 1662 ,
1555 1629 1694 1656 habendas
1712 1635 1773 1656 esse

947 1694 969 1721 α
985 1683 1169 1707 censuerunt:
1187 1686 1269 1713 quam
1291 1685 1355 1704 vero
1378 1677 1419 1704 sui
1435 1681 1538 1711 partem
1559 1675 1673 1710 imperio
1689 1675 1774 1702 dona-

986 1731 1041 1752 tam
1056 1724 1249 1759 agnoscebant,
1265 1727 1355 1757 utpote
1371 1722 1534 1757 cognatione
1554 1721 1644 1756 aliqua
1666 1727 1774 1747 summo

985 1779 1077 1798 rerum
1110 1770 1234 1798 omnium
1269 1769 1426 1804 imperatori
1461 1767 1775 1802 conjunctam,ipsam-

986 1825 1038 1851 que
1057 1816 1141 1843 animi
1164 1815 1270 1842 ratione
1288 1814 1519 1849 intelligentiaque
1537 1813 1695 1848 pra'ditam.
1718 1812 1774 1839 imo

985 1863 1105 1890 divinam
1137 1860 1303 1896 quamdam.
1336 1868 1368 1887 ac
1404 1860 1534 1887 doctrina:
1568 1859 1660 1886 sedem
1692 1857 1775 1885 simul

985 1914 1180 1944 parentemque
1199 1906 1373 1938 facultatem,
1398 1905 1471 1940 quod
1497 1904 1595 1931 somnii
1618 1903 1698 1939 303
1718 1902 1775 1930 Nu—

987 1954 1069 1982 minis
1099 1960 1256 1988 expressam
1289 1951 1372 1978 ferret
1397 1950 1555 1985 imaginem,
1580 1949 1655 1977 omni
1691 1957 1773 1976 unam

987 2000 1127 2035 diligentia
1170 1998 1314 2032 stttdioque
1347 1997 1500 2024 coluerunt.
1540 1995 1660 2029 Deinde,
1702 1996 1774 2030 quod

987 2052 1085 2082 prreter
1119 2046 1254 2073 bonorum
1278 2043 1401 2071 omnium
1442 2042 1543 2069 fontem
1582 2046 1775 2076 auctoremque

987 2093 1084 2126 Deum,
1099 2091 1172 2119 aliud
1192 2098 1305 2126 prorsus
1327 2089 1507 2125 intelligerent
1526 2088 1590 2115 boni
1611 2095 1672 2116 esse
1695 2088 1774 2121 nihil,

987 2138 1115 2174 quodque
1137 2145 1208 2165 unus
1225 2137 1283 2172 ipse
1303 2141 1380 2171 aptas
1390 2143 1421 2163 ex
1441 2142 1501 2162 sese
1513 2135 1584 2167 vitae,
1601 2134 1695 2166 animi,
1709 2141 1772 2161 cor-

988 2184 1074 2220 poris,
1091 2191 1207 2219 quaeque
1240 2182 1294 2210 illis
1313 2181 1468 2209 necessaria
1490 2184 1563 2212 sunt,
1592 2187 1690 2206 causas
1713 2186 1774 2206 om--

989 2231 1064 2257 nium
1079 2234 1106 2257 et
1119 2229 1240 2256 rationes
1254 2228 1374 2260 haberet,
1391 2227 1528 2254 felicitatis
1539 2226 1672 2254 universa:
1683 2225 1776 2259 ﬁnem,

989 2277 1049 2311 ejus
1064 2276 1091 2303 in
1104 2276 1185 2303 unius
1200 2274 1297 2310 partim
1322 2274 1488 2309 cognitione,
1507 2274 1606 2308 partim
1621 2279 1713 2299 amore
1726 2279 1776 2307 po-

991 2325 1114 2349 suerunt.
1134 2321 1172 2347 lta
1184 2327 1247 2347 cum
1259 2319 1340 2346 vitam
1353 2319 1535 2350 instituerent,
1546 2326 1578 2344 ex
1591 2325 1645 2344 una
1657 2317 1717 2351 ejus
1728 2324 1777 2343 vo-

144 2363 202 2414 τες.
219 2379 282 2416 Ἆρ’
295 2377 340 2406 οὖν
355 2376 477 2412 λογισμῷ
495 2384 536 2402 σοι
550 2373 681 2407 δοκοῦμεν
697 2370 791 2397 τούσδε
805 2369 859 2395 τῶν
879 2368 931 2394 Ἑλ-

990 2368 1095 2394 luntate
1118 2371 1240 2401 nutuque
1270 2372 1443 2399 suspensam,
1482 2365 1561 2399 eique
1595 2363 1657 2396 soli,
1686 2370 1777 2389 rerum

145 2414 267 2464 ληνικῶν
293 2422 536 2462 προτετιμηκὲναι,
554 2419 601 2446 καὶ
616 2418 715 2454 μᾶλλον
730 2417 783 2443 τῶν
810 2414 938 2442 Φοινίκων

146 2484 179 2502 τε
192 2474 239 2501 κσί
249 2471 405 2507 Αἰγυπτίων
419 2468 497 2500 θεῶν,
506 2466 558 2494 τῶν
567 2475 596 2492 τε
608 2465 671 2500 περὶ
681 2463 744 2494 τοὺς
757 2462 834 2493 Θεοὺς
845 2460 944 2495 δυσφή-

149 2530 210 2558 μων
226 2518 424 2554 ἁτοπημάτων,
438 2514 488 2546 τὰς
506 2513 571 2549 παρ’
595 2511 730 2547 Ἑϐραίοις
747 2509 810 2544 περὶ
824 2506 943 2534 εὐσεϐῶν

147 2565 255 2602 ἀνδρῶν
273 2563 414 2599 διηγήσεις
429 2558 627 2592 ἀποδέξασθαι;

147 2624 182 2652 ge
198 2620 291 2647 entur,

993 2418 1124 2449 praeterea
1140 2420 1201 2448 quae
1215 2412 1342 2439 videntur
1358 2411 1435 2443 nulli,
1457 2410 1643 2445 adjungendos
1657 2417 1717 2436 sese
1732 2409 1780 2436 ad-

994 2459 1181 2493 diceudosque
1217 2461 1377 2489 statuerent,
1395 2456 1483 2483 eidem
1501 2463 1560 2483 sese
1577 2459 1648 2482 totos
1665 2462 1780 2489 corpore

995 2505 1077 2534 simul
1099 2509 1180 2539 atque
1205 2504 1297 2531 animo
1314 2506 1520 2530 consecrarunt.
1545 2501 1635 2537 Atque
1667 2501 1702 2528 ita
1717 2508 1780 2527 cum

998 2557 1024 2579 et
1035 2551 1121 2579 Deum
1139 2549 1259 2577 maxime
1272 2549 1429 2583 diligerent,
1445 2552 1472 2575 et
1483 2547 1606 2574 vicissim
1622 2546 1656 2573 ab
1670 2554 1703 2573 eo
1716 2545 1779 2573 dili-

321 2594 422 2640 summi
437 2608 564 2637 Numinis
589 2609 706 2634 cultores
735 2612 798 2631 vere
823 2611 855 2630 ac
884 2602 1041 2630 sacerdotes
1053 2600 1141 2628 eﬂ‘ecti
1166 2603 1240 2631 sunt,
1257 2598 1323 2628 imo,
1352 2603 1458 2632 (genus
1481 2595 1597 2623 electum
1619 2602 1650 2622 ac
1680 2594 1780 2629 regale,

148 2641 254 2698 Beique
276 2641 468 2690 sacerdotium,
486 2662 513 2684 et
526 2663 591 2691 gens
611 2659 704 2681 sancta
715 2653 750 2684 δ’,
764 2661 773 2678 ι
792 2651 888 2679 merito
905 2655 969 2678 sunt.
989 2647 1148 2682 nuncupati,
1172 2653 1243 2673 verae
1259 2644 1342 2679 hujus
1359 2643 1467 2679 pietatis
1489 2643 1594 2670 semine
1611 2649 1675 2669 suos
1700 2641 1781 2668 etiam

149 2713 178 2740 in
200 2689 327 2747 posteros
346 2711 515 2743 nepotesque
539 2703 689 2731 transfuso.
709 2701 779 2728 Num
803 2708 868 2735 ergo
893 2699 940 2726 tibi
959 2698 1016 2733 jam
1033 2697 1059 2723 id
1079 2704 1094 2723 a
1116 2695 1194 2722 nobis
1224 2693 1331 2721 consilii
1350 2700 1412 2720 cum
1434 2691 1540 2719 ratione
1566 2693 1724 2727 susceptum
1741 2689 1782 2716 vi-

186 2770 232 2796 “l
252 2769 325 2797 Petr.
342 2776 374 2800 tt,
389 2767 416 2794 9.

187 2825 201 2839 ι
216 2818 260 2845 ῐσ.
281 2817 330 2852 μέν
346 2824 383 2842 τι.

188 2864 245 2899 (62)
263 2864 374 2899 ’θητεῃ
390 2859 467 2899 Alter
483 2863 681 2899 e_x_manuscr.,
704 2855 804 2899 ὄντωςῖ
821 2857 904 2899 recje;

189 2878 246 2933 ὶὶΞΞί
269 2878 374 2930 ἴϋἓῖ
386 2878 476 2930 ιέῥῖρ.
484 2878 730 2921 ”ῑιιέἑιῖ“ἰῖιῐιῖίιὶὶεὲζ
741 2878 848 2923 ius;
856 2878 931 2914 im

982 2894 1002 2918 ν,
1020 2889 1049 2912 ιιι
1065 2883 1094 2912 in
1110 2883 1197 2911 Graec.
1215 2884 1242 2908 et
1259 2879 1365 2914 Vulgat.
1382 2878 1450 2906 Bibl.
