2063 3211
284 154 337 182 515

607 154 744 184 EUSEBH
759 153 998 184 CESARIENSIS
1016 153 1091 182 OPP.
1112 154 1208 182 PARS
1227 155 1259 182 ll.
1279 169 1314 175 —-
1333 154 1584 184 APOLOGETICA.

1861 151 1914 181 516

281 215 371 246 detur,
383 213 422 240 uti
437 218 463 241 et
473 213 574 242 Graecis
590 213 718 242 Hebraeos
742 213 949 247 anteferremus,
976 221 1090 249 quaque
1109 214 1144 241 ab
1166 214 1219 241 illis
1247 213 1282 241 de
1295 219 1454 242 sanctorum
1470 215 1590 242 virorum
1604 213 1703 249 pietate
1718 213 1825 249 prodita
1840 217 1916 242 sunt.

281 258 430 287 Phoeniciis
447 259 635 296 Egyptiisque
675 259 845 292 numinibus,

281 307 351 335 tiora
368 307 552 335 duceremus?

581 351 695 380 CAPUT
714 352 748 380 ν.

283 410 394 438 Eosdem
407 419 454 437 suo
473 411 499 437 in
531 410 615 437 Deum
636 417 724 437 amore
749 415 900 437 consecutos
927 419 999 443 esse,
1027 411 1066 436 uti

315 446 441 473 Numinis
472 452 577 480 aspectu
606 451 629 472 et
663 446 779 472 oraculis
802 446 963 480 fruerentur,
997 445 1066 480 quod

313 486 454 516 utrumque
468 482 552 508 sacris
570 481 666 508 litteris
679 482 861 516 consignatum
876 486 924 508 est.

313 537 363 564 Sed
380 537 441 564 vide
463 542 491 564 tu
512 545 606 572 porro,
620 545 675 572 quo
698 537 806 564 tandem
827 545 874 565 eos
895 536 1065 564 charissima:

277 582 333 609 Deo
353 583 463 611 virtutis
485 583 623 618 aspirasse
640 588 865 611 commemorent.
881 582 982 618 Nempe
996 583 1066 609 divi-

276 637 341 656 num
358 629 422 656 illud
441 628 557 662 Numen,
589 638 649 656 cum
673 630 822 665 genushoc
844 629 986 656 hominum
1009 633 1063 656 tam

277 679 385 709 propter
412 680 538 702 cmteram
555 675 616 702 vitae
631 676 758 710 pietatem
780 680 862 710 atque
879 674 1063 709 disciplinam.

276 727 358 754 quam
374 720 408 747 ob
423 720 588 755 singularem
603 729 666 755 erga
679 728 708 748 se
722 720 881 754 religionem
895 720 1064 754 complecte-

276 771 362 797 retur,
378 766 544 794 divinioruni
561 767 601 794 eis
614 767 742 799 deinceps
764 765 949 799 oraculorum,
965 766 1066 800 suique

275 812 378 846 pariter
386 817 412 839 et
424 813 582 848 angelorum
596 813 746 847 praesentire
758 817 939 847 aspectusque
955 811 1063 840 copiam

275 857 364 885 facere
378 858 482 890 statuit,
495 858 558 885 dum
572 859 668 893 partim
678 863 780 885 natura:
793 857 915 884 mortalis
931 857 1063 891 inopiam,

275 910 318 931 res
332 906 450 937 agendas
469 905 635 932 insinuando
651 904 813 935 sublevaret,
832 903 930 938 partim
949 903 1065 938 dogma-

276 955 332 975 tum
351 949 384 976 iis
397 957 427 976 ac
450 954 657 984 prteceptorum,
682 957 742 984 quze
766 949 851 976 Deum
878 949 957 984 plane
980 948 1063 976 decc-

275 1000 346 1026 rent,
363 995 547 1030 cognitionem
561 995 688 1029 aperiret.
709 995 746 1022 Ita
768 1002 822 1021 non
837 994 894 1029 jam
914 1002 1063 1028 argumen-

885 267 1000 295 quaequc
1030 261 1064 288 de
1084 260 1137 288 illis
1162 260 1301 295 jactantur
1329 260 1520 295 ignominiosis
1541 260 1714 296 indignisque
1743 258 1843 286 fabulis
1866 267 1917 294 po-

1389 352 1587 379 ΚΕΦᾹΛᾹΙΟΝ
1609 353 1647 378 E'.

1122 411 1230 444 Ὅπως,
1244 411 1376 445 φιλόθεοι
1390 419 1422 445 γε
1442 411 1554 443 ονότες,
1565 409 1624 436 τῶν
1635 407 1833 443 ἁναγράπτων
1849 410 1914 436 θεο-

1246 445 1375 472 cursui)?
1384 420 1442 472 καῖ
1452 445 1593 472 γοησιιῶν
1605 443 1786 472 ἠξιώθησαν.

1245 445 1375 481 gat-enim
1384 444 1432 474 καὶ
1450 445 1593 480 χρησμῶν
1605 444 1786 479 ἠξιώθησαν.

1157 533 1211 560 Θέα
1228 533 1250 559 δ’
1260 531 1306 560 οὖν
1323 533 1362 560 ἔτι
1376 533 1416 566 εἰς
1425 533 1486 560 ὅσον
1497 531 1637 566 θεοφιλοῦς
1652 532 1753 568 ἀρετῆς
1770 531 1913 568 προελθεῖν

1121 588 1186 614 φασι
1202 581 1263 612 τοὺς
1289 580 1478 616 δηλουμένους,
1502 578 1714 614 Ἀποδεξάμενον
1728 578 1759 605 τὸ
1772 578 1847 606 Θεῖον
1862 579 1913 614 τῆς

1120 636 1149 653 τε
1162 627 1244 662 ἄλλης
1255 626 1301 653 τοῦ
1319 627 1375 662 βίου
1393 626 1535 658 εὐσεϐείας
1561 626 1608 653 καὶ
1630 626 1799 660 φιλοσοφίας,
1813 625 1864 660 τῆς
1879 634 1911 652 τε

1121 673 1184 708 περὶ
1200 673 1266 699 αὐτὸ
1277 672 1422 708 θεραπείας
1433 673 1496 704 τοὺς
1505 673 1614 708 ἄνδρας,
1635 672 1684 708 ἤδη
1703 672 1750 698 καὶ
1763 671 1912 709 θειοτέρων

1119 718 1250 753 χρησμῶν
1264 718 1426 753 θεοφανειῶν
1441 727 1469 744 τε
1484 719 1581 750 αὐτοὺς
1595 718 1641 745 καὶ
1657 718 1809 752 ἁγγελικῶν
1824 718 1912 746 ὀπτα-

1120 764 1185 790 σιῶν
1200 765 1287 799 ἠξίου,
1313 765 1347 791 τὰ
1370 765 1492 791 ἐνδέοντα
1517 766 1549 800 τῇ
1582 764 1664 801 θνητῇ
1681 764 1760 799 φύσει
1782 766 1841 796 ταῖς
1852 765 1909 792 τῶν

1119 811 1261 846 πρακτέων
1281 811 1430 847 ὑποθήκαις
1453 811 1695 847 ὲπιδιορθούμενον,
1723 812 1863 847 δογμάτων
1877 821 1910 839 τε

1118 857 1165 883 καὶ
1177 857 1344 893 μαθημάτων
1361 858 1452 889 αὐτοῖς
1478 856 1636 892 θεοπρεπῶν
1651 858 1700 893 τὴν
1718 857 1819 892 γνῶσιν
1836 858 1908 885 ἀπο-

1118 903 1261 929 καλύπτοψ
1279 903 1316 934 ὡς
1330 904 1427 938 μηκέτι
1442 903 1638 939 συλλογισμοῖς,
1665 903 1732 939 μηδὲ
1760 903 1906 936 είκασίαις,

1117 949 1251 984 ἐκλάμψει
1266 949 1293 976 δὲ
1308 950 1392 984 αὐτῆς
1407 949 1536 982 ἀληθείας
1554 949 1716 984 φωτίζεσθαι
1725 949 1774 981 τὰς
1788 949 1908 982 διανοίας

1116 995 1215 1026 αὐτῶν,
1229 995 1298 1021 ὥστε
1315 995 1365 1031 ἥδη
1384 995 1612 1031 θεοφορουμένους
1626 996 1675 1031 τὴν
1685 995 1739 1022 τῶν
1755 995 1908 1031 μελλόντων

275 1041 310 1068 tis
327 1045 374 1068 aut
388 1041 553 1076 conjectoris
571 1041 747 1076 quibusdam,
767 1040 815 1068 sed
829 1041 974 1075 ipsiusmet
990 1040 1055 1070 veri-

1114 1040 1232 1072 ἔσεσθαι,
1259 1041 1296 1072 ὡς
1319 1041 1472 1076 παρόντων,
1492 1041 1651 1076 ἐπιθεωρεῖν
1676 1041 1838 1076 κατάληψιν,
1857 1041 1905 1067 καὶ

274 1086 338 1113 tatis
353 1087 412 1114 luce
425 1088 610 1115 collustratam
621 1093 738 1115 mentem
755 1089 900 1121 habebant,
916 1088 1055 1122 divinoqm

1115 1087 1149 1114 τὰ
1166 1087 1279 1114 καθόλου
1308 1087 1501 1122 συμϐησόμενα
1525 1086 1564 1122 τῷ
1589 1087 1643 1114 τῶν
1663 1086 1813 1123 ἀνθρώπων
1830 1087 1905 1121 γένει

273 1131 357 1159 amati
372 1131 500 1166 Numine,
518 1142 579 1160 cum
602 1141 646 1161 res
673 1133 789 1167 futuras,
805 1134 915 1168 perinde
943 1141 974 1160 ac
997 1141 1055 1168 pra:

1115 1133 1262 1164 θεσπίζειν.
1294 1133 1411 1160 Τοιαῦτα
1438 1133 1486 1168 τῆς
1508 1133 1639 1169 Ἐϐραίων
1664 1133 1763 1170 ἀρετῆς
1796 1133 1830 1160 τὰ
1856 1141 1907 1159 που

274 1183 375 1212 sentes,
392 1180 569 1207 intuebantur
585 1181 646 1215 ipsi,
669 1185 726 1208 tum
752 1180 885 1215 quidquid
911 1181 1055 1207 universin'

1114 1178 1264 1214 λυύμνητα,
1277 1179 1323 1205 καὶ
1340 1179 1377 1210 ὡς
1396 1179 1503 1215 ἀληθῶς
1532 1179 1641 1215 θεοφιλῆ
1669 1179 1790 1215 περιέχει
1813 1178 1904 1213 λόγια,

273 1229 434 1252 eventurum
450 1231 532 1257 esset.
558 1226 679 1253 humano
708 1226 799 1260 generi
822 1224 904 1261 305I
929 1225 1055 1252 divinitus

1112 1224 1130 1251 ἃ
1145 1225 1198 1251 τῶν
1214 1224 1376 1260 Ἑλληνικῶν
1389 1225 1436 1252 καὶ
1451 1225 1572 1261 πατρίων
1587 1225 1678 1261 μύθων
1699 1235 1728 1252 τε
1750 1226 1797 1253 καὶ
1810 1225 1904 1262 λήρων

272 1270 464 1303 praedicebant.
491 1271 552 1299 Haec
566 1271 612 1298 illa
628 1276 701 1304 sunt,
721 1279 781 1306 qua:
793 1272 979 1299 celeberrimis
991 1271 1058 1299 Deo-

273 1323 326 1350 que
336 1316 414 1350 plane
428 1317 595 1352 dignissimis
606 1317 725 1344 oraculis
739 1317 771 1344 de
785 1317 915 1352 singulari
930 1317 1058 1344 Hebraeo-

272 1369 335 1389 rum
362 1363 463 1389 virtute
492 1364 675 1394 continentur,
705 1369 821 1398 quisque
841 1362 942 1390 Graecis
959 1362 1057 1389 fabulis

1116 1270 1369 1305 προτετιμήχαμεν-
1382 1270 1405 1296 οὶ
1421 1270 1468 1305 μέν
1492 1278 1523 1304 γε
1538 1271 1601 1306 περὶ
1613 1270 1680 1297 Θεῶν
1690 1270 1723 1297 τὰ
1738 1270 1904 1305 αἱσχρότατα

1114 1317 1261 1351 περιεῖχον,
1279 1317 1303 1342 οἱ
1314 1315 1341 1342 δὲ
1359 1316 1422 1351 περὶ
1434 1316 1564 1351 θεοφιλῶν
1579 1316 1682 1352 ἀνδρῶν
1709 1316 1760 1348 τὰς
1780 1315 1905 1348 εὐσεϐεῖς

1110 1362 1296 1394 διδασκαλίας.

273 1409 422 1444 patriisque
438 1410 516 1445 nugis
540 1411 592 1445 ipsi
614 1411 783 1446 praetulimus
797 1418 803 1436 :
818 1417 879 1436 cum
901 1410 961 1436 istis
984 1408 1083 1444 ﬂagitia
1103 1409 1138 1436 de
1165 1409 1217 1437 diis
1233 1409 1391 1444 turpissima
1406 1409 1585 1445 jactarentur,
1608 1409 1647 1437 illi
1664 1417 1728 1437 vero
1757 1409 1902 1437 hominum

274 1455 328 1483 Deo
345 1456 566 1484 cltarissimorum
582 1457 711 1484 historias
725 1465 756 1484 ac
770 1457 937 1486 monimenta
958 1461 1140 1490 proponerent
1159 1462 1267 1482 summa
1286 1462 1348 1482 cum
1362 1454 1462 1490 pietate
1477 1454 1632 1489 conjuncta-

587 1503 702 1534 CAPUT
729 1503 772 1533 Vl.

271 1557 394 1588 Eosdem.
412 1565 473 1589 ante
486 1568 577 1589 natum
593 1563 701 1596 Mosem,
718 1571 764 1589 nec
783 1563 844 1589 dum
859 1562 982 1589 Judaicis
997 1561 1057 1588 reli-

307 1596 427 1631 gionibus
443 1599 600 1632 iii/erutum:
615 1599 721 1632 pietatis
737 1598 814 1625 laude
834 1598 967 1632 ﬂoruisse.

1375 1502 1573 1545 KEdiAAAlON
1596 1503 1642 1536 ς’.

1116 1562 1162 1594 Ὡς
1175 1558 1263 1591 ἐκτὸς
1277 1557 1358 1592 ἦσαν·
1379 1557 1577 1593 Ἰουδαϊσμοῢ,
1600 1561 1734 1594 πρόσθεν
1749 1559 1768 1594 ἧ
1789 1560 1900 1587 Μωσέα

1200 1594 1347 1629 γενέσθαι,
1367 1595 1412 1621 ἐπ’
1425 1596 1561 1629 εὐσεϐείᾳ
1574 1594 1805 1629 διαλάμψαφτες.

306 1653 345 1680 Ac
360 1654 437 1689 longe
453 1655 562 1688 quidem
577 1659 721 1690 antequam
737 1659 784 1682 aut
807 1659 886 1681 natus
900 1653 990 1680 Moses
1010 1661 1055 1680 es-

1144 1650 1238 1679 Ταῧτα
1253 1649 1280 1676 δὲ
1291 1650 1375 1677 πάλαι
1388 1651 1529 1686 πρότερον,
1548 1651 1612 1686 πρὶν
1640 1651 1656 1687 ἢ
1671 1652 1717 1678 καὶ
1733 1651 1835 1678 Μωσέα
1849 1652 1899 1679 καὶ

272 1701 324 1730 set,
342 1703 388 1725 aut
418 1699 491 1726 natio
509 1699 665 1726 Judaeorum
691 1700 843 1732 exsisteret,
865 1700 921 1734 jam
934 1706 1019 1733 usque
1041 1707 1056 1725 a

272 1743 425 1778 longissimi
451 1745 582 1779 temporis
599 1745 740 1778 memoria,
755 1744 912 1772 Iudaeorum
932 1745 1055 1779 ipsorum

271 1790 390 1823 majores
408 1797 498 1816 rerum
514 1790 628 1817 istarum
644 1790 801 1824 cognitione
815 1791 975 1817 ﬂoruerunt.
988 1788 1054 1816 Nam

271 1835 324 1862 hoc
347 1835 429 1861 etiam
451 1836 608 1863 ennclcasse
632 1844 664 1863 ac
693 1836 822 1864 statuisse
845 1836 957 1871 juverit,
992 1843 1054 1862 cum

270 1880 375 1907 nullum
385 1886 503 1908 exstaret
513 1881 602 1909 adhuc
615 1881 748 1908 Judaismi
761 1882 916 1917 vestigium,
929 1880 1055 1908 Hebraeos

271 1926 379 1959 quidem
395 1926 465 1960 illos,
480 1927 527 1962 qui
550 1935 565 1954 a
590 1928 669 1955 nobis
685 1927 842 1960 laudantur,
858 1927 914 1962 jam
933 1931 990 1954 tum
1007 1934 1056 1953 no-

269 1972 343 1999 mine
363 1973 444 2000 simul
466 1981 497 2000 ac
517 1974 640 2001 moribus
665 1973 760 2007 fuisse,
786 1973 832 2009 qui
850 1979 940 2000 tamen
967 1973 1053 2000 Judaei

269 2025 319 2044 nec
339 2023 442 2052 essent,
460 2027 510 2046 nec
525 2025 697 2047 vocarentur.
716 2020 808 2055 Itaque
831 2021 873 2047 vel
901 2020 966 2047 hinc
980 2024 1054 2047 utro-

268 2071 384 2098 rumque
398 2065 544 2093 discrimen
560 2066 706 2101 intelligas,
722 2066 794 2101 quod
809 2065 895 2093 Judaei
910 2067 1019 2101 quidem
1038 2074 1053 2093 a

267 2109 346 2143 Juda,
377 2110 456 2145 cujus
487 2119 520 2138 ex
545 2111 616 2138 tribu
640 2119 754 2146 regnum
780 2110 936 2139 Judzeorum
961 2113 1054 2140 multis

267 2159 330 2190 post
355 2156 434 2183 annis
458 2157 634 2184 constitutum
665 2163 724 2189 est,
757 2165 855 2184 nomen
883 2158 1052 2193 acceperint;

266 2201 372 2230 Hebraei
390 2207 479 2230 autem
499 2204 532 2230 ab
547 2203 663 2236 Hebero,
685 2203 764 2238 cujus
776 2212 861 2238 nepos
881 2204 1053 2232 Abrahamus

265 2247 327 2276 fuit.
344 2249 383 2276 Ac
398 2247 499 2276 Judaais
510 2249 679 2284 antiquiores
700 2248 828 2276 Hebraeos
847 2249 932 2277 fuisse
951 2250 1052 2278 divinis

265 2301 373 2329 quoque
384 2294 482 2321 litteris
497 2295 652 2322 edoccmur.
668 2293 735 2321 Nam
747 2295 819 2330 quod
835 2295 867 2322 ad
882 2295 971 2330 ipsum
991 2295 1053 2322 reli-

1107 1698 1137 1725 τὸ
1162 1696 1295 1725 Ἰουδαίων
1307 1697 1384 1730 γένος
1399 1697 1559 1732 ὑποστῆναι,
1574 1697 1602 1729 ἐξ
1623 1697 1662 1723 ἔτι
1679 1698 1783 1733 μακροῦ
1798 1698 1898 1730 αἰῶνος

1106 1744 1182 1780 παρὰ
1203 1744 1260 1775 τοῖς
1292 1742 1425 1769 Ἰουδαίων
1442 1743 1627 1779 προπάτορσιν
1651 1743 1821 1778 ἐγνωρίζετο.
1841 1744 1899 1770 Καὶ

1105 1790 1160 1824 γὰρ
1172 1787 1217 1815 οὖν
1230 1786 1366 1815 καὶτοῦτο
1393 1787 1559 1822 διαρθρῶσαι
1587 1787 1678 1819 καλὸν,
1697 1788 1734 1819 ὡς
1750 1788 1764 1813 ὁ
1786 1788 1898 1815 Ἰουδαῖ-

1106 1836 1173 1871 σμὺς
1185 1835 1235 1862 οὐκ
1253 1833 1287 1870 ἦν
1306 1841 1349 1860 πω
1364 1833 1434 1865 τότε,
1463 1833 1519 1860 ἀλλ’
1536 1834 1655 1868 Ἑϐραῖοι
1685 1834 1734 1870 μὲν
1760 1835 1785 1860 οἱ
1801 1835 1897 1870 δηλού-

1107 1890 1181 1916 μενοι
1195 1881 1262 1916 ὁμοῦ
1274 1882 1305 1916 τῇ
1324 1879 1494 1916 προσηγορίᾳ
1506 1880 1552 1918 καὶ
1565 1879 1609 1906 τὸν
1624 1880 1722 1915 τρόπον
1734 1886 1746 1900 ι
1760 1880 1894 1917 ὑπῆρχον·

1111 1925 1230 1952 Ἰουδαῖοι
1240 1925 1268 1951 δὲ
1280 1923 1411 1961 οὖτ¹ἦσὰν
1426 1933 1479 1956 πω,
1491 1924 1744 1960 οῠτ”ὲχρημάτιζον.
1761 1925 1898 1962 Ἐϐραίων

1104 1973 1132 1999 δὲ
1149 1973 1196 1999 καὶ
1213 1971 1347 2000 Ἰουδαίων
1374 1973 1403 2000 τὸ
1430 1974 1558 2009 διάφορον
1575 1973 1666 2008 γνοίης
1696 1973 1729 1999 ἂν
1755 1970 1815 2000 ὦδε·
1839 1974 1896 2009 Τὴν

1106 2019 1154 2054 μὲν
1172 2020 1356 2055 προσηγορίαν
1366 2021 1391 2046 οἱ
1410 2019 1457 2055 μὲν
1474 2019 1527 2046 ἀπὸ
1542 2020 1588 2046 τοῦ
1617 2018 1712 2051 Ἰούδα,
1730 2018 1760 2051 ἐξ
1785 2015 1816 2046 οὗ
1843 2020 1896 2055 τῆς

1104 2066 1190 2100 φυλῆς
1203 2066 1233 2092 τὸ
1249 2067 1381 2093 Ἰουδαίων
1393 2067 1507 2102 μακροῖς
1523 2065 1634 2102 ὕστερον
1642 2067 1747 2102 χρόνοις
1757 2065 1895 2103 βασίλειον

1105 2112 1229 2147 συνέστη·
1255 2113 1279 2138 οἱ
1305 2112 1333 2138 δὲ
1356 2111 1411 2138 ἀπὸ
1439 2111 1486 2138 τοῦ
1514 2112 1606 2147 Ἔϐερ,
1632 2112 1780 2149 προπάτωρ
1795 2113 1823 2139 δὲ
1843 2111 1892 2139 τοῦ

1110 2156 1234 2191 Ἀϐραὰμ
1247 2154 1322 2188 οὗτος
1331 2154 1375 2192 ἦν,
1396 2157 1591 2192 ἐπεγράφοντο.
1610 2157 1755 2193 Προτερείν
1779 2166 1808 2184 τε
1827 2158 1893 2184 Ἰου-

1102 2201 1184 2228 δαίων
1203 2201 1345 2238 Ἑϐραίους
1374 2202 1544 2229 διδάσκουσιν
1556 2203 1581 2229 οἰ
1597 2203 1664 2238 ἱεροὶ
1685 2203 1769 2236 λόγοι.
1796 2203 1849 2230 Τὸν
1862 2204 1891 2230 δὲ

1101 2246 1152 2282 τῆς
1167 2248 1306 2280 εὐσεϐείας
1321 2247 1431 2284 τρόπον,
1450 2248 1587 2280 Ἰουδαίοις
1604 2249 1653 2284 μὲν
1672 2249 1780 2285 πρῶτον
1798 2250 1890 2285 ἀπάρ-

1102 2292 1198 2325 ξασθαι
1211 2293 1260 2328 τῆς
1276 2294 1435 2329 νομοθεσίας
1455 2294 1567 2327 Μωσέα,
1586 2294 1723 2321 σαϐϐάτου
1740 2294 1812 2326 τινὸς
1837 2303 1890 2321 πα-

264 2341 352 2375 gionis
373 2341 475 2368 cultum
499 2342 604 2374 attinet,
625 2341 726 2368 Mosem
749 2341 868 2376 primum
891 2341 1048 2368 Iudaeorum

1109 2338 1215 2364 aa66v‘ta.
1227 2339 1342 2374 ἡμέραν,
1360 2340 1406 2367 καὶ
1419 2340 1520 2375 ταύτης
1530 2339 1659 2375 πλείστην
1682 2340 1748 2375 ὅσην
1765 2339 1890 2375 φυλακὴν

263 2386 443 2420 ἰθεὶδιιιιοιείιηι
467 2388 613 2417 exstitisse,
629 2395 644 2413 a
661 2395 716 2422 quo
734 2387 831 2421 partim
850 2387 955 2414 sabbati
976 2388 1048 2414 diem

264 2434 417 2467 acceperint
432 2433 562 2467 singulari
579 2433 697 2468 quadam
713 2433 895 2466 observantia,
916 2433 948 2460 ad
965 2441 1046 2460 usur-

262 2477 378 2511 [wndam
394 2478 453 2512 ejus
466 2478 530 2510 diei,
542 2485 597 2512 quo
608 2478 751 2504 verborum
760 2478 913 2504 divinOrum
927 2477 1003 2512 quies
1015 2484 1046 2504 ac

263 2522 378 2549 cessatio
391 2522 488 2555 fuerat,
497 2524 667 2553 memoriam.
682 2524 777 2558 partim
787 2523 979 2554 animantium,
988 2522 1046 2556 qui-

263 2567 314 2594 bus
334 2573 380 2594 aut
392 2574 564 2596 vescerentur
580 2575 626 2596 aut
640 2569 818 2602 abstinerent,
830 2569 1043 2601 distinctionem,

262 2614 360 2650 partim
387 2614 517 2642 solemnia
531 2616 654 2650 quaedam
674 2622 819 2650 annuaque
843 2615 924 2648 festa,
940 2618 1045 2641 certos-

297 2713 310 2727 ι
328 2703 371 2732 ἵσ.
386 2703 425 2740 τῷ
438 2704 555 2741 τρόπῳ.-

295 2785 350 2820 (64)
368 2785 483 2819 Ἀλλης
497 2793 528 2811 τε
546 2784 670 2819 μακρᾶς.
695 2783 752 2812 Non
770 2784 894 2811 videbam
918 2792 973 2819 quo

260 2819 361 2849 nitivus
374 2821 424 2847 iste
434 2820 586 2854 pertineret.
602 2820 695 2854 Itaque
710 2820 778 2846 verti
792 2819 903 2854 perinde
916 2827 947 2846 ac
962 2820 985 2847 si
999 2819 1040 2847 le-

259 2860 376 2891 geretur,
391 2855 474 2887 ἄλλας
489 2863 516 2881 τε
533 2854 638 2890 μακρὰς
655 2855 804 2889 περιόδους,
821 2858 847 2882 et
860 2854 1037 2891 ἐπιτελουμέ-

1101 2385 1139 2415 είς
1155 2385 1307 2420 ὑπόμνησιν
1322 2386 1418 2422 σχολῆς
1433 2387 1486 2413 τῶν
1500 2386 1580 2422 ἱερῶν
1597 2386 1694 2421 λόγων,
1714 2386 1840 2421 βρωτέων
1856 2394 1886 2412 τε

1100 2431 1147 2457 καὶ
1163 2431 1194 2457 οὐ
1208 2431 1331 2466 βρωτέων
1345 2431 1421 2464 ζώων
1431 2432 1579 2468 διαστολὴν,
1599 2433 1694 2468 ἑορτάς
1709 2441 1740 2459 τε
1751 2431 1886 2468 ἐτησίους,

1100 2476 1147 2503 καί
1158 2485 1233 2508 τινας
1248 2478 1380 2513 σωμάτων
1395 2478 1563 2513 καθαρμοὺς,
1575 2478 1657 2513 ἄλλης
1670 2487 1699 2504 τε
1713 2478 1821 2515 μακρᾶς
1829 2477 1885 2512 (64)

1100 2522 1222 2557 περιόδου
1238 2524 1307 2550 κατά
1325 2533 1384 2550 τινα
1403 2524 1523 2559 σύμϐολα
1544 2523 1677 2560 θειότερον
1706 2523 1884 2558 ἐπιτελουμέ-

1097 2576 1156 2603 νης.
1176 2569 1295 2605 Ἑϐραῖοι
1322 2570 1359 2603 δὲ,
1390 2570 1565 2606 πρεσϐύτεροι
1598 2571 1718 2602 Μωσέως
1745 2571 1885 2606 γενόμενος

1097 2615 1153 2646 τοῖς
1167 2615 1282 2651 χρόνοις,
1295 2616 1385 2652 πάσης
1397 2617 1446 2652 τῆς
1461 2616 1504 2643 διὰ
1517 2617 1638 2648 Μωσέως
1657 2616 1816 2652 νομοθεσίας
1835 2616 1885 2642 ἀν-

1012 2793 1042 2812 e-
1093 2793 1156 2849 ναις,
1176 2793 1225 2821 pro
1242 2785 1469 2822 ἐπιτελουμένης,
1485 2793 1546 2822 quae
1561 2793 1623 2814 vera
1641 2786 1709 2814 mihi
1725 2786 1807 2815 lectio
1824 2787 1882 2814 vita

1012 2827 1040 2847 e-
1092 2828 1122 2848 es

1092 2828 1122 2848 65
