  <div class='ocr_page' id='page_1' title='image "/cluster/home/n/w/nwhite01/storage/ocr_20150623/21/njp.32101077772489/293.png"; bbox 0 0 2063 3211; ppageno 0'>
   <div class='ocr_carea' id='block_1_1' title="bbox 290 143 342 171">
    <p class='ocr_par' dir='ltr' id='par_1_1' title="bbox 290 143 342 171">
     <span class='ocr_line' id='line_1_1' title="bbox 290 143 342 171; baseline -0.019 0"><span class='ocrx_word' id='word_1_1' title='bbox 290 143 342 171; x_wconf 70' lang='grc'><strong>519</strong></span> 
     </span>
    </p>
   </div>
   <div class='ocr_carea' id='block_1_2' title="bbox 598 131 1573 172">
    <p class='ocr_par' dir='ltr' id='par_1_2' title="bbox 598 131 1573 172">
     <span class='ocr_line' id='line_1_2' title="bbox 598 131 1573 172; baseline -0.012 -2"><span class='ocrx_word' id='word_1_2' title='bbox 598 141 736 172; x_wconf 83' lang='lat' dir='ltr'><strong>EUSEBIl</strong></span> <span class='ocrx_word' id='word_1_3' title='bbox 752 136 993 168; x_wconf 72' lang='lat' dir='ltr'><strong>CASSARIENSIS</strong></span> <span class='ocrx_word' id='word_1_4' title='bbox 1012 134 1086 162; x_wconf 79' lang='lat' dir='ltr'><strong>OPP.</strong></span> <span class='ocrx_word' id='word_1_5' title='bbox 1108 132 1197 160; x_wconf 73' lang='lat' dir='ltr'><strong>PARS</strong></span> <span class='ocrx_word' id='word_1_6' title='bbox 1217 131 1248 159; x_wconf 91' lang='lat' dir='ltr'><strong>ll.</strong></span> <span class='ocrx_word' id='word_1_7' title='bbox 1267 147 1302 152; x_wconf 90' lang='lat'><strong>-—</strong></span> <span class='ocrx_word' id='word_1_8' title='bbox 1320 131 1573 159; x_wconf 79' lang='lat' dir='ltr'><strong>APOLOGETICA.</strong></span> 
     </span>
    </p>
   </div>
   <div class='ocr_carea' id='block_1_3' title="bbox 1859 132 1911 159">
    <p class='ocr_par' dir='ltr' id='par_1_3' title="bbox 1859 132 1911 159">
     <span class='ocr_line' id='line_1_3' title="bbox 1859 132 1911 159; baseline -0.019 0"><span class='ocrx_word' id='word_1_9' title='bbox 1859 132 1911 159; x_wconf 71' lang='grc'><strong>520</strong></span> 
     </span>
    </p>
   </div>
   <div class='ocr_carea' id='block_1_4' title="bbox 290 189 1915 234">
    <p class='ocr_par' dir='ltr' id='par_1_4' title="bbox 290 189 1915 234">
     <span class='ocr_line' id='line_1_4' title="bbox 290 189 1915 234; baseline -0.007 -5"><span class='ocrx_word' id='word_1_10' title='bbox 290 206 343 229; x_wconf 85' lang='lat' dir='ltr'><strong>tem</strong></span> <span class='ocrx_word' id='word_1_11' title='bbox 364 201 495 229; x_wconf 87' lang='lat' dir='ltr'><strong>similium</strong></span> <span class='ocrx_word' id='word_1_12' title='bbox 516 201 661 232; x_wconf 87' lang='lat' dir='ltr'><strong>bonorum,</strong></span> <span class='ocrx_word' id='word_1_13' title='bbox 687 198 800 234; x_wconf 84' lang='lat' dir='ltr'><strong>perinde</strong></span> <span class='ocrx_word' id='word_1_14' title='bbox 827 205 860 225; x_wconf 93' lang='lat' dir='ltr'><strong>ac</strong></span> <span class='ocrx_word' id='word_1_15' title='bbox 888 197 912 224; x_wconf 96' lang='lat' dir='ltr'><strong>si</strong></span> <span class='ocrx_word' id='word_1_16' title='bbox 935 194 1052 222; x_wconf 85' lang='lat' dir='ltr'><strong>obtineri</strong></span> <span class='ocrx_word' id='word_1_17' title='bbox 1077 192 1111 220; x_wconf 85' lang='lat' dir='ltr'><strong>ab</strong></span> <span class='ocrx_word' id='word_1_18' title='bbox 1130 193 1164 220; x_wconf 84' lang='lat' dir='ltr'><strong>iis</strong></span> <span class='ocrx_word' id='word_1_19' title='bbox 1191 191 1265 219; x_wconf 86' lang='lat' dir='ltr'><strong>nulla</strong></span> <span class='ocrx_word' id='word_1_20' title='bbox 1287 191 1394 218; x_wconf 91' lang='lat' dir='ltr'><strong>ratione</strong></span> <span class='ocrx_word' id='word_1_21' title='bbox 1419 195 1542 226; x_wconf 85' lang='lat' dir='ltr'><strong>possent.</strong></span> <span class='ocrx_word' id='word_1_22' title='bbox 1568 189 1759 225; x_wconf 72' lang='lat' dir='ltr'><strong>desperatione</strong></span> <span class='ocrx_word' id='word_1_23' title='bbox 1787 191 1866 219; x_wconf 81' lang='lat' dir='ltr'><strong>fracti</strong></span> <span class='ocrx_word' id='word_1_24' title='bbox 1882 199 1915 218; x_wconf 88' lang='lat' dir='ltr'><strong>ac</strong></span> 
     </span>
    </p>
   </div>
   <div class='ocr_carea' id='block_1_5' title="bbox 289 237 1915 282">
    <p class='ocr_par' dir='ltr' id='par_1_5' title="bbox 289 237 1915 282">
     <span class='ocr_line' id='line_1_5' title="bbox 289 237 1915 282; baseline -0.006 -8"><span class='ocrx_word' id='word_1_25' title='bbox 289 247 428 274; x_wconf 75' lang='lat' dir='ltr'><strong>debilitate</strong></span> <span class='ocrx_word' id='word_1_26' title='bbox 443 249 641 282; x_wconf 84' lang='lat' dir='ltr'><strong>torpescerent:</strong></span> <span class='ocrx_word' id='word_1_27' title='bbox 658 245 758 279; x_wconf 85' lang='lat' dir='ltr'><strong>quippe</strong></span> <span class='ocrx_word' id='word_1_28' title='bbox 772 250 833 278; x_wconf 71' lang='lat' dir='ltr'><strong>quae</strong></span> <span class='ocrx_word' id='word_1_29' title='bbox 847 249 898 269; x_wconf 89' lang='lat' dir='ltr'><strong>nec</strong></span> <span class='ocrx_word' id='word_1_30' title='bbox 913 248 996 276; x_wconf 81' lang='lat' dir='ltr'><strong>supra</strong></span> <span class='ocrx_word' id='word_1_31' title='bbox 1016 240 1071 266; x_wconf 90' lang='lat' dir='ltr'><strong>vim</strong></span> <span class='ocrx_word' id='word_1_32' title='bbox 1092 246 1186 266; x_wconf 89' lang='lat' dir='ltr'><strong>eorum</strong></span> <span class='ocrx_word' id='word_1_33' title='bbox 1214 241 1241 264; x_wconf 86' lang='lat' dir='ltr'><strong>et.</strong></span> <span class='ocrx_word' id='word_1_34' title='bbox 1265 237 1422 264; x_wconf 85' lang='lat' dir='ltr'><strong>facultatem</strong></span> <span class='ocrx_word' id='word_1_35' title='bbox 1445 243 1553 263; x_wconf 86' lang='lat' dir='ltr'><strong>omnem</strong></span> <span class='ocrx_word' id='word_1_36' title='bbox 1574 241 1676 270; x_wconf 80' lang='lat' dir='ltr'><strong>essent,</strong></span> <span class='ocrx_word' id='word_1_37' title='bbox 1691 242 1718 264; x_wconf 87' lang='lat' dir='ltr'><strong>et</strong></span> <span class='ocrx_word' id='word_1_38' title='bbox 1741 237 1865 272; x_wconf 85' lang='lat' dir='ltr'><strong>ipsismet</strong></span> <span class='ocrx_word' id='word_1_39' title='bbox 1883 237 1915 264; x_wconf 89' lang='lat' dir='ltr'><strong>il-</strong></span> 
     </span>
    </p>
   </div>
   <div class='ocr_carea' id='block_1_6' title="bbox 289 285 1914 329">
    <p class='ocr_par' dir='ltr' id='par_1_6' title="bbox 289 285 1914 329">
     <span class='ocr_line' id='line_1_6' title="bbox 289 285 1914 329; baseline -0.005 -9"><span class='ocrx_word' id='word_1_40' title='bbox 289 293 379 320; x_wconf 92' lang='lat' dir='ltr'><strong>lorum</strong></span> <span class='ocrx_word' id='word_1_41' title='bbox 406 294 527 329; x_wconf 84' lang='lat' dir='ltr'><strong>patrihus</strong></span> <span class='ocrx_word' id='word_1_42' title='bbox 553 292 667 320; x_wconf 79' lang='lat' dir='ltr'><strong>feliciter</strong></span> <span class='ocrx_word' id='word_1_43' title='bbox 701 291 864 319; x_wconf 83' lang='lat' dir='ltr'><strong>evenissent.</strong></span> <span class='ocrx_word' id='word_1_44' title='bbox 885 288 1007 321; x_wconf 88' lang='lat' dir='ltr'><strong>Quorum</strong></span> <span class='ocrx_word' id='word_1_45' title='bbox 1037 286 1170 322; x_wconf 78' lang='lat' dir='ltr'><strong>imagines</strong></span> <span class='ocrx_word' id='word_1_46' title='bbox 1190 285 1224 313; x_wconf 90' lang='lat' dir='ltr'><strong>iis</strong></span> <span class='ocrx_word' id='word_1_47' title='bbox 1252 289 1406 320; x_wconf 74' lang='lat' dir='ltr'><strong>propterea,</strong></span> <span class='ocrx_word' id='word_1_48' title='bbox 1433 285 1480 320; x_wconf 90' lang='lat' dir='ltr'><strong>qui</strong></span> <span class='ocrx_word' id='word_1_49' title='bbox 1495 285 1595 312; x_wconf 91' lang='lat' dir='ltr'><strong>divinis</strong></span> <span class='ocrx_word' id='word_1_50' title='bbox 1618 285 1749 312; x_wconf 79' lang='lat' dir='ltr'><strong>institutis</strong></span> <span class='ocrx_word' id='word_1_51' title='bbox 1772 285 1914 312; x_wconf 83' lang='lat' dir='ltr'><strong>imbuendi</strong></span> 
     </span>
    </p>
   </div>
   <div class='ocr_carea' id='block_1_7' title="bbox 291 330 1916 374">
    <p class='ocr_par' dir='ltr' id='par_1_7' title="bbox 291 330 1916 374">
     <span class='ocr_line' id='line_1_7' title="bbox 291 330 1916 374; baseline -0.006 -7"><span class='ocrx_word' id='word_1_52' title='bbox 291 344 373 374; x_wconf 85' lang='lat' dir='ltr'><strong>atque</strong></span> <span class='ocrx_word' id='word_1_53' title='bbox 389 338 513 367; x_wconf 89' lang='lat' dir='ltr'><strong>initiandi</strong></span> <span class='ocrx_word' id='word_1_54' title='bbox 536 341 626 364; x_wconf 85' lang='lat' dir='ltr'><strong>essent</strong></span> <span class='ocrx_word' id='word_1_55' title='bbox 646 335 814 371; x_wconf 85' lang='lat' dir='ltr'><strong>objiciendas</strong></span> <span class='ocrx_word' id='word_1_56' title='bbox 839 334 963 370; x_wconf 75' lang='lat' dir='ltr'><strong>putavit;</strong></span> <span class='ocrx_word' id='word_1_57' title='bbox 989 340 1078 367; x_wconf 88' lang='lat' dir='ltr'><strong>eoque</strong></span> <span class='ocrx_word' id='word_1_58' title='bbox 1096 331 1212 359; x_wconf 87' lang='lat' dir='ltr'><strong>consilio</strong></span> <span class='ocrx_word' id='word_1_59' title='bbox 1240 331 1394 366; x_wconf 86' lang='lat' dir='ltr'><strong>priscorum</strong></span> <span class='ocrx_word' id='word_1_60' title='bbox 1433 330 1503 357; x_wconf 81' lang='lat' dir='ltr'><strong>vitas</strong></span> <span class='ocrx_word' id='word_1_61' title='bbox 1530 330 1743 358; x_wconf 84' lang='lat' dir='ltr'><strong>conscribendas</strong></span> <span class='ocrx_word' id='word_1_62' title='bbox 1767 331 1872 366; x_wconf 73' lang='lat' dir='ltr'><strong>selegit,</strong></span> <span class='ocrx_word' id='word_1_63' title='bbox 1887 334 1916 358; x_wconf 85' lang='lat' dir='ltr'><strong>et</strong></span> 
     </span>
    </p>
   </div>
   <div class='ocr_carea' id='block_1_8' title="bbox 289 376 1692 420">
    <p class='ocr_par' dir='ltr' id='par_1_8' title="bbox 289 376 1692 420">
     <span class='ocr_line' id='line_1_8' title="bbox 289 376 1692 420; baseline -0.006 -8"><span class='ocrx_word' id='word_1_64' title='bbox 289 385 368 419; x_wconf 89' lang='lat' dir='ltr'><strong>quasi</strong></span> <span class='ocrx_word' id='word_1_65' title='bbox 384 385 455 420; x_wconf 84' lang='lat' dir='ltr'><strong>picta</strong></span> <span class='ocrx_word' id='word_1_66' title='bbox 474 383 500 410; x_wconf 94' lang='lat' dir='ltr'><strong>in</strong></span> <span class='ocrx_word' id='word_1_67' title='bbox 516 382 605 409; x_wconf 88' lang='lat' dir='ltr'><strong>tabula</strong></span> <span class='ocrx_word' id='word_1_68' title='bbox 620 381 782 416; x_wconf 78' lang='lat' dir='ltr'><strong>singularem</strong></span> <span class='ocrx_word' id='word_1_69' title='bbox 796 388 827 408; x_wconf 83' lang='lat' dir='ltr'><strong>ac</strong></span> <span class='ocrx_word' id='word_1_70' title='bbox 838 379 975 416; x_wconf 86' lang='lat' dir='ltr'><strong>propriam</strong></span> <span class='ocrx_word' id='word_1_71' title='bbox 991 377 1123 413; x_wconf 82' lang='lat' dir='ltr'><strong>cujusque</strong></span> <span class='ocrx_word' id='word_1_72' title='bbox 1133 377 1260 404; x_wconf 74' lang='lat' dir='ltr'><strong>virtutem</strong></span> <span class='ocrx_word' id='word_1_73' title='bbox 1276 376 1334 404; x_wconf 89' lang='lat' dir='ltr'><strong>suis</strong></span> <span class='ocrx_word' id='word_1_74' title='bbox 1355 376 1493 404; x_wconf 87' lang='lat' dir='ltr'><strong>coloribus</strong></span> <span class='ocrx_word' id='word_1_75' title='bbox 1509 376 1692 404; x_wconf 79' lang='lat' dir='ltr'><strong>adumbrarit.</strong></span> 
     </span>
    </p>
   </div>
   <div class='ocr_carea' id='block_1_9' title="bbox 543 424 842 462">
    <p class='ocr_par' dir='ltr' id='par_1_9' title="bbox 543 424 842 462">
     <span class='ocr_line' id='line_1_9' title="bbox 543 424 842 462; baseline 0 -9"><span class='ocrx_word' id='word_1_76' title='bbox 543 427 625 462; x_wconf 72' lang='lat'><strong>303</strong></span> <span class='ocrx_word' id='word_1_77' title='bbox 641 425 755 453; x_wconf 81' lang='lat' dir='ltr'><strong>CAPUT</strong></span> <span class='ocrx_word' id='word_1_78' title='bbox 773 424 842 453; x_wconf 76' lang='lat' dir='ltr'><strong>Vlll.</strong></span> 
     </span>
    </p>
   </div>
   <div class='ocr_carea' id='block_1_10' title="bbox 290 489 1072 526">
    <p class='ocr_par' dir='ltr' id='par_1_10' title="bbox 290 489 1072 526">
     <span class='ocr_line' id='line_1_10' title="bbox 290 489 1072 526; baseline -0.003 -8"><span class='ocrx_word' id='word_1_79' title='bbox 290 491 397 518; x_wconf 78' lang='lat' dir='ltr'><strong>Maturo</strong></span> <span class='ocrx_word' id='word_1_80' title='bbox 415 492 519 525; x_wconf 75' lang='lat' dir='ltr'><strong>Juaicio</strong></span> <span class='ocrx_word' id='word_1_81' title='bbox 534 499 651 526; x_wconf 64' lang='lat' dir='ltr'><strong>almaque</strong></span> <span class='ocrx_word' id='word_1_82' title='bbox 675 491 777 517; x_wconf 82' lang='lat' dir='ltr'><strong>ratione</strong></span> <span class='ocrx_word' id='word_1_83' title='bbox 798 495 946 524; x_wconf 75' lang='lat' dir='ltr'><strong>susceptam</strong></span> <span class='ocrx_word' id='word_1_84' title='bbox 964 499 980 516; x_wconf 88' lang='lat' dir='ltr'><strong>a</strong></span> <span class='ocrx_word' id='word_1_85' title='bbox 999 489 1072 516; x_wconf 76' lang='lat' dir='ltr'><strong>nobis</strong></span> 
     </span>
    </p>
   </div>
   <div class='ocr_carea' id='block_1_11' title="bbox 324 526 1070 561">
    <p class='ocr_par' dir='ltr' id='par_1_11' title="bbox 324 526 1070 561">
     <span class='ocr_line' id='line_1_11' title="bbox 324 526 1070 561; baseline -0.001 -9"><span class='ocrx_word' id='word_1_86' title='bbox 324 535 413 553; x_wconf 84' lang='lat' dir='ltr'><strong>eorum</strong></span> <span class='ocrx_word' id='word_1_87' title='bbox 425 527 564 553; x_wconf 71' lang='lat' dir='ltr'><strong>historiam</strong></span> <span class='ocrx_word' id='word_1_88' title='bbox 579 527 670 561; x_wconf 78' lang='lat' dir='ltr'><strong>fuisse.</strong></span> <span class='ocrx_word' id='word_1_89' title='bbox 693 526 743 552; x_wconf 86' lang='lat' dir='ltr'><strong>llic</strong></span> <span class='ocrx_word' id='word_1_90' title='bbox 764 531 852 552; x_wconf 83' lang='lat' dir='ltr'><strong>autent</strong></span> <span class='ocrx_word' id='word_1_91' title='bbox 870 526 969 561; x_wconf 66' lang='lat' dir='ltr'><strong>cui-sint</strong></span> <span class='ocrx_word' id='word_1_92' title='bbox 980 533 1070 551; x_wconf 83' lang='lat' dir='ltr'><strong>eorum</strong></span> 
     </span>
    </p>
   </div>
   <div class='ocr_carea' id='block_1_12' title="bbox 324 560 1073 596">
    <p class='ocr_par' dir='ltr' id='par_1_12' title="bbox 324 560 1073 596">
     <span class='ocr_line' id='line_1_12' title="bbox 324 560 1073 596; baseline -0.003 -8"><span class='ocrx_word' id='word_1_93' title='bbox 324 562 378 588; x_wconf 79' lang='lat' dir='ltr'><strong>vita</strong></span> <span class='ocrx_word' id='word_1_94' title='bbox 393 562 591 596; x_wconf 75' lang='lat' dir='ltr'><strong>perstringitur,</strong></span> <span class='ocrx_word' id='word_1_95' title='bbox 606 569 669 596; x_wconf 83' lang='lat' dir='ltr'><strong>quos</strong></span> <span class='ocrx_word' id='word_1_96' title='bbox 684 566 745 588; x_wconf 85' lang='lat' dir='ltr'><strong>ante</strong></span> <span class='ocrx_word' id='word_1_97' title='bbox 762 561 889 587; x_wconf 80' lang='lat' dir='ltr'><strong>diluvium</strong></span> <span class='ocrx_word' id='word_1_98' title='bbox 908 569 938 586; x_wconf 80' lang='lat' dir='ltr'><strong>ac</strong></span> <span class='ocrx_word' id='word_1_99' title='bbox 953 560 1073 594; x_wconf 75' lang='lat' dir='ltr'><strong>deinceps</strong></span> 
     </span>
    </p>
   </div>
   <div class='ocr_carea' id='block_1_13' title="bbox 325 596 1074 631">
    <p class='ocr_par' dir='ltr' id='par_1_13' title="bbox 325 596 1074 631">
     <span class='ocr_line' id='line_1_13' title="bbox 325 596 1074 631; baseline -0.003 -8"><span class='ocrx_word' id='word_1_100' title='bbox 325 597 360 623; x_wconf 83' lang='lat' dir='ltr'><strong>ad</strong></span> <span class='ocrx_word' id='word_1_101' title='bbox 378 596 477 623; x_wconf 75' lang='lat' dir='ltr'><strong>Mosem</strong></span> <span class='ocrx_word' id='word_1_102' title='bbox 501 605 599 631; x_wconf 82' lang='lat' dir='ltr'><strong>usque,</strong></span> <span class='ocrx_word' id='word_1_103' title='bbox 620 597 691 623; x_wconf 83' lang='lat' dir='ltr'><strong>Deus</strong></span> <span class='ocrx_word' id='word_1_104' title='bbox 727 596 858 631; x_wconf 60' lang='lat' dir='ltr'><strong>praecipuo</strong></span> <span class='ocrx_word' id='word_1_105' title='bbox 885 603 973 622; x_wconf 82' lang='lat' dir='ltr'><strong>amore</strong></span> <span class='ocrx_word' id='word_1_106' title='bbox 1003 603 1074 622; x_wconf 85' lang='lat' dir='ltr'><strong>cont-</strong></span> 
     </span>
    </p>
   </div>
   <div class='ocr_carea' id='block_1_14' title="bbox 324 631 479 666">
    <p class='ocr_par' dir='ltr' id='par_1_14' title="bbox 324 631 479 666">
     <span class='ocr_line' id='line_1_14' title="bbox 324 631 479 666; baseline 0.006 -8"><span class='ocrx_word' id='word_1_107' title='bbox 324 631 415 666; x_wconf 66' lang='lat' dir='ltr'><strong>plexus</strong></span> <span class='ocrx_word' id='word_1_108' title='bbox 430 637 479 660; x_wconf 78' lang='lat' dir='ltr'><strong>est.</strong></span> 
     </span>
    </p>
   </div>
   <div class='ocr_carea' id='block_1_15' title="bbox 324 685 1074 725">
    <p class='ocr_par' dir='ltr' id='par_1_15' title="bbox 324 685 1074 725">
     <span class='ocr_line' id='line_1_15' title="bbox 324 685 1074 725; baseline -0.007 -8"><span class='ocrx_word' id='word_1_109' title='bbox 324 690 418 725; x_wconf 77' lang='lat' dir='ltr'><strong>Neque</strong></span> <span class='ocrx_word' id='word_1_110' title='bbox 432 697 496 717; x_wconf 89' lang='lat' dir='ltr'><strong>vero</strong></span> <span class='ocrx_word' id='word_1_111' title='bbox 512 689 560 716; x_wconf 90' lang='lat' dir='ltr'><strong>abs</strong></span> <span class='ocrx_word' id='word_1_112' title='bbox 577 696 606 715; x_wconf 87' lang='lat' dir='ltr'><strong>re</strong></span> <span class='ocrx_word' id='word_1_113' title='bbox 629 687 711 714; x_wconf 77' lang='lat' dir='ltr'><strong>fuerit</strong></span> <span class='ocrx_word' id='word_1_114' title='bbox 726 694 820 714; x_wconf 88' lang='lat' dir='ltr'><strong>eorum</strong></span> <span class='ocrx_word' id='word_1_115' title='bbox 843 687 986 714; x_wconf 87' lang='lat' dir='ltr'><strong>historiam</strong></span> <span class='ocrx_word' id='word_1_116' title='bbox 1011 685 1074 713; x_wconf 90' lang='lat' dir='ltr'><strong>bre-</strong></span> 
     </span>
    </p>
   </div>
   <div class='ocr_carea' id='block_1_16' title="bbox 289 731 1077 770">
    <p class='ocr_par' dir='ltr' id='par_1_16' title="bbox 289 731 1077 770">
     <span class='ocr_line' id='line_1_16' title="bbox 289 731 1077 770; baseline -0.01 -4"><span class='ocrx_word' id='word_1_117' title='bbox 289 739 361 766; x_wconf 83' lang='lat' dir='ltr'><strong>viter</strong></span> <span class='ocrx_word' id='word_1_118' title='bbox 373 738 433 770; x_wconf 61' lang='lat' dir='ltr'><strong>{hoc</strong></span> <span class='ocrx_word' id='word_1_119' title='bbox 452 737 513 763; x_wconf 89' lang='lat' dir='ltr'><strong>loco</strong></span> <span class='ocrx_word' id='word_1_120' title='bbox 527 741 698 770; x_wconf 79' lang='lat' dir='ltr'><strong>percurrere.</strong></span> <span class='ocrx_word' id='word_1_121' title='bbox 721 733 842 760; x_wconf 88' lang='lat' dir='ltr'><strong>Primum</strong></span> <span class='ocrx_word' id='word_1_122' title='bbox 865 733 947 767; x_wconf 79' lang='lat' dir='ltr'><strong>igitur</strong></span> <span class='ocrx_word' id='word_1_123' title='bbox 961 736 1024 759; x_wconf 89' lang='lat' dir='ltr'><strong>ante</strong></span> <span class='ocrx_word' id='word_1_124' title='bbox 1038 731 1077 759; x_wconf 88' lang='lat' dir='ltr'><strong>di-</strong></span> 
     </span>
    </p>
   </div>
   <div class='ocr_carea' id='block_1_17' title="bbox 290 777 1075 818">
    <p class='ocr_par' dir='ltr' id='par_1_17' title="bbox 290 777 1075 818">
     <span class='ocr_line' id='line_1_17' title="bbox 290 777 1075 818; baseline -0.01 -6"><span class='ocrx_word' id='word_1_125' title='bbox 290 785 395 813; x_wconf 88' lang='lat' dir='ltr'><strong>luvium</strong></span> <span class='ocrx_word' id='word_1_126' title='bbox 423 780 654 818; x_wconf 84' lang='lat' dir='ltr'><strong>quemadmodum</strong></span> <span class='ocrx_word' id='word_1_127' title='bbox 683 787 717 807; x_wconf 75' lang='lat' dir='ltr'><strong>ex</strong></span> <span class='ocrx_word' id='word_1_128' title='bbox 737 778 821 806; x_wconf 73' lang='lat' dir='ltr'><strong>Hosis</strong></span> <span class='ocrx_word' id='word_1_129' title='bbox 845 778 966 813; x_wconf 88' lang='lat' dir='ltr'><strong>ejusdem</strong></span> <span class='ocrx_word' id='word_1_130' title='bbox 983 777 1075 805; x_wconf 90' lang='lat' dir='ltr'><strong>moni-</strong></span> 
     </span>
    </p>
   </div>
   <div class='ocr_carea' id='block_1_18' title="bbox 291 823 1074 861">
    <p class='ocr_par' dir='ltr' id='par_1_18' title="bbox 291 823 1074 861">
     <span class='ocr_line' id='line_1_18' title="bbox 291 823 1074 861; baseline -0.011 -4"><span class='ocrx_word' id='word_1_131' title='bbox 291 831 391 857; x_wconf 83' lang='lat' dir='ltr'><strong>mentis</strong></span> <span class='ocrx_word' id='word_1_132' title='bbox 418 827 597 861; x_wconf 74' lang='lat' dir='ltr'><strong>intelligimus</strong></span> <span class='ocrx_word' id='word_1_133' title='bbox 625 825 687 860; x_wconf 86' lang='lat' dir='ltr'><strong>(nec</strong></span> <span class='ocrx_word' id='word_1_134' title='bbox 713 823 787 851; x_wconf 92' lang='lat' dir='ltr'><strong>enim</strong></span> <span class='ocrx_word' id='word_1_135' title='bbox 814 823 933 856; x_wconf 91' lang='lat' dir='ltr'><strong>aliunde,</strong></span> <span class='ocrx_word' id='word_1_136' title='bbox 965 823 1074 857; x_wconf 83' lang='lat' dir='ltr'><strong>opinor,</strong></span> 
     </span>
    </p>
   </div>
   <div class='ocr_carea' id='block_1_19' title="bbox 292 867 1077 911">
    <p class='ocr_par' dir='ltr' id='par_1_19' title="bbox 292 867 1077 911">
     <span class='ocr_line' id='line_1_19' title="bbox 292 867 1077 911; baseline -0.01 -8"><span class='ocrx_word' id='word_1_137' title='bbox 292 883 373 911; x_wconf 85' lang='lat' dir='ltr'><strong>quam</strong></span> <span class='ocrx_word' id='word_1_138' title='bbox 390 882 421 901; x_wconf 87' lang='lat' dir='ltr'><strong>ex</strong></span> <span class='ocrx_word' id='word_1_139' title='bbox 438 872 557 908; x_wconf 86' lang='lat' dir='ltr'><strong>propriis</strong></span> <span class='ocrx_word' id='word_1_140' title='bbox 583 878 678 898; x_wconf 87' lang='lat' dir='ltr'><strong>eorum</strong></span> <span class='ocrx_word' id='word_1_141' title='bbox 693 877 803 905; x_wconf 89' lang='lat' dir='ltr'><strong>quoque</strong></span> <span class='ocrx_word' id='word_1_142' title='bbox 818 868 941 896; x_wconf 80' lang='lat' dir='ltr'><strong>fontibus</strong></span> <span class='ocrx_word' id='word_1_143' title='bbox 964 876 1008 896; x_wconf 91' lang='lat' dir='ltr'><strong>res</strong></span> <span class='ocrx_word' id='word_1_144' title='bbox 1024 867 1077 895; x_wconf 89' lang='lat' dir='ltr'><strong>He-</strong></span> 
     </span>
    </p>
   </div>
   <div class='ocr_carea' id='block_1_20' title="bbox 293 914 1077 950">
    <p class='ocr_par' dir='ltr' id='par_1_20' title="bbox 293 914 1077 950">
     <span class='ocr_line' id='line_1_20' title="bbox 293 914 1077 950; baseline -0.008 -2"><span class='ocrx_word' id='word_1_145' title='bbox 293 922 427 948; x_wconf 72' lang='lat' dir='ltr'><strong>braeorum</strong></span> <span class='ocrx_word' id='word_1_146' title='bbox 454 917 610 946; x_wconf 66' lang='lat' dir='ltr'><strong>haurienda:</strong></span> <span class='ocrx_word' id='word_1_147' title='bbox 638 922 711 948; x_wconf 78' lang='lat' dir='ltr'><strong>Sunt,</strong></span> <span class='ocrx_word' id='word_1_148' title='bbox 741 923 803 943; x_wconf 89' lang='lat' dir='ltr'><strong>cum</strong></span> <span class='ocrx_word' id='word_1_149' title='bbox 840 914 1014 950; x_wconf 65' lang='lat' dir='ltr'><strong>[Egyptiacas</strong></span> <span class='ocrx_word' id='word_1_150' title='bbox 1043 915 1077 942; x_wconf 87' lang='lat' dir='ltr'><strong>ab</strong></span> 
     </span>
    </p>
   </div>
   <div class='ocr_carea' id='block_1_21' title="bbox 293 960 1075 1003">
    <p class='ocr_par' dir='ltr' id='par_1_21' title="bbox 293 960 1075 1003">
     <span class='ocr_line' id='line_1_21' title="bbox 293 960 1075 1003; baseline -0.01 -8"><span class='ocrx_word' id='word_1_151' title='bbox 293 966 440 1003; x_wconf 67' lang='lat' dir='ltr'><strong>Egyptiis,</strong></span> <span class='ocrx_word' id='word_1_152' title='bbox 461 969 488 992; x_wconf 91' lang='lat' dir='ltr'><strong>et</strong></span> <span class='ocrx_word' id='word_1_153' title='bbox 503 972 517 991; x_wconf 91' lang='lat' dir='ltr'><strong>a</strong></span> <span class='ocrx_word' id='word_1_154' title='bbox 542 962 719 990; x_wconf 71' lang='lat' dir='ltr'><strong>Phoenicibus</strong></span> <span class='ocrx_word' id='word_1_155' title='bbox 736 960 891 989; x_wconf 73' lang='lat' dir='ltr'><strong>Phoenicias</strong></span> <span class='ocrx_word' id='word_1_156' title='bbox 907 961 1075 995; x_wconf 79' lang='lat' dir='ltr'><strong>petierimus,</strong></span> 
     </span>
    </p>
   </div>
   <div class='ocr_carea' id='block_1_22' title="bbox 292 1005 1078 1046">
    <p class='ocr_par' dir='ltr' id='par_1_22' title="bbox 292 1005 1078 1046">
     <span class='ocr_line' id='line_1_22' title="bbox 292 1005 1078 1046; baseline -0.011 -5"><span class='ocrx_word' id='word_1_157' title='bbox 292 1013 454 1046; x_wconf 61' lang='lat' dir='ltr'><strong>Graecosque</strong></span> <span class='ocrx_word' id='word_1_158' title='bbox 469 1009 594 1037; x_wconf 87' lang='lat' dir='ltr'><strong>similiter</strong></span> <span class='ocrx_word' id='word_1_159' title='bbox 615 1009 649 1034; x_wconf 89' lang='lat' dir='ltr'><strong>ab</strong></span> <span class='ocrx_word' id='word_1_160' title='bbox 669 1007 702 1034; x_wconf 91' lang='lat' dir='ltr'><strong>iis</strong></span> <span class='ocrx_word' id='word_1_161' title='bbox 723 1006 768 1041; x_wconf 85' lang='lat' dir='ltr'><strong>qui</strong></span> <span class='ocrx_word' id='word_1_162' title='bbox 786 1006 905 1033; x_wconf 87' lang='lat' dir='ltr'><strong>nominis</strong></span> <span class='ocrx_word' id='word_1_163' title='bbox 920 1006 990 1040; x_wconf 87' lang='lat' dir='ltr'><strong>apud</strong></span> <span class='ocrx_word' id='word_1_164' title='bbox 1004 1005 1078 1033; x_wconf 62' lang='lat' dir='ltr'><strong>Grae-</strong></span> 
     </span>
    </p>
   </div>
   <div class='ocr_carea' id='block_1_23' title="bbox 293 1051 1076 1086">
    <p class='ocr_par' dir='ltr' id='par_1_23' title="bbox 293 1051 1076 1086">
     <span class='ocr_line' id='line_1_23' title="bbox 293 1051 1076 1086; baseline -0.011 0"><span class='ocrx_word' id='word_1_165' title='bbox 293 1065 341 1086; x_wconf 90' lang='lat' dir='ltr'><strong>cos</strong></span> <span class='ocrx_word' id='word_1_166' title='bbox 355 1056 511 1085; x_wconf 82' lang='lat' dir='ltr'><strong>celebritate</strong></span> <span class='ocrx_word' id='word_1_167' title='bbox 536 1054 697 1085; x_wconf 83' lang='lat' dir='ltr'><strong>ﬂoruerunt,</strong></span> <span class='ocrx_word' id='word_1_168' title='bbox 719 1052 842 1086; x_wconf 88' lang='lat' dir='ltr'><strong>adeoque</strong></span> <span class='ocrx_word' id='word_1_169' title='bbox 857 1059 872 1078; x_wconf 89' lang='lat' dir='ltr'><strong>a</strong></span> <span class='ocrx_word' id='word_1_170' title='bbox 893 1051 1076 1086; x_wconf 85' lang='lat' dir='ltr'><strong>philosophis,</strong></span> 
     </span>
    </p>
   </div>
   <div class='ocr_carea' id='block_1_24' title="bbox 1393 420 1650 448">
    <p class='ocr_par' dir='ltr' id='par_1_24' title="bbox 1393 420 1650 448">
     <span class='ocr_line' id='line_1_24' title="bbox 1393 420 1650 448; baseline 0.004 -1"><span class='ocrx_word' id='word_1_171' title='bbox 1393 422 1590 448; x_wconf 82' lang='grc' dir='ltr'><strong>ΚΕΦΛΛΑΙΟΝ</strong></span> <span class='ocrx_word' id='word_1_172' title='bbox 1608 420 1650 448; x_wconf 84' lang='grc' dir='ltr'><strong>Η¹.</strong></span> 
     </span>
    </p>
   </div>
   <div class='ocr_carea' id='block_1_25' title="bbox 1129 466 1914 504">
    <p class='ocr_par' dir='ltr' id='par_1_25' title="bbox 1129 466 1914 504">
     <span class='ocr_line' id='line_1_25' title="bbox 1129 466 1914 504; baseline 0.004 -10"><span class='ocrx_word' id='word_1_173' title='bbox 1129 467 1177 500; x_wconf 84' lang='grc' dir='ltr'>Ὡς</span> <span class='ocrx_word' id='word_1_174' title='bbox 1184 467 1306 504; x_wconf 51' lang='grc' dir='ltr'><strong>εὐβότῳ</strong></span> <span class='ocrx_word' id='word_1_175' title='bbox 1322 467 1417 504; x_wconf 73' lang='grc' dir='ltr'>χρίσει</span> <span class='ocrx_word' id='word_1_176' title='bbox 1429 467 1477 493; x_wconf 79' lang='grc' dir='ltr'>καὶ</span> <span class='ocrx_word' id='word_1_177' title='bbox 1488 466 1619 504; x_wconf 56' lang='grc' dir='ltr'>σῴφρονι</span> <span class='ocrx_word' id='word_1_178' title='bbox 1632 468 1765 502; x_wconf 74' lang='grc' dir='ltr'>λογισμῷ</span> <span class='ocrx_word' id='word_1_179' title='bbox 1781 468 1838 502; x_wconf 77' lang='grc' dir='ltr'><strong>τὴν</strong></span> <span class='ocrx_word' id='word_1_180' title='bbox 1847 470 1914 504; x_wconf 76' lang='grc' dir='ltr'>περὶ</span> 
     </span>
    </p>
   </div>
   <div class='ocr_carea' id='block_1_26' title="bbox 1159 502 1912 539">
    <p class='ocr_par' dir='ltr' id='par_1_26' title="bbox 1159 502 1912 539">
     <span class='ocr_line' id='line_1_26' title="bbox 1159 502 1912 539; baseline 0.004 -11"><span class='ocrx_word' id='word_1_181' title='bbox 1159 502 1252 539; x_wconf 71' lang='grc' dir='ltr'>τῷνδε</span> <span class='ocrx_word' id='word_1_182' title='bbox 1271 503 1418 539; x_wconf 50' lang='grc' dir='ltr'><strong>Ιοζτορζαν-</strong></span> <span class='ocrx_word' id='word_1_183' title='bbox 1435 502 1665 539; x_wconf 65' lang='grc' dir='ltr'>παρεδεξίὶμεθαξ</span> <span class='ocrx_word' id='word_1_184' title='bbox 1695 504 1743 529; x_wconf 75' lang='grc' dir='ltr'>κα)</span> <span class='ocrx_word' id='word_1_185' title='bbox 1764 502 1912 539; x_wconf 25' lang='grc' dir='ltr'>λέπιδρορὴ</span> 
     </span>
    </p>
   </div>
   <div class='ocr_carea' id='block_1_27' title="bbox 1159 537 1914 574">
    <p class='ocr_par' dir='ltr' id='par_1_27' title="bbox 1159 537 1914 574">
     <span class='ocr_line' id='line_1_27' title="bbox 1159 537 1914 574; baseline 0.004 -10"><span class='ocrx_word' id='word_1_186' title='bbox 1159 537 1218 574; x_wconf 63' lang='grc' dir='ltr'><strong>τῶν</strong></span> <span class='ocrx_word' id='word_1_187' title='bbox 1233 537 1307 564; x_wconf 83' lang='grc' dir='ltr'>κατὰ</span> <span class='ocrx_word' id='word_1_188' title='bbox 1319 537 1389 570; x_wconf 82' lang='grc' dir='ltr'>τοὺς</span> <span class='ocrx_word' id='word_1_189' title='bbox 1405 537 1611 574; x_wconf 52' lang='grc' dir='ltr'>δηλουμένους</span> <span class='ocrx_word' id='word_1_190' title='bbox 1629 538 1716 574; x_wconf 54' lang='grc' dir='ltr'>βίων,</span> <span class='ocrx_word' id='word_1_191' title='bbox 1738 537 1798 574; x_wconf 57' lang='grc' dir='ltr'><strong>τῶν</strong></span> <span class='ocrx_word' id='word_1_192' title='bbox 1811 537 1843 566; x_wconf 76' lang='grc' dir='ltr'><strong>τε·</strong></span> <span class='ocrx_word' id='word_1_193' title='bbox 1857 537 1914 574; x_wconf 60' lang='grc' dir='ltr'><strong>ήρὸ</strong></span> 
     </span>
    </p>
   </div>
   <div class='ocr_carea' id='block_1_28' title="bbox 1159 572 1916 607">
    <p class='ocr_par' dir='ltr' id='par_1_28' title="bbox 1159 572 1916 607">
     <span class='ocr_line' id='line_1_28' title="bbox 1159 572 1916 607; baseline 0.004 -8"><span class='ocrx_word' id='word_1_194' title='bbox 1159 572 1213 599; x_wconf 79' lang='grc' dir='ltr'><strong>τοῦ</strong></span> <span class='ocrx_word' id='word_1_195' title='bbox 1241 572 1456 606; x_wconf 73' lang='grc' dir='ltr'><strong>κατακλυσμοῦ</strong></span> <span class='ocrx_word' id='word_1_196' title='bbox 1485 572 1632 606; x_wconf 60' lang='grc' dir='ltr'>θεοφιλῶν</span> <span class='ocrx_word' id='word_1_197' title='bbox 1654 572 1772 607; x_wconf 81' lang='grc' dir='ltr'>ἀνδρῶν</span> <span class='ocrx_word' id='word_1_198' title='bbox 1787 574 1836 600; x_wconf 75' lang='grc' dir='ltr'>καὶ</span> <span class='ocrx_word' id='word_1_199' title='bbox 1855 572 1916 602; x_wconf 78' lang='grc' dir='ltr'>τῶν</span> 
     </span>
    </p>
   </div>
   <div class='ocr_carea' id='block_1_29' title="bbox 1158 607 1916 650">
    <p class='ocr_par' dir='ltr' id='par_1_29' title="bbox 1158 607 1916 650">
     <span class='ocr_line' id='line_1_29' title="bbox 1158 607 1916 650; baseline 0.004 -17"><span class='ocrx_word' id='word_1_200' title='bbox 1158 608 1234 650; x_wconf 46' lang='lat' dir='ltr'><strong>peni</strong></span> <span class='ocrx_word' id='word_1_201' title='bbox 1258 607 1350 634; x_wconf 83' lang='grc' dir='ltr'>ταῦτα</span> <span class='ocrx_word' id='word_1_202' title='bbox 1372 607 1462 642; x_wconf 78' lang='grc' dir='ltr'>μέχρι</span> <span class='ocrx_word' id='word_1_203' title='bbox 1480 607 1535 642; x_wconf 84' lang='grc' dir='ltr'><strong>τῆς</strong></span> <span class='ocrx_word' id='word_1_204' title='bbox 1554 608 1684 641; x_wconf 85' lang='grc' dir='ltr'><em>Μωσέως</em></span> <span class='ocrx_word' id='word_1_205' title='bbox 1707 608 1811 643; x_wconf 76' lang='grc' dir='ltr'>γενεᾶς</span> <span class='ocrx_word' id='word_1_206' title='bbox 1834 609 1916 644; x_wconf 80' lang='grc' dir='ltr'>διαρ-</span> 
     </span>
    </p>
   </div>
   <div class='ocr_carea' id='block_1_30' title="bbox 1160 651 1323 669">
    <p class='ocr_par' dir='ltr' id='par_1_30' title="bbox 1160 651 1323 669">
     <span class='ocr_line' id='line_1_30' title="bbox 1160 651 1323 669; baseline 0 0"><span class='ocrx_word' id='word_1_207' title='bbox 1160 651 1323 669; x_wconf 67' lang='grc' dir='ltr'>κεσαντων.</span> 
     </span>
    </p>
   </div>
   <div class='ocr_carea' id='block_1_31' title="bbox 1160 687 1916 726">
    <p class='ocr_par' dir='ltr' id='par_1_31' title="bbox 1160 687 1916 726">
     <span class='ocr_line' id='line_1_31' title="bbox 1160 687 1916 726; baseline 0.001 -12"><span class='ocrx_word' id='word_1_208' title='bbox 1160 689 1214 714; x_wconf 74' lang='grc' dir='ltr'>Καὶ</span> <span class='ocrx_word' id='word_1_209' title='bbox 1227 687 1328 714; x_wconf 82' lang='grc' dir='ltr'>τούτων</span> <span class='ocrx_word' id='word_1_210' title='bbox 1338 687 1366 714; x_wconf 82' lang='grc' dir='ltr'>δὲ</span> <span class='ocrx_word' id='word_1_211' title='bbox 1380 687 1456 714; x_wconf 79' lang='grc' dir='ltr'>οὐδὲν</span> <span class='ocrx_word' id='word_1_212' title='bbox 1467 687 1591 723; x_wconf 80' lang='grc' dir='ltr'>ἐμποδὼν</span> <span class='ocrx_word' id='word_1_213' title='bbox 1610 689 1646 724; x_wconf 82' lang='grc' dir='ltr'>μὴ</span> <span class='ocrx_word' id='word_1_214' title='bbox 1662 689 1722 724; x_wconf 71' lang='grc' dir='ltr'>οὐχὶ</span> <span class='ocrx_word' id='word_1_215' title='bbox 1731 690 1775 716; x_wconf 79' lang='grc' dir='ltr'><strong>διὰ</strong></span> <span class='ocrx_word' id='word_1_216' title='bbox 1793 689 1916 726; x_wconf 79' lang='grc' dir='ltr'>βραχέων</span> 
     </span>
    </p>
   </div>
   <div class='ocr_carea' id='block_1_32' title="bbox 1125 734 1916 770">
    <p class='ocr_par' dir='ltr' id='par_1_32' title="bbox 1125 734 1916 770">
     <span class='ocr_line' id='line_1_32' title="bbox 1125 734 1916 770; baseline 0.005 -10"><span class='ocrx_word' id='word_1_217' title='bbox 1125 735 1285 770; x_wconf 74' lang='grc' dir='ltr'><strong>ἐπιδραμεῖν</strong></span> <span class='ocrx_word' id='word_1_218' title='bbox 1312 734 1360 769; x_wconf 81' lang='grc' dir='ltr'><strong>τὴν</strong></span> <span class='ocrx_word' id='word_1_219' title='bbox 1385 734 1514 769; x_wconf 80' lang='grc' dir='ltr'>ἱστορίαν.</span> <span class='ocrx_word' id='word_1_220' title='bbox 1543 734 1600 770; x_wconf 80' lang='grc' dir='ltr'><strong>Πρὸ</strong></span> <span class='ocrx_word' id='word_1_221' title='bbox 1622 735 1671 770; x_wconf 81' lang='grc' dir='ltr'><strong>μὲν</strong></span> <span class='ocrx_word' id='word_1_222' title='bbox 1688 734 1734 762; x_wconf 79' lang='grc' dir='ltr'>οὖν</span> <span class='ocrx_word' id='word_1_223' title='bbox 1755 735 1802 762; x_wconf 83' lang='grc' dir='ltr'>τοῦ</span> <span class='ocrx_word' id='word_1_224' title='bbox 1827 745 1916 764; x_wconf 80' lang='grc' dir='ltr'>κατα-</span> 
     </span>
    </p>
   </div>
   <div class='ocr_carea' id='block_1_33' title="bbox 1125 778 1914 817">
    <p class='ocr_par' dir='ltr' id='par_1_33' title="bbox 1125 778 1914 817">
     <span class='ocr_line' id='line_1_33' title="bbox 1125 778 1914 817; baseline 0.001 -11"><span class='ocrx_word' id='word_1_225' title='bbox 1125 779 1258 815; x_wconf 81' lang='grc' dir='ltr'>κλυσμοῦ,</span> <span class='ocrx_word' id='word_1_226' title='bbox 1274 778 1369 814; x_wconf 81' lang='grc' dir='ltr'>ὥσπερ</span> <span class='ocrx_word' id='word_1_227' title='bbox 1384 780 1400 814; x_wconf 84' lang='grc' dir='ltr'>ἡ</span> <span class='ocrx_word' id='word_1_228' title='bbox 1418 778 1501 805; x_wconf 82' lang='grc' dir='ltr'>αὐτοῦ</span> <span class='ocrx_word' id='word_1_229' title='bbox 1518 780 1639 811; x_wconf 82' lang='grc' dir='ltr'><strong>Μωσέως</strong></span> <span class='ocrx_word' id='word_1_230' title='bbox 1664 780 1785 816; x_wconf 83' lang='grc' dir='ltr'><strong>περιέχει</strong></span> <span class='ocrx_word' id='word_1_231' title='bbox 1809 783 1914 817; x_wconf 78' lang='grc' dir='ltr'>γραφή·</span> 
     </span>
    </p>
   </div>
   <div class='ocr_carea' id='block_1_34' title="bbox 1125 823 1917 861">
    <p class='ocr_par' dir='ltr' id='par_1_34' title="bbox 1125 823 1917 861">
     <span class='ocr_line' id='line_1_34' title="bbox 1125 823 1917 861; baseline 0.004 -9"><span class='ocrx_word' id='word_1_232' title='bbox 1125 826 1166 853; x_wconf 84' lang='grc' dir='ltr'><strong>δεῖ</strong></span> <span class='ocrx_word' id='word_1_233' title='bbox 1184 826 1211 852; x_wconf 77' lang='grc' dir='ltr'>δέ</span> <span class='ocrx_word' id='word_1_234' title='bbox 1227 835 1288 858; x_wconf 79' lang='grc' dir='ltr'>που,</span> <span class='ocrx_word' id='word_1_235' title='bbox 1306 826 1344 857; x_wconf 84' lang='grc' dir='ltr'>ὡς</span> <span class='ocrx_word' id='word_1_236' title='bbox 1368 823 1454 860; x_wconf 81' lang='grc' dir='ltr'>οἶμαι,</span> <span class='ocrx_word' id='word_1_237' title='bbox 1473 825 1509 860; x_wconf 87' lang='grc' dir='ltr'>μὴ</span> <span class='ocrx_word' id='word_1_238' title='bbox 1524 825 1632 852; x_wconf 78' lang='grc' dir='ltr'>ἄλλοθεν</span> <span class='ocrx_word' id='word_1_239' title='bbox 1645 826 1661 861; x_wconf 80' lang='grc' dir='ltr'>ἢ</span> <span class='ocrx_word' id='word_1_240' title='bbox 1673 826 1754 854; x_wconf 80' lang='grc' dir='ltr'>πάλιν</span> <span class='ocrx_word' id='word_1_241' title='bbox 1766 828 1870 855; x_wconf 77' lang='grc' dir='ltr'>οἴκοθεν</span> <span class='ocrx_word' id='word_1_242' title='bbox 1881 829 1917 855; x_wconf 80' lang='grc' dir='ltr'>τὰ</span> 
     </span>
    </p>
   </div>
   <div class='ocr_carea' id='block_1_35' title="bbox 1131 871 1916 908">
    <p class='ocr_par' dir='ltr' id='par_1_35' title="bbox 1131 871 1916 908">
     <span class='ocr_line' id='line_1_35' title="bbox 1131 871 1916 908; baseline 0.003 -10"><span class='ocrx_word' id='word_1_243' title='bbox 1131 872 1264 908; x_wconf 78' lang='grc' dir='ltr'>Ἐϐραίων</span> <span class='ocrx_word' id='word_1_244' title='bbox 1282 872 1385 907; x_wconf 84' lang='grc' dir='ltr'>πάτρια</span> <span class='ocrx_word' id='word_1_245' title='bbox 1397 871 1589 907; x_wconf 77' lang='grc' dir='ltr'>διασκοπῆσαι,</span> <span class='ocrx_word' id='word_1_246' title='bbox 1604 872 1664 898; x_wconf 71' lang='grc' dir='ltr'>ἐπεὶ</span> <span class='ocrx_word' id='word_1_247' title='bbox 1676 873 1722 899; x_wconf 73' lang='grc' dir='ltr'><strong>καὶ</strong></span> <span class='ocrx_word' id='word_1_248' title='bbox 1734 873 1769 899; x_wconf 82' lang='grc' dir='ltr'><strong>τὰ</strong></span> <span class='ocrx_word' id='word_1_249' title='bbox 1778 873 1916 908; x_wconf 68' lang='grc' dir='ltr'>Αἰγύπτια.</span> 
     </span>
    </p>
   </div>
   <div class='ocr_carea' id='block_1_36' title="bbox 1127 917 1917 954">
    <p class='ocr_par' dir='ltr' id='par_1_36' title="bbox 1127 917 1917 954">
     <span class='ocr_line' id='line_1_36' title="bbox 1127 917 1917 954; baseline 0 -8"><span class='ocrx_word' id='word_1_250' title='bbox 1127 919 1192 954; x_wconf 84' lang='grc' dir='ltr'>παρ’</span> <span class='ocrx_word' id='word_1_251' title='bbox 1207 918 1373 952; x_wconf 75' lang='grc' dir='ltr'><strong>Αἰγυπτίων,</strong></span> <span class='ocrx_word' id='word_1_252' title='bbox 1387 918 1434 944; x_wconf 79' lang='grc' dir='ltr'>καὶ</span> <span class='ocrx_word' id='word_1_253' title='bbox 1450 918 1483 944; x_wconf 82' lang='grc' dir='ltr'><strong>τὰ</strong></span> <span class='ocrx_word' id='word_1_254' title='bbox 1497 917 1627 944; x_wconf 77' lang='grc' dir='ltr'>Φοινίκων</span> <span class='ocrx_word' id='word_1_255' title='bbox 1647 918 1723 953; x_wconf 81' lang='grc' dir='ltr'>παρᾶ</span> <span class='ocrx_word' id='word_1_256' title='bbox 1738 918 1792 945; x_wconf 77' lang='grc' dir='ltr'>τῶν</span> <span class='ocrx_word' id='word_1_257' title='bbox 1809 920 1917 946; x_wconf 73' lang='grc' dir='ltr'>οἰκείων</span> 
     </span>
    </p>
   </div>
   <div class='ocr_carea' id='block_1_37' title="bbox 1127 962 1917 1000">
    <p class='ocr_par' dir='ltr' id='par_1_37' title="bbox 1127 962 1917 1000">
     <span class='ocr_line' id='line_1_37' title="bbox 1127 962 1917 1000; baseline 0.001 -9"><span class='ocrx_word' id='word_1_258' title='bbox 1127 964 1324 1000; x_wconf 83' lang='grc' dir='ltr'>ὲμανθάνομεν,</span> <span class='ocrx_word' id='word_1_259' title='bbox 1334 964 1371 996; x_wconf 88' lang='grc' dir='ltr'><strong>ὡς</strong></span> <span class='ocrx_word' id='word_1_260' title='bbox 1387 962 1418 990; x_wconf 79' lang='grc' dir='ltr'>αὖ</span> <span class='ocrx_word' id='word_1_261' title='bbox 1434 964 1514 991; x_wconf 80' lang='grc' dir='ltr'>πάλιν</span> <span class='ocrx_word' id='word_1_262' title='bbox 1528 964 1562 991; x_wconf 79' lang='grc' dir='ltr'>τὰ</span> <span class='ocrx_word' id='word_1_263' title='bbox 1584 964 1716 999; x_wconf 81' lang='grc' dir='ltr'>Ἑλλήνων</span> <span class='ocrx_word' id='word_1_264' title='bbox 1728 965 1802 1000; x_wconf 79' lang='grc' dir='ltr'>παρὰ</span> <span class='ocrx_word' id='word_1_265' title='bbox 1821 965 1875 992; x_wconf 88' lang='grc' dir='ltr'>τῶν</span> <span class='ocrx_word' id='word_1_266' title='bbox 1887 965 1917 992; x_wconf 80' lang='grc' dir='ltr'>ἐν</span> 
     </span>
    </p>
   </div>
   <div class='ocr_carea' id='block_1_38' title="bbox 1126 1009 1919 1045">
    <p class='ocr_par' dir='ltr' id='par_1_38' title="bbox 1126 1009 1919 1045">
     <span class='ocr_line' id='line_1_38' title="bbox 1126 1009 1919 1045; baseline 0.001 -9"><span class='ocrx_word' id='word_1_267' title='bbox 1126 1010 1230 1042; x_wconf 82' lang='grc' dir='ltr'><strong>τούτοις</strong></span> <span class='ocrx_word' id='word_1_268' title='bbox 1242 1009 1387 1044; x_wconf 76' lang='grc' dir='ltr'>διαφανῶν,</span> <span class='ocrx_word' id='word_1_269' title='bbox 1403 1010 1437 1036; x_wconf 79' lang='grc' dir='ltr'>τά</span> <span class='ocrx_word' id='word_1_270' title='bbox 1459 1018 1489 1036; x_wconf 85' lang='grc' dir='ltr'><strong>τε</strong></span> <span class='ocrx_word' id='word_1_271' title='bbox 1519 1010 1670 1044; x_wconf 82' lang='grc' dir='ltr'>φιλοσόφων</span> <span class='ocrx_word' id='word_1_272' title='bbox 1685 1010 1759 1045; x_wconf 79' lang='grc' dir='ltr'>παρὰ</span> <span class='ocrx_word' id='word_1_273' title='bbox 1773 1010 1827 1036; x_wconf 83' lang='grc' dir='ltr'>τῶν</span> <span class='ocrx_word' id='word_1_274' title='bbox 1842 1010 1919 1045; x_wconf 80' lang='grc' dir='ltr'>φιλο-</span> 
     </span>
    </p>
   </div>
   <div class='ocr_carea' id='block_1_39' title="bbox 1129 1056 1918 1092">
    <p class='ocr_par' dir='ltr' id='par_1_39' title="bbox 1129 1056 1918 1092">
     <span class='ocr_line' id='line_1_39' title="bbox 1129 1056 1918 1092; baseline 0 -9"><span class='ocrx_word' id='word_1_275' title='bbox 1129 1057 1228 1091; x_wconf 79' lang='grc' dir='ltr'>σόφων,</span> <span class='ocrx_word' id='word_1_276' title='bbox 1247 1056 1303 1083; x_wconf 82' lang='grc' dir='ltr'>ἀλλ’</span> <span class='ocrx_word' id='word_1_277' title='bbox 1325 1057 1355 1083; x_wconf 83' lang='grc' dir='ltr'>οὐ</span> <span class='ocrx_word' id='word_1_278' title='bbox 1379 1056 1454 1091; x_wconf 73' lang='grc' dir='ltr'>παρὰ</span> <span class='ocrx_word' id='word_1_279' title='bbox 1466 1056 1520 1082; x_wconf 82' lang='grc' dir='ltr'><strong>τῶν</strong></span> <span class='ocrx_word' id='word_1_280' title='bbox 1542 1057 1665 1092; x_wconf 81' lang='grc' dir='ltr'><strong>ἀπείρων</strong></span> <span class='ocrx_word' id='word_1_281' title='bbox 1679 1056 1845 1091; x_wconf 71' lang='grc' dir='ltr'><strong>φιλοσοφίας.</strong></span> <span class='ocrx_word' id='word_1_282' title='bbox 1863 1057 1918 1083; x_wconf 80' lang='grc' dir='ltr'><strong>Πό-</strong></span> 
     </span>
    </p>
   </div>
   <div class='ocr_carea' id='block_1_40' title="bbox 293 1093 1077 1138">
    <p class='ocr_par' dir='ltr' id='par_1_40' title="bbox 293 1097 1076 1134">
     <span class='ocr_line' id='line_1_40' title="bbox 293 1097 1076 1134; baseline -0.006 -4"><span class='ocrx_word' id='word_1_283' title='bbox 293 1111 348 1130; x_wconf 89' lang='lat' dir='ltr'><strong>non</strong></span> <span class='ocrx_word' id='word_1_284' title='bbox 369 1106 459 1129; x_wconf 86' lang='lat' dir='ltr'><strong>autem</strong></span> <span class='ocrx_word' id='word_1_285' title='bbox 475 1101 509 1128; x_wconf 88' lang='lat' dir='ltr'><strong>ab</strong></span> <span class='ocrx_word' id='word_1_286' title='bbox 533 1100 566 1127; x_wconf 93' lang='lat' dir='ltr'><strong>iis</strong></span> <span class='ocrx_word' id='word_1_287' title='bbox 584 1099 630 1134; x_wconf 88' lang='lat' dir='ltr'><strong>qui</strong></span> <span class='ocrx_word' id='word_1_288' title='bbox 653 1098 680 1125; x_wconf 93' lang='lat' dir='ltr'><strong>in</strong></span> <span class='ocrx_word' id='word_1_289' title='bbox 707 1097 880 1133; x_wconf 86' lang='lat' dir='ltr'><strong>philosophia</strong></span> <span class='ocrx_word' id='word_1_290' title='bbox 896 1097 1018 1132; x_wconf 86' lang='lat' dir='ltr'><strong>hospites</strong></span> <span class='ocrx_word' id='word_1_291' title='bbox 1044 1105 1076 1125; x_wconf 90' lang='lat' dir='ltr'><strong>ac</strong></span> 
     </span>
    </p>
   </div>
   <div class='ocr_carea' id='block_1_41' title="bbox 1130 1093 1920 1138">
    <p class='ocr_par' dir='ltr' id='par_1_41' title="bbox 1130 1102 1920 1138">
     <span class='ocr_line' id='line_1_41' title="bbox 1130 1102 1920 1138; baseline 0 -9"><span class='ocrx_word' id='word_1_292' title='bbox 1130 1103 1173 1130; x_wconf 82' lang='grc' dir='ltr'>θεν</span> <span class='ocrx_word' id='word_1_293' title='bbox 1186 1103 1214 1129; x_wconf 79' lang='grc' dir='ltr'>δὲ</span> <span class='ocrx_word' id='word_1_294' title='bbox 1225 1103 1333 1130; x_wconf 81' lang='grc' dir='ltr'>ἄλλοθεν</span> <span class='ocrx_word' id='word_1_295' title='bbox 1351 1103 1483 1138; x_wconf 72' lang='grc' dir='ltr'><strong>προσήκοι</strong></span> <span class='ocrx_word' id='word_1_296' title='bbox 1497 1102 1529 1129; x_wconf 80' lang='grc' dir='ltr'>ἂν</span> <span class='ocrx_word' id='word_1_297' title='bbox 1545 1103 1592 1129; x_wconf 73' lang='grc' dir='ltr'><strong>καὶ</strong></span> <span class='ocrx_word' id='word_1_298' title='bbox 1608 1102 1642 1128; x_wconf 85' lang='grc' dir='ltr'><strong>τὰ</strong></span> <span class='ocrx_word' id='word_1_299' title='bbox 1655 1102 1777 1137; x_wconf 75' lang='grc' dir='ltr'><strong>ἰατρικῆς</strong></span> <span class='ocrx_word' id='word_1_300' title='bbox 1796 1102 1812 1137; x_wconf 87' lang='grc' dir='ltr'>ἢ</span> <span class='ocrx_word' id='word_1_301' title='bbox 1841 1102 1920 1138; x_wconf 71' lang='grc' dir='ltr'>παρὰ</span> 
     </span>
    </p>
   </div>
   <div class='ocr_carea' id='block_1_42' title="bbox 294 1143 1076 1184">
    <p class='ocr_par' dir='ltr' id='par_1_42' title="bbox 294 1143 1076 1184">
     <span class='ocr_line' id='line_1_42' title="bbox 294 1143 1076 1184; baseline -0.008 -8"><span class='ocrx_word' id='word_1_302' title='bbox 294 1147 432 1184; x_wconf 71' lang='lat' dir='ltr'><strong>peregrini</strong></span> <span class='ocrx_word' id='word_1_303' title='bbox 452 1149 555 1177; x_wconf 88' lang='lat' dir='ltr'><strong>essent,</strong></span> <span class='ocrx_word' id='word_1_304' title='bbox 574 1152 635 1180; x_wconf 68' lang='lat' dir='ltr'><strong>quae</strong></span> <span class='ocrx_word' id='word_1_305' title='bbox 658 1143 692 1170; x_wconf 88' lang='lat' dir='ltr'><strong>ad</strong></span> <span class='ocrx_word' id='word_1_306' title='bbox 709 1143 890 1178; x_wconf 62' lang='lat' dir='ltr'><strong>philosophiae</strong></span> <span class='ocrx_word' id='word_1_307' title='bbox 904 1143 1025 1169; x_wconf 87' lang='lat' dir='ltr'><strong>rationes</strong></span> <span class='ocrx_word' id='word_1_308' title='bbox 1044 1149 1076 1170; x_wconf 87' lang='lat' dir='ltr'><strong>ac</strong></span> 
     </span>
    </p>
   </div>
   <div class='ocr_carea' id='block_1_43' title="bbox 293 1187 1076 1228">
    <p class='ocr_par' dir='ltr' id='par_1_43' title="bbox 293 1187 1076 1228">
     <span class='ocr_line' id='line_1_43' title="bbox 293 1187 1076 1228; baseline -0.01 -6"><span class='ocrx_word' id='word_1_309' title='bbox 293 1194 402 1222; x_wconf 74' lang='lat' dir='ltr'><strong>decreta</strong></span> <span class='ocrx_word' id='word_1_310' title='bbox 414 1191 594 1228; x_wconf 86' lang='lat' dir='ltr'><strong>pertinebant.</strong></span> <span class='ocrx_word' id='word_1_311' title='bbox 614 1190 689 1223; x_wconf 84' lang='lat' dir='ltr'><strong>Quos</strong></span> <span class='ocrx_word' id='word_1_312' title='bbox 705 1194 733 1216; x_wconf 92' lang='lat' dir='ltr'><strong>tu</strong></span> <span class='ocrx_word' id='word_1_313' title='bbox 746 1197 810 1216; x_wconf 85' lang='lat' dir='ltr'><strong>vero</strong></span> <span class='ocrx_word' id='word_1_314' title='bbox 824 1189 928 1223; x_wconf 84' lang='lat' dir='ltr'><strong>justius</strong></span> <span class='ocrx_word' id='word_1_315' title='bbox 941 1189 974 1215; x_wconf 89' lang='lat' dir='ltr'><strong>de</strong></span> <span class='ocrx_word' id='word_1_316' title='bbox 989 1187 1076 1215; x_wconf 90' lang='lat' dir='ltr'><strong>medi-</strong></span> 
     </span>
    </p>
   </div>
   <div class='ocr_carea' id='block_1_44' title="bbox 294 1233 1078 1274">
    <p class='ocr_par' dir='ltr' id='par_1_44' title="bbox 294 1233 1078 1274">
     <span class='ocr_line' id='line_1_44' title="bbox 294 1233 1078 1274; baseline -0.01 -7"><span class='ocrx_word' id='word_1_317' title='bbox 294 1240 362 1267; x_wconf 75' lang='lat' dir='ltr'><strong>cina:</strong></span> <span class='ocrx_word' id='word_1_318' title='bbox 377 1238 528 1274; x_wconf 67' lang='lat' dir='ltr'><strong>praeceptis,</strong></span> <span class='ocrx_word' id='word_1_319' title='bbox 543 1243 625 1271; x_wconf 88' lang='lat' dir='ltr'><strong>quam</strong></span> <span class='ocrx_word' id='word_1_320' title='bbox 641 1235 708 1262; x_wconf 89' lang='lat' dir='ltr'><strong>artis</strong></span> <span class='ocrx_word' id='word_1_321' title='bbox 726 1235 800 1262; x_wconf 76' lang='lat' dir='ltr'><strong>illitis</strong></span> <span class='ocrx_word' id='word_1_322' title='bbox 814 1234 917 1269; x_wconf 90' lang='lat' dir='ltr'><strong>peritos</strong></span> <span class='ocrx_word' id='word_1_323' title='bbox 932 1233 1078 1261; x_wconf 81' lang='lat' dir='ltr'><strong>consulas?</strong></span> 
     </span>
    </p>
   </div>
   <div class='ocr_carea' id='block_1_45' title="bbox 294 1280 1077 1319">
    <p class='ocr_par' dir='ltr' id='par_1_45' title="bbox 294 1280 1077 1319">
     <span class='ocr_line' id='line_1_45' title="bbox 294 1280 1077 1319; baseline -0.006 -6"><span class='ocrx_word' id='word_1_324' title='bbox 294 1285 396 1314; x_wconf 83' lang='lat' dir='ltr'><strong>Eodem</strong></span> <span class='ocrx_word' id='word_1_325' title='bbox 411 1285 489 1319; x_wconf 84' lang='lat' dir='ltr'><strong>plane</strong></span> <span class='ocrx_word' id='word_1_326' title='bbox 499 1284 561 1319; x_wconf 86' lang='lat' dir='ltr'><strong>jure</strong></span> <span class='ocrx_word' id='word_1_327' title='bbox 574 1289 676 1315; x_wconf 83' lang='lat' dir='ltr'><strong>Slatuo,</strong></span> <span class='ocrx_word' id='word_1_328' title='bbox 694 1290 737 1309; x_wconf 91' lang='lat' dir='ltr'><strong>res</strong></span> <span class='ocrx_word' id='word_1_329' title='bbox 757 1281 932 1309; x_wconf 64' lang='lat' dir='ltr'><strong>Hebraeorum</strong></span> <span class='ocrx_word' id='word_1_330' title='bbox 943 1288 998 1308; x_wconf 84' lang='lat' dir='ltr'><strong>non</strong></span> <span class='ocrx_word' id='word_1_331' title='bbox 1015 1280 1077 1308; x_wconf 85' lang='lat' dir='ltr'><strong>aliis</strong></span> 
     </span>
    </p>
   </div>
   <div class='ocr_carea' id='block_1_46' title="bbox 295 1327 1079 1367">
    <p class='ocr_par' dir='ltr' id='par_1_46' title="bbox 295 1327 1079 1367">
     <span class='ocr_line' id='line_1_46' title="bbox 295 1327 1079 1367; baseline -0.006 -8"><span class='ocrx_word' id='word_1_332' title='bbox 295 1340 377 1367; x_wconf 89' lang='lat' dir='ltr'><strong>quam</strong></span> <span class='ocrx_word' id='word_1_333' title='bbox 392 1331 566 1359; x_wconf 69' lang='lat' dir='ltr'><strong>Hebraeorum</strong></span> <span class='ocrx_word' id='word_1_334' title='bbox 581 1338 613 1357; x_wconf 84' lang='lat' dir='ltr'><strong>ex</strong></span> <span class='ocrx_word' id='word_1_335' title='bbox 628 1330 723 1357; x_wconf 86' lang='lat' dir='ltr'><strong>litteris</strong></span> <span class='ocrx_word' id='word_1_336' title='bbox 735 1336 796 1356; x_wconf 87' lang='lat' dir='ltr'><strong>esse</strong></span> <span class='ocrx_word' id='word_1_337' title='bbox 809 1327 978 1363; x_wconf 85' lang='lat' dir='ltr'><strong>repetendas)</strong></span> <span class='ocrx_word' id='word_1_338' title='bbox 990 1336 996 1354; x_wconf 92' lang='lat'><strong>:</strong></span> <span class='ocrx_word' id='word_1_339' title='bbox 1010 1327 1079 1354; x_wconf 91' lang='lat' dir='ltr'><strong>mul-</strong></span> 
     </span>
    </p>
   </div>
   <div class='ocr_carea' id='block_1_47' title="bbox 296 1374 1077 1413">
    <p class='ocr_par' dir='ltr' id='par_1_47' title="bbox 296 1374 1077 1413">
     <span class='ocr_line' id='line_1_47' title="bbox 296 1374 1077 1413; baseline -0.005 -8"><span class='ocrx_word' id='word_1_340' title='bbox 296 1381 332 1406; x_wconf 85' lang='lat' dir='ltr'><strong>tis</strong></span> <span class='ocrx_word' id='word_1_341' title='bbox 355 1386 430 1413; x_wconf 82' lang='lat' dir='ltr'><strong>ergo,</strong></span> <span class='ocrx_word' id='word_1_342' title='bbox 459 1377 690 1412; x_wconf 87' lang='lat' dir='ltr'><strong>quemadmodum</strong></span> <span class='ocrx_word' id='word_1_343' title='bbox 714 1375 824 1403; x_wconf 89' lang='lat' dir='ltr'><strong>illorum</strong></span> <span class='ocrx_word' id='word_1_344' title='bbox 852 1375 930 1402; x_wconf 89' lang='lat' dir='ltr'><strong>docet</strong></span> <span class='ocrx_word' id='word_1_345' title='bbox 953 1374 1077 1405; x_wconf 87' lang='lat' dir='ltr'><strong>historia,</strong></span> 
     </span>
    </p>
   </div>
   <div class='ocr_carea' id='block_1_48' title="bbox 295 1420 1078 1460">
    <p class='ocr_par' dir='ltr' id='par_1_48' title="bbox 295 1420 1078 1460">
     <span class='ocr_line' id='line_1_48' title="bbox 295 1420 1078 1460; baseline -0.008 -8"><span class='ocrx_word' id='word_1_346' title='bbox 295 1425 377 1460; x_wconf 82' lang='lat' dir='ltr'><strong>longo</strong></span> <span class='ocrx_word' id='word_1_347' title='bbox 403 1429 465 1451; x_wconf 84' lang='lat' dir='ltr'><strong>ante</strong></span> <span class='ocrx_word' id='word_1_348' title='bbox 487 1423 619 1451; x_wconf 90' lang='lat' dir='ltr'><strong>diluvium</strong></span> <span class='ocrx_word' id='word_1_349' title='bbox 639 1427 771 1457; x_wconf 88' lang='lat' dir='ltr'><strong>tempore,</strong></span> <span class='ocrx_word' id='word_1_350' title='bbox 786 1421 842 1456; x_wconf 89' lang='lat' dir='ltr'><strong>jam</strong></span> <span class='ocrx_word' id='word_1_351' title='bbox 862 1428 948 1455; x_wconf 85' lang='lat' dir='ltr'><strong>usque</strong></span> <span class='ocrx_word' id='word_1_352' title='bbox 962 1428 978 1447; x_wconf 88' lang='lat' dir='ltr'><strong>a</strong></span> <span class='ocrx_word' id='word_1_353' title='bbox 991 1420 1078 1455; x_wconf 91' lang='lat' dir='ltr'><strong>prima</strong></span> 
     </span>
    </p>
   </div>
   <div class='ocr_carea' id='block_1_49' title="bbox 297 1467 1078 1504">
    <p class='ocr_par' dir='ltr' id='par_1_49' title="bbox 297 1467 1078 1504">
     <span class='ocr_line' id='line_1_49' title="bbox 297 1467 1078 1504; baseline -0.008 -6"><span class='ocrx_word' id='word_1_354' title='bbox 297 1472 437 1498; x_wconf 90' lang='lat' dir='ltr'><strong>hominum</strong></span> <span class='ocrx_word' id='word_1_355' title='bbox 451 1470 566 1503; x_wconf 78' lang='lat' dir='ltr'><strong>origine.</strong></span> <span class='ocrx_word' id='word_1_356' title='bbox 588 1476 691 1504; x_wconf 89' lang='lat' dir='ltr'><strong>perque</strong></span> <span class='ocrx_word' id='word_1_357' title='bbox 707 1468 816 1503; x_wconf 78' lang='lat' dir='ltr'><strong>longam</strong></span> <span class='ocrx_word' id='word_1_358' title='bbox 833 1467 963 1501; x_wconf 80' lang='lat' dir='ltr'><strong>deinceps</strong></span> <span class='ocrx_word' id='word_1_359' title='bbox 979 1473 1078 1493; x_wconf 88' lang='lat' dir='ltr'><strong>conse-</strong></span> 
     </span>
    </p>
   </div>
   <div class='ocr_carea' id='block_1_50' title="bbox 295 1511 1079 1551">
    <p class='ocr_par' dir='ltr' id='par_1_50' title="bbox 295 1511 1079 1551">
     <span class='ocr_line' id='line_1_50' title="bbox 295 1511 1079 1551; baseline -0.005 -8"><span class='ocrx_word' id='word_1_360' title='bbox 295 1516 435 1551; x_wconf 89' lang='lat' dir='ltr'><strong>quentium</strong></span> <span class='ocrx_word' id='word_1_361' title='bbox 466 1520 576 1542; x_wconf 77' lang='lat' dir='ltr'><strong>:etatum</strong></span> <span class='ocrx_word' id='word_1_362' title='bbox 600 1514 710 1546; x_wconf 89' lang='lat' dir='ltr'><strong>seriem,</strong></span> <span class='ocrx_word' id='word_1_363' title='bbox 740 1521 804 1541; x_wconf 83' lang='lat' dir='ltr'><strong>cum</strong></span> <span class='ocrx_word' id='word_1_364' title='bbox 838 1512 976 1547; x_wconf 66' lang='lat' dir='ltr'><strong>praecipuo</strong></span> <span class='ocrx_word' id='word_1_365' title='bbox 1006 1511 1079 1539; x_wconf 85' lang='lat' dir='ltr'><strong>Deus</strong></span> 
     </span>
    </p>
   </div>
   <div class='ocr_carea' id='block_1_51' title="bbox 295 1558 1078 1595">
    <p class='ocr_par' dir='ltr' id='par_1_51' title="bbox 295 1558 1078 1595">
     <span class='ocr_line' id='line_1_51' title="bbox 295 1558 1078 1595; baseline -0.008 -6"><span class='ocrx_word' id='word_1_366' title='bbox 295 1569 388 1589; x_wconf 85' lang='lat' dir='ltr'><strong>amore</strong></span> <span class='ocrx_word' id='word_1_367' title='bbox 399 1561 558 1595; x_wconf 82' lang='lat' dir='ltr'><strong>complexus</strong></span> <span class='ocrx_word' id='word_1_368' title='bbox 570 1564 621 1592; x_wconf 88' lang='lat' dir='ltr'><strong>est,</strong></span> <span class='ocrx_word' id='word_1_369' title='bbox 641 1563 698 1586; x_wconf 92' lang='lat' dir='ltr'><strong>tum</strong></span> <span class='ocrx_word' id='word_1_370' title='bbox 714 1559 774 1585; x_wconf 89' lang='lat' dir='ltr'><strong>laus</strong></span> <span class='ocrx_word' id='word_1_371' title='bbox 789 1558 954 1591; x_wconf 73' lang='lat' dir='ltr'><strong>integritatis</strong></span> <span class='ocrx_word' id='word_1_372' title='bbox 969 1565 1078 1584; x_wconf 86' lang='lat' dir='ltr'><strong>summa</strong></span> 
     </span>
    </p>
   </div>
   <div class='ocr_carea' id='block_1_52' title="bbox 294 1604 1079 1640">
    <p class='ocr_par' dir='ltr' id='par_1_52' title="bbox 294 1604 1079 1640">
     <span class='ocr_line' id='line_1_52' title="bbox 294 1604 1079 1640; baseline -0.008 -5"><span class='ocrx_word' id='word_1_373' title='bbox 294 1607 503 1635; x_wconf 85' lang='lat' dir='ltr'><strong>commendavit.</strong></span> <span class='ocrx_word' id='word_1_374' title='bbox 514 1606 681 1640; x_wconf 77' lang='lat' dir='ltr'><strong>Atqueillum</strong></span> <span class='ocrx_word' id='word_1_375' title='bbox 691 1605 717 1631; x_wconf 91' lang='lat' dir='ltr'><strong>in</strong></span> <span class='ocrx_word' id='word_1_376' title='bbox 726 1604 872 1639; x_wconf 87' lang='lat' dir='ltr'><strong>primisqui</strong></span> <span class='ocrx_word' id='word_1_377' title='bbox 886 1612 895 1629; x_wconf 79' lang='grc' dir='ltr'><strong>ι</strong></span> <span class='ocrx_word' id='word_1_378' title='bbox 908 1604 1025 1637; x_wconf 86' lang='lat' dir='ltr'><strong>speravit</strong></span> <span class='ocrx_word' id='word_1_379' title='bbox 1037 1604 1079 1630; x_wconf 89' lang='lat' dir='ltr'><strong>in-</strong></span> 
     </span>
    </p>
   </div>
   <div class='ocr_carea' id='block_1_53' title="bbox 295 1650 1080 1686">
    <p class='ocr_par' dir='ltr' id='par_1_53' title="bbox 295 1650 1080 1686">
     <span class='ocr_line' id='line_1_53' title="bbox 295 1650 1080 1686; baseline -0.005 -6"><span class='ocrx_word' id='word_1_380' title='bbox 295 1660 393 1680; x_wconf 87' lang='lat' dir='ltr'><strong>vocare</strong></span> <span class='ocrx_word' id='word_1_381' title='bbox 401 1661 499 1680; x_wconf 87' lang='lat' dir='ltr'><strong>nomen</strong></span> <span class='ocrx_word' id='word_1_382' title='bbox 510 1651 615 1679; x_wconf 90' lang='lat' dir='ltr'><strong>Domini</strong></span> <span class='ocrx_word' id='word_1_383' title='bbox 627 1650 672 1678; x_wconf 86' lang='lat' dir='ltr'><strong>Dei</strong></span> <span class='ocrx_word' id='word_1_384' title='bbox 684 1650 767 1686; x_wconf 67' lang='lat'><strong>(67).)</strong></span> <span class='ocrx_word' id='word_1_385' title='bbox 780 1650 839 1683; x_wconf 82' lang='lat' dir='ltr'><strong>Quo</strong></span> <span class='ocrx_word' id='word_1_386' title='bbox 850 1650 1080 1684; x_wconf 79' lang='lat' dir='ltr'><strong>loquendigenere</strong></span> 
     </span>
    </p>
   </div>
   <div class='ocr_carea' id='block_1_54' title="bbox 297 1696 1081 1733">
    <p class='ocr_par' dir='ltr' id='par_1_54' title="bbox 297 1696 1081 1733">
     <span class='ocr_line' id='line_1_54' title="bbox 297 1696 1081 1733; baseline -0.006 -7"><span class='ocrx_word' id='word_1_387' title='bbox 297 1699 439 1733; x_wconf 82' lang='lat' dir='ltr'><strong>Scriptura</strong></span> <span class='ocrx_word' id='word_1_388' title='bbox 453 1698 584 1729; x_wconf 81' lang='lat' dir='ltr'><strong>declarat,</strong></span> <span class='ocrx_word' id='word_1_389' title='bbox 614 1697 698 1724; x_wconf 88' lang='lat' dir='ltr'><strong>alium</strong></span> <span class='ocrx_word' id='word_1_390' title='bbox 726 1697 760 1724; x_wconf 86' lang='lat' dir='ltr'><strong>ab</strong></span> <span class='ocrx_word' id='word_1_391' title='bbox 778 1704 810 1724; x_wconf 91' lang='lat' dir='ltr'><strong>eo</strong></span> <span class='ocrx_word' id='word_1_392' title='bbox 823 1696 959 1723; x_wconf 89' lang='lat' dir='ltr'><strong>neminem</strong></span> <span class='ocrx_word' id='word_1_393' title='bbox 983 1700 1081 1729; x_wconf 69' lang='lat' dir='ltr'><strong>praeter</strong></span> 
     </span>
    </p>
   </div>
   <div class='ocr_carea' id='block_1_55' title="bbox 292 1736 1075 1773">
    <p class='ocr_par' dir='ltr' id='par_1_55' title="bbox 292 1736 1075 1773">
     <span class='ocr_line' id='line_1_55' title="bbox 292 1736 1075 1773; baseline -0.003 -7"><span class='ocrx_word' id='word_1_394' title='bbox 292 1740 438 1773; x_wconf 83' lang='lat' dir='ltr'><strong>ipsummet</strong></span> <span class='ocrx_word' id='word_1_395' title='bbox 456 1746 548 1765; x_wconf 88' lang='lat' dir='ltr'><strong>rerum</strong></span> <span class='ocrx_word' id='word_1_396' title='bbox 574 1737 727 1764; x_wconf 88' lang='lat' dir='ltr'><strong>molitorem</strong></span> <span class='ocrx_word' id='word_1_397' title='bbox 756 1736 879 1764; x_wconf 92' lang='lat' dir='ltr'><strong>omnium</strong></span> <span class='ocrx_word' id='word_1_398' title='bbox 905 1740 933 1764; x_wconf 90' lang='lat' dir='ltr'><strong>et</strong></span> <span class='ocrx_word' id='word_1_399' title='bbox 954 1737 1075 1765; x_wconf 86' lang='lat' dir='ltr'><strong>universi</strong></span> 
     </span>
    </p>
   </div>
   <div class='ocr_carea' id='block_1_56' title="bbox 292 1781 1077 1816">
    <p class='ocr_par' dir='ltr' id='par_1_56' title="bbox 292 1781 1077 1816">
     <span class='ocr_line' id='line_1_56' title="bbox 292 1781 1077 1816; baseline 0.001 -7"><span class='ocrx_word' id='word_1_400' title='bbox 292 1783 437 1810; x_wconf 91' lang='lat' dir='ltr'><strong>Dominum</strong></span> <span class='ocrx_word' id='word_1_401' title='bbox 463 1783 545 1810; x_wconf 87' lang='lat' dir='ltr'><strong>simul</strong></span> <span class='ocrx_word' id='word_1_402' title='bbox 576 1787 657 1816; x_wconf 88' lang='lat' dir='ltr'><strong>atque</strong></span> <span class='ocrx_word' id='word_1_403' title='bbox 676 1781 772 1815; x_wconf 86' lang='lat' dir='ltr'><strong>Deum,</strong></span> <span class='ocrx_word' id='word_1_404' title='bbox 790 1781 841 1809; x_wconf 89' lang='lat' dir='ltr'><strong>sibi</strong></span> <span class='ocrx_word' id='word_1_405' title='bbox 867 1781 1005 1816; x_wconf 87' lang='lat' dir='ltr'><strong>rebusque</strong></span> <span class='ocrx_word' id='word_1_406' title='bbox 1019 1783 1077 1810; x_wconf 82' lang='lat' dir='ltr'><strong>suis</strong></span> 
     </span>
    </p>
   </div>
   <div class='ocr_carea' id='block_1_57' title="bbox 292 1827 1076 1864">
    <p class='ocr_par' dir='ltr' id='par_1_57' title="bbox 292 1827 1076 1864">
     <span class='ocr_line' id='line_1_57' title="bbox 292 1827 1076 1864; baseline 0 -9"><span class='ocrx_word' id='word_1_407' title='bbox 292 1829 447 1862; x_wconf 72' lang='lat' dir='ltr'><strong>tutelarum,</strong></span> <span class='ocrx_word' id='word_1_408' title='bbox 463 1829 541 1864; x_wconf 90' lang='lat' dir='ltr'><strong>quasi</strong></span> <span class='ocrx_word' id='word_1_409' title='bbox 554 1832 699 1863; x_wconf 78' lang='lat' dir='ltr'><strong>patronum</strong></span> <span class='ocrx_word' id='word_1_410' title='bbox 713 1835 775 1855; x_wconf 86' lang='lat' dir='ltr'><strong>esse</strong></span> <span class='ocrx_word' id='word_1_411' title='bbox 795 1827 927 1854; x_wconf 87' lang='lat' dir='ltr'><strong>delectum</strong></span> <span class='ocrx_word' id='word_1_412' title='bbox 941 1836 948 1854; x_wconf 90' lang='lat'>:</span> <span class='ocrx_word' id='word_1_413' title='bbox 965 1827 1076 1862; x_wconf 77' lang='lat' dir='ltr'><strong>quippe,</strong></span> 
     </span>
    </p>
   </div>
   <div class='ocr_carea' id='block_1_58' title="bbox 292 1873 1076 1911">
    <p class='ocr_par' dir='ltr' id='par_1_58' title="bbox 292 1873 1076 1911">
     <span class='ocr_line' id='line_1_58' title="bbox 292 1873 1076 1911; baseline -0.003 -9"><span class='ocrx_word' id='word_1_414' title='bbox 292 1876 338 1911; x_wconf 86' lang='lat' dir='ltr'><strong>qui</strong></span> <span class='ocrx_word' id='word_1_415' title='bbox 354 1875 467 1902; x_wconf 84' lang='lat' dir='ltr'><strong>omnino</strong></span> <span class='ocrx_word' id='word_1_416' title='bbox 480 1881 640 1909; x_wconf 83' lang='lat' dir='ltr'><strong>persuasum</strong></span> <span class='ocrx_word' id='word_1_417' title='bbox 655 1873 681 1900; x_wconf 91' lang='lat' dir='ltr'><strong>id</strong></span> <span class='ocrx_word' id='word_1_418' title='bbox 701 1873 824 1904; x_wconf 82' lang='lat' dir='ltr'><strong>haberet,</strong></span> <span class='ocrx_word' id='word_1_419' title='bbox 846 1881 900 1900; x_wconf 92' lang='lat' dir='ltr'><strong>non</strong></span> <span class='ocrx_word' id='word_1_420' title='bbox 919 1874 1076 1901; x_wconf 89' lang='lat' dir='ltr'><strong>universum</strong></span> 
     </span>
    </p>
   </div>
   <div class='ocr_carea' id='block_1_59' title="bbox 293 1918 1078 1954">
    <p class='ocr_par' dir='ltr' id='par_1_59' title="bbox 293 1918 1078 1954">
     <span class='ocr_line' id='line_1_59' title="bbox 293 1918 1078 1954; baseline -0.004 -6"><span class='ocrx_word' id='word_1_421' title='bbox 293 1921 374 1949; x_wconf 88' lang='lat' dir='ltr'><strong>modo</strong></span> <span class='ocrx_word' id='word_1_422' title='bbox 389 1921 415 1947; x_wconf 83' lang='lat' dir='ltr'><strong>vi</strong></span> <span class='ocrx_word' id='word_1_423' title='bbox 433 1920 577 1948; x_wconf 73' lang='lat' dir='ltr'><strong>ell‘ectricis</strong></span> <span class='ocrx_word' id='word_1_424' title='bbox 596 1919 669 1947; x_wconf 91' lang='lat' dir='ltr'><strong>illius</strong></span> <span class='ocrx_word' id='word_1_425' title='bbox 684 1919 825 1954; x_wconf 85' lang='lat' dir='ltr'><strong>potestatis</strong></span> <span class='ocrx_word' id='word_1_426' title='bbox 834 1918 903 1946; x_wconf 89' lang='lat' dir='ltr'><strong>bene</strong></span> <span class='ocrx_word' id='word_1_427' title='bbox 922 1926 954 1946; x_wconf 84' lang='lat' dir='ltr'><strong>ac</strong></span> <span class='ocrx_word' id='word_1_428' title='bbox 969 1919 1078 1953; x_wconf 88' lang='lat' dir='ltr'><strong>sapien-</strong></span> 
     </span>
    </p>
   </div>
   <div class='ocr_carea' id='block_1_60' title="bbox 293 1965 1078 2000">
    <p class='ocr_par' dir='ltr' id='par_1_60' title="bbox 293 1965 1078 2000">
     <span class='ocr_line' id='line_1_60' title="bbox 293 1965 1078 2000; baseline -0.004 -6"><span class='ocrx_word' id='word_1_429' title='bbox 293 1971 336 1994; x_wconf 89' lang='lat' dir='ltr'><strong>ter</strong></span> <span class='ocrx_word' id='word_1_430' title='bbox 354 1975 416 1994; x_wconf 82' lang='lat' dir='ltr'><strong>csse</strong></span> <span class='ocrx_word' id='word_1_431' title='bbox 439 1966 630 1998; x_wconf 84' lang='lat' dir='ltr'><strong>constitutum,</strong></span> <span class='ocrx_word' id='word_1_432' title='bbox 656 1966 701 1992; x_wconf 90' lang='lat' dir='ltr'><strong>sed</strong></span> <span class='ocrx_word' id='word_1_433' title='bbox 717 1965 798 1992; x_wconf 86' lang='lat' dir='ltr'><strong>etiam</strong></span> <span class='ocrx_word' id='word_1_434' title='bbox 815 1965 926 2000; x_wconf 89' lang='lat' dir='ltr'><strong>perinde</strong></span> <span class='ocrx_word' id='word_1_435' title='bbox 943 1969 971 1991; x_wconf 90' lang='lat' dir='ltr'><strong>ut</strong></span> <span class='ocrx_word' id='word_1_436' title='bbox 983 1965 1078 1999; x_wconf 79' lang='lat' dir='ltr'><strong>ingen-</strong></span> 
     </span>
    </p>
   </div>
   <div class='ocr_carea' id='block_1_61' title="bbox 293 2010 1078 2047">
    <p class='ocr_par' dir='ltr' id='par_1_61' title="bbox 293 2010 1078 2047">
     <span class='ocr_line' id='line_1_61' title="bbox 293 2010 1078 2047; baseline -0.004 -7"><span class='ocrx_word' id='word_1_437' title='bbox 293 2017 346 2040; x_wconf 73' lang='lat' dir='ltr'><strong>tem</strong></span> <span class='ocrx_word' id='word_1_438' title='bbox 354 2013 471 2047; x_wconf 86' lang='lat' dir='ltr'><strong>aliquam</strong></span> <span class='ocrx_word' id='word_1_439' title='bbox 478 2020 533 2040; x_wconf 92' lang='lat' dir='ltr'><strong>rem</strong></span> <span class='ocrx_word' id='word_1_440' title='bbox 539 2012 674 2047; x_wconf 90' lang='lat' dir='ltr'><strong>publicam</strong></span> <span class='ocrx_word' id='word_1_441' title='bbox 684 2012 806 2046; x_wconf 85' lang='lat' dir='ltr'><strong>ejusdem</strong></span> <span class='ocrx_word' id='word_1_442' title='bbox 814 2011 928 2046; x_wconf 91' lang='lat' dir='ltr'><strong>imperio</strong></span> <span class='ocrx_word' id='word_1_443' title='bbox 937 2018 969 2038; x_wconf 87' lang='lat' dir='ltr'><strong>ac</strong></span> <span class='ocrx_word' id='word_1_444' title='bbox 975 2010 1078 2038; x_wconf 88' lang='lat' dir='ltr'><strong>ditione</strong></span> 
     </span>
    </p>
   </div>
   <div class='ocr_carea' id='block_1_62' title="bbox 292 2057 1077 2093">
    <p class='ocr_par' dir='ltr' id='par_1_62' title="bbox 292 2057 1077 2093">
     <span class='ocr_line' id='line_1_62' title="bbox 292 2057 1077 2093; baseline -0.003 -8"><span class='ocrx_word' id='word_1_445' title='bbox 292 2058 437 2092; x_wconf 82' lang='lat' dir='ltr'><strong>contineri,</strong></span> <span class='ocrx_word' id='word_1_446' title='bbox 457 2066 489 2085; x_wconf 84' lang='lat' dir='ltr'><strong>ac</strong></span> <span class='ocrx_word' id='word_1_447' title='bbox 513 2062 603 2093; x_wconf 89' lang='lat' dir='ltr'><strong>partes</strong></span> <span class='ocrx_word' id='word_1_448' title='bbox 630 2058 702 2084; x_wconf 92' lang='lat' dir='ltr'><strong>illius</strong></span> <span class='ocrx_word' id='word_1_449' title='bbox 726 2064 820 2084; x_wconf 88' lang='lat' dir='ltr'><strong>omnes</strong></span> <span class='ocrx_word' id='word_1_450' title='bbox 842 2057 928 2091; x_wconf 91' lang='lat' dir='ltr'><strong>ipsius</strong></span> <span class='ocrx_word' id='word_1_451' title='bbox 948 2062 1077 2090; x_wconf 84' lang='lat' dir='ltr'><strong>tanquam</strong></span> 
     </span>
    </p>
   </div>
   <div class='ocr_carea' id='block_1_63' title="bbox 293 2102 1075 2139">
    <p class='ocr_par' dir='ltr' id='par_1_63' title="bbox 293 2102 1075 2139">
     <span class='ocr_line' id='line_1_63' title="bbox 293 2102 1075 2139; baseline -0.005 -6"><span class='ocrx_word' id='word_1_452' title='bbox 293 2106 394 2133; x_wconf 89' lang='lat' dir='ltr'><strong>summi</strong></span> <span class='ocrx_word' id='word_1_453' title='bbox 418 2104 638 2137; x_wconf 82' lang='lat' dir='ltr'><strong>Patrisfamilias,</strong></span> <span class='ocrx_word' id='word_1_454' title='bbox 655 2105 709 2132; x_wconf 91' lang='lat' dir='ltr'><strong>imo</strong></span> <span class='ocrx_word' id='word_1_455' title='bbox 722 2108 850 2139; x_wconf 84' lang='lat' dir='ltr'><strong>tanquam</strong></span> <span class='ocrx_word' id='word_1_456' title='bbox 869 2103 927 2130; x_wconf 85' lang='lat' dir='ltr'><strong>veri</strong></span> <span class='ocrx_word' id='word_1_457' title='bbox 945 2102 1075 2138; x_wconf 82' lang='lat' dir='ltr'><strong>legitimi-</strong></span> 
     </span>
    </p>
   </div>
   <div class='ocr_carea' id='block_1_64' title="bbox 293 2148 1078 2186">
    <p class='ocr_par' dir='ltr' id='par_1_64' title="bbox 293 2148 1078 2186">
     <span class='ocr_line' id='line_1_64' title="bbox 293 2148 1078 2186; baseline -0.003 -8"><span class='ocrx_word' id='word_1_458' title='bbox 293 2159 348 2186; x_wconf 90' lang='lat' dir='ltr'><strong>que</strong></span> <span class='ocrx_word' id='word_1_459' title='bbox 373 2150 491 2184; x_wconf 86' lang='lat' dir='ltr'><strong>Domini,</strong></span> <span class='ocrx_word' id='word_1_460' title='bbox 508 2149 599 2185; x_wconf 80' lang='lat' dir='ltr'><strong>Regis,</strong></span> <span class='ocrx_word' id='word_1_461' title='bbox 616 2157 656 2183; x_wconf 41' lang='lat' dir='ltr'><strong>,ac</strong></span> <span class='ocrx_word' id='word_1_462' title='bbox 676 2148 723 2176; x_wconf 81' lang='lat' dir='ltr'><strong>Dei</strong></span> <span class='ocrx_word' id='word_1_463' title='bbox 748 2149 888 2176; x_wconf 87' lang='lat' dir='ltr'><strong>voluntate</strong></span> <span class='ocrx_word' id='word_1_464' title='bbox 909 2148 1078 2182; x_wconf 80' lang='lat' dir='ltr'><strong>arbitrioque</strong></span> 
     </span>
    </p>
   </div>
   <div class='ocr_carea' id='block_1_65' title="bbox 293 2194 1079 2232">
    <p class='ocr_par' dir='ltr' id='par_1_65' title="bbox 293 2194 1079 2232">
     <span class='ocr_line' id='line_1_65' title="bbox 293 2194 1079 2232; baseline -0.004 -9"><span class='ocrx_word' id='word_1_465' title='bbox 293 2196 449 2232; x_wconf 74' lang='lat' dir='ltr'><strong>gubernari.</strong></span> <span class='ocrx_word' id='word_1_466' title='bbox 475 2195 549 2228; x_wconf 86' lang='lat' dir='ltr'><strong>Quas</strong></span> <span class='ocrx_word' id='word_1_467' title='bbox 566 2195 611 2222; x_wconf 87' lang='lat' dir='ltr'><strong>ille</strong></span> <span class='ocrx_word' id='word_1_468' title='bbox 624 2195 657 2223; x_wconf 83' lang='lat' dir='ltr'><strong>de</strong></span> <span class='ocrx_word' id='word_1_469' title='bbox 667 2194 723 2222; x_wconf 89' lang='lat' dir='ltr'><strong>Deo</strong></span> <span class='ocrx_word' id='word_1_470' title='bbox 737 2195 864 2230; x_wconf 79' lang='lat' dir='ltr'><strong>princeps</strong></span> <span class='ocrx_word' id='word_1_471' title='bbox 879 2194 958 2229; x_wconf 86' lang='lat' dir='ltr'><strong>eique</strong></span> <span class='ocrx_word' id='word_1_472' title='bbox 972 2194 1079 2221; x_wconf 82' lang='lat' dir='ltr'><strong>charis-</strong></span> 
     </span>
    </p>
   </div>
   <div class='ocr_carea' id='block_1_66' title="bbox 293 2237 1078 2275">
    <p class='ocr_par' dir='ltr' id='par_1_66' title="bbox 293 2237 1078 2275">
     <span class='ocr_line' id='line_1_66' title="bbox 293 2237 1078 2275; baseline -0.004 -7"><span class='ocrx_word' id='word_1_473' title='bbox 293 2242 380 2269; x_wconf 83' lang='lat' dir='ltr'><strong>simus</strong></span> <span class='ocrx_word' id='word_1_474' title='bbox 409 2241 516 2267; x_wconf 89' lang='lat' dir='ltr'><strong>Domini</strong></span> <span class='ocrx_word' id='word_1_475' title='bbox 547 2240 649 2275; x_wconf 88' lang='lat' dir='ltr'><strong>Deique</strong></span> <span class='ocrx_word' id='word_1_476' title='bbox 676 2240 800 2267; x_wconf 88' lang='lat' dir='ltr'><strong>notiones</strong></span> <span class='ocrx_word' id='word_1_477' title='bbox 824 2243 850 2266; x_wconf 85' lang='lat' dir='ltr'><strong>et</strong></span> <span class='ocrx_word' id='word_1_478' title='bbox 884 2237 1078 2273; x_wconf 81' lang='lat' dir='ltr'><strong>appellationes</strong></span> 
     </span>
    </p>
   </div>
   <div class='ocr_carea' id='block_1_67' title="bbox 293 2283 1078 2319">
    <p class='ocr_par' dir='ltr' id='par_1_67' title="bbox 293 2283 1078 2319">
     <span class='ocr_line' id='line_1_67' title="bbox 293 2283 1078 2319; baseline -0.006 -5"><span class='ocrx_word' id='word_1_479' title='bbox 293 2288 385 2314; x_wconf 89' lang='lat' dir='ltr'><strong>animo</strong></span> <span class='ocrx_word' id='word_1_480' title='bbox 400 2295 462 2314; x_wconf 89' lang='lat' dir='ltr'><strong>cum</strong></span> <span class='ocrx_word' id='word_1_481' title='bbox 475 2286 661 2319; x_wconf 83' lang='lat' dir='ltr'><strong>informasset,</strong></span> <span class='ocrx_word' id='word_1_482' title='bbox 681 2285 752 2313; x_wconf 90' lang='lat' dir='ltr'><strong>idem</strong></span> <span class='ocrx_word' id='word_1_483' title='bbox 768 2284 850 2312; x_wconf 90' lang='lat' dir='ltr'><strong>simul</strong></span> <span class='ocrx_word' id='word_1_484' title='bbox 863 2283 1002 2311; x_wconf 82' lang='lat' dir='ltr'><strong>facultatis</strong></span> <span class='ocrx_word' id='word_1_485' title='bbox 1016 2290 1078 2310; x_wconf 77' lang='lat' dir='ltr'><strong>om~</strong></span> 
     </span>
    </p>
   </div>
   <div class='ocr_carea' id='block_1_68' title="bbox 292 2326 1079 2367">
    <p class='ocr_par' dir='ltr' id='par_1_68' title="bbox 292 2326 1079 2367">
     <span class='ocr_line' id='line_1_68' title="bbox 292 2326 1079 2367; baseline -0.004 -7"><span class='ocrx_word' id='word_1_486' title='bbox 292 2326 346 2365; x_wconf 66' lang='lat' dir='ltr'><strong>nis,</strong></span> <span class='ocrx_word' id='word_1_487' title='bbox 357 2341 388 2360; x_wconf 87' lang='lat' dir='ltr'><strong>ac</strong></span> <span class='ocrx_word' id='word_1_488' title='bbox 398 2333 515 2360; x_wconf 90' lang='lat' dir='ltr'><strong>nominis</strong></span> <span class='ocrx_word' id='word_1_489' title='bbox 522 2340 658 2367; x_wconf 92' lang='lat' dir='ltr'><strong>opumque</strong></span> <span class='ocrx_word' id='word_1_490' title='bbox 666 2332 789 2358; x_wconf 87' lang='lat' dir='ltr'><strong>omnium</strong></span> <span class='ocrx_word' id='word_1_491' title='bbox 797 2331 868 2364; x_wconf 85' lang='lat' dir='ltr'><strong>loco,</strong></span> <span class='ocrx_word' id='word_1_492' title='bbox 875 2331 917 2357; x_wconf 89' lang='lat' dir='ltr'><strong>vel</strong></span> <span class='ocrx_word' id='word_1_493' title='bbox 926 2330 1014 2364; x_wconf 89' lang='lat' dir='ltr'><strong>potius</strong></span> <span class='ocrx_word' id='word_1_494' title='bbox 1024 2337 1079 2364; x_wconf 72' lang='lat' dir='ltr'><strong>prae</strong></span> 
     </span>
    </p>
   </div>
   <div class='ocr_carea' id='block_1_69' title="bbox 293 2376 1079 2413">
    <p class='ocr_par' dir='ltr' id='par_1_69' title="bbox 293 2376 1079 2413">
     <span class='ocr_line' id='line_1_69' title="bbox 293 2376 1079 2413; baseline -0.005 -8"><span class='ocrx_word' id='word_1_495' title='bbox 293 2379 373 2413; x_wconf 81' lang='lat'><strong>307</strong></span> <span class='ocrx_word' id='word_1_496' title='bbox 387 2377 507 2413; x_wconf 78' lang='lat' dir='ltr'><strong>cujuSvis</strong></span> <span class='ocrx_word' id='word_1_497' title='bbox 530 2378 593 2405; x_wconf 92' lang='lat' dir='ltr'><strong>boni</strong></span> <span class='ocrx_word' id='word_1_498' title='bbox 608 2378 696 2412; x_wconf 87' lang='lat' dir='ltr'><strong>copia,</strong></span> <span class='ocrx_word' id='word_1_499' title='bbox 721 2385 730 2402; x_wconf 78' lang='grc' dir='ltr'><strong>ι</strong></span> <span class='ocrx_word' id='word_1_500' title='bbox 746 2377 865 2411; x_wconf 85' lang='lat' dir='ltr'><strong>speravit</strong></span> <span class='ocrx_word' id='word_1_501' title='bbox 880 2376 1007 2402; x_wconf 84' lang='lat' dir='ltr'><strong>invocare</strong></span> <span class='ocrx_word' id='word_1_502' title='bbox 1028 2382 1079 2401; x_wconf 91' lang='lat' dir='ltr'><strong>no-</strong></span> 
     </span>
    </p>
   </div>
   <div class='ocr_carea' id='block_1_70' title="bbox 295 2421 1078 2457">
    <p class='ocr_par' dir='ltr' id='par_1_70' title="bbox 295 2421 1078 2457">
     <span class='ocr_line' id='line_1_70' title="bbox 295 2421 1078 2457; baseline -0.005 -6"><span class='ocrx_word' id='word_1_503' title='bbox 295 2432 356 2451; x_wconf 90' lang='lat' dir='ltr'><strong>men</strong></span> <span class='ocrx_word' id='word_1_504' title='bbox 370 2423 476 2451; x_wconf 90' lang='lat' dir='ltr'><strong>Domini</strong></span> <span class='ocrx_word' id='word_1_505' title='bbox 489 2423 548 2457; x_wconf 91' lang='lat' dir='ltr'><strong>Dei,</strong></span> <span class='ocrx_word' id='word_1_506' title='bbox 563 2433 573 2450; x_wconf 76' lang='grc' dir='ltr'><strong>ι</strong></span> <span class='ocrx_word' id='word_1_507' title='bbox 592 2431 654 2451; x_wconf 92' lang='lat' dir='ltr'><strong>cum</strong></span> <span class='ocrx_word' id='word_1_508' title='bbox 668 2430 730 2450; x_wconf 87' lang='lat' dir='ltr'><strong>eum</strong></span> <span class='ocrx_word' id='word_1_509' title='bbox 747 2423 798 2450; x_wconf 90' lang='lat' dir='ltr'><strong>sibi</strong></span> <span class='ocrx_word' id='word_1_510' title='bbox 812 2426 972 2449; x_wconf 84' lang='lat' dir='ltr'><strong>cunctorum</strong></span> <span class='ocrx_word' id='word_1_511' title='bbox 993 2421 1078 2447; x_wconf 91' lang='lat' dir='ltr'><strong>animi</strong></span> 
     </span>
    </p>
   </div>
   <div class='ocr_carea' id='block_1_71' title="bbox 295 2469 1079 2504">
    <p class='ocr_par' dir='ltr' id='par_1_71' title="bbox 295 2469 1079 2504">
     <span class='ocr_line' id='line_1_71' title="bbox 295 2469 1079 2504; baseline -0.005 -7"><span class='ocrx_word' id='word_1_512' title='bbox 295 2469 376 2497; x_wconf 86' lang='lat' dir='ltr'><strong>simul</strong></span> <span class='ocrx_word' id='word_1_513' title='bbox 398 2475 426 2497; x_wconf 89' lang='lat' dir='ltr'><strong>et</strong></span> <span class='ocrx_word' id='word_1_514' title='bbox 445 2470 568 2504; x_wconf 89' lang='lat' dir='ltr'><strong>corporis</strong></span> <span class='ocrx_word' id='word_1_515' title='bbox 584 2470 718 2496; x_wconf 91' lang='lat' dir='ltr'><strong>bonorum</strong></span> <span class='ocrx_word' id='word_1_516' title='bbox 742 2469 900 2495; x_wconf 82' lang='lat' dir='ltr'><strong>thesaurum</strong></span> <span class='ocrx_word' id='word_1_517' title='bbox 918 2474 1079 2501; x_wconf 85' lang='lat' dir='ltr'><strong>comparas—</strong></span> 
     </span>
    </p>
   </div>
   <div class='ocr_carea' id='block_1_72' title="bbox 295 2513 1079 2550">
    <p class='ocr_par' dir='ltr' id='par_1_72' title="bbox 295 2513 1079 2550">
     <span class='ocr_line' id='line_1_72' title="bbox 295 2513 1079 2550; baseline -0.001 -9"><span class='ocrx_word' id='word_1_518' title='bbox 295 2519 347 2541; x_wconf 85' lang='lat' dir='ltr'><strong>set.</strong></span> <span class='ocrx_word' id='word_1_519' title='bbox 366 2513 451 2546; x_wconf 83' lang='lat' dir='ltr'><strong>Quam</strong></span> <span class='ocrx_word' id='word_1_520' title='bbox 466 2516 501 2542; x_wconf 91' lang='lat' dir='ltr'><strong>ob</strong></span> <span class='ocrx_word' id='word_1_521' title='bbox 514 2523 626 2543; x_wconf 86' lang='lat' dir='ltr'><strong>causam</strong></span> <span class='ocrx_word' id='word_1_522' title='bbox 642 2515 759 2550; x_wconf 88' lang='lat' dir='ltr'><strong>primum</strong></span> <span class='ocrx_word' id='word_1_523' title='bbox 779 2521 841 2541; x_wconf 88' lang='lat' dir='ltr'><strong>eum</strong></span> <span class='ocrx_word' id='word_1_524' title='bbox 858 2520 968 2548; x_wconf 88' lang='lat' dir='ltr'><strong>quoque</strong></span> <span class='ocrx_word' id='word_1_525' title='bbox 983 2521 1079 2540; x_wconf 88' lang='lat' dir='ltr'><strong>verum</strong></span> 
     </span>
    </p>
   </div>
   <div class='ocr_carea' id='block_1_73' title="bbox 297 2559 1080 2596">
    <p class='ocr_par' dir='ltr' id='par_1_73' title="bbox 297 2559 1080 2596">
     <span class='ocr_line' id='line_1_73' title="bbox 297 2559 1080 2596; baseline -0.001 -9"><span class='ocrx_word' id='word_1_526' title='bbox 297 2560 434 2587; x_wconf 88' lang='lat' dir='ltr'><strong>hominem</strong></span> <span class='ocrx_word' id='word_1_527' title='bbox 451 2561 569 2589; x_wconf 84' lang='lat' dir='ltr'><strong>audiisse</strong></span> <span class='ocrx_word' id='word_1_528' title='bbox 585 2561 689 2588; x_wconf 66' lang='lat' dir='ltr'><strong>Hebr-mi</strong></span> <span class='ocrx_word' id='word_1_529' title='bbox 710 2561 898 2596; x_wconf 89' lang='lat' dir='ltr'><strong>prodiderunt.</strong></span> <span class='ocrx_word' id='word_1_530' title='bbox 916 2559 989 2587; x_wconf 91' lang='lat' dir='ltr'><strong>Enos</strong></span> <span class='ocrx_word' id='word_1_531' title='bbox 1013 2567 1080 2587; x_wconf 86' lang='lat' dir='ltr'><strong>sane</strong></span> 
     </span>
    </p>
   </div>
   <div class='ocr_carea' id='block_1_74' title="bbox 297 2606 1080 2642">
    <p class='ocr_par' dir='ltr' id='par_1_74' title="bbox 297 2606 1080 2642">
     <span class='ocr_line' id='line_1_74' title="bbox 297 2606 1080 2642; baseline -0.001 -9"><span class='ocrx_word' id='word_1_532' title='bbox 297 2606 419 2641; x_wconf 83' lang='lat' dir='ltr'><strong>quidem.</strong></span> <span class='ocrx_word' id='word_1_533' title='bbox 437 2607 490 2634; x_wconf 90' lang='lat' dir='ltr'><strong>hoc</strong></span> <span class='ocrx_word' id='word_1_534' title='bbox 505 2613 547 2636; x_wconf 85' lang='lat' dir='ltr'><strong>est</strong></span> <span class='ocrx_word' id='word_1_535' title='bbox 571 2616 645 2635; x_wconf 82' lang='lat' dir='ltr'><strong>verus</strong></span> <span class='ocrx_word' id='word_1_536' title='bbox 659 2608 746 2641; x_wconf 85' lang='lat' dir='ltr'><strong>homo,</strong></span> <span class='ocrx_word' id='word_1_537' title='bbox 767 2607 918 2642; x_wconf 88' lang='lat' dir='ltr'><strong>appellatus</strong></span> <span class='ocrx_word' id='word_1_538' title='bbox 937 2606 998 2639; x_wconf 81' lang='lat' dir='ltr'><strong>fuit,</strong></span> <span class='ocrx_word' id='word_1_539' title='bbox 1012 2614 1080 2633; x_wconf 89' lang='lat' dir='ltr'><strong>con-</strong></span> 
     </span>
    </p>
   </div>
   <div class='ocr_carea' id='block_1_75' title="bbox 297 2652 1078 2689">
    <p class='ocr_par' dir='ltr' id='par_1_75' title="bbox 297 2652 1078 2689">
     <span class='ocr_line' id='line_1_75' title="bbox 297 2652 1078 2689; baseline -0.004 -9"><span class='ocrx_word' id='word_1_540' title='bbox 297 2659 410 2687; x_wconf 78' lang='lat' dir='ltr'><strong>gruente</strong></span> <span class='ocrx_word' id='word_1_541' title='bbox 420 2654 564 2682; x_wconf 87' lang='lat' dir='ltr'><strong>admodum</strong></span> <span class='ocrx_word' id='word_1_542' title='bbox 577 2659 693 2689; x_wconf 83' lang='lat' dir='ltr'><strong>aptaque</strong></span> <span class='ocrx_word' id='word_1_543' title='bbox 703 2654 822 2681; x_wconf 89' lang='lat' dir='ltr'><strong>nominis</strong></span> <span class='ocrx_word' id='word_1_544' title='bbox 837 2654 954 2680; x_wconf 85' lang='lat' dir='ltr'><strong>ratione.</strong></span> <span class='ocrx_word' id='word_1_545' title='bbox 972 2652 1000 2679; x_wconf 90' lang='lat' dir='ltr'><strong>ln</strong></span> <span class='ocrx_word' id='word_1_546' title='bbox 1015 2659 1078 2678; x_wconf 90' lang='lat' dir='ltr'><strong>eum</strong></span> 
     </span>
    </p>
   </div>
   <div class='ocr_carea' id='block_1_76' title="bbox 296 2697 1079 2736">
    <p class='ocr_par' dir='ltr' id='par_1_76' title="bbox 296 2697 1079 2736">
     <span class='ocr_line' id='line_1_76' title="bbox 296 2697 1079 2736; baseline -0.003 -10"><span class='ocrx_word' id='word_1_547' title='bbox 296 2699 369 2726; x_wconf 92' lang='lat' dir='ltr'><strong>enim</strong></span> <span class='ocrx_word' id='word_1_548' title='bbox 386 2699 473 2726; x_wconf 90' lang='lat' dir='ltr'><strong>solum</strong></span> <span class='ocrx_word' id='word_1_549' title='bbox 489 2701 546 2727; x_wconf 88' lang='lat' dir='ltr'><strong>veri</strong></span> <span class='ocrx_word' id='word_1_550' title='bbox 570 2701 691 2728; x_wconf 89' lang='lat' dir='ltr'><strong>hominis</strong></span> <span class='ocrx_word' id='word_1_551' title='bbox 707 2699 914 2736; x_wconf 86' lang='lat' dir='ltr'><strong>appellationem</strong></span> <span class='ocrx_word' id='word_1_552' title='bbox 932 2697 1079 2725; x_wconf 87' lang='lat' dir='ltr'><strong>convenire</strong></span> 
     </span>
    </p>
   </div>
   <div class='ocr_carea' id='block_1_77' title="bbox 297 2743 1077 2780">
    <p class='ocr_par' dir='ltr' id='par_1_77' title="bbox 297 2743 1077 2780">
     <span class='ocr_line' id='line_1_77' title="bbox 297 2743 1077 2780; baseline -0.004 -7"><span class='ocrx_word' id='word_1_553' title='bbox 297 2746 460 2778; x_wconf 85' lang='lat' dir='ltr'><strong>statuebant,</strong></span> <span class='ocrx_word' id='word_1_554' title='bbox 487 2746 532 2780; x_wconf 91' lang='lat' dir='ltr'><strong>qui</strong></span> <span class='ocrx_word' id='word_1_555' title='bbox 559 2745 605 2772; x_wconf 88' lang='lat' dir='ltr'><strong>Dei</strong></span> <span class='ocrx_word' id='word_1_556' title='bbox 626 2746 751 2774; x_wconf 89' lang='lat' dir='ltr'><strong>notitiam</strong></span> <span class='ocrx_word' id='word_1_557' title='bbox 777 2751 943 2779; x_wconf 83' lang='lat' dir='ltr'><strong>sensumque</strong></span> <span class='ocrx_word' id='word_1_558' title='bbox 968 2743 1077 2779; x_wconf 79' lang='lat' dir='ltr'><strong>pietatis</strong></span> 
     </span>
    </p>
   </div>
   <div class='ocr_carea' id='block_1_78' title="bbox 334 2828 738 2872">
    <p class='ocr_par' dir='ltr' id='par_1_78' title="bbox 334 2828 738 2872">
     <span class='ocr_line' id='line_1_78' title="bbox 334 2828 738 2872; baseline 0.005 -10"><span class='ocrx_word' id='word_1_559' title='bbox 334 2836 390 2872; x_wconf 78' lang='lat'><strong>(67)</strong></span> <span class='ocrx_word' id='word_1_560' title='bbox 403 2828 485 2864; x_wconf 73' lang='lat' dir='ltr'><strong>Enos.</strong></span> <span class='ocrx_word' id='word_1_561' title='bbox 499 2835 540 2865; x_wconf 78' lang='lat' dir='ltr'><strong>Cf.</strong></span> <span class='ocrx_word' id='word_1_562' title='bbox 553 2836 620 2866; x_wconf 82' lang='lat' dir='ltr'><strong>Gen.</strong></span> <span class='ocrx_word' id='word_1_563' title='bbox 636 2845 672 2871; x_wconf 81' lang='lat' dir='ltr'><strong>tv,</strong></span> <span class='ocrx_word' id='word_1_564' title='bbox 689 2837 738 2864; x_wconf 90' lang='lat' dir='ltr'><strong>ult.</strong></span> 
     </span>
    </p>
   </div>
   <div class='ocr_carea' id='block_1_79' title="bbox 1126 1148 1920 1184">
    <p class='ocr_par' dir='ltr' id='par_1_79' title="bbox 1126 1148 1920 1184">
     <span class='ocr_line' id='line_1_79' title="bbox 1126 1148 1920 1184; baseline -0.001 -8"><span class='ocrx_word' id='word_1_565' title='bbox 1126 1150 1179 1177; x_wconf 83' lang='grc' dir='ltr'><strong>τῶν</strong></span> <span class='ocrx_word' id='word_1_566' title='bbox 1195 1149 1384 1184; x_wconf 72' lang='grc' dir='ltr'><strong>ἐπιστημόνων</strong></span> <span class='ocrx_word' id='word_1_567' title='bbox 1408 1148 1613 1180; x_wconf 55' lang='grc' dir='ltr'>πανοάνεσθαη</span> <span class='ocrx_word' id='word_1_568' title='bbox 1636 1148 1715 1174; x_wconf 76' lang='grc' dir='ltr'>Οὕτω</span> <span class='ocrx_word' id='word_1_569' title='bbox 1738 1148 1770 1184; x_wconf 82' lang='grc' dir='ltr'>δὴ</span> <span class='ocrx_word' id='word_1_570' title='bbox 1795 1148 1867 1174; x_wconf 79' lang='grc' dir='ltr'>κατὰ</span> <span class='ocrx_word' id='word_1_571' title='bbox 1886 1148 1920 1175; x_wconf 82' lang='grc' dir='ltr'><strong>τὺ</strong></span> 
     </span>
    </p>
   </div>
   <div class='ocr_carea' id='block_1_80' title="bbox 1127 1194 1918 1230">
    <p class='ocr_par' dir='ltr' id='par_1_80' title="bbox 1127 1194 1918 1230">
     <span class='ocr_line' id='line_1_80' title="bbox 1127 1194 1918 1230; baseline -0.003 -8"><span class='ocrx_word' id='word_1_572' title='bbox 1127 1195 1269 1223; x_wconf 82' lang='grc' dir='ltr'>ἀκόλουθον</span> <span class='ocrx_word' id='word_1_573' title='bbox 1282 1194 1402 1230; x_wconf 75' lang='grc' dir='ltr'>ἡγοῦμαι</span> <span class='ocrx_word' id='word_1_574' title='bbox 1415 1195 1469 1222; x_wconf 76' lang='grc' dir='ltr'>δεῖν</span> <span class='ocrx_word' id='word_1_575' title='bbox 1481 1195 1528 1221; x_wconf 68' lang='grc' dir='ltr'>καὶ</span> <span class='ocrx_word' id='word_1_576' title='bbox 1541 1195 1575 1221; x_wconf 81' lang='grc' dir='ltr'><strong>τὰ</strong></span> <span class='ocrx_word' id='word_1_577' title='bbox 1595 1194 1726 1230; x_wconf 78' lang='grc' dir='ltr'>Ἐϐραίων</span> <span class='ocrx_word' id='word_1_578' title='bbox 1743 1195 1774 1221; x_wconf 81' lang='grc' dir='ltr'>ὲκ</span> <span class='ocrx_word' id='word_1_579' title='bbox 1786 1194 1840 1220; x_wconf 85' lang='grc' dir='ltr'>τῶν</span> <span class='ocrx_word' id='word_1_580' title='bbox 1852 1195 1918 1230; x_wconf 83' lang='grc' dir='ltr'>παρ’</span> 
     </span>
    </p>
   </div>
   <div class='ocr_carea' id='block_1_81' title="bbox 1134 1239 1921 1278">
    <p class='ocr_par' dir='ltr' id='par_1_81' title="bbox 1134 1239 1921 1278">
     <span class='ocr_line' id='line_1_81' title="bbox 1134 1239 1921 1278; baseline -0.003 -10"><span class='ocrx_word' id='word_1_581' title='bbox 1134 1242 1268 1278; x_wconf 78' lang='grc' dir='ltr'>Ἑϐραίοις</span> <span class='ocrx_word' id='word_1_582' title='bbox 1282 1241 1389 1276; x_wconf 78' lang='grc' dir='ltr'><strong>λογίων,</strong></span> <span class='ocrx_word' id='word_1_583' title='bbox 1403 1240 1470 1268; x_wconf 81' lang='grc' dir='ltr'>ἀλλὰ</span> <span class='ocrx_word' id='word_1_584' title='bbox 1487 1241 1524 1276; x_wconf 84' lang='grc' dir='ltr'>μὴ</span> <span class='ocrx_word' id='word_1_585' title='bbox 1545 1240 1655 1267; x_wconf 79' lang='grc' dir='ltr'>ἄλλοθέν</span> <span class='ocrx_word' id='word_1_586' title='bbox 1684 1239 1765 1267; x_wconf 81' lang='grc' dir='ltr'>ποθεν</span> <span class='ocrx_word' id='word_1_587' title='bbox 1791 1240 1921 1274; x_wconf 82' lang='grc' dir='ltr'>ἀποδέχε-</span> 
     </span>
    </p>
   </div>
   <div class='ocr_carea' id='block_1_82' title="bbox 1129 1286 1919 1324">
    <p class='ocr_par' dir='ltr' id='par_1_82' title="bbox 1129 1286 1919 1324">
     <span class='ocr_line' id='line_1_82' title="bbox 1129 1286 1919 1324; baseline -0.005 -8"><span class='ocrx_word' id='word_1_588' title='bbox 1129 1291 1201 1317; x_wconf 80' lang='grc' dir='ltr'>σθαι.</span> <span class='ocrx_word' id='word_1_589' title='bbox 1227 1290 1332 1324; x_wconf 80' lang='grc' dir='ltr'>Ὠσπερ</span> <span class='ocrx_word' id='word_1_590' title='bbox 1361 1286 1407 1315; x_wconf 81' lang='grc' dir='ltr'><strong>οὖν</strong></span> <span class='ocrx_word' id='word_1_591' title='bbox 1423 1290 1437 1315; x_wconf 83' lang='grc' dir='ltr'>ὁ</span> <span class='ocrx_word' id='word_1_592' title='bbox 1455 1288 1531 1324; x_wconf 72' lang='grc' dir='ltr'>παρὰ</span> <span class='ocrx_word' id='word_1_593' title='bbox 1563 1288 1667 1319; x_wconf 79' lang='grc' dir='ltr'>τούτοις</span> <span class='ocrx_word' id='word_1_594' title='bbox 1692 1287 1801 1322; x_wconf 81' lang='grc' dir='ltr'><strong>κατέχει</strong></span> <span class='ocrx_word' id='word_1_595' title='bbox 1827 1286 1919 1321; x_wconf 78' lang='grc' dir='ltr'>λόγος,</span> 
     </span>
    </p>
   </div>
   <div class='ocr_carea' id='block_1_83' title="bbox 1128 1333 1920 1372">
    <p class='ocr_par' dir='ltr' id='par_1_83' title="bbox 1128 1333 1920 1372">
     <span class='ocr_line' id='line_1_83' title="bbox 1128 1333 1920 1372; baseline -0.006 -8"><span class='ocrx_word' id='word_1_596' title='bbox 1128 1336 1229 1364; x_wconf 74' lang='grc' dir='ltr'>ἄνωθεν</span> <span class='ocrx_word' id='word_1_597' title='bbox 1247 1336 1300 1372; x_wconf 81' lang='grc' dir='ltr'><strong>πρὸ</strong></span> <span class='ocrx_word' id='word_1_598' title='bbox 1315 1335 1362 1362; x_wconf 80' lang='grc' dir='ltr'>τοῦ</span> <span class='ocrx_word' id='word_1_599' title='bbox 1378 1334 1581 1369; x_wconf 75' lang='grc' dir='ltr'>κατακλυσμοῦ,</span> <span class='ocrx_word' id='word_1_600' title='bbox 1594 1335 1626 1361; x_wconf 82' lang='grc' dir='ltr'>ὲκ</span> <span class='ocrx_word' id='word_1_601' title='bbox 1645 1333 1756 1370; x_wconf 75' lang='grc' dir='ltr'>πρώτης</span> <span class='ocrx_word' id='word_1_602' title='bbox 1767 1333 1920 1370; x_wconf 78' lang='grc' dir='ltr'>ἀνθρώπων</span> 
     </span>
    </p>
   </div>
   <div class='ocr_carea' id='block_1_84' title="bbox 1128 1379 1920 1417">
    <p class='ocr_par' dir='ltr' id='par_1_84' title="bbox 1128 1379 1920 1417">
     <span class='ocr_line' id='line_1_84' title="bbox 1128 1379 1920 1417; baseline -0.004 -9"><span class='ocrx_word' id='word_1_603' title='bbox 1128 1382 1270 1417; x_wconf 82' lang='grc' dir='ltr'>γενέσεως,</span> <span class='ocrx_word' id='word_1_604' title='bbox 1287 1382 1333 1408; x_wconf 75' lang='grc' dir='ltr'>καὶ</span> <span class='ocrx_word' id='word_1_605' title='bbox 1349 1382 1388 1413; x_wconf 80' lang='grc' dir='ltr'><strong>είς</strong></span> <span class='ocrx_word' id='word_1_606' title='bbox 1401 1380 1450 1412; x_wconf 79' lang='grc' dir='ltr'><strong>τὰς</strong></span> <span class='ocrx_word' id='word_1_607' title='bbox 1465 1380 1528 1415; x_wconf 81' lang='grc' dir='ltr'><strong>ὲξῆς</strong></span> <span class='ocrx_word' id='word_1_608' title='bbox 1548 1380 1682 1415; x_wconf 76' lang='grc' dir='ltr'>διαδοχὰς,</span> <span class='ocrx_word' id='word_1_609' title='bbox 1695 1379 1827 1414; x_wconf 77' lang='grc' dir='ltr'>θεοφιλεῖς</span> <span class='ocrx_word' id='word_1_610' title='bbox 1846 1387 1920 1410; x_wconf 86' lang='grc' dir='ltr'>τινες</span> 
     </span>
    </p>
   </div>
   <div class='ocr_carea' id='block_1_85' title="bbox 1129 1423 1922 1463">
    <p class='ocr_par' dir='ltr' id='par_1_85' title="bbox 1129 1423 1922 1463">
     <span class='ocr_line' id='line_1_85' title="bbox 1129 1423 1922 1463; baseline -0.004 -9"><span class='ocrx_word' id='word_1_611' title='bbox 1129 1427 1224 1463; x_wconf 79' lang='grc' dir='ltr'>ἄνδρες</span> <span class='ocrx_word' id='word_1_612' title='bbox 1237 1427 1375 1461; x_wconf 79' lang='grc' dir='ltr'>γεγόνασι,</span> <span class='ocrx_word' id='word_1_613' title='bbox 1391 1426 1438 1452; x_wconf 73' lang='grc' dir='ltr'><strong>καὶ</strong></span> <span class='ocrx_word' id='word_1_614' title='bbox 1452 1427 1550 1453; x_wconf 87' lang='grc' dir='ltr'>δίκαιοι</span> <span class='ocrx_word' id='word_1_615' title='bbox 1567 1426 1687 1457; x_wconf 85' lang='grc' dir='ltr'>πλείους,</span> <span class='ocrx_word' id='word_1_616' title='bbox 1713 1423 1749 1452; x_wconf 85' lang='grc' dir='ltr'><strong>ὧν</strong></span> <span class='ocrx_word' id='word_1_617' title='bbox 1764 1426 1778 1451; x_wconf 84' lang='grc' dir='ltr'>ὁ</span> <span class='ocrx_word' id='word_1_618' title='bbox 1789 1425 1838 1460; x_wconf 85' lang='grc' dir='ltr'>μὲν</span> <span class='ocrx_word' id='word_1_619' title='bbox 1854 1435 1863 1450; x_wconf 77' lang='grc' dir='ltr'><strong>ι</strong></span> <span class='ocrx_word' id='word_1_620' title='bbox 1875 1425 1922 1460; x_wconf 76' lang='grc' dir='ltr'><strong>ἥλ-</strong></span> 
     </span>
    </p>
   </div>
   <div class='ocr_carea' id='block_1_86' title="bbox 1130 1470 1918 1506">
    <p class='ocr_par' dir='ltr' id='par_1_86' title="bbox 1130 1470 1918 1506">
     <span class='ocr_line' id='line_1_86' title="bbox 1130 1470 1918 1506; baseline -0.005 -6"><span class='ocrx_word' id='word_1_621' title='bbox 1130 1482 1207 1500; x_wconf 85' lang='grc' dir='ltr'>πισεν</span> <span class='ocrx_word' id='word_1_622' title='bbox 1237 1472 1424 1500; x_wconf 82' lang='grc' dir='ltr'>ἐπικαλεῖσθαι</span> <span class='ocrx_word' id='word_1_623' title='bbox 1450 1472 1480 1498; x_wconf 71' lang='grc' dir='ltr'>τὸ</span> <span class='ocrx_word' id='word_1_624' title='bbox 1503 1471 1587 1506; x_wconf 72' lang='grc' dir='ltr'>ὄνομα</span> <span class='ocrx_word' id='word_1_625' title='bbox 1622 1471 1723 1506; x_wconf 79' lang='grc' dir='ltr'>Κυρίου</span> <span class='ocrx_word' id='word_1_626' title='bbox 1748 1470 1796 1497; x_wconf 79' lang='grc' dir='ltr'>τοῦ</span> <span class='ocrx_word' id='word_1_627' title='bbox 1821 1470 1918 1496; x_wconf 69' lang='grc' dir='ltr'><strong>Θεοῦ.»</strong></span> 
     </span>
    </p>
   </div>
   <div class='ocr_carea' id='block_1_87' title="bbox 1130 1515 1922 1554">
    <p class='ocr_par' dir='ltr' id='par_1_87' title="bbox 1130 1515 1922 1554">
     <span class='ocr_line' id='line_1_87' title="bbox 1130 1515 1922 1554; baseline -0.005 -9"><span class='ocrx_word' id='word_1_628' title='bbox 1130 1518 1214 1545; x_wconf 81' lang='grc' dir='ltr'>Τοῦτο</span> <span class='ocrx_word' id='word_1_629' title='bbox 1225 1518 1253 1545; x_wconf 82' lang='grc' dir='ltr'>δὲ</span> <span class='ocrx_word' id='word_1_630' title='bbox 1266 1518 1340 1554; x_wconf 76' lang='grc' dir='ltr'>δηλοῖ</span> <span class='ocrx_word' id='word_1_631' title='bbox 1347 1518 1377 1543; x_wconf 77' lang='grc' dir='ltr'>τὸ</span> <span class='ocrx_word' id='word_1_632' title='bbox 1394 1517 1494 1553; x_wconf 72' lang='grc' dir='ltr'>μηδένα</span> <span class='ocrx_word' id='word_1_633' title='bbox 1509 1516 1577 1551; x_wconf 75' lang='grc' dir='ltr'>πλὴν</span> <span class='ocrx_word' id='word_1_634' title='bbox 1594 1515 1647 1542; x_wconf 84' lang='grc' dir='ltr'><strong>τῶν</strong></span> <span class='ocrx_word' id='word_1_635' title='bbox 1671 1516 1797 1542; x_wconf 83' lang='grc' dir='ltr'>ἁπάντων</span> <span class='ocrx_word' id='word_1_636' title='bbox 1812 1515 1858 1541; x_wconf 79' lang='grc' dir='ltr'>τὸν</span> <span class='ocrx_word' id='word_1_637' title='bbox 1869 1515 1922 1550; x_wconf 85' lang='grc' dir='ltr'><strong>δη-</strong></span> 
     </span>
    </p>
   </div>
   <div class='ocr_carea' id='block_1_88' title="bbox 1131 1560 1922 1600">
    <p class='ocr_par' dir='ltr' id='par_1_88' title="bbox 1131 1560 1922 1600">
     <span class='ocr_line' id='line_1_88' title="bbox 1131 1560 1922 1600; baseline -0.006 -9"><span class='ocrx_word' id='word_1_638' title='bbox 1131 1565 1261 1600; x_wconf 78' lang='grc' dir='ltr'>μιουργὸν</span> <span class='ocrx_word' id='word_1_639' title='bbox 1277 1564 1409 1599; x_wconf 76' lang='grc' dir='ltr'><strong>δεσπότην</strong></span> <span class='ocrx_word' id='word_1_640' title='bbox 1426 1563 1493 1598; x_wconf 73' lang='grc' dir='ltr'>ὁμοῦ</span> <span class='ocrx_word' id='word_1_641' title='bbox 1509 1563 1556 1589; x_wconf 77' lang='grc' dir='ltr'><strong>καὶ</strong></span> <span class='ocrx_word' id='word_1_642' title='bbox 1573 1562 1637 1588; x_wconf 84' lang='grc' dir='ltr'>Θεὸν</span> <span class='ocrx_word' id='word_1_643' title='bbox 1652 1561 1705 1588; x_wconf 83' lang='grc' dir='ltr'>τῶν</span> <span class='ocrx_word' id='word_1_644' title='bbox 1725 1561 1792 1587; x_wconf 81' lang='grc' dir='ltr'>ὅλων</span> <span class='ocrx_word' id='word_1_645' title='bbox 1805 1560 1922 1596; x_wconf 80' lang='grc' dir='ltr'>ἐπιγρὰ-</span> 
     </span>
    </p>
   </div>
   <div class='ocr_carea' id='block_1_89' title="bbox 1129 1607 1923 1646">
    <p class='ocr_par' dir='ltr' id='par_1_89' title="bbox 1129 1607 1923 1646">
     <span class='ocr_line' id='line_1_89' title="bbox 1129 1607 1923 1646; baseline -0.005 -9"><span class='ocrx_word' id='word_1_646' title='bbox 1129 1611 1242 1646; x_wconf 71' lang='grc' dir='ltr'>ψασθαι.</span> <span class='ocrx_word' id='word_1_647' title='bbox 1256 1610 1406 1636; x_wconf 76' lang='grc' dir='ltr'>Πεπεῖσθαι</span> <span class='ocrx_word' id='word_1_648' title='bbox 1419 1609 1472 1645; x_wconf 84' lang='grc' dir='ltr'><strong>γὰρ</strong></span> <span class='ocrx_word' id='word_1_649' title='bbox 1486 1609 1566 1635; x_wconf 71' lang='grc' dir='ltr'>αὐτὸν</span> <span class='ocrx_word' id='word_1_650' title='bbox 1590 1608 1620 1634; x_wconf 81' lang='grc' dir='ltr'>οὐ</span> <span class='ocrx_word' id='word_1_651' title='bbox 1638 1608 1716 1643; x_wconf 86' lang='grc' dir='ltr'>μόνον</span> <span class='ocrx_word' id='word_1_652' title='bbox 1735 1608 1862 1642; x_wconf 79' lang='grc' dir='ltr'>ποιητικῇ</span> <span class='ocrx_word' id='word_1_653' title='bbox 1873 1607 1923 1633; x_wconf 82' lang='grc' dir='ltr'>δυ-</span> 
     </span>
    </p>
   </div>
   <div class='ocr_carea' id='block_1_90' title="bbox 1130 1653 1924 1693">
    <p class='ocr_par' dir='ltr' id='par_1_90' title="bbox 1130 1653 1924 1693">
     <span class='ocr_line' id='line_1_90' title="bbox 1130 1653 1924 1693; baseline -0.005 -9"><span class='ocrx_word' id='word_1_654' title='bbox 1130 1658 1210 1693; x_wconf 83' lang='grc' dir='ltr'>νάμει</span> <span class='ocrx_word' id='word_1_655' title='bbox 1225 1655 1253 1684; x_wconf 78' lang='grc' dir='ltr'>εὖ</span> <span class='ocrx_word' id='word_1_656' title='bbox 1269 1657 1316 1683; x_wconf 69' lang='grc' dir='ltr'>καὶ</span> <span class='ocrx_word' id='word_1_657' title='bbox 1331 1658 1359 1682; x_wconf 83' lang='grc' dir='ltr'><strong>ὲν</strong></span> <span class='ocrx_word' id='word_1_658' title='bbox 1374 1657 1469 1691; x_wconf 81' lang='grc' dir='ltr'>κόσμῳ</span> <span class='ocrx_word' id='word_1_659' title='bbox 1489 1655 1519 1681; x_wconf 81' lang='grc' dir='ltr'>τὸ</span> <span class='ocrx_word' id='word_1_660' title='bbox 1545 1655 1599 1681; x_wconf 80' lang='grc' dir='ltr'>πᾶν</span> <span class='ocrx_word' id='word_1_661' title='bbox 1631 1654 1834 1685; x_wconf 81' lang='grc' dir='ltr'>διατεθεικέναι,</span> <span class='ocrx_word' id='word_1_662' title='bbox 1853 1653 1924 1680; x_wconf 83' lang='grc' dir='ltr'>ἀλλὰ</span> 
     </span>
    </p>
   </div>
   <div class='ocr_carea' id='block_1_91' title="bbox 1130 1699 1925 1737">
    <p class='ocr_par' dir='ltr' id='par_1_91' title="bbox 1130 1699 1925 1737">
     <span class='ocr_line' id='line_1_91' title="bbox 1130 1699 1925 1737; baseline -0.006 -7"><span class='ocrx_word' id='word_1_663' title='bbox 1130 1704 1178 1730; x_wconf 68' lang='grc' dir='ltr'><strong>καὶ</strong></span> <span class='ocrx_word' id='word_1_664' title='bbox 1191 1702 1321 1729; x_wconf 80' lang='grc' dir='ltr'>δεσπότου</span> <span class='ocrx_word' id='word_1_665' title='bbox 1336 1702 1424 1737; x_wconf 83' lang='grc' dir='ltr'>δίκην,</span> <span class='ocrx_word' id='word_1_666' title='bbox 1436 1701 1473 1733; x_wconf 84' lang='grc' dir='ltr'>ὡς</span> <span class='ocrx_word' id='word_1_667' title='bbox 1488 1702 1520 1728; x_wconf 84' lang='grc' dir='ltr'>ἂν</span> <span class='ocrx_word' id='word_1_668' title='bbox 1534 1701 1654 1736; x_wconf 74' lang='grc' dir='ltr'>μεγάλης</span> <span class='ocrx_word' id='word_1_669' title='bbox 1667 1699 1779 1731; x_wconf 81' lang='grc' dir='ltr'>πόλεως,</span> <span class='ocrx_word' id='word_1_670' title='bbox 1794 1699 1841 1726; x_wconf 76' lang='grc' dir='ltr'>τοῦ</span> <span class='ocrx_word' id='word_1_671' title='bbox 1856 1699 1925 1734; x_wconf 80' lang='grc' dir='ltr'>σύμ-</span> 
     </span>
    </p>
   </div>
   <div class='ocr_carea' id='block_1_92' title="bbox 1133 1745 1924 1783">
    <p class='ocr_par' dir='ltr' id='par_1_92' title="bbox 1133 1745 1924 1783">
     <span class='ocr_line' id='line_1_92' title="bbox 1133 1745 1924 1783; baseline -0.005 -8"><span class='ocrx_word' id='word_1_672' title='bbox 1133 1757 1233 1780; x_wconf 84' lang='grc' dir='ltr'>παντος</span> <span class='ocrx_word' id='word_1_673' title='bbox 1248 1747 1394 1783; x_wconf 76' lang='grc' dir='ltr'>κυριεύειν,</span> <span class='ocrx_word' id='word_1_674' title='bbox 1422 1748 1573 1782; x_wconf 81' lang='grc' dir='ltr'>οίκονομεῖν</span> <span class='ocrx_word' id='word_1_675' title='bbox 1599 1755 1629 1772; x_wconf 90' lang='grc' dir='ltr'><strong>τε</strong></span> <span class='ocrx_word' id='word_1_676' title='bbox 1659 1746 1705 1772; x_wconf 76' lang='grc' dir='ltr'>καὶ</span> <span class='ocrx_word' id='word_1_677' title='bbox 1724 1745 1924 1772; x_wconf 80' lang='grc' dir='ltr'>οἰκοδεσποτεῖν</span> 
     </span>
    </p>
   </div>
   <div class='ocr_carea' id='block_1_93' title="bbox 1131 1787 1924 1830">
    <p class='ocr_par' dir='ltr' id='par_1_93' title="bbox 1131 1787 1924 1830">
     <span class='ocr_line' id='line_1_93' title="bbox 1131 1787 1924 1830; baseline -0.005 -9"><span class='ocrx_word' id='word_1_678' title='bbox 1131 1794 1198 1830; x_wconf 78' lang='grc' dir='ltr'>ὁμοῦ</span> <span class='ocrx_word' id='word_1_679' title='bbox 1212 1794 1258 1820; x_wconf 73' lang='grc' dir='ltr'>καὶ</span> <span class='ocrx_word' id='word_1_680' title='bbox 1271 1793 1372 1829; x_wconf 82' lang='grc' dir='ltr'>Κύριον</span> <span class='ocrx_word' id='word_1_681' title='bbox 1385 1793 1449 1819; x_wconf 76' lang='grc' dir='ltr'>ὂντα</span> <span class='ocrx_word' id='word_1_682' title='bbox 1459 1793 1506 1819; x_wconf 74' lang='grc' dir='ltr'>καὶ</span> <span class='ocrx_word' id='word_1_683' title='bbox 1518 1792 1640 1827; x_wconf 80' lang='grc' dir='ltr'><strong>βασιλέα,</strong></span> <span class='ocrx_word' id='word_1_684' title='bbox 1653 1792 1700 1818; x_wconf 73' lang='grc' dir='ltr'>καὶ</span> <span class='ocrx_word' id='word_1_685' title='bbox 1720 1791 1795 1818; x_wconf 80' lang='grc' dir='ltr'><strong>Θεὸν·</strong></span> <span class='ocrx_word' id='word_1_686' title='bbox 1814 1787 1844 1817; x_wconf 75' lang='grc' dir='ltr'><strong>οὗ</strong></span> <span class='ocrx_word' id='word_1_687' title='bbox 1872 1791 1924 1826; x_wconf 76' lang='grc' dir='ltr'>τὴν</span> 
     </span>
    </p>
   </div>
   <div class='ocr_carea' id='block_1_94' title="bbox 1131 1837 1924 1875">
    <p class='ocr_par' dir='ltr' id='par_1_94' title="bbox 1131 1837 1924 1875">
     <span class='ocr_line' id='line_1_94' title="bbox 1131 1837 1924 1875; baseline -0.004 -9"><span class='ocrx_word' id='word_1_688' title='bbox 1131 1841 1167 1872; x_wconf 83' lang='grc' dir='ltr'>ὡς</span> <span class='ocrx_word' id='word_1_689' title='bbox 1179 1840 1282 1875; x_wconf 82' lang='grc' dir='ltr'>Κυρίου</span> <span class='ocrx_word' id='word_1_690' title='bbox 1312 1839 1358 1866; x_wconf 82' lang='grc' dir='ltr'>καὶ</span> <span class='ocrx_word' id='word_1_691' title='bbox 1385 1839 1453 1865; x_wconf 83' lang='grc' dir='ltr'><strong>Θεοῦ</strong></span> <span class='ocrx_word' id='word_1_692' title='bbox 1478 1838 1580 1865; x_wconf 78' lang='grc' dir='ltr'>ἔννοιάν</span> <span class='ocrx_word' id='word_1_693' title='bbox 1606 1846 1636 1864; x_wconf 88' lang='grc' dir='ltr'><strong>τε</strong></span> <span class='ocrx_word' id='word_1_694' title='bbox 1662 1837 1710 1864; x_wconf 74' lang='grc' dir='ltr'>καὶ</span> <span class='ocrx_word' id='word_1_695' title='bbox 1734 1837 1924 1873; x_wconf 74' lang='grc' dir='ltr'>προσηγορίαν</span> 
     </span>
    </p>
   </div>
   <div class='ocr_carea' id='block_1_95' title="bbox 1132 1883 1923 1922">
    <p class='ocr_par' dir='ltr' id='par_1_95' title="bbox 1132 1883 1923 1922">
     <span class='ocr_line' id='line_1_95' title="bbox 1132 1883 1923 1922; baseline -0.004 -10"><span class='ocrx_word' id='word_1_696' title='bbox 1132 1885 1238 1922; x_wconf 87' lang='grc' dir='ltr'>πρῶτος</span> <span class='ocrx_word' id='word_1_697' title='bbox 1257 1887 1270 1912; x_wconf 77' lang='grc' dir='ltr'>ὁ</span> <span class='ocrx_word' id='word_1_698' title='bbox 1286 1885 1449 1921; x_wconf 86' lang='grc' dir='ltr'>δηλούμενος</span> <span class='ocrx_word' id='word_1_699' title='bbox 1478 1884 1604 1920; x_wconf 71' lang='grc' dir='ltr'>θεοφιλὴς</span> <span class='ocrx_word' id='word_1_700' title='bbox 1632 1885 1661 1910; x_wconf 73' lang='grc' dir='ltr'>ἐν</span> <span class='ocrx_word' id='word_1_701' title='bbox 1684 1883 1722 1918; x_wconf 83' lang='grc' dir='ltr'><strong>νῷ</strong></span> <span class='ocrx_word' id='word_1_702' title='bbox 1747 1883 1923 1918; x_wconf 78' lang='grc' dir='ltr'>βαλλόμενος,</span> 
     </span>
    </p>
   </div>
   <div class='ocr_carea' id='block_1_96' title="bbox 1131 1929 1924 1967">
    <p class='ocr_par' dir='ltr' id='par_1_96' title="bbox 1131 1929 1924 1967">
     <span class='ocr_line' id='line_1_96' title="bbox 1131 1929 1924 1967; baseline -0.001 -10"><span class='ocrx_word' id='word_1_703' title='bbox 1131 1931 1191 1957; x_wconf 74' lang='grc' dir='ltr'>ἀντὶ</span> <span class='ocrx_word' id='word_1_704' title='bbox 1203 1931 1294 1966; x_wconf 81' lang='grc' dir='ltr'><strong>πάσης</strong></span> <span class='ocrx_word' id='word_1_705' title='bbox 1309 1930 1463 1967; x_wconf 78' lang='grc' dir='ltr'><strong>ὑπάρξεως,</strong></span> <span class='ocrx_word' id='word_1_706' title='bbox 1475 1930 1521 1957; x_wconf 78' lang='grc' dir='ltr'>καὶ</span> <span class='ocrx_word' id='word_1_707' title='bbox 1535 1930 1730 1965; x_wconf 77' lang='grc' dir='ltr'>προσηγορίας,</span> <span class='ocrx_word' id='word_1_708' title='bbox 1747 1929 1795 1955; x_wconf 78' lang='grc' dir='ltr'><strong>καὶ</strong></span> <span class='ocrx_word' id='word_1_709' title='bbox 1809 1937 1924 1964; x_wconf 75' lang='grc' dir='ltr'>περιουο</span> 
     </span>
    </p>
   </div>
   <div class='ocr_carea' id='block_1_97' title="bbox 1132 1974 1925 2012">
    <p class='ocr_par' dir='ltr' id='par_1_97' title="bbox 1132 1974 1925 2012">
     <span class='ocr_line' id='line_1_97' title="bbox 1132 1974 1925 2012; baseline -0.005 -9"><span class='ocrx_word' id='word_1_710' title='bbox 1132 1977 1202 2008; x_wconf 80' lang='grc' dir='ltr'>σίας,</span> <span class='ocrx_word' id='word_1_711' title='bbox 1219 1977 1318 2012; x_wconf 82' lang='grc' dir='ltr'>μᾶλλον</span> <span class='ocrx_word' id='word_1_712' title='bbox 1339 1977 1367 2004; x_wconf 73' lang='grc' dir='ltr'>δὲ</span> <span class='ocrx_word' id='word_1_713' title='bbox 1389 1976 1448 2002; x_wconf 79' lang='grc' dir='ltr'><strong>ἀντὶ</strong></span> <span class='ocrx_word' id='word_1_714' title='bbox 1472 1975 1569 2006; x_wconf 79' lang='grc' dir='ltr'>παντὸς</span> <span class='ocrx_word' id='word_1_715' title='bbox 1580 1974 1681 2008; x_wconf 82' lang='grc' dir='ltr'>ἀγαθοῦ</span> <span class='ocrx_word' id='word_1_716' title='bbox 1703 1984 1712 2000; x_wconf 77' lang='grc' dir='ltr'><strong>ι</strong></span> <span class='ocrx_word' id='word_1_717' title='bbox 1727 1974 1841 2010; x_wconf 72' lang='grc' dir='ltr'>ἤλπισεν</span> <span class='ocrx_word' id='word_1_718' title='bbox 1865 1975 1925 2000; x_wconf 79' lang='grc' dir='ltr'>ὲπι-</span> 
     </span>
    </p>
   </div>
   <div class='ocr_carea' id='block_1_98' title="bbox 1131 2017 1924 2056">
    <p class='ocr_par' dir='ltr' id='par_1_98' title="bbox 1131 2017 1924 2056">
     <span class='ocr_line' id='line_1_98' title="bbox 1131 2017 1924 2056; baseline -0.005 -8"><span class='ocrx_word' id='word_1_719' title='bbox 1131 2021 1271 2048; x_wconf 84' lang='grc' dir='ltr'>καλεῖσθαι</span> <span class='ocrx_word' id='word_1_720' title='bbox 1286 2021 1315 2047; x_wconf 84' lang='grc' dir='ltr'>τὸ</span> <span class='ocrx_word' id='word_1_721' title='bbox 1327 2020 1414 2056; x_wconf 73' lang='grc' dir='ltr'>ὄνομα</span> <span class='ocrx_word' id='word_1_722' title='bbox 1430 2020 1532 2055; x_wconf 86' lang='grc' dir='ltr'>Κυρίου</span> <span class='ocrx_word' id='word_1_723' title='bbox 1546 2018 1592 2045; x_wconf 75' lang='grc' dir='ltr'>τοῦ</span> <span class='ocrx_word' id='word_1_724' title='bbox 1608 2018 1687 2050; x_wconf 82' lang='grc' dir='ltr'>Θεοῦ,</span> <span class='ocrx_word' id='word_1_725' title='bbox 1699 2027 1708 2044; x_wconf 72' lang='grc' dir='ltr'><strong>ι</strong></span> <span class='ocrx_word' id='word_1_726' title='bbox 1725 2018 1820 2045; x_wconf 75' lang='grc' dir='ltr'>τοῦτον</span> <span class='ocrx_word' id='word_1_727' title='bbox 1833 2017 1924 2053; x_wconf 69' lang='grc' dir='ltr'>ἑαυτῷ</span> 
     </span>
    </p>
   </div>
   <div class='ocr_carea' id='block_1_99' title="bbox 1132 2063 1925 2101">
    <p class='ocr_par' dir='ltr' id='par_1_99' title="bbox 1132 2063 1925 2101">
     <span class='ocr_line' id='line_1_99' title="bbox 1132 2063 1925 2101; baseline -0.005 -9"><span class='ocrx_word' id='word_1_728' title='bbox 1132 2065 1267 2101; x_wconf 74' lang='grc' dir='ltr'>Θὴσαυρὺν</span> <span class='ocrx_word' id='word_1_729' title='bbox 1279 2065 1388 2100; x_wconf 84' lang='grc' dir='ltr'>ἀγαθῶν</span> <span class='ocrx_word' id='word_1_730' title='bbox 1403 2064 1492 2099; x_wconf 76' lang='grc' dir='ltr'>ψυχῆς</span> <span class='ocrx_word' id='word_1_731' title='bbox 1507 2072 1536 2090; x_wconf 77' lang='grc' dir='ltr'><strong>τε</strong></span> <span class='ocrx_word' id='word_1_732' title='bbox 1553 2063 1620 2098; x_wconf 84' lang='grc' dir='ltr'>ὁμοῦ</span> <span class='ocrx_word' id='word_1_733' title='bbox 1636 2063 1682 2090; x_wconf 69' lang='grc' dir='ltr'>καὶ</span> <span class='ocrx_word' id='word_1_734' title='bbox 1700 2063 1825 2098; x_wconf 80' lang='grc' dir='ltr'>σώματος</span> <span class='ocrx_word' id='word_1_735' title='bbox 1839 2071 1925 2089; x_wconf 77' lang='grc' dir='ltr'>πεπο-</span> 
     </span>
    </p>
   </div>
   <div class='ocr_carea' id='block_1_100' title="bbox 1134 2109 1923 2147">
    <p class='ocr_par' dir='ltr' id='par_1_100' title="bbox 1134 2109 1923 2147">
     <span class='ocr_line' id='line_1_100' title="bbox 1134 2109 1923 2147; baseline -0.005 -9"><span class='ocrx_word' id='word_1_736' title='bbox 1134 2112 1270 2147; x_wconf 82' lang='grc' dir='ltr'>ρισμένος.</span> <span class='ocrx_word' id='word_1_737' title='bbox 1289 2111 1364 2147; x_wconf 82' lang='grc' dir='ltr'>Παρὺ</span> <span class='ocrx_word' id='word_1_738' title='bbox 1391 2111 1436 2137; x_wconf 77' lang='grc' dir='ltr'>καὶ</span> <span class='ocrx_word' id='word_1_739' title='bbox 1455 2109 1562 2146; x_wconf 78' lang='grc' dir='ltr'>πρῶτος</span> <span class='ocrx_word' id='word_1_740' title='bbox 1583 2109 1684 2145; x_wconf 81' lang='grc' dir='ltr'>ἀληθὴς</span> <span class='ocrx_word' id='word_1_741' title='bbox 1698 2109 1840 2144; x_wconf 76' lang='grc' dir='ltr'>ἄνθρωπος</span> <span class='ocrx_word' id='word_1_742' title='bbox 1853 2117 1923 2144; x_wconf 81' lang='grc' dir='ltr'><strong>χρη-</strong></span> 
     </span>
    </p>
   </div>
   <div class='ocr_carea' id='block_1_101' title="bbox 1133 2153 1924 2193">
    <p class='ocr_par' dir='ltr' id='par_1_101' title="bbox 1133 2153 1924 2193">
     <span class='ocr_line' id='line_1_101' title="bbox 1133 2153 1924 2193; baseline -0.006 -9"><span class='ocrx_word' id='word_1_743' title='bbox 1133 2158 1244 2193; x_wconf 84' lang='grc' dir='ltr'>ματίσαι</span> <span class='ocrx_word' id='word_1_744' title='bbox 1256 2158 1321 2192; x_wconf 83' lang='grc' dir='ltr'>παρ’</span> <span class='ocrx_word' id='word_1_745' title='bbox 1347 2156 1482 2192; x_wconf 77' lang='grc' dir='ltr'>Ἑϐραίοις</span> <span class='ocrx_word' id='word_1_746' title='bbox 1507 2155 1724 2191; x_wconf 82' lang='grc' dir='ltr'>ἀναγέγραπται.</span> <span class='ocrx_word' id='word_1_747' title='bbox 1746 2153 1886 2188; x_wconf 81' lang='grc' dir='ltr'>Κέκληται</span> <span class='ocrx_word' id='word_1_748' title='bbox 1900 2153 1924 2180; x_wconf 77' lang='grc' dir='ltr'>δ’</span> 
     </span>
    </p>
   </div>
   <div class='ocr_carea' id='block_1_102' title="bbox 1131 2199 1923 2238">
    <p class='ocr_par' dir='ltr' id='par_1_102' title="bbox 1131 2199 1923 2238">
     <span class='ocr_line' id='line_1_102' title="bbox 1131 2199 1923 2238; baseline -0.006 -8"><span class='ocrx_word' id='word_1_749' title='bbox 1131 2201 1177 2230; x_wconf 76' lang='grc' dir='ltr'><strong>οὖν</strong></span> <span class='ocrx_word' id='word_1_750' title='bbox 1197 2203 1289 2236; x_wconf 75' lang='grc' dir='ltr'>Ἐνώς,</span> <span class='ocrx_word' id='word_1_751' title='bbox 1303 2203 1369 2238; x_wconf 84' lang='grc' dir='ltr'>ὅπερ</span> <span class='ocrx_word' id='word_1_752' title='bbox 1386 2203 1459 2228; x_wconf 75' lang='grc' dir='ltr'>ἐστὶν</span> <span class='ocrx_word' id='word_1_753' title='bbox 1488 2201 1589 2236; x_wconf 73' lang='grc' dir='ltr'><strong>ἀληθὴς</strong></span> <span class='ocrx_word' id='word_1_754' title='bbox 1608 2201 1760 2236; x_wconf 80' lang='grc' dir='ltr'>ἄνθρωπος,</span> <span class='ocrx_word' id='word_1_755' title='bbox 1785 2199 1923 2234; x_wconf 65' lang='lat' dir='ltr'><strong>sui)ququ</strong></span> 
     </span>
    </p>
   </div>
   <div class='ocr_carea' id='block_1_103' title="bbox 1133 2245 1923 2285">
    <p class='ocr_par' dir='ltr' id='par_1_103' title="bbox 1133 2245 1923 2285">
     <span class='ocr_line' id='line_1_103' title="bbox 1133 2245 1923 2285; baseline -0.006 -10"><span class='ocrx_word' id='word_1_756' title='bbox 1133 2248 1318 2285; x_wconf 81' lang='grc' dir='ltr'>προσωνυμίᾳ.</span> <span class='ocrx_word' id='word_1_757' title='bbox 1331 2248 1397 2274; x_wconf 80' lang='grc' dir='ltr'>Οὐδὲ</span> <span class='ocrx_word' id='word_1_758' title='bbox 1413 2248 1467 2283; x_wconf 85' lang='grc' dir='ltr'><strong>γὰρ</strong></span> <span class='ocrx_word' id='word_1_759' title='bbox 1478 2247 1555 2274; x_wconf 80' lang='grc' dir='ltr'>ἄλλον</span> <span class='ocrx_word' id='word_1_760' title='bbox 1570 2246 1650 2281; x_wconf 71' lang='grc' dir='ltr'>φασὶν</span> <span class='ocrx_word' id='word_1_761' title='bbox 1673 2245 1759 2280; x_wconf 83' lang='grc' dir='ltr'><strong>ἀληθῆ</strong></span> <span class='ocrx_word' id='word_1_762' title='bbox 1774 2245 1923 2281; x_wconf 80' lang='grc' dir='ltr'>προσήκειν</span> 
     </span>
    </p>
   </div>
   <div class='ocr_carea' id='block_1_104' title="bbox 1132 2289 1924 2331">
    <p class='ocr_par' dir='ltr' id='par_1_104' title="bbox 1132 2289 1924 2331">
     <span class='ocr_line' id='line_1_104' title="bbox 1132 2289 1924 2331; baseline -0.006 -10"><span class='ocrx_word' id='word_1_763' title='bbox 1132 2294 1257 2331; x_wconf 76' lang='grc' dir='ltr'>ἡγεῖσθαι</span> <span class='ocrx_word' id='word_1_764' title='bbox 1278 2294 1325 2321; x_wconf 59' lang='grc' dir='ltr'><strong>καὶ¹</strong></span> <span class='ocrx_word' id='word_1_765' title='bbox 1352 2293 1494 2328; x_wconf 80' lang='grc' dir='ltr'>ὀνομάζειν</span> <span class='ocrx_word' id='word_1_766' title='bbox 1511 2292 1653 2328; x_wconf 77' lang='grc' dir='ltr'>ἄνθρωπον</span> <span class='ocrx_word' id='word_1_767' title='bbox 1670 2292 1687 2327; x_wconf 82' lang='grc' dir='ltr'>ἢ</span> <span class='ocrx_word' id='word_1_768' title='bbox 1701 2292 1747 2318; x_wconf 80' lang='grc' dir='ltr'>τὸν</span> <span class='ocrx_word' id='word_1_769' title='bbox 1770 2290 1838 2317; x_wconf 83' lang='grc' dir='ltr'><strong>Θεοῦ</strong></span> <span class='ocrx_word' id='word_1_770' title='bbox 1852 2289 1924 2324; x_wconf 85' lang='grc' dir='ltr'><strong>γνώ-</strong></span> 
     </span>
    </p>
   </div>
   <div class='ocr_carea' id='block_1_105' title="bbox 1133 2337 1923 2375">
    <p class='ocr_par' dir='ltr' id='par_1_105' title="bbox 1133 2337 1923 2375">
     <span class='ocr_line' id='line_1_105' title="bbox 1133 2337 1923 2375; baseline -0.004 -9"><span class='ocrx_word' id='word_1_771' title='bbox 1133 2349 1202 2372; x_wconf 86' lang='grc' dir='ltr'>σεως</span> <span class='ocrx_word' id='word_1_772' title='bbox 1216 2341 1262 2366; x_wconf 78' lang='grc' dir='ltr'>καὶ</span> <span class='ocrx_word' id='word_1_773' title='bbox 1274 2339 1414 2371; x_wconf 70' lang='grc' dir='ltr'>εὐσεϐείας</span> <span class='ocrx_word' id='word_1_774' title='bbox 1427 2340 1568 2375; x_wconf 74' lang='grc' dir='ltr'>ἐπήϐολον,</span> <span class='ocrx_word' id='word_1_775' title='bbox 1580 2339 1625 2366; x_wconf 79' lang='grc' dir='ltr'><strong>τὸν</strong></span> <span class='ocrx_word' id='word_1_776' title='bbox 1645 2337 1751 2373; x_wconf 82' lang='grc' dir='ltr'><strong>ἀληθῶς</strong></span> <span class='ocrx_word' id='word_1_777' title='bbox 1772 2337 1923 2372; x_wconf 76' lang='grc' dir='ltr'>γνωστικδν</span> 
     </span>
    </p>
   </div>
   <div class='ocr_carea' id='block_1_106' title="bbox 1133 2383 1921 2421">
    <p class='ocr_par' dir='ltr' id='par_1_106' title="bbox 1133 2383 1921 2421">
     <span class='ocr_line' id='line_1_106' title="bbox 1133 2383 1921 2421; baseline -0.005 -9"><span class='ocrx_word' id='word_1_778' title='bbox 1133 2385 1199 2421; x_wconf 83' lang='grc' dir='ltr'>ὁμοῦ</span> <span class='ocrx_word' id='word_1_779' title='bbox 1212 2386 1258 2412; x_wconf 83' lang='grc' dir='ltr'>καὶ</span> <span class='ocrx_word' id='word_1_780' title='bbox 1271 2386 1380 2421; x_wconf 78' lang='grc' dir='ltr'>εὐσεϐῆ.</span> <span class='ocrx_word' id='word_1_781' title='bbox 1395 2387 1456 2412; x_wconf 86' lang='grc' dir='ltr'>Ὅτι</span> <span class='ocrx_word' id='word_1_782' title='bbox 1476 2385 1509 2421; x_wconf 83' lang='grc' dir='ltr'>δὴ</span> <span class='ocrx_word' id='word_1_783' title='bbox 1534 2386 1597 2416; x_wconf 75' lang='grc' dir='ltr'>τοὺς</span> <span class='ocrx_word' id='word_1_784' title='bbox 1613 2385 1649 2419; x_wconf 80' lang='grc' dir='ltr'>μὴ</span> <span class='ocrx_word' id='word_1_785' title='bbox 1665 2383 1814 2415; x_wconf 77' lang='grc' dir='ltr'>τοιούτους,</span> <span class='ocrx_word' id='word_1_786' title='bbox 1836 2383 1921 2419; x_wconf 84' lang='grc' dir='ltr'>θρεμ-</span> 
     </span>
    </p>
   </div>
   <div class='ocr_carea' id='block_1_107' title="bbox 1098 2427 1921 2466">
    <p class='ocr_par' dir='ltr' id='par_1_107' title="bbox 1098 2427 1921 2466">
     <span class='ocr_line' id='line_1_107' title="bbox 1098 2427 1921 2466; baseline -0.002 -9"><span class='ocrx_word' id='word_1_787' title='bbox 1098 2435 1120 2462; x_wconf 86' lang='lat' dir='ltr'><strong>D</strong></span> <span class='ocrx_word' id='word_1_788' title='bbox 1137 2431 1228 2466; x_wconf 80' lang='grc' dir='ltr'>μάτων</span> <span class='ocrx_word' id='word_1_789' title='bbox 1244 2431 1303 2458; x_wconf 87' lang='grc' dir='ltr'>κατ’</span> <span class='ocrx_word' id='word_1_790' title='bbox 1322 2431 1398 2458; x_wconf 78' lang='grc' dir='ltr'>οὐδὲν</span> <span class='ocrx_word' id='word_1_791' title='bbox 1408 2431 1512 2465; x_wconf 80' lang='grc' dir='ltr'>ἀλόγων</span> <span class='ocrx_word' id='word_1_792' title='bbox 1536 2430 1724 2465; x_wconf 76' lang='grc' dir='ltr'>διαφέροντας,</span> <span class='ocrx_word' id='word_1_793' title='bbox 1737 2427 1781 2456; x_wconf 86' lang='grc' dir='ltr'>οἷα</span> <span class='ocrx_word' id='word_1_794' title='bbox 1799 2429 1845 2455; x_wconf 74' lang='grc' dir='ltr'><strong>ἐπὶ</strong></span> <span class='ocrx_word' id='word_1_795' title='bbox 1871 2437 1921 2463; x_wconf 83' lang='grc' dir='ltr'>γα-</span> 
     </span>
    </p>
   </div>
   <div class='ocr_carea' id='block_1_108' title="bbox 1137 2475 1923 2513">
    <p class='ocr_par' dir='ltr' id='par_1_108' title="bbox 1137 2475 1923 2513">
     <span class='ocr_line' id='line_1_108' title="bbox 1137 2475 1923 2513; baseline -0.001 -10"><span class='ocrx_word' id='word_1_796' title='bbox 1137 2476 1220 2513; x_wconf 84' lang='grc' dir='ltr'>στέρα</span> <span class='ocrx_word' id='word_1_797' title='bbox 1233 2478 1279 2503; x_wconf 82' lang='grc' dir='ltr'>καὶ</span> <span class='ocrx_word' id='word_1_798' title='bbox 1289 2477 1384 2512; x_wconf 73' lang='grc' dir='ltr'>ἡδονὴν</span> <span class='ocrx_word' id='word_1_799' title='bbox 1411 2479 1524 2513; x_wconf 82' lang='grc' dir='ltr'>πρηνεῖς</span> <span class='ocrx_word' id='word_1_800' title='bbox 1544 2477 1808 2512; x_wconf 74' lang='grc' dir='ltr'>καταῧεϐλημένους,</span> <span class='ocrx_word' id='word_1_801' title='bbox 1836 2475 1923 2511; x_wconf 84' lang='grc' dir='ltr'>θῆρας</span> 
     </span>
    </p>
   </div>
   <div class='ocr_carea' id='block_1_109' title="bbox 1138 2520 1922 2558">
    <p class='ocr_par' dir='ltr' id='par_1_109' title="bbox 1138 2520 1922 2558">
     <span class='ocr_line' id='line_1_109' title="bbox 1138 2520 1922 2558; baseline -0.003 -10"><span class='ocrx_word' id='word_1_802' title='bbox 1138 2522 1236 2558; x_wconf 73' lang='grc' dir='ltr'>μᾶλλον</span> <span class='ocrx_word' id='word_1_803' title='bbox 1264 2522 1279 2557; x_wconf 78' lang='grc' dir='ltr'>ἢ</span> <span class='ocrx_word' id='word_1_804' title='bbox 1303 2521 1462 2557; x_wconf 85' lang='grc' dir='ltr'>ἀνθρώπους</span> <span class='ocrx_word' id='word_1_805' title='bbox 1496 2524 1512 2558; x_wconf 93' lang='grc' dir='ltr'><strong>ή</strong></span> <span class='ocrx_word' id='word_1_806' title='bbox 1534 2521 1665 2557; x_wconf 82' lang='grc' dir='ltr'>Ἐϐραίων</span> <span class='ocrx_word' id='word_1_807' title='bbox 1692 2520 1838 2547; x_wconf 84' lang='grc' dir='ltr'>ἀποκαλεῖν</span> <span class='ocrx_word' id='word_1_808' title='bbox 1848 2520 1922 2547; x_wconf 74' lang='grc' dir='ltr'>διδά-</span> 
     </span>
    </p>
   </div>
   <div class='ocr_carea' id='block_1_110' title="bbox 1137 2567 1922 2605">
    <p class='ocr_par' dir='ltr' id='par_1_110' title="bbox 1137 2567 1922 2605">
     <span class='ocr_line' id='line_1_110' title="bbox 1137 2567 1922 2605; baseline -0.001 -11"><span class='ocrx_word' id='word_1_809' title='bbox 1137 2576 1196 2594; x_wconf 87' lang='grc' dir='ltr'>σκει</span> <span class='ocrx_word' id='word_1_810' title='bbox 1219 2568 1320 2603; x_wconf 81' lang='grc' dir='ltr'>γραφὴ,</span> <span class='ocrx_word' id='word_1_811' title='bbox 1350 2568 1534 2605; x_wconf 85' lang='grc' dir='ltr'>κυριολεκτεῖν</span> <span class='ocrx_word' id='word_1_812' title='bbox 1562 2568 1703 2604; x_wconf 73' lang='grc' dir='ltr'>είθισμένη</span> <span class='ocrx_word' id='word_1_813' title='bbox 1722 2567 1771 2599; x_wconf 81' lang='grc' dir='ltr'><strong>τὰς</strong></span> <span class='ocrx_word' id='word_1_814' title='bbox 1788 2575 1922 2603; x_wconf 73' lang='grc' dir='ltr'>προσηγο-</span> 
     </span>
    </p>
   </div>
   <div class='ocr_carea' id='block_1_111' title="bbox 1137 2612 1921 2650">
    <p class='ocr_par' dir='ltr' id='par_1_111' title="bbox 1137 2612 1921 2650">
     <span class='ocr_line' id='line_1_111' title="bbox 1137 2612 1921 2650; baseline -0.001 -11"><span class='ocrx_word' id='word_1_815' title='bbox 1137 2613 1207 2649; x_wconf 85' lang='grc' dir='ltr'>ρίας.</span> <span class='ocrx_word' id='word_1_816' title='bbox 1228 2615 1302 2650; x_wconf 77' lang='grc' dir='ltr'>Παρο</span> <span class='ocrx_word' id='word_1_817' title='bbox 1314 2615 1377 2646; x_wconf 79' lang='grc' dir='ltr'>τοὺς</span> <span class='ocrx_word' id='word_1_818' title='bbox 1391 2615 1509 2641; x_wconf 79' lang='grc' dir='ltr'>τοιούσδε</span> <span class='ocrx_word' id='word_1_819' title='bbox 1519 2614 1579 2641; x_wconf 77' lang='grc' dir='ltr'>τοτὲ</span> <span class='ocrx_word' id='word_1_820' title='bbox 1592 2613 1640 2649; x_wconf 77' lang='grc' dir='ltr'><strong>μὲν</strong></span> <span class='ocrx_word' id='word_1_821' title='bbox 1655 2613 1751 2644; x_wconf 85' lang='grc' dir='ltr'>λύκους</span> <span class='ocrx_word' id='word_1_822' title='bbox 1768 2613 1814 2647; x_wconf 75' lang='grc' dir='ltr'>καὶ</span> <span class='ocrx_word' id='word_1_823' title='bbox 1828 2612 1921 2644; x_wconf 80' lang='grc' dir='ltr'>κύνας,</span> 
     </span>
    </p>
   </div>
   <div class='ocr_carea' id='block_1_112' title="bbox 1135 2658 1924 2696">
    <p class='ocr_par' dir='ltr' id='par_1_112' title="bbox 1135 2658 1924 2696">
     <span class='ocr_line' id='line_1_112' title="bbox 1135 2658 1924 2696; baseline -0.001 -11"><span class='ocrx_word' id='word_1_824' title='bbox 1135 2660 1195 2686; x_wconf 75' lang='grc' dir='ltr'>τοτὲ</span> <span class='ocrx_word' id='word_1_825' title='bbox 1213 2660 1241 2686; x_wconf 78' lang='grc' dir='ltr'>δὲ</span> <span class='ocrx_word' id='word_1_826' title='bbox 1258 2660 1323 2692; x_wconf 79' lang='grc' dir='ltr'>σύας</span> <span class='ocrx_word' id='word_1_827' title='bbox 1342 2660 1450 2696; x_wconf 81' lang='grc' dir='ltr'>φορυτῷ</span> <span class='ocrx_word' id='word_1_828' title='bbox 1466 2660 1622 2696; x_wconf 74' lang='grc' dir='ltr'>χρωμένους</span> <span class='ocrx_word' id='word_1_829' title='bbox 1644 2660 1692 2686; x_wconf 76' lang='grc' dir='ltr'>καὶ</span> <span class='ocrx_word' id='word_1_830' title='bbox 1704 2659 1859 2694; x_wconf 84' lang='grc' dir='ltr'>χαίροντας,</span> <span class='ocrx_word' id='word_1_831' title='bbox 1876 2658 1924 2684; x_wconf 82' lang='grc' dir='ltr'>καὶ</span> 
     </span>
    </p>
   </div>
   <div class='ocr_carea' id='block_1_113' title="bbox 1136 2703 1922 2741">
    <p class='ocr_par' dir='ltr' id='par_1_113' title="bbox 1136 2703 1922 2741">
     <span class='ocr_line' id='line_1_113' title="bbox 1136 2703 1922 2741; baseline -0.004 -9"><span class='ocrx_word' id='word_1_832' title='bbox 1136 2706 1216 2732; x_wconf 74' lang='grc' dir='ltr'>πάλιν</span> <span class='ocrx_word' id='word_1_833' title='bbox 1227 2706 1338 2741; x_wconf 73' lang='grc' dir='ltr'>ἑρπετὰ,</span> <span class='ocrx_word' id='word_1_834' title='bbox 1351 2708 1398 2733; x_wconf 72' lang='grc' dir='ltr'>καὶ</span> <span class='ocrx_word' id='word_1_835' title='bbox 1414 2706 1499 2741; x_wconf 77' lang='grc' dir='ltr'>ὄφεις,</span> <span class='ocrx_word' id='word_1_836' title='bbox 1526 2707 1582 2737; x_wconf 78' lang='grc' dir='ltr'>τοῖς</span> <span class='ocrx_word' id='word_1_837' title='bbox 1610 2705 1660 2740; x_wconf 83' lang='grc' dir='ltr'>τῆς</span> <span class='ocrx_word' id='word_1_838' title='bbox 1677 2704 1775 2735; x_wconf 77' lang='grc' dir='ltr'>κακίας</span> <span class='ocrx_word' id='word_1_839' title='bbox 1793 2703 1922 2738; x_wconf 79' lang='grc' dir='ltr'>πολυτρό-</span> 
     </span>
    </p>
   </div>
   <div class='ocr_carea' id='block_1_114' title="bbox 1136 2749 1923 2789">
    <p class='ocr_par' dir='ltr' id='par_1_114' title="bbox 1136 2749 1923 2789">
     <span class='ocr_line' id='line_1_114' title="bbox 1136 2749 1923 2789; baseline -0.01 -5"><span class='ocrx_word' id='word_1_840' title='bbox 1136 2760 1197 2784; x_wconf 81' lang='grc' dir='ltr'>ποις</span> <span class='ocrx_word' id='word_1_841' title='bbox 1208 2752 1334 2789; x_wconf 78' lang='grc' dir='ltr'>ἐμφερῶς</span> <span class='ocrx_word' id='word_1_842' title='bbox 1350 2753 1443 2786; x_wconf 78' lang='grc' dir='ltr'>εῖδεσι,</span> <span class='ocrx_word' id='word_1_843' title='bbox 1456 2751 1668 2788; x_wconf 86' lang='grc' dir='ltr'>προσαγορεύειν</span> <span class='ocrx_word' id='word_1_844' title='bbox 1679 2749 1784 2778; x_wconf 75' lang='grc' dir='ltr'>εἴωθεν.</span> <span class='ocrx_word' id='word_1_845' title='bbox 1796 2750 1828 2777; x_wconf 84' lang='grc' dir='ltr'><strong>Εἰ</strong></span> <span class='ocrx_word' id='word_1_846' title='bbox 1838 2750 1866 2776; x_wconf 75' lang='grc' dir='ltr'>δὲ</span> <span class='ocrx_word' id='word_1_847' title='bbox 1877 2749 1923 2777; x_wconf 79' lang='grc' dir='ltr'>καὶ</span> 
     </span>
    </p>
   </div>
  </div>
