2063 3211
171 167 222 198 Ei]

751 164 901 195 PBEPAR.
922 163 1049 194 EVANG.
1059 163 1124 194 LIB.
1145 163 1201 194 νη.

1747 171 1799 199 εει

137 237 155 270 -ε
172 237 237 256 ποτε
253 228 300 255 τὸν
315 213 403 256 κοινὸν
426 227 472 255 καὶ
486 228 569 255 πολὺν
583 227 736 263 ἄνθρωπον,
762 228 809 255 καὶ
831 228 862 255 τὸ
884 228 952 263 γένος

1012 232 1178 256 consecutus
1197 232 1281 262 esset,
1303 229 1425 263 adeoque
1447 236 1511 256 vera
1537 233 1595 256 tum
1618 230 1799 265 cognoscendi

170 275 236 303 αὐτὸ
247 274 338 310 χρεὼν
351 274 527 310 διασημῆναι,
548 274 629 301 πάλιν
642 274 730 309 οἰκείᾳ
752 275 799 301 καὶ
825 275 961 310 προσφυεῖ

169 320 298 357 χρωμένη
312 320 491 356 προσηγορίᾳ,
518 319 563 345 τὸν
580 319 668 346 πάντα
692 319 834 355 ἄνθρωπον
851 321 883 354 τῇ
911 319 958 345 τοῦ

175 366 262 402 Ἀδὰμ
277 366 421 402 ἐπωνυμίᾳ
436 366 588 401 σημαίνειν·
611 366 652 391 ὅτι
672 365 703 400 δὴ
728 365 807 391 τοῦτο
834 365 872 400 τῷ
894 373 960 400 προ-

168 413 239 447 γόνῳ
264 413 311 439 καὶ
325 413 433 439 πάντων
459 411 608 447 ἀνθρώπων
623 412 784 448 προπάτορι,
806 412 899 448 κύριον
923 411 960 438 εἷ-

169 468 211 486 ναι
225 459 273 485 καὶ
286 459 424 494 προσφυὲς
441 458 536 493 ονομα,
563 458 608 484 τὸν
630 459 732 493 γηγενῆ
761 458 866 494 δηλοῦν,
889 457 959 485 κατὰ

148 517 152 520 ε
167 506 216 542 ιτὴν
232 506 273 537 εἰς
293 504 406 531 Ἐλλάδα
426 505 518 540 φωνὴν
538 504 698 539 μετάληψιν,
711 505 863 539 ὑποφαίνει.
880 505 913 531 ~0
927 507 961 539 γέ

167 559 208 578 τοι
229 550 314 582 Ἑνὼς
328 551 435 587 πρῶτος
447 550 577 585 θεοφιλῶν
608 551 672 585 παρ’
696 550 829 585 Ἑϐραίοις
853 550 960 586 ἱστόρη-

165 606 223 628 ται,
238 597 300 624 ἐπεὶ
314 597 421 632 πρῶτος
446 606 455 622 ι
469 597 601 623 Ἥλπισεν
616 596 803 623 ἐπικαλεῖσθαι
831 597 861 622 τὸ
873 597 958 631 ὄνομα

167 642 271 679 Κυρίου
290 642 337 669 τοῦ
353 641 432 674 Θεοῦ,
451 653 460 668 ι
473 642 503 668 τὸ
516 642 585 669 κατὰ
598 642 687 677 ψυχὴν
701 643 834 677 παριστὰς
850 643 958 677 λογικὸν

165 689 251 721 ὅντως
266 689 426 724 γνωστικδν,
452 689 563 724 καὶτῆς
586 690 649 724 περὶ
671 690 702 716 τὸ
716 690 792 716 Θεῖον
818 691 958 722 εὐσεϐείας

164 735 387 772 ὲπιστημονικὸψ
402 732 439 762 ὧν
451 735 481 761 τὸ
499 734 547 770 μὲν
576 735 684 770 πρῶτον
714 734 876 769 θεογνωσίας
893 735 958 770 ἀλη-

162 780 239 813 θοῦς,
257 780 288 807 τὸ
298 781 326 808 δὲ
339 780 465 815 δεύτερον
479 780 528 814 τῆς
542 780 582 811 εἰς
606 780 651 806 τὸν
672 781 873 814 ἐπιγνωσθέντα
891 780 957 807 Θεὸν

164 827 273 858 ἐλπίδος
285 826 385 860 γένοιτ’
401 826 433 852 ἂν
444 826 641 852 ἀποδεικτικόν.
660 825 696 852 Τὸ
715 826 769 862 γὰρ
784 826 820 862 μὴ
832 826 957 861 παραμέ-

165 881 231 905 νειν,
251 873 314 908 μηδ’
324 874 352 899 ὲν
365 873 482 908 δευτέρῳ
493 873 613 899 τίθεσθαι
638 873 671 899 τὰ
684 872 734 907 τῆς
750 873 824 904 Θείας
839 872 956 906 ἐπιγνώ-

1013 273 1152 307 l'acultate,
1182 278 1240 301 tum
1274 274 1360 301 etiam
1387 274 1519 308 religione
1544 274 1684 310 praeditus,
1715 276 1797 303 alium

1013 324 1142 354 praeterea
1166 321 1313 347 neminem.
1340 319 1407 347 Nam
1429 320 1475 354 qui
1493 321 1628 354 ejusmodi
1651 329 1705 348 non
1723 328 1797 353 sunt.

1013 366 1114 400 quique
1133 366 1160 393 in
1174 372 1294 394 ventrem
1317 374 1349 393 ac
1371 366 1535 400 voluptatem
1555 367 1632 401 proni
1647 371 1675 394 et
1688 367 1798 402 objecti,

1012 411 1080 437 nihil
1095 419 1109 438 a
1131 412 1219 439 brutis
1234 413 1418 440 animantibus
1434 412 1564 439 dill‘crunt
1578 422 1585 439 ε
1599 420 1647 440 cos
1659 420 1724 439 vero
1743 413 1799 440 hel-

1012 456 1072 483 luas
1084 456 1175 490 potius
1187 465 1268 491 quam
1289 457 1413 484 homines
1428 457 1605 491 appellandos
1621 457 1796 485 Hebraeorum

1011 501 1108 528 docent
1132 502 1239 532 litterae.
1264 510 1324 535 qum
1339 510 1388 529 suo
1401 511 1538 537 quamque
1559 511 1616 529 rem
1640 511 1672 530 ac
1688 504 1799 538 proprio

1011 547 1121 574 nomine
1140 547 1275 581 appellare
1300 548 1397 575 solent.
1418 547 1511 582 ltaque
1528 556 1614 584 genus
1636 548 1689 576 hoc
1709 548 1798 575 homi-

1010 600 1088 624 num,
1101 593 1182 620 modo
1197 594 1276 628 lupos
1292 599 1318 620 et
1336 602 1429 626 canes,
1450 595 1533 621 modo
1550 603 1614 622 sues
1629 595 1797 630 quisquiliis,

1011 638 1157 671 inhiantes,
1171 640 1252 666 modo
1268 645 1406 674 serpentes
1419 641 1500 666 etiam
1515 645 1540 667 et
1555 648 1668 675 angues,
1684 648 1734 675 pro
1751 649 1798 668 va-

1011 685 1050 711 ria
1066 689 1092 711 et
1117 685 1260 719 multiplici
1280 686 1451 719 geminorum
1474 685 1651 720 amniumque
1666 686 1796 713 vitiorum

1011 730 1126 760 ratione.
1153 738 1251 757 vocare
1272 736 1481 758 consueverant.
1501 731 1747 765 Quemadmodum,
1772 733 1795 759 si

1011 776 1120 809 quando
1149 776 1189 802 vel
1220 776 1356 802 hominem
1382 776 1407 802 in
1437 776 1615 808 universum,
1642 777 1685 803 vel
1710 785 1796 811 genus

1012 821 1100 853 ipsum
1118 820 1258 847 hominum
1276 821 1419 854 designare
1441 828 1510 854 opus
1527 826 1578 853 est,
1597 821 1707 855 proprio
1722 823 1795 849 simi—

1010 866 1072 892 liter
1088 871 1115 892 et
1136 866 1240 897 innato,
1261 866 1313 893 hoc
1335 871 1377 893 csl.
1398 866 1507 897 Adami,
1523 868 1633 894 nomine
1651 875 1746 894 omnes
1759 876 1792 894 ex

165 929 245 951 σεως,
261 920 306 946 ἀεὶ
319 919 347 946 δὲ
361 919 408 946 καὶ
420 919 463 946 διὰ
483 919 583 951 παντὸς
596 919 713 951 ἐλπίζειν
728 919 915 945 ἐπικαλεῖσθαι
926 918 956 945 τὺ
973 907 993 934 Β
1008 908 1086 946 κικιύο
1099 912 1263 946 δίῧίιίίίεῖὶιηῑ-
1281 912 1385 947 Οιιίρρθ
1402 912 1427 939 Μ
1443 913 1515 939 θηίηῖ
1538 914 1671 941 "ominisi
1682 914 1754 947 ίὶυοί]
1770 915 1793 940 5i

162 966 250 1001 ὄνομα
262 966 366 1001 Κυρίου
379 966 426 993 τοῦ
437 965 516 999 θεοῦ,
529 966 560 992 τὸ
580 966 627 1001 μὲν
638 966 674 997 ὡς
690 965 802 992 οἰκετῶν
815 965 955 995 δεσπότου,

162 1013 194 1039 ἰδ
210 1013 232 1039 δ’
246 1012 283 1044 ὡς
299 1013 362 1039 ἵλεω
378 1013 425 1039 καὶ
454 1012 555 1046 ἀγαθοῦ
578 1012 696 1047 Πατρὸς,
727 1011 799 1038 τοῦτ’
814 1011 846 1038 ἂν
864 1011 906 1047 εἴη
926 1011 957 1038 τὺ

166 1059 274 1086 πάντων
289 1059 487 1094 τρισμακάριον
501 1058 588 1090 τέλος.
609 1058 715 1084 Τοιόσδε
735 1058 783 1093 μὲν
804 1055 850 1084 οὖν
863 1059 877 1084 6
891 1058 956 1093 παρ’

170 1104 308 1141 Ἑϐραίοις
323 1106 450 1140 εἰσῆκται
475 1104 594 1140 πρῶτος,
612 1104 659 1130 καὶ
673 1104 777 1139 ἀληθὴς
803 1104 955 1138 ἄνθρωπος,

161 1151 213 1185 οὐχ
234 1151 249 1177 ὁ
266 1151 384 1186 γηγενὴς
411 1150 524 1186 ἐπίκλην
544 1151 638 1186 Ἀδὰμ,
654 1150 686 1176 δι’
701 1150 810 1185 ἐντολῆς
820 1149 887 1176 Θεοῦ
903 1158 954 1175 πα-

165 1196 280 1232 ράϐασιν
291 1196 341 1231 τῆς
356 1196 411 1222 τῶν
437 1197 599 1232 κρειττόνων
614 1196 758 1223 ἀποπεσὼν
770 1195 882 1231 λήξεως·
898 1195 954 1221 ἀλλ’

160 1243 177 1269 6
192 1241 323 1277 θεοφιλῶν
334 1242 496 1279 πρώτιστος,
509 1242 538 1274 ὃς
549 1243 699 1269 «Ἦλπισεν
714 1241 900 1268 ἐπικαλεῖσθαι
925 1242 955 1267 τὸ

160 1288 249 1323 ὗνομα
260 1289 362 1325 Κυρίου
379 1288 426 1315 τοῦ
439 1288 533 1315 Θεοῦ.)
550 1288 698 1323 Κρίναντες
714 1287 746 1323 δὴ
764 1287 810 1314 καὶ
822 1287 898 1313 αὐτοὶ
912 1287 955 1312 λο-

162 1334 257 1370 γισμῷ
270 1334 397 1370 σώφρονι,
414 1335 443 1361 τὸ
458 1334 558 1361 τοιόνδε
576 1334 673 1369 ζηλοῦν
695 1335 888 1369 ἠγαπήσαμεν,
907 1333 955 1360 καὶ

160 1379 364 1415 ἀπεδεξάμεθα,
378 1379 415 1411 ὡς
440 1378 565 1414 λυσιτελῆ
586 1379 632 1404 καὶ
654 1378 861 1412 ὁφελιμωτάτην
889 1378 954 1412 ἡμῖν

161 1426 213 1459 τὴν
227 1425 275 1452 τοῦ
294 1425 374 1459 λόγου
387 1425 523 1460 διήγησιν,
542 1424 623 1460 εὐχὴν
651 1424 758 1458 θέμενοι
783 1423 843 1450 κατ⁸
859 1423 903 1449 ἴσα
919 1425 951 1459 τῇ

161 1471 210 1498 τοῦ
223 1471 390 1507 δηλωθέντος
416 1471 500 1497 εἰκόνι
523 1471 553 1497 τὸ
576 1471 660 1505 ὄνομα
683 1470 728 1496 τοῦ
756 1470 808 1496 τῶν
827 1470 954 1496 ἁπάντων

162 1517 337 1555 Δημιουργοῦ
349 1526 380 1544 τε
396 1518 443 1544 καὶ
457 1517 592 1544 Δεσπότου
610 1517 680 1552 μετὰ
698 1516 808 1551 βεϐαίας
825 1516 872 1543 καὶ
887 1516 954 1549 ἀγα-

158 1564 213 1600 θῆς
224 1564 331 1596 ἐλπίδος
343 1564 538 1591 ἐπικαλεῖσθαι.
557 1563 636 1590 Ἀλλὰ
663 1564 717 1599 γὰρ
735 1562 803 1598 μετὰ
819 1562 864 1588 τὸν
876 1564 951 1597 εἰρη-

162 1610 246 1646 μένον
258 1609 337 1642 ἄλλος
358 1620 367 1635 ‹
385 1610 552 1645 εὐηρέστησε
566 1609 604 1644 τῷ
619 1608 723 1644 Κυρίῳ,
742 1608 789 1635 καὶ
816 1608 864 1642 οὐχ
879 1607 952 1642 eopi-

160 1664 270 1687 σκετο.»
289 1655 327 1687 ὥς
338 1664 404 1691 φησι
424 1655 553 1690 Μωῦσῆς,
572 1664 580 1680 ι
593 1654 659 1680 διότι
677 1653 827 1689 μετέθηκεν
843 1654 923 1680 αὑτὸν
938 1655 952 1680 6

158 1701 228 1733 Θεὸς
240 1711 249 1727 ι
263 1702 297 1728 δι’
311 1702 397 1737 ἄκραν
411 1702 510 1736 ἀρετῆς
537 1700 685 1727 τελείωσιν.
709 1699 873 1735 Δυσεύρετος
897 1699 951 1735 γὰρ

159 1747 176 1774 ὅ
191 1755 224 1781 γε
245 1747 326 1782 σοφὸς
340 1747 457 1782 ἀληθῶς.
473 1743 557 1778 Οὗτος
573 1747 595 1773 δ’
611 1746 642 1773 ἂν
656 1747 697 1781 εἴη
711 1747 724 1772 6
740 1747 769 1772 ὲν
782 1746 819 1781 τῷ
835 1745 895 1781 Θεῷ
907 1746 951 1772 τέ-

159 1793 243 1825 λειης,
257 1794 272 1820 6
285 1794 334 1828 τῆς
348 1793 401 1819 τῶν
427 1792 532 1819 πολλῶν
555 1791 695 1827 διατριϐῆς
715 1791 948 1826 μετατεθειμένος.

165 1839 198 1865 '0
213 1838 268 1875 γὰρ
285 1838 322 1874 μὴ
337 1839 466 1870 τοιοῦτος,
485 1839 596 1873 ἀγορὰς,
617 1838 664 1864 καὶ
677 1838 846 1873 δικαστήρια,
859 1846 950 1873 καπη-

159 1885 236 1917 λείας
244 1894 274 1911 τε
299 1885 346 1912 καὶ
363 1885 508 1920 ἐμπορίας,
525 1885 573 1911 καὶ
600 1885 644 1911 τὸν
660 1884 743 1911 πολὺν
760 1885 837 1919 δχλον
868 1893 950 1920 μετα-

159 1931 277 1963 ὃιιὲικων,
294 1930 447 1966 ὼθούμενός
471 1939 500 1956 τε
526 1931 573 1956 καὶ
599 1930 687 1959 ὠθῶν,
714 1931 794 1964 μέσος
819 1932 847 1956 ἐν
876 1931 951 1966 αὐτῷ

159 1975 260 2007 κακίας
275 1975 347 2011 βυθῷ
364 1975 552 2002 καταπίνεται.
577 1975 605 2001 Ὀ
622 1975 643 2001 δ’
660 1975 712 2002 ὑπὸ
742 1975 809 2002 Θεοῦ
827 1976 950 2011 ληφθεὶς,

159 2021 207 2048 καὶ
219 2021 274 2048 τῶν
290 2021 352 2057 τῇδε
369 2022 458 2047 ἐκεῖσε
477 2020 710 2056 μετατεθειμένος,
726 2022 831 2057 ἀφανὴς
843 2022 892 2057 μὲν
904 2022 950 2048 καὶ

157 2066 305 2102 ἀνεύρετος
327 2065 489 2101 ἀνθρώποις,
515 2065 574 2100 Θεῷ
586 2065 614 2092 δὲ
639 2065 714 2100 φίλος
741 2066 871 2100 γεγονὼς,
898 2067 950 2093 ὑπὸ

157 2112 226 2139 Θεοῦ
239 2112 459 2148 εὖρηταιἹοῦτον
480 2113 564 2148 Ἑνὼχ
584 2113 720 2149 Ἑϐραίοις
747 2113 889 2148 ὀνομάζειν
904 2114 946 2147 φί-

156 2158 213 2185 λον.
227 2159 314 2194 Χάριν
326 2158 354 2185 δὲ
370 2158 437 2185 Θεοῦ
455 2158 581 2194 σημαίνοι
598 2159 631 2185 ἂν
648 2159 774 2193 τοῦνομα.
802 2159 854 2184 Καὶ
884 2159 948 2186 ταύ-

155 2213 208 2239 της
221 2203 367 2240 τοιγαροῦν
389 2204 426 2236 ὡς
441 2205 545 2240 ἀγαθῆς
567 2205 670 2236 εἰκόνος
697 2204 741 2231 τὸν
765 2204 821 2238 βίον
841 2204 947 2239 ζηλοῦν,

156 2250 295 2286 μακάριον
315 2248 384 2277 εἶναι
410 2250 584 2285 ἡγησάμεθα.
616 2250 713 2285 Τρίτος
740 2250 809 2284 μετὰ
836 2250 945 2282 τούτους
963 2261 985 2288 D

155 2299 238 2326 πάλιν
250 2298 329 2330 ἄλλος
343 2298 486 2334 ἄνθρωπος
513 2298 615 2329 δίκαιος
646 2297 784 2333 πεφηνὼς,
798 2298 812 2324 6
829 2297 900 2327 Νῶε,
918 2298 946 2324 ἐν

155 2346 190 2381 τῇ
203 2345 286 2380 γενεᾷ
299 2344 380 2371 αὐτοῦ
396 2344 614 2380 μεμαρτύρηται.
631 2344 774 2379 Τεκμήρια
790 2343 817 2369 δὲ
833 2343 881 2369 καὶ
897 2343 946 2378 τῆς

154 2390 251 2417 τούτου
266 2389 438 2426 δικαιοσύνης
453 2390 495 2425 εἴη
524 2389 556 2416 ἂν
570 2389 642 2416 τάδε.
665 2389 752 2421 Πολὺς
766 2389 869 2424 αὐχμὸς
898 2389 945 2414 καὶ

153 2436 255 2471 γνόφος
274 2435 388 2462 ἁλέκτου
403 2435 502 2467 κακίας
517 2435 548 2461 τὸ
565 2435 672 2461 πάντων
686 2434 837 2470 ἀνθρώπων
851 2443 945 2460 κατει-

151 2481 234 2517 λήφει
247 2482 334 2517 γένος·
349 2482 375 2508 οἰ
399 2490 429 2508 τε
453 2481 562 2508 πάντων
578 2481 629 2507 ἀνὰ
649 2481 735 2516 στόμα
752 2480 944 2515 θρυλλούμενοι

151 2528 281 2564 γίγαντες
296 2528 346 2560 τὰς
370 2529 409 2560 είς
425 2527 505 2563 δεῦρο
530 2527 666 2562 βοωμένας
683 2526 830 2561 θεομαχίας
854 2526 944 2558 ἀθέοις

152 2575 203 2602 καὶ
212 2574 369 2602 δυσσεϐέσιν
387 2574 584 2610 ἐγχειρήμασιν
608 2573 816 2608 ἀπειργάζοντο·
835 2573 885 2607 ἢδη
914 2573 942 2599 δὲ

152 2619 201 2646 καὶ
213 2619 240 2645 οἱ
253 2618 303 2654 τῆς
319 2619 422 2645 τούτων
436 2618 568 2652 γενέσεως
578 2619 668 2650 αῐτιοι,
686 2617 741 2644 εἴτε
763 2617 834 2648 τινος
853 2617 944 2652 κρείτ-

152 2673 230 2696 τονος
240 2664 348 2701 μοίρας,
360 2665 377 2700 ἢ
393 2664 465 2691 κατὰ
477 2664 581 2699 θνητῶν
593 2663 683 2699 φύσιν,
698 2663 879 2699 ὑπάρξαντες,
893 2663 942 2689 εἶθ’

149 2710 278 2738 ὁπωσοῦν
289 2710 546 2745 κατεσκευασμένοι,
556 2711 610 2741 τοῖς
621 2711 649 2735 ἐν
665 2709 819 2745 ἀνθρώποις
832 2709 941 2744 περιέρ-

151 2764 201 2791 τυυ
213 2755 388 2787 διδασκαλίας
400 2755 581 2791 ἀπάρξαντες,
598 2754 724 2789 γοητείας
737 2755 784 2780 καὶ
796 2754 846 2788 τῆς
859 2754 942 2788 ἄλλης

151 2802 323 2840 κακοιρόπω
341 2801 505 2836 μαγγανείας
525 2802 726 2836 ὲπιτεχνήματα
745 2800 867 2834 λέγονται
886 2808 940 2826 πα-

188 2890 211 2907 ⁸⁸
222 2891 291 2919 Gen.
305 2898 330 2921 ν,
344 2889 389 2917 εί.

315 2947 408 2976 Pan.
434 2945 492 2974 Gn.
509 2943 591 2974 XX!-

999 958 1094 985 Graeee
1111 958 1250 990 reddatur,
1275 963 1368 985 natum
1391 966 1422 985 ex
1448 963 1519 985 terra
1542 963 1631 990 sonat,
1650 960 1738 993 primo
1757 960 1793 986 iili

1007 1008 1167 1030 cunctorum
1191 1004 1333 1030 hominum
1347 1004 1452 1038 parenti
1467 1005 1607 1038 proprium
1622 1009 1704 1038 atque
1718 1012 1732 1031 a
1749 1013 1795 1031 na—

1007 1053 1067 1076 tura
1087 1050 1145 1084 ipsa
1170 1050 1285 1076 inditum
1303 1049 1387 1076 fuisse
1408 1050 1516 1076 docent.
1535 1049 1608 1077 Eoos
1628 1051 1710 1085 igitur
1734 1058 1794 1077 om-

1007 1097 1082 1122 nium
1108 1096 1257 1130 principem
1292 1095 1465 1122 Hebraeorum
1497 1096 1608 1123 historia
1639 1097 1731 1123 divino
1759 1096 1794 1123 ab

1006 1150 1100 1168 amore
1120 1143 1303 1175 commendat,
1325 1142 1398 1177 quod
1426 1150 1488 1169 cum
1519 1143 1624 1177 primus
1650 1152 1658 1168 ι
1675 1143 1794 1178 speravit

1006 1187 1134 1214 invocare
1155 1195 1252 1214 nomen
1273 1188 1380 1215 Domini
1402 1188 1460 1222 Dei,
1477 1198 1486 1214 ι
1511 1189 1537 1215 in
1555 1194 1630 1223 parte
1647 1189 1730 1216 animi
1748 1197 1794 1216 ra-

1006 1234 1079 1259 tione
1089 1234 1200 1267 praedita
1214 1241 1267 1260 non
1281 1234 1362 1260 modo
1375 1241 1437 1261 vere
1447 1235 1639 1268 cognoscendi,
1651 1235 1698 1262 sed
1709 1235 1791 1262 etiam

1006 1288 1067 1314 qum
1086 1279 1169 1307 Deum
1186 1288 1270 1307 unum
1295 1281 1417 1307 intuetur
1433 1281 1572 1315 religionis
1590 1281 1747 1308 haurienda:
1761 1289 1793 1307 ac

1006 1326 1187 1360 percipiendae
1209 1327 1262 1353 vim
1280 1328 1426 1354 exerucrit.
1443 1327 1567 1359 Quorum
1589 1327 1704 1353 alterum
1723 1335 1792 1353 vera-

1007 1370 1052 1397 Dei
1067 1372 1179 1404 notitiae,
1196 1372 1310 1399 alterum
1332 1373 1401 1407 spei,
1421 1381 1482 1407 quze
1497 1374 1522 1399 in
1540 1372 1594 1400 Deo
1616 1374 1666 1400 rite
1682 1375 1792 1407 cognito

1005 1416 1183 1450 acquiescat,
1208 1421 1313 1443 certum
1341 1425 1373 1444 ac
1397 1418 1573 1451 perspicuum
1601 1423 1790 1452 argumentum

1005 1467 1057 1489 est.
1076 1461 1220 1497 Nunquam
1240 1463 1311 1489 enim
1328 1471 1388 1497 qua:
1411 1463 1530 1489 divinam
1557 1463 1589 1490 ad
1607 1465 1790 1498 cognitionem

1005 1509 1153 1542 pertinent,
1167 1513 1215 1535 aut
1231 1509 1366 1543 negligere
1386 1509 1503 1543 penitus,
1520 1514 1567 1536 aut
1586 1509 1639 1536 ulla
1656 1518 1685 1536 re
1701 1515 1792 1544 poste-

1006 1555 1078 1581 riora
1093 1554 1202 1585 ducere,
1222 1554 1269 1581 sed
1285 1555 1374 1588 potius
1387 1555 1414 1581 in
1434 1554 1540 1582 Domini
1555 1554 1613 1589 Dei,
1627 1555 1707 1582 modo
1730 1560 1792 1582 tan-

1005 1608 1087 1635 quam
1115 1608 1255 1627 servorum
1282 1601 1397 1633 domini,
1424 1600 1506 1628 modo
1536 1606 1664 1636 tanquam
1693 1602 1789 1636 optimi

1004 1646 1217 1681 suavissimiqne
1237 1647 1358 1681 parentis
1382 1647 1553 1681 implorando
1577 1647 1696 1679 nomine,
1712 1654 1789 1682 spem

1003 1700 1113 1719 omnem
1141 1693 1241 1719 habere
1260 1698 1445 1727 perpetuoque
1467 1694 1594 1725 delixam,
1613 1693 1639 1719 id
1663 1700 1727 1720 vero
1749 1698 1790 1721 ter

1003 1738 1098 1765 beatus
1111 1739 1267 1765 mortalium
1285 1739 1407 1765 omnium
1425 1738 1486 1766 linis
1502 1739 1563 1772 jure
1579 1747 1611 1766 ac
1625 1740 1721 1766 merito
1739 1739 1790 1766 ha-

1002 1785 1108 1813 beatur.
1127 1785 1267 1819 Ejusmodi
1285 1792 1350 1820 ergo
1369 1785 1486 1820 primum
1499 1792 1560 1812 esse
1576 1793 1724 1820 verumque
1740 1785 1790 1812 lio-

1002 1830 1103 1857 minem
1126 1829 1231 1857 llehrmi
1261 1834 1433 1863 statuerunt,
1457 1837 1511 1857 non
1538 1829 1651 1856 alterum
1675 1830 1750 1856 illum
1773 1837 1789 1856 e

1002 1881 1074 1902 terra
1097 1880 1201 1908 natum,
1227 1883 1307 1910 quem
1329 1876 1462 1902 Adamum
1492 1879 1601 1906 vocant,
1626 1874 1672 1909 qui
1695 1874 1787 1902 divina

1002 1922 1059 1956 lege
1088 1922 1199 1953 violata,
1225 1921 1389 1947 eximiorum
1417 1928 1448 1947 ac
1475 1920 1626 1947 cmlestium
1653 1920 1786 1947 bonorum

1001 1967 1176 2002 possessione
1195 1967 1349 1998 exciderat;
1373 1966 1418 1992 sed
1435 1973 1497 1992 eum
1514 1966 1614 1999 potius,
1632 1966 1678 1999 qui
1694 1965 1786 1992 divino

1001 2018 1063 2039 ante
1082 2013 1150 2039 alios
1164 2019 1259 2038 omnes
1271 2018 1364 2038 amore
1382 2017 1543 2042 succensus,
1557 2009 1640 2044 308
1652 2019 1661 2034 ‹
1677 2009 1785 2037 Domini

1000 2058 1047 2084 Dei
1066 2065 1164 2084 nomen
1188 2057 1315 2083 invocare
1334 2059 1500 2090 speraverat.
1516 2064 1525 2080 ι
1547 2054 1678 2082 Eumdem
1694 2055 1786 2090 itaque

1000 2103 1079 2130 nobis
1100 2102 1260 2128 imitandum
1277 2108 1345 2128 sano
1363 2102 1523 2135 integraque
1541 2100 1646 2135 judicio
1662 2104 1785 2127 statuen-

999 2153 1040 2175 tes
1063 2148 1113 2182 ipsi
1128 2154 1252 2181 quoque;
1270 2146 1309 2173 rei
1331 2145 1412 2179 hujus
1438 2145 1590 2176 historiam,
1612 2149 1641 2171 ut
1662 2146 1783 2179 apprime

1000 2194 1078 2220 nobis
1097 2194 1201 2225 utilem,
1227 2193 1300 2219 omni
1318 2192 1408 2219 studio
1424 2191 1566 2225 complexi,
1585 2190 1636 2217 hoc
1659 2190 1739 2217 simul
1754 2190 1782 2217 in

999 2240 1070 2266 votis
1086 2239 1242 2269 habuimus,
1259 2242 1288 2264 ut
1311 2238 1377 2264 tanti
1396 2237 1444 2263 viri
1467 2237 1602 2271 exemplo,
1619 2236 1718 2263 summi
1740 2243 1783 2263 re—

1000 2294 1059 2312 rum
1078 2285 1199 2312 omnium
1215 2284 1325 2319 Opiﬁcis
1341 2283 1503 2317 Dominique
1522 2290 1632 2313 nomen,
1647 2282 1781 2309 constanti

997 2331 1115 2365 quadam
1147 2331 1309 2365 egregiaque
1327 2337 1374 2363 spe
1393 2329 1537 2363 implorare
1557 2329 1703 2363 possimus.
1722 2327 1780 2354 Jatn

998 2385 1062 2406 vero
1082 2378 1231 2404 secundum
1249 2376 1331 2407 Eoos,
1366 2375 1436 2402 alius
1453 2374 1563 2409 quidam
1583 2383 1591 2398 ‹
1607 2374 1708 2408 placuit
1728 2373 1782 2398 Dn-

997 2423 1082 2456 mino,
1096 2428 1124 2450 et
1137 2430 1190 2450 non
1208 2419 1527 2453 inventusestuut‘idem
1542 2418 1646 2453 Moyses
1661 2425 1781 2445 commo-

998 2466 1223 2501 morat“,aquia
1234 2466 1371 2494 transtulit
1381 2472 1442 2492 eum
1463 2464 1535 2491 Deus
1550 2473 1559 2489 ι
1586 2464 1621 2490 ob
1644 2471 1779 2491 summam

977 2535 979 2537 .
998 2514 1106 2540 virtutis
1129 2513 1189 2546 ejus
1215 2512 1418 2547 perfectionem.
1441 2509 1522 2536 Piaue
1543 2509 1628 2549 enim,
1646 2509 1693 2544 qui
1716 2515 1780 2535 vero

997 2562 1094 2597 sapiat,
1109 2568 1180 2595 aegre
1196 2560 1340 2586 admodum
1360 2559 1476 2593 aliquem
1494 2557 1623 2591 reperias.
1639 2556 1786 2591 Ejusmodi

995 2612 1085 2634 autem
1101 2608 1124 2634 is
1138 2607 1247 2633 demum
1265 2610 1316 2636 est,
1339 2605 1385 2639 qui
1400 2612 1448 2631 sua
1465 2611 1527 2630 cum
1544 2603 1599 2630 Deo
1613 2603 1783 2638 perfectione.

995 2653 1170 2686 conjunctus,
1196 2659 1228 2677 ex
1252 2650 1392 2678 hominum
1420 2658 1480 2677 sese
1506 2658 1557 2677 usu
1586 2645 1783 2684 consortioque?

995 2698 1163 2725 subduxerit.
1177 2696 1308 2731 Quisquis
1323 2696 1394 2722 enim
1409 2695 1480 2722 aliud
1493 2694 1637 2721 consilium
1655 2698 1782 2739 secutus.1

995 2743 1023 2770 in
1042 2743 1110 2774 fora,
1128 2742 1282 2773 tribunalia,
1301 2749 1448 2775 cauponas.
1471 2741 1618 2771 nundinas,
1643 2745 1723 2774 atque
1748 2739 1781 2766 in'

993 2789 1133 2815 hominum
1150 2788 1247 2822 vulgus
1269 2795 1328 2814 sese
1341 2787 1395 2818 dat,
1409 2788 1431 2813 is
1444 2787 1508 2813 dum
1526 2787 1551 2812 in
1570 2787 1650 2812 turba
1670 2786 1721 2812 huc
1741 2785 1776 2812 il-
