2063 3211
258 173 311 202 5⁸23

258 233 356 267 lucque
367 229 495 264 jactatur,
509 226 562 253 alto
575 220 757 258 improbitatis
770 218 876 255 gurgite
889 219 963 243 totus
975 214 1046 241 hau—

259 281 339 307 ritur.
360 276 456 311 Atqui
476 273 567 302 divina
587 269 666 305 quasi
691 273 774 294 manu
799 264 961 295 subductus,
985 265 1012 288 et
1029 268 1044 287 a

259 326 340 354 ﬂuxis
353 322 517 355 caducisque
531 318 612 345 rebus
628 315 660 342 ad
683 311 833 341 cmlestium
856 315 977 336 amorem
991 311 1046 334 tra-

259 374 357 400 ductus
369 373 426 400 est;
443 354 480 394 uti
489 366 522 392 ab
537 361 697 390 hominibus
706 357 791 386 videri
807 363 839 384 ac
860 354 973 390 reperiri
990 359 1046 379 non

259 418 356 454 possit,
371 423 385 442 a
404 414 458 440 Deo
477 417 578 439 tamen,
594 408 674 441 cujus
696 406 723 432 in
746 403 895 431 amicitiam
911 399 1046 428 transcri-

260 446 322 499 ptus
340 465 390 492 est,
414 456 559 484 invenitur.
577 453 644 480 Eum
666 457 748 486 porro
769 449 858 476 virum
875 446 969 473 Enoch
995 452 1045 478 ap-

261 495 360 545 pellare
373 504 476 532 Hebraei
495 502 593 532 solent,
610 506 670 534 quae
684 505 735 524 vox
751 495 870 523 divinam
890 496 969 520 sonat
983 499 1045 526 gra—

260 557 336 583 tiam.
351 553 406 580 Nos
421 555 511 579 autem
530 548 612 582 hujus
629 552 737 581 quoque
752 543 848 574 vitam,
865 544 895 567 ut
910 538 1047 566 excellen-

259 607 314 629 tem
329 597 438 627 virtutis
458 594 604 629 imaginem
629 588 838 619 consectandam
865 584 944 612 nobis
961 590 1047 610 azmu-

261 648 425 679 lanalamque
459 640 625 676 putarimus.
662 635 772 662 Exstitit
802 632 899 660 deinde
931 629 1047 659 tertius,

261 700 341 728 quem
369 691 418 717 «in
446 695 495 716 Sua
518 684 692 722 generatione
709 692 718 708 ι
749 680 904 715 aequitatem
929 676 1048 704 coluisse

262 721 402 773 écriptura
417 721 544 762 testatur.
561 731 623 757 Fuit
644 729 667 756 is
686 727 816 757 Noemus,
834 724 913 758 cujus
936 721 1048 756 integri-

262 785 310 812 tati
326 789 443 817 sequens
457 780 647 814 argumentum
663 773 769 809 egregie
782 771 957 805 suifragatur.
971 768 1048 794 Altus

262 813 373 866 quidam
397 813 508 854 sceleris
530 822 634 850 infandi
655 820 765 855 squalor
787 822 813 845 et
838 817 935 851 caligo,
961 813 1049 841 homi-

263 884 329 904 num
356 881 442 910 genus
475 873 621 904 occuparat
646 868 803 894 universum
817 873 823 890 :
837 863 966 897 Gigantes
989 866 1049 886 om-

263 923 339 950 nium
355 928 403 947 ore
415 918 521 954 jactati,
538 916 621 951 impio
636 912 823 946 sacrilegoque
844 915 924 938 ausu,
941 914 974 933 ea
988 912 1049 940 quae

264 970 318 996 huc
336 974 422 1002 usque
439 971 518 992 nemo
531 971 584 990 non
606 960 737 995 loquitur,
754 963 816 984 cum
834 955 889 981 Deo
902 953 971 981 bella
989 959 1051 979 sus-

268 1017 397 1049 ceperant
412 1022 419 1040 :
435 1012 491 1046 jam
513 1010 622 1037 illorum
646 1006 728 1033 etiam
745 1005 891 1038 parentes,
917 1007 965 1026 seu
982 1005 1051 1025 con-

264 1060 376 1088 ditionis
410 1056 552 1092 cujusdam
585 1052 741 1081 mortalium
777 1052 874 1075 natura
903 1043 1051 1080 superioris

264 1111 352 1138 erant,
370 1113 416 1133 seu
431 1108 595 1139 quacunque
611 1098 719 1127 tandem
739 1096 845 1124 ratione
858 1092 921 1125 sati,
936 1091 1052 1119 curiosae

266 1153 333 1180 artis
352 1149 455 1178 semina
479 1149 548 1174 inter
570 1145 695 1172 homines
709 1142 842 1177 jecerant.
871 1143 952 1172 atque
971 1143 1052 1163 omne

266 1197 462 1234 prmstigiarum
479 1191 729 1223 maleﬁciorumque
743 1193 829 1222 genus
848 1185 875 1212 in
894 1190 988 1211 eorum
1005 1189 1052 1209 so-

266 1247 390 1273 cietatem
407 1242 575 1269 invexerant.
590 1237 628 1264 lta
644 1234 776 1270 quidquid
791 1232 892 1266 ubique
911 1229 1053 1257 hominum

267 1296 336 1323 erat,
358 1297 420 1316 cum
440 1287 534 1314 eadem
550 1292 565 1311 a
581 1283 636 1310 Deo
653 1279 786 1308 sententia
810 1276 994 1305 damnandum
1009 1281 1055 1302 es-

268 1343 318 1368 set,
331 1336 442 1370 jamque
454 1333 524 1360 idem
539 1330 638 1365 pariter
650 1326 777 1354 omnibus
793 1330 902 1358 unoque
915 1324 1054 1349 momento

268 1383 382 1410 exitium
400 1379 555 1407 immineret
568 1386 575 1402 :
590 1382 662 1401 unus
681 1373 726 1400 ille
740 1379 802 1399 cum
817 1370 887 1403 suis,
905 1367 996 1404 quode
1014 1367 1055 1394 lo—

268 1429 390 1464 quimur,
412 1435 421 1451 (
432 1425 522 1460 justus
540 1423 566 1449 in
582 1419 757 1457 generatione
774 1425 823 1445 sua
839 1419 963 1451 repertus
977 1417 1028 1441 est.
1041 1422 1051 1439 ι

269 1475 383 1503 Cunctis
399 1479 473 1507 ergo,
494 1476 554 1505 quae
569 1473 702 1495 terrarum
720 1463 825 1491 ambitu
844 1460 1056 1489 continebantur

269 1520 372 1548 diluvio
391 1516 508 1548 haustis,
526 1515 640 1549 ipsaque
662 1511 729 1538 adeo
746 1513 817 1536 terra
840 1506 953 1534 immani
969 1512 1055 1540 aqua—

270 1577 331 1598 rum
359 1567 485 1595 eluvionc
509 1567 634 1599 purgata,
659 1561 700 1587 vir
724 1558 770 1585 ille
798 1556 854 1583 Deo
877 1553 1056 1582 charissimus

270 1615 353 1652 309
368 1621 429 1641 cum
455 1611 547 1638 liberis
559 1608 641 1636 simul
659 1611 686 1633 et
702 1604 844 1633 uxoribus,
862 1607 962 1628 uorum
978 1599 1058 1634 plane

271 1669 342 1690 novo
364 1660 505 1688 hominum
524 1655 614 1691 generi
635 1651 779 1680 excitanth
796 1647 997 1682 auimandoque
1013 1653 1057 1672 se-

271 1716 346 1740 men,
371 1705 490 1742 ejusdem
518 1708 630 1729 muuerc
654 1697 839 1731 beneﬁcioque
862 1697 986 1721 servatus
1005 1695 1056 1719 est.

272 1739 418 1792 Dignusvet
434 1752 490 1786 ipse
504 1748 635 1784 profecto,
652 1751 733 1780 quem
750 1747 780 1770 ut
794 1742 884 1769 vivum
904 1747 936 1767 ac
950 1739 1058 1774 spirans

271 1789 382 1828 virtutis
393 1802 420 1825 et
435 1794 575 1830 religionis
590 1790 738 1826 exemplar,
752 1787 854 1823 posteri
867 1793 962 1813 omnes
974 1791 1059 1812 aemu-

272 1849 374 1876 lentur.
395 1845 484 1879 Atque
501 1842 528 1868 bi
551 1844 615 1867 ante
633 1837 727 1866 diluvii
750 1840 873 1869 tempora
895 1831 1057 1859 ﬂoruerunt.

272 1892 408 1920 Exstitere
430 1878 473 1916 alii
499 1890 602 1922 postea,
625 1884 724 1919 pietate
745 1880 850 1908 nobiles
863 1878 917 1914 ipsi
938 1884 1057 1912 quoque,

273 1945 390 1974 quorum
410 1933 542 1962 memoria
567 1931 653 1959 sacris
668 1928 749 1956 etiam
770 1925 877 1962 paginis
899 1927 1059 1951 conservata

273 1987 374 2012 manet.
394 1981 468 2015 Quos
489 1979 559 2006 inter
578 1976 707 2004 sacerdos
718 1974 829 2009 quidam
846 1970 946 1999 summi
967 1968 1060 1996 Numi-

274 2032 316 2058 nis
330 2033 438 2057 creatus
450 2031 501 2058 est,
514 2032 594 2060 quem
606 2023 710 2058 justum
724 2026 808 2055 regem
821 2017 934 2045 Helmeo
950 2015 1059 2042 nomine

274 2078 456 2113 appellarunt.
472 2073 604 2101 Cancrum
621 2068 692 2104 apud
713 2067 773 2094 illos
790 2072 897 2097 omnes,
913 2063 946 2091 de
962 2068 1059 2096 c0rpo-

274 2132 320 2152 rea
334 2119 543 2151 circumcisione
559 2117 673 2143 verbum
693 2113 804 2140 omnino
820 2110 937 2142 nullum,
954 2108 1060 2135 nullum

273 2177 379 2200 earum,
404 2166 503 2201 quibus
516 2163 623 2190 Iudaeos
641 2159 746 2195 Moyses
761 2156 889 2188 instituit,
908 2155 997 2189 legum
1015 2160 1061 2180 ve-

274 2215 396 2251 stigium.
413 2212 503 2245 Quare
516 2209 624 2236 Judteos
640 2206 701 2232 illos
717 2209 884 2234 nuncupare,
899 2206 994 2226 verum
1006 2198 1060 2226 uti-

274 2268 328 2296 que
352 2267 404 2287 non
424 2256 522 2289 fuerit;
536 2254 647 2282 Graecos
670 2255 760 2278 autent
785 2248 871 2275 tnulto
894 2246 996 2276 minus,
1014 2244 1061 2279 qui

276 2315 330 2335 non
357 2305 514 2332 Graecorum
539 2304 586 2327 aut
607 2302 767 2326 caeterorum
785 2294 948 2329 populorum
974 2297 1061 2320 more,

275 2351 388 2379 deorum
420 2345 622 2374 multitudinem
651 2340 813 2369 iuvexerint.
849 2337 977 2364 Hebraeos
1000 2341 1063 2361 vero

275 2398 376 2433 iustius
391 2392 581 2430 appellaveris,
598 2390 655 2417 sive
678 2388 712 2415 ab
731 2386 837 2413 Hebero
850 2391 949 2412 nomen
966 2382 1062 2412 ducas,

279 2445 336 2472 sive
358 2443 449 2478 potius
477 2447 492 2466 a
510 2438 584 2466 vocis
604 2436 677 2463 illius
702 2432 911 2469 signiﬁcatione.
935 2428 1064 2456 Hebrzeos

277 2489 362 2519 enim,
376 2487 454 2522 quasi
468 2487 643 2515 transeuntes,
662 2478 835 2513 interpretari
857 2475 947 2511 possis
964 2483 970 2501 :
988 2473 1034 2508 qui
1048 2479 1064 2499 a

279 2540 414 2562 terrarum
437 2530 612 2562 commercio,
636 2528 668 2554 ad
684 2524 858 2561 praepotentis
880 2521 927 2548 Dei
943 2523 1064 2547 contem-

280 2581 428 2616 plationem
456 2577 622 2604 transierint.
645 2572 785 2608 Ejusmodi
812 2570 885 2597 enim
911 2574 959 2594 eos
980 2564 1065 2592 fuisse

282 2629 397 2654 testatur
412 2623 537 2654 historia,
555 2622 601 2656 qui
625 2620 707 2647 unius
723 2626 738 2644 a
761 2621 857 2644 natura
874 2613 967 2641 indita:
985 2611 1066 2638 ratio

283 2672 336 2704 nis,
354 2671 497 2705 legumque
513 2669 614 2702 scripto
634 2666 708 2693 nullo
734 2662 995 2697 comprehcnsarum
1012 2657 1066 2684 du—

283 2724 339 2748 ctu,
353 2721 379 2744 et.
400 2720 500 2743 rectam
521 2714 629 2740 virtutis
649 2713 720 2739 viam
738 2710 851 2738 feliciter
869 2709 1024 2736 tenuerunt.
1040 2707 1067 2730 et

284 2771 380 2790 omnes
401 2759 583 2796 praetergressi
606 2758 727 2794 corporis
744 2757 906 2790 voluptates,
932 2752 966 2779 ad
982 2751 1066 2778 vitam

286 2809 417 2845 singulari
432 2815 494 2835 cum
511 2805 654 2842 sapientia,
670 2810 725 2831 tum
738 2802 868 2838 religione
884 2799 1013 2832 cultuque
1025 2796 1066 2824 di-

323 2895 334 2909 ι
347 2889 388 2916 ἴς.
404 2885 628 2923 κατωρθωμένην.
668 2884 681 2904 δ
699 2891 755 2918 γρ.,
772 2880 940 2915 θεοφανείας.

594 162 728 192 EUSEBH
749 155 988 187 CESARIENSIS
1007 153 1082 182 OPP.
1103 150 1195 179 PARS
1212 149 1244 177 il.
1263 163 1297 169 —-—
1311 143 1566 175 APOLOGETlCA.

1060 216 1085 245 Α
1100 207 1276 248 ραδοῦναιτῷ
1303 207 1363 242 βίῳ⁶
1390 206 1460 232 ὥστε
1486 204 1540 229 πᾶν
1564 201 1594 227 τὸ
1618 199 1786 236 ἀνθρώπειον
1808 196 1890 232 γένος

1833 137 1888 165 Si?)

1099 243 1163 293 μιᾶς
1176 255 1227 282 ὑπο
1238 254 1328 289 ψῆφον
1348 251 1474 287 γενέσθαι
1491 248 1568 285 παρὰ
1587 246 1646 282 Θεῷ
1660 246 1746 281 δίκης.
1770 245 1826 271 Καὶ
1856 243 1889 279 δὴ

1097 290 1204 330 πάντων
1219 302 1259 328 ἐνὶ
1275 300 1388 334 νεύματι
1403 294 1606 332 διαφθείρεσθαι
1630 293 1791 329 μελλόντων,
1807 290 1887 326 μόνος

1098 347 1137 381 εἷς
1154 345 1232 379 οὗτος
1248 348 1262 373 ό
1273 346 1321 372 νῦν
1334 346 1399 380 ἡμῖν
1412 341 1575 378 δηλούμενος
1589 349 1598 366 ι
1614 339 1717 370 δίκαιος
1741 339 1770 364 ἐν
1794 338 1827 372 τῇ
1844 344 1891 370 γεε-

1097 397 1145 431 νεᾷ
1156 393 1238 422 αὐτοῦ
1256 393 1303 419 σὺν
1317 392 1366 418 καὶ
1392 391 1447 421 τοῖς
1474 387 1584 418 οἰκείοις
1608 385 1750 421 εὓρηται.)
1777 383 1890 410 Πάντων

1098 428 1168 477 δῆτα
1181 440 1235 467 τῶν
1253 439 1299 466 ἐπὶ
1310 438 1362 473 γῆς
1377 434 1562 470 κατακλυσμῷ
1575 431 1763 467 διολλυμένων,
1778 430 1825 456 καὶ
1839 428 1890 463 τῆς

1099 475 1151 522 γης
1165 486 1250 520 αὐτῆς
1263 485 1367 511 ὑδάτων
1396 482 1482 516 ἀθρόᾳ.
1507 479 1660 515 πλημμύρᾳ
1677 477 1732 503 τῶν
1752 475 1890 512 προτέρων

1099 520 1191 559 κακῶν
1208 527 1475 564 ἁποκαθαιρομένης,
1491 527 1505 552 ὸ
1518 524 1643 559 θεοφιλὴς
1656 521 1705 549 σὺν
1723 520 1817 548 παισὶν
1832 521 1892 555 ἅμα

1098 579 1145 606 καὶ
1157 577 1263 613 γυναιξὶ⁴
1274 576 1313 611 τῷ
1330 574 1400 611 μετὰ
1412 573 1498 600 ταῦτα
1510 571 1559 606 βίῳ
1572 570 1698 604 ζώπυρον
1712 567 1823 603 σπέρμα
1835 574 1889 592 πα-

1101 612 1275 662 ραδοξότατον
1289 623 1356 659 πρὸς
1369 620 1416 648 τοῦ
1430 619 1498 646 Θεοῦ
1523 619 1680 653 τετήρηται.
1699 615 1805 641 Γένοιτο
1819 613 1841 640 δ’
1857 612 1891 639 ἂν

1099 671 1146 698 καὶ
1160 668 1238 701 οὗτος
1252 668 1406 704 ἀρχέτυπος
1418 665 1509 695 εἰκὼν,
1527 663 1602 696 ζῶσα
1618 661 1664 688 καὶ
1682 660 1811 696 ἔμψυχος,
1835 659 1893 690 τοῖς

1099 717 1130 750 ἐξ
1143 716 1224 744 αὐτοῦ
1238 714 1429 750 γεγενημένοις
1447 711 1597 745 ὑπόδειγμα
1624 708 1724 744 τρόπου
1753 704 1892 740 θεοφιλοῦς

1100 761 1317 799 παρεσχημένος.
1336 759 1390 786 Καὶ
1418 758 1509 792 οἱμὲν
1541 755 1594 791 πρὸ
1621 753 1668 780 τοῦ
1697 750 1892 786 κατακλυσμοῦ

1100 808 1206 835 τοιοίδε·
1223 806 1288 833 οίδὲ
1305 804 1374 841 μετὰ
1392 804 1486 830 τοῦτον
1512 802 1555 828 ἐπ’
1582 800 1707 836 εὐσεϐείᾳ
1731 798 1893 834 διαπρεπεῖς

1101 853 1174 880 ἄλλοι
1186 851 1277 882 πάλιν,
1294 847 1331 877 ὦν
1347 849 1396 885 τὴν
1410 849 1521 884 μνήμην
1535 847 1569 873 τὰ
1585 846 1645 881 ίερὰ
1660 843 1785 875 διασώζει
1800 842 1889 877 λόγια.

1065 891 1085 918 Β
1100 899 1208 926 Τούτων
1217 907 1259 928 τις
1277 897 1365 932 ἱερεὺς
1384 895 1523 930 ἀνείρηται
1538 892 1584 919 τοῦ
1599 892 1710 926 ὑψίστου
1733 889 1811 921 Θεοῦ,
1832 889 1892 921 ,ϐα-

1101 943 1203 977 σιλεὺς
1215 943 1328 974 δίκαιος
1342 942 1375 976 τῇ
1384 940 1515 975 Ἐϐραίων
1527 936 1696 974 προσηγορίᾳ
1711 934 1891 972 χρηματίσας.

1101 991 1212 1021 Τούτοις
1229 989 1261 1024 δὴ
1273 988 1356 1015 πᾶσιν
1366 987 1427 1014 οὐδὲ
1442 983 1481 1018 εἷς
1499 985 1624 1021 σώματος
1650 981 1800 1018 περιτομῆς
1815 981 1895 1014 λόγος

1101 1035 1146 1073 ἦν,
1161 1036 1217 1063 ἀλλ’
1233 1035 1293 1062 οὐδὲ
1304 1034 1358 1061 τῶν
1373 1031 1513 1064 Μωῦσέως
1531 1029 1685 1058 Ἰουδαϊκῶν
1697 1027 1896 1064 παραγγελμὰ-

1101 1092 1166 1110 των.
1192 1082 1290 1116 Διόπερ
1319 1080 1419 1110 αὐτοὺς
1435 1077 1497 1104 οὐδὲ
1519 1076 1660 1106 Ἰουδαίους
1681 1074 1762 1109 φάναι
1778 1073 1894 1104 δίκαιον,

1102 1130 1163 1156 οὺδὲ
1179 1137 1211 1163 γε
1227 1127 1371 1162 Ἕλληνας,
1397 1126 1438 1151 ὅτι
1469 1122 1536 1160 μηδὲ
1566 1121 1674 1153 πλείους
1704 1119 1781 1152 θεοὺς
1793 1118 1894 1154 ὁμοίως

1106 1175 1234 1210 Ἕλλησιν
1248 1174 1264 1209 ἢ
1277 1174 1333 1204 τοῖς
1346 1171 1449 1202 λοιποῖς
1465 1170 1568 1196 ἔθνεσιν
1580 1168 1703 1204 ἡγοῦντο.
1721 1166 1839 1201 Ἑϐραῖοι
1869 1164 1891 1190 δ’

1104 1221 1137 1249 ἂν
1150 1209 1316 1257 κυριώτερον
1328 1216 1510 1253 ὲπικληθεῖεν,
1526 1216 1584 1251 ἦτοι
1601 1213 1677 1250 παρὰ
1693 1212 1738 1239 τὸν
1752 1211 1848 1247 Ἔϐερ.
1874 1209 1891 1245 ἢ

1104 1269 1151 1296 καὶ
1162 1267 1261 1303 μᾶλλον
1279 1265 1353 1301 παρὰ
1375 1263 1423 1300 τὴν
1450 1262 1595 1299 ἑρμηνείαν
1620 1260 1671 1296 τῆς
1697 1257 1892 1294 προσηγορίας.

1104 1313 1252 1350 Περατικοὶ
1262 1312 1316 1348 γάρ
1325 1319 1397 1341 τινες
1412 1308 1618 1346 ἑρμηνεύονται,
1636 1307 1684 1342 τὴν
1696 1305 1750 1332 ἀπὸ
1764 1304 1819 1331 τῶν
1830 1303 1894 1338 τῇδε

1105 1349 1151 1386 ὲπῖ
1165 1358 1214 1394 τὴν
1225 1357 1271 1384 τοῦ
1286 1357 1339 1384 τῶν
1351 1356 1418 1383 ὅλων
1446 1354 1513 1382 Θεοῦ
1529 1353 1653 1380 διάϐασίν
1670 1361 1699 1378 τε
1720 1351 1768 1378 καὶ
1780 1349 1896 1385 θεωρίαν

1107 1405 1286 1441 στειλάμενοι.
1303 1404 1429 1434 Φυσικοῖς
1445 1401 1499 1437 γάρ
1513 1410 1553 1427 τοι
1569 1399 1719 1434 λογισμοῖς,
1743 1396 1790 1423 καὶ
1802 1396 1898 1431 νόμοις

1106 1451 1249 1487 ἀγράφοις,
1262 1449 1312 1485 τὴν
1337 1448 1420 1484 ὀρθὴν
1448 1447 1498 1482 τῆς
1515 1446 1615 1482 ἀρετῆς
1640 1443 1827 1474 διενθύναντες
1847 1449 1898 1468 m-

1108 1497 1182 1533 ρείαν
1196 1496 1244 1522 καὶ
1255 1495 1342 1531 πέραν
1355 1494 1409 1534 τῶν
1426 1493 1525 1529 σαρκὸς
1551 1491 1661 1528 ἡδονῶν,
1688 1491 1735 1517 ἐπὶ
1757 1489 1803 1516 τον
1826 1487 1898 1515 πάν-

1108 1551 1189 1577 σοφον
1205 1542 1252 1569 καὶ¹
1268 1540 1380 1575 θεοσεϐῆ
1398 1539 1455 1574 βίον
1477 1538 1669 1573 διαϐεϐηκότες
1684 1536 1897 1571 ἀναγράφονται.

1114 1589 1159 1616 Ἐν
1173 1588 1204 1624 δὴ
1220 1587 1324 1619 τούτοις
1335 1588 1401 1622 ἡμῖν
1414 1586 1500 1613 ἅπασι
1515 1584 1562 1612 καὶ
1574 1585 1588 1610 ὸ
1605 1582 1741 1620 βοώμενος
1754 1581 1802 1609 τοῦ
1824 1588 1900 1609 ’παν-

1108 1635 1153 1666 τὸς
1177 1633 1271 1665 ἔθνους
1300 1633 1435 1668 γενάρχης
1466 1630 1592 1666 Ἀϐραὰμ
1618 1628 1851 1665 καταριθμείσθω·
1875 1624 1900 1661 ᾧ

1110 1681 1244 1717 μαρτυρεῖ
1258 1679 1293 1706 τὰ
1302 1679 1379 1713 λόγια
1394 1677 1575 1712 δικαιοσύνην,
1592 1676 1621 1702 οὺ
1632 1676 1681 1712 τὴν
1700 1676 1732 1701 ὲκ
1747 1675 1829 1710 νόμου
1848 1674 1901 1702 πᾶ-

1108 1727 1148 1754 λιν
1167 1726 1318 1758 Μωῦσέως,
1330 1726 1371 1752 δτι
1395 1724 1462 1760 μηδὲ
1473 1722 1506 1760 ἦν
1530 1733 1573 1750 πω
1590 1723 1660 1749 τότε·
1682 1721 1751 1758 μετὰ
1763 1721 1828 1756 γοῦν
1853 1720 1901 1748 τὸν

1115 1772 1240 1808 Ἀϐραὰμ
1267 1771 1367 1807 ἑϐδόμῃ
1398 1771 1479 1805 γενεᾷ
1503 1769 1623 1803 Μωῡσῆς
1643 1768 1810 1804 ἀναπέφηνε·
1829 1764 1900 1802 πλὴν

1108 1817 1176 1846 ἀλλὰ
1189 1817 1236 1845 καὶ
1250 1813 1328 1848 οὗτος
1339 1816 1441 1847 δίκαιος
1451 1814 1496 1842 καὶ
1511 1814 1624 1850 εὐσεϐὴς
1641 1811 1710 1840 εἶναι
1734 1821 1776 1844 τις
1789 1811 1903 1848 ἀνείρη-

1109 1873 1164 1898 ται,
1179 1865 1203 1890 εί
1218 1863 1264 1890 καί
1277 1871 1318 1895 τις
1333 1862 1412 1893 ἄλλος
1426 1861 1577 1897 ἀνείρηται,
1592 1862 1648 1892 τοῖς
1665 1859 1766 1888 ἄνωθεν
1783 1859 1902 1895 δεδηλω-

1111 1910 1203 1946 μένοις
1217 1908 1426 1945 παραπλησίως.
1451 1907 1531 1941 Λέγει
1543 1907 1566 1933 δ’
1589 1904 1634 1934 οὖν
1660 1907 1676 1941 ὴ
1696 1906 1802 1942 Γραφή·
1818 1915 1828 1931 ε
1845 1905 1902 1932 Καὶ

1110 1957 1269 1984 ἐπίστευσεν
1289 1954 1416 1990 Ἀϐραὰμ
1430 1954 1468 1989 τῷ
1478 1953 1547 1988 Θεῷ,
1561 1953 1608 1979 καὶ
1623 1951 1749 1988 ἐλογίσθη
1763 1951 1838 1987 αὐτῷ
1861 1952 1902 1983 εις

1110 2003 1309 2036 δικαιοσύνην.»
1323 1999 1434 2036 Πατέρα
1443 1999 1475 2034 δὴ
1492 1998 1595 2025 πολλῶν
1620 1998 1703 2025 ἐθνῶν
1716 1999 1730 2024 ό
1746 1997 1816 2029 θεῖος
1831 2006 1902 2032 χρη»

1113 2049 1179 2086 σμὸς
1192 2048 1285 2076 τοῦτον
1300 2047 1410 2074 ἔσεσθαι
1422 2045 1614 2082 προαγορεύει,
1639 2043 1788 2080 διαρρήδην
1811 2051 1842 2070 τε
1861 2043 1905 2070 εὐ-

1114 2092 1311 2130 λογηθήσεσθαι
1328 2093 1357 2118 ὲν
1382 2091 1458 2126 αὺτῷ
1491 2099 1557 2127 φησι
1579 2099 1588 2115 1
1606 2089 1694 2116 πάντα
1709 2089 1743 2116 τὰ
1765 2088 1828 2124 ἔθνη
1851 2086 1904 2124 τῆς

1113 2141 1175 2175 γῆςπ
1191 2140 1238 2167 καὶ
1256 2139 1345 2170 πάσας
1369 2137 1418 2170 τὰς
1445 2137 1557 2172 φυλάς»
1576 2136 1704 2172 ἄντικρυς
1725 2135 1760 2162 τὰ
1778 2134 1825 2162 νῦν
1841 2135 1903 2162 καθ’

1112 2187 1185 2222 ἡμᾶς
1199 2184 1395 2220 συντελούμενα
1422 2183 1567 2216 θεσπίζων.
1591 2183 1660 2209 Ἀλλ’
1675 2182 1689 2208 δ
1709 2190 1741 2216 γε
1777 2180 1904 2217 Ἀϐραὰμ

1079 2238 1100 2266 D
1115 2231 1217 2262 ἐκεῖνος
1233 2229 1302 2266 μετὰ
1313 2230 1361 2264 τὴν
1385 2229 1414 2255 ὲν
1427 2227 1582 2264 δικαιοσύνῃ
1595 2227 1734 2254 τελείωσιν
1752 2226 1781 2252 οὺ
1795 2226 1839 2253 διὰ
1855 2226 1903 2252 τοῦ

1113 2276 1252 2307 Μωῦσέως
1265 2276 1358 2311 νόμον,
1373 2274 1416 2301 διὰ
1430 2274 1458 2300 δὲ
1467 2274 1583 2305 πίστεως
1593 2273 1814 2309 κατωρθωμένης
1827 2278 1841 2292 ι
1855 2273 1904 2299 αὖ·

1113 2322 1166 2358 τῷ,
1185 2321 1252 2357 μετά
1263 2328 1294 2355 γε
1313 2321 1362 2352 τὰς
1385 2319 1576 2354 ἀναγράπτους
1603 2317 1697 2349 θυσίας
1718 2316 1744 2349 b,
1772 2316 1815 2342 ἐπ’
1829 2315 1904 2351 αὐτῷ

1114 2370 1188 2405 γήρᾳ
1201 2367 1304 2404 μέλλων
1321 2366 1403 2394 παῖδα
1416 2366 1525 2401 γνήσιον
1540 2366 1640 2396 τεκεῖν,
1655 2363 1762 2400 πρῶτος
1775 2362 1902 2389 ἁπάντων

1115 2415 1186 2443 κατὰ
1202 2414 1324 2451 χρησμὸν
1336 2413 1366 2440 τὸ
1384 2412 1464 2447 σῶμα
1480 2411 1682 2446 περιτέμνεται,
1695 2410 1774 2436 τοῦτο
1788 2411 1836 2438 καὶ
1848 2411 1904 2441 τοῖς

1116 2461 1145 2493 ἐξ
1159 2460 1240 2488 αὑτοῦ
1256 2458 1435 2494 γεννωμένοις
1448 2457 1580 2483 ἐπιτελεῖν
1606 2456 1754 2491 παραδοὺς,
1780 2456 1836 2482 εἴτε
1864 2456 1905 2487 εις

1117 2508 1223 2543 ἔμφανῆ
1235 2506 1383 2542 σημείωσιν
1407 2505 1456 2538 τῆς
1476 2502 1530 2529 τῶν
1555 2497 1583 2535 ἐξ
1599 2501 1681 2528 αὐτοῦ
1700 2501 1803 2528 παίδων
1823 2500 1905 2527 πολυ-

1117 2552 1257 2589 πληθείας,
1274 2551 1328 2578 εἴτε
1346 2549 1392 2577 καὶ
1402 2549 1439 2580 ὡς
1453 2548 1539 2583 ἔχοιεν
1550 2549 1575 2574 oi.
1593 2548 1686 2579 παῖδες
1703 2547 1816 2583 πάτριον
1833 2546 1905 2581 γνώρ

1118 2608 1212 2636 ρισμα,
1224 2599 1282 2634 ἦτοι
1297 2596 1416 2632 βιοῦντες
1432 2595 1502 2622 κατὰ
1518 2595 1563 2621 τὸν
1583 2593 1637 2620 τῶν
1651 2592 1789 2629 προγόνων
1811 2591 1902 2628 ζῆλον,

1117 2646 1133 2682 ἦ
1148 2647 1195 2681 τῆς
1212 2644 1323 2672 ἐκείνων
1348 2644 1448 2679 ἀρετῆς
1464 2641 1682 2676 ἀπολειπόμενοι·
1704 2639 1758 2666 εἴτε
1772 2638 1833 2665 καθ’
1846 2638 1905 2665 ἐτέ-

1119 2701 1169 2727 ρας
1185 2689 1381 2726 οίασδηποτοῦν
1398 2688 1496 2719 αἰτίας,
1511 2687 1544 2718 ἃς
1554 2687 1584 2713 οὐ
1607 2685 1655 2712 νῦν
1669 2685 1750 2721 σχολὴ
1764 2684 1906 2720 πολυπρα-

1118 2738 1240 2773 γμονεῖν.
1257 2736 1366 2763 Τοιόσδε
1382 2735 1430 2771 μὲν
1446 2732 1492 2760 οὖν
1505 2733 1551 2760 καὶ
1577 2729 1654 2763 οὗτος
1671 2732 1710 2763 είς
1732 2730 1847 2766 μίμησιν
1859 2730 1906 2755 ὲκ·-

1119 2784 1251 2819 κείμενος·
1268 2782 1335 2818 μετὰ
1362 2782 1383 2808 δ’
1397 2780 1476 2808 αὑτὸν
1508 2778 1600 2806 Ἰσαὰκ
1615 2779 1662 2813 τῆς
1695 2775 1823 2812 πατρῴας
1836 2775 1906 2812 ὁμοῦ
