2063 3211
167 159 226 192 ’525

747 162 911 191 ῬΒΛΕΡΑΒ.
930 162 1060 191 'EVANG.
1081 162 1146 191 ιω.
1165 156 1221 191 VII.

1745 163 1798 190 σεο

170 224 336 259 θεογνωσίας
347 232 377 251 τε
394 224 442 252 καὶ
458 223 596 260 θεοφιλίας
618 223 738 259 διάδοχος
759 224 959 256 ἀναδείκνυται,

1015 225 1075 251 vino
1088 228 1264 259 praestantem
1289 224 1499 252 transvolarun't.
1516 223 1608 259 Atque
1624 223 1677 251 hoc
1701 223 1729 250 in
1746 231 1797 250 nu-

170 270 274 306 κλῆρον
293 270 419 298 ἁπάντων
435 270 528 296 τοῦτον
539 270 678 297 κάλλιστόν
693 279 723 296 τε
742 271 788 297 καὶ
806 272 960 307 τρισμακά-

167 324 231 353 ριον
241 316 290 344 τοῦ
319 317 421 352 πατρὸς
441 316 652 351 διαδεδεγμένος.
673 317 730 352 Μιᾷ
745 317 839 343 τοῦτον
855 319 960 352 γαμετῇ

171 361 207 389 τὰ
217 361 277 390 θεῖά
286 371 352 397 φασι
372 362 530 389 συνελθόντα
542 362 628 396 λόγια,
645 363 692 398 μιᾷ
705 363 856 398 χρήσασθαι
868 363 961 390 παιδο-

173 408 261 444 ποιίᾳ·
276 408 338 435 καθ’
353 408 386 444 ἢν
399 408 508 444 διδύμου
519 408 600 443 γονῆς
615 409 782 443 ἀποδειχθεὶς
802 409 901 444 πατὴρ,
923 411 962 441 είς

173 453 252 481 τοῦτο
267 454 488 491 περιγράψασθαι
500 454 548 490 τὴν
560 455 627 490 πρὸς
645 455 694 489 τὴν
722 455 842 490 γαμετὴν
854 456 961 490 ὁμιλίαν

174 499 312 536 ὖπρϐολῇ
338 499 513 535 σωφροσύνης
542 499 660 533 λέγεται.
696 500 830 526 Ἐνταῦθά
857 508 897 526 σοι
915 501 962 526 καὶ

180 545 313 577 Ἴακὼϐ,ὸ
337 546 383 572 καὶ
406 545 523 581 Ἰσραὴλ,
551 545 679 580 εἰσήχθω·
707 545 839 580 διώνυμός
859 555 900 577 τις
917 555 962 580 γε-

173 591 260 626 γονὼς
277 591 346 627 ἀνὴρ
361 591 435 627 παρὰ
451 591 499 627 τὴν
527 591 580 618 τῶν
607 592 714 618 οἰκείων
730 592 834 626 ἀρετῶν
850 592 962 627 διαλάμ-

172 640 279 665 ¹πουσαν
293 639 443 673 προκοπήν.
454 638 517 664 Ὂτε
530 638 578 673 μὲν
591 635 647 670 οὖν,
656 638 890 673 ἐγγυμναξόμενος
906 641 962 670 τοῖς

174 685 338 720 πρακτικοῖς
353 683 430 719 ᾕθεσί
443 692 472 710 τε
487 684 533 710 καὶ
561 684 635 719 βίοις,
652 684 705 711 τῶν
731 685 800 720 ὑπὲρ
822 685 960 717 εὐσεϐείας

175 730 264 757 πιόνων
279 730 457 765 ἀπεπειρᾶτο,
478 729 574 757 Ἰακὼϐ
587 730 659 765 αὐτῷ
668 730 751 765 ὃνομα
761 729 805 766 ἦν,
821 732 962 766 ἀσκητὴν

173 775 203 803 δὲ
216 776 262 803 καὶ
273 775 409 810 ἀθλητὴν
425 776 442 811 ὴ
466 776 632 813 προσηγορία
657 777 734 803 καλεῖ
755 777 819 813 (67),
837 779 883 804 ἐπὶ
914 778 962 814 τὴν

181 823 294 850 Ἐλλάδα
309 822 510 858 μεταληφθεῐσα
527 824 627 859 φωνήν.
646 824 708 850 Ὅτε
725 823 751 850 δὲ
772 823 905 851 λοιπὺντὶι
924 834 963 850 νι-

176 870 295 905 κητήρια
311 869 382 896 κατὰ
395 869 448 895 τῶν
456 870 608 896 ἀντιπάλων
621 870 710 896 λαϐὼν
722 870 859 904 στέφεται,
870 871 919 906 ἥδη
933 880 962 897 τε

175 915 230 942 τῶν
244 915 442 951 κατὰθεωριαν
454 915 562 949 ἀγαθῶν
575 916 713 947 ἀπολαύει,
728 916 875 951 τηνικαῦτα
889 917 963 952 αὐτῷ

176 962 224 989 καὶ
238 961 354 996 τοῦνομα
367 961 525 996 μεταϐάλλει
537 963 550 988 ὁ
564 962 738 998 χρηματίζων
751 961 826 995 Θεὸς,
836 964 903 999 ὁμοῦ
916 966 962 991 καὶ

170 1012 302 1044 ’θεοτπιας
314 1012 395 1038 αὑτὸν
412 1011 505 1044 ἀξιῶν,
524 1012 569 1038 καὶ
585 1012 636 1038 τῶν
650 1011 793 1048 θεηιοτέρων
815 1013 903 1048 γερῶν
932 1022 962 1039 τε

176 1059 224 1084 καὶ
234 1057 322 1093 τιμῶν
331 1057 380 1089 τὰς
394 1058 509 1093 ἀμοιϐὰς
525 1058 569 1085 διὰ
584 1058 634 1093 τῆς
658 1059 842 1094 ⁴προσηγορίας
864 1059 963 1095 δωρού-

177 1113 267 1139 μενος.
279 1104 359 1138 Λέγει
372 1104 393 1130 δ⁴
404 1102 449 1131 οὖν
465 1104 533 1140 πρὸς
548 1104 627 1130 αὐτὸν
642 1106 655 1131 ὁ
668 1105 798 1140 χρησμός·
821 1115 829 1130 ι
847 1106 904 1132 υὺκ
923 1105 962 1132 ἔτι

175 1149 341 1186 κληθήσεται
354 1150 384 1176 τὺ
397 1150 483 1186 ὁνομά
502 1159 548 1176 σου
570 1150 676 1183 Ἰακὼϐ,
695 1151 751 1177 ἀλλ’
768 1151 874 1187 Ἰσραὴλ
888 1151 963 1178 ἔσται

174 1195 206 1222 τδ
216 1195 303 1231 ὅνομά
315 1204 372 1228 σου,
382 1196 422 1222 ὅτι
439 1195 580 1231 ὲνίσχυσας
593 1196 660 1231 μετὰ
680 1196 727 1223 τοῦ
742 1196 820 1228 Θεοῦ,
835 1197 880 1223 καὶ
895 1196 963 1231 μετὰ

175 1240 327 1277 ἀνθρώπων
340 1241 460 1273 δυνατός
468 1251 477 1267 ι
488 1242 531 1268 τὸν
540 1242 665 1276 ὁρατικὸν
679 1240 762 1277 ἄνδρα
774 1244 821 1269 καὶ
835 1242 963 1278 θεωρητι-

175 1286 224 1313 κὸν
239 1286 287 1313 τοῦ
304 1286 410 1322 Ἰσραὴλ
423 1286 625 1320 ὑποφαίνοντος·
641 1288 701 1313 ἐπεὶ
722 1289 768 1314 καὶ
781 1288 898 1323 τοῧνομα
915 1297 963 1323 με-

133 1364 136 1369 *
175 1331 308 1368 ταϐληθὲν
326 1333 452 1368 σημαίνει
465 1332 607 1368 ἄνθρωπον
622 1333 726 1368 ὁρῶντα
750 1334 825 1360 Θεόν.
855 1335 963 1361 Τοιόσδε

177 1376 284 1414 μὲνοῦν
300 1378 346 1404 καὶ
360 1375 445 1410 οὗτος,
464 1378 492 1412 ἐξ
507 1375 537 1405 οὗ
565 1379 595 1405 τὸ
615 1379 801 1414 δωδεκάφυλον
828 1379 874 1406 τοῦ
898 1380 962 1406 Ἰου-

174 1423 259 1451 δαίων
275 1424 367 1456 ἔθνους
392 1424 497 1467 ὑπέστη
528 1425 614 1459 γένος.
641 1425 735 1461 Μυρία
760 1425 780 1452 δ’
799 1426 831 1452 ἂν
856 1426 962 1462 λεχθείη

177 1470 244 1506 περὶ
259 1470 306 1497 τοῦ
321 1470 378 1506 βίου
393 1471 446 1497 τῶν
462 1471 576 1507 ἀνδρῶν,
590 1471 637 1497 καὶ
653 1474 702 1507 τῆς
729 1471 871 1507 φιλοσόφου
898 1481 964 1508 καρ-

175 1517 271 1553 τερίας
283 1527 312 1544 τε
330 1517 418 1544 αὐτῶν
442 1518 488 1544 καὶ
504 1518 656 1553 ἀσκήσεως·
670 1518 704 1544 τὰ
725 1518 773 1553 μὲν
801 1518 868 1554 πρὸς
892 1518 963 1551 λέξιν

1012 279 1099 303 mero,
1119 271 1292 298 Abrahamus
1307 271 1387 298 etiam
1403 271 1458 302 ille,
1473 279 1553 306 quem
1569 270 1676 305 generis
1697 270 1799 305 princi-

1012 324 1072 351 pem
1096 317 1214 344 universi
1236 317 1393 351 prmdicant,
1417 318 1478 352 jure
1504 325 1520 344 a
1543 317 1623 344 nobis
1644 317 1797 351 meritoque

1013 369 1164 390 censeatur.
1188 362 1275 397 Hujus
1294 363 1367 390 enim
1381 364 1488 398 justitia
1503 363 1660 391 divinorum
1684 370 1797 398 quoque

1013 408 1186 434 oraculorum
1201 408 1357 435 testimonio
1372 408 1578 435 commendatur
1593 415 1666 434 :non
1685 415 1766 442 quam
1782 415 1797 434 a

1013 453 1114 489 Moysis
1137 454 1195 488 lege
1226 454 1376 488 acceperit,
1393 459 1466 481 certe
1485 454 1594 488 quidem
1617 460 1678 480 cum
1708 453 1798 480 adhuc

1013 500 1086 526 nulla
1104 504 1161 526 tum
1178 504 1251 527 esset
1266 509 1272 526 :
1288 507 1354 526 nam
1372 504 1450 526 aetate
1466 503 1528 534 post
1551 498 1738 525 Abrahamuin
1755 506 1798 524 sc-

1012 546 1097 580 ptima
1111 542 1193 572 natus
1209 550 1251 573 est
1269 545 1385 581 Moyses.
1401 544 1433 571 Et
1451 550 1525 571 tanta
1541 544 1600 578 ejus
1622 543 1752 578 profecto,
1774 544 1797 570 si

1014 593 1175 627 cujusquam
1193 592 1316 623 alterius,
1335 591 1475 624 integritas
1490 595 1570 624 atque
1583 589 1688 624 religio,
1703 589 1796 616 eadem

1013 645 1067 672 qua
1088 637 1258 671 superiorum
1281 637 1389 663 illorum
1416 635 1607 670 prtedicatione
1632 634 1795 662 celebratur.

1014 684 1050 710 De
1070 683 1115 709 illo
1131 683 1204 710 enim
1230 683 1302 710 hunc
1325 682 1352 709 iu
1368 682 1478 708 modum
1501 681 1639 715 Scriptura
1656 680 1796 714 loquitur:

1016 737 1025 753 ς
1040 727 1073 755 Ει
1086 727 1200 755 credidit
1211 728 1349 754 Abraham
1368 726 1434 759 Deo,
1448 731 1474 753 et
1490 730 1642 759 reputatqu
1657 729 1698 751 est
1714 724 1751 750 illi
1764 723 1796 750 ad

1011 772 1192 808 justitiam“.
1207 782 1216 798 ι
1236 772 1364 799 Eumdem
1374 779 1457 806 porro
1478 770 1598 806 gentium
1619 769 1796 804 plurimarum

1015 824 1154 855 parentem
1170 819 1305 851 futurum,
1333 826 1364 845 ac
1387 817 1547 844 nominatim
1566 826 1574 842 ι
1590 820 1683 851 gentes
1703 823 1797 842 omnes

1016 872 1106 898 terrae,
1122 873 1272 900 omnesque
1288 865 1373 892 tribus
1388 864 1414 891 in
1430 872 1462 891 eo
1479 862 1678 890 benedicendas
1697 870 1768 893 esse,
1787 871 1795 886 ο

979 902 999 929 Β
1014 913 1104 940 divina
1121 912 1231 940 oracula
1258 911 1441 945 prtedixerunt
1456 918 1462 935 :
1477 916 1538 943 quae
1562 915 1628 935 sane
1647 907 1797 941 praedictio,

1014 967 1075 994 quae
1095 958 1260 993 temporibus
1285 956 1386 984 nostris
1409 954 1518 982 evenire
1538 954 1686 984 cernimus,
1710 952 1798 987 palam

1013 1012 1041 1034 et
1061 1011 1153 1041 aperte
1175 1003 1332 1032 denotabat.
1359 1001 1531 1028 Abrahamus
1558 999 1640 1034 igitur
1664 999 1718 1030 ille,
1739 1003 1800 1033 post

1013 1060 1073 1080 eam
1096 1051 1210 1086 justitim
1227 1049 1414 1076 maturitatem
1432 1053 1512 1078 atque
1538 1045 1744 1080 perfectionem,
1765 1044 1797 1070 ad

1013 1106 1096 1133 quam
1113 1097 1202 1131 ipsum
1216 1102 1269 1121 non
1283 1094 1326 1121 lex
1339 1093 1449 1128 Moysis,
1461 1091 1507 1119 sed
1526 1091 1639 1118 illustris
1656 1091 1722 1118 tides
1733 1097 1799 1117 cou—

1014 1148 1145 1177 stausque
1160 1141 1342 1176 perduxerat,
1365 1143 1427 1173 post
1443 1145 1500 1170 eos,
1516 1137 1613 1171 quibus
1627 1143 1712 1163 sacrae
1727 1136 1799 1162 litte-

1013 1198 1051 1217 rae
1067 1189 1261 1222 suti'ragantur,
1279 1185 1406 1212 Numinis
1429 1183 1513 1211 divini
1532 1187 1705 1217 conspectus,
1729 1182 1798 1217 legi—

1014 1236 1110 1262 timum
1127 1233 1178 1261 sub
1196 1236 1347 1260 extremam
1371 1235 1537 1259 senectutem
1552 1229 1636 1256 lilium
1660 1234 1799 1262 susceptu—

1013 1288 1072 1312 rus,
1099 1287 1162 1306 cum
1181 1278 1303 1305 omnium
1325 1284 1385 1305 sese
1409 1276 1524 1311 primus,
1540 1274 1622 1310 310
1643 1274 1682 1300 uti
1704 1274 1798 1308 jussus

1014 1326 1105 1354 divina
1120 1333 1186 1352 voce
1201 1324 1300 1356 fuerat,
1315 1322 1498 1353 circumcidit,
1519 1326 1574 1347 tum
1594 1320 1663 1346 idem
1681 1319 1798 1354 posteris

1015 1373 1073 1406 ipse
1091 1371 1149 1399 suis
1169 1370 1323 1397 faciendum
1341 1368 1481 1403 praecepit:
1501 1367 1557 1394 sive
1569 1371 1597 1392 ut
1611 1366 1660 1392 hoc
1677 1365 1750 1392 velut
1765 1365 1798 1390 il—

1014 1419 1142 1447 lustriore
1167 1417 1262 1452 signo,
1289 1414 1524 1451 propagandorum
1550 1420 1582 1440 ex
1607 1419 1640 1439 eo
1670 1417 1798 1446 nepotum

1015 1464 1160 1492 multitudo
1171 1467 1318 1494 constaret,
1334 1461 1391 1488 sive
1408 1464 1438 1487 ut
1455 1464 1598 1494 paternum
1612 1458 1797 1485 characterem

1015 1510 1093 1538 liberi
1106 1510 1264 1539 retinerent,
1284 1507 1365 1542 idque
1377 1506 1455 1538 adeo,
1468 1513 1514 1532 seu
1530 1504 1664 1539 majorum
1683 1503 1721 1530 illi
1735 1510 1799 1530 suo—

177 1550 360 1600 θεωρούμενα,
373 1565 406 1591 τὰ
424 1565 451 1591 δὲ
468 1564 516 1591 καὶ
539 1550 574 1590 δι(
589 1550 964 1600 ὑπονοιῶν-ἀλληγορούμενα.

1018 1564 1079 1584 rum
1094 1555 1217 1590 vestigiis
1232 1554 1399 1584 insisterent,
1416 1559 1463 1579 seu
1482 1551 1516 1578 ab
1529 1550 1685 1579 eorumdem
1701 1550 1800 1577 virtute

176 1610 246 1644 Περὶ
256 1607 293 1638 ὧν
307 1610 412 1646 εἴρηται
429 1611 476 1645 μὲν
492 1612 540 1638 καὶ
568 1611 668 1642 ἄλλοις,
696 1610 765 1646 ἀτὰρ
791 1611 839 1637 καὶ
854 1612 919 1646 ἡμῖν
936 1612 964 1638 ὲν

175 1653 218 1687 οἷς
233 1657 517 1692 ὲπραγματεμσάμεθα
543 1658 607 1693 περὶ
623 1658 673 1692 τῆς
701 1656 755 1683 τῶν
782 1657 903 1684 παλαιῶν
920 1657 966 1683 ἁν-

175 1702 248 1738 δρῶν
263 1702 322 1738 (68‘,
336 1703 521 1735 πολυπαιδίας.
539 1703 641 1730 Τοιοίδε
667 1703 715 1738 μὲν
740 1701 785 1729 οὖν
811 1703 858 1729 καὶ
882 1700 963 1730 οὗτοι.

178 1748 255 1784 Ἔχω
268 1756 308 1775 σοι
322 1748 387 1784 παρ’
404 1749 494 1781 αὐτοῖς
508 1749 554 1775 καὶ
570 1749 648 1776 ἄλλον
672 1750 768 1781 εἰπεῖν,
798 1748 857 1775 Ἰὼϐ
880 1748 966 1784 ὃνομα

177 1794 217 1829 τῷ
231 1793 318 1830 ἀνδρὶ,
331 1794 360 1821 ὃν
375 1794 410 1821 τὰ
423 1795 482 1830 ἱερὰ
509 1796 643 1831 μαρτυρεῖ
666 1793 744 1828 λόγια
768 1795 908 1829 γεγονέναι
921 1795 966 1822 ἄν-

178 1839 288 1877 θρωπον
299 1840 453 1876 ἄμεμπτον,
468 1841 606 1876 ἀληθινὸν,
621 1840 734 1872 δίκαιον,
757 1840 880 1876 θεοσεϐῆ,
899 1841 966 1867 ἁπε-

177 1887 291 1922 χόμνον
302 1886 356 1913 ἀπὸ
368 1886 466 1918 παντὸς
489 1886 605 1922 πονηροῦ
635 1886 805 1921 πράγματος.
832 1884 914 1918 Οὗτός
933 1895 965 1920 γε

177 1940 230 1965 τοι,
246 1932 322 1960 οὐδὲν
336 1933 483 1968 προσήκων
497 1933 536 1968 τῷ
564 1933 698 1959 Ἰουδαίων
721 1933 794 1967 γένει
804 1953 812 1965 ,
838 1933 884 1959 ἐπὶ
899 1934 965 1959 πᾶσι

178 1979 297 2015 τοῖςτῆς
322 1977 463 2010 εὐσεϐείας
489 1978 681 2014 κατορθώμασι
701 1978 918 2014 μεμαρτύρηται.
934 1979 968 2005 Οἵ

178 2030 211 2058 γε
223 2024 278 2060 μὴν
292 2023 338 2051 τοῦ
358 2023 454 2051 Ἰακὼϐ
467 2024 571 2056 παῖδες,
598 2024 646 2060 τὴν
670 2025 783 2059 πάτριον
803 2023 966 2058 θεογνωσίαν

179 2075 209 2097 τε
224 2070 273 2097 καὶ
286 2069 440 2097 θεοσέϐειαν
469 2070 654 2105 ἠγαπηκότες,
680 2069 729 2105 τὴν
754 2070 807 2096 τῶν
835 2069 966 2096 ἀνέκαθεν

182 2114 316 2151 Ἐϐραίων
331 2116 424 2151 φήμην
435 2115 481 2142 ἐπὶ
495 2115 565 2150 μέγα
578 2115 657 2150 δόξης
677 2117 805 2150 προῆγον,
821 2114 890 2141 ὥστε
916 2115 964 2150 ἤδη

179 2163 227 2189 καὶ
236 2162 328 2197 πάσης
343 2161 480 2196 Αἰγύπτου
504 2162 552 2196 τὴν
573 2161 658 2197 ἀρχὴν
685 2161 845 2196 ἀνάψασθαι.
864 2161 893 2186 '0
912 2162 965 2195 γάρ

179 2216 220 2234 τοι
235 2207 334 2243 Ἰωσὴφ
353 2209 409 2240 τοῖς
440 2207 616 2243 σωφροσύνης
641 2207 872 2242 προαναστεφθεὶς
899 2207 965 2242 βρα-

1016 1604 1188 1634 dellectereut
1204 1610 1212 1632 ς
1228 1601 1285 1628 sive
1299 1599 1416 1634 denique
1436 1598 1496 1625 alia:
1511 1597 1635 1633 quaedam
1658 1596 1740 1631 hujus
1758 1596 1800 1622 in-

1016 1650 1103 1680 stituti
1123 1657 1213 1677 causa:
1235 1647 1412 1680 rationesque
1429 1645 1583 1676 subessent,
1604 1643 1630 1670 iu
1650 1650 1719 1678 quas
1738 1641 1800 1669 dili-

1016 1698 1122 1734 gentius
1140 1702 1167 1724 et
1186 1694 1322 1723 curiosius
1347 1693 1502 1727 inquirere,
1527 1690 1607 1718 modo
1632 1697 1686 1716 non
1709 1694 1797 1716 vacat.

1016 1746 1149 1773 Caeterum
1163 1740 1297 1777 ejusmodi
1315 1740 1396 1767 etiam
1412 1739 1455 1765 ille
1469 1737 1530 1769 fuit,
1547 1744 1627 1772 quem
1645 1743 1696 1763 nos
1716 1743 1800 1762 aemu-

1015 1790 1066 1817 lari
1089 1794 1264 1822 summopere
1290 1786 1393 1813 deceat.
1415 1783 1572 1812 Secundum
1588 1782 1664 1809 illum
1692 1781 1800 1809 lsaacus

1015 1836 1149 1866 laudatur,
1163 1834 1223 1868 ejus
1240 1839 1300 1867 qum
1313 1835 1452 1866 parentem
1468 1833 1612 1856 ornaverat
1627 1828 1725 1855 divina:
1737 1835 1800 1855 cum

1016 1880 1131 1912 notitiae,
1156 1883 1214 1906 tum
1240 1878 1322 1905 etiam
1345 1876 1489 1904 charitulis
1508 1875 1607 1907 haeres,
1631 1881 1713 1909 quam
1743 1873 1802 1908 ipse

1017 1933 1099 1954 unam
1121 1924 1245 1951 omnium
1268 1923 1349 1957 longe
1374 1920 1587 1956 pulcherrimam
1612 1927 1645 1946 ac
1674 1919 1801 1947 felicissi-

1017 1979 1090 1999 mam
1110 1970 1170 2004 ejus
1196 1969 1381 1996 hereditatem
1408 1966 1523 1994 sortitus
1546 1971 1597 1994 est.
1621 1965 1753 1992 Eumdem
1774 1969 1801 1992 et

1018 2024 1131 2045 uxorem
1151 2016 1284 2042 duntaxat
1302 2021 1384 2040 uuam
1407 2012 1528 2044 duxisse,
1545 2016 1572 2038 et
1594 2011 1678 2038 semel
1695 2014 1801 2038 tantum

1017 2063 1110 2091 liberis
1133 2069 1243 2096 operam
1265 2060 1373 2088 dedisse
1395 2058 1562 2085 monimenta
1583 2057 1673 2084 divina
1696 2061 1801 2084 testan-

1019 2113 1061 2136 tur
1077 2118 1085 2136 :
1100 2116 1153 2143 qua
1179 2107 1259 2134 unica
1276 2106 1346 2138 vice,
1362 2104 1468 2141 gemina
1484 2103 1559 2139 prole
1580 2107 1716 2137 suscepta,
1741 2109 1801 2128 mu-

1019 2161 1092 2183 tuam
1115 2162 1177 2182 cum
1201 2160 1286 2180 uxore
1302 2151 1527 2179 consuetudinem
1551 2149 1802 2184 circumscripsisse

1017 2201 1114 2232 fertur,
1130 2199 1252 2234 exemplo
1265 2198 1439 2226 continentiae
1454 2196 1598 2231 singulari.
1611 2194 1801 2230 Consuquatur

178 2253 273 2285 ϐείοις,
296 2242 412 2281 κᾶπειτα
424 2254 473 2289 τὴν
484 2242 637 2288 Ᾰίγυπτίων
648 2254 843 2288 ὑποδεξάμενος
864 2255 964 2289 ἡγεμο-

1017 2247 1145 2279 Jacobus,
1160 2253 1240 2281 quem
1256 2250 1283 2272 et
1297 2244 1425 2271 lsraelem
1440 2248 1575 2271 vocarunt
1588 2252 1594 2270 :
1610 2242 1682 2277 quod
1695 2247 1801 2269 utrum-

179 2301 250 2332 νίαν,
263 2300 309 2327 τὸν
322 2300 430 2336 θεοφιλῆ
444 2301 497 2327 τῶν
514 2300 646 2334 Ἐϐραίων
671 2299 780 2332 διέδειξε
797 2299 904 2335 τρόπον.
919 2299 966 2325 Ὃν

180 2347 228 2373 καὶ
243 2346 325 2373 αὐτὸν
340 2345 437 2380 ζηλοῦν
451 2346 484 2372 δι’
498 2346 581 2381 εὑχῆς
597 2345 776 2380 πεποιήμεθα,
788 2344 878 2371 δοῦλον
889 2343 967 2370 αὑτὸν

180 2392 211 2426 ἒξ
224 2392 332 2419 οἰκείων
351 2392 497 2427 ἐπιϐουλῆς
524 2392 715 2427 γεγενημένον,
742 2391 788 2417 καὶ
810 2390 901 2417 δοῦλον
919 2390 966 2415 Αἰ-

180 2439 296 2473 γυπτίου
309 2438 413 2475 ἀνδρός.
430 2438 469 2465 Τὰ
483 2438 532 2474 μὲν
545 2438 599 2473 γὰρ
611 2437 677 2465 ἄλλα
694 2438 744 2464 ὅσα
766 2437 804 2468 εἰς
814 2436 968 2472 ὡραιότητα

182 2486 230 2513 καὶ
243 2484 339 2522 μὶιμην
355 2484 479 2520 σώματος
506 2486 551 2511 καὶ
578 2485 728 2520 εὐμορφίαν
739 2483 883 2519 ηὑτύχητο,
900 2491 968 2518 παρ-

184 2531 256 2567 ίημι,
288 2532 312 2558 εἰ
330 2531 376 2557 καὶ
392 2531 425 2557 τὰ
454 2530 531 2564 λόγια
549 2530 662 2562 κάλλους
676 2530 756 2556 αὑτὸν
773 2529 832 2564 ὥρᾳ
860 2528 968 2554 πάντων

183 2576 331 2610 διενεγκεῖν
343 2576 506 2611 ἀναγράφει·
532 2575 566 2602 τὰ
585 2575 613 2602 δὲ
635 2576 698 2610 περὶ
721 2575 809 2609 ψυχῆς
831 2576 867 2609 πῆ
880 2574 912 2600 ἄν
927 2582 968 2605 τις

181 2622 355 2658 διαγράψειε.
371 2622 430 2648 κατ’
447 2622 525 2655 ἀξίαν
551 2622 600 2656 τῆς
617 2621 663 2647 τοῦ
689 2621 784 2656 ἀνδρὸς
802 2622 901 2656 ἀρετῆς
924 2620 969 2646 τὸν

183 2669 294 2696 ἔπαινον
305 2668 417 2695 διελθεῖν
429 2668 631 2704 προῃρημένο;;
649 2667 728 2694 Φύσει
742 2668 789 2702 μὲν
814 2668 887 2703 αὐτῷ
902 2676 971 2702 παρ-

183 2715 254 2742 εῖναι
282 2714 360 2749 λόγος
375 2715 405 2741 τδ
425 2714 574 2750 ἐλευθέριον
589 2713 740 2749 γνώρισμα,
755 2714 800 2739 το]
825 2722 853 2740 τε
871 2713 969 2749 τρόπου

220 2770 246 2786 ⁸⁸
256 2770 327 2799 Gen.
342 2777 387 2802 xv,
401 2769 427 2797 6.

221 2829 278 2865 (67)
289 2828 390 2856 Καλεῐ.
408 2828 462 2856 Alt.
478 2835 493 2855 e
505 2835 656 2860 manuscr.,
670 2827 754 2864 δηλοῖ,
770 2827 841 2862 quod
858 2827 970 2854 omnino

185 2868 365 2935 ντῗϐῗῗιῂερὶ
386 2899 441 2932 τῆς
460 2898 518 2926 τῶν
539 2899 673 2926 παλαιῶν
692 2898 759 2925 ἁνδ.
782 2896 862 2924 Liber
879 2897 922 2924 hic
939 2897 971 2924 de

1017 2302 1070 2328 que
1086 2300 1196 2324 nomen,
1217 2292 1251 2318 ab
1266 2291 1366 2326 insigni
1380 2290 1497 2326 quadam
1516 2295 1558 2317 est
1579 2289 1731 2323 eximiaque
1746 2287 1802 2314 vir-

1017 2345 1104 2367 tutum
1123 2338 1280 2365 accessione
1301 2342 1474 2364 consecutus.
1492 2335 1517 2363 ls
1530 2336 1613 2364 enim.
1628 2335 1692 2362 dum
1713 2334 1801 2361 adhuc

1019 2386 1047 2411 in
1064 2385 1136 2412 civili
1151 2384 1268 2418 quodam
1285 2387 1312 2410 et
1334 2387 1446 2410 actuoso
1463 2382 1523 2408 vita:
1543 2388 1649 2416 genere,
1675 2379 1801 2407 assiduos

1019 2432 1127 2467 pietatis
1144 2438 1227 2457 causa
1245 2430 1351 2457 labores
1371 2429 1484 2460 subiret,
1507 2427 1625 2454 Jacobus
1640 2426 1798 2458 dicebatur;

1019 2486 1080 2513 quae
1098 2486 1160 2509 vox,
1179 2478 1201 2504 si
1227 2477 1319 2504 Graece
1341 2475 1481 2507 reddatur,
1506 2479 1606 2500 asceten
1626 2473 1801 2505 athletamque
1820 2467 1825 2474 ’

1020 2530 1109 2553 sonat.
1127 2524 1199 2551 Idem
1216 2524 1306 2551 relatis
1323 2522 1406 2550 semel
1423 2522 1456 2550 de
1469 2521 1593 2549 hostibus
1608 2521 1728 2548 victoriae
1744 2526 1800 2547 tm-

1020 2569 1094 2603 pazis.
1124 2575 1280 2598 coronatus,
1303 2568 1349 2594 ubi
1373 2566 1608 2600 contemplatioriis
1627 2565 1725 2600 opibus
1750 2565 1801 2592 l'rui

1020 2615 1112 2648 cmpit,
1127 2619 1182 2641 tum
1202 2622 1266 2640 Vero
1287 2612 1359 2639 aliud
1385 2613 1409 2639 ei
1427 2619 1526 2638 nomen
1544 2616 1638 2638 auctor
1658 2611 1716 2646 ipse
1731 2611 1802 2639 Deus

1021 2660 1159 2694 imposuit.
1176 2667 1293 2693 eumque
1307 2658 1403 2693 partim
1419 2663 1564 2692 conspectu
1578 2664 1628 2684 suo
1639 2657 1693 2684 l'rui
1705 2657 1801 2688 voluit,

1021 2704 1119 2739 partim
1136 2704 1316 2731 divinioribus
1331 2703 1492 2735 quibusdam
1511 2702 1629 2736 pnemiis
1645 2704 1673 2729 e‘t
1690 2702 1802 2729 honori-

1022 2833 1167 2853 numerosa
1191 2826 1342 2860 priscorum
1360 2826 1500 2853 hominum
1525 2825 1633 2857 sobole,
1662 2833 1722 2852 cum
1742 2825 1802 2851 aliis

1023 2862 1158 2895 plerisque
1176 2861 1326 2892 intercidit,
1343 2869 1391 2887 nec
1409 2862 1464 2887 ulla
1479 2861 1538 2895 ejus
1559 2865 1600 2887 est
1613 2862 1683 2894 apud
1699 2860 1728 2887 S.
1745 2860 1803 2886 Hic-

1023 2904 1175 2932 rouymum,
1193 2896 1329 2927 Photium,
1347 2901 1391 2923 aut
1406 2895 1516 2923 Suiduui
1534 2895 1643 2922 mentio.
