2063 3211
180 172 231 200 529

754 172 915 201 PRIEPAR.
934 174 1059 202 EVANG.
1079 174 1142 201 LIB.
1163 173 1218 202 Ἧι.

1751 177 1803 205 550

175 231 236 262 ταῖς
250 229 305 256 τῶν
321 230 428 257 οἰκείων
442 230 589 266 προφητῶν
606 230 759 263 ἀκολούθως
773 233 874 265 φωναῖς
886 232 961 266 διαρ-
974 258 978 266 ί

1030 231 1085 259 itiis
1095 236 1268 265 attentatum,
1279 240 1342 260 mox
1351 234 1478 268 precibus
1486 236 1567 263 etiam
1576 240 1602 264 et
1611 237 1793 264 obsecrationi

177 277 229 303 κεῖ.
244 275 304 303 Ὀτι
314 276 345 312 δὴ
357 277 403 303 καί
421 277 499 303 τοῦτο
515 277 653 309 Μωῦσέως
666 275 699 313 ἦν
726 278 807 304 αὑτοῦ
840 279 885 304 καὶ
914 278 967 304 τῶν

180 322 328 358 μετέπειτα
360 323 506 358 προφητῶν
529 323 676 358 θέσπισμα,
695 323 731 358 μὴ
745 324 877 359 πρότερον
899 325 967 351 ἐκλι‹

178 370 239 394 πεῖν
255 368 291 395 τὰ
312 368 450 400 Μωῡσέως
478 369 581 404 νόμιμά
602 378 630 395 τε
647 369 693 395 καὶ
707 369 888 404 διατάγματα,
902 371 917 405 ἦ
934 371 967 397 τὰ

178 414 225 441 τοῦ
241 414 359 449 Χριστοῦ
372 414 539 449 φανῆναι,τὰ
551 415 705 450 τῆςΚαινῆς
715 415 812 451 δηλαδὴ
821 416 966 452 Διαθὴκης,

180 458 231 493 τῆς
248 457 292 484 διὰ
307 458 354 484 τοῦ
368 458 582 493 Σωτῆροςὴμῶν
608 460 673 485 πᾶσι
690 462 744 491 τοῖς
763 461 850 487 ἔθνεσι
866 470 967 496 κατηγ-

179 504 325 539 γελμένης·
346 503 363 530 ἃ
378 504 423 531 καὶ
446 501 495 530 ὧδε
509 505 600 536 τέλους
614 505 718 540 ἔτυχεν,
763 507 808 532 καὶ
823 506 968 541 ἀναπεξὼ-

178 557 267 584 νηται.
289 550 356 575 Ἀλλ’
373 549 465 584 ἐπειδὴ
483 550 526 577 τὴν
541 550 593 576 τῶν
611 551 662 586 πρὸ
679 552 816 583 Μωῧσέως
836 552 968 587 Ἐϐραίων

182 594 239 630 βίον
250 597 277 621 ὲν
289 595 370 630 ὀλίγῳ
386 594 590 630 διεληλύθαμεν,
611 597 658 622 καὶ
677 597 721 623 τόν
736 606 766 631 γε
782 599 830 633 τῆς
845 599 905 624 κατ’
918 599 967 624 αὺ-

179 642 244 673 τοὺς
258 641 396 672 εὐσεϐείας
423 641 584 676 χαρακτῆρα
601 643 821 677 παρεστήσαμεν,
845 643 904 678 ὥρα
922 644 967 670 καὶ

180 689 227 714 τὸν
239 687 400 722 δογματικδν
417 687 507 713 αὐτῶν
531 688 641 722 τρόπον,
656 688 708 714 ἀπό
721 698 750 715 τε
767 689 815 724 τῆς
829 690 966 722 Μωῦσέως

182 733 292 772 Ῠραφῆς
302 734 347 760 καὶ
367 733 420 759 τῶν
436 734 583 768 μετάὐτὺν
599 735 743 770 προφητῶν
755 735 964 770 ἐπισκέψασθαι.

1016 277 1066 304 bus
1079 282 1193 312 urgeret,
1201 278 1233 304 ad
1244 282 1396 306 extremum
1407 287 1440 307 ne
1448 280 1579 309 violentas
1589 282 1697 317 quidem
1710 291 1806 310 manus

1016 325 1101 351 eidem
1121 324 1233 359 injicere
1254 329 1281 352 et
1298 326 1426 354 obscenis
1439 335 1500 354 eum
1517 328 1718 364 impudicisque
1731 337 1805 356 com-

1019 369 1142 403 plexibus
1152 378 1272 404 premere
1281 376 1420 399 vereretur
1429 381 1434 398 :
1443 373 1611 401 clarissimus
1619 374 1699 402 heros
1706 374 1804 401 doctri-

1019 423 1060 442 na:
1071 420 1212 450 parentum
1226 418 1403 445 sanctissimae
1421 419 1589 451 recordatus,
1608 427 1639 447 ac
1650 428 1709 447 sese
1718 420 1801 447 divini

1020 462 1151 487 cultorem
1164 461 1299 495 Numinis,
1313 471 1462 498 verumque
1474 464 1626 498 llebrteum,
1639 473 1693 492 non
1706 474 1734 492 re
1746 467 1802 501 ipsa

1020 508 1111 534 minus
1122 516 1203 542 quam
1220 509 1342 536 oratione
1353 510 1502 544 professus,
1513 516 1616 545 turpem
1632 519 1663 538 ac
1675 512 1803 539 libidino-

1022 562 1078 581 sam
1094 555 1281 582 mulierculam
1294 556 1447 584 robustiore
1458 558 1566 584 dextera
1578 558 1663 585 victor
1673 559 1802 591 excussit,

1021 607 1052 627 ac
1064 600 1144 635 312
1156 601 1265 635 perinde
1275 606 1304 628 ut
1314 603 1377 628 siex
1387 602 1528 630 horrenda:
1538 603 1805 639 l'urentisquebestiae

1020 646 1147 674 dentibus
1163 654 1222 674 sese
1238 647 1397 682 proriperet,
1411 648 1489 675 saluti
1503 657 1559 676 sua:
1577 649 1638 685 fuga
1656 649 1803 677 consuluit.

1020 690 1088 718 Tum
1102 692 1171 719 idem
1189 699 1280 719 secum
1299 693 1355 727 ipse
1365 701 1421 720 rem
1434 698 1539 722 matura
1551 695 1712 730 cogitatione
1726 703 1807 730 repu<

1019 740 1108 763 tanszt
1126 737 1155 764 Si
1171 737 1299 766 dominus
1314 746 1391 766 meus
1404 743 1513 774 propter
1530 748 1572 767 me
1595 741 1661 768 nihil
1675 742 1748 769 novit
1763 749 1807 769 εον

183 791 243 810 rum
260 790 320 818 quae
336 785 400 810 sunt
413 781 438 807 in
451 781 532 808 domo
551 781 618 814 ejus,
639 786 665 808 et
682 783 772 809 omnia
786 791 846 817 qua:
862 784 897 810 ibi
911 788 973 810 sunt
992 785 1104 812 tradidit
1126 785 1152 812 in
1168 793 1266 813 manus
1281 793 1366 820 meas,
1379 788 1515 822 quomodo
1526 789 1627 815 malum
1641 790 1693 816 hoc
1704 790 1806 825 grande

183 832 293 864 faciam,
314 837 340 859 et
353 832 471 866 peceabo
483 830 509 857 in
519 834 664 865 conspectu
683 830 728 857 Dei
743 830 797 857 ‘5?»
817 830 997 864 Quamobrem
1012 832 1083 860 Deus
1102 842 1164 861 eum
1191 839 1341 869 praepotens
1365 840 1493 870 tanquam
1510 836 1606 863 illustri
1625 837 1737 864 victoria
1759 846 1808 864 no-

184 879 276 912 bilem,
306 879 395 914 dignis
412 879 511 906 virtute
538 879 657 913 prmtiiiis
675 879 848 912 honestavit,
870 879 1097 916 dominorumqae
1128 887 1240 907 suorum
1255 903 1262 915 ,
1290 883 1344 909 imo
1367 883 1452 911 totius
1475 885 1556 911 etiam
1581 884 1688 920 Egypti
1705 886 1806 920 princi-

183 934 244 962 pem
263 926 517 960 moderatoremque
532 925 683 953 constituit.
700 926 787 960 Atque
802 925 823 952 is
836 924 966 953 Hebrqu
985 927 1109 953 Similiter
1124 932 1206 962 atque
1231 935 1264 955 ex
1288 927 1407 957 Hebraeis
1435 935 1511 958 satus
1535 936 1602 964 erat,
1615 939 1668 958 non
1680 931 1806 965 Judteus;

184 980 235 1000 nec
251 973 324 1000 enim
350 971 505 999 Judaeormn
536 972 624 998 adhuc
640 979 706 1006 gens
738 972 792 998 ulla
820 972 958 1000 coaluerat
975 981 981 999 :
1003 973 1073 1000 idem
1096 974 1228 1000 tamenin
1256 975 1377 1002 virorum
1397 976 1435 1002 uti
1451 975 1504 1004 Deo
1519 977 1756 1010 charissimorum,
1770 979 1808 1006 ita

184 1020 264 1055 longe
293 1018 514 1046 felicissimorum
536 1018 623 1045 classe
646 1026 813 1053 numeroque
837 1024 972 1045 cenSetur.
995 1019 1095 1046 Deinde
1120 1028 1195 1053 vero,
1222 1021 1301 1055 longa
1333 1029 1380 1056 pcr
1401 1022 1510 1049 eosdem
1537 1022 1663 1052 llebrmos
1685 1030 1808 1059 postero-

185 1073 245 1092 rum
261 1065 332 1092 serie
346 1069 502 1100 propagata,
517 1071 580 1091 cum
596 1064 651 1098 jam
671 1071 702 1090 ex
721 1063 754 1091 iis
777 1063 892 1091 conﬂata
906 1063 1061 1091 Judzeorum
1088 1065 1172 1097 natio,
1197 1066 1282 1093 multa
1307 1066 1334 1093 in
1355 1067 1413 1094 dies
1434 1067 1527 1095 sobole
1550 1068 1683 1103 glisceret,
1706 1070 1809 1098 factum

185 1117 227 1139 est
246 1112 339 1138 nescio
353 1119 408 1146 quo
427 1116 514 1145 pacto.
532 1116 633 1138 utcum
657 1112 742 1145 prima
771 1111 827 1145 illa,
849 1119 931 1146 quam
957 1119 971 1138 a
991 1111 1046 1139 Deo
1075 1112 1244 1140 charissimis
1258 1113 1406 1148 majoribus
1430 1120 1610 1150 acceperant,
1641 1117 1750 1151 pietatis
1777 1126 1810 1145 ac

186 1160 327 1194 religionis
343 1160 477 1187 institutio
499 1159 637 1186 debilitata
662 1159 791 1194 paulatim
817 1160 968 1195 obtusaque
988 1160 1161 1188 hebesceret:
1179 1165 1235 1188 tum
1259 1169 1322 1188 vero
1346 1164 1451 1189 tantum
1466 1162 1536 1196 apud
1559 1169 1605 1189 eos
1621 1161 1810 1197 Egyptiorum

186 1208 304 1235 societas
330 1207 539 1242 connuunioque
575 1211 676 1241 posset,
704 1211 733 1233 ut
763 1207 857 1242 patria:
887 1207 994 1234 virtutis
1014 1211 1192 1235 evanescente
1217 1209 1358 1242 memoria,
1386 1209 1426 1236 sic
1450 1208 1638 1244 Egyptiorum
1664 1217 1754 1237 mores
1779 1218 1811 1237 ac

188 1255 257 1282 ritus
281 1255 432 1287 induerent,
457 1255 523 1281 nihil
542 1259 570 1281 ut
595 1255 665 1282 inter
678 1255 818 1290 utriusque
837 1255 929 1289 populi
958 1255 1019 1282 vita:
1038 1263 1122 1289 genus
1135 1255 1301 1283 discriminis
1311 1263 1371 1283 esse
1383 1256 1528 1284 videretur.
1546 1256 1606 1289 Quo
1620 1258 1647 1283 in
1661 1264 1750 1283 rerum
1765 1265 1811 1288 ar-

188 1303 282 1335 ticulo,
302 1308 407 1338 patrum
427 1303 471 1329 ille
490 1311 602 1330 suorum
620 1302 691 1329 Deus
712 1302 820 1338 Moysen
843 1302 877 1329 ad
902 1310 949 1330 eos
974 1302 1155 1337 legislaturem
1195 1302 1288 1335 mittit,
1314 1303 1401 1338 iisque
1426 1303 1650 1339 promissionibus
1682 1303 1760 1330 iidem
1784 1310 1813 1329 re

188 1351 248 1386 ipsa
269 1351 521 1386 coneiliat,qnibus
537 1359 631 1378 eorum
654 1358 714 1377 sese
736 1350 900 1385 majoribus,
928 1351 1026 1378 divinis
1050 1350 1130 1379 etiam
1146 1351 1263 1378 oraculis
1280 1351 1469 1379 obstrinxerat.
1493 1351 1561 1378 Tum
1590 1352 1633 1383 iis,
1666 1359 1725 1385 qua:
1747 1351 1813 1377 scri-

188 1402 234 1432 pta
247 1398 383 1433 leguntur,
401 1399 549 1431 miraculis,
563 1403 643 1432 atque
659 1398 795 1425 inusitatis
811 1403 872 1425 ante
903 1398 1032 1433 prodigiis
1067 1399 1152 1433 ipsius
1181 1406 1262 1426 manu
1291 1400 1462 1434 perpetratis,
1489 1403 1681 1435 congruentem
1700 1399 1812 1425 audien-

166 1445 256 1474 ‘tinm
275 1447 396 1473 moribus
414 1446 498 1481 legem
524 1445 686 1481 promulgat.
709 1445 779 1472 Cum
798 1445 871 1472 enim
902 1445 936 1472 ob
961 1445 1095 1480 insignem
1119 1452 1226 1472 morum
1248 1446 1438 1480 asperitatem,
1463 1450 1571 1481 patrum
1596 1453 1707 1473 suorum
1727 1446 1813 1472 virtu-

190 1499 244 1522 tem
259 1493 382 1521 zemulari
399 1501 452 1520 non
478 1498 578 1528 posset,
609 1494 643 1520 iis
671 1498 762 1527 utpote
787 1492 889 1519 morbis
920 1492 1072 1519 animorum
1099 1492 1286 1519 laborantibus
1312 1497 1521 1520 consentaneum
1551 1492 1666 1519 instituti
1700 1491 1812 1525 vitaeque

190 1542 325 1568 rationem
350 1541 386 1568 ita
411 1541 629 1576 praescripsit,ut
650 1541 683 1568 de
711 1540 850 1577 nonnullis
880 1540 952 1567 clare
979 1540 1176 1574 perspicueque
1203 1543 1352 1571 statueret,
1373 1539 1424 1566 alia
1453 1538 1630 1574 aznigmaticis
1652 1537 1814 1572 quibusdam

191 1590 280 1617 sensis
296 1590 444 1621 involvens,
471 1594 550 1616 notas
570 1589 700 1616 duntaxat
727 1589 889 1622 umbrasque
913 1595 1013 1620 rerum,
1036 1595 1090 1614 non
1107 1592 1227 1622 apertam
1246 1587 1400 1622 nudamque
1411 1586 1561 1617 veritatem,
1573 1583 1768 1613 consectandas
1782 1584 1814 1611 iis

191 1637 428 1671 obsenandasque
457 1640 626 1671 proponeret.
653 1637 741 1671 Atque
763 1637 832 1662 hanc
850 1635 969 1662 Iudaica:
990 1635 1056 1669 reip.
1081 1635 1208 1668 formam,
1232 1642 1293 1669 quae
1308 1643 1323 1661 a
1347 1634 1442 1670 Moyse
1457 1634 1589 1661 delineata
1603 1633 1718 1667 primum
1733 1636 1759 1658 et
1773 1631 1816 1657 in-

182 1675 309 1709 Iformata
340 1682 437 1715 fuerat,
460 1683 493 1709 ad
519 1682 670 1709 Servatoris
702 1690 787 1717 usque
809 1682 895 1709 nostri
927 1681 990 1708 Jesu
1007 1681 1107 1708 Christi
1133 1682 1276 1708 adventum
1302 1681 1396 1708 ﬂorere
1426 1688 1457 1708 ac
1480 1681 1568 1715 vigere
1594 1678 1751 1713 oportebat,
1777 1677 1816 1704 uti

194 1728 317 1755 iuturum
335 1729 392 1756 suis
425 1729 531 1763 ipsimet
555 1728 710 1756 Iudaeorum
736 1729 874 1763 propheta:
900 1728 1018 1755 oraculis
1039 1728 1203 1755 cecinerant.
1221 1726 1287 1754 Nam
1310 1727 1407 1762 partim
1430 1727 1463 1753 ab
1490 1726 1549 1760 ipso
1563 1724 1669 1759 Moyse,
1686 1723 1783 1758 partim
1800 1730 1815 1749 a

194 1776 369 1812 sequentibus
392 1777 472 1812 313
493 1777 630 1812 prophetis
645 1778 702 1811 jam
722 1777 786 1803 olim
810 1776 965 1810 pnediclum
986 1775 1046 1809 fuit,
1063 1784 1116 1802 non
1129 1781 1190 1803 ante
1211 1775 1328 1802 saneitas
1348 1783 1361 1801 a
1389 1774 1480 1809 Moyse
1499 1774 1570 1808 leges
1589 1772 1756 1806 antiquatum
1770 1770 1814 1801 iri,

195 1832 277 1859 quam
301 1832 347 1852 eas
369 1824 493 1852 Christus
520 1824 586 1851 Novi
602 1824 766 1851 Testamenti
797 1825 902 1850 tabulas
928 1823 1065 1856 conderet,
1100 1831 1168 1857 quas
1190 1831 1263 1850 nunc
1284 1823 1393 1850 demmn
1418 1821 1538 1856 ejusdem
1559 1819 1710 1846 Servatoris
1730 1818 1816 1845 nostri

195 1879 318 1906 munere,
338 1873 463 1908 gentibus
476 1873 576 1908 passim
590 1872 716 1898 omnibus
742 1872 892 1906 resignatas
917 1876 998 1905 atque
1017 1871 1162 1906 explicatas
1192 1871 1312 1905 adeoque
1334 1870 1523 1904 praedictorum
1546 1868 1653 1895 illorum
1677 1866 1815 1893 veritatem

196 1923 254 1956 ipso
271 1929 361 1948 rerum
379 1920 451 1947 exitu
463 1919 665 1954 comprobatam
686 1919 817 1945 videmus.
837 1918 889 1944 Sed
919 1918 1047 1952 quoniam
1062 1918 1110 1945 “de
1139 1917 1313 1944 llelmeorum
1341 1917 1459 1949 illorum,
1478 1915 1524 1950 qui
1544 1919 1604 1941 ante
1626 1913 1743 1948 Moysem
1761 1912 1816 1939 cia-

197 1972 321 1997 ruerunt,
338 1966 400 1993 vitae
419 1966 521 1993 ratione
544 1973 628 2000 pauca
657 1965 812 1996 libavimus,
837 1972 939 1998 suoque
963 1964 1120 1998 religionem
1144 1964 1265 1999 ipsorum
1300 1963 1456 1990 charactere
1484 1968 1640 1996 expressam
1675 1960 1818 1994 consigna-

197 2019 308 2048 tamque
319 2011 513 2047 produximus;
528 2019 697 2046 consequens
714 2015 754 2038 est
776 2011 814 2037 uti
828 2011 885 2044 jam
906 2018 1002 2037 eorum
1021 2011 1151 2038 doctrina:
1167 2010 1264 2045 capita,
1281 2014 1337 2037 tum
1357 2008 1454 2043 llloysis
1469 2007 1601 2043 ejusdem,
1617 2011 1672 2033 tum
1688 2005 1818 2040 pusterio-

198 2068 258 2087 rum
272 2068 303 2087 ex
320 2059 510 2094 prophetarum
527 2059 635 2093 scriptis
661 2059 817 2093 deprompta
835 2059 1060 2093 eontemplemur.

469 2118 662 2144 ΚΕΦΑΛΑΙΟΝ
676 2117 714 2145 θ’,

199 2164 269 2198 Περὶ
285 2163 344 2191 τῶν
352 2164 421 2204 frap’
437 2163 580 2197 Ἑϐραίοις
588 2162 771 2198 δοῃιιιιτικῶν
784 2162 984 2197 θεωρτῃιάτων.

236 2222 348 2257 Πρῶτος
358 2222 380 2248 δ’
391 2219 436 2249 οὖν
452 2221 578 2248 ἁπάντων
593 2221 671 2252 αὐτὸς
682 2221 785 2252 ἐκεῖνος
806 2222 819 2247 ὁ
837 2220 987 2256 θαυμάσιος

201 2268 325 2302 θεολόγος
341 2277 371 2294 τε
385 2268 432 2294 καὶ
445 2267 600 2303 νομοθέτης,
613 2267 748 2294 πολιτείαν
764 2267 889 2302 εὐσεϐείᾳ,
902 2276 987 2302 προσ-

201 2316 321 2352 ήκουσαν
340 2314 384 2341 διὰ
396 2314 445 2349 τῆς
461 2314 563 2345 οἰκείας
578 2313 686 2349 γραφῆς
705 2312 744 2348 τῷ
771 2313 902 2340 Ἰουδαίων
917 2312 988 2339 ἔθνει

203 2360 500 2397 προκαταῶλλόμενος,
509 2360 539 2386 οὐ
554 2361 608 2391 τοῖς
620 2360 717 2390 κοινοῖς
728 2360 774 2386 καὶ
784 2368 892 2394 πεπατη
897 2359 988 2394 μένοις

201 2407 279 2443 ᾠήθη
293 2407 348 2434 δεῖν
358 2407 409 2442 χρή
414 2406 509 2433 σασθαι
520 2406 669 2441 προοιμίοις
677 2406 729 2432 τῶν
736 2406 820 2439 λόγων
830 2414 836 2420 ο
847 2404 988 2440 προλαϐὼν

202 2454 231 2480 δὲ
244 2454 332 2480 πάντα
344 2453 425 2488 νόμον
440 2452 588 2487 πρακτικὸν
599 2452 653 2487 (69)
665 2452 718 2478 τῶν
727 2452 869 2487 ποιητέων,
880 2451 926 2477 καὶ
936 2450 988 2476 τῶν

203 2502 234 2528 οὐ
245 2500 378 2536 ποιητέων
386 2499 610 2535 ἁπαγορευτικὸν,
620 2499 668 2530 τάς
678 2507 708 2526 τε
716 2498 872 2533 δημοτελεῖς
887 2499 935 2525 καὶ
945 2506 991 2524 πο-

205 2547 311 2579 λιτικὰς
318 2546 441 2582 περὶτῶν
452 2546 519 2582 πρὸς
528 2545 657 2580 ἀλλήλους
668 2544 837 2580 συμϐολαίων
845 2543 988 2577 διατάξεις,

205 2592 260 2619 ἀπὺ
274 2592 322 2627 τῆς
341 2592 454 2628 πατρίου
471 2590 608 2625 θεολογίας
625 2590 678 2617 δεῖν
698 2589 766 2625 ᾣετο
782 2590 831 2624 τῆς
853 2589 990 2623 θεολογίας

206 2637 348 2674 ἄρξασθαι,
361 2639 409 2666 καὶ
426 2638 479 2674 (70)
491 2638 539 2673 τὴν
551 2637 688 2672 καταρχὴν
703 2636 868 2672 ποιήσας-ϐαι
890 2636 940 2671 τῆς
951 2635 989 2662 δι-

207 2685 363 2718 δασκαλίας,
381 2685 442 2712 οὐδὲ
455 2685 549 2720 ἑτέραν
566 2684 681 2720 μάθησιν
696 2684 797 2711 οἰκείαν
819 2684 909 2719 νόμοις
934 2683 990 2718 (7|)

246 2741 270 2757 “
282 2740 350 2769 Gen.
362 2749 457 2773 xxxtx,
472 2740 499 2768 8.

244 2786 302 2822 (69)
329 2786 505 2822 Hpaxmcdr.
533 2785 652 2814 Alterius
680 2793 825 2822 manuscr._
847 2785 989 2822 lectionem

209 2820 321 2849 secutus
342 2829 421 2853 sum;
443 2821 523 2848 habet
546 2821 619 2848 enim
644 2820 858 2856 προστακτικὸν,
883 2821 926 2848 eui
948 2828 991 2848 se-

210 2864 298 2893 que_n_s
312 2855 525 2893 ὰτξαγορεντικρν
538 2860 611 2893 recte
622 2855 775 2890 opponitur.

247 2890 303 2927 (70)
319 2890 375 2927 Τῆς
385 2890 539 2926 decim-lac
552 2890 697 2925 ἄρξασθαι
707 2911 715 2926 ,
731 2891 790 2918 καί,
805 2890 867 2919 Περ
880 2899 894 2918 a
910 2891 991 2918 libra-

1335 2115 1449 2144 CAPUT
1467 2115 1510 2142 lX.

1202 2164 1372 2191 Hebraeorum
1387 2163 1513 2188 doctrinm
1526 2160 1635 2195 placita.

1074 2220 1201 2247 Omnium
1224 2228 1288 2255 ergo
1315 2219 1440 2254 princeps
1461 2217 1630 2244 admirabilis
1651 2216 1694 2242 ille
1717 2215 1818 2242 theolo-

1039 2275 1088 2301 gus
1109 2272 1190 2301 atque
1215 2266 1362 2301 legislator,
1385 2266 1452 2300 reip.
1479 2264 1595 2291 formam
1612 2269 1674 2289 cum
1691 2260 1820 2295 religione

1038 2312 1211 2346 conjunctam
1236 2311 1304 2346 ston
1327 2311 1384 2345 ipse
1397 2318 1447 2337 suo
1457 2308 1576 2336 Judaieae
1584 2306 1656 2341 genti
1669 2305 1819 2336 delineans,

1039 2366 1092 2384 non
1106 2358 1161 2391 jam
1177 2357 1334 2391 vulgaribus
1348 2356 1401 2383 illis
1414 2360 1494 2389 atque
1506 2352 1632 2381 contritis
1644 2351 1773 2378 utendum
1786 2349 1820 2376 si—

1039 2403 1065 2429 bi
1082 2403 1201 2430 exordiis
1216 2402 1319 2437 putavit
1336 2410 1342 2429 :
1360 2402 1406 2428 sed
1432 2408 1493 2428 cum
1514 2405 1575 2426 ante
1596 2399 1651 2432 jam
1667 2397 1758 2424 animo
1780 2396 1819 2422 le-

1040 2457 1098 2483 gem
1127 2450 1300 2481 universam,
1331 2457 1385 2482 qua
1412 2447 1509 2482 partim
1536 2445 1637 2480 agentia
1650 2443 1818 2479 juberentur,

1040 2495 1138 2530 partim
1152 2500 1305 2523 vetarentur
1331 2502 1384 2521 non
1405 2493 1523 2528 agenda,
1546 2491 1721 2527 publicasque
1740 2490 1821 2516 simul

1040 2551 1073 2570 ac
1089 2542 1180 2570 civiles
1194 2546 1289 2570 mutuo
1301 2542 1371 2568 inter
1392 2548 1452 2568 sese
1465 2530 1641 2566 conti-aliendi
1657 2538 1777 2564 rationes
1790 2544 1821 2563 ac

1042 2589 1148 2624 regulas
1164 2588 1371 2623 descripsisset;
1387 2594 1419 2614 ex
1434 2585 1540 2621 propria
1557 2584 1690 2618 majorum
1709 2590 1822 2610 suorum

1042 2634 1176 2670 theologia
1199 2634 1328 2661 doctrina:
1350 2640 1406 2660 sua
1429 2630 1582 2658 ducendum
1609 2629 1716 2656 initium
1743 2628 1822 2654 intel-

1043 2683 1107 2711 leait
1125 2692 1131 2709 :
1150 2681 1222 2717 quod
1236 2681 1308 2708 aliud
1326 2680 1430 2707 nullum
1447 2678 1597 2712 discrp‘inae
1623 2684 1707 2711 genus
1732 2676 1821 2709 legum

1043 2784 1086 2811 rio
1099 2782 1216 2817 quodam
1230 2787 1370 2817 perperam
1383 2780 1484 2807 inserta
1498 2783 1576 2811 sunt,
1594 2784 1653 2812 qua:
1677 2774 1823 2802 manuscri-

1043 2816 1151 2854 ptornm
1166 2817 1239 2854 alter_
1247 2816 1386 2854 expungit.

1081 2852 1136 2887 (71)
1161 2848 1405 2887 οιθιείιιν’ν‹5]ἱ‹>ιςιἶ
1421 2848 1549 2876 Mendosa
1565 2848 1622 2887 haec
1639 2849 1717 2878 sunt,
1742 2848 1824 2879 atquo

1045 2889 1073 2916 in
1083 2882 1193 2916 ὀίιίειων
1210 2887 1308 2921 νόμων,
1324 2882 1478 2918 invidetur,
1498 2882 1649 2916 mutauda._
