2063 3211
247 191 294 218 ΞιόΙ
582 191 715 219 EUSEBH
734 190 972 219 CzESAlllENSlS
991 190 1064 218 OPP.
1086 190 1176 218 PARS
1194 190 1225 218 ll.
1246 206 1280 210 —
1295 190 1544 219 APOLOGETICA.

1824 192 1878 220 53:!

246 259 364 279 suarum
388 252 482 286 pietati
506 257 717 280 consentaneum
739 257 913 286 agnosceret,
939 256 1031 286 praeter

1085 249 1209 285 εὐσεϐείᾳ
1224 251 1412 286 προσήκουσαν
1423 251 1596 286 ἡγησάμενος
1620 250 1636 285 ἢ
1658 250 1706 286 τὴν
1726 251 1828 278 ἄνωθεν
1844 253 1876 279 ὲκ

247 305 309 324 eam
329 298 474 332 theologia:
489 298 634 330 rationem,
646 297 771 332 quzejam
791 297 853 324 inde
867 306 881 324 a
896 298 990 332 primis
1010 298 1040 325 il-

248 343 284 370 iis
300 344 392 377 gentis
409 352 465 371 sua:
489 343 646 378 parentibus
668 342 701 369 ad
729 351 777 370 sua
808 351 893 378 usque
916 348 1038 378 tempora

246 394 449 422 permanasset.
466 389 560 422 itaque
578 395 593 414 a
609 387 664 414 Deo
679 387 738 422 ipso
754 388 869 422 patriam
885 388 1037 422 priscorum

248 432 427 461 Hebraeorum
455 434 617 468 theologiam
645 438 765 466 secutus,
778 434 935 468 auspicatur
954 444 961 461 :
983 442 1036 461 non

250 477 310 514 jam,
325 477 528 514 digyptiorum,
547 483 594 505 aut
610 477 771 512 Phrenieum
784 500 792 512 ,
805 483 852 506 aut
871 479 1037 513 reliquarum

253 524 395 553 nationum
412 531 498 555 more,
515 532 576 559 qua:
588 525 772 559 promiscuam
794 525 822 551 in
837 524 1038 554 multitudinem

252 570 438 597 venerandum
455 569 520 596 illud
540 569 587 596 Dei
617 578 715 596 nomen
741 570 889 604 abjicerent
917 575 944 597 et
968 569 1038 597 alios

252 615 362 652 quidem
389 616 579 650 aspectabiles,
598 616 650 643 hoc
675 621 716 643 est
735 616 816 643 inﬁxa
846 615 915 643 ccelo
931 615 1036 649 sidera,

252 662 320 691 alios
338 667 476 696 aspectum
493 661 627 697 fugientes
638 662 704 689 deos
717 662 884 694 inveherent,
894 661 991 696 partim
1004 669 1037 688 ex

253 708 409 738 hominibus
435 708 499 741 illis,
515 708 562 744 qui
591 708 647 744 jam
674 713 736 736 ante
762 708 915 740 vixissent,
938 707 1037 742 partim

251 753 334 781 etiam
349 761 397 782 eos
409 755 548 782 daemones
558 774 566 786 ,
577 754 624 789 qui
639 761 727 782 terras
743 758 791 781 aut
809 761 900 780 aerem
923 753 1036 780 oberra-

250 803 322 832 rent,
342 799 380 826 uti
394 801 519 834 superius
534 800 560 826 in
578 807 672 827 earum
691 799 850 834 opinionum
871 797 1038 826 confutatio-

251 852 286 872 ne
297 845 475 873 ostendimus.
491 846 526 873 At
540 853 605 873 vero
621 845 655 872 ab
670 846 786 880 ipsomet
805 852 896 872 rerum
912 843 1036 873 omnium

251 897 373 924 auctore,
397 899 429 918 ac
443 896 499 918 tam
515 899 620 925 earum,
639 899 700 926 qua;
721 890 805 918 videri
829 898 883 917 non
909 893 1034 924 possunt,

1093 296 1272 332 προπατόρων
1289 297 1329 328 εἰς
1340 297 1420 323 αὐτὸν
1434 297 1552 331 ἥκουσαν
1575 297 1724 332 θεολογίαν.
1747 298 1876 333 Ἀρχεται

1092 342 1181 367 τοίνυν
1193 342 1246 368 ἀπὸ
1260 341 1327 368 Θεοῦ
1340 341 1410 368 κατὰ
1427 341 1460 368 τὰ
1473 342 1574 378 πάτρια
1588 342 1638 377 τῆς
1662 342 1715 368 τῶν
1738 342 1876 378 προγόνων

1098 387 1227 423 Ἐϐραίων
1240 387 1378 422 θεολογίας
1388 396 1394 402 ·
1412 387 1471 422 οὐχὶ
1485 387 1558 422 φίλον
1582 388 1638 423 (7‘2)
1657 387 1813 422 Αἰγυπτίοις
1829 388 1877 415 καὶ

1092 433 1206 465 Φοίνιξιν
1222 431 1269 469 ἦν,
1283 433 1300 468 ἢ
1319 434 1375 465 τοῖς
1389 433 1490 465 λοιποῖς
1504 432 1606 459 ἔθνεσιν
1621 434 1660 465 εἰς
1673 433 1772 468 πλῆθος
1793 442 1879 461 καται-

1093 479 1218 506 6ἁλλουσι
1232 480 1281 514 τὴν
1298 479 1443 515 σεϐάσμιον
1461 480 1656 520 προσηγορίαν,
1670 479 1748 511 θεοὺς
1760 488 1791 506 τε
1809 481 1879 516 ὀρω-

1093 525 1189 560 μένους
1203 525 1251 560 μὲν
1265 525 1328 556 τοὺς
1345 525 1405 551 κατ’
1418 525 1530 561 οὐρανὸν
1546 525 1691 560 φωστῆρας
1713 525 1877 561 νομίζουσιν,

1092 571 1203 604 ἀφανεῖς
1216 570 1244 597 δὲ
1257 571 1303 601 καὶ
1314 571 1445 607 ἀοράτους
1465 571 1528 603 τοὺς
1543 571 1572 604 ἐξ
1589 570 1738 606 ἀνθρώπων
1751 579 1878 607 κατοιχο-

1093 614 1206 648 μένους,
1228 614 1244 650 ῆ
1269 622 1315 642 και
1329 616 1391 647 τοὺς
1414 615 1534 650 χθονίους
1548 617 1595 642 καὶ
1609 616 1718 652 ἁερίους
1736 616 1877 652 δαίμονας,

1091 658 1162 685 κατὰ
1180 659 1214 685 τὰ
1229 659 1344 694 πρόσθεν
1357 660 1422 695 ἡμῖν
1433 659 1649 695 ἀπεληλεγμένα.
1669 659 1807 698 Ἀλλὰχάρ
1823 660 1878 690 ἀπὸ

1090 703 1137 731 τοῦ
1155 705 1262 732 πάντων
1276 705 1373 738 αίτίου,
1390 706 1513 741 ἀοράτων
1525 714 1557 737 τε
1569 706 1617 736 xxi.
1625 706 1730 741 ὁρατῶν
1745 706 1877 743 δημιουρ-

1090 750 1139 784 γοῦ
1152 750 1202 786 τὴν
1219 750 1357 787 καταρχὴν
1373 751 1420 778 τοῦ
1437 751 1532 783 παντὸς
1542 751 1622 786 λόγου
1636 752 1827 788 πεποιημένος,
1837 762 1879 781 νο-

1092 795 1208 831 μοθέτην
1228 795 1321 823 τοῦτον
1346 793 1414 823 εἶναι
1439 797 1558 823 διδάσκει
1579 797 1628 832 τῆς
1644 797 1690 823 τοῦ
1712 798 1812 830 παντὸς
1828 807 1877 829 συν

1091 841 1221 873 στάσεως,
1235 841 1328 878 ὥσπερ
1341 843 1405 877 μιᾶς
1415 851 1486 874 τινος
1498 843 1703 878 μεγαλοπόλεως
1716 843 1762 870 τοῦ
1774 844 1882 879 κόσμου¹

1091 885 1202 921 βασιλέα
1221 888 1405 922 καταστήσας.
1421 887 1545 914 Παιδεύει
1561 888 1702 924 τοιγαροῦν
1716 889 1876 924 ἀρχόμενος,

250 944 332 971 quam
349 944 443 964 earum
457 956 463 968 ,
479 945 540 972 qum
563 937 686 964 sensibus
715 940 883 971 usurpautur
909 935 1031 962 molitore

1088 931 1182 958 τοῦτον
1205 932 1331 967 ἡγεῖσθαι
1351 932 1388 968 μὴ
1408 933 1557 968 μόνοντῶν
1573 934 1641 968 πρὸς
1662 934 1761 966 αὐτοὺς
1780 934 1877 969 μικρὸν

251 981 308 1009 Deo
337 983 420 1010 totius
446 983 579 1010 orationis
595 982 706 1010 initium
718 981 831 1014 faciens,
844 989 938 1009 verum
958 980 1031 1007 illum

1087 977 1198 1013 ὕστερον
1214 977 1470 1014 διαταχθησομένων
1481 979 1632 1015 ἀνθρώποις
1642 979 1731 1014 νόμων
1745 979 1878 1016 αὐθέντην

251 1027 336 1062 hujus
354 1029 539 1056 universitatis
562 1028 743 1064 legislatorem
774 1035 806 1055 ac
836 1027 1031 1054 moderatorem

1086 1022 1155 1050 εἶναι
1169 1024 1215 1050 καὶ
1229 1024 1332 1059 κύριον,
1343 1024 1466 1051 ἀλλὰκαὶ
1477 1025 1532 1051 τῶν
1545 1026 1573 1052 ὲν
1588 1027 1620 1061 τῇ
1642 1025 1720 1060 φύσει
1732 1026 1786 1052 τῶν
1796 1026 1875 1054 ὅλων.

249 1081 311 1101 esse
319 1074 408 1107 docet,
425 1082 618 1109 summumque
630 1074 712 1110 315
723 1074 806 1101 totius
821 1073 906 1106 orbis,
922 1071 1031 1107 perinde

1086 1070 1201 1096 Βασιλέα
1212 1070 1266 1106 γὰρ
1280 1071 1360 1097 αὐτὸν
1375 1071 1421 1098 καὶ
1438 1071 1584 1107 νομοθέτην
1599 1071 1646 1098 τοῦ
1663 1071 1819 1108 σύμπαντος
1831 1072 1878 1099 κό-

249 1125 330 1153 atque
343 1121 425 1147 ullius
446 1120 588 1155 cujusdam
607 1127 711 1155 magnae
732 1118 850 1146 civitatis
864 1125 952 1152 regem
971 1123 1031 1143 con-

1089 1124 1157 1150 σμου
1171 1118 1299 1152 παριστᾷ.

249 1168 347 1195 stituit.
364 1167 508 1195 Enimvero
525 1169 560 1194 ita
577 1168 701 1195 homines
717 1168 775 1201 ipso
799 1166 890 1194 statim
914 1163 1048 1200 principio
1067 1164 1193 1198 instituit,
1215 1168 1245 1192 ut
1266 1165 1354 1200 ipsum
1380 1173 1434 1193 non
1455 1174 1547 1193 earum
1562 1167 1643 1194 modo
1656 1167 1758 1202 legum,
1775 1167 1876 1202 quibus

248 1216 357 1244 eosdem
378 1216 460 1250 paulo
474 1220 535 1250 post
549 1215 746 1242 informaturus
765 1219 834 1246 erat,
866 1213 912 1240 sed
937 1213 1045 1240 illarum
1065 1211 1158 1244 etiam,
1187 1213 1287 1247 quibus
1317 1219 1413 1241 natura
1441 1215 1566 1242 universa
1594 1220 1709 1250 pareret,
1736 1220 1875 1244 auctorem

249 1270 309 1290 esse
323 1269 354 1289 ac
366 1261 509 1288 Dominum
528 1262 717 1296 intelligerent.
731 1260 831 1296 Regem
850 1259 922 1286 enim
939 1258 1028 1294 ipsqu
1047 1258 1141 1285 mundi
1160 1258 1244 1286 totius
1263 1267 1294 1287 ac
1309 1260 1491 1295 legislatorem
1504 1269 1564 1288 esse
1576 1261 1731 1289 confirmat.

558 1307 673 1335 CAPUT
692 1306 725 1334 Χ.

299 1354 336 1380 De
347 1353 462 1389 generali
472 1353 653 1387 Providentia,
669 1359 692 1380 et
708 1353 822 1380 universi
834 1351 978 1378 molitione.

285 1432 427 1463 Videlicet,
447 1438 514 1460 nutu
528 1433 589 1468 ejus
606 1438 687 1468 atque
711 1437 846 1468 potestate
863 1439 940 1460 suam
952 1431 1035 1458 rebus

248 1478 377 1505 omnibus
401 1478 548 1506 e55eutiam
575 1483 758 1512 naturamque
779 1482 907 1505 constare
927 1487 934 1504 :
957 1477 1032 1511 ejus-

247 1524 364 1559 demque
390 1525 494 1560 legibus
525 1532 555 1551 ac
578 1525 712 1556 terminis,
738 1530 799 1559 apte
825 1530 906 1558 atque
925 1524 1032 1555 ordine,

247 1574 403 1604 temporum
426 1578 525 1598 cursus
545 1571 672 1605 vicesque
697 1570 823 1597 describi.
853 1570 892 1595 Ac
914 1569 1031 1603 primum

1359 1308 1556 1334 ΚΕΦΑΛΑΙΟΝ
1576 1307 1603 1335 Ι’.

1086 1352 1156 1387 Περὶ
1176 1352 1228 1387 τῆς
1239 1354 1369 1391 καθόλου
1380 1355 1531 1388 προνοίας,
1544 1356 1591 1382 καὶ
1609 1355 1674 1390 περὶ
1691 1356 1746 1391 τῆς
1761 1357 1875 1384 (matti—

1125 1397 1212 1421 σεως,
1229 1390 1277 1416 καὶ
1291 1389 1482 1424 δημιουργίας
1492 1390 1544 1417 τοῦ
1558 1389 1684 1425 κόσμου.

1120 1434 1242 1469 Νεύματι
1275 1435 1324 1470 μὲν
1356 1435 1410 1471 γὰρ
1434 1435 1516 1462 αὑτοῦ
1543 1437 1589 1462 καὶ
1609 1436 1732 1472 δυνάμει,
1752 1438 1800 1474 τὴν
1820 1438 1875 1464 τῶν

1084 1479 1210 1505 ἁπάντων
1233 1480 1361 1507 οὺσίωσιν
1382 1482 1541 1516 γεγονέναι,
1563 1482 1654 1516 νόμοις
1676 1482 1704 1509 δὲ
1732 1484 1779 1509 καὶ
1799 1484 1874 1519 ὅροις

1085 1524 1164 1550 πάλιν
1179 1525 1273 1557 αὑτοῦ,
1294 1526 1345 1562 ὁδῷ
1359 1527 1405 1553 καὶ
1422 1527 1497 1559 τάξει
1512 1527 1557 1553 τὸν
1573 1527 1717 1563 σύμπαντα
1730 1529 1874 1565 διακωϐερ-

1085 1571 1180 1597 νᾶσθαι
1195 1571 1289 1598 αἰῶνα.
1304 1572 1383 1607 Λόγῳ
1401 1573 1450 1608 μὲν
1464 1572 1517 1608 γὰρ
1530 1574 1576 1599 καὶ
1591 1573 1666 1608 νόμῳ
1680 1574 1748 1600 Θεοῦ
1766 1574 1874 1610 πρῶτον

247 1616 356 1649 quidem
383 1624 416 1643 ex
441 1617 569 1643 omnibus
596 1616 696 1644 caelum
715 1624 780 1643 voce
796 1616 908 1651 legeque
927 1615 1029 1647 divina,

1085 1618 1207 1644 ἁπάντων
1224 1618 1337 1654 οὐρανὸν
1354 1618 1546 1655 ἐστερεῶσθαι,
1564 1620 1610 1646 καὶ
1633 1619 1684 1653 γῆς
1699 1620 1729 1646 τὸ
1742 1620 1811 1656 βαρὺ
1825 1621 1873 1647 καὶ

247 1656 402 1688 ﬁrmitatem
419 1670 495 1689 suam
521 1662 685 1695 obtinuisse,
708 1669 873 1697 gravemque
890 1665 1032 1687 terrarum

246 1708 359 1740 molem,
375 1713 473 1742 praeter
489 1712 593 1735 naturae
608 1716 666 1735 suae
687 1708 884 1741 conditionem,
898 1707 1032 1734 leviorum

245 1752 441 1780 elementorum
452 1754 478 1780 in
493 1754 581 1786 medio
595 1755 732 1783 mirumin
751 1755 859 1782 modum
872 1761 1031 1788 suspensam

247 1805 279 1825 ac
301 1797 427 1826 libratam
453 1799 619 1831 constitisse,
635 1807 702 1827 voce
719 1800 832 1834 legeque
848 1800 955 1831 divina,
971 1808 1032 1826 mu-

246 1850 320 1873 tuam
335 1845 523 1880 alteruamque
541 1846 629 1873 noctis
643 1853 675 1873 ac
691 1845 744 1872 diei
760 1845 966 1873 conversionem
983 1845 1031 1872 [ie-

245 1891 281 1923 ri,
296 1898 361 1918 voce
386 1891 498 1926 legeque
513 1892 606 1919 divina
623 1891 708 1919 solem
730 1892 831 1926 ipsum,
851 1892 956 1924 lunam,
970 1892 1032 1918 reli-

245 1944 419 1972 quorumque
432 1937 550 1965 siderum
568 1938 683 1965 chorum
703 1938 819 1973 eleganti
831 1938 1031 1973 _conciunoque

248 1988 324 2011 motu
343 1984 436 2011 orbem
465 1992 544 2012 suum
567 1985 710 2012 coniicere.
733 1984 803 2020 Lege
827 1984 927 2011 summi
948 1983 1030 2019 Regis

247 2030 459 2057 conversionum
488 2031 835 2065 mutationes,temporum
860 2030 1028 2062 discrimina,

243 2084 379 2104 annorum
395 2076 525 2108 circulos,
538 2084 699 2111 annuosque
711 2080 969 2110 tempestates,cum
983 2075 1031 2102 ad-

244 2123 363 2149 mirabili
394 2123 477 2150 totius
510 2123 631 2151 universi
667 2129 805 2149 consensu
833 2121 1031 2155 harmoniaque

244 2169 386 2203 compleri.
401 2168 496 2196 Divina
513 2169 580 2203 lege,
596 2168 713 2196 hiemem
729 2167 795 2199 veri,
808 2172 888 2202 atque
905 2168 956 2194 hoc
966 2175 1030 2194 con-

243 2215 417 2249 sequentium
436 2219 626 2249 tempestatum
644 2214 750 2241 vicibus
773 2213 870 2240 cedere
888 2222 895 2239 :
923 2213 1029 2244 eadem,

242 2260 313 2288 altos
324 2268 355 2288 ac
369 2259 520 2295 profundos
540 2259 641 2288 Oceani
652 2260 770 2287 vortices
783 2259 904 2286 hibernis
916 2259 1028 2297 :estibus

243 2310 325 2340 atque
340 2305 513 2333 eluvionibus
542 2306 723 2339 exundantes,
751 2313 864 2333 suorum
882 2313 942 2333 sese
969 2313 1028 2332 ma-

241 2352 312 2379 rium
331 2352 442 2384 linibus,
457 2360 526 2387 quos
537 2352 673 2380 transilire
685 2360 739 2379 non
752 2352 862 2383 audent,
876 2352 1025 2379 includere:

240 2398 346 2429 eadem.
362 2402 495 2425 terrarum
512 2398 613 2426 siccam
631 2398 789 2432 aridamquc
814 2402 951 2429 naturam,
979 2397 1026 2424 de-

240 2443 387 2471 ﬂuentibus
402 2445 547 2477 imbribus,
561 2452 592 2471 ae
605 2444 713 2472 nivibus
729 2443 835 2470 modice
846 2444 1026 2471 allabentihus

241 2489 392 2523 irrigatam,
409 2491 514 2517 inﬁnita
533 2491 689 2525 plantarum
706 2494 734 2516 et
750 2489 930 2516 animantium
949 2497 1027 2525 gene-

236 2543 270 2562 ra
286 2536 443 2569 producere.
477 2536 537 2564 Uno
548 2537 643 2569 verbo,
661 2542 785 2564 naturam
801 2536 886 2568 illam,
900 2544 1026 2564 commu-

237 2589 301 2607 nem
326 2589 416 2609 rerum
442 2588 581 2617 parentem
609 2584 752 2616 omnium,
781 2583 827 2610 Dei
848 2583 1025 2619 pra-potentis

238 2625 352 2653 Numini
371 2629 546 2663 servientem,
562 2630 662 2658 divinis
685 2630 746 2665 ejus
760 2630 864 2665 legibus
887 2629 1024 2658 consiliis-

240 2681 294 2706 que
310 2681 415 2707 parere.
431 2674 486 2703 Nec
500 2677 571 2703 enim
590 2676 710 2712 proiecto
724 2685 790 2704 casu
803 2685 835 2704 ac
851 2681 961 2708 temere,
976 2684 1026 2703 nec

237 2719 353 2747 fortuito
359 2728 391 2748 ac
400 2721 514 2750 rationis
522 2729 630 2758 experte
639 2729 725 2755 motu,
734 2727 838 2751 tantum
849 2724 921 2750 hunc
928 2727 956 2750 et
970 2727 1025 2749 tam

274 2782 288 2797 II
317 2787 373 2811 γρ.⁷
392 2777 557 2813 θαυμασίως.

276 2833 332 2869 (72)
348 2835 420 2870 Οὐχὶ
435 2838 538 2877 φίλοιι,
552 2842 605 2877 etc.
635 2840 738 2877 {focum
755 2841 827 2869 hunc
851 2842 886 2870 ita
906 2843 1025 2877 concipit

241 2869 540 2913 il‘ﬁrlf‘iWSCi-awl
559 2872 630 2913 ﬁT-EP
645 2875 803 2913 Αῑγνπτίοις
820 2878 895 2911 φίλον
907 2876 951 2913 ἦνς
965 2869 1023 2905 ei?

240 2903 301 2931 οὐδὲ
315 2905 446 2941 Φοίνιξιν,
468 2908 484 2943 ἦ
500 2903 1022 2948 τοῗ;”).οι’ποῖ;’ἔθνεσίπιαρτττλῆσῖωξν,

1086 1663 1241 1699 στερέμνιον
1253 1664 1327 1700 παρὰ
1343 1664 1393 1700 τὴν
1403 1665 1506 1691 οἰκείαν
1521 1664 1602 1699 φύσιν
1614 1665 1730 1700 λεπτομε
1736 1666 1873 1701 ρεστέροις

1083 1708 1136 1734 τῶν
1151 1708 1288 1743 στοιχείων
1303 1708 1376 1744 παρὰ
1389 1709 1471 1742 φύσιν
1485 1715 1497 1729 ι
1514 1710 1678 1745 ἐπαιωρείσο
1685 1719 1723 1736 αι.
1743 1710 1821 1746 Λόγῳ
1845 1710 1873 1737 δὲ

1084 1754 1130 1780 καὶ
1143 1754 1216 1790 νόμῳ
1230 1754 1293 1789 θείῳ
1305 1755 1399 1787 νυκτὸς
1416 1756 1462 1781 καὶ
1476 1755 1581 1790 ἡμέρας
1594 1755 1639 1781 τὸν
1651 1756 1793 1790 ἀμοιῦαῐον
1805 1757 1872 1783 ἀνα-

1084 1799 1240 1827 κυκλεῐσθαι
1256 1800 1354 1835 δρόμον
1366 1809 1372 1815 ·
1387 1800 1459 1836 λόγῳ
1476 1801 1543 1828 θεοῦ
1558 1801 1605 1829 καὶ
1628 1801 1703 1837 νόμῳ
1723 1802 1769 1828 καὶ
1791 1801 1873 1830 αὑτὸν

1083 1845 1157 1880 ἣλιον
1170 1845 1217 1872 καὶ
1235 1845 1358 1882 σελήνην,
1378 1847 1424 1873 καὶ
1441 1846 1490 1882 τὴν
1501 1847 1554 1874 τῶν
1568 1847 1670 1875 λοιπῶν
1685 1848 1807 1883 ἀστέρων
1824 1857 1872 1883 χο-

1085 1891 1169 1927 ρείαν,
1187 1892 1215 1920 ὲν
1230 1892 1360 1928 πρέποντι
1376 1893 1470 1928 κόσμῳ
1483 1893 1530 1929 τὴν
1541 1894 1731 1929 προσήκουσαν
1748 1893 1872 1926 ὲξανύειν

1083 1937 1196 1972 πορείαν
1208 1945 1215 1951 ⁸
1227 1937 1301 1972 νόμῳ
1316 1937 1344 1963 δὲ
1357 1937 1402 1964 τοῦ
1415 1937 1551 1972 παμϐασιλ
1558 1938 1609 1969 έως
1621 1938 1729 1973 τροπῶν
1741 1938 1870 1973 ἀλλαγὰς,
1912 1935 1915 1938 ⁴

1082 1982 1130 2008 καὶ
1143 1982 1291 2017 μεταϐολὰς
1306 1982 1420 2018 καιρῶν,
1441 1983 1562 2010 ἐνιαυτοῦ
1572 1992 1601 2010 τε
1616 1983 1743 2017 κύκλους,
1762 1984 1810 2010 καὶ
1821 1979 1872 2016 τὰς

1082 2027 1208 2062 ἐτησίους
1221 2027 1295 2063 ὧρας
1312 2029 1344 2063 τῇ
1359 2028 1536 2064 παναρμονίῳ
1557 2027 1603 2054 τοῦ
1626 2029 1726 2060 παντὸς
1747 2029 1872 2065 ἀποπλη-

1084 2074 1194 2110 ροῦσθαι
1205 2075 1363 2110 συμφωνίᾳ·
1381 2075 1455 2110 νόμῳ
1469 2074 1535 2101 Θεοῦ
1557 2075 1677 2110 χειμῶνα
1695 2075 1743 2111 μὲν
1761 2077 1870 2111 ὑποχω-

1083 2122 1139 2157 ρεῖν
1151 2121 1221 2156 ἔαρι,
1237 2121 1315 2148 τοῦτο
1329 2122 1357 2148 δὲ
1376 2123 1435 2153 ταῖς
1450 2121 1564 2156 ἄγχιστα
1577 2122 1633 2148 τῶν
1649 2122 1727 2158 ὡρῶν
1739 2124 1868 2158 τροπαῖς·

1082 2168 1128 2194 καὶ
1142 2168 1276 2203 θαλάττης
1287 2168 1315 2194 δὲ
1329 2167 1436 2202 βυθοὺς,
1447 2168 1506 2198 ταῖς
1519 2167 1667 2202 χειμαδίοις
1681 2167 1733 2203 πλη
1739 2167 1870 2203 μμυρίσιν

1082 2214 1337 2249 ἐπικυματίζοντας,
1358 2213 1433 2248 νόμῳ
1448 2212 1513 2248 θείῳ
1535 2215 1591 2244 τοῖς
1609 2213 1723 2245 οἰκείοις
1739 2214 1869 2251 ἐναποκε-

1082 2259 1202 2287 κλείσθαι
1215 2260 1353 2294 πελάγεσι,
1368 2259 1406 2291 ὼς
1417 2259 1484 2294 μηδὲ
1497 2259 1559 2291 τοὺς
1569 2260 1648 2295 ὄρους
1663 2260 1716 2286 τῶν
1734 2261 1816 2296 ἱερῶν
1826 2261 1869 2288 νό-

1083 2316 1141 2343 μων
1153 2306 1326 2342 ὐπερὸαίνειν
1337 2306 1439 2341 τολμᾷν
1452 2314 1458 2320 '
1474 2306 1520 2332 καὶ
1534 2305 1583 2341 τὴν
1601 2305 1685 2341 ξηρὰν
1708 2306 1800 2333 οὐσίαν
1815 2307 1867 2341 ὀμ-

1081 2353 1167 2388 ϐρίοις
1181 2354 1281 2388 νάμασι
1298 2354 1345 2380 καὶ
1359 2354 1480 2387 νιφετοῖς
1495 2352 1568 2387 νόμῳ
1586 2352 1650 2386 θείῳ
1666 2352 1746 2378 πάλιν
1761 2352 1866 2387 συμμέ-

1080 2408 1151 2435 τρως
1170 2399 1438 2435 ἐπιχορηγουμένοις,
1456 2398 1608 2434 ἀρδομένην
1627 2398 1676 2433 τὴν
1695 2398 1763 2433 γῆν,
1782 2398 1867 2434 μυρία

1080 2446 1145 2481 γένη
1162 2445 1251 2480 φυτῶν
1263 2454 1293 2471 τε
1304 2446 1350 2471 καὶ
1363 2445 1439 2477 ζώων
1452 2444 1618 2471 ἀναδιδόναι·
1630 2444 1670 2470 ἑνί
1684 2453 1713 2470 τε
1724 2443 1805 2480 λόγῳ,
1817 2444 1869 2479 τὴν.

1080 2492 1247 2527 παμμήτορα
1261 2491 1314 2517 τῶν
1331 2491 1398 2518 ὅλων
1413 2491 1504 2526 φύσιν,
1526 2490 1714 2527 προστάγματι
1734 2490 1802 2517 Θεοῦ
1821 2490 1866 2516 δι-

1080 2538 1260 2574 δουλωμένην,
1280 2539 1372 2574 νόμοις
1383 2537 1464 2569 θείοις
1484 2537 1605 2565 ὑπείκειν
1624 2537 1671 2564 καὶ
1685 2539 1719 2572 τῇ
1738 2537 1785 2563 τοῦ
1795 2545 1867 2564 παν-

1078 2584 1212 2619 ηγεμόνος
1227 2583 1295 2610 Θεοῦ
1311 2584 1401 2619 βουλῇ.
1433 2583 1478 2619 Μὴ
1488 2583 1542 2618 γὰρ
1556 2583 1627 2618 εἰκῆ,
1651 2582 1711 2618 μηδ’
1727 2582 1764 2614 ὠς
1775 2582 1866 2617 ἔτυχε,

1082 2631 1143 2666 μηδ’
1160 2631 1306 2666 αὐτομάτῳ
1329 2631 1376 2657 καὶ
1391 2631 1480 2665 ἀλόγῳ
1495 2631 1566 2665 φορᾷ
1582 2629 1742 2656 συνεστάναι
1758 2629 1803 2656 τὸν
1815 2638 1866 2665 τη⁴

1079 2676 1201 2704 λικοῦτον
1214 2677 1371 2712 διάκοσμον,
1387 2677 1447 2712 μηδ’
1462 2675 1582 2702 ἀναιτίου
1594 2675 1700 2709 φύσεως
1708 2675 1786 2710 ἔργον
1797 2683 1866 2710 τυγ-

1079 2722 1169 2757 χάνειν
1185 2722 1215 2749 τὸ
1232 2722 1303 2758 μέγα
1317 2723 1396 2749 τοῦτο
1411 2723 1458 2750 καὶ
1474 2721 1634 2759 περικαλλὲς
1657 2721 1864 2756 ’τεχνοιῖργημα⁸

1079 2848 1118 2878 εἰς
1135 2847 1227 2883 πλῆθ..
1240 2852 1292 2909 eteg
1309 2847 1429 2878 Rectius.
1446 2847 1545 2874 Saltem
1560 2855 1610 2882 pro
1621 2845 1680 2881 οὐχι
1697 2845 1865 2874 omniaom-

1079 2885 1195 2909 Doneml.
1210 2884 1258 2909 οὖν
1286 2903 1299 2909 ,.

1079 2890 1195 2916 punemt.
1210 2891 1258 2918 οινχ
1274 2890 1299 2918 ῃ.
