2063 3211
203 162 255 191 53⁸5

779 163 936 192 ΡΚᾸΖΡΑΒ.
958 164 1082 193 EVANG.
1106 164 1170 192 LIB.
1195 163 1246 207 Vlla

1776 163 1828 189 534

200 219 260 247 ὐλλ*
271 218 340 247 εἶναι
355 221 404 256 μὲν
420 220 525 255 ποίημα
535 219 583 246 τοῦ
597 220 733 253 πανσόφου
748 219 802 246 τῶν
825 219 892 246 ὅλων
912 220 983 255 ἀρχι-

1042 220 1208 255 singularem
1226 225 1351 247 ornatum
1365 220 1511 253 exstitisse,
1526 228 1576 247 nec
1589 227 1667 248 caeca:
1676 219 1722 247 ulli
1732 219 1827 247 incon-

201 266 338 298 τέκτονος,
356 266 403 293 τοῦ
417 266 446 292 δὲ
462 266 544 293 αὐτοῦ
559 265 645 299 λόγοις
658 266 703 292 καὶ
721 265 812 300 νόμοις
835 267 917 301 ἱεροῖς
931 266 989 292 δια-

203 311 396 347 κυϐερνᾶεθαι.
414 311 510 338 Ἐκνθεν
527 311 678 346 ἀρξάμενος
692 311 705 336 ὁ
715 311 865 346 προφήτης,
877 311 922 338 καὶ
938 311 990 347 πρὸ

202 358 252 392 τῆς
265 354 416 393 ἀνθρώπων
436 356 596 392 νομοθεσίας
612 358 674 388 τοὺς
692 357 756 392 περὶ
776 357 826 392 τῆς
847 357 900 383 τῶν
922 357 990 383 ὅλων

203 395 312 437 φύσεως
322 403 594 438 προστάξαςνόμους,
621 402 760 438 πρώτιστα
787 403 894 430 πάντων
908 412 990 440 προσ-

202 448 274 483 έχειν
286 448 326 484 τῷ
336 449 502 484 παμϐασιλεϊ
516 449 575 484 Θεῷ
589 450 636 476 καὶ
649 456 661 470 ι
683 450 888 486 ἀποῤῥᾳθυμεῖν
907 450 988 476 αὑτοῦ

201 493 256 521 τῶν
274 494 364 530 νόμων
376 494 594 530 παρεκελεύσατο
605 503 612 510 ο
629 495 670 522 ὄτι
682 496 721 531 ’δὴ
736 496 783 523 καὶ
800 495 880 527 αὐτὸς
904 495 988 530 ἥλιος,

202 539 316 574 οὖρανός
326 548 356 566 τε
369 539 416 566 καὶ
430 539 541 575 κόσμος,
555 540 591 575 γῆ
605 549 634 566 τε
644 541 691 567 καὶ
704 540 738 567 τὰ
749 540 794 566 ἐπὶ
805 539 856 574 γῆς
871 540 987 572 ἅπαντα,

202 584 253 610 ὅσα
272 592 302 610 τε
317 584 384 620 ἔργα
399 584 505 618 φύσεως
517 582 586 612 εἶναι
598 585 761 621 νενόμισται,
775 585 892 617 ἐντολαῖς
906 585 988 612 αὐτοῦ

204 629 252 656 καὶ
265 628 427 661 διακάξεσιν,
445 629 527 666 ἱεροῖς
539 638 568 656 τε
581 629 673 666 νόμοις
690 630 736 656 καὶ
750 630 838 664 λόγοις
858 629 986 657 δουλεύει.

204 675 250 702 Διὸ
265 674 311 700 καὶ
324 674 424 709 μᾶλλον
436 676 534 710 χρῆναι
548 675 577 701 τὸ
591 675 757 710 ἀνθρώπειον
773 675 860 710 γένος,
882 676 912 702 οὐ
925 684 988 711 σμι-

205 719 271 756 κρὸν
286 720 367 756 μέρος
381 721 514 756 τυγχάνον
528 720 574 747 τοῦ
591 721 699 753 παντὸς,
717 721 788 747 κατὰ
800 720 830 747 τὸ
844 721 989 750 ἀκόλουθον

199 767 258 797 τοῖς
274 765 354 798 θείοις
364 767 541 802 προσανέχειν
552 766 728 802 διατάγμασι,
742 767 803 802 μηδ’
813 766 989 794 ἐλαττοῦσθαι

199 810 256 838 ⁴τῶν
266 811 336 838 κατὰ
351 811 434 847 μέρος
448 812 595 847 στοιχείων.
611 813 649 848 Γῇ
667 813 714 848 μὲν
729 812 782 848 γὰρ
805 814 833 840 ὲν
859 813 930 849 ἀρχῇ
945 822 988 840 νο-

203 857 351 893 μοθετῆσαι
365 857 410 885 τὸν
424 859 548 894 φήσαντα
560 867 566 873 ·
583 867 592 884 ‹
610 859 793 894 Βλαστησάτω
817 860 834 894 ἡ
856 860 892 894 γῆ
911 859 988 894 βοτά-

201 913 252 939 νην
266 905 378 940 χόρτου,
400 907 509 942 σπεῖρον
530 906 640 941 σπέρμα
653 906 722 933 κατὰ
735 905 822 938 γένος,
845 907 892 933 καὶ
907 906 983 938 ξύλον

201 951 340 987 κάρπιμον
365 951 458 979 ποιοῦν
485 953 607 988 καρπόνυ
632 962 642 978 ›
658 952 705 988 τὴν
720 953 758 984 δὲ,
776 953 834 987 ἅμα
856 952 928 988 λόγῳ
953 953 983 979 τὸ

200 997 331 1029 εὐπειθὲς,
339 997 562 1034 ἐπιδεικνυμένην
573 998 611 1034 τῷ
619 999 703 1034 νόμῳ,
713 998 788 1025 οὔπω
798 999 845 1026 καὶ
855 1000 894 1031 είς
904 1000 983 1035 δεῦρο

199 1043 248 1078 τῆς
263 1042 338 1075 θείας
354 1044 545 1079 παραμελῆσαι
564 1044 719 1077 διατάξεως.
733 1045 810 1071 Οὕτω
823 1045 850 1072 δὲ
873 1046 918 1072 καὶ
934 1046 983 1081 τὴν

200 1088 288 1124 ὑγρὰν
301 1089 404 1122 οὐσίαν,
425 1093 558 1125 φήσαντος
572 1091 617 1117 τοῦ
631 1091 712 1117 Θεοῦ·
729 1101 738 1117 ι
763 1090 934 1126 Ἐξαγαγέτω
950 1091 984 1119 τὰ

200 1132 400 1170 ὓδαταςὲρπετὰ
416 1134 508 1170 ψυχῶν
525 1136 618 1167 ζωσῶν
630 1156 636 1168 ,
653 1137 700 1163 καὶ
716 1136 828 1164 πετεινὰ.
850 1138 984 1172 πετόμενα

199 1179 270 1206 κατὰ
283 1179 313 1206 τὸ
329 1179 470 1216 στερέωμα
482 1181 527 1207 τοῦ
546 1181 672 1217 οὺρανοῢ,
690 1192 700 1208 ι
717 1182 774 1218 ἅμα
787 1183 857 1218 λόγῳ
871 1183 984 1219 τοῦργον

199 1225 358 1258 ἀποδοῦναι,
370 1226 484 1262 ὁρᾶσθαί
515 1236 545 1253 τε
561 1227 645 1254 εἰσέτι
664 1227 744 1264 δεῦρο
757 1228 796 1264 τῷ
811 1229 891 1264 ίνόμῳ
914 1238 984 1265 παρ-

198 1269 313 1304 έχουσαν
323 1271 354 1298 τὸ
366 1272 514 1308 πειθήνιον.
529 1273 561 1300 Et
571 1273 599 1299 δὲ
612 1273 644 1309 δὴ
656 1274 703 1300 καὶ
715 1274 804 1309 ἥλιος,
818 1275 864 1302 καὶ
875 1275 983 1310 σελήνη,

199 1317 247 1344 καὶ
260 1317 384 1352 ἀστέρες,
398 1319 445 1345 τοῦ
459 1319 531 1345 θείου
539 1319 620 1354 νόμον
634 1320 679 1346 καὶ
692 1320 783 1352 αὐτοῖς
796 1321 983 1356 διωρισμένου,

198 1361 263 1394 τοὺς
282 1362 398 1395 οικείους
415 1363 567 1390 ἀποδιδόναι
584 1364 710 1400 δρόμους,
732 1363 801 1392 εἶναί
817 1374 846 1392 τε
873 1366 920 1392 καὶ
945 1368 985 1398 εἰς

198 1408 310 1442 σημεῖα,
338 1408 384 1434 καὶ
408 1408 448 1440 είς
464 1409 585 1444 καιροὺς,
613 1409 659 1436 καὶ
675 1410 714 1440 εἰς
737 1410 852 1446 ἡμέρας,
876 1411 922 1436 καὶ
946 1412 985 1442 είς

197 1452 348 1486 ἐνιαυτοὺς,
362 1453 392 1479 οὺ
413 1454 599 1490 παραμελοῦσι
624 1455 673 1491 τῆς
698 1456 874 1490 νομοθεσίας·
895 1456 936 1488 τίς
953 1456 984 1483 ἂν

197 1497 238 1525 ιτι
251 1506 292 1525 σοι
307 1498 425 1526 λείποιτο
435 1500 597 1540 συγγνώμης
609 1501 746 1537 ἀποφυγὴ,
764 1501 816 1528 τῶν
833 1502 910 1528 θείων
921 1511 985 1529 κατ-

197 1543 370 1580 ολιγῳροῦντι
397 1545 504 1592 νόμων;
522 1546 612 1572 Ταῦτα
629 1546 862 1589 προπαιδεύσαςνὸ
878 1547 984 1582 θαυμά-
998 1563 1019 1592 C

198 1597 266 1621 σιος,
281 1590 354 1624 ἡμᾶς
365 1598 393 1616 τε
404 1587 470 1622 εἷλε,
482 1592 528 1618 καὶ
542 1591 591 1626 τῆς
605 1591 705 1623 οἰκείας
718 1587 881 1626 θεογνωσίας
896 1602 925 1620 τε
937 1594 982 1620 καὶ

196 1635 338 1668 εὐσεϐείας
351 1637 462 1669 είκότως
480 1637 601 1672 ζηλωτὰς
616 1639 802 1674 κατεστήσατο
812 1659 818 1670 ,
842 1639 883 1665 ὅτι
900 1639 982 1674 μηδὲν

196 1680 301 1713 τούτοις
315 1681 406 1716 ὅμοιον
419 1681 494 1717 παρὰ
509 1684 564 1713 τοῖς
581 1683 633 1709 τῶν
649 1683 872 1718 προδηλωθέντων
899 1683 982 1710 ἐθνῶν

197 1726 332 1761 θεολόγοις
356 1727 445 1763 εὑρεῖν
465 1728 638 1764 δεδυνήμεθα.
660 1729 737 1755 Μετὰ
753 1729 784 1757 δὲ,
803 1729 851 1765 τὴν
872 1728 981 1764 πρώτην

196 1772 335 1808 θεολογίαν
363 1773 481 1808 μέτεισιν
508 1774 554 1800 ἐπὶ
580 1774 609 1800 τὸ
625 1774 750 1810 δεύτερον
771 1775 858 1810 δόγμα
870 1775 981 1809 φυσικὸν

195 1818 264 1853 ὁμοῦ
282 1819 329 1846 καὶ
345 1819 495 1854 φιλόσοφον.
509 1819 587 1846 Μετὰ
602 1819 666 1854 γοῦν
681 1821 730 1856 τὴν
743 1822 806 1856 περ)⁵
827 1821 893 1847 Θεοῦ
910 1821 983 1855 γνῶ-

197 1872 250 1897 σιν,
262 1865 310 1900 τήν
322 1873 353 1891 τε
379 1865 443 1901 περὶ
459 1865 527 1892 ὅλων
550 1866 726 1902 διακόσμησιν
739 1886 746 1898 ,
763 1866 837 1898 τάξει
861 1867 981 1902 πρόεισιν

195 1910 244 1937 ἐπὶ
256 1911 286 1937 τὺ
300 1911 346 1938 καὶ
361 1913 393 1947 τῇ
413 1912 491 1947 φύσει
512 1912 647 1948 δεύτερον.
667 1913 752 1940 Τοῦτο
770 1913 792 1939 δ’
811 1911 845 1948 ἦν
868 1913 897 1940 τὸ
919 1914 982 1948 περὶ

196 1955 305 1991 φύσεως
329 1957 481 1993 ἀνθρώπου,
500 1958 540 1984 ὅτι
559 1958 590 1993 δὴ
611 1958 680 1993 μετὰ
697 1958 764 1985 Θεοῦ
785 1959 882 1992 γνῶσιν
899 1959 982 1992 ἀναγ-

196 2004 275 2030 καῖον
289 2003 389 2036 γνῶναί
404 2011 463 2030 τινα
477 2003 579 2030 ἑαυτόν.
594 2004 693 2040 Διόπερ
716 2005 779 2039 ἑξῆς
802 2004 938 2037 παιδεύει,
955 2005 981 2030 τί

195 2048 348 2084 ἄνθρωπος,
362 2049 406 2075 καὶ
424 2050 448 2076 τί
464 2050 494 2076 τὸ
512 2050 630 2085 προάγον
643 2050 722 2076 αὑτὸν
738 2051 778 2081 εἰς
802 2049 902 2084 γνῶσιν
932 2050 978 2076 καὶ

195 2091 337 2120 εὐσέϐειαν
351 2093 428 2126 Θεοῦ,
440 2095 481 2126 τίς
497 2103 526 2121 τε
571 2094 639 2121 κατὰ
662 2094 692 2120 τὸ
709 2095 910 2131 προηγούμενον
931 2096 978 2121 ἀν-

196 2138 305 2174 θρώπου
322 2140 388 2176 ζωή.
411 2141 566 2176 Διελόμενος
589 2141 655 2176 δῆτα
675 2141 719 2167 τὸν
742 2141 805 2176 περὶ
825 2141 913 2176 ψυχῆς
934 2143 980 2168 καὶ

196 2183 322 2220 σώματος
346 2185 433 2220 λόγον,
463 2188 491 2213 ἐν
517 2186 588 2221 ψυχῇ
609 2187 658 2221 μὲν
673 2185 792 2222 ὁρίζεται
818 2186 863 2213 τὸν
892 2187 978 2222 ἀληθῆ

1041 266 1173 300 ευιιίείιιιθ
1185 270 1289 293 θείω-ω
1302 267 1372 293 hanc
1384 271 1437 292 tam
1449 266 1565 300 ingentis
1590 271 1698 301 tamque
1717 265 1828 300 perfecti

1041 311 1130 346 operis
1142 312 1258 345 speciem
1271 319 1331 339 esse
1346 311 1517 338 tribuendam
1530 320 1537 338 :
1550 311 1614 339 illud
1623 311 1744 346 quidem,
1757 315 1787 337 ut
1794 318 1828 338 ex

1042 356 1142 384 summi
1158 364 1248 383 rerum
1279 357 1402 384 omnium
1433 356 1573 384 architecti
1600 356 1726 384 manibus
1761 363 1826 391 pro-

1040 401 1133 433 diisse,
1153 400 1234 435 315
1250 401 1287 428 ita
1307 401 1394 428 sacris
1408 401 1529 436 ejusdem
1544 401 1667 429 consiliis
1679 408 1710 428 ac
1721 401 1827 436 legibus

1040 446 1197 482 gubernari.
1215 445 1285 481 Ergo
1301 447 1363 474 inde
1373 447 1530 482 auspicatus
1540 446 1682 482 propheta,
1695 454 1727 473 ac
1736 447 1827 481 prius-

1040 500 1122 528 quam
1139 492 1298 520 hominibus
1315 493 1399 527 legem
1413 492 1506 525 ferret,
1529 492 1642 520 sancitis
1656 493 1690 520 de
1706 493 1826 520 universi

1040 545 1136 567 natura
1153 539 1269 574 legibus,
1284 544 1388 566 mentes
1403 539 1462 574 ipse
1474 543 1581 566 nostras
1592 538 1625 566 ad
1639 539 1739 566 summi
1755 539 1825 574 regis

1040 585 1205 612 voluntatem
1219 585 1413 618 adhaerescere,
1427 591 1459 612 ac
1471 584 1579 619 penitus
1589 585 1616 611 in
1624 583 1746 619 ejusdem
1757 591 1827 619 pne-

1040 632 1124 668 ceptis
1151 633 1325 666 acquiescere
1349 631 1434 659 voluit
1451 642 1459 659 :
1474 639 1561 667 eoque
1587 631 1687 665 verius,
1705 639 1760 666 quo
1785 631 1825 658 sol

1039 677 1097 712 ipse
1108 684 1227 712 quoque,
1243 677 1352 708 ctelum.
1371 677 1500 710 mundus,
1519 682 1601 709 terra,
1619 684 1734 713 quaeque
1746 680 1826 704 teme

1039 723 1101 750 sinu
1118 723 1292 750 continentur
1306 723 1408 756 omnia,
1424 728 1450 750 et
1474 728 1610 759 quotquot
1625 728 1727 751 natura:
1742 729 1824 757 opera

1038 770 1143 798 censeri
1156 769 1253 801 solent,
1268 769 1390 804 ejusdem
1405 770 1541 797 mandatis
1558 769 1698 804 sacrisque
1717 769 1824 804 legibus

1039 820 1120 850 alque
1134 815 1250 843 decretis
1262 815 1460 850 obtemperant.
1475 815 1592 850 [Equius
1605 816 1677 842 enim
1689 822 1749 842 esse
1758 823 1823 850 pro-

1039 861 1121 893 fecto,
1138 861 1177 888 uti
1194 861 1343 888 humanum
1355 861 1466 896 proinde
1476 869 1572 896 genus,
1583 869 1646 896 pars
1659 861 1752 896 utique
1763 860 1824 888 uni-

1002 894 1023 923 Β
1037 906 1109 933 versi
1127 914 1180 934 non
1201 907 1309 941 exigua,
1325 894 1424 935 divinis
1437 894 1518 935 etiam
1535 894 1630 935 edictis
1644 894 1820 942 obsequatur.

1033 959 1083 979 nec
1105 960 1165 981 sese
1189 953 1240 980 hoc
1254 953 1280 981 in
1297 961 1394 988 genere
1409 960 1423 980 a
1441 953 1556 987 singulis
1576 953 1719 980 elementis
1747 952 1821 981 vinci

1033 998 1161 1032 patiatur.
1179 997 1284 1033 Quippe
1307 999 1392 1033 legem
1418 998 1496 1025 initio
1521 1003 1600 1026 terra
1615 998 1769 1033 impositam
1787 999 1822 1027 ab

1034 1050 1067 1070 eo
1083 1042 1178 1075 fuisse,
1195 1043 1241 1076 qui
1257 1043 1378 1078 dixerit_:
1397 1053 1406 1068 ‹
1421 1043 1559 1070 Germinet
1569 1047 1641 1070 terra
1654 1043 1764 1071 herbam
1779 1043 1822 1070 vi-

1035 1093 1150 1120 rentem,
1164 1093 1191 1116 et
1206 1087 1348 1116 facientem
1364 1095 1455 1115 semen
1472 1088 1622 1115 secundum
1634 1095 1719 1123 genus
1727 1095 1819 1121 suum,

1034 1139 1061 1161 et
1077 1134 1178 1169 lignum
1191 1134 1353 1169 pomiferum
1365 1133 1468 1161 faciens
1483 1132 1602 1161 fructum
1619 1133 1660 1166 ‘7;
1676 1142 1686 1159 ι
1701 1141 1760 1161 eam
1775 1141 1820 1161 ve-

1034 1188 1076 1212 ro,
1091 1181 1172 1207 simul
1189 1185 1270 1215 atque
1282 1187 1334 1207 v01
1354 1180 1398 1207 illa
1411 1179 1532 1212 exiisset,
1551 1179 1685 1214 impositae
1704 1180 1756 1216 legi
1771 1180 1820 1207 ob-

1035 1230 1170 1257 secutam,
1187 1233 1326 1260 nunquam
1344 1225 1472 1260 deinceps
1494 1232 1510 1252 a
1532 1225 1624 1253 divino
1639 1230 1772 1260 praecepto
1785 1225 1818 1252 ad

1035 1271 1093 1298 haec
1106 1277 1192 1305 usque
1207 1275 1327 1305 tempora
1341 1270 1512 1298 discessisse.
1530 1269 1675 1297 Humidum
1695 1269 1819 1297 similiter

1034 1316 1209 1348 elementum,
1221 1315 1291 1343 hanc
1308 1316 1341 1342 ad
1366 1315 1413 1343 Dei
1427 1323 1521 1342 vocem
1551 1325 1560 1341 ι
1574 1315 1730 1343 Producant
1742 1322 1819 1350 aqua:

1035 1362 1139 1397 reptilia
1158 1362 1255 1388 anima:
1272 1361 1395 1394 viventis,
1412 1365 1438 1389 et
1459 1361 1579 1388 volatilia
1601 1361 1721 1389 volantia
1745 1362 1818 1389 circa

1036 1408 1236 1435 ﬁrmamentum
1255 1407 1356 1440 cadi“,
1380 1417 1389 1433 ›
1406 1415 1434 1434 re
1446 1407 1504 1441 ipsa
1529 1407 1660 1435 continuo
1683 1408 1817 1442 paruisse,

1036 1458 1116 1488 atque
1127 1453 1154 1480 in
1168 1453 1261 1480 eadem
1273 1453 1425 1480 obedientia
1436 1453 1577 1488 hucusque
1586 1453 1738 1488 persistere.
1747 1452 1817 1483 Prte-

1037 1503 1110 1526 tcrea
1126 1499 1149 1526 si
1167 1498 1218 1528 sol.
1234 1503 1315 1533 atque
1334 1498 1409 1530 luna,
1424 1502 1576 1533 caateraque
1596 1498 1696 1531 sidera,
1709 1499 1733 1525 ei
1749 1507 1816 1533 quo-

1036 1551 1088 1578 que
1103 1544 1153 1579 legi
1163 1563 1170 1576 ,
1186 1552 1240 1579 qua
1257 1551 1323 1571 suos
1336 1545 1394 1578 ipsa
1411 1551 1510 1571 cursus
1524 1543 1667 1577 conﬁcere,
1683 1544 1758 1579 signa
1773 1551 1817 1571 re-

1036 1598 1096 1617 rum
1113 1590 1265 1618 futurarum
1287 1590 1425 1621 exhibere,
1439 1593 1573 1625 tempora,
1587 1589 1658 1623 dies,
1676 1597 1817 1625 annosque

1033 1634 1199 1670 distinguere
1210 1635 1351 1670 jubentur,
1366 1638 1522 1662 constanter
1535 1634 1722 1669 obtemperant
1735 1643 1743 1662 :
1755 1635 1818 1669 qui-

1033 1688 1094 1707 nam
1120 1681 1168 1707 tibi
1190 1688 1271 1715 porro
1294 1681 1401 1708 divinas
1430 1681 1503 1715 leges
1517 1680 1629 1707 violanti
1644 1685 1767 1715 receptus
1782 1681 1816 1708 ad

1033 1725 1137 1752 veniam
1163 1733 1306 1760 superesse
1329 1726 1434 1761 possit?
1457 1725 1519 1753 Haec
1546 1733 1596 1754 nos
1622 1725 1744 1761 profecto
1765 1727 1816 1753 viri

1033 1772 1177 1806 singularis
1201 1773 1228 1800 in
1251 1773 1374 1800 docendo
1388 1773 1541 1800 rudimenta
1563 1777 1703 1808 ceperunt,
1716 1780 1748 1800 ac
1761 1781 1817 1800 suae

1032 1825 1083 1845 nos
1094 1826 1155 1844 cum
1171 1818 1218 1845 Dei
1235 1819 1347 1852 notitiae,
1364 1823 1420 1846 tum
1441 1820 1522 1846 etiam
1539 1819 1645 1853 pietatis
1663 1825 1690 1846 et
1706 1819 1815 1854 religio-

1032 1862 1075 1888 nis
1098 1863 1270 1891 :emulatores
1284 1863 1430 1890 effecerunt
1444 1873 1449 1890 :
1472 1863 1543 1898 quod
1559 1864 1629 1898 apud
1643 1868 1815 1897 cancrorum,

1031 1908 1065 1936 de
1087 1908 1187 1943 quibus
1213 1913 1276 1936 ante
1298 1910 1427 1943 diximus,
1446 1910 1608 1944 populorum
1624 1909 1763 1946 theologos
1776 1910 1816 1938 si-

1030 1957 1095 1984 mile
1123 1957 1190 1983 nihil
1217 1965 1331 1992 usquam
1357 1962 1522 1984 Occurreret.
1538 1956 1610 1985 Idem
1632 1965 1723 1993 porro,
1733 1958 1815 1993 jactis

1031 2001 1164 2036 ejusmodi
1192 2002 1334 2036 theologite
1349 2001 1542 2035 fundamentis,
1561 2003 1594 2029 ad
1612 2005 1725 2030 alterum
1741 2003 1818 2030 dein-

1032 2056 1095 2082 ceps
1120 2048 1252 2075 doctrinae
1274 2053 1365 2083 caput,
1382 2048 1502 2084 illudque
1526 2056 1588 2076 cum
1614 2054 1711 2076 natura
1735 2049 1815 2076 simul

1034 2094 1259 2129 philosophiaque
1281 2094 1455 2129 conjunctum
1479 2095 1661 2130 progreditur.
1677 2094 1744 2122 Nam
1768 2095 1815 2122 Dei

1033 2140 1116 2166 semel
1141 2140 1306 2174 cognitione,
1322 2145 1404 2175 atque
1420 2141 1540 2168 universi
1563 2140 1666 2168 fabrica
1679 2145 1706 2168 et
1721 2141 1814 2168 mode-

1032 2186 1136 2213 ratione
1151 2186 1308 2218 constitutn,
1321 2186 1355 2214 ad
1367 2186 1393 2214 id
1405 2186 1477 2221 quod
1493 2190 1590 2214 natura
1600 2186 1749 2213 secundum
1763 2191 1814 2219 est,

194 2226 347 2262 ἄνθρωπον,
360 2230 456 2265 νοερᾶς
467 2230 567 2261 οὐσίας,
582 2230 627 2256 καὶ
639 2231 793 2265 ἀσωμάτου,
810 2231 855 2257 καὶ
870 2231 980 2266 λογικῆς

1034 2233 1126 2260 ordine
1141 2240 1206 2260 sane
1220 2232 1363 2260 delabitur.
1381 2231 1419 2259 Ea
1442 2240 1507 2259 vero
1518 2236 1614 2259 natura
1631 2232 1749 2259 hominis
1763 2237 1813 2264 est,

198 2273 321 2309 μέτοχον,
338 2274 375 2305 ὡς
389 2274 421 2301 ἂν
433 2276 491 2301 κατ’
510 2276 600 2302 εἰκόνα
615 2276 681 2302 Ε)εοῦ
698 2276 960 2312 δεδημιουργημένων
972 2286 978 2292 ·

296 2321 323 2347 δὲ
346 2321 446 2355 γεῶδες
467 2319 536 2347 εἶναι
550 2321 704 2357 περίϐλημα
717 2322 804 2358 ψυχῆς
815 2330 821 2335 -
836 2322 926 2356 τρίτον
953 2322 980 2348 δὲ

193 2367 300 2398 τούτοις
319 2366 478 2403 προστίθησι
491 2387 497 2397 ,
512 2367 596 2401 πνοὴν
608 2367 679 2402 ζωῆς
695 2367 826 2402 ἑνωτικήν
847 2375 916 2398 τινα,
936 2367 981 2393 καὶ

194 2410 309 2439 ἰοὗιάπὺ
319 2411 370 2447 γῆς
381 2411 526 2447 ληφθέντος
541 2411 580 2446 τῷ
596 2412 654 2437 κατ’
676 2412 766 2438 εἰκόνα
782 2411 848 2438 Θεοῦ
869 2420 982 2447 πεποιη-

196 2456 280 2492 μένῳ,
293 2457 459 2493 συναπτικὴν
471 2456 594 2492 δύναμιν.
611 2457 665 2484 Καὶ
685 2457 734 2491 τὴν
758 2457 867 2492 πρώτην
884 2466 914 2491 γε
932 2458 978 2484 τοῦ

192 2503 356 2540 ὃηλουμένου
373 2503 469 2541 ἀνδρὸς
485 2503 625 2538 διατριϐὴν
647 2504 676 2529 ὲν
697 2503 887 2538 τρισμακαρίῳ
912 2503 977 2529 Θεοῦ

194 2549 350 2586 παραδείσῳ
377 2549 518 2577 ἀθανάτων
533 2549 580 2575 καὶ
596 2549 710 2576 αἰωνίων
734 2548 842 2583 ἀγαθῶν
868 2549 978 2584 ἔμπλεῳ

192 2595 333 2632 γεγονέναι
348 2595 459 2631 ἱστορεῖ,
473 2595 557 2630 Νόμῳ
569 2595 596 2620 δὲ
611 2595 677 2622 Θεοῦ
700 2596 746 2621 καὶ
766 2595 857 2621 τοῦτον
878 2596 977 2630 ὁμοίως

192 2643 250 2673 τοῖς
263 2641 351 2673 ἄλλοις
366 2641 394 2670 ὲν
410 2641 507 2676 ἀρχαῖς
522 2641 568 2667 τοῦ
599 2641 697 2672 παντὸς
719 2641 903 2675 ὑποϐληθέντα
914 2662 920 2673 ,
945 2642 979 2667 δι’

192 2687 372 2724 ἀπροσεξίαν,
396 2688 442 2714 καὶ
464 2687 514 2722 τῆς
529 2687 603 2718 θείας
627 2687 735 2721 ἐντολῆς
756 2688 908 2723 παράϐασιν
930 2688 978 2723 τῆς

191 2734 355 2771 τριποθήτου
368 2734 530 2770 στερηθῆναι
550 2733 630 2769 ζωῆς.
651 2733 743 2760 Ταῦτά
758 2743 798 2760 τοι
820 2736 833 2760 ὀ
859 2736 978 2770 Μωῦσῆς

191 2781 223 2806 ιν
243 2780 394 2815 προοιμίοις
407 2779 460 2806 τῶν
478 2780 556 2815 ἱερῶν
571 2780 660 2814 νόμων
676 2780 822 2814 φιλοσοφεῖ,
840 2781 977 2815 μονονουχὶ

230 2826 252 2842 ⁸⁷
268 2825 335 2852 Gen.
351 2834 379 2857 ι,
395 2826 437 2853 li.
475 2826 498 2842 δ’
515 2826 579 2852 ibi].
593 2826 637 2853 '28.

233 2872 288 2899 ἰῐσ
314 2876 360 2906 μὴ.

1033 2280 1106 2315 quod
1118 2279 1265 2307 secundum
1282 2278 1355 2306 illam
1372 2278 1419 2305 Dei
1431 2278 1567 2310 notitiam,
1580 2286 1609 2306 se
1622 2279 1710 2313 ipsum
1724 2279 1815 2312 utique

1033 2333 1113 2353 nosse
1129 2325 1212 2353 homo
1228 2325 1333 2351 debeat.
1343 2323 1437 2359 Itaque
1450 2324 1529 2352 docet
1544 2324 1589 2351 ille
1603 2324 1814 2360 continuo,quid

1034 2371 1114 2398 homo
1127 2371 1172 2404 sit,
1188 2371 1288 2406 quibus
1312 2371 1369 2405 ipse
1396 2371 1541 2398 momentis
1564 2371 1598 2397 ad
1620 2369 1742 2397 notitiam
1759 2367 1815 2397 cui.

1034 2421 1145 2451 tumque
1177 2417 1300 2444 divinum
1326 2417 1492 2449 adducatur,
1514 2416 1740 2452 quemadmodum
1766 2423 1816 2450 pro

1033 2463 1118 2498 partis
1131 2464 1172 2491 sui
1187 2464 1329 2498 prazcipua:
1342 2463 1497 2491 conditione
1511 2463 1593 2489 vitam
1608 2462 1750 2490 instituere
1766 2463 1814 2489 dc-

1033 2510 1103 2537 beat.
1120 2509 1224 2544 Quippe
1250 2510 1334 2536 animi
1360 2509 1432 2536 enim
1457 2509 1634 2543 corporisque
1657 2508 1815 2536 discriminc

1032 2556 1191 2588 constituto,
1209 2556 1300 2582 animo
1321 2559 1400 2582 tenus
1423 2563 1516 2582 verum
1530 2555 1701 2593 316~illum
1721 2555 1811 2582 homi-

1032 2607 1105 2631 nem,
1119 2600 1165 2634 qui
1183 2599 1342 2634 spiritalem,
1364 2599 1563 2634 incorpoream,
1575 2603 1602 2626 et
1619 2599 1725 2626 ratione
1744 2606 1814 2633 pm:-

1032 2646 1116 2672 ditam
1138 2651 1264 2673 naturam
1287 2645 1400 2672 sortitus
1424 2649 1476 2678 est,
1489 2644 1670 2672 deﬁniendum
1687 2645 1813 2679 putavit;

1033 2692 1104 2726 quod
1132 2692 1154 2719 is
1179 2691 1349 2726 potissimum
1373 2691 1472 2719 divinae
1485 2691 1518 2718 ad
1535 2691 1660 2725 imaginis
1675 2690 1813 2725 exemplar

1032 2745 1177 2771 expressus
1204 2743 1231 2765 et
1257 2738 1442 2765 conformatus
1467 2741 1550 2765 esset.
1579 2737 1685 2771 Corpus
1711 2741 1813 2768 autem,

1033 2783 1104 2810 aliud
1124 2783 1200 2816 nihil,
1218 2792 1299 2819 quam
1326 2784 1408 2811 animi
1434 2788 1560 2812 terrestre
1586 2782 1720 2819 quoddam
1736 2781 1816 2809 indu-
