  <div class='ocr_page' id='page_1' title='image "/cluster/home/n/w/nwhite01/storage/ocr_20150623/21/njp.32101077772489/301.png"; bbox 0 0 2070 3206; ppageno 0'>
   <div class='ocr_carea' id='block_1_1' title="bbox 246 153 300 180">
    <p class='ocr_par' dir='ltr' id='par_1_1' title="bbox 246 153 300 180">
     <span class='ocr_line' id='line_1_1' title="bbox 246 153 300 180; baseline -0.056 1"><span class='ocrx_word' id='word_1_1' title='bbox 246 153 300 180; x_wconf 67' lang='grc'><strong>835</strong></span> 
     </span>
    </p>
   </div>
   <div class='ocr_carea' id='block_1_2' title="bbox 577 147 1558 178">
    <p class='ocr_par' dir='ltr' id='par_1_2' title="bbox 577 147 1558 178">
     <span class='ocr_line' id='line_1_2' title="bbox 577 147 1558 178; baseline -0.004 0"><span class='ocrx_word' id='word_1_2' title='bbox 577 151 714 178; x_wconf 81' lang='lat' dir='ltr'><strong>EUSEBll</strong></span> <span class='ocrx_word' id='word_1_3' title='bbox 729 149 969 178; x_wconf 69' lang='lat' dir='ltr'><strong>C/ESARIENSIS</strong></span> <span class='ocrx_word' id='word_1_4' title='bbox 984 149 1060 177; x_wconf 82' lang='lat' dir='ltr'><strong>OPP.</strong></span> <span class='ocrx_word' id='word_1_5' title='bbox 1082 150 1172 178; x_wconf 74' lang='lat' dir='ltr'><strong>PARS</strong></span> <span class='ocrx_word' id='word_1_6' title='bbox 1191 150 1223 177; x_wconf 72' lang='lat' dir='ltr'><strong>ll.</strong></span> <span class='ocrx_word' id='word_1_7' title='bbox 1241 164 1277 170; x_wconf 91' lang='lat'><strong>—</strong></span> <span class='ocrx_word' id='word_1_8' title='bbox 1296 147 1558 176; x_wconf 53' lang='lat' dir='ltr'><strong>APOLOGETICA.’</strong></span> 
     </span>
    </p>
   </div>
   <div class='ocr_carea' id='block_1_3' title="bbox 1820 146 1873 175">
    <p class='ocr_par' dir='ltr' id='par_1_3' title="bbox 1820 146 1873 175">
     <span class='ocr_line' id='line_1_3' title="bbox 1820 146 1873 175; baseline 0.019 -1"><span class='ocrx_word' id='word_1_9' title='bbox 1820 146 1873 175; x_wconf 63' lang='lat'><strong>55‘</strong></span> 
     </span>
    </p>
   </div>
   <div class='ocr_carea' id='block_1_4' title="bbox 247 208 1039 247">
    <p class='ocr_par' dir='ltr' id='par_1_4' title="bbox 247 210 1031 246">
     <span class='ocr_line' id='line_1_4' title="bbox 247 210 1031 246; baseline -0.001 -6"><span class='ocrx_word' id='word_1_10' title='bbox 247 219 369 242; x_wconf 83' lang='lat' dir='ltr'><strong>mentum</strong></span> <span class='ocrx_word' id='word_1_11' title='bbox 389 220 421 240; x_wconf 82' lang='lat' dir='ltr'><strong>ac</strong></span> <span class='ocrx_word' id='word_1_12' title='bbox 439 211 606 240; x_wconf 81' lang='lat' dir='ltr'><strong>domicilium</strong></span> <span class='ocrx_word' id='word_1_13' title='bbox 630 219 690 239; x_wconf 85' lang='lat' dir='ltr'><strong>esse</strong></span> <span class='ocrx_word' id='word_1_14' title='bbox 715 212 818 238; x_wconf 82' lang='lat' dir='ltr'><strong>statuit.</strong></span> <span class='ocrx_word' id='word_1_15' title='bbox 836 210 904 237; x_wconf 90' lang='lat' dir='ltr'><strong>Tum</strong></span> <span class='ocrx_word' id='word_1_16' title='bbox 923 212 1031 246; x_wconf 75' lang='lat' dir='ltr'><strong>utrique</strong></span> 
     </span>
    </p>
   </div>
   <div class='ocr_carea' id='block_1_5' title="bbox 1091 208 1874 247">
    <p class='ocr_par' dir='ltr' id='par_1_5' title="bbox 1091 208 1874 247">
     <span class='ocr_line' id='line_1_5' title="bbox 1091 208 1874 247; baseline -0.003 -9"><span class='ocrx_word' id='word_1_17' title='bbox 1091 212 1281 247; x_wconf 80' lang='grc' dir='ltr'>τροκηρύττων</span> <span class='ocrx_word' id='word_1_18' title='bbox 1299 211 1336 246; x_wconf 83' lang='grc' dir='ltr'>μὴ</span> <span class='ocrx_word' id='word_1_19' title='bbox 1353 209 1522 244; x_wconf 79' lang='grc' dir='ltr'><strong>παραμελεῖν</strong></span> <span class='ocrx_word' id='word_1_20' title='bbox 1532 209 1582 244; x_wconf 79' lang='grc' dir='ltr'><strong>τῆς</strong></span> <span class='ocrx_word' id='word_1_21' title='bbox 1597 209 1700 240; x_wconf 81' lang='grc' dir='ltr'>οῐκείας</span> <span class='ocrx_word' id='word_1_22' title='bbox 1718 208 1806 241; x_wconf 75' lang='grc' dir='ltr'>ἀξίας,</span> <span class='ocrx_word' id='word_1_23' title='bbox 1824 209 1874 236; x_wconf 75' lang='grc' dir='ltr'>καὶ</span> 
     </span>
    </p>
   </div>
   <div class='ocr_carea' id='block_1_6' title="bbox 247 256 1030 293">
    <p class='ocr_par' dir='ltr' id='par_1_6' title="bbox 247 256 1030 293">
     <span class='ocr_line' id='line_1_6' title="bbox 247 256 1030 293; baseline -0.003 -7"><span class='ocrx_word' id='word_1_24' title='bbox 247 260 358 286; x_wconf 82' lang='lat' dir='ltr'><strong>terti-un</strong></span> <span class='ocrx_word' id='word_1_25' title='bbox 385 258 461 293; x_wconf 86' lang='lat' dir='ltr'><strong>quid,</strong></span> <span class='ocrx_word' id='word_1_26' title='bbox 477 258 595 288; x_wconf 77' lang='lat' dir='ltr'><strong>vitalem,</strong></span> <span class='ocrx_word' id='word_1_27' title='bbox 608 257 728 291; x_wconf 78' lang='lat' dir='ltr'><strong>inquam,</strong></span> <span class='ocrx_word' id='word_1_28' title='bbox 743 256 867 290; x_wconf 93' lang='lat' dir='ltr'><strong>spiritum</strong></span> <span class='ocrx_word' id='word_1_29' title='bbox 894 257 1030 290; x_wconf 77' lang='lat' dir='ltr'><strong>atljunxit,</strong></span> 
     </span>
    </p>
   </div>
   <div class='ocr_carea' id='block_1_7' title="bbox 251 303 1032 339">
    <p class='ocr_par' dir='ltr' id='par_1_7' title="bbox 251 303 1032 339">
     <span class='ocr_line' id='line_1_7' title="bbox 251 303 1032 339; baseline -0.005 -6"><span class='ocrx_word' id='word_1_30' title='bbox 251 306 304 333; x_wconf 73' lang='lat' dir='ltr'><strong>hor</strong></span> <span class='ocrx_word' id='word_1_31' title='bbox 317 310 358 332; x_wconf 85' lang='lat' dir='ltr'><strong>est</strong></span> <span class='ocrx_word' id='word_1_32' title='bbox 375 305 428 332; x_wconf 65' lang='lat' dir='ltr'><strong>vim</strong></span> <span class='ocrx_word' id='word_1_33' title='bbox 445 304 610 339; x_wconf 80' lang='lat' dir='ltr'><strong>singularem</strong></span> <span class='ocrx_word' id='word_1_34' title='bbox 635 310 666 329; x_wconf 91' lang='lat' dir='ltr'><strong>ac</strong></span> <span class='ocrx_word' id='word_1_35' title='bbox 692 303 841 336; x_wconf 82' lang='lat' dir='ltr'><strong>propriam,</strong></span> <span class='ocrx_word' id='word_1_36' title='bbox 855 310 916 337; x_wconf 68' lang='lat' dir='ltr'><strong>quae</strong></span> <span class='ocrx_word' id='word_1_37' title='bbox 929 308 1032 337; x_wconf 89' lang='lat' dir='ltr'><strong>partem</strong></span> 
     </span>
    </p>
   </div>
   <div class='ocr_carea' id='block_1_8' title="bbox 251 349 1034 382">
    <p class='ocr_par' dir='ltr' id='par_1_8' title="bbox 251 349 1034 382">
     <span class='ocr_line' id='line_1_8' title="bbox 251 349 1034 382; baseline -0.005 -3"><span class='ocrx_word' id='word_1_38' title='bbox 251 361 283 378; x_wconf 63' lang='lat' dir='ltr'><strong>ex</strong></span> <span class='ocrx_word' id='word_1_39' title='bbox 297 357 366 379; x_wconf 77' lang='lat' dir='ltr'><strong>terra</strong></span> <span class='ocrx_word' id='word_1_40' title='bbox 383 355 548 382; x_wconf 77' lang='lat' dir='ltr'><strong>concretam,</strong></span> <span class='ocrx_word' id='word_1_41' title='bbox 564 357 625 376; x_wconf 89' lang='lat' dir='ltr'><strong>cum</strong></span> <span class='ocrx_word' id='word_1_42' title='bbox 641 349 725 376; x_wconf 87' lang='lat' dir='ltr'><strong>altera</strong></span> <span class='ocrx_word' id='word_1_43' title='bbox 739 349 858 376; x_wconf 83' lang='lat' dir='ltr'><strong>divinam</strong></span> <span class='ocrx_word' id='word_1_44' title='bbox 881 349 914 376; x_wconf 88' lang='lat' dir='ltr'><strong>ad</strong></span> <span class='ocrx_word' id='word_1_45' title='bbox 937 349 1034 376; x_wconf 89' lang='lat' dir='ltr'><strong>simili—</strong></span> 
     </span>
    </p>
   </div>
   <div class='ocr_carea' id='block_1_9' title="bbox 250 396 1033 432">
    <p class='ocr_par' dir='ltr' id='par_1_9' title="bbox 250 396 1033 432">
     <span class='ocr_line' id='line_1_9' title="bbox 250 396 1033 432; baseline -0.003 -7"><span class='ocrx_word' id='word_1_46' title='bbox 250 398 369 426; x_wconf 83' lang='lat' dir='ltr'><strong>tudinem</strong></span> <span class='ocrx_word' id='word_1_47' title='bbox 388 400 528 432; x_wconf 75' lang='lat' dir='ltr'><strong>procreata</strong></span> <span class='ocrx_word' id='word_1_48' title='bbox 543 396 635 422; x_wconf 91' lang='lat' dir='ltr'><strong>nativo</strong></span> <span class='ocrx_word' id='word_1_49' title='bbox 648 396 766 431; x_wconf 85' lang='lat' dir='ltr'><strong>quodam</strong></span> <span class='ocrx_word' id='word_1_50' title='bbox 778 396 890 423; x_wconf 84' lang='lat' dir='ltr'><strong>vinculo</strong></span> <span class='ocrx_word' id='word_1_51' title='bbox 905 396 1033 425; x_wconf 88' lang='lat' dir='ltr'><strong>sociaret.</strong></span> 
     </span>
    </p>
   </div>
   <div class='ocr_carea' id='block_1_10' title="bbox 249 441 1034 476">
    <p class='ocr_par' dir='ltr' id='par_1_10' title="bbox 249 441 1034 476">
     <span class='ocr_line' id='line_1_10' title="bbox 249 441 1034 476; baseline -0.001 -7"><span class='ocrx_word' id='word_1_52' title='bbox 249 441 383 469; x_wconf 41' lang='lat' dir='ltr'><strong>Caeterum</strong></span> <span class='ocrx_word' id='word_1_53' title='bbox 397 442 511 476; x_wconf 85' lang='lat' dir='ltr'><strong>primam</strong></span> <span class='ocrx_word' id='word_1_54' title='bbox 527 441 614 468; x_wconf 86' lang='lat' dir='ltr'><strong>eidem</strong></span> <span class='ocrx_word' id='word_1_55' title='bbox 633 441 736 467; x_wconf 88' lang='lat' dir='ltr'><strong>homini</strong></span> <span class='ocrx_word' id='word_1_56' title='bbox 752 441 842 468; x_wconf 91' lang='lat' dir='ltr'><strong>sedem</strong></span> <span class='ocrx_word' id='word_1_57' title='bbox 858 442 884 467; x_wconf 91' lang='lat' dir='ltr'><strong>in</strong></span> <span class='ocrx_word' id='word_1_58' title='bbox 900 442 977 468; x_wconf 91' lang='lat' dir='ltr'><strong>horto</strong></span> <span class='ocrx_word' id='word_1_59' title='bbox 988 441 1034 468; x_wconf 98' lang='lat' dir='ltr'><strong>Dei</strong></span> 
     </span>
    </p>
   </div>
   <div class='ocr_carea' id='block_1_11' title="bbox 249 487 1034 522">
    <p class='ocr_par' dir='ltr' id='par_1_11' title="bbox 249 487 1034 522">
     <span class='ocr_line' id='line_1_11' title="bbox 249 487 1034 522; baseline 0 -8"><span class='ocrx_word' id='word_1_60' title='bbox 249 487 420 518; x_wconf 74' lang='lat' dir='ltr'><strong>felicissimo,</strong></span> <span class='ocrx_word' id='word_1_61' title='bbox 439 492 465 514; x_wconf 86' lang='lat' dir='ltr'><strong>et</strong></span> <span class='ocrx_word' id='word_1_62' title='bbox 478 487 679 514; x_wconf 81' lang='lat' dir='ltr'><strong>immortalibus</strong></span> <span class='ocrx_word' id='word_1_63' title='bbox 695 495 726 514; x_wconf 90' lang='lat' dir='ltr'><strong>ac</strong></span> <span class='ocrx_word' id='word_1_64' title='bbox 746 487 919 521; x_wconf 74' lang='lat' dir='ltr'><strong>sempiternis</strong></span> <span class='ocrx_word' id='word_1_65' title='bbox 937 487 1034 522; x_wconf 77' lang='lat' dir='ltr'><strong>opibus</strong></span> 
     </span>
    </p>
   </div>
   <div class='ocr_carea' id='block_1_12' title="bbox 250 533 1033 567">
    <p class='ocr_par' dir='ltr' id='par_1_12' title="bbox 250 533 1033 567">
     <span class='ocr_line' id='line_1_12' title="bbox 250 533 1033 567; baseline -0.003 -7"><span class='ocrx_word' id='word_1_66' title='bbox 250 533 405 560; x_wconf 72' lang='lat' dir='ltr'><strong>abundante</strong></span> <span class='ocrx_word' id='word_1_67' title='bbox 417 533 533 567; x_wconf 75' lang='lat' dir='ltr'><strong>positam</strong></span> <span class='ocrx_word' id='word_1_68' title='bbox 545 537 568 559; x_wconf 86' lang='lat' dir='ltr'><strong>et</strong></span> <span class='ocrx_word' id='word_1_69' title='bbox 581 533 740 560; x_wconf 76' lang='lat' dir='ltr'><strong>collocatam</strong></span> <span class='ocrx_word' id='word_1_70' title='bbox 750 541 810 560; x_wconf 87' lang='lat' dir='ltr'><strong>esse</strong></span> <span class='ocrx_word' id='word_1_71' title='bbox 825 537 1033 565; x_wconf 88' lang='lat' dir='ltr'><strong>commemorat;</strong></span> 
     </span>
    </p>
   </div>
   <div class='ocr_carea' id='block_1_13' title="bbox 250 577 1034 612">
    <p class='ocr_par' dir='ltr' id='par_1_13' title="bbox 250 577 1034 612">
     <span class='ocr_line' id='line_1_13' title="bbox 250 577 1034 612; baseline 0 -8"><span class='ocrx_word' id='word_1_72' title='bbox 250 577 339 612; x_wconf 81' lang='lat' dir='ltr'><strong>ipsum</strong></span> <span class='ocrx_word' id='word_1_73' title='bbox 357 586 432 611; x_wconf 77' lang='lat' dir='ltr'><strong>vero,</strong></span> <span class='ocrx_word' id='word_1_74' title='bbox 450 586 511 605; x_wconf 90' lang='lat' dir='ltr'><strong>cum</strong></span> <span class='ocrx_word' id='word_1_75' title='bbox 527 578 621 605; x_wconf 88' lang='lat' dir='ltr'><strong>eadem</strong></span> <span class='ocrx_word' id='word_1_76' title='bbox 637 579 695 612; x_wconf 85' lang='lat' dir='ltr'><strong>ipso</strong></span> <span class='ocrx_word' id='word_1_77' title='bbox 709 578 800 605; x_wconf 88' lang='lat' dir='ltr'><strong>statim</strong></span> <span class='ocrx_word' id='word_1_78' title='bbox 817 578 905 610; x_wconf 89' lang='lat' dir='ltr'><strong>initio,</strong></span> <span class='ocrx_word' id='word_1_79' title='bbox 922 585 975 612; x_wconf 91' lang='lat' dir='ltr'><strong>qua</strong></span> <span class='ocrx_word' id='word_1_80' title='bbox 991 585 1034 604; x_wconf 88' lang='lat' dir='ltr'><strong>re-</strong></span> 
     </span>
    </p>
   </div>
   <div class='ocr_carea' id='block_1_14' title="bbox 250 623 1034 658">
    <p class='ocr_par' dir='ltr' id='par_1_14' title="bbox 250 623 1034 658">
     <span class='ocr_line' id='line_1_14' title="bbox 250 623 1034 658; baseline 0.001 -9"><span class='ocrx_word' id='word_1_81' title='bbox 250 623 324 658; x_wconf 86' lang='lat' dir='ltr'><strong>liqua</strong></span> <span class='ocrx_word' id='word_1_82' title='bbox 338 631 451 658; x_wconf 88' lang='lat' dir='ltr'><strong>prorsus</strong></span> <span class='ocrx_word' id='word_1_83' title='bbox 468 623 657 653; x_wconf 80' lang='lat' dir='ltr'><strong>onmia.-livini</strong></span> <span class='ocrx_word' id='word_1_84' title='bbox 675 623 799 650; x_wconf 86' lang='lat' dir='ltr'><strong>Numinis</strong></span> <span class='ocrx_word' id='word_1_85' title='bbox 813 623 870 658; x_wconf 81' lang='lat' dir='ltr'><strong>lege</strong></span> <span class='ocrx_word' id='word_1_86' title='bbox 887 627 1034 655; x_wconf 89' lang='lat' dir='ltr'><strong>teneretur,</strong></span> 
     </span>
    </p>
   </div>
   <div class='ocr_carea' id='block_1_15' title="bbox 251 669 1035 705">
    <p class='ocr_par' dir='ltr' id='par_1_15' title="bbox 251 669 1035 705">
     <span class='ocr_line' id='line_1_15' title="bbox 251 669 1035 705; baseline 0.001 -10"><span class='ocrx_word' id='word_1_87' title='bbox 251 676 302 696; x_wconf 80' lang='lat' dir='ltr'><strong>sua</strong></span> <span class='ocrx_word' id='word_1_88' title='bbox 321 669 407 703; x_wconf 90' lang='lat' dir='ltr'><strong>ipsius</strong></span> <span class='ocrx_word' id='word_1_89' title='bbox 421 670 540 701; x_wconf 82' lang='lat' dir='ltr'><strong>vesania,</strong></span> <span class='ocrx_word' id='word_1_90' title='bbox 553 669 708 704; x_wconf 71' lang='lat' dir='ltr'><strong>violataque</strong></span> <span class='ocrx_word' id='word_1_91' title='bbox 730 669 797 696; x_wconf 85' lang='lat' dir='ltr'><strong>tanti</strong></span> <span class='ocrx_word' id='word_1_92' title='bbox 823 669 894 705; x_wconf 80' lang='lat' dir='ltr'><strong>regis</strong></span> <span class='ocrx_word' id='word_1_93' title='bbox 910 669 1035 704; x_wconf 80' lang='lat' dir='ltr'><strong>imperio,</strong></span> 
     </span>
    </p>
   </div>
   <div class='ocr_carea' id='block_1_16' title="bbox 250 714 1036 749">
    <p class='ocr_par' dir='ltr' id='par_1_16' title="bbox 250 714 1036 749">
     <span class='ocr_line' id='line_1_16' title="bbox 250 714 1036 749; baseline 0 -7"><span class='ocrx_word' id='word_1_94' title='bbox 250 719 306 742; x_wconf 77' lang='lat' dir='ltr'><strong>tam</strong></span> <span class='ocrx_word' id='word_1_95' title='bbox 321 715 477 749; x_wconf 83' lang='lat' dir='ltr'><strong>expetendae</strong></span> <span class='ocrx_word' id='word_1_96' title='bbox 489 715 550 742; x_wconf 71' lang='lat' dir='ltr'><strong>vita:</strong></span> <span class='ocrx_word' id='word_1_97' title='bbox 569 714 658 742; x_wconf 85' lang='lat' dir='ltr'><strong>fructu</strong></span> <span class='ocrx_word' id='word_1_98' title='bbox 674 714 817 742; x_wconf 81' lang='lat' dir='ltr'><strong>infeliciter</strong></span> <span class='ocrx_word' id='word_1_99' title='bbox 829 715 972 742; x_wconf 81' lang='lat' dir='ltr'><strong>excidisse.</strong></span> <span class='ocrx_word' id='word_1_100' title='bbox 990 715 1036 742; x_wconf 81' lang='lat' dir='ltr'><strong>At—</strong></span> 
     </span>
    </p>
   </div>
   <div class='ocr_carea' id='block_1_17' title="bbox 251 761 1038 796">
    <p class='ocr_par' dir='ltr' id='par_1_17' title="bbox 251 761 1038 796">
     <span class='ocr_line' id='line_1_17' title="bbox 251 761 1038 796; baseline 0 -8"><span class='ocrx_word' id='word_1_101' title='bbox 251 769 305 795; x_wconf 83' lang='lat' dir='ltr'><strong>que</strong></span> <span class='ocrx_word' id='word_1_102' title='bbox 320 761 364 788; x_wconf 90' lang='lat' dir='ltr'><strong>illa</strong></span> <span class='ocrx_word' id='word_1_103' title='bbox 381 766 445 788; x_wconf 90' lang='lat' dir='ltr'><strong>sunt</strong></span> <span class='ocrx_word' id='word_1_104' title='bbox 462 769 522 795; x_wconf 68' lang='lat' dir='ltr'><strong>quae</strong></span> <span class='ocrx_word' id='word_1_105' title='bbox 538 761 720 796; x_wconf 85' lang='lat' dir='ltr'><strong>persapienter</strong></span> <span class='ocrx_word' id='word_1_106' title='bbox 733 769 749 788; x_wconf 86' lang='lat' dir='ltr'><strong>a</strong></span> <span class='ocrx_word' id='word_1_107' title='bbox 763 761 853 796; x_wconf 80' lang='lat' dir='ltr'><strong>Moyse</strong></span> <span class='ocrx_word' id='word_1_108' title='bbox 874 761 900 788; x_wconf 93' lang='lat' dir='ltr'><strong>in</strong></span> <span class='ocrx_word' id='word_1_109' title='bbox 920 761 978 795; x_wconf 87' lang='lat' dir='ltr'><strong>ipsa</strong></span> <span class='ocrx_word' id='word_1_110' title='bbox 1002 761 1038 788; x_wconf 92' lang='lat' dir='ltr'><strong>le-</strong></span> 
     </span>
    </p>
   </div>
   <div class='ocr_carea' id='block_1_18' title="bbox 252 805 1036 842">
    <p class='ocr_par' dir='ltr' id='par_1_18' title="bbox 252 805 1036 842">
     <span class='ocr_line' id='line_1_18' title="bbox 252 805 1036 842; baseline -0.001 -9"><span class='ocrx_word' id='word_1_111' title='bbox 252 814 316 842; x_wconf 74' lang='lat' dir='ltr'><strong>gum</strong></span> <span class='ocrx_word' id='word_1_112' title='bbox 341 806 575 833; x_wconf 86' lang='lat' dir='ltr'><strong>sanctissimarum</strong></span> <span class='ocrx_word' id='word_1_113' title='bbox 602 805 690 833; x_wconf 86' lang='lat' dir='ltr'><strong>fronte</strong></span> <span class='ocrx_word' id='word_1_114' title='bbox 706 811 855 840; x_wconf 90' lang='lat' dir='ltr'><strong>ponuntur,</strong></span> <span class='ocrx_word' id='word_1_115' title='bbox 872 806 972 841; x_wconf 86' lang='lat' dir='ltr'><strong>quibus</strong></span> <span class='ocrx_word' id='word_1_116' title='bbox 987 813 1036 832; x_wconf 83' lang='lat' dir='ltr'><strong>no—</strong></span> 
     </span>
    </p>
   </div>
   <div class='ocr_carea' id='block_1_19' title="bbox 253 852 1036 888">
    <p class='ocr_par' dir='ltr' id='par_1_19' title="bbox 253 852 1036 888">
     <span class='ocr_line' id='line_1_19' title="bbox 253 852 1036 888; baseline -0.001 -8"><span class='ocrx_word' id='word_1_117' title='bbox 253 853 295 880; x_wconf 86' lang='lat' dir='ltr'><strong>bis</strong></span> <span class='ocrx_word' id='word_1_118' title='bbox 320 860 404 888; x_wconf 83' lang='lat' dir='ltr'><strong>prope</strong></span> <span class='ocrx_word' id='word_1_119' title='bbox 427 852 579 884; x_wconf 85' lang='lat' dir='ltr'><strong>denuntiat,</strong></span> <span class='ocrx_word' id='word_1_120' title='bbox 593 852 631 878; x_wconf 90' lang='lat' dir='ltr'><strong>uti</strong></span> <span class='ocrx_word' id='word_1_121' title='bbox 648 860 682 879; x_wconf 90' lang='lat' dir='ltr'><strong>ne</strong></span> <span class='ocrx_word' id='word_1_122' title='bbox 702 852 838 886; x_wconf 87' lang='lat' dir='ltr'><strong>propriam</strong></span> <span class='ocrx_word' id='word_1_123' title='bbox 862 852 1036 886; x_wconf 76' lang='lat' dir='ltr'><strong>nativamque</strong></span> 
     </span>
    </p>
   </div>
   <div class='ocr_carea' id='block_1_20' title="bbox 252 897 1038 933">
    <p class='ocr_par' dir='ltr' id='par_1_20' title="bbox 252 897 1038 933">
     <span class='ocr_line' id='line_1_20' title="bbox 252 897 1038 933; baseline 0 -8"><span class='ocrx_word' id='word_1_124' title='bbox 252 899 421 933; x_wconf 83' lang='lat' dir='ltr'><strong>dignitatem,</strong></span> <span class='ocrx_word' id='word_1_125' title='bbox 437 898 653 932; x_wconf 87' lang='lat' dir='ltr'><strong>impressamque</strong></span> <span class='ocrx_word' id='word_1_126' title='bbox 669 898 746 925; x_wconf 91' lang='lat' dir='ltr'><strong>nobis</strong></span> <span class='ocrx_word' id='word_1_127' title='bbox 761 898 846 925; x_wconf 74' lang='lat' dir='ltr'><strong>divini</strong></span> <span class='ocrx_word' id='word_1_128' title='bbox 859 897 985 925; x_wconf 88' lang='lat' dir='ltr'><strong>Numinis</strong></span> <span class='ocrx_word' id='word_1_129' title='bbox 1001 898 1038 925; x_wconf 89' lang='lat' dir='ltr'><strong>si-</strong></span> 
     </span>
    </p>
   </div>
   <div class='ocr_carea' id='block_1_21' title="bbox 253 943 1039 979">
    <p class='ocr_par' dir='ltr' id='par_1_21' title="bbox 253 943 1039 979">
     <span class='ocr_line' id='line_1_21' title="bbox 253 943 1039 979; baseline 0.003 -9"><span class='ocrx_word' id='word_1_130' title='bbox 253 943 432 971; x_wconf 85' lang='lat' dir='ltr'><strong>militudinem</strong></span> <span class='ocrx_word' id='word_1_131' title='bbox 458 943 573 978; x_wconf 82' lang='lat' dir='ltr'><strong>turpiter</strong></span> <span class='ocrx_word' id='word_1_132' title='bbox 593 944 772 978; x_wconf 76' lang='lat' dir='ltr'><strong>negligamus,</strong></span> <span class='ocrx_word' id='word_1_133' title='bbox 789 952 850 971; x_wconf 92' lang='lat' dir='ltr'><strong>cum</strong></span> <span class='ocrx_word' id='word_1_134' title='bbox 869 944 914 971; x_wconf 91' lang='lat' dir='ltr'><strong>illa</strong></span> <span class='ocrx_word' id='word_1_135' title='bbox 929 952 1039 979; x_wconf 87' lang='lat' dir='ltr'><strong>quoque</strong></span> 
     </span>
    </p>
   </div>
   <div class='ocr_carea' id='block_1_22' title="bbox 253 989 1039 1017">
    <p class='ocr_par' dir='ltr' id='par_1_22' title="bbox 253 989 1039 1017">
     <span class='ocr_line' id='line_1_22' title="bbox 253 989 1039 1017; baseline 0.001 -1"><span class='ocrx_word' id='word_1_136' title='bbox 253 989 337 1016; x_wconf 81' lang='lat' dir='ltr'><strong>animi</strong></span> <span class='ocrx_word' id='word_1_137' title='bbox 351 989 429 1016; x_wconf 86' lang='lat' dir='ltr'><strong>nobis</strong></span> <span class='ocrx_word' id='word_1_138' title='bbox 444 989 674 1016; x_wconf 88' lang='lat' dir='ltr'><strong>immortalitatem</strong></span> <span class='ocrx_word' id='word_1_139' title='bbox 694 990 856 1016; x_wconf 86' lang='lat' dir='ltr'><strong>conciliarit.</strong></span> <span class='ocrx_word' id='word_1_140' title='bbox 870 989 952 1017; x_wconf 90' lang='lat' dir='ltr'><strong>Nefas</strong></span> <span class='ocrx_word' id='word_1_141' title='bbox 967 990 1039 1017; x_wconf 90' lang='lat' dir='ltr'><strong>enim</strong></span> 
     </span>
    </p>
   </div>
   <div class='ocr_carea' id='block_1_23' title="bbox 253 1034 1040 1070">
    <p class='ocr_par' dir='ltr' id='par_1_23' title="bbox 253 1034 1040 1070">
     <span class='ocr_line' id='line_1_23' title="bbox 253 1034 1040 1070; baseline 0.001 -9"><span class='ocrx_word' id='word_1_142' title='bbox 253 1043 314 1062; x_wconf 83' lang='lat' dir='ltr'><strong>esse</strong></span> <span class='ocrx_word' id='word_1_143' title='bbox 331 1034 461 1069; x_wconf 86' lang='lat' dir='ltr'><strong>profecto,</strong></span> <span class='ocrx_word' id='word_1_144' title='bbox 479 1034 551 1068; x_wconf 81' lang='lat' dir='ltr'><strong>regis</strong></span> <span class='ocrx_word' id='word_1_145' title='bbox 576 1034 722 1069; x_wconf 83' lang='lat' dir='ltr'><strong>imaginem</strong></span> <span class='ocrx_word' id='word_1_146' title='bbox 749 1035 851 1062; x_wconf 85' lang='lat' dir='ltr'><strong>aboleri</strong></span> <span class='ocrx_word' id='word_1_147' title='bbox 867 1044 874 1062; x_wconf 89' lang='lat'>:</span> <span class='ocrx_word' id='word_1_148' title='bbox 893 1043 925 1063; x_wconf 86' lang='lat' dir='ltr'><strong>ac</strong></span> <span class='ocrx_word' id='word_1_149' title='bbox 939 1035 1040 1070; x_wconf 84' lang='lat' dir='ltr'><strong>princi-</strong></span> 
     </span>
    </p>
   </div>
   <div class='ocr_carea' id='block_1_24' title="bbox 253 1081 1038 1116">
    <p class='ocr_par' dir='ltr' id='par_1_24' title="bbox 253 1081 1038 1116">
     <span class='ocr_line' id='line_1_24' title="bbox 253 1081 1038 1116; baseline 0 -7"><span class='ocrx_word' id='word_1_150' title='bbox 253 1090 314 1116; x_wconf 88' lang='lat' dir='ltr'><strong>pem</strong></span> <span class='ocrx_word' id='word_1_151' title='bbox 328 1081 436 1116; x_wconf 86' lang='lat' dir='ltr'><strong>quidem</strong></span> <span class='ocrx_word' id='word_1_152' title='bbox 451 1088 599 1114; x_wconf 83' lang='lat' dir='ltr'><strong>veramque</strong></span> <span class='ocrx_word' id='word_1_153' title='bbox 621 1081 668 1107; x_wconf 85' lang='lat' dir='ltr'><strong>Dei</strong></span> <span class='ocrx_word' id='word_1_154' title='bbox 693 1082 870 1116; x_wconf 73' lang='lat' dir='ltr'><strong>praepotentis</strong></span> <span class='ocrx_word' id='word_1_155' title='bbox 894 1082 1038 1115; x_wconf 70' lang='lat' dir='ltr'><strong>imaginem</strong></span> 
     </span>
    </p>
   </div>
   <div class='ocr_carea' id='block_1_25' title="bbox 257 1126 1041 1166">
    <p class='ocr_par' dir='ltr' id='par_1_25' title="bbox 257 1126 1041 1166">
     <span class='ocr_line' id='line_1_25' title="bbox 257 1126 1041 1166; baseline 0.001 -12"><span class='ocrx_word' id='word_1_156' title='bbox 257 1126 373 1154; x_wconf 86' lang='lat' dir='ltr'><strong>Verbum</strong></span> <span class='ocrx_word' id='word_1_157' title='bbox 386 1127 446 1162; x_wconf 88' lang='lat' dir='ltr'><strong>ejus</strong></span> <span class='ocrx_word' id='word_1_158' title='bbox 462 1135 534 1166; x_wconf 80' lang='lat' dir='ltr'><strong>esse,</strong></span> <span class='ocrx_word' id='word_1_159' title='bbox 551 1127 624 1162; x_wconf 92' lang='lat' dir='ltr'><strong>quod</strong></span> <span class='ocrx_word' id='word_1_160' title='bbox 638 1127 695 1161; x_wconf 88' lang='lat' dir='ltr'><strong>ipsa</strong></span> <span class='ocrx_word' id='word_1_161' title='bbox 710 1135 757 1162; x_wconf 87' lang='lat' dir='ltr'><strong>per</strong></span> <span class='ocrx_word' id='word_1_162' title='bbox 774 1135 834 1155; x_wconf 89' lang='lat' dir='ltr'><strong>sese</strong></span> <span class='ocrx_word' id='word_1_163' title='bbox 849 1128 1041 1162; x_wconf 85' lang='lat' dir='ltr'><strong>sapientia,vi-</strong></span> 
     </span>
    </p>
   </div>
   <div class='ocr_carea' id='block_1_26' title="bbox 254 1173 1040 1209">
    <p class='ocr_par' dir='ltr' id='par_1_26' title="bbox 254 1173 1040 1209">
     <span class='ocr_line' id='line_1_26' title="bbox 254 1173 1040 1209; baseline 0.001 -9"><span class='ocrx_word' id='word_1_164' title='bbox 254 1177 291 1206; x_wconf 86' lang='lat' dir='ltr'><strong>ta,</strong></span> <span class='ocrx_word' id='word_1_165' title='bbox 309 1173 366 1206; x_wconf 78' lang='lat' dir='ltr'><strong>lux,</strong></span> <span class='ocrx_word' id='word_1_166' title='bbox 383 1177 410 1200; x_wconf 88' lang='lat' dir='ltr'><strong>et</strong></span> <span class='ocrx_word' id='word_1_167' title='bbox 426 1173 526 1200; x_wconf 86' lang='lat' dir='ltr'><strong>veritas</strong></span> <span class='ocrx_word' id='word_1_168' title='bbox 548 1177 600 1204; x_wconf 85' lang='lat' dir='ltr'><strong>est,</strong></span> <span class='ocrx_word' id='word_1_169' title='bbox 622 1177 648 1200; x_wconf 88' lang='lat' dir='ltr'><strong>et</strong></span> <span class='ocrx_word' id='word_1_170' title='bbox 664 1173 795 1207; x_wconf 82' lang='lat' dir='ltr'><strong>quidquid</strong></span> <span class='ocrx_word' id='word_1_171' title='bbox 809 1174 921 1201; x_wconf 92' lang='lat' dir='ltr'><strong>omnino</strong></span> <span class='ocrx_word' id='word_1_172' title='bbox 933 1174 1040 1209; x_wconf 88' lang='lat' dir='ltr'><strong>pulchri</strong></span> 
     </span>
    </p>
   </div>
   <div class='ocr_carea' id='block_1_27' title="bbox 255 1219 1041 1255">
    <p class='ocr_par' dir='ltr' id='par_1_27' title="bbox 255 1219 1041 1255">
     <span class='ocr_line' id='line_1_27' title="bbox 255 1219 1041 1255; baseline 0 -9"><span class='ocrx_word' id='word_1_173' title='bbox 255 1219 373 1253; x_wconf 83' lang='lat' dir='ltr'><strong>bonique</strong></span> <span class='ocrx_word' id='word_1_174' title='bbox 386 1219 499 1254; x_wconf 82' lang='lat' dir='ltr'><strong>cogitari</strong></span> <span class='ocrx_word' id='word_1_175' title='bbox 519 1219 605 1254; x_wconf 87' lang='lat' dir='ltr'><strong>possit</strong></span> <span class='ocrx_word' id='word_1_176' title='bbox 623 1229 630 1246; x_wconf 88' lang='lat'><strong><em>:</em></strong></span> <span class='ocrx_word' id='word_1_177' title='bbox 648 1223 676 1246; x_wconf 90' lang='lat' dir='ltr'><strong>at</strong></span> <span class='ocrx_word' id='word_1_178' title='bbox 695 1219 822 1255; x_wconf 75' lang='lat' dir='ltr'><strong>imaginis</strong></span> <span class='ocrx_word' id='word_1_179' title='bbox 841 1220 923 1254; x_wconf 81' lang='lat' dir='ltr'><strong>hujus</strong></span> <span class='ocrx_word' id='word_1_180' title='bbox 946 1219 1041 1255; x_wconf 71' lang='lat' dir='ltr'><strong>imagi-</strong></span> 
     </span>
    </p>
   </div>
   <div class='ocr_carea' id='block_1_28' title="bbox 255 1266 1042 1301">
    <p class='ocr_par' dir='ltr' id='par_1_28' title="bbox 255 1266 1042 1301">
     <span class='ocr_line' id='line_1_28' title="bbox 255 1266 1042 1301; baseline 0.003 -9"><span class='ocrx_word' id='word_1_181' title='bbox 255 1273 316 1292; x_wconf 88' lang='lat' dir='ltr'><strong>nem</strong></span> <span class='ocrx_word' id='word_1_182' title='bbox 345 1266 472 1292; x_wconf 65' lang='lat' dir='ltr'><strong>humanm</strong></span> <span class='ocrx_word' id='word_1_183' title='bbox 496 1266 579 1292; x_wconf 91' lang='lat' dir='ltr'><strong>menti</strong></span> <span class='ocrx_word' id='word_1_184' title='bbox 596 1266 752 1299; x_wconf 83' lang='lat' dir='ltr'><strong>convenire,</strong></span> <span class='ocrx_word' id='word_1_185' title='bbox 768 1273 829 1300; x_wconf 71' lang='lat' dir='ltr'><strong>qua:</strong></span> <span class='ocrx_word' id='word_1_186' title='bbox 843 1270 985 1301; x_wconf 88' lang='lat' dir='ltr'><strong>propterea</strong></span> <span class='ocrx_word' id='word_1_187' title='bbox 1000 1267 1042 1294; x_wconf 89' lang='lat' dir='ltr'><strong>di-</strong></span> 
     </span>
    </p>
   </div>
   <div class='ocr_carea' id='block_1_29' title="bbox 254 1311 1043 1346">
    <p class='ocr_par' dir='ltr' id='par_1_29' title="bbox 254 1311 1043 1346">
     <span class='ocr_line' id='line_1_29' title="bbox 254 1311 1043 1346; baseline 0.004 -9"><span class='ocrx_word' id='word_1_188' title='bbox 254 1311 347 1338; x_wconf 80' lang='lat' dir='ltr'><strong>vinam</strong></span> <span class='ocrx_word' id='word_1_189' title='bbox 369 1311 402 1338; x_wconf 89' lang='lat' dir='ltr'><strong>ad</strong></span> <span class='ocrx_word' id='word_1_190' title='bbox 418 1311 624 1339; x_wconf 89' lang='lat' dir='ltr'><strong>similitudinem</strong></span> <span class='ocrx_word' id='word_1_191' title='bbox 641 1319 770 1346; x_wconf 75' lang='lat' dir='ltr'><strong>expressa</strong></span> <span class='ocrx_word' id='word_1_192' title='bbox 796 1312 917 1339; x_wconf 89' lang='lat' dir='ltr'><strong>omnium</strong></span> <span class='ocrx_word' id='word_1_193' title='bbox 934 1312 1043 1340; x_wconf 71' lang='lat' dir='ltr'><strong>confes~</strong></span> 
     </span>
    </p>
   </div>
   <div class='ocr_carea' id='block_1_30' title="bbox 256 1357 1043 1391">
    <p class='ocr_par' dir='ltr' id='par_1_30' title="bbox 256 1357 1043 1391">
     <span class='ocr_line' id='line_1_30' title="bbox 256 1357 1043 1391; baseline 0.003 -8"><span class='ocrx_word' id='word_1_194' title='bbox 256 1357 333 1384; x_wconf 81' lang='lat' dir='ltr'><strong>sione</strong></span> <span class='ocrx_word' id='word_1_195' title='bbox 358 1357 531 1391; x_wconf 69' lang='lat' dir='ltr'><strong>praedicatur.</strong></span> <span class='ocrx_word' id='word_1_196' title='bbox 545 1357 650 1390; x_wconf 89' lang='lat' dir='ltr'><strong>Quibus</strong></span> <span class='ocrx_word' id='word_1_197' title='bbox 677 1357 722 1384; x_wconf 91' lang='lat' dir='ltr'><strong>ille</strong></span> <span class='ocrx_word' id='word_1_198' title='bbox 745 1357 904 1385; x_wconf 88' lang='lat' dir='ltr'><strong>notionibus</strong></span> <span class='ocrx_word' id='word_1_199' title='bbox 917 1366 964 1385; x_wconf 90' lang='lat' dir='ltr'><strong>eos</strong></span> <span class='ocrx_word' id='word_1_200' title='bbox 980 1364 1043 1385; x_wconf 89' lang='lat' dir='ltr'><strong>ante</strong></span> 
     </span>
    </p>
   </div>
   <div class='ocr_carea' id='block_1_31' title="bbox 257 1402 1042 1439">
    <p class='ocr_par' dir='ltr' id='par_1_31' title="bbox 257 1402 1042 1439">
     <span class='ocr_line' id='line_1_31' title="bbox 257 1402 1042 1439; baseline 0.003 -10"><span class='ocrx_word' id='word_1_201' title='bbox 257 1403 350 1430; x_wconf 81' lang='lat' dir='ltr'><strong>omnia</strong></span> <span class='ocrx_word' id='word_1_202' title='bbox 367 1402 554 1431; x_wconf 88' lang='lat' dir='ltr'><strong>inlormandos</strong></span> <span class='ocrx_word' id='word_1_203' title='bbox 567 1404 680 1439; x_wconf 84' lang='lat' dir='ltr'><strong>putavit.</strong></span> <span class='ocrx_word' id='word_1_204' title='bbox 695 1412 765 1439; x_wconf 89' lang='lat' dir='ltr'><strong>quos</strong></span> <span class='ocrx_word' id='word_1_205' title='bbox 782 1404 866 1431; x_wconf 87' lang='lat' dir='ltr'><strong>sacris</strong></span> <span class='ocrx_word' id='word_1_206' title='bbox 882 1405 987 1439; x_wconf 79' lang='lat' dir='ltr'><strong>legibus</strong></span> <span class='ocrx_word' id='word_1_207' title='bbox 999 1405 1042 1431; x_wconf 91' lang='lat' dir='ltr'><strong>in-</strong></span> 
     </span>
    </p>
   </div>
   <div class='ocr_carea' id='block_1_32' title="bbox 258 1450 1044 1485">
    <p class='ocr_par' dir='ltr' id='par_1_32' title="bbox 258 1450 1044 1485">
     <span class='ocr_line' id='line_1_32' title="bbox 258 1450 1044 1485; baseline 0 -8"><span class='ocrx_word' id='word_1_208' title='bbox 258 1450 371 1477; x_wconf 78' lang='lat' dir='ltr'><strong>stituere</strong></span> <span class='ocrx_word' id='word_1_209' title='bbox 398 1450 525 1484; x_wconf 90' lang='lat' dir='ltr'><strong>cupiebat</strong></span> <span class='ocrx_word' id='word_1_210' title='bbox 543 1459 550 1476; x_wconf 92' lang='lat'>:</span> <span class='ocrx_word' id='word_1_211' title='bbox 569 1450 617 1481; x_wconf 87' lang='lat' dir='ltr'><strong>uti,</strong></span> <span class='ocrx_word' id='word_1_212' title='bbox 635 1450 699 1477; x_wconf 91' lang='lat' dir='ltr'><strong>dum</strong></span> <span class='ocrx_word' id='word_1_213' title='bbox 717 1450 783 1485; x_wconf 91' lang='lat' dir='ltr'><strong>quid</strong></span> <span class='ocrx_word' id='word_1_214' title='bbox 808 1451 833 1476; x_wconf 92' lang='lat' dir='ltr'><strong>in</strong></span> <span class='ocrx_word' id='word_1_215' title='bbox 857 1458 918 1478; x_wconf 87' lang='lat' dir='ltr'><strong>sese</strong></span> <span class='ocrx_word' id='word_1_216' title='bbox 931 1458 1044 1477; x_wconf 83' lang='lat' dir='ltr'><strong>concre-</strong></span> 
     </span>
    </p>
   </div>
   <div class='ocr_carea' id='block_1_33' title="bbox 258 1495 1043 1530">
    <p class='ocr_par' dir='ltr' id='par_1_33' title="bbox 258 1495 1043 1530">
     <span class='ocr_line' id='line_1_33' title="bbox 258 1495 1043 1530; baseline 0 -8"><span class='ocrx_word' id='word_1_217' title='bbox 258 1500 315 1522; x_wconf 84' lang='lat' dir='ltr'><strong>tum</strong></span> <span class='ocrx_word' id='word_1_218' title='bbox 332 1503 364 1522; x_wconf 82' lang='lat' dir='ltr'><strong>ex</strong></span> <span class='ocrx_word' id='word_1_219' title='bbox 377 1501 459 1527; x_wconf 86' lang='lat' dir='ltr'><strong>terra,</strong></span> <span class='ocrx_word' id='word_1_220' title='bbox 476 1495 558 1530; x_wconf 89' lang='lat' dir='ltr'><strong>inque</strong></span> <span class='ocrx_word' id='word_1_221' title='bbox 575 1499 674 1522; x_wconf 87' lang='lat' dir='ltr'><strong>terram</strong></span> <span class='ocrx_word' id='word_1_222' title='bbox 686 1495 774 1522; x_wconf 90' lang='lat' dir='ltr'><strong>denuo</strong></span> <span class='ocrx_word' id='word_1_223' title='bbox 787 1495 989 1523; x_wconf 85' lang='lat' dir='ltr'><strong>dissolvendum</strong></span> <span class='ocrx_word' id='word_1_224' title='bbox 1001 1503 1043 1523; x_wconf 86' lang='lat' dir='ltr'><strong>es-</strong></span> 
     </span>
    </p>
   </div>
   <div class='ocr_carea' id='block_1_34' title="bbox 1083 252 1872 294">
    <p class='ocr_par' dir='ltr' id='par_1_34' title="bbox 1083 252 1872 294">
     <span class='ocr_line' id='line_1_34' title="bbox 1083 252 1872 294; baseline -0.001 -11"><span class='ocrx_word' id='word_1_225' title='bbox 1083 256 1117 294; x_wconf 72' lang='grc' dir='ltr'>ἧς</span> <span class='ocrx_word' id='word_1_226' title='bbox 1136 257 1268 292; x_wconf 71' lang='grc' dir='ltr'>ἐτύχομεν</span> <span class='ocrx_word' id='word_1_227' title='bbox 1279 256 1348 290; x_wconf 83' lang='grc' dir='ltr'>πρὸς</span> <span class='ocrx_word' id='word_1_228' title='bbox 1362 255 1392 282; x_wconf 87' lang='grc' dir='ltr'>τὸ</span> <span class='ocrx_word' id='word_1_229' title='bbox 1410 255 1487 282; x_wconf 88' lang='grc' dir='ltr'>Θεῖον</span> <span class='ocrx_word' id='word_1_230' title='bbox 1499 254 1703 290; x_wconf 76' lang='grc' dir='ltr'>άφομοιώσεως,</span> <span class='ocrx_word' id='word_1_231' title='bbox 1720 254 1750 287; x_wconf 78' lang='grc' dir='ltr'>ἐξ</span> <span class='ocrx_word' id='word_1_232' title='bbox 1764 252 1799 290; x_wconf 85' lang='grc' dir='ltr'>ἦς</span> <span class='ocrx_word' id='word_1_233' title='bbox 1807 256 1872 290; x_wconf 76' lang='grc' dir='ltr'>ἡμῖν</span> 
     </span>
    </p>
   </div>
   <div class='ocr_carea' id='block_1_35' title="bbox 1084 300 1872 338">
    <p class='ocr_par' dir='ltr' id='par_1_35' title="bbox 1084 300 1872 338">
     <span class='ocr_line' id='line_1_35' title="bbox 1084 300 1872 338; baseline -0.003 -8"><span class='ocrx_word' id='word_1_234' title='bbox 1084 303 1172 330; x_wconf 77' lang='grc' dir='ltr'>καὶτὸ</span> <span class='ocrx_word' id='word_1_235' title='bbox 1182 302 1316 329; x_wconf 85' lang='grc' dir='ltr'>ἀθάνατον</span> <span class='ocrx_word' id='word_1_236' title='bbox 1327 301 1377 335; x_wconf 84' lang='grc' dir='ltr'><strong>τῆς</strong></span> <span class='ocrx_word' id='word_1_237' title='bbox 1388 301 1474 336; x_wconf 72' lang='grc' dir='ltr'>ψυχῆς</span> <span class='ocrx_word' id='word_1_238' title='bbox 1484 300 1756 337; x_wconf 82' lang='grc' dir='ltr'>προσκεκληρῶσθαι,</span> <span class='ocrx_word' id='word_1_239' title='bbox 1767 301 1812 337; x_wconf 85' lang='grc' dir='ltr'><strong>Μὴ</strong></span> <span class='ocrx_word' id='word_1_240' title='bbox 1818 301 1872 338; x_wconf 78' lang='grc' dir='ltr'><strong>γὰρ</strong></span> 
     </span>
    </p>
   </div>
   <div class='ocr_carea' id='block_1_36' title="bbox 1084 345 1872 385">
    <p class='ocr_par' dir='ltr' id='par_1_36' title="bbox 1084 345 1872 385">
     <span class='ocr_line' id='line_1_36' title="bbox 1084 345 1872 385; baseline 0 -10"><span class='ocrx_word' id='word_1_241' title='bbox 1084 349 1116 385; x_wconf 86' lang='grc' dir='ltr'>δὴ</span> <span class='ocrx_word' id='word_1_242' title='bbox 1130 349 1240 384; x_wconf 76' lang='grc' dir='ltr'>θεμιτὸν</span> <span class='ocrx_word' id='word_1_243' title='bbox 1254 346 1323 375; x_wconf 79' lang='grc' dir='ltr'>εἶναι</span> <span class='ocrx_word' id='word_1_244' title='bbox 1336 347 1466 382; x_wconf 82' lang='grc' dir='ltr'>βασιλέως</span> <span class='ocrx_word' id='word_1_245' title='bbox 1477 347 1654 381; x_wconf 80' lang='grc' dir='ltr'>ἀφανίζεσθαι</span> <span class='ocrx_word' id='word_1_246' title='bbox 1676 347 1768 373; x_wconf 79' lang='grc' dir='ltr'><strong>εἰκόνα</strong></span> <span class='ocrx_word' id='word_1_247' title='bbox 1777 356 1783 362; x_wconf 90' lang='grc'><strong>·</strong></span> <span class='ocrx_word' id='word_1_248' title='bbox 1803 345 1872 375; x_wconf 81' lang='grc' dir='ltr'>εἶναι</span> 
     </span>
    </p>
   </div>
   <div class='ocr_carea' id='block_1_37' title="bbox 1084 393 1872 431">
    <p class='ocr_par' dir='ltr' id='par_1_37' title="bbox 1084 393 1872 431">
     <span class='ocr_line' id='line_1_37' title="bbox 1084 393 1872 431; baseline -0.003 -9"><span class='ocrx_word' id='word_1_249' title='bbox 1084 396 1113 422; x_wconf 80' lang='grc' dir='ltr'><strong>δέ</strong></span> <span class='ocrx_word' id='word_1_250' title='bbox 1128 395 1280 431; x_wconf 81' lang='grc' dir='ltr'>ἀρχέτυπον</span> <span class='ocrx_word' id='word_1_251' title='bbox 1304 394 1351 422; x_wconf 76' lang='grc' dir='ltr'><strong>καὶ</strong></span> <span class='ocrx_word' id='word_1_252' title='bbox 1366 394 1453 429; x_wconf 82' lang='grc' dir='ltr'>ἀληθῆ</span> <span class='ocrx_word' id='word_1_253' title='bbox 1469 394 1515 420; x_wconf 85' lang='grc' dir='ltr'>τοῦ</span> <span class='ocrx_word' id='word_1_254' title='bbox 1530 393 1597 420; x_wconf 81' lang='grc' dir='ltr'>Θεοῦ</span> <span class='ocrx_word' id='word_1_255' title='bbox 1613 393 1667 421; x_wconf 86' lang='grc' dir='ltr'>τῶν</span> <span class='ocrx_word' id='word_1_256' title='bbox 1680 393 1749 420; x_wconf 84' lang='grc' dir='ltr'>ὅλων</span> <span class='ocrx_word' id='word_1_257' title='bbox 1771 394 1872 426; x_wconf 81' lang='grc' dir='ltr'>είκόνα,</span> 
     </span>
    </p>
   </div>
   <div class='ocr_carea' id='block_1_38' title="bbox 1085 439 1873 475">
    <p class='ocr_par' dir='ltr' id='par_1_38' title="bbox 1085 439 1873 475">
     <span class='ocr_line' id='line_1_38' title="bbox 1085 439 1873 475; baseline -0.004 -7"><span class='ocrx_word' id='word_1_258' title='bbox 1085 442 1130 468; x_wconf 75' lang='grc' dir='ltr'><strong>τὸν</strong></span> <span class='ocrx_word' id='word_1_259' title='bbox 1142 441 1225 468; x_wconf 75' lang='grc' dir='ltr'>αὑτοῦ</span> <span class='ocrx_word' id='word_1_260' title='bbox 1239 441 1333 474; x_wconf 83' lang='grc' dir='ltr'><strong>Λόγον,</strong></span> <span class='ocrx_word' id='word_1_261' title='bbox 1345 439 1507 474; x_wconf 68' lang='grc' dir='ltr'>αὐτοσοφίαν</span> <span class='ocrx_word' id='word_1_262' title='bbox 1529 439 1696 475; x_wconf 82' lang='grc' dir='ltr'><strong>τυγχάνοντα</strong></span> <span class='ocrx_word' id='word_1_263' title='bbox 1707 459 1715 472; x_wconf 91' lang='grc'><strong>,</strong></span> <span class='ocrx_word' id='word_1_264' title='bbox 1727 439 1774 466; x_wconf 83' lang='grc' dir='ltr'><strong>καὶ</strong></span> <span class='ocrx_word' id='word_1_265' title='bbox 1796 440 1873 466; x_wconf 71' lang='grc' dir='ltr'>αὺτο-</span> 
     </span>
    </p>
   </div>
   <div class='ocr_carea' id='block_1_39' title="bbox 1086 485 1873 521">
    <p class='ocr_par' dir='ltr' id='par_1_39' title="bbox 1086 485 1873 521">
     <span class='ocr_line' id='line_1_39' title="bbox 1086 485 1873 521; baseline 0 -9"><span class='ocrx_word' id='word_1_266' title='bbox 1086 485 1170 521; x_wconf 81' lang='grc' dir='ltr'>ζωὴν,</span> <span class='ocrx_word' id='word_1_267' title='bbox 1193 486 1240 512; x_wconf 80' lang='grc' dir='ltr'>καὶ</span> <span class='ocrx_word' id='word_1_268' title='bbox 1260 485 1318 520; x_wconf 84' lang='grc' dir='ltr'>φῶς</span> <span class='ocrx_word' id='word_1_269' title='bbox 1329 506 1335 517; x_wconf 95' lang='grc'><strong>,</strong></span> <span class='ocrx_word' id='word_1_270' title='bbox 1349 485 1396 512; x_wconf 84' lang='grc' dir='ltr'>καὶ</span> <span class='ocrx_word' id='word_1_271' title='bbox 1411 485 1538 520; x_wconf 82' lang='grc' dir='ltr'>ἀλήθειαν</span> <span class='ocrx_word' id='word_1_272' title='bbox 1550 507 1556 518; x_wconf 83' lang='grc'><strong>,</strong></span> <span class='ocrx_word' id='word_1_273' title='bbox 1572 487 1619 512; x_wconf 80' lang='grc' dir='ltr'><strong>καὶ</strong></span> <span class='ocrx_word' id='word_1_274' title='bbox 1644 485 1672 512; x_wconf 80' lang='grc' dir='ltr'>εἴ</span> <span class='ocrx_word' id='word_1_275' title='bbox 1685 494 1711 512; x_wconf 85' lang='grc' dir='ltr'><strong>τι</strong></span> <span class='ocrx_word' id='word_1_276' title='bbox 1734 485 1814 512; x_wconf 82' lang='grc' dir='ltr'>καλὸν</span> <span class='ocrx_word' id='word_1_277' title='bbox 1829 486 1873 512; x_wconf 74' lang='grc' dir='ltr'>καὶ</span> 
     </span>
    </p>
   </div>
   <div class='ocr_carea' id='block_1_40' title="bbox 1086 532 1874 568">
    <p class='ocr_par' dir='ltr' id='par_1_40' title="bbox 1086 532 1874 568">
     <span class='ocr_line' id='line_1_40' title="bbox 1086 532 1874 568; baseline 0 -10"><span class='ocrx_word' id='word_1_278' title='bbox 1086 532 1186 566; x_wconf 82' lang='grc' dir='ltr'>ἀγαθόν</span> <span class='ocrx_word' id='word_1_279' title='bbox 1206 541 1247 564; x_wconf 88' lang='grc' dir='ltr'><strong>τις</strong></span> <span class='ocrx_word' id='word_1_280' title='bbox 1269 533 1437 568; x_wconf 72' lang='grc' dir='ltr'><strong>ἐπινοήσειεν</strong></span> <span class='ocrx_word' id='word_1_281' title='bbox 1448 540 1455 547; x_wconf 87' lang='lat'><strong><em>°</em></strong></span> <span class='ocrx_word' id='word_1_282' title='bbox 1472 532 1563 559; x_wconf 82' lang='grc' dir='ltr'>εἰκόνα</span> <span class='ocrx_word' id='word_1_283' title='bbox 1578 532 1606 559; x_wconf 79' lang='grc' dir='ltr'>δὲ</span> <span class='ocrx_word' id='word_1_284' title='bbox 1620 532 1742 564; x_wconf 76' lang='grc' dir='ltr'><strong>εἰκόνος,</strong></span> <span class='ocrx_word' id='word_1_285' title='bbox 1765 532 1809 558; x_wconf 86' lang='grc' dir='ltr'>τὸν</span> <span class='ocrx_word' id='word_1_286' title='bbox 1827 532 1874 559; x_wconf 81' lang='grc' dir='ltr'><strong>ἁν-</strong></span> 
     </span>
    </p>
   </div>
   <div class='ocr_carea' id='block_1_41' title="bbox 1087 577 1877 614">
    <p class='ocr_par' dir='ltr' id='par_1_41' title="bbox 1087 577 1877 614">
     <span class='ocr_line' id='line_1_41' title="bbox 1087 577 1877 614; baseline 0 -10"><span class='ocrx_word' id='word_1_287' title='bbox 1087 578 1220 614; x_wconf 82' lang='grc' dir='ltr'>θρώπειον</span> <span class='ocrx_word' id='word_1_288' title='bbox 1237 577 1309 610; x_wconf 83' lang='grc' dir='ltr'>νοῦν,</span> <span class='ocrx_word' id='word_1_289' title='bbox 1326 578 1391 613; x_wconf 82' lang='grc' dir='ltr'>παρ’</span> <span class='ocrx_word' id='word_1_290' title='bbox 1405 578 1418 604; x_wconf 86' lang='grc' dir='ltr'><strong>ὂ</strong></span> <span class='ocrx_word' id='word_1_291' title='bbox 1431 579 1478 605; x_wconf 58' lang='grc' dir='ltr'><strong>καὶ⁴</strong></span> <span class='ocrx_word' id='word_1_292' title='bbox 1494 579 1554 604; x_wconf 80' lang='grc' dir='ltr'>κατ’</span> <span class='ocrx_word' id='word_1_293' title='bbox 1575 578 1666 605; x_wconf 81' lang='grc' dir='ltr'>είκόνα</span> <span class='ocrx_word' id='word_1_294' title='bbox 1685 578 1752 605; x_wconf 78' lang='grc' dir='ltr'>Θεοῦ</span> <span class='ocrx_word' id='word_1_295' title='bbox 1764 577 1877 612; x_wconf 84' lang='grc' dir='ltr'>γεγονέ-</span> 
     </span>
    </p>
   </div>
   <div class='ocr_carea' id='block_1_42' title="bbox 1086 622 1876 659">
    <p class='ocr_par' dir='ltr' id='par_1_42' title="bbox 1086 622 1876 659">
     <span class='ocr_line' id='line_1_42' title="bbox 1086 622 1876 659; baseline 0 -9"><span class='ocrx_word' id='word_1_296' title='bbox 1086 633 1129 651; x_wconf 88' lang='grc' dir='ltr'>ναι</span> <span class='ocrx_word' id='word_1_297' title='bbox 1144 624 1360 659; x_wconf 86' lang='grc' dir='ltr'>ἀνωμολόγηται.</span> <span class='ocrx_word' id='word_1_298' title='bbox 1384 624 1531 657; x_wconf 80' lang='grc' dir='ltr'>Ἀναγκαῑα</span> <span class='ocrx_word' id='word_1_299' title='bbox 1555 623 1582 650; x_wconf 76' lang='grc' dir='ltr'>δὲ</span> <span class='ocrx_word' id='word_1_300' title='bbox 1605 624 1690 650; x_wconf 82' lang='grc' dir='ltr'>ταῦτα</span> <span class='ocrx_word' id='word_1_301' title='bbox 1712 622 1781 650; x_wconf 80' lang='grc' dir='ltr'>εἶναι</span> <span class='ocrx_word' id='word_1_302' title='bbox 1807 623 1876 659; x_wconf 73' lang='grc' dir='ltr'>ᾤετο</span> 
     </span>
    </p>
   </div>
   <div class='ocr_carea' id='block_1_43' title="bbox 1087 670 1876 706">
    <p class='ocr_par' dir='ltr' id='par_1_43' title="bbox 1087 670 1876 706">
     <span class='ocr_line' id='line_1_43' title="bbox 1087 670 1876 706; baseline -0.001 -8"><span class='ocrx_word' id='word_1_303' title='bbox 1087 671 1314 706; x_wconf 81' lang='grc' dir='ltr'>προπαιδεύεσθαι</span> <span class='ocrx_word' id='word_1_304' title='bbox 1345 671 1408 702; x_wconf 75' lang='grc' dir='ltr'>τοὺς</span> <span class='ocrx_word' id='word_1_305' title='bbox 1426 670 1570 705; x_wconf 79' lang='grc' dir='ltr'>μέλλοντας</span> <span class='ocrx_word' id='word_1_306' title='bbox 1593 671 1675 704; x_wconf 84' lang='grc' dir='ltr'>ἱεροῖς</span> <span class='ocrx_word' id='word_1_307' title='bbox 1699 670 1876 705; x_wconf 73' lang='grc' dir='ltr'>προσανέχειν</span> 
     </span>
    </p>
   </div>
   <div class='ocr_carea' id='block_1_44' title="bbox 1087 715 1879 754">
    <p class='ocr_par' dir='ltr' id='par_1_44' title="bbox 1087 715 1879 754">
     <span class='ocr_line' id='line_1_44' title="bbox 1087 715 1879 754; baseline -0.004 -9"><span class='ocrx_word' id='word_1_308' title='bbox 1087 718 1189 754; x_wconf 79' lang='grc' dir='ltr'>νόμοις,</span> <span class='ocrx_word' id='word_1_309' title='bbox 1203 716 1382 752; x_wconf 80' lang='grc' dir='ltr'>μνημονεύειν</span> <span class='ocrx_word' id='word_1_310' title='bbox 1397 725 1436 748; x_wconf 87' lang='grc' dir='ltr'><strong>τε,</strong></span> <span class='ocrx_word' id='word_1_311' title='bbox 1450 717 1476 742; x_wconf 90' lang='grc' dir='ltr'><strong>τί</strong></span> <span class='ocrx_word' id='word_1_312' title='bbox 1489 716 1518 742; x_wconf 77' lang='grc' dir='ltr'>τὸ</span> <span class='ocrx_word' id='word_1_313' title='bbox 1533 716 1587 742; x_wconf 85' lang='grc' dir='ltr'>άπὸ</span> <span class='ocrx_word' id='word_1_314' title='bbox 1595 716 1646 752; x_wconf 85' lang='grc' dir='ltr'><strong>γῆς</strong></span> <span class='ocrx_word' id='word_1_315' title='bbox 1658 715 1760 751; x_wconf 76' lang='grc' dir='ltr'>ληφθὲν</span> <span class='ocrx_word' id='word_1_316' title='bbox 1773 717 1879 749; x_wconf 60' lang='grc' dir='ltr'>αὐτοῖς,</span> 
     </span>
    </p>
   </div>
   <div class='ocr_carea' id='block_1_45' title="bbox 1087 761 1877 798">
    <p class='ocr_par' dir='ltr' id='par_1_45' title="bbox 1087 761 1877 798">
     <span class='ocr_line' id='line_1_45' title="bbox 1087 761 1877 798; baseline -0.001 -8"><span class='ocrx_word' id='word_1_317' title='bbox 1087 764 1134 790; x_wconf 70' lang='grc' dir='ltr'>καὶ</span> <span class='ocrx_word' id='word_1_318' title='bbox 1149 764 1189 795; x_wconf 73' lang='grc' dir='ltr'>εἰς</span> <span class='ocrx_word' id='word_1_319' title='bbox 1202 763 1254 798; x_wconf 88' lang='grc' dir='ltr'><strong>γῆν</strong></span> <span class='ocrx_word' id='word_1_320' title='bbox 1267 761 1344 794; x_wconf 77' lang='grc' dir='ltr'>αὖθις</span> <span class='ocrx_word' id='word_1_321' title='bbox 1355 761 1601 798; x_wconf 81' lang='grc' dir='ltr'>άναλυθησόμενον,</span> <span class='ocrx_word' id='word_1_322' title='bbox 1617 762 1664 788; x_wconf 79' lang='grc' dir='ltr'>καὶ</span> <span class='ocrx_word' id='word_1_323' title='bbox 1677 761 1704 788; x_wconf 86' lang='grc' dir='ltr'><strong>τί</strong></span> <span class='ocrx_word' id='word_1_324' title='bbox 1720 761 1751 788; x_wconf 72' lang='grc' dir='ltr'>τὸ</span> <span class='ocrx_word' id='word_1_325' title='bbox 1767 763 1796 788; x_wconf 88' lang='grc' dir='ltr'><strong>ἐν</strong></span> <span class='ocrx_word' id='word_1_326' title='bbox 1811 763 1877 797; x_wconf 81' lang='grc' dir='ltr'>ἡμῖν</span> 
     </span>
    </p>
   </div>
   <div class='ocr_carea' id='block_1_46' title="bbox 1087 808 1878 845">
    <p class='ocr_par' dir='ltr' id='par_1_46' title="bbox 1087 808 1878 845">
     <span class='ocr_line' id='line_1_46' title="bbox 1087 808 1878 845; baseline -0.003 -9"><span class='ocrx_word' id='word_1_327' title='bbox 1087 811 1211 845; x_wconf 84' lang='grc' dir='ltr'>κρεῖττον</span> <span class='ocrx_word' id='word_1_328' title='bbox 1232 809 1279 835; x_wconf 75' lang='grc' dir='ltr'>καὶ</span> <span class='ocrx_word' id='word_1_329' title='bbox 1299 808 1358 844; x_wconf 85' lang='grc' dir='ltr'><strong>Θεῷ</strong></span> <span class='ocrx_word' id='word_1_330' title='bbox 1382 809 1510 844; x_wconf 79' lang='grc' dir='ltr'>ἐμφερὲς,</span> <span class='ocrx_word' id='word_1_331' title='bbox 1524 809 1598 840; x_wconf 86' lang='grc' dir='ltr'>ὅπως</span> <span class='ocrx_word' id='word_1_332' title='bbox 1613 817 1643 834; x_wconf 83' lang='grc' dir='ltr'><strong>τε</strong></span> <span class='ocrx_word' id='word_1_333' title='bbox 1662 808 1731 843; x_wconf 83' lang='grc' dir='ltr'>χρῆν</span> <span class='ocrx_word' id='word_1_334' title='bbox 1754 808 1878 843; x_wconf 76' lang='grc' dir='ltr'>ἐκατέρῳ</span> 
     </span>
    </p>
   </div>
   <div class='ocr_carea' id='block_1_47' title="bbox 1087 853 1878 892">
    <p class='ocr_par' dir='ltr' id='par_1_47' title="bbox 1087 853 1878 892">
     <span class='ocr_line' id='line_1_47' title="bbox 1087 853 1878 892; baseline 0 -10"><span class='ocrx_word' id='word_1_335' title='bbox 1087 856 1141 882; x_wconf 83' lang='grc' dir='ltr'>τῶν</span> <span class='ocrx_word' id='word_1_336' title='bbox 1155 855 1306 892; x_wconf 82' lang='grc' dir='ltr'>εἰρημένων</span> <span class='ocrx_word' id='word_1_337' title='bbox 1325 855 1535 891; x_wconf 75' lang='grc' dir='ltr'>προσφέρεσθαι,</span> <span class='ocrx_word' id='word_1_338' title='bbox 1564 854 1631 890; x_wconf 78' lang='grc' dir='ltr'>μηδὲ</span> <span class='ocrx_word' id='word_1_339' title='bbox 1656 854 1807 889; x_wconf 76' lang='grc' dir='ltr'>ἐνυὸρίζειν</span> <span class='ocrx_word' id='word_1_340' title='bbox 1831 853 1878 882; x_wconf 63' lang='grc' dir='ltr'>καὶ</span> 
     </span>
    </p>
   </div>
   <div class='ocr_carea' id='block_1_48' title="bbox 1090 898 1878 936">
    <p class='ocr_par' dir='ltr' id='par_1_48' title="bbox 1090 898 1878 936">
     <span class='ocr_line' id='line_1_48' title="bbox 1090 898 1878 936; baseline -0.003 -8"><span class='ocrx_word' id='word_1_341' title='bbox 1090 902 1197 928; x_wconf 80' lang='grc' dir='ltr'>ἁσεὸεἷν</span> <span class='ocrx_word' id='word_1_342' title='bbox 1212 902 1252 933; x_wconf 75' lang='grc' dir='ltr'>εἰς</span> <span class='ocrx_word' id='word_1_343' title='bbox 1264 901 1308 927; x_wconf 82' lang='grc' dir='ltr'>τὸν</span> <span class='ocrx_word' id='word_1_344' title='bbox 1321 902 1380 927; x_wconf 78' lang='grc' dir='ltr'>κατ’</span> <span class='ocrx_word' id='word_1_345' title='bbox 1395 901 1486 927; x_wconf 82' lang='grc' dir='ltr'>εἰκόνα</span> <span class='ocrx_word' id='word_1_346' title='bbox 1502 900 1548 927; x_wconf 79' lang='grc' dir='ltr'>τοῦ</span> <span class='ocrx_word' id='word_1_347' title='bbox 1562 899 1629 927; x_wconf 79' lang='grc' dir='ltr'>Θεοῦ</span> <span class='ocrx_word' id='word_1_348' title='bbox 1643 900 1795 936; x_wconf 80' lang='grc' dir='ltr'>ἄνθρωπον,</span> <span class='ocrx_word' id='word_1_349' title='bbox 1811 898 1878 935; x_wconf 72' lang='grc' dir='ltr'>μηδέ</span> 
     </span>
    </p>
   </div>
   <div class='ocr_carea' id='block_1_49' title="bbox 1090 945 1878 982">
    <p class='ocr_par' dir='ltr' id='par_1_49' title="bbox 1090 945 1878 982">
     <span class='ocr_line' id='line_1_49' title="bbox 1090 945 1878 982; baseline -0.001 -8"><span class='ocrx_word' id='word_1_350' title='bbox 1090 956 1122 981; x_wconf 84' lang='grc' dir='ltr'><strong>γε</strong></span> <span class='ocrx_word' id='word_1_351' title='bbox 1143 947 1223 973; x_wconf 72' lang='grc' dir='ltr'>αὐτὸν</span> <span class='ocrx_word' id='word_1_352' title='bbox 1245 946 1386 982; x_wconf 80' lang='grc' dir='ltr'>ῥυπαίνειν</span> <span class='ocrx_word' id='word_1_353' title='bbox 1412 947 1537 982; x_wconf 79' lang='grc' dir='ltr'>αἰσχραῖς</span> <span class='ocrx_word' id='word_1_354' title='bbox 1554 946 1602 973; x_wconf 71' lang='grc' dir='ltr'>καὶ</span> <span class='ocrx_word' id='word_1_355' title='bbox 1620 946 1787 981; x_wconf 75' lang='grc' dir='ltr'>παρανόμοις</span> <span class='ocrx_word' id='word_1_356' title='bbox 1808 945 1878 980; x_wconf 77' lang='grc' dir='ltr'>πρά·</span> 
     </span>
    </p>
   </div>
   <div class='ocr_carea' id='block_1_50' title="bbox 1091 991 1879 1028">
    <p class='ocr_par' dir='ltr' id='par_1_50' title="bbox 1091 991 1879 1028">
     <span class='ocr_line' id='line_1_50' title="bbox 1091 991 1879 1028; baseline -0.001 -9"><span class='ocrx_word' id='word_1_357' title='bbox 1091 992 1159 1026; x_wconf 78' lang='grc' dir='ltr'>ξεσι,</span> <span class='ocrx_word' id='word_1_358' title='bbox 1171 993 1263 1028; x_wconf 75' lang='grc' dir='ltr'>φέρειν</span> <span class='ocrx_word' id='word_1_359' title='bbox 1279 992 1307 1019; x_wconf 84' lang='grc' dir='ltr'><strong>δέ</strong></span> <span class='ocrx_word' id='word_1_360' title='bbox 1323 992 1465 1024; x_wconf 74' lang='grc' dir='ltr'>διαπαντὸς</span> <span class='ocrx_word' id='word_1_361' title='bbox 1475 992 1525 1027; x_wconf 85' lang='grc' dir='ltr'><strong>τῆς</strong></span> <span class='ocrx_word' id='word_1_362' title='bbox 1539 991 1650 1027; x_wconf 85' lang='grc' dir='ltr'>πρώτης</span> <span class='ocrx_word' id='word_1_363' title='bbox 1665 992 1713 1018; x_wconf 78' lang='grc' dir='ltr'>καὶ</span> <span class='ocrx_word' id='word_1_364' title='bbox 1728 999 1879 1026; x_wconf 68' lang='grc' dir='ltr'>τρισμακα-</span> 
     </span>
    </p>
   </div>
   <div class='ocr_carea' id='block_1_51' title="bbox 1093 1037 1880 1074">
    <p class='ocr_par' dir='ltr' id='par_1_51' title="bbox 1093 1037 1880 1074">
     <span class='ocr_line' id='line_1_51' title="bbox 1093 1037 1880 1074; baseline -0.001 -10"><span class='ocrx_word' id='word_1_365' title='bbox 1093 1039 1152 1074; x_wconf 85' lang='grc' dir='ltr'>ρίας</span> <span class='ocrx_word' id='word_1_366' title='bbox 1167 1038 1274 1074; x_wconf 79' lang='grc' dir='ltr'>ἐκείνης</span> <span class='ocrx_word' id='word_1_367' title='bbox 1287 1038 1427 1074; x_wconf 80' lang='grc' dir='ltr'>διατριϐῆς</span> <span class='ocrx_word' id='word_1_368' title='bbox 1440 1046 1470 1064; x_wconf 88' lang='grc' dir='ltr'><strong>τε</strong></span> <span class='ocrx_word' id='word_1_369' title='bbox 1495 1038 1541 1065; x_wconf 83' lang='grc' dir='ltr'>καὶ</span> <span class='ocrx_word' id='word_1_370' title='bbox 1558 1037 1632 1072; x_wconf 81' lang='grc' dir='ltr'>ζωῆς</span> <span class='ocrx_word' id='word_1_371' title='bbox 1649 1037 1694 1064; x_wconf 83' lang='grc' dir='ltr'>τὸν</span> <span class='ocrx_word' id='word_1_372' title='bbox 1712 1037 1807 1069; x_wconf 87' lang='grc' dir='ltr'>πόθον,</span> <span class='ocrx_word' id='word_1_373' title='bbox 1831 1037 1880 1063; x_wconf 72' lang='grc' dir='ltr'>καὶ</span> 
     </span>
    </p>
   </div>
   <div class='ocr_carea' id='block_1_52' title="bbox 1092 1081 1880 1119">
    <p class='ocr_par' dir='ltr' id='par_1_52' title="bbox 1092 1081 1880 1119">
     <span class='ocr_line' id='line_1_52' title="bbox 1092 1081 1880 1119; baseline -0.003 -9"><span class='ocrx_word' id='word_1_374' title='bbox 1092 1084 1216 1110; x_wconf 78' lang='grc' dir='ltr'>σπεύδειν</span> <span class='ocrx_word' id='word_1_375' title='bbox 1228 1083 1429 1119; x_wconf 78' lang='grc' dir='ltr'>παλινδρομεῖν,</span> <span class='ocrx_word' id='word_1_376' title='bbox 1444 1083 1526 1118; x_wconf 73' lang='grc' dir='ltr'>εὐχὴν</span> <span class='ocrx_word' id='word_1_377' title='bbox 1540 1083 1717 1118; x_wconf 78' lang='grc' dir='ltr'>ποιουμένους</span> <span class='ocrx_word' id='word_1_378' title='bbox 1738 1083 1788 1117; x_wconf 80' lang='grc' dir='ltr'><strong>τῆς</strong></span> <span class='ocrx_word' id='word_1_379' title='bbox 1801 1081 1880 1118; x_wconf 85' lang='grc' dir='ltr'>πρώ-</span> 
     </span>
    </p>
   </div>
   <div class='ocr_carea' id='block_1_53' title="bbox 1090 1129 1883 1166">
    <p class='ocr_par' dir='ltr' id='par_1_53' title="bbox 1090 1129 1883 1166">
     <span class='ocr_line' id='line_1_53' title="bbox 1090 1129 1883 1166; baseline -0.001 -10"><span class='ocrx_word' id='word_1_380' title='bbox 1090 1138 1140 1165; x_wconf 81' lang='grc' dir='ltr'><strong>της</strong></span> <span class='ocrx_word' id='word_1_381' title='bbox 1155 1131 1203 1156; x_wconf 70' lang='grc' dir='ltr'><strong>καὶ</strong></span> <span class='ocrx_word' id='word_1_382' title='bbox 1230 1130 1429 1166; x_wconf 83' lang='grc' dir='ltr'>τρισμακαρίου</span> <span class='ocrx_word' id='word_1_383' title='bbox 1456 1130 1528 1165; x_wconf 80' lang='grc' dir='ltr'>ζωῆς</span> <span class='ocrx_word' id='word_1_384' title='bbox 1540 1138 1570 1156; x_wconf 83' lang='grc' dir='ltr'><strong>τε</strong></span> <span class='ocrx_word' id='word_1_385' title='bbox 1594 1129 1642 1156; x_wconf 72' lang='grc' dir='ltr'>καὶ</span> <span class='ocrx_word' id='word_1_386' title='bbox 1663 1129 1742 1161; x_wconf 84' lang='grc' dir='ltr'>ἀξίας</span> <span class='ocrx_word' id='word_1_387' title='bbox 1767 1130 1860 1164; x_wconf 83' lang='grc' dir='ltr'>τυχεῖν</span> <span class='ocrx_word' id='word_1_388' title='bbox 1870 1136 1883 1144; x_wconf 78' lang='lat'><strong>&#39;-</strong></span> 
     </span>
    </p>
   </div>
   <div class='ocr_carea' id='block_1_54' title="bbox 1091 1174 1882 1210">
    <p class='ocr_par' dir='ltr' id='par_1_54' title="bbox 1091 1174 1882 1210">
     <span class='ocr_line' id='line_1_54' title="bbox 1091 1174 1882 1210; baseline -0.003 -8"><span class='ocrx_word' id='word_1_389' title='bbox 1091 1175 1158 1202; x_wconf 68' lang='lat' dir='ltr'><strong>am</strong></span> <span class='ocrx_word' id='word_1_390' title='bbox 1167 1175 1214 1202; x_wconf 82' lang='grc' dir='ltr'>καὶ</span> <span class='ocrx_word' id='word_1_391' title='bbox 1224 1174 1481 1210; x_wconf 80' lang='grc' dir='ltr'>παρασκευάζεσθαι</span> <span class='ocrx_word' id='word_1_392' title='bbox 1491 1175 1596 1201; x_wconf 79' lang='grc' dir='ltr'>ἐνθένδε</span> <span class='ocrx_word' id='word_1_393' title='bbox 1606 1174 1656 1210; x_wconf 68' lang='grc' dir='ltr'>ἤδη</span> <span class='ocrx_word' id='word_1_394' title='bbox 1671 1175 1716 1200; x_wconf 77' lang='grc' dir='ltr'>ἐπὶ</span> <span class='ocrx_word' id='word_1_395' title='bbox 1726 1174 1774 1209; x_wconf 83' lang='grc' dir='ltr'>τὴν</span> <span class='ocrx_word' id='word_1_396' title='bbox 1789 1175 1882 1200; x_wconf 76' lang='grc' dir='ltr'>ἐκεῖσε</span> 
     </span>
    </p>
   </div>
   <div class='ocr_carea' id='block_1_55' title="bbox 1092 1218 1882 1257">
    <p class='ocr_par' dir='ltr' id='par_1_55' title="bbox 1092 1218 1882 1257">
     <span class='ocr_line' id='line_1_55' title="bbox 1092 1218 1882 1257; baseline -0.004 -9"><span class='ocrx_word' id='word_1_397' title='bbox 1092 1221 1254 1256; x_wconf 83' lang='grc' dir='ltr'>ἀποδημίαν,</span> <span class='ocrx_word' id='word_1_398' title='bbox 1269 1221 1310 1247; x_wconf 84' lang='grc' dir='ltr'>ὅτι</span> <span class='ocrx_word' id='word_1_399' title='bbox 1325 1221 1392 1257; x_wconf 79' lang='grc' dir='ltr'>μηδὲ</span> <span class='ocrx_word' id='word_1_400' title='bbox 1406 1220 1493 1252; x_wconf 79' lang='grc' dir='ltr'>ἄλλως</span> <span class='ocrx_word' id='word_1_401' title='bbox 1505 1220 1618 1247; x_wconf 80' lang='grc' dir='ltr'>δυνατὸν</span> <span class='ocrx_word' id='word_1_402' title='bbox 1633 1219 1766 1255; x_wconf 71' lang='grc' dir='ltr'>βεϐήλοις,</span> <span class='ocrx_word' id='word_1_403' title='bbox 1779 1219 1826 1245; x_wconf 77' lang='grc' dir='ltr'>καὶ</span> <span class='ocrx_word' id='word_1_404' title='bbox 1841 1218 1882 1255; x_wconf 86' lang='grc' dir='ltr'>μὴ</span> 
     </span>
    </p>
   </div>
   <div class='ocr_carea' id='block_1_56' title="bbox 1092 1262 1882 1302">
    <p class='ocr_par' dir='ltr' id='par_1_56' title="bbox 1092 1262 1882 1302">
     <span class='ocr_line' id='line_1_56' title="bbox 1092 1262 1882 1302; baseline -0.001 -10"><span class='ocrx_word' id='word_1_405' title='bbox 1092 1266 1324 1302; x_wconf 79' lang='grc' dir='ltr'>κεκαθαρμένοις,</span> <span class='ocrx_word' id='word_1_406' title='bbox 1352 1265 1406 1293; x_wconf 82' lang='grc' dir='ltr'>τῶν</span> <span class='ocrx_word' id='word_1_407' title='bbox 1429 1265 1508 1302; x_wconf 81' lang='grc' dir='ltr'>ἱερῶν</span> <span class='ocrx_word' id='word_1_408' title='bbox 1531 1266 1642 1293; x_wconf 79' lang='grc' dir='ltr'>ἐκείνων</span> <span class='ocrx_word' id='word_1_409' title='bbox 1661 1265 1824 1296; x_wconf 76' lang='grc' dir='ltr'>ἐπιϐαίνειν,</span> <span class='ocrx_word' id='word_1_410' title='bbox 1842 1262 1882 1292; x_wconf 83' lang='grc' dir='ltr'>ὦν</span> 
     </span>
    </p>
   </div>
   <div class='ocr_carea' id='block_1_57' title="bbox 1093 1311 1882 1348">
    <p class='ocr_par' dir='ltr' id='par_1_57' title="bbox 1093 1311 1882 1348">
     <span class='ocr_line' id='line_1_57' title="bbox 1093 1311 1882 1348; baseline -0.001 -10"><span class='ocrx_word' id='word_1_411' title='bbox 1093 1313 1140 1339; x_wconf 76' lang='grc' dir='ltr'>καὶ</span> <span class='ocrx_word' id='word_1_412' title='bbox 1157 1314 1171 1338; x_wconf 83' lang='grc' dir='ltr'>ὁ</span> <span class='ocrx_word' id='word_1_413' title='bbox 1185 1312 1292 1348; x_wconf 79' lang='grc' dir='ltr'>πρῶτος</span> <span class='ocrx_word' id='word_1_414' title='bbox 1314 1313 1347 1338; x_wconf 77' lang='grc' dir='ltr'><strong>δι’</strong></span> <span class='ocrx_word' id='word_1_415' title='bbox 1363 1312 1542 1348; x_wconf 80' lang='grc' dir='ltr'>ἀπροσεξίαν,</span> <span class='ocrx_word' id='word_1_416' title='bbox 1576 1311 1650 1343; x_wconf 79' lang='grc' dir='ltr'>θείας</span> <span class='ocrx_word' id='word_1_417' title='bbox 1671 1311 1882 1346; x_wconf 77' lang='grc' dir='ltr'>καταφρονήσας</span> 
     </span>
    </p>
   </div>
   <div class='ocr_carea' id='block_1_58' title="bbox 1093 1357 1882 1393">
    <p class='ocr_par' dir='ltr' id='par_1_58' title="bbox 1093 1357 1882 1393">
     <span class='ocr_line' id='line_1_58' title="bbox 1093 1357 1882 1393; baseline 0.001 -10"><span class='ocrx_word' id='word_1_418' title='bbox 1093 1357 1211 1391; x_wconf 80' lang='grc' dir='ltr'>ἐντολῆς,</span> <span class='ocrx_word' id='word_1_419' title='bbox 1228 1357 1435 1384; x_wconf 79' lang='grc' dir='ltr'>ἁποπέπτωκεν.</span> <span class='ocrx_word' id='word_1_420' title='bbox 1469 1358 1530 1384; x_wconf 71' lang='grc' dir='ltr'>Ἐπὶ</span> <span class='ocrx_word' id='word_1_421' title='bbox 1553 1357 1657 1388; x_wconf 73' lang='grc' dir='ltr'>τούτοις</span> <span class='ocrx_word' id='word_1_422' title='bbox 1684 1358 1698 1384; x_wconf 89' lang='lat'><strong><em>6</em></strong></span> <span class='ocrx_word' id='word_1_423' title='bbox 1720 1358 1882 1393; x_wconf 74' lang='grc' dir='ltr'>ἱεροφάντης</span> 
     </span>
    </p>
   </div>
   <div class='ocr_carea' id='block_1_59' title="bbox 1093 1401 1882 1438">
    <p class='ocr_par' dir='ltr' id='par_1_59' title="bbox 1093 1401 1882 1438">
     <span class='ocr_line' id='line_1_59' title="bbox 1093 1401 1882 1438; baseline 0 -10"><span class='ocrx_word' id='word_1_424' title='bbox 1093 1401 1271 1437; x_wconf 83' lang='grc' dir='ltr'>προστίθησιν</span> <span class='ocrx_word' id='word_1_425' title='bbox 1285 1402 1348 1429; x_wconf 79' lang='grc' dir='ltr'>ἄλλο</span> <span class='ocrx_word' id='word_1_426' title='bbox 1362 1402 1592 1430; x_wconf 81' lang='grc' dir='ltr'>συνεκτικώτατον</span> <span class='ocrx_word' id='word_1_427' title='bbox 1607 1403 1695 1438; x_wconf 75' lang='grc' dir='ltr'>δόγμα</span> <span class='ocrx_word' id='word_1_428' title='bbox 1705 1422 1712 1435; x_wconf 87' lang='grc'><strong>,</strong></span> <span class='ocrx_word' id='word_1_429' title='bbox 1736 1403 1772 1438; x_wconf 85' lang='grc' dir='ltr'>μὴ</span> <span class='ocrx_word' id='word_1_430' title='bbox 1793 1403 1882 1438; x_wconf 72' lang='grc' dir='ltr'>ἀμφι-</span> 
     </span>
    </p>
   </div>
   <div class='ocr_carea' id='block_1_60' title="bbox 1094 1447 1882 1484">
    <p class='ocr_par' dir='ltr' id='par_1_60' title="bbox 1094 1447 1882 1484">
     <span class='ocr_line' id='line_1_60' title="bbox 1094 1447 1882 1484; baseline 0.003 -12"><span class='ocrx_word' id='word_1_431' title='bbox 1094 1448 1182 1481; x_wconf 88' lang='grc' dir='ltr'>γνοεῖν</span> <span class='ocrx_word' id='word_1_432' title='bbox 1191 1447 1333 1480; x_wconf 75' lang='grc' dir='ltr'>διδάσκων,</span> <span class='ocrx_word' id='word_1_433' title='bbox 1348 1448 1389 1473; x_wconf 81' lang='grc' dir='ltr'>ὅτι</span> <span class='ocrx_word' id='word_1_434' title='bbox 1404 1447 1436 1483; x_wconf 82' lang='grc' dir='ltr'>δὴ</span> <span class='ocrx_word' id='word_1_435' title='bbox 1453 1447 1568 1482; x_wconf 77' lang='grc' dir='ltr'>πάρεστί</span> <span class='ocrx_word' id='word_1_436' title='bbox 1585 1456 1626 1479; x_wconf 82' lang='grc' dir='ltr'><strong>τις</strong></span> <span class='ocrx_word' id='word_1_437' title='bbox 1644 1448 1752 1484; x_wconf 79' lang='grc' dir='ltr'>ἑκάστῳ</span> <span class='ocrx_word' id='word_1_438' title='bbox 1765 1447 1882 1483; x_wconf 73' lang='grc' dir='ltr'>πονηρὸς</span> 
     </span>
    </p>
   </div>
   <div class='ocr_carea' id='block_1_61' title="bbox 1094 1493 1884 1529">
    <p class='ocr_par' dir='ltr' id='par_1_61' title="bbox 1094 1493 1884 1529">
     <span class='ocr_line' id='line_1_61' title="bbox 1094 1493 1884 1529; baseline 0.001 -10"><span class='ocrx_word' id='word_1_439' title='bbox 1094 1493 1197 1528; x_wconf 81' lang='grc' dir='ltr'>δαίμων</span> <span class='ocrx_word' id='word_1_440' title='bbox 1214 1493 1341 1528; x_wconf 73' lang='grc' dir='ltr'>ἔφεδρος,</span> <span class='ocrx_word' id='word_1_441' title='bbox 1366 1493 1500 1528; x_wconf 81' lang='grc' dir='ltr'>βάσκανος</span> <span class='ocrx_word' id='word_1_442' title='bbox 1522 1494 1568 1520; x_wconf 77' lang='grc' dir='ltr'><strong>καὶ</strong></span> <span class='ocrx_word' id='word_1_443' title='bbox 1599 1494 1752 1529; x_wconf 84' lang='grc' dir='ltr'>μισόκαλος,</span> <span class='ocrx_word' id='word_1_444' title='bbox 1771 1494 1884 1529; x_wconf 77' lang='grc' dir='ltr'>καὶτῆς</span> 
     </span>
    </p>
   </div>
   <div class='ocr_carea' id='block_1_62' title="bbox 258 1538 1039 1581">
    <p class='ocr_par' dir='ltr' id='par_1_62' title="bbox 258 1541 1039 1575">
     <span class='ocr_line' id='line_1_62' title="bbox 258 1541 1039 1575; baseline 0.003 -8"><span class='ocrx_word' id='word_1_445' title='bbox 258 1545 309 1572; x_wconf 84' lang='lat' dir='ltr'><strong>set,</strong></span> <span class='ocrx_word' id='word_1_446' title='bbox 325 1541 389 1575; x_wconf 90' lang='lat' dir='ltr'><strong>quid</strong></span> <span class='ocrx_word' id='word_1_447' title='bbox 405 1541 468 1568; x_wconf 88' lang='lat' dir='ltr'><strong>item</strong></span> <span class='ocrx_word' id='word_1_448' title='bbox 482 1541 659 1568; x_wconf 77' lang='lat' dir='ltr'><strong>excellentius</strong></span> <span class='ocrx_word' id='word_1_449' title='bbox 677 1541 786 1575; x_wconf 86' lang='lat' dir='ltr'><strong>Deoque</strong></span> <span class='ocrx_word' id='word_1_450' title='bbox 802 1542 890 1569; x_wconf 89' lang='lat' dir='ltr'><strong>simile</strong></span> <span class='ocrx_word' id='word_1_451' title='bbox 903 1543 1039 1570; x_wconf 86' lang='lat' dir='ltr'><strong>meminis-</strong></span> 
     </span>
    </p>
   </div>
   <div class='ocr_carea' id='block_1_63' title="bbox 1091 1538 1883 1581">
    <p class='ocr_par' dir='ltr' id='par_1_63' title="bbox 1096 1538 1883 1576">
     <span class='ocr_line' id='line_1_63' title="bbox 1096 1538 1883 1576; baseline 0.001 -11"><span class='ocrx_word' id='word_1_452' title='bbox 1096 1538 1246 1574; x_wconf 82' lang='grc' dir='ltr'>ἀνθρώπων</span> <span class='ocrx_word' id='word_1_453' title='bbox 1259 1539 1377 1574; x_wconf 80' lang='grc' dir='ltr'>ἀρχῆθεν</span> <span class='ocrx_word' id='word_1_454' title='bbox 1393 1540 1533 1571; x_wconf 71' lang='grc' dir='ltr'>ἐπίϐουλος</span> <span class='ocrx_word' id='word_1_455' title='bbox 1546 1540 1691 1576; x_wconf 82' lang='grc' dir='ltr'>σωτηρίας.</span> <span class='ocrx_word' id='word_1_456' title='bbox 1704 1540 1842 1575; x_wconf 83' lang='grc' dir='ltr'>Δράκοντα</span> <span class='ocrx_word' id='word_1_457' title='bbox 1853 1539 1883 1566; x_wconf 78' lang='grc' dir='ltr'>δὲ</span> 
     </span>
    </p>
   </div>
   <div class='ocr_carea' id='block_1_64' title="bbox 258 1587 1044 1622">
    <p class='ocr_par' dir='ltr' id='par_1_64' title="bbox 258 1587 1044 1622">
     <span class='ocr_line' id='line_1_64' title="bbox 258 1587 1044 1622; baseline 0.003 -9"><span class='ocrx_word' id='word_1_458' title='bbox 258 1591 328 1619; x_wconf 72' lang='lat' dir='ltr'><strong>sent,</strong></span> <span class='ocrx_word' id='word_1_459' title='bbox 345 1587 498 1621; x_wconf 82' lang='lat' dir='ltr'><strong>cogitarent</strong></span> <span class='ocrx_word' id='word_1_460' title='bbox 512 1587 563 1621; x_wconf 86' lang='lat' dir='ltr'><strong>ipsi</strong></span> <span class='ocrx_word' id='word_1_461' title='bbox 579 1594 697 1622; x_wconf 87' lang='lat' dir='ltr'><strong>quoque,</strong></span> <span class='ocrx_word' id='word_1_462' title='bbox 715 1588 945 1621; x_wconf 87' lang='lat' dir='ltr'><strong>quemadmodum</strong></span> <span class='ocrx_word' id='word_1_463' title='bbox 970 1593 1044 1616; x_wconf 76' lang='lat' dir='ltr'><strong>utra—</strong></span> 
     </span>
    </p>
   </div>
   <div class='ocr_carea' id='block_1_65' title="bbox 259 1632 1044 1667">
    <p class='ocr_par' dir='ltr' id='par_1_65' title="bbox 259 1632 1044 1667">
     <span class='ocr_line' id='line_1_65' title="bbox 259 1632 1044 1667; baseline 0.005 -9"><span class='ocrx_word' id='word_1_464' title='bbox 259 1640 311 1667; x_wconf 86' lang='lat' dir='ltr'><strong>que</strong></span> <span class='ocrx_word' id='word_1_465' title='bbox 330 1637 406 1666; x_wconf 86' lang='lat' dir='ltr'><strong>parte</strong></span> <span class='ocrx_word' id='word_1_466' title='bbox 425 1633 465 1659; x_wconf 88' lang='lat' dir='ltr'><strong>uti</strong></span> <span class='ocrx_word' id='word_1_467' title='bbox 489 1636 635 1667; x_wconf 83' lang='lat' dir='ltr'><strong>oporteret,</strong></span> <span class='ocrx_word' id='word_1_468' title='bbox 651 1632 773 1667; x_wconf 85' lang='lat' dir='ltr'><strong>adeoque</strong></span> <span class='ocrx_word' id='word_1_469' title='bbox 796 1638 956 1667; x_wconf 85' lang='lat' dir='ltr'><strong>statuerent,</strong></span> <span class='ocrx_word' id='word_1_470' title='bbox 970 1635 1044 1662; x_wconf 92' lang='lat' dir='ltr'><strong>nullo</strong></span> 
     </span>
    </p>
   </div>
   <div class='ocr_carea' id='block_1_66' title="bbox 259 1677 1044 1713">
    <p class='ocr_par' dir='ltr' id='par_1_66' title="bbox 259 1677 1044 1713">
     <span class='ocr_line' id='line_1_66' title="bbox 259 1677 1044 1713; baseline 0.005 -9"><span class='ocrx_word' id='word_1_471' title='bbox 259 1677 310 1705; x_wconf 85' lang='lat' dir='ltr'><strong>sibi</strong></span> <span class='ocrx_word' id='word_1_472' title='bbox 326 1678 368 1705; x_wconf 84' lang='lat' dir='ltr'><strong>vel</strong></span> <span class='ocrx_word' id='word_1_473' title='bbox 385 1678 491 1712; x_wconf 70' lang='lat' dir='ltr'><strong>injuriae</strong></span> <span class='ocrx_word' id='word_1_474' title='bbox 510 1679 552 1705; x_wconf 87' lang='lat' dir='ltr'><strong>vel</strong></span> <span class='ocrx_word' id='word_1_475' title='bbox 568 1677 713 1712; x_wconf 88' lang='lat' dir='ltr'><strong>impietatis</strong></span> <span class='ocrx_word' id='word_1_476' title='bbox 727 1686 834 1713; x_wconf 79' lang='lat' dir='ltr'><strong>genere,</strong></span> <span class='ocrx_word' id='word_1_477' title='bbox 849 1680 980 1708; x_wconf 86' lang='lat' dir='ltr'><strong>adversus</strong></span> <span class='ocrx_word' id='word_1_478' title='bbox 995 1682 1044 1708; x_wconf 93' lang='lat' dir='ltr'><strong>ho-</strong></span> 
     </span>
    </p>
   </div>
   <div class='ocr_carea' id='block_1_67' title="bbox 261 1723 1043 1759">
    <p class='ocr_par' dir='ltr' id='par_1_67' title="bbox 261 1723 1043 1759">
     <span class='ocr_line' id='line_1_67' title="bbox 261 1723 1043 1759; baseline 0.004 -10"><span class='ocrx_word' id='word_1_479' title='bbox 261 1723 361 1750; x_wconf 85' lang='lat' dir='ltr'><strong>minem</strong></span> <span class='ocrx_word' id='word_1_480' title='bbox 393 1723 480 1756; x_wconf 87' lang='lat' dir='ltr'><strong>illum,</strong></span> <span class='ocrx_word' id='word_1_481' title='bbox 497 1724 543 1758; x_wconf 91' lang='lat' dir='ltr'><strong>qui</strong></span> <span class='ocrx_word' id='word_1_482' title='bbox 575 1723 695 1751; x_wconf 90' lang='lat' dir='ltr'><strong>divinam</strong></span> <span class='ocrx_word' id='word_1_483' title='bbox 724 1724 862 1759; x_wconf 61' lang='lat' dir='ltr'><strong>praeferret</strong></span> <span class='ocrx_word' id='word_1_484' title='bbox 886 1724 1043 1759; x_wconf 76' lang='lat' dir='ltr'><strong>imaginem,</strong></span> 
     </span>
    </p>
   </div>
   <div class='ocr_carea' id='block_1_68' title="bbox 259 1771 1044 1805">
    <p class='ocr_par' dir='ltr' id='par_1_68' title="bbox 259 1771 1044 1805">
     <span class='ocr_line' id='line_1_68' title="bbox 259 1771 1044 1805; baseline 0.003 -8"><span class='ocrx_word' id='word_1_485' title='bbox 259 1777 321 1797; x_wconf 85' lang='lat' dir='ltr'><strong>esse</strong></span> <span class='ocrx_word' id='word_1_486' title='bbox 332 1771 509 1805; x_wconf 86' lang='lat' dir='ltr'><strong>peccandum,</strong></span> <span class='ocrx_word' id='word_1_487' title='bbox 519 1771 593 1798; x_wconf 83' lang='lat' dir='ltr'><strong>nulla</strong></span> <span class='ocrx_word' id='word_1_488' title='bbox 608 1779 669 1798; x_wconf 91' lang='lat' dir='ltr'><strong>eum</strong></span> <span class='ocrx_word' id='word_1_489' title='bbox 687 1772 879 1805; x_wconf 87' lang='lat' dir='ltr'><strong>obscenorum,</strong></span> <span class='ocrx_word' id='word_1_490' title='bbox 896 1772 969 1798; x_wconf 83' lang='lat' dir='ltr'><strong>nulla</strong></span> <span class='ocrx_word' id='word_1_491' title='bbox 985 1779 1044 1799; x_wconf 82' lang='lat' dir='ltr'><strong>sce-</strong></span> 
     </span>
    </p>
   </div>
   <div class='ocr_carea' id='block_1_69' title="bbox 261 1815 1043 1853">
    <p class='ocr_par' dir='ltr' id='par_1_69' title="bbox 261 1815 1043 1853">
     <span class='ocr_line' id='line_1_69' title="bbox 261 1815 1043 1853; baseline 0.004 -11"><span class='ocrx_word' id='word_1_492' title='bbox 261 1815 410 1843; x_wconf 85' lang='lat' dir='ltr'><strong>leratorum</strong></span> <span class='ocrx_word' id='word_1_493' title='bbox 433 1816 586 1845; x_wconf 86' lang='lat' dir='ltr'><strong>facinorum</strong></span> <span class='ocrx_word' id='word_1_494' title='bbox 611 1818 771 1853; x_wconf 81' lang='lat' dir='ltr'><strong>contagione</strong></span> <span class='ocrx_word' id='word_1_495' title='bbox 795 1817 952 1846; x_wconf 69' lang='lat' dir='ltr'><strong>fmdandum</strong></span> <span class='ocrx_word' id='word_1_496' title='bbox 970 1828 976 1845; x_wconf 91' lang='lat'><strong>:</strong></span> <span class='ocrx_word' id='word_1_497' title='bbox 995 1818 1043 1846; x_wconf 87' lang='lat' dir='ltr'><strong>sed</strong></span> 
     </span>
    </p>
   </div>
   <div class='ocr_carea' id='block_1_70' title="bbox 261 1862 1045 1899">
    <p class='ocr_par' dir='ltr' id='par_1_70' title="bbox 261 1862 1045 1899">
     <span class='ocr_line' id='line_1_70' title="bbox 261 1862 1045 1899; baseline 0.004 -10"><span class='ocrx_word' id='word_1_498' title='bbox 261 1862 353 1896; x_wconf 79' lang='lat' dir='ltr'><strong>potius</strong></span> <span class='ocrx_word' id='word_1_499' title='bbox 368 1863 517 1890; x_wconf 77' lang='lat' dir='ltr'><strong>artlendum</strong></span> <span class='ocrx_word' id='word_1_500' title='bbox 534 1864 586 1891; x_wconf 90' lang='lat' dir='ltr'><strong>sibi</strong></span> <span class='ocrx_word' id='word_1_501' title='bbox 598 1872 658 1892; x_wconf 87' lang='lat' dir='ltr'><strong>esse</strong></span> <span class='ocrx_word' id='word_1_502' title='bbox 672 1869 803 1899; x_wconf 90' lang='lat' dir='ltr'><strong>perpetuo</strong></span> <span class='ocrx_word' id='word_1_503' title='bbox 819 1870 860 1892; x_wconf 90' lang='lat' dir='ltr'><strong>ter</strong></span> <span class='ocrx_word' id='word_1_504' title='bbox 876 1865 949 1892; x_wconf 91' lang='lat' dir='ltr'><strong>illius</strong></span> <span class='ocrx_word' id='word_1_505' title='bbox 961 1865 1045 1892; x_wconf 78' lang='lat' dir='ltr'><strong>beata:</strong></span> 
     </span>
    </p>
   </div>
   <div class='ocr_carea' id='block_1_71' title="bbox 263 1907 1045 1946">
    <p class='ocr_par' dir='ltr' id='par_1_71' title="bbox 263 1907 1045 1946">
     <span class='ocr_line' id='line_1_71' title="bbox 263 1907 1045 1946; baseline 0.006 -12"><span class='ocrx_word' id='word_1_506' title='bbox 263 1907 336 1935; x_wconf 90' lang='lat' dir='ltr'><strong>sedis</strong></span> <span class='ocrx_word' id='word_1_507' title='bbox 360 1909 477 1943; x_wconf 59' lang='lat' dir='ltr'><strong>vittaque</strong></span> <span class='ocrx_word' id='word_1_508' title='bbox 499 1910 645 1943; x_wconf 91' lang='lat' dir='ltr'><strong>desiderio,</strong></span> <span class='ocrx_word' id='word_1_509' title='bbox 664 1915 801 1946; x_wconf 59' lang='lat' dir='ltr'><strong>tantaeque</strong></span> <span class='ocrx_word' id='word_1_510' title='bbox 814 1911 952 1945; x_wconf 85' lang='lat' dir='ltr'><strong>dignitatis</strong></span> <span class='ocrx_word' id='word_1_511' title='bbox 966 1920 1045 1939; x_wconf 90' lang='lat' dir='ltr'><strong>recu-</strong></span> 
     </span>
    </p>
   </div>
   <div class='ocr_carea' id='block_1_72' title="bbox 260 1954 1045 1991">
    <p class='ocr_par' dir='ltr' id='par_1_72' title="bbox 260 1954 1045 1991">
     <span class='ocr_line' id='line_1_72' title="bbox 260 1954 1045 1991; baseline 0.004 -11"><span class='ocrx_word' id='word_1_512' title='bbox 260 1954 387 1989; x_wconf 79' lang='lat' dir='ltr'><strong>peranda:</strong></span> <span class='ocrx_word' id='word_1_513' title='bbox 413 1955 513 1988; x_wconf 88' lang='lat' dir='ltr'><strong>studio,</strong></span> <span class='ocrx_word' id='word_1_514' title='bbox 539 1960 655 1991; x_wconf 81' lang='lat' dir='ltr'><strong>votoque</strong></span> <span class='ocrx_word' id='word_1_515' title='bbox 680 1956 837 1989; x_wconf 86' lang='lat' dir='ltr'><strong>stimulatis,</strong></span> <span class='ocrx_word' id='word_1_516' title='bbox 865 1957 896 1984; x_wconf 85' lang='lat' dir='ltr'><strong>ad</strong></span> <span class='ocrx_word' id='word_1_517' title='bbox 922 1957 1045 1984; x_wconf 89' lang='lat' dir='ltr'><strong>eamdem</strong></span> 
     </span>
    </p>
   </div>
   <div class='ocr_carea' id='block_1_73' title="bbox 261 2001 1047 2037">
    <p class='ocr_par' dir='ltr' id='par_1_73' title="bbox 261 2001 1047 2037">
     <span class='ocr_line' id='line_1_73' title="bbox 261 2001 1047 2037; baseline 0.004 -11"><span class='ocrx_word' id='word_1_518' title='bbox 261 2001 334 2027; x_wconf 92' lang='lat' dir='ltr'><strong>omni</strong></span> <span class='ocrx_word' id='word_1_519' title='bbox 350 2008 446 2028; x_wconf 86' lang='lat' dir='ltr'><strong>rursus</strong></span> <span class='ocrx_word' id='word_1_520' title='bbox 461 2002 634 2029; x_wconf 90' lang='lat' dir='ltr'><strong>contentione</strong></span> <span class='ocrx_word' id='word_1_521' title='bbox 647 2003 848 2037; x_wconf 88' lang='lat' dir='ltr'><strong>properandum</strong></span> <span class='ocrx_word' id='word_1_522' title='bbox 866 2011 872 2029; x_wconf 91' lang='lat'><strong>:</strong></span> <span class='ocrx_word' id='word_1_523' title='bbox 890 2003 944 2029; x_wconf 90' lang='lat' dir='ltr'><strong>imo</strong></span> <span class='ocrx_word' id='word_1_524' title='bbox 962 2011 1047 2037; x_wconf 77' lang='lat' dir='ltr'><strong>agen-</strong></span> 
     </span>
    </p>
   </div>
   <div class='ocr_carea' id='block_1_74' title="bbox 262 2047 1048 2084">
    <p class='ocr_par' dir='ltr' id='par_1_74' title="bbox 262 2047 1048 2084">
     <span class='ocr_line' id='line_1_74' title="bbox 262 2047 1048 2084; baseline 0.003 -11"><span class='ocrx_word' id='word_1_525' title='bbox 262 2048 326 2074; x_wconf 82' lang='lat' dir='ltr'><strong>dum</strong></span> <span class='ocrx_word' id='word_1_526' title='bbox 345 2048 397 2075; x_wconf 93' lang='lat' dir='ltr'><strong>sibi</strong></span> <span class='ocrx_word' id='word_1_527' title='bbox 421 2056 482 2076; x_wconf 87' lang='lat' dir='ltr'><strong>esse</strong></span> <span class='ocrx_word' id='word_1_528' title='bbox 504 2047 638 2083; x_wconf 83' lang='lat' dir='ltr'><strong>profecto,</strong></span> <span class='ocrx_word' id='word_1_529' title='bbox 659 2049 697 2076; x_wconf 83' lang='lat' dir='ltr'><strong>uti</strong></span> <span class='ocrx_word' id='word_1_530' title='bbox 712 2049 807 2084; x_wconf 87' lang='lat' dir='ltr'><strong>sejam</strong></span> <span class='ocrx_word' id='word_1_531' title='bbox 833 2049 867 2076; x_wconf 90' lang='lat' dir='ltr'><strong>ab</strong></span> <span class='ocrx_word' id='word_1_532' title='bbox 889 2048 970 2084; x_wconf 86' lang='lat' dir='ltr'><strong>hujus</strong></span> <span class='ocrx_word' id='word_1_533' title='bbox 986 2049 1048 2075; x_wconf 80' lang='lat' dir='ltr'><strong>vitae</strong></span> 
     </span>
    </p>
   </div>
   <div class='ocr_carea' id='block_1_75' title="bbox 262 2094 1047 2130">
    <p class='ocr_par' dir='ltr' id='par_1_75' title="bbox 262 2094 1047 2130">
     <span class='ocr_line' id='line_1_75' title="bbox 262 2094 1047 2130; baseline 0.003 -10"><span class='ocrx_word' id='word_1_534' title='bbox 262 2094 427 2126; x_wconf 82' lang='lat' dir='ltr'><strong>carceribus,</strong></span> <span class='ocrx_word' id='word_1_535' title='bbox 441 2094 474 2121; x_wconf 86' lang='lat' dir='ltr'><strong>ad</strong></span> <span class='ocrx_word' id='word_1_536' title='bbox 491 2094 603 2121; x_wconf 85' lang='lat' dir='ltr'><strong>alterius</strong></span> <span class='ocrx_word' id='word_1_537' title='bbox 620 2099 719 2121; x_wconf 86' lang='lat' dir='ltr'><strong>metam</strong></span> <span class='ocrx_word' id='word_1_538' title='bbox 736 2095 919 2130; x_wconf 74' lang='lat' dir='ltr'><strong>attingendam</strong></span> <span class='ocrx_word' id='word_1_539' title='bbox 937 2102 1047 2130; x_wconf 85' lang='lat' dir='ltr'><strong>compa-</strong></span> 
     </span>
    </p>
   </div>
   <div class='ocr_carea' id='block_1_76' title="bbox 1096 1586 1884 1622">
    <p class='ocr_par' dir='ltr' id='par_1_76' title="bbox 1096 1586 1884 1622">
     <span class='ocr_line' id='line_1_76' title="bbox 1096 1586 1884 1622; baseline 0 -9"><span class='ocrx_word' id='word_1_540' title='bbox 1096 1586 1191 1613; x_wconf 72' lang='grc' dir='ltr'>τοῦτον</span> <span class='ocrx_word' id='word_1_541' title='bbox 1207 1587 1253 1613; x_wconf 71' lang='grc' dir='ltr'>καὶ</span> <span class='ocrx_word' id='word_1_542' title='bbox 1269 1586 1330 1621; x_wconf 71' lang='grc' dir='ltr'>ὅφιν</span> <span class='ocrx_word' id='word_1_543' title='bbox 1344 1587 1482 1622; x_wconf 72' lang='grc' dir='ltr'>ὀνομάζει,</span> <span class='ocrx_word' id='word_1_544' title='bbox 1498 1587 1600 1622; x_wconf 81' lang='grc' dir='ltr'>μέλανὰ</span> <span class='ocrx_word' id='word_1_545' title='bbox 1609 1596 1639 1613; x_wconf 89' lang='grc' dir='ltr'><strong>τε</strong></span> <span class='ocrx_word' id='word_1_546' title='bbox 1656 1588 1703 1614; x_wconf 78' lang='grc' dir='ltr'>καὶ</span> <span class='ocrx_word' id='word_1_547' title='bbox 1718 1587 1830 1619; x_wconf 80' lang='grc' dir='ltr'>σκότους</span> <span class='ocrx_word' id='word_1_548' title='bbox 1842 1588 1884 1613; x_wconf 72' lang='grc' dir='ltr'><strong>οξ-</strong></span> 
     </span>
    </p>
   </div>
   <div class='ocr_carea' id='block_1_77' title="bbox 1097 1633 1884 1670">
    <p class='ocr_par' dir='ltr' id='par_1_77' title="bbox 1097 1633 1884 1670">
     <span class='ocr_line' id='line_1_77' title="bbox 1097 1633 1884 1670; baseline 0 -11"><span class='ocrx_word' id='word_1_549' title='bbox 1097 1635 1178 1665; x_wconf 87' lang='grc' dir='ltr'>κεῖον,</span> <span class='ocrx_word' id='word_1_550' title='bbox 1197 1633 1236 1659; x_wconf 81' lang='grc' dir='ltr'>ἰοῦ</span> <span class='ocrx_word' id='word_1_551' title='bbox 1250 1642 1280 1659; x_wconf 82' lang='grc' dir='ltr'><strong>τε</strong></span> <span class='ocrx_word' id='word_1_552' title='bbox 1295 1633 1341 1660; x_wconf 75' lang='grc' dir='ltr'>καὶ</span> <span class='ocrx_word' id='word_1_553' title='bbox 1355 1634 1453 1665; x_wconf 81' lang='grc' dir='ltr'>κακίας</span> <span class='ocrx_word' id='word_1_554' title='bbox 1471 1634 1577 1670; x_wconf 75' lang='grc' dir='ltr'>πλήρη’</span> <span class='ocrx_word' id='word_1_555' title='bbox 1591 1634 1620 1661; x_wconf 86' lang='grc' dir='ltr'>ὃν</span> <span class='ocrx_word' id='word_1_556' title='bbox 1635 1634 1681 1661; x_wconf 87' lang='grc' dir='ltr'><strong>καί</strong></span> <span class='ocrx_word' id='word_1_557' title='bbox 1705 1643 1772 1669; x_wconf 82' lang='grc' dir='ltr'>φησι</span> <span class='ocrx_word' id='word_1_558' title='bbox 1793 1633 1884 1669; x_wconf 82' lang='grc' dir='ltr'>φθόνῳ</span> 
     </span>
    </p>
   </div>
   <div class='ocr_carea' id='block_1_78' title="bbox 1097 1679 1884 1715">
    <p class='ocr_par' dir='ltr' id='par_1_78' title="bbox 1097 1679 1884 1715">
     <span class='ocr_line' id='line_1_78' title="bbox 1097 1679 1884 1715; baseline 0.001 -10"><span class='ocrx_word' id='word_1_559' title='bbox 1097 1679 1144 1714; x_wconf 91' lang='grc' dir='ltr'><strong>τῆς</strong></span> <span class='ocrx_word' id='word_1_560' title='bbox 1170 1679 1305 1715; x_wconf 73' lang='grc' dir='ltr'>ἡμετέρας</span> <span class='ocrx_word' id='word_1_561' title='bbox 1321 1679 1412 1706; x_wconf 78' lang='grc' dir='ltr'>ἐνθέου</span> <span class='ocrx_word' id='word_1_562' title='bbox 1441 1679 1512 1715; x_wconf 82' lang='grc' dir='ltr'>ζωῆς</span> <span class='ocrx_word' id='word_1_563' title='bbox 1532 1679 1717 1712; x_wconf 74' lang='grc' dir='ltr'>ὑποσκελίζειν</span> <span class='ocrx_word' id='word_1_564' title='bbox 1734 1679 1817 1706; x_wconf 82' lang='grc' dir='ltr'>εἰσέτι</span> <span class='ocrx_word' id='word_1_565' title='bbox 1836 1679 1884 1705; x_wconf 73' lang='grc' dir='ltr'><strong>καὶ</strong></span> 
     </span>
    </p>
   </div>
   <div class='ocr_carea' id='block_1_79' title="bbox 1096 1725 1885 1762">
    <p class='ocr_par' dir='ltr' id='par_1_79' title="bbox 1096 1725 1885 1762">
     <span class='ocr_line' id='line_1_79' title="bbox 1096 1725 1885 1762; baseline 0.001 -11"><span class='ocrx_word' id='word_1_566' title='bbox 1096 1725 1160 1757; x_wconf 82' lang='grc' dir='ltr'>νῦν,</span> <span class='ocrx_word' id='word_1_567' title='bbox 1187 1726 1233 1751; x_wconf 75' lang='grc' dir='ltr'>καὶ</span> <span class='ocrx_word' id='word_1_568' title='bbox 1248 1725 1394 1762; x_wconf 74' lang='grc' dir='ltr'>ὑποσύρειν</span> <span class='ocrx_word' id='word_1_569' title='bbox 1415 1726 1529 1753; x_wconf 74' lang='grc' dir='ltr'>ἕκαστον</span> <span class='ocrx_word' id='word_1_570' title='bbox 1545 1727 1598 1753; x_wconf 84' lang='grc' dir='ltr'>τῶν</span> <span class='ocrx_word' id='word_1_571' title='bbox 1618 1726 1657 1762; x_wconf 84' lang='grc' dir='ltr'>τῷ</span> <span class='ocrx_word' id='word_1_572' title='bbox 1690 1726 1749 1762; x_wconf 86' lang='grc' dir='ltr'><strong>Θεῷ</strong></span> <span class='ocrx_word' id='word_1_573' title='bbox 1766 1734 1885 1761; x_wconf 79' lang='grc' dir='ltr'>προσαν-</span> 
     </span>
    </p>
   </div>
   <div class='ocr_carea' id='block_1_80' title="bbox 1095 1771 1887 1808">
    <p class='ocr_par' dir='ltr' id='par_1_80' title="bbox 1095 1771 1887 1808">
     <span class='ocr_line' id='line_1_80' title="bbox 1095 1771 1887 1808; baseline 0.001 -10"><span class='ocrx_word' id='word_1_574' title='bbox 1095 1772 1212 1807; x_wconf 84' lang='grc' dir='ltr'>εχόντων</span> <span class='ocrx_word' id='word_1_575' title='bbox 1228 1771 1389 1806; x_wconf 81' lang='grc' dir='ltr'>πειρᾶσθαι·</span> <span class='ocrx_word' id='word_1_576' title='bbox 1402 1772 1496 1799; x_wconf 84' lang='grc' dir='ltr'>τούτου</span> <span class='ocrx_word' id='word_1_577' title='bbox 1507 1773 1528 1798; x_wconf 83' lang='grc' dir='ltr'>δ’</span> <span class='ocrx_word' id='word_1_578' title='bbox 1538 1772 1628 1808; x_wconf 79' lang='grc' dir='ltr'>ἀπάτῃ</span> <span class='ocrx_word' id='word_1_579' title='bbox 1641 1773 1688 1800; x_wconf 83' lang='grc' dir='ltr'><strong>καί</strong></span> <span class='ocrx_word' id='word_1_580' title='bbox 1704 1773 1766 1804; x_wconf 73' lang='grc' dir='ltr'>τοὺς</span> <span class='ocrx_word' id='word_1_581' title='bbox 1778 1773 1887 1808; x_wconf 67' lang='grc' dir='ltr'>προπά-</span> 
     </span>
    </p>
   </div>
   <div class='ocr_carea' id='block_1_81' title="bbox 1096 1817 1887 1854">
    <p class='ocr_par' dir='ltr' id='par_1_81' title="bbox 1096 1817 1887 1854">
     <span class='ocr_line' id='line_1_81' title="bbox 1096 1817 1887 1854; baseline 0 -10"><span class='ocrx_word' id='word_1_582' title='bbox 1096 1826 1177 1852; x_wconf 85' lang='grc' dir='ltr'>τορας</span> <span class='ocrx_word' id='word_1_583' title='bbox 1192 1817 1270 1852; x_wconf 77' lang='grc' dir='ltr'>ἡμῶν</span> <span class='ocrx_word' id='word_1_584' title='bbox 1285 1817 1332 1844; x_wconf 79' lang='grc' dir='ltr'>τοῦ</span> <span class='ocrx_word' id='word_1_585' title='bbox 1347 1818 1443 1852; x_wconf 82' lang='grc' dir='ltr'>γένους</span> <span class='ocrx_word' id='word_1_586' title='bbox 1463 1819 1512 1853; x_wconf 80' lang='grc' dir='ltr'><strong>τῆς</strong></span> <span class='ocrx_word' id='word_1_587' title='bbox 1525 1818 1662 1854; x_wconf 60' lang='grc' dir='ltr'>θειοτέρας</span> <span class='ocrx_word' id='word_1_588' title='bbox 1677 1818 1779 1854; x_wconf 79' lang='grc' dir='ltr'>λήξεως</span> <span class='ocrx_word' id='word_1_589' title='bbox 1803 1819 1887 1844; x_wconf 85' lang='grc' dir='ltr'>ἐκπε-</span> 
     </span>
    </p>
   </div>
   <div class='ocr_carea' id='block_1_82' title="bbox 1099 1863 1887 1900">
    <p class='ocr_par' dir='ltr' id='par_1_82' title="bbox 1099 1863 1887 1900">
     <span class='ocr_line' id='line_1_82' title="bbox 1099 1863 1887 1900; baseline 0 -10"><span class='ocrx_word' id='word_1_590' title='bbox 1099 1865 1164 1890; x_wconf 83' lang='grc' dir='ltr'>σεῖν.</span> <span class='ocrx_word' id='word_1_591' title='bbox 1180 1864 1225 1890; x_wconf 78' lang='grc' dir='ltr'><strong>Διὸ</strong></span> <span class='ocrx_word' id='word_1_592' title='bbox 1239 1864 1284 1890; x_wconf 76' lang='grc' dir='ltr'>καὶ</span> <span class='ocrx_word' id='word_1_593' title='bbox 1298 1865 1395 1900; x_wconf 78' lang='grc' dir='ltr'>χρῆναι</span> <span class='ocrx_word' id='word_1_594' title='bbox 1407 1864 1550 1896; x_wconf 74' lang='grc' dir='ltr'>διαπαντὸς</span> <span class='ocrx_word' id='word_1_595' title='bbox 1567 1865 1744 1900; x_wconf 80' lang='grc' dir='ltr'>ἐγρηγορέναι</span> <span class='ocrx_word' id='word_1_596' title='bbox 1758 1864 1826 1900; x_wconf 79' lang='grc' dir='ltr'>πρὸς</span> <span class='ocrx_word' id='word_1_597' title='bbox 1836 1863 1887 1896; x_wconf 72' lang='grc' dir='ltr'><strong>τὰς</strong></span> 
     </span>
    </p>
   </div>
   <div class='ocr_carea' id='block_1_83' title="bbox 1098 1909 1888 1946">
    <p class='ocr_par' dir='ltr' id='par_1_83' title="bbox 1098 1909 1888 1946">
     <span class='ocr_line' id='line_1_83' title="bbox 1098 1909 1888 1946; baseline 0.001 -11"><span class='ocrx_word' id='word_1_598' title='bbox 1098 1909 1143 1936; x_wconf 77' lang='grc' dir='ltr'>τοῦ</span> <span class='ocrx_word' id='word_1_599' title='bbox 1158 1909 1323 1944; x_wconf 75' lang='grc' dir='ltr'>δηλωθέντος</span> <span class='ocrx_word' id='word_1_600' title='bbox 1335 1911 1514 1946; x_wconf 79' lang='grc' dir='ltr'>κακοτέχνους</span> <span class='ocrx_word' id='word_1_601' title='bbox 1532 1911 1718 1946; x_wconf 74' lang='grc' dir='ltr'>ῥᾳδιουργίας.</span> <span class='ocrx_word' id='word_1_602' title='bbox 1731 1910 1784 1937; x_wconf 73' lang='grc' dir='ltr'><strong>Καὶ</strong></span> <span class='ocrx_word' id='word_1_603' title='bbox 1797 1910 1824 1936; x_wconf 86' lang='grc' dir='ltr'><strong>τί</strong></span> <span class='ocrx_word' id='word_1_604' title='bbox 1834 1909 1888 1945; x_wconf 82' lang='grc' dir='ltr'>χρὴ</span> 
     </span>
    </p>
   </div>
   <div class='ocr_carea' id='block_1_84' title="bbox 1099 1955 1890 1993">
    <p class='ocr_par' dir='ltr' id='par_1_84' title="bbox 1099 1955 1890 1993">
     <span class='ocr_line' id='line_1_84' title="bbox 1099 1955 1890 1993; baseline -0.003 -10"><span class='ocrx_word' id='word_1_605' title='bbox 1099 1956 1184 1983; x_wconf 81' lang='grc' dir='ltr'>ταῦτα</span> <span class='ocrx_word' id='word_1_606' title='bbox 1199 1957 1416 1993; x_wconf 76' lang='grc' dir='ltr'>προσλαμϐάνειν</span> <span class='ocrx_word' id='word_1_607' title='bbox 1433 1958 1501 1992; x_wconf 81' lang='grc'>(75),</span> <span class='ocrx_word' id='word_1_608' title='bbox 1515 1957 1572 1984; x_wconf 77' lang='grc' dir='ltr'>δέον</span> <span class='ocrx_word' id='word_1_609' title='bbox 1586 1957 1636 1992; x_wconf 67' lang='grc' dir='ltr'>ἤδη</span> <span class='ocrx_word' id='word_1_610' title='bbox 1651 1957 1716 1982; x_wconf 86' lang='grc' dir='ltr'><strong>ποτέ</strong></span> <span class='ocrx_word' id='word_1_611' title='bbox 1729 1957 1775 1983; x_wconf 81' lang='grc' dir='ltr'>καὶ</span> <span class='ocrx_word' id='word_1_612' title='bbox 1796 1955 1825 1989; x_wconf 81' lang='grc' dir='ltr'>ἐξ</span> <span class='ocrx_word' id='word_1_613' title='bbox 1840 1956 1890 1982; x_wconf 79' lang='grc' dir='ltr'><strong>αὑ-</strong></span> 
     </span>
    </p>
   </div>
   <div class='ocr_carea' id='block_1_85' title="bbox 1100 2001 1888 2038">
    <p class='ocr_par' dir='ltr' id='par_1_85' title="bbox 1100 2001 1888 2038">
     <span class='ocr_line' id='line_1_85' title="bbox 1100 2001 1888 2038; baseline -0.003 -9"><span class='ocrx_word' id='word_1_614' title='bbox 1100 2003 1153 2030; x_wconf 84' lang='grc' dir='ltr'><strong>τῶν</strong></span> <span class='ocrx_word' id='word_1_615' title='bbox 1166 2002 1220 2029; x_wconf 82' lang='grc' dir='ltr'><strong>τῶν</strong></span> <span class='ocrx_word' id='word_1_616' title='bbox 1240 2003 1385 2038; x_wconf 76' lang='grc' dir='ltr'>ἐγγράφων</span> <span class='ocrx_word' id='word_1_617' title='bbox 1400 2003 1501 2029; x_wconf 76' lang='grc' dir='ltr'>ἕκαστα</span> <span class='ocrx_word' id='word_1_618' title='bbox 1513 2003 1625 2029; x_wconf 80' lang='grc' dir='ltr'>διελθεῖν</span> <span class='ocrx_word' id='word_1_619' title='bbox 1636 2002 1690 2029; x_wconf 85' lang='grc' dir='ltr'>τῶν</span> <span class='ocrx_word' id='word_1_620' title='bbox 1707 2001 1888 2037; x_wconf 76' lang='grc' dir='ltr'>διηγορευμέ-</span> 
     </span>
    </p>
   </div>
   <div class='ocr_carea' id='block_1_86' title="bbox 1100 2046 1887 2086">
    <p class='ocr_par' dir='ltr' id='par_1_86' title="bbox 1100 2046 1887 2086">
     <span class='ocr_line' id='line_1_86' title="bbox 1100 2046 1887 2086; baseline -0.003 -10"><span class='ocrx_word' id='word_1_621' title='bbox 1100 2059 1171 2083; x_wconf 86' lang='grc' dir='ltr'>νων;</span> <span class='ocrx_word' id='word_1_622' title='bbox 1188 2050 1345 2086; x_wconf 79' lang='grc' dir='ltr'>Ἀρξώμεθα</span> <span class='ocrx_word' id='word_1_623' title='bbox 1355 2050 1387 2085; x_wconf 79' lang='grc' dir='ltr'>δὴ</span> <span class='ocrx_word' id='word_1_624' title='bbox 1402 2049 1508 2085; x_wconf 80' lang='grc' dir='ltr'>πρῶτον</span> <span class='ocrx_word' id='word_1_625' title='bbox 1517 2048 1570 2075; x_wconf 78' lang='grc' dir='ltr'>ἀπὸ</span> <span class='ocrx_word' id='word_1_626' title='bbox 1585 2048 1664 2080; x_wconf 79' lang='grc' dir='ltr'>Θεοῦ,</span> <span class='ocrx_word' id='word_1_627' title='bbox 1687 2048 1784 2082; x_wconf 73' lang='grc' dir='ltr'>βοηθὸν</span> <span class='ocrx_word' id='word_1_628' title='bbox 1804 2046 1887 2074; x_wconf 78' lang='grc' dir='ltr'>αὑτὸν</span> 
     </span>
    </p>
   </div>
   <div class='ocr_carea' id='block_1_87' title="bbox 1101 2093 1885 2132">
    <p class='ocr_par' dir='ltr' id='par_1_87' title="bbox 1101 2093 1885 2132">
     <span class='ocr_line' id='line_1_87' title="bbox 1101 2093 1885 2132; baseline -0.005 -9"><span class='ocrx_word' id='word_1_629' title='bbox 1101 2097 1129 2123; x_wconf 77' lang='grc' dir='ltr'><strong>ἐν</strong></span> <span class='ocrx_word' id='word_1_630' title='bbox 1140 2095 1258 2132; x_wconf 82' lang='grc' dir='ltr'>πρώτοις</span> <span class='ocrx_word' id='word_1_631' title='bbox 1278 2096 1322 2122; x_wconf 72' lang='grc' dir='ltr'><strong>διὰ</strong></span> <span class='ocrx_word' id='word_1_632' title='bbox 1339 2096 1384 2122; x_wconf 79' lang='grc' dir='ltr'>τοῦ</span> <span class='ocrx_word' id='word_1_633' title='bbox 1402 2095 1526 2131; x_wconf 79' lang='grc' dir='ltr'>Σωτῆρος</span> <span class='ocrx_word' id='word_1_634' title='bbox 1549 2094 1626 2130; x_wconf 79' lang='grc' dir='ltr'>ἡμῶν</span> <span class='ocrx_word' id='word_1_635' title='bbox 1649 2093 1885 2128; x_wconf 82' lang='grc' dir='ltr'>ἐπικαλεσάμενοι.</span> 
     </span>
    </p>
   </div>
   <div class='ocr_carea' id='block_1_88' title="bbox 263 2139 1888 2177">
    <p class='ocr_par' dir='ltr' id='par_1_88' title="bbox 263 2139 1888 2177">
     <span class='ocr_line' id='line_1_88' title="bbox 263 2139 1888 2177; baseline 0.001 -12"><span class='ocrx_word' id='word_1_636' title='bbox 263 2144 354 2166; x_wconf 84' lang='lat' dir='ltr'><strong>rarent</strong></span> <span class='ocrx_word' id='word_1_637' title='bbox 366 2150 372 2166; x_wconf 89' lang='lat'>:</span> <span class='ocrx_word' id='word_1_638' title='bbox 385 2148 447 2167; x_wconf 89' lang='lat' dir='ltr'><strong>cum</strong></span> <span class='ocrx_word' id='word_1_639' title='bbox 457 2140 576 2174; x_wconf 84' lang='lat' dir='ltr'><strong>profanis</strong></span> <span class='ocrx_word' id='word_1_640' title='bbox 585 2145 611 2167; x_wconf 76' lang='lat' dir='ltr'><strong>et</strong></span> <span class='ocrx_word' id='word_1_641' title='bbox 624 2140 738 2175; x_wconf 81' lang='lat' dir='ltr'><strong>impuris</strong></span> <span class='ocrx_word' id='word_1_642' title='bbox 748 2141 820 2168; x_wconf 81' lang='lat' dir='ltr'><strong>adea</strong></span> <span class='ocrx_word' id='word_1_643' title='bbox 840 2142 960 2169; x_wconf 83' lang='lat' dir='ltr'><strong>sacraria</strong></span> <span class='ocrx_word' id='word_1_644' title='bbox 981 2141 1072 2169; x_wconf 87' lang='lat' dir='ltr'><strong>nulltts</strong></span> <span class='ocrx_word' id='word_1_645' title='bbox 1090 2142 1190 2177; x_wconf 88' lang='lat' dir='ltr'><strong>alioqui</strong></span> <span class='ocrx_word' id='word_1_646' title='bbox 1215 2147 1304 2177; x_wconf 89' lang='lat' dir='ltr'><strong>pateat</strong></span> <span class='ocrx_word' id='word_1_647' title='bbox 1320 2142 1420 2172; x_wconf 79' lang='lat' dir='ltr'><strong>aditus,</strong></span> <span class='ocrx_word' id='word_1_648' title='bbox 1434 2142 1504 2168; x_wconf 90' lang='lat' dir='ltr'><strong>unde</strong></span> <span class='ocrx_word' id='word_1_649' title='bbox 1517 2141 1623 2176; x_wconf 80' lang='lat' dir='ltr'><strong>generis</strong></span> <span class='ocrx_word' id='word_1_650' title='bbox 1639 2140 1750 2167; x_wconf 89' lang='lat' dir='ltr'><strong>humani</strong></span> <span class='ocrx_word' id='word_1_651' title='bbox 1761 2139 1888 2174; x_wconf 78' lang='lat' dir='ltr'><strong>princeps</strong></span> 
     </span>
    </p>
   </div>
   <div class='ocr_carea' id='block_1_89' title="bbox 263 2188 1887 2223">
    <p class='ocr_par' dir='ltr' id='par_1_89' title="bbox 263 2188 1887 2223">
     <span class='ocr_line' id='line_1_89' title="bbox 263 2188 1887 2223; baseline -0.001 -9"><span class='ocrx_word' id='word_1_652' title='bbox 263 2188 299 2214; x_wconf 82' lang='lat' dir='ltr'><strong>ob</strong></span> <span class='ocrx_word' id='word_1_653' title='bbox 314 2188 466 2222; x_wconf 78' lang='lat' dir='ltr'><strong>neglectum</strong></span> <span class='ocrx_word' id='word_1_654' title='bbox 480 2188 560 2223; x_wconf 82' lang='lat'><strong>317</strong></span> <span class='ocrx_word' id='word_1_655' title='bbox 571 2189 672 2216; x_wconf 87' lang='lat' dir='ltr'><strong>summi</strong></span> <span class='ocrx_word' id='word_1_656' title='bbox 692 2188 816 2217; x_wconf 81' lang='lat' dir='ltr'><strong>Numinis</strong></span> <span class='ocrx_word' id='word_1_657' title='bbox 831 2189 989 2216; x_wconf 85' lang='lat' dir='ltr'><strong>mandatum</strong></span> <span class='ocrx_word' id='word_1_658' title='bbox 1002 2189 1157 2216; x_wconf 70' lang='lat' dir='ltr'><strong>excidisset.</strong></span> <span class='ocrx_word' id='word_1_659' title='bbox 1171 2189 1273 2216; x_wconf 86' lang='lat' dir='ltr'><strong>Deinde</strong></span> <span class='ocrx_word' id='word_1_660' title='bbox 1286 2197 1350 2216; x_wconf 84' lang='lat' dir='ltr'><strong>vero</strong></span> <span class='ocrx_word' id='word_1_661' title='bbox 1361 2189 1469 2216; x_wconf 88' lang='lat' dir='ltr'><strong>divinus</strong></span> <span class='ocrx_word' id='word_1_662' title='bbox 1483 2197 1571 2216; x_wconf 91' lang='lat' dir='ltr'><strong>rerum</strong></span> <span class='ocrx_word' id='word_1_663' title='bbox 1589 2196 1727 2216; x_wconf 89' lang='lat' dir='ltr'><strong>sacrarum</strong></span> <span class='ocrx_word' id='word_1_664' title='bbox 1743 2188 1887 2221; x_wconf 88' lang='lat' dir='ltr'><strong>interpres,</strong></span> 
     </span>
    </p>
   </div>
   <div class='ocr_carea' id='block_1_90' title="bbox 265 2235 1891 2272">
    <p class='ocr_par' dir='ltr' id='par_1_90' title="bbox 265 2235 1891 2272">
     <span class='ocr_line' id='line_1_90' title="bbox 265 2235 1891 2272; baseline -0.001 -10"><span class='ocrx_word' id='word_1_665' title='bbox 265 2236 380 2262; x_wconf 77' lang='lat' dir='ltr'><strong>alterunt</strong></span> <span class='ocrx_word' id='word_1_666' title='bbox 395 2237 494 2263; x_wconf 86' lang='lat' dir='ltr'><strong>summi</strong></span> <span class='ocrx_word' id='word_1_667' title='bbox 510 2244 619 2271; x_wconf 87' lang='lat' dir='ltr'><strong>quoque</strong></span> <span class='ocrx_word' id='word_1_668' title='bbox 632 2236 759 2271; x_wconf 88' lang='lat' dir='ltr'><strong>ponderis</strong></span> <span class='ocrx_word' id='word_1_669' title='bbox 772 2245 803 2265; x_wconf 86' lang='lat' dir='ltr'><strong>ac</strong></span> <span class='ocrx_word' id='word_1_670' title='bbox 813 2236 944 2264; x_wconf 89' lang='lat' dir='ltr'><strong>momenti</strong></span> <span class='ocrx_word' id='word_1_671' title='bbox 956 2237 1054 2272; x_wconf 82' lang='lat' dir='ltr'><strong>dogma</strong></span> <span class='ocrx_word' id='word_1_672' title='bbox 1070 2237 1218 2271; x_wconf 71' lang='lat' dir='ltr'><strong>subjungit,</strong></span> <span class='ocrx_word' id='word_1_673' title='bbox 1228 2237 1290 2264; x_wconf 81' lang='lat' dir='ltr'><strong>dum</strong></span> <span class='ocrx_word' id='word_1_674' title='bbox 1302 2237 1328 2264; x_wconf 87' lang='lat' dir='ltr'><strong>id</strong></span> <span class='ocrx_word' id='word_1_675' title='bbox 1343 2237 1413 2271; x_wconf 92' lang='lat' dir='ltr'><strong>apud</strong></span> <span class='ocrx_word' id='word_1_676' title='bbox 1428 2244 1523 2263; x_wconf 87' lang='lat' dir='ltr'><strong>omnes</strong></span> <span class='ocrx_word' id='word_1_677' title='bbox 1534 2241 1709 2263; x_wconf 86' lang='lat' dir='ltr'><strong>certumesse</strong></span> <span class='ocrx_word' id='word_1_678' title='bbox 1724 2235 1790 2267; x_wconf 85' lang='lat' dir='ltr'><strong>vult,</strong></span> <span class='ocrx_word' id='word_1_679' title='bbox 1806 2242 1891 2262; x_wconf 89' lang='lat' dir='ltr'><strong>suum</strong></span> 
     </span>
    </p>
   </div>
   <div class='ocr_carea' id='block_1_91' title="bbox 264 2282 1889 2318">
    <p class='ocr_par' dir='ltr' id='par_1_91' title="bbox 264 2282 1889 2318">
     <span class='ocr_line' id='line_1_91' title="bbox 264 2282 1889 2318; baseline -0.001 -9"><span class='ocrx_word' id='word_1_680' title='bbox 264 2282 367 2309; x_wconf 81' lang='lat' dir='ltr'><strong>homini</strong></span> <span class='ocrx_word' id='word_1_681' title='bbox 388 2282 499 2309; x_wconf 83' lang='lat' dir='ltr'><strong>cuilibet</strong></span> <span class='ocrx_word' id='word_1_682' title='bbox 523 2283 630 2310; x_wconf 81' lang='lat' dir='ltr'><strong>alIixum</strong></span> <span class='ocrx_word' id='word_1_683' title='bbox 650 2283 752 2310; x_wconf 64' lang='lat' dir='ltr'><strong>limere</strong></span> <span class='ocrx_word' id='word_1_684' title='bbox 780 2291 894 2318; x_wconf 79' lang='lat' dir='ltr'><strong>pravum</strong></span> <span class='ocrx_word' id='word_1_685' title='bbox 921 2285 1082 2316; x_wconf 67' lang='lat' dir='ltr'><strong>daemonem,</strong></span> <span class='ocrx_word' id='word_1_686' title='bbox 1105 2284 1226 2310; x_wconf 83' lang='lat' dir='ltr'><strong>invidqu</strong></span> <span class='ocrx_word' id='word_1_687' title='bbox 1247 2283 1322 2310; x_wconf 87' lang='lat' dir='ltr'><strong>illum</strong></span> <span class='ocrx_word' id='word_1_688' title='bbox 1348 2287 1430 2317; x_wconf 88' lang='lat' dir='ltr'><strong>atque</strong></span> <span class='ocrx_word' id='word_1_689' title='bbox 1454 2283 1606 2310; x_wconf 72' lang='lat' dir='ltr'><strong>honestatis</strong></span> <span class='ocrx_word' id='word_1_690' title='bbox 1626 2283 1714 2309; x_wconf 88' lang='lat' dir='ltr'><strong>omnis</strong></span> <span class='ocrx_word' id='word_1_691' title='bbox 1735 2282 1889 2313; x_wconf 86' lang='lat' dir='ltr'><strong>inimicum,</strong></span> 
     </span>
    </p>
   </div>
   <div class='ocr_carea' id='block_1_92' title="bbox 263 2328 1890 2365">
    <p class='ocr_par' dir='ltr' id='par_1_92' title="bbox 263 2328 1890 2365">
     <span class='ocr_line' id='line_1_92' title="bbox 263 2328 1890 2365; baseline -0.001 -9"><span class='ocrx_word' id='word_1_692' title='bbox 263 2333 403 2363; x_wconf 83' lang='lat' dir='ltr'><strong>postremo</strong></span> <span class='ocrx_word' id='word_1_693' title='bbox 414 2329 560 2363; x_wconf 84' lang='lat' dir='ltr'><strong>ejusmodi,</strong></span> <span class='ocrx_word' id='word_1_694' title='bbox 573 2330 618 2365; x_wconf 91' lang='lat' dir='ltr'><strong>qui</strong></span> <span class='ocrx_word' id='word_1_695' title='bbox 634 2330 690 2365; x_wconf 85' lang='lat' dir='ltr'><strong>jam</strong></span> <span class='ocrx_word' id='word_1_696' title='bbox 708 2338 794 2365; x_wconf 85' lang='lat' dir='ltr'><strong>usque</strong></span> <span class='ocrx_word' id='word_1_697' title='bbox 810 2330 844 2357; x_wconf 90' lang='lat' dir='ltr'><strong>ab</strong></span> <span class='ocrx_word' id='word_1_698' title='bbox 859 2330 936 2357; x_wconf 87' lang='lat' dir='ltr'><strong>initio</strong></span> <span class='ocrx_word' id='word_1_699' title='bbox 950 2330 1090 2358; x_wconf 86' lang='lat' dir='ltr'><strong>hominum</strong></span> <span class='ocrx_word' id='word_1_700' title='bbox 1105 2330 1185 2357; x_wconf 88' lang='lat' dir='ltr'><strong>saluti</strong></span> <span class='ocrx_word' id='word_1_701' title='bbox 1200 2330 1313 2356; x_wconf 77' lang='lat' dir='ltr'><strong>insidias</strong></span> <span class='ocrx_word' id='word_1_702' title='bbox 1325 2329 1463 2356; x_wconf 79' lang='lat' dir='ltr'><strong>struxerit.</strong></span> <span class='ocrx_word' id='word_1_703' title='bbox 1477 2328 1627 2356; x_wconf 81' lang='lat' dir='ltr'><strong>Draconem</strong></span> <span class='ocrx_word' id='word_1_704' title='bbox 1645 2329 1720 2355; x_wconf 87' lang='lat' dir='ltr'><strong>illum</strong></span> <span class='ocrx_word' id='word_1_705' title='bbox 1732 2336 1763 2355; x_wconf 88' lang='lat' dir='ltr'><strong>ac</strong></span> <span class='ocrx_word' id='word_1_706' title='bbox 1775 2335 1890 2362; x_wconf 83' lang='lat' dir='ltr'><strong>serpen-</strong></span> 
     </span>
    </p>
   </div>
   <div class='ocr_carea' id='block_1_93' title="bbox 265 2374 1894 2412">
    <p class='ocr_par' dir='ltr' id='par_1_93' title="bbox 265 2374 1894 2412">
     <span class='ocr_line' id='line_1_93' title="bbox 265 2374 1894 2412; baseline -0.001 -8"><span class='ocrx_word' id='word_1_707' title='bbox 265 2381 318 2404; x_wconf 87' lang='lat' dir='ltr'><strong>tem</strong></span> <span class='ocrx_word' id='word_1_708' title='bbox 343 2378 477 2411; x_wconf 84' lang='lat' dir='ltr'><strong>nominat,</strong></span> <span class='ocrx_word' id='word_1_709' title='bbox 488 2378 668 2412; x_wconf 88' lang='lat' dir='ltr'><strong>eumdemque</strong></span> <span class='ocrx_word' id='word_1_710' title='bbox 695 2383 784 2404; x_wconf 89' lang='lat' dir='ltr'><strong>atrum</strong></span> <span class='ocrx_word' id='word_1_711' title='bbox 814 2382 1006 2411; x_wconf 83' lang='lat' dir='ltr'><strong>amantemque</strong></span> <span class='ocrx_word' id='word_1_712' title='bbox 1030 2376 1214 2407; x_wconf 88' lang='lat' dir='ltr'><strong>tenebrarum,</strong></span> <span class='ocrx_word' id='word_1_713' title='bbox 1230 2383 1334 2403; x_wconf 79' lang='lat' dir='ltr'><strong>veneno</strong></span> <span class='ocrx_word' id='word_1_714' title='bbox 1349 2375 1430 2403; x_wconf 90' lang='lat' dir='ltr'><strong>simul</strong></span> <span class='ocrx_word' id='word_1_715' title='bbox 1449 2380 1476 2402; x_wconf 85' lang='lat' dir='ltr'><strong>et</strong></span> <span class='ocrx_word' id='word_1_716' title='bbox 1492 2375 1664 2410; x_wconf 85' lang='lat' dir='ltr'><strong>improbitate</strong></span> <span class='ocrx_word' id='word_1_717' title='bbox 1679 2379 1825 2402; x_wconf 86' lang='lat' dir='ltr'><strong>scatentem</strong></span> <span class='ocrx_word' id='word_1_718' title='bbox 1841 2374 1894 2402; x_wconf 78' lang='lat' dir='ltr'><strong>de-</strong></span> 
     </span>
    </p>
   </div>
   <div class='ocr_carea' id='block_1_94' title="bbox 266 2419 1892 2458">
    <p class='ocr_par' dir='ltr' id='par_1_94' title="bbox 266 2419 1892 2458">
     <span class='ocr_line' id='line_1_94' title="bbox 266 2419 1892 2458; baseline -0.002 -9"><span class='ocrx_word' id='word_1_719' title='bbox 266 2423 360 2450; x_wconf 78' lang='lat' dir='ltr'><strong>scribit</strong></span> <span class='ocrx_word' id='word_1_720' title='bbox 378 2432 384 2450; x_wconf 92' lang='lat'><strong><em>:</em></strong></span> <span class='ocrx_word' id='word_1_721' title='bbox 399 2424 502 2451; x_wconf 82' lang='lat' dir='ltr'><strong>addens</strong></span> <span class='ocrx_word' id='word_1_722' title='bbox 518 2423 642 2458; x_wconf 71' lang='lat' dir='ltr'><strong>insuper,</strong></span> <span class='ocrx_word' id='word_1_723' title='bbox 657 2423 731 2458; x_wconf 90' lang='lat' dir='ltr'><strong>quod</strong></span> <span class='ocrx_word' id='word_1_724' title='bbox 744 2423 864 2451; x_wconf 80' lang='lat' dir='ltr'><strong>divinant</strong></span> <span class='ocrx_word' id='word_1_725' title='bbox 883 2423 957 2449; x_wconf 88' lang='lat' dir='ltr'><strong>illam</strong></span> <span class='ocrx_word' id='word_1_726' title='bbox 980 2422 1059 2450; x_wconf 92' lang='lat' dir='ltr'><strong>nobis</strong></span> <span class='ocrx_word' id='word_1_727' title='bbox 1078 2422 1162 2448; x_wconf 87' lang='lat' dir='ltr'><strong>vitam</strong></span> <span class='ocrx_word' id='word_1_728' title='bbox 1191 2422 1318 2453; x_wconf 83' lang='lat' dir='ltr'><strong>imideat,</strong></span> <span class='ocrx_word' id='word_1_729' title='bbox 1347 2421 1399 2448; x_wconf 87' lang='lat' dir='ltr'><strong>hoc</strong></span> <span class='ocrx_word' id='word_1_730' title='bbox 1422 2421 1496 2448; x_wconf 88' lang='lat' dir='ltr'><strong>illum</strong></span> <span class='ocrx_word' id='word_1_731' title='bbox 1512 2422 1660 2448; x_wconf 86' lang='lat' dir='ltr'><strong>etiamnum</strong></span> <span class='ocrx_word' id='word_1_732' title='bbox 1683 2427 1761 2455; x_wconf 80' lang='lat' dir='ltr'><strong>agere</strong></span> <span class='ocrx_word' id='word_1_733' title='bbox 1785 2419 1892 2446; x_wconf 81' lang='lat' dir='ltr'><strong>moliri-</strong></span> 
     </span>
    </p>
   </div>
   <div class='ocr_carea' id='block_1_95' title="bbox 266 2465 1892 2504">
    <p class='ocr_par' dir='ltr' id='par_1_95' title="bbox 266 2465 1892 2504">
     <span class='ocr_line' id='line_1_95' title="bbox 266 2465 1892 2504; baseline -0.002 -8"><span class='ocrx_word' id='word_1_734' title='bbox 266 2477 320 2503; x_wconf 80' lang='lat' dir='ltr'><strong>que</strong></span> <span class='ocrx_word' id='word_1_735' title='bbox 349 2474 516 2502; x_wconf 85' lang='lat' dir='ltr'><strong>constanter,</strong></span> <span class='ocrx_word' id='word_1_736' title='bbox 541 2474 570 2497; x_wconf 90' lang='lat' dir='ltr'><strong>ut</strong></span> <span class='ocrx_word' id='word_1_737' title='bbox 589 2477 637 2497; x_wconf 88' lang='lat' dir='ltr'><strong>eos</strong></span> <span class='ocrx_word' id='word_1_738' title='bbox 659 2477 764 2503; x_wconf 84' lang='lat' dir='ltr'><strong>omnes,</strong></span> <span class='ocrx_word' id='word_1_739' title='bbox 790 2469 837 2504; x_wconf 90' lang='lat' dir='ltr'><strong>qui</strong></span> <span class='ocrx_word' id='word_1_740' title='bbox 865 2469 962 2496; x_wconf 72' lang='lat' dir='ltr'><strong>divinat</strong></span> <span class='ocrx_word' id='word_1_741' title='bbox 989 2476 1049 2496; x_wconf 90' lang='lat' dir='ltr'><strong>sese</strong></span> <span class='ocrx_word' id='word_1_742' title='bbox 1078 2469 1229 2504; x_wconf 82' lang='lat' dir='ltr'><strong>adjungunt</strong></span> <span class='ocrx_word' id='word_1_743' title='bbox 1254 2467 1397 2498; x_wconf 89' lang='lat' dir='ltr'><strong>voluntati,</strong></span> <span class='ocrx_word' id='word_1_744' title='bbox 1424 2467 1578 2501; x_wconf 88' lang='lat' dir='ltr'><strong>supplantet</strong></span> <span class='ocrx_word' id='word_1_745' title='bbox 1605 2471 1685 2501; x_wconf 83' lang='lat' dir='ltr'><strong>atque</strong></span> <span class='ocrx_word' id='word_1_746' title='bbox 1711 2466 1829 2500; x_wconf 84' lang='lat' dir='ltr'><strong>dejiciat.</strong></span> <span class='ocrx_word' id='word_1_747' title='bbox 1857 2465 1892 2492; x_wconf 81' lang='grc' dir='ltr'>Ει</span> 
     </span>
    </p>
   </div>
   <div class='ocr_carea' id='block_1_96' title="bbox 268 2513 1891 2551">
    <p class='ocr_par' dir='ltr' id='par_1_96' title="bbox 268 2513 1891 2551">
     <span class='ocr_line' id='line_1_96' title="bbox 268 2513 1891 2551; baseline -0.001 -9"><span class='ocrx_word' id='word_1_748' title='bbox 268 2517 395 2551; x_wconf 83' lang='lat' dir='ltr'><strong>quoniam</strong></span> <span class='ocrx_word' id='word_1_749' title='bbox 420 2517 503 2551; x_wconf 81' lang='lat' dir='ltr'><strong>ipsius</strong></span> <span class='ocrx_word' id='word_1_750' title='bbox 518 2516 587 2544; x_wconf 89' lang='lat' dir='ltr'><strong>dolis</strong></span> <span class='ocrx_word' id='word_1_751' title='bbox 600 2524 632 2544; x_wconf 88' lang='lat' dir='ltr'><strong>ac</strong></span> <span class='ocrx_word' id='word_1_752' title='bbox 645 2516 796 2548; x_wconf 83' lang='lat' dir='ltr'><strong>fraudibus.</strong></span> <span class='ocrx_word' id='word_1_753' title='bbox 812 2517 918 2550; x_wconf 74' lang='lat' dir='ltr'><strong>generis</strong></span> <span class='ocrx_word' id='word_1_754' title='bbox 933 2523 1042 2550; x_wconf 86' lang='lat' dir='ltr'><strong>quoque</strong></span> <span class='ocrx_word' id='word_1_755' title='bbox 1060 2516 1148 2543; x_wconf 90' lang='lat' dir='ltr'><strong>nostri</strong></span> <span class='ocrx_word' id='word_1_756' title='bbox 1175 2515 1311 2551; x_wconf 88' lang='lat' dir='ltr'><strong>principes</strong></span> <span class='ocrx_word' id='word_1_757' title='bbox 1341 2514 1482 2542; x_wconf 84' lang='lat' dir='ltr'><strong>divinioris</strong></span> <span class='ocrx_word' id='word_1_758' title='bbox 1505 2514 1577 2541; x_wconf 92' lang='lat' dir='ltr'><strong>illius</strong></span> <span class='ocrx_word' id='word_1_759' title='bbox 1603 2513 1685 2540; x_wconf 78' lang='lat' dir='ltr'><strong>sortis</strong></span> <span class='ocrx_word' id='word_1_760' title='bbox 1718 2514 1891 2541; x_wconf 91' lang='lat' dir='ltr'><strong>communio-</strong></span> 
     </span>
    </p>
   </div>
   <div class='ocr_carea' id='block_1_97' title="bbox 270 2561 1890 2599">
    <p class='ocr_par' dir='ltr' id='par_1_97' title="bbox 270 2561 1890 2599">
     <span class='ocr_line' id='line_1_97' title="bbox 270 2561 1890 2599; baseline -0.001 -9"><span class='ocrx_word' id='word_1_761' title='bbox 270 2570 331 2590; x_wconf 86' lang='lat' dir='ltr'><strong>nem</strong></span> <span class='ocrx_word' id='word_1_762' title='bbox 352 2562 501 2597; x_wconf 88' lang='lat' dir='ltr'><strong>amiserint,</strong></span> <span class='ocrx_word' id='word_1_763' title='bbox 517 2571 576 2591; x_wconf 85' lang='lat' dir='ltr'><strong>eam</strong></span> <span class='ocrx_word' id='word_1_764' title='bbox 596 2564 675 2592; x_wconf 86' lang='lat' dir='ltr'><strong>nobis</strong></span> <span class='ocrx_word' id='word_1_765' title='bbox 691 2564 719 2591; x_wconf 89' lang='lat' dir='ltr'><strong>in</strong></span> <span class='ocrx_word' id='word_1_766' title='bbox 736 2571 793 2591; x_wconf 86' lang='lat' dir='ltr'><strong>rem</strong></span> <span class='ocrx_word' id='word_1_767' title='bbox 810 2563 976 2599; x_wconf 80' lang='lat' dir='ltr'><strong>vigilandum</strong></span> <span class='ocrx_word' id='word_1_768' title='bbox 994 2571 1054 2591; x_wconf 88' lang='lat' dir='ltr'><strong>esse</strong></span> <span class='ocrx_word' id='word_1_769' title='bbox 1075 2568 1215 2598; x_wconf 86' lang='lat' dir='ltr'><strong>perpetuo,</strong></span> <span class='ocrx_word' id='word_1_770' title='bbox 1242 2571 1275 2590; x_wconf 79' lang='lat' dir='ltr'><strong>ne</strong></span> <span class='ocrx_word' id='word_1_771' title='bbox 1295 2562 1375 2590; x_wconf 73' lang='lat' dir='ltr'><strong>malis</strong></span> <span class='ocrx_word' id='word_1_772' title='bbox 1395 2562 1496 2589; x_wconf 88' lang='lat' dir='ltr'><strong>versuti</strong></span> <span class='ocrx_word' id='word_1_773' title='bbox 1516 2561 1601 2588; x_wconf 83' lang='lat' dir='ltr'><strong>hostis</strong></span> <span class='ocrx_word' id='word_1_774' title='bbox 1615 2561 1719 2588; x_wconf 88' lang='lat' dir='ltr'><strong>artibus</strong></span> <span class='ocrx_word' id='word_1_775' title='bbox 1730 2561 1890 2596; x_wconf 69' lang='lat' dir='ltr'><strong>praestigiis-</strong></span> 
     </span>
    </p>
   </div>
   <div class='ocr_carea' id='block_1_98' title="bbox 270 2606 1892 2645">
    <p class='ocr_par' dir='ltr' id='par_1_98' title="bbox 270 2606 1892 2645">
     <span class='ocr_line' id='line_1_98' title="bbox 270 2606 1892 2645; baseline -0.001 -10"><span class='ocrx_word' id='word_1_776' title='bbox 270 2617 323 2643; x_wconf 87' lang='lat' dir='ltr'><strong>que</strong></span> <span class='ocrx_word' id='word_1_777' title='bbox 337 2609 486 2643; x_wconf 87' lang='lat' dir='ltr'><strong>capiamur.</strong></span> <span class='ocrx_word' id='word_1_778' title='bbox 504 2609 604 2637; x_wconf 86' lang='lat' dir='ltr'><strong>Verum</strong></span> <span class='ocrx_word' id='word_1_779' title='bbox 630 2610 696 2645; x_wconf 88' lang='lat' dir='ltr'><strong>quid</strong></span> <span class='ocrx_word' id='word_1_780' title='bbox 720 2610 778 2637; x_wconf 73' lang='lat' dir='ltr'><strong>haec</strong></span> <span class='ocrx_word' id='word_1_781' title='bbox 801 2617 967 2644; x_wconf 87' lang='lat' dir='ltr'><strong>occupamus</strong></span> <span class='ocrx_word' id='word_1_782' title='bbox 983 2609 1046 2644; x_wconf 85' lang='lat' dir='ltr'><strong>ipsi,</strong></span> <span class='ocrx_word' id='word_1_783' title='bbox 1067 2617 1131 2636; x_wconf 90' lang='lat' dir='ltr'><strong>cum</strong></span> <span class='ocrx_word' id='word_1_784' title='bbox 1155 2617 1186 2636; x_wconf 89' lang='lat' dir='ltr'><strong>ea</strong></span> <span class='ocrx_word' id='word_1_785' title='bbox 1209 2609 1266 2644; x_wconf 87' lang='lat' dir='ltr'><strong>jam</strong></span> <span class='ocrx_word' id='word_1_786' title='bbox 1289 2617 1304 2635; x_wconf 91' lang='lat' dir='ltr'><strong>a</strong></span> <span class='ocrx_word' id='word_1_787' title='bbox 1333 2609 1413 2636; x_wconf 88' lang='lat' dir='ltr'><strong>nobis</strong></span> <span class='ocrx_word' id='word_1_788' title='bbox 1429 2607 1658 2642; x_wconf 70' lang='lat' dir='ltr'><strong>ipsismetdirinaa</strong></span> <span class='ocrx_word' id='word_1_789' title='bbox 1673 2606 1820 2641; x_wconf 71' lang='lat' dir='ltr'><strong>Scriptura:</strong></span> <span class='ocrx_word' id='word_1_790' title='bbox 1831 2615 1892 2634; x_wconf 83' lang='lat' dir='ltr'><strong>ver-</strong></span> 
     </span>
    </p>
   </div>
   <div class='ocr_carea' id='block_1_99' title="bbox 270 2654 1892 2693">
    <p class='ocr_par' dir='ltr' id='par_1_99' title="bbox 270 2654 1892 2693">
     <span class='ocr_line' id='line_1_99' title="bbox 270 2654 1892 2693; baseline 0 -11"><span class='ocrx_word' id='word_1_791' title='bbox 270 2655 313 2683; x_wconf 81' lang='lat' dir='ltr'><strong>bis</strong></span> <span class='ocrx_word' id='word_1_792' title='bbox 342 2655 470 2683; x_wconf 86' lang='lat' dir='ltr'><strong>illustrari</strong></span> <span class='ocrx_word' id='word_1_793' title='bbox 498 2657 682 2692; x_wconf 85' lang='lat' dir='ltr'><strong>explicarique</strong></span> <span class='ocrx_word' id='word_1_794' title='bbox 709 2658 834 2693; x_wconf 68' lang='lat' dir='ltr'><strong>praestet?</strong></span> <span class='ocrx_word' id='word_1_795' title='bbox 860 2657 966 2684; x_wconf 79' lang='lat' dir='ltr'><strong>Rursus</strong></span> <span class='ocrx_word' id='word_1_796' title='bbox 996 2663 1060 2692; x_wconf 76' lang='lat' dir='ltr'><strong>ergo</strong></span> <span class='ocrx_word' id='word_1_797' title='bbox 1089 2664 1189 2683; x_wconf 90' lang='lat' dir='ltr'><strong>novum</strong></span> <span class='ocrx_word' id='word_1_798' title='bbox 1221 2665 1236 2683; x_wconf 86' lang='lat' dir='ltr'><strong>a</strong></span> <span class='ocrx_word' id='word_1_799' title='bbox 1266 2664 1374 2686; x_wconf 85' lang='lat' dir='ltr'><strong>summo</strong></span> <span class='ocrx_word' id='word_1_800' title='bbox 1409 2655 1527 2683; x_wconf 83' lang='lat' dir='ltr'><strong>Numine</strong></span> <span class='ocrx_word' id='word_1_801' title='bbox 1555 2654 1720 2691; x_wconf 86' lang='lat' dir='ltr'><strong>principium</strong></span> <span class='ocrx_word' id='word_1_802' title='bbox 1745 2654 1892 2689; x_wconf 81' lang='lat' dir='ltr'><strong>ducamus,</strong></span> 
     </span>
    </p>
   </div>
   <div class='ocr_carea' id='block_1_100' title="bbox 270 2703 1275 2739">
    <p class='ocr_par' dir='ltr' id='par_1_100' title="bbox 270 2703 1275 2739">
     <span class='ocr_line' id='line_1_100' title="bbox 270 2703 1275 2739; baseline 0.003 -10"><span class='ocrx_word' id='word_1_803' title='bbox 270 2703 385 2739; x_wconf 80' lang='lat' dir='ltr'><strong>ejusque</strong></span> <span class='ocrx_word' id='word_1_804' title='bbox 404 2712 480 2739; x_wconf 88' lang='lat' dir='ltr'><strong>opem</strong></span> <span class='ocrx_word' id='word_1_805' title='bbox 497 2709 524 2732; x_wconf 90' lang='lat' dir='ltr'><strong>et</strong></span> <span class='ocrx_word' id='word_1_806' title='bbox 536 2706 665 2734; x_wconf 81' lang='lat' dir='ltr'><strong>auxilium</strong></span> <span class='ocrx_word' id='word_1_807' title='bbox 682 2706 835 2734; x_wconf 86' lang='lat' dir='ltr'><strong>Servatoris</strong></span> <span class='ocrx_word' id='word_1_808' title='bbox 850 2706 936 2738; x_wconf 86' lang='lat' dir='ltr'><strong>nostri</strong></span> <span class='ocrx_word' id='word_1_809' title='bbox 959 2705 1070 2732; x_wconf 89' lang='lat' dir='ltr'><strong>nomine</strong></span> <span class='ocrx_word' id='word_1_810' title='bbox 1086 2705 1275 2739; x_wconf 86' lang='lat' dir='ltr'><strong>imploremus.</strong></span> 
     </span>
    </p>
   </div>
   <div class='ocr_carea' id='block_1_101' title="bbox 309 2794 1039 2834">
    <p class='ocr_par' dir='ltr' id='par_1_101' title="bbox 309 2794 1039 2834">
     <span class='ocr_line' id='line_1_101' title="bbox 309 2794 1039 2834; baseline 0.005 -11"><span class='ocrx_word' id='word_1_811' title='bbox 309 2794 366 2830; x_wconf 78' lang='lat'><strong>(75)</strong></span> <span class='ocrx_word' id='word_1_812' title='bbox 389 2798 643 2833; x_wconf 74' lang='grc' dir='ltr'>Προσλαμϐάνειν.</span> <span class='ocrx_word' id='word_1_813' title='bbox 681 2799 810 2833; x_wconf 75' lang='lat' dir='ltr'><strong>Rectius,</strong></span> <span class='ocrx_word' id='word_1_814' title='bbox 839 2799 950 2834; x_wconf 89' lang='lat' dir='ltr'><strong>opinor,</strong></span> <span class='ocrx_word' id='word_1_815' title='bbox 973 2797 1039 2826; x_wconf 84' lang='lat' dir='ltr'><strong>fueri</strong></span> 
     </span>
    </p>
   </div>
   <div class='ocr_carea' id='block_1_102' title="bbox 1091 2794 1281 2834">
    <p class='ocr_par' dir='ltr' id='par_1_102' title="bbox 1091 2797 1281 2834">
     <span class='ocr_line' id='line_1_102' title="bbox 1091 2797 1281 2834; baseline 0 -11"><span class='ocrx_word' id='word_1_816' title='bbox 1091 2797 1281 2834; x_wconf 68' lang='grc' dir='ltr'>τρολαμὸἁνειν.</span> 
     </span>
    </p>
   </div>
  </div>
