2070 3206
135 184 188 213 53⁸1

399 241 597 268 ΚΕΦΑΛΔῘΟΝ
615 240 666 268 ΙΔ’.

144 299 287 333 Ἑϐραίων
303 298 379 330 δόξα
391 298 456 332 περὶ
468 298 552 329 Θεοῦ,
572 297 624 324 τοῦ
640 298 756 332 πρώτου
771 297 830 324 τῶν
848 298 927 326 ὅλων

481 334 587 360 αἰτίου.

173 387 229 423 Τὴν
244 387 295 422 μὲν
304 387 337 423 δὴ
348 388 397 422 τῆς
408 387 547 422 θεολογίας
558 388 657 424 ἀρχὴν,
669 388 722 414 ἀπὸ
732 389 780 424 τῆς
794 389 847 415 τῶν
857 388 926 416 ὅλων

138 433 283 468 ποιητικῆς
296 441 326 459 τε
338 433 384 459 καὶ
407 433 603 469 δημιουργικῆς
619 433 759 468 δυνάμεως
776 434 926 469 ἀρχόμενος

136 479 151 505 6
164 478 225 504 κατ’
246 478 344 509 αὐτοὺς
365 478 460 512 λόγος,
481 479 645 514 παρίστησιν
670 479 700 505 οὺ
727 479 923 513 συλλογισμοῖς,

135 524 196 550 οὐδὲ
210 523 422 558 πιθανολογίαις,
438 523 674 560 δογματικώτερον
690 524 717 550 δὲ
734 525 779 550 καὶ
798 523 924 551 διδασκα-

135 569 293 606 λικώτερον,
319 569 470 602 ὲπιθεάζων
493 570 532 605 τῷ
554 570 624 605 ἁγίῳ
645 570 800 605 Πνεὺματι’
825 569 869 604 ὑφ’
893 566 923 596 οὗ

136 616 367 651 θεοφορούμενος,
391 613 442 642 ὧδέ
466 625 525 648 πως
547 616 561 642 6
577 617 697 651 Μωῦσῆς
713 616 854 651 ἀπήρξατο
874 616 924 651 τῆς

135 660 300 694 θεολογίαςαι
313 661 357 688 Ἑν
367 661 437 697 ἀρχῇ
454 661 580 697 ἐποίησεν
592 663 606 688 6
618 662 684 693 Θεὸς
697 662 743 689 τὸν
754 663 865 697 οὐρανὸν
877 662 924 688 καὶ

133 707 184 742 τὴν
195 706 258 741 γῆν.
281 716 291 732 ι
317 705 383 733 Εἶτά
403 715 499 742 φησιν’
527 716 537 733 1
554 705 638 734 Εἶπεν
654 708 668 734 6
681 707 763 739 Θεὸς,
781 708 923 743 Γενηθήτω

134 751 204 785 φῶς,
221 752 269 778 καὶ
284 752 392 786 ἐγένετο
407 752 474 786 φῶς.
487 762 496 778 ι
513 753 567 780 Καὶ
582 753 662 780 πάλιν
673 762 679 768 ·
696 763 705 779 ι
720 752 802 780 Εἶπεν
817 755 831 780 6
844 753 921 786 Θεὸς,

134 795 282 831 Γενηθήτω
314 797 465 833 στερέωμα,
495 798 542 824 καὶ
572 798 687 832 ἐγένετο,
715 808 724 823 ι
748 799 801 825 Καὶ
826 799 920 825 πάλιν·

136 850 147 866 1
166 839 252 867 Εἶπεν
264 842 278 868 6
300 841 382 873 Θεὸς,
400 842 609 878 Βλαστησάτωή
632 844 668 878 γῆ
684 844 797 879 βοτάνην
814 845 920 879 χόρτου,

135 888 250 922 σπεῖρον
266 888 375 923 σπέρμα
390 887 462 914 κατὰ
475 888 551 922 γένος
569 889 616 916 καὶ
633 890 693 916 καθ’
705 890 861 925 ὁμοιότητα,
875 891 922 917 καὶ

135 932 214 965 ξύλον
231 933 367 968 κάρπιμον
384 933 478 960 ποιοῦν
491 934 607 970 καρπὸν,
625 932 655 962 οὗ
670 935 699 961 τὸ
715 935 823 970 σπέρμα
839 934 921 961 αὐτοῦ

134 977 164 1003 ὲν
190 977 274 1012 αὐτῷ,
303 978 376 1005 κατὰ
394 979 471 1012 γένος
492 980 537 1005 ἐπὶ
559 979 609 1014 τῆς
627 979 695 1015 γῆς,
712 980 757 1006 καὶ
772 981 887 1014 ἐγένετο.
910 989 919 1005 ›

135 1025 191 1050 Καὶ
207 1022 284 1055 αὖθις
294 1033 301 1039 ·
323 1034 332 1049 1
347 1022 431 1051 Εἶπεν
447 1027 461 1051 6
475 1024 550 1056 Θεὸς,
572 1025 764 1061 Γενηθήτωσαν
782 1027 922 1062 φωστῆρες

134 1071 164 1096 ὲν
176 1070 215 1105 τῷ
229 1070 398 1105 στερεώματι
415 1071 461 1098 τοῦ
474 1071 599 1107 οὐρανοῦ,
614 1071 683 1098 ὥστε
695 1072 800 1106 φαίνειν
814 1073 860 1099 ἐπὶ
872 1073 921 1108 τῆς

133 1117 197 1151 γῆς.
208 1116 255 1142 καὶ
265 1116 386 1143 ἔστωσαν
404 1118 444 1148 είς
457 1119 569 1152 σημεῖα,
585 1117 631 1144 καὶ
645 1119 684 1149 είς
697 1118 813 1152 ἡμέρας,
825 1118 870 1144 καὶ
882 1119 921 1150 εἰς

133 1162 285 1193 ἐνιαυτοὺς.
298 1163 344 1189 καὶ
363 1163 479 1197 ἐγένετο.
501 1173 510 1189 ι
525 1164 578 1190 Καὶ
595 1162 675 1190 πάλιν
684 1173 690 1179 ’
704 1173 713 1188 1
728 1162 810 1190 Εἶπεν
821 1165 834 1190 6
845 1164 919 1196 Θεὸς,

139 1207 314 1241 Ἕξαγαγέτω
324 1209 358 1235 τὰ
370 1207 454 1235 ὕδατα
465 1209 567 1244 ἑρπετὰ
580 1208 674 1243 ψυχῶν
688 1208 781 1240 ζωσῶν
792 1209 861 1235 κατὰ
876 1208 922 1243 γέ-

132 1261 178 1284 νος
189 1273 196 1284 ,
210 1254 258 1279 καὶ
279 1254 367 1281 πάντα
381 1254 415 1280 τὰ
433 1255 543 1281 πετεινὰ
557 1254 602 1280 τοῦ
615 1254 728 1289 οὐρανοῦ
742 1254 812 1280 κατὰ
832 1255 919 1288 γένος,

131 1299 180 1325 καὶ
191 1299 310 1340 ἐγένετο.
328 1309 338 1326 ι
358 1300 411 1326 Καὶ
423 1300 503 1326 πάλιν
512 1309 520 1316 ·
535 1309 545 1325 ι
563 1300 733 1334 Ἐξαγαγέτω
747 1300 809 1335 ὴγῆ
825 1300 920 1336 τετρά-

132 1343 212 1375 ποδα,
230 1344 276 1371 καὶ
288 1344 399 1380 ἑρπετὰ,
417 1345 462 1371 καὶ
475 1344 557 1380 Θηρία
567 1345 615 1380 τῆς
632 1345 682 1379 γῆς
698 1344 767 1371 κατὰ
778 1346 864 1378 γένος.
873 1345 920 1371 καὶ

131 1390 252 1424 ἆγένετο.
273 1399 282 1415 ι
303 1391 346 1417 Ἑν
356 1390 387 1426 δὴ
398 1390 501 1422 τούτοις
514 1391 653 1424 φάσκουσα
666 1391 682 1425 ἡ
696 1390 799 1425 Γραςνὴ,
817 1400 825 1415 ι
838 1388 919 1416 Εἶπεν

131 1437 146 1463 6
163 1437 240 1468 Θεὸς,
257 1447 266 1462 ι
280 1437 309 1462 τὸ
322 1436 393 1463 θεῖον
406 1435 492 1470 νεῦμα
502 1437 548 1462 καὶ
562 1437 591 1462 τὸ
605 1435 651 1462 ὡδί
668 1445 726 1467 πως
744 1436 868 1470 γενέσθαι
886 1435 921 1463 τὰ

131 1483 196 1509 ὄντα
209 1482 425 1517 βουληθῆναιτὸν
438 1481 504 1508 Θεὸν
515 1482 685 1517 παρίστησιν,
699 1482 728 1507 οὐ
741 1482 793 1517 μὴν
804 1482 832 1508 δὲ
844 1483 918 1517 φωνῇ

131 1529 180 1554 καὶ
197 1527 343 1559 συλλαϐαῖς
361 1528 442 1562 φάναι
453 1528 533 1554 αὑτὸν
545 1529 659 1554 ἐπινοεῖν
670 1528 826 1561 ἀναγκαῖον.
842 1529 920 1556 Ἀλλὰ

705 182 864 210 PREPAR.
885 181 1009 210 EVANG.
1027 182 1091 210 LIB.
1113 182 1170 211 VII.

941 247 961 274 Λ

131 1574 178 1600 τὸν
194 1575 284 1600 πάντα
294 1574 372 1608 λόγον
382 1573 672 1609 ἀνακεφαλαιούμενος,
691 1584 700 1600 ι
713 1574 798 1609 Αὕτη,
819 1583 827 1599 ι
842 1575 917 1609 φησὶ,
932 1587 953 1615 c

134 1629 144 1646 1
163 1621 180 1655 ἠ
194 1620 284 1654 βίϐλος
298 1619 430 1654 γενέσεως
442 1620 556 1655 οὐρανοῦ
568 1620 615 1646 καὶ
634 1621 690 1654 γῆς,
741 1620 832 1656 ἡμέρᾳ
846 1621 921 1647 ἐποί-

130 1673 198 1700 ησεν
211 1667 226 1691 6
241 1665 306 1696 Θεὸς
320 1665 364 1692 τὸν
378 1666 489 1700 οὐρανὸν
502 1666 548 1692 καὶ
567 1666 616 1700 τὴν
636 1666 697 1700 γῆν,
716 1666 762 1692 καὶ
779 1666 866 1692 πάντα
885 1667 920 1692 τὰ

132 1711 162 1737 ὲν
177 1712 278 1743 αὐτοῖς.
296 1721 305 1736 ι
323 1710 440 1746 Τοιαύτη
455 1712 531 1747 μὲνὴ
548 1711 608 1738 καθ’
626 1711 766 1747 Ἐϐραίους
785 1709 919 1746 θεολογία,

131 1757 204 1792 λόγῳ
215 1756 282 1783 Θεοῦ
296 1757 482 1792 δημιουργικῷ
492 1757 526 1783 τὰ
537 1758 624 1784 πάντα
637 1758 794 1784 συνεστάναι
812 1758 920 1784 παιδεύ-

131 1811 210 1830 ουσα.
234 1803 349 1829 Ἔπειτα
373 1803 401 1829 δὲ
421 1804 470 1838 οὐχ
492 1799 543 1829 ὦδε
562 1803 663 1838 ἔρημον
677 1803 715 1835 ὡς
734 1804 850 1839 ὀρφανὸν
869 1804 920 1830 ὑπὸ

132 1849 237 1884 πατρὸς
249 1848 462 1883 καταλειφθέντα
478 1849 523 1875 τὸν
541 1849 685 1884 σύμπαντα
697 1849 798 1884 κόσμον
812 1849 863 1876 ὑπὸ
873 1849 919 1876 τοῦ

133 1894 339 1930 συστησαμένου
363 1894 497 1926 διδάσκει,
513 1894 569 1921 ἀλλ’
587 1895 625 1926 είς
637 1895 667 1921 τὸ
680 1895 723 1922 ἀεὶ
745 1895 796 1921 ὑπὸ
809 1895 857 1930 τῆς
873 1894 918 1921 τοῦ

129 1940 200 1966 Θεοῦ
219 1939 346 1975 προνοίας
368 1940 447 1966 αὑτὸν
471 1939 646 1972 διοικεῖσθαι,
668 1940 705 1972 ὡς
722 1941 757 1975 μὴ
774 1941 852 1976 μόνον
873 1941 920 1976 δη-

134 1985 264 2021 μιουργὸν
279 1983 350 2010 εἶναι
366 1984 420 2010 τῶν
434 1985 502 2011 ὅλων
513 1985 559 2011 καὶ
571 1985 684 2020 ποιητὴν
701 1985 747 2011 τὸν
757 1985 832 2017 Θεὸν,
853 1985 920 2012 ἀλλὰ

133 2031 180 2058 καὶ
197 2031 309 2066 σωτῆρα
321 2051 328 2063 ,
352 2031 398 2058 καὶ
414 2031 551 2067 διοικητὴν
563 2051 571 2064 ,
594 2031 640 2058 καὶ
654 2030 776 2066 βασιλέα,
796 2031 842 2057 καὶ
857 2032 921 2066 ἠγε-

134 2078 212 2112 μόνα,
226 2077 293 2113 ἡλίῳ
307 2076 381 2111 αὐτῷ
393 2097 400 2108 ,
414 2077 459 2103 καὶ
475 2077 583 2113 σελήνῃ,
599 2077 646 2102 καὶ
667 2076 776 2112 ἄστροις
789 2097 795 2107 ,
816 2077 862 2103 καὶ
880 2075 919 2112 τῷ

132 2124 272 2158 σύμπαντι
291 2123 398 2158 οὐρανῷ
416 2132 444 2149 τε
460 2123 507 2149 καὶ
530 2123 624 2157 κόσμῳ
644 2122 677 2148 δι’
692 2121 787 2153 αὶῶνος
804 2121 919 2148 ἐπιστά-

131 2170 240 2201 τοῦντα,
258 2169 369 2204 μεγάλῳ
380 2177 408 2194 τε
425 2168 555 2204 ὀφθαλμῷ
568 2169 614 2195 καὶ
626 2168 709 2203 ὲνθέῳ
720 2168 831 2203 δυνάμει
840 2168 918 2194 πάντ’

131 2215 283 2250 ἐφορῶντα,
301 2215 349 2242 καὶ
367 2215 422 2246 τοῖς
439 2215 520 2241 πᾶσιν
534 2214 668 2250 οὐρανίοις
679 2222 708 2240 τε
725 2214 770 2240 καὶ
789 2213 919 2247 ἐπιγείοις

1712 180 1770 208 558"

1275 239 1389 267 CAPUT
1413 238 1460 266 ΧΙ.

979 295 1049 328 Quid
1062 295 1167 323 Ilebrtei
1184 297 1216 322 de
1231 295 1298 330 Deo,
1310 296 1427 335 principe
1438 303 1523 322 rerum
1538 294 1654 321 omnium
1667 302 1765 327 causa,

1299 334 1436 357 senserint.

1012 387 1142 415 Sublimis
1157 387 1240 422 hujus
1253 387 1394 422 theologia
1411 386 1559 421 primordia
1574 393 1628 412 non
1650 385 1760 412 aliunde

975 441 1058 468 quam
1071 440 1104 460 ex
1117 433 1173 468 ipsa
1189 433 1215 459 vi
1230 439 1319 459 rerum
1340 433 1462 458 omnium
1475 430 1618 461 effectrice,
1631 428 1758 456 llebrzeo~

976 487 1035 506 rum
1060 478 1184 506 doctrina
1207 478 1313 512 repetit,
1327 485 1413 512 eaque
1437 484 1491 504 non
1519 476 1621 511 argutis
1635 480 1661 502 et
1674 475 1760 501 artili-

975 525 1048 553 ciose
1063 523 1233 552 concinnatis
1248 523 1438 558 probationum
1459 521 1693 552 conclusionibus,
1709 520 1756 548 sed

975 572 1054 606 plane
1071 570 1195 597 docentis
1211 570 1238 596 in
1255 577 1369 599 morem,
1381 573 1473 603 utpote
1489 567 1581 594 divino
1598 566 1684 593 aﬂiata
1697 565 1758 600 Spi-

975 617 1027 643 ritu
1042 619 1246 644 commemorat.
1258 614 1317 648 Quo
1329 615 1438 649 quidem
1456 618 1534 640 actus
1549 617 1762 645 cornmolusque-

975 661 1091 695 Moyses,
1107 661 1250 692 theologia:
1275 667 1331 687 sua:
1358 659 1486 695 mysteria
1508 659 1580 685 hunc
1604 658 1630 684 in
1646 657 1756 684 modum

973 707 1152 742 auspicatur:
1172 716 1181 732 1
1198 706 1226 733 In
1243 706 1378 740 principio
1401 706 1502 732 creavit
1527 704 1597 731 Deus
1618 705 1716 731 ccclum
1731 709 1757 732 et

974 758 1072 780 terram
1084 753 1118 784 δ’,
1132 763 1144 779 ι
1162 757 1217 780 tum
1232 753 1269 780 ita
1291 752 1480 787 progreditur:
1498 761 1507 776 1
1523 751 1595 777 Dixit
1614 748 1758 781 Deus.Fiat

973 799 1030 831 lux,
1043 804 1071 826 et
1093 797 1163 825 facta
1178 799 1293 830 estiux;
1310 807 1319 824 ι
1337 798 1456 832 itemque
1472 806 1479 824 :
1498 806 1507 822 1
1523 796 1582 823 Fiat
1602 796 1756 823 firmamen-

974 849 1042 876 tum,
1063 849 1089 871 et
1105 843 1207 871 factum
1222 848 1281 876 est;
1299 853 1309 870 ι
1322 851 1354 870 ac
1370 851 1464 870 rursus
1481 852 1487 869 :
1509 853 1517 868 1
1532 842 1669 869 Germinct
1684 846 1755 868 terra

973 890 1084 918 herbam
1109 890 1253 922 virentem,
1268 887 1411 916 facientem
1429 897 1520 915 semen
1546 887 1694 914 secundum
1711 894 1756 920 ge-

973 945 1025 964 nus
1051 944 1082 963 ac
1107 935 1312 963 similitudinem
1327 942 1416 967 suam,
1432 939 1459 961 et
1474 933 1575 967 lignum
1594 931 1755 967 pomiferum

973 981 1074 1008 faciens
1087 980 1305 1016 frnctum,cujus
1320 987 1412 1009 semen
1430 979 1456 1007 in
1472 979 1530 1014 ipso
1545 979 1591 1013 sit,
1605 977 1755 1006 secundum

972 1035 1058 1061 genus
1082 1035 1160 1054 suum
1184 1035 1265 1061 super
1287 1032 1387 1054 terram
1407 1035 1415 1054 :
1433 1031 1459 1054 et
1484 1026 1584 1054 factum
1609 1030 1661 1054 est.
1685 1024 1756 1053 Dixit

973 1077 1099 1107 przeterea
1116 1072 1291 1100 Deustiant
1306 1072 1450 1099 luminaria
1467 1073 1493 1099 in
1511 1072 1682 1099 firmamento
1697 1079 1754 1098 cce-

972 1119 1000 1151 ii,
1017 1123 1046 1146 ut
1059 1119 1168 1146 luceant
1182 1127 1264 1154 super
1280 1124 1391 1150 terram,
1407 1123 1434 1146 et
1449 1118 1504 1146 sint
1518 1118 1544 1145 in
1559 1119 1635 1153 signa
1647 1123 1672 1144 et
1688 1125 1755 1144 tem-

971 1172 1047 1199 pora,
1065 1169 1092 1192 et
1111 1164 1181 1196 dies,
1198 1169 1225 1192 et
1236 1172 1323 1191 annos
1340 1174 1346 1192 :
1363 1169 1390 1191 et
1404 1164 1504 1191 factum
1523 1168 1575 1191 est.
1590 1163 1755 1198 Addiditque

970 1210 1042 1238 Deus
1054 1219 1060 1236 :
1071 1210 1226 1237 Producant
1240 1210 1324 1244 318
1339 1218 1416 1244 aqua),
1428 1210 1533 1244 reptilia
1547 1210 1699 1236 animarum
1716 1210 1756 1236 vi-

970 1256 1091 1282 ventium
1107 1255 1257 1282 secundum
1277 1263 1362 1290 genus
1378 1263 1468 1287 suum,
1481 1260 1507 1282 et
1529 1256 1620 1282 omnia
1637 1255 1755 1282 \‘olatilia

970 1301 1031 1328 οωιὶ
1057 1301 1206 1328 secundum
1228 1308 1313 1335 genus
1337 1307 1428 1332 suum,
1445 1304 1472 1327 et
1491 1299 1590 1327 factum
1608 1305 1665 1332 est;
1681 1309 1689 1325 ι
1706 1300 1755 1327 ite-

970 1354 1085 1381 rumque
1100 1355 1107 1373 :
1122 1355 1131 1372 1
1142 1345 1279 1373 Producat
1297 1350 1367 1372 terra
1381 1346 1581 1380 quadrupedes,
1597 1350 1623 1373 et
1637 1346 1753 1381 reptilia,

970 1396 996 1418 et
1010 1392 1110 1418 bestias
1123 1395 1202 1418 terrae
1217 1391 1367 1418 secundum
1392 1399 1477 1425 genus
1494 1399 1573 1418 suum
1590 1400 1597 1417 ;
1612 1396 1638 1417 et
1654 1391 1754 1418 factum

969 1437 1053 1464 est".
1070 1446 1078 1462 ι
1092 1436 1197 1469 Quibus
1206 1436 1596 1467 omnibuscommemorandis,
1609 1437 1671 1463 dum
1685 1437 1756 1467 hanc
1770 1465 1775 1471 ,

971 1481 1111 1516 Scriptura
1139 1481 1284 1508 formulam
1301 1481 1421 1513 adhibet,
1445 1491 1453 1506 1
1469 1481 1541 1508 Dixit
1559 1481 1660 1514 Deus,»
1680 1482 1754 1510 aliud

970 1528 1048 1558 nihil,
1060 1532 1157 1562 printer
1173 1535 1255 1561 quant
1275 1527 1308 1553 ad
1324 1526 1412 1561 ipsum
1430 1526 1577 1553 voluntatis
1592 1526 1690 1553 divinae
1704 1535 1755 1553 nu-

970 1577 1039 1605 tum,
1057 1573 1108 1600 hoc
1125 1572 1203 1599 illove
1223 1571 1304 1599 modo
1326 1579 1369 1599 res
1383 1579 1479 1599 omnes
1491 1571 1629 1599 exstitisse
1643 1580 1674 1599 ac
1692 1580 1755 1607 per-

969 1618 1056 1645 fectas
1076 1625 1137 1644 esse
1158 1617 1302 1652 significat,
1319 1616 1442 1650 adeoque
1456 1624 1566 1643 necesse
1582 1624 1635 1643 non
1649 1621 1700 1648 cst,
1715 1616 1755 1643 uti

969 1671 1063 1690 vocem
1089 1663 1190 1695 ullam,
1220 1663 1323 1690 ullasve
1351 1662 1469 1697 syllabas
1493 1663 1654 1697 cogitemus.
1682 1661 1755 1689 Idem

969 1717 1051 1744 porro
1065 1715 1150 1740 vates,
1167 1709 1299 1736 orationis
1316 1708 1450 1735 universze
1463 1717 1599 1736 summam
1613 1708 1754 1744 colligens,

970 1755 1005 1782 ila
1025 1755 1161 1782 concludit
1176 1765 1182 1782 ι
1201 1764 1210 1780 1
1225 1754 1274 1781 llic
1288 1755 1365 1787 liber,
1383 1755 1480 1790 inquit,
1496 1756 1678 1790 generationis
1693 1755 1754 1782 caeli

969 1805 996 1828 et
1010 1806 1097 1833 teme,
1114 1802 1139 1827 in
1153 1801 1208 1834 die,
1224 1809 1278 1836 qua
1295 1800 1358 1828 fecit
1370 1802 1468 1828 caelum
1483 1806 1509 1827 et
1525 1806 1636 1833 terram,
1651 1805 1678 1828 et
1694 1809 1754 1828 om-

970 1847 1025 1879 nia,
1035 1854 1095 1881 quae
1111 1847 1136 1873 in
1149 1847 1188 1874 eis
1204 1846 1564 1881 sunt“.)Hujusmodiergo
1573 1851 1614 1882 est
1629 1846 1756 1874 llebrato-

970 1900 1031 1919 rum
1055 1892 1199 1926 theologia,
1216 1900 1276 1927 quae
1298 1893 1372 1920 verbi
1398 1892 1482 1919 divini
1503 1893 1637 1920 eﬂ‘ectriec
1653 1893 1678 1919 vi
1695 1897 1757 1921 sata

969 1945 1030 1965 esse
1043 1945 1074 1964 ac
1089 1942 1230 1972 procreata
1246 1938 1326 1965 docet
1338 1938 1475 1965 universa.
1491 1937 1593 1965 Deinde
1606 1946 1681 1971 vero,
1699 1947 1757 1966 non

968 1984 1024 2019 jam
1048 1989 1158 2011 auctore
1176 1984 1218 2011 sui
1233 1992 1265 2011 ac
1280 1984 1407 2012 molitore
1421 1984 1484 2016 Deo,
1500 1985 1539 2012 sic
1555 1989 1684 2020 tanquam
1706 1992 1754 2012 or-

969 2031 1090 2065 phanum
1108 2038 1123 2057 a
1138 2035 1247 2064 parente
1262 2031 1385 2057 relictum
1396 2038 1456 2058 esse
1469 2031 1611 2063 mundum,
1621 2031 1668 2058 sed
1681 2033 1755 2066 ejus-

969 2076 1030 2103 dem
1056 2076 1224 2110 providentia
1255 2081 1386 2110 perpetuo
1413 2081 1624 2111 constanterque
1644 2077 1711 2111 regi,
1726 2081 1758 2104 ut

970 2130 1024 2149 non
1054 2122 1134 2149 modo
1160 2130 1252 2149 rerum
1277 2123 1443 2150 architectus
1461 2131 1492 2150 ac
1507 2123 1615 2150 molitor
1631 2123 1754 2150 omnium

970 2169 1027 2203 ipse
1040 2168 1131 2201 fuerit,
1147 2169 1194 2195 sed
1212 2177 1305 2196 earum
1323 2177 1432 2204 quoque
1451 2174 1573 2196 servator
1596 2174 1677 2204 atque
1694 2177 1754 2196 mo-

970 2214 1087 2247 derator,
1105 2222 1151 2241 rex
1168 2214 1231 2242 item
1255 2223 1287 2242 ac
1312 2215 1437 2249 princeps
1450 2223 1510 2242 esse
1523 2215 1586 2242 velit
1604 2225 1611 2243 :
1629 2216 1755 2250 idemque

131 2262 312 2297 ὲπιπαρὸντα,
326 2261 373 2288 καὶ
385 2261 418 2287 τὰ
437 2261 526 2287 πάντα
540 2261 568 2287 ἐν
583 2260 678 2296 κόσμῳ
698 2259 872 2287 διατάττοντα
887 2267 917 2285 τε

970 2268 1032 2287 cum
1055 2260 1117 2293 soli,
1135 2260 1216 2292 lunae,
1231 2260 1377 2292 sideribus,
1397 2261 1521 2296 caeloque
1534 2262 1636 2296 passim
1651 2266 1677 2289 et
1694 2262 1757 2289 orbi

131 2309 178 2336 καὶ
194 2307 357 2335 διοικοῦντα.
373 2308 476 2343 Ὥσπερ
487 2305 533 2333 οὖν
547 2307 643 2341 ἀμέλει
657 2306 704 2332 καὶ
717 2307 741 2332 οἱ
755 2306 822 2341 μετὰ
832 2305 919 2332 ταῦτα

131 2354 282 2390 προφῆται,
296 2353 429 2381 ἀκόλουθα
445 2353 491 2379 καὶ
507 2353 583 2379 αὐτοὶ
592 2352 744 2384 θειάζοντες
756 2372 764 2384 ,
781 2352 841 2378 τοτὲ
869 2352 919 2387 μὲν

131 2398 287 2434 ἁνεφώνουν
299 2398 328 2431 ἐξ
341 2398 421 2425 αὑτοῦ
444 2397 490 2424 τοῦ
515 2397 586 2424 θείου
610 2396 735 2431 λέγοντες
753 2395 897 2431 προσώπου
909 2404 916 2412 ο

133 2455 142 2472 1
157 2445 224 2477 Θεὸς
239 2444 357 2479 ὲγγίζων
370 2444 424 2478 ἐγώ
439 2443 589 2479 είμι,λέγει
599 2443 710 2478 Κύριος,
723 2444 770 2469 καὶ
783 2443 843 2478 οὐχὶ
852 2443 918 2475 Θεὸς

131 2492 283 2528 πόρρωθεν.
295 2492 326 2518 El
340 2492 444 2526 ποιήσει
454 2499 480 2517 τι
489 2490 536 2517 ἄνθ
542 2499 630 2526 ρωπος
639 2491 668 2516 ἐν
678 2490 829 2526 κρυφαίοις,
841 2489 918 2524 κάγὼ

129 2539 161 2566 οὐ
171 2537 312 2572 γνώσομαι
328 2537 406 2570 αὐτὸς
421 2537 487 2572 Οὖχὶ
497 2537 541 2564 τὸν
557 2537 668 2572 οὐρανὸν
683 2536 729 2563 καὶ
743 2537 792 2571 τὴν
802 2536 854 2570 γῆν
863 2535 918 2570 ἐγὼ

130 2583 246 2619 ﬁngi};
263 2583 336 2616 λέγει
349 2581 459 2617 Κύριος.
484 2592 493 2608 ι
513 2582 580 2608 Τοτὲ
595 2582 622 2608 δὲ
637 2578 688 2608 ὧδέ
705 2590 742 2616 πη
764 2580 918 2614 θεολογοῦν-

124 2612 196 2661 ’τες-’ἶ
212 2638 222 2655 1
237 2612 286 2660 Τίς
299 2612 481 2664 εμέτρησε-τῇ
495 2628 565 2663 χειρὶ
580 2627 611 2654 τὸ
622 2627 703 2662 ὕδωρ,
720 2612 822 2653 καὶτὸν
835 2612 917 2661 οὐρα-

130 2674 175 2701 νὸν
193 2674 316 2709 σπιθαμῇ
334 2674 380 2700 καὶ
396 2674 485 2700 πᾶσαν
497 2673 546 2708 τὴν
561 2673 614 2708 γῆν
632 2673 728 2708 δρακί;
751 2673 800 2704 Τίς
822 2672 919 2708 ἔστησε

130 2721 165 2747 τὰ
177 2720 230 2755 ὅρη
241 2718 364 2754 σταθμῷ,
381 2719 428 2746 καὶ
440 2721 488 2750 τὰς
501 2719 588 2750 νάπας
601 2718 674 2754 ζυγῴ
686 2726 693 2751 ;
707 2718 754 2750 Τίς
769 2718 839 2752 ἔγνω
854 2717 917 2745 νοῦν

133 2766 247 2801 Κυρίου,
258 2766 305 2791 καὶ
318 2764 359 2795 τίς
374 2764 522 2799 σύμϐουλος
535 2763 616 2790 αὑτοῦ
633 2764 738 2798 ἐγένετο
750 2771 756 2795 ;
777 2773 785 2789 ι
799 2764 854 2790 Καὶ
870 2764 918 2790 πά-

134 2812 174 2837 λιν
186 2819 192 2825 ·
214 2819 224 2836 1
245 2810 275 2838 '0
287 2810 389 2845 στήσας
407 2809 445 2841 ὡς
461 2810 588 2846 καμάραν
604 2809 649 2836 τὸν
665 2809 787 2845 οὐρανὸν,
802 2810 848 2836 καὶ
861 2809 917 2836 δια-

171 2900 192 2916 "
205 2901 272 2930 Gen.
290 2908 310 2935 I,
327 2897 353 2928 Ι.
391 2899 414 2916 ⁸⁸
429 2900 494 2929 ibid.
512 2901 530 2928 3
542 2908 617 2936 seqq.
641 2936 651 2941 ἢ
666 2900 686 2916 ⁸¹
703 2899 769 2927 Gen.
787 2907 816 2934 ιι,
834 2900 860 2928 4.

969 2306 1146 2334 continentur
1172 2307 1300 2334 universo
1318 2308 1421 2342 praesit,
1436 2311 1492 2334 tum
1514 2315 1612 2342 magno
1639 2308 1754 2341 ipsemet

967 2352 1047 2380 oculo
1071 2352 1217 2387 divinoque
1232 2351 1350 2380 Numine
1367 2357 1465 2380 cuncta
1481 2353 1601 2381 lustrans
1617 2361 1650 2381 ac
1665 2354 1754 2388 pervi-

967 2398 1044 2432 deus,
1058 2398 1194 2432 rebusque
1218 2398 1349 2425 omnibus.
1370 2406 1417 2425 seu
1442 2407 1503 2433 quw
1525 2400 1606 2431 ccelo,
1625 2407 1672 2427 seu
1693 2407 1756 2434 qua

968 2449 1037 2471 terra
1062 2444 1247 2477 continentur,
1270 2444 1382 2471 omnino
1406 2452 1536 2479 praesens,
1561 2453 1611 2472 suo
1639 2453 1756 2480 qumque

966 2490 1064 2518 ordine
1090 2490 1226 2525 sapienter
1252 2495 1367 2525 apteque
1380 2491 1528 2518 constituat
1543 2496 1624 2526 atque
1642 2491 1752 2526 dispen-

967 2540 1017 2562 set.
1027 2535 1115 2570 Atque
1139 2534 1166 2561 id
1192 2534 1279 2561 secuti
1303 2534 1430 2569 deinceps
1454 2535 1600 2569 prophetae,
1618 2534 1756 2569 prioribus

967 2581 1021 2608 illis
1035 2585 1217 2608 consentanea
1241 2580 1333 2607 divino
1358 2579 1460 2615 Spiritu
1475 2584 1602 2608 canentes
1618 2580 1668 2615 ipsi
1685 2588 1753 2615 quo-

969 2635 1031 2662 que,
1050 2631 1177 2654 testatum
1193 2626 1382 2661 reliquerunt;
1399 2634 1446 2654 seu
1461 2634 1523 2654 cum
1549 2626 1668 2653 divinam
1695 2633 1755 2660 per-

969 2681 1064 2701 sonam
1078 2673 1254 2706 sustinentes,
1267 2673 1339 2700 hunc
1361 2672 1388 2700 in
1414 2673 1524 2700 modum
1543 2673 1726 2701 exclamarent
1743 2681 1751 2700 :

976 2729 985 2745 1
1000 2719 1071 2745 Deus
1088 2719 1307 2754 appropinquans
1322 2727 1371 2754 ego
1390 2726 1463 2753 sum,
1489 2719 1554 2748 dicit
1568 2719 1710 2752 Dominus,
1726 2723 1754 2748 et

971 2773 1025 2792 non
1049 2765 1120 2793 Deus
1145 2765 1179 2792 de
1200 2765 1290 2800 longe.
1308 2764 1336 2792 Si
1350 2764 1430 2793 faciet
1443 2766 1543 2800 aliquid
1561 2766 1643 2794 homo
1659 2767 1686 2793 in
1703 2773 1752 2793 oc-

971 2811 1061 2844 cultis,
1078 2815 1104 2839 et
1114 2819 1164 2846 ego
1174 2811 1293 2840 nesciam
1311 2812 1396 2841 illud?
1406 2811 1532 2848 Nunquid
1550 2820 1604 2840 non
1616 2813 1716 2842 ccelum
1725 2816 1753 2841 et
