2070 3206
332 189 383 218 539

656 184 792 221 EUSEBII
812 192 1055 220 cmssmsxsrs
1072 190 1147 219 orp.
1167 188 1262 217 rans
1280 189 1312 216 η.
1333 179 1368 208 ’—
1388 185 1637 216 APOLOGETICA.

1907 182 1960 211 510

323 242 491 290 ῑοττοωεεο
503 253 620 288 impleo?
632 252 697 280 dicit
707 252 879 279 Dominus".
893 261 902 278 ι
915 250 969 278 Seu
984 258 1046 278 cum
1060 250 1106 277 ιιο(

1163 248 1254 279 τείνας
1274 248 1312 279 ὡς
1334 245 1435 282 σκηνὴν
1455 245 1602 272 κατοικεῖν.
1629 252 1638 268 ›
1665 241 1720 269 Καὶ
1734 239 1830 273 αὖθις·
1847 250 1857 266 1
1879 240 1960 267 Ἀνα-

325 300 376 335 ipsi
390 300 472 327 modo
495 299 529 326 de
550 299 605 326 Deo
622 298 852 333 philosophantur
867 307 874 325 :
896 307 905 323 1
920 297 987 330 Quis
1003 305 1114 325 mensus

326 351 366 373 est
378 354 460 373 manu
477 353 587 380 aquam,
603 350 629 372 et
645 345 744 373 cadum
757 345 859 379 palmo,
874 349 902 372 et
927 352 1035 372 omnem
1057 349 1114 372 ter-

327 399 382 418 ram
400 392 522 427 pugillo?
535 390 601 424 Quis
624 391 734 418 libravit
755 395 862 418 montes
888 391 915 418 in
941 390 1072 426 pondere,
1087 395 1115 418 et

326 438 407 465 colles
424 437 450 464 in
467 437 586 465 statera?
599 436 666 470 Quis
679 438 807 471 cognorit
820 442 939 464 mentem
952 437 1070 468 Domini,
1087 441 1115 465 et

325 483 386 517 quis
403 483 575 510 consiliarius
588 483 647 517 eius
663 483 764 511 fuit"?
779 493 787 509 ι
805 484 927 519 itemque
944 493 950 510 :
969 493 977 509 1
993 483 1045 516 Qui
1059 488 1115 511 διο-

325 528 375 556 tuit
402 528 478 564 quasi
506 536 642 556 cameram
668 529 778 561 cmlum,
796 534 822 556 et
842 529 962 556 extendit
977 530 1055 564 quasi
1072 534 1114 556 ta-

325 574 500 602 bernaculum
516 575 548 601 ad
566 575 744 601 habitandum
755 575 789 602 ³⁸.
806 585 814 600 ι
831 574 863 603 Et
876 583 1010 603 rursusz1
1027 575 1111 602 Leva-

325 624 350 646 te
374 619 401 646 in
428 619 569 647 excelsum
581 619 677 646 oculos
690 624 806 651 vestros,
821 624 850 646 et
862 620 960 653 videte,
976 620 1038 654 quis
1052 627 1114 655 per-

324 665 387 692 fecit
412 665 470 692 hinc
489 665 591 692 omnia.
609 674 620 691 ι
637 665 670 692 Et
684 665 814 699 deinceps
833 674 840 692 :
857 674 866 691 1
883 665 1015 693 Dominus
1030 665 1112 698 Dens,

323 711 369 746 qui
393 709 458 738 fecit
481 711 592 743 emtum,
611 715 638 738 et
656 711 788 738 stabilivit
802 712 889 746 ipsum
907 721 913 739 :
929 712 975 747 qui
995 712 1119 739 ﬁrmavit,

323 760 436 789 terram,
451 759 478 782 et
500 764 561 790 qua:
589 756 615 783 in
638 763 669 783 ea
695 760 784 784 sunt:
802 756 870 783 dans
890 755 983 783 ﬂatum
1001 756 1111 790 populo,

323 801 371 836 qui
397 805 440 828 est
462 809 544 835 super
566 809 638 833 eam,
654 805 681 828 et
703 801 828 836 spiritum
845 801 1011 829 calcantibus
1026 809 1085 828 eam
1104 810 1111 828 :

322 855 373 882 ego
402 847 534 875 Dominus
560 847 642 874 Deus.
656 857 665 873 ι
683 847 715 874 Et
729 847 858 881 deinceps
874 856 880 874 :
901 857 910 872 1
927 846 1041 874 Extendi
1054 855 1113 874 coa—

323 894 379 920 lum
394 893 479 925 solus,
494 898 520 920 et
537 894 643 920 ﬁrmavi
672 897 771 921 terram
790 903 796 920 :
811 893 893 928 319
912 901 963 929 ego
979 893 1120 921 Dominus.

323 937 396 966 Deus
411 948 418 966 :
436 938 528 966 nullus
551 943 593 966 est
608 943 704 974 praeter
721 946 764 965 me
773 939 807 965 ".
824 948 833 964 ι
850 938 883 965 Et
896 939 993 966 iterum
1011 949 1016 967 :
1039 949 1048 965 1
1066 939 1112 967 Sic

322 985 419 1012 dicetis
435 985 501 1019 ipsis
516 984 586 1016 :Dii,
602 985 649 1019 qui
665 985 764 1012 coelum
787 989 814 1012 et
838 989 937 1012 terram
964 993 1017 1012 non
1040 985 1112 1013 fece-

323 1035 397 1061 runt,
415 1034 527 1065 pereant
545 1038 559 1056 a
576 1030 646 1057 facie
664 1034 752 1061 terrae,
771 1035 796 1057 et
810 1029 843 1057 de
858 1030 909 1057 sub
922 1030 1002 1056 coelo.
1018 1029 1112 1057 Domi-

322 1083 385 1108 nus,
401 1076 448 1110 qui
472 1075 537 1103 fecit
558 1081 658 1103 terram
688 1076 714 1102 in
735 1075 897 1103 fortitudine
917 1083 976 1109 sua,
992 1076 1115 1103 correxit

321 1122 414 1149 orbem
434 1127 511 1150 terra:
531 1123 558 1149 in
575 1122 707 1156 sapientia
726 1129 786 1154 sua,
804 1127 831 1148 et
851 1122 878 1148 in
903 1122 1045 1156 prudentia
1061 1130 1109 1149 sua

321 1168 442 1194 extendit
462 1168 573 1200 uelum,
591 1172 618 1194 et
630 1167 746 1194 elevavit
769 1168 856 1195 nubes
873 1168 907 1195 ab
921 1173 1110 1196 extremo‘ter-

320 1221 359 1241 rae
375 1222 382 1240 :
402 1213 508 1249 fulgura
532 1214 559 1241 in
583 1214 703 1248 pluviam
719 1212 792 1246 fecit,
806 1217 833 1241 et
850 1213 941 1241 eduxit
956 1219 1054 1242 ventos
1075 1214 1110 1242 de

314 1259 457 1295 .thcsauris
483 1259 551 1287 suis.
572 1258 677 1286 Stultus
701 1259 789 1287 factus
812 1264 854 1287 est
877 1261 966 1288 omnis
991 1261 1073 1287 homo
1093 1268 1108 1288 a

320 1305 470 1332 scientia".
487 1315 496 1331 ι
517 1305 549 1332 Et
557 1313 668 1332 rursus:
681 1314 690 1330 1
705 1304 764 1337 Quo
777 1305 822 1332 ibo
834 1313 849 1332 a
861 1306 955 1340 spiritu
972 1311 1028 1339 tuo,
1040 1315 1054 1334 a
1069 1306 1109 1334 fa-

319 1351 362 1378 cie
374 1357 420 1379 tua
437 1351 483 1378 ubi
501 1350 722 1379 occultabor?Si
740 1352 888 1379 ascendere
901 1352 928 1379 in
944 1353 1054 1385 caelum.
1079 1357 1107 1380 tu

318 1398 375 1424 illic
389 1406 420 1425 es
438 1407 444 1425 :
460 1398 483 1425 si
501 1406 543 1424 me
560 1402 682 1425 stravere
701 1398 727 1425 in
750 1398 869 1432 inferno,
886 1399 951 1426 ades
971 1409 977 1426 :
993 1399 1015 1426 si
1032 1408 1108 1426 sum-

318 1451 400 1478 pscro
417 1451 520 1478 pennas
535 1451 610 1470 meas
632 1443 762 1477 diluculo,
777 1448 805 1472 et
828 1444 986 1472 habitavero
1010 1445 1036 1472 in
1061 1454 1108 1473 ειη

319 1490 414 1517 tremis
440 1491 662 1518 mariszetenim
694 1491 759 1519 illuc
788 1499 886 1520 manus
918 1496 964 1519 tua
992 1492 1108 1520 deducet

318 1536 421 1562 ωεστ.»
436 1535 524 1570 Atque
539 1536 596 1562 haec
610 1540 762 1570 cmteraque
775 1536 817 1563 his
827 1536 926 1568 amnia,
938 1545 1031 1564 eorum
1045 1543 1107 1564 sunt

319 1582 518 1617 theologorum,
536 1581 580 1615 qui
599 1589 661 1608 cum
684 1586 775 1608 essent
800 1582 849 1616 ipsi
866 1590 973 1616 quoque
987 1582 1105 1618 ‘lloysem
1120 1595 1141 1623 ε

318 1631 439 1660 tempore
457 1627 606 1659 consecuti,
625 1627 659 1653 de
681 1626 736 1654 Deo
761 1627 886 1654 similiter
906 1629 1104 1662 antiquissimis

318 1672 372 1699 illis
388 1672 513 1699 Patribus
527 1672 633 1707 gemina
651 1672 818 1699 cecinerunt.
836 1672 895 1699 .lam
917 1681 981 1700 vero
995 1674 1102 1701 illorum

317 1717 456 1752 deinceps,
471 1719 516 1752 qui
536 1723 598 1744 ante
612 1717 729 1752 Moysem
748 1718 884 1751 vixerunt,
898 1723 924 1745 et
941 1718 995 1745 Deo
1011 1720 1105 1747 claris-

318 1763 461 1794 simorum,
475 1769 502 1790 et
515 1763 732 1791 beatissimorum
747 1764 994 1799 virorumyquiquc
1009 1766 1103 1792 eodem

318 1809 493 1837 Hebraeorum
517 1818 549 1837 ex
572 1818 671 1845 genere
693 1810 812 1842 fuerunt,
828 1811 950 1844 adeoque
974 1811 1104 1846 principis

319 1856 440 1882 omnium
454 1855 615 1888 Abrahami,
633 1864 713 1890 quem
730 1856 864 1883 universae
882 1855 1037 1884 Judaaorum
1060 1866 1105 1884 na-

319 1901 401 1929 tionis
416 1906 553 1936 parentem
566 1902 713 1934 celebrant,
728 1909 807 1929 voces
825 1902 887 1929 audi
906 1911 913 1930 :
934 1912 943 1928 1
959 1902 1033 1930 Dixit
1055 1911 1104 1930 au—

319 1954 372 1975 tem
399 1947 534 1974 Abraham
561 1947 593 1974 ad
619 1955 709 1982 regem
728 1946 934 1980 Sodomorum:
952 1947 1102 1976 Extendam

318 2002 428 2021 manum
455 2001 542 2020 meam
573 1993 607 2020 ad
634 1993 716 2020 Deum
745 1993 918 2028 altissimum,
937 1995 983 2028 qui
1002 1996 1104 2022 creavit

317 2041 415 2067 nmium
429 2045 456 2066 et
469 2043 568 2067 terram
580 2039 630 2066 ⁸⁸.)
644 2039 700 2066 lmo
713 2043 775 2066 ante
783 2039 918 2067 Abraham
926 2040 1103 2069 Melchisedec

317 2085 364 2112 Dei
388 2085 513 2112 altissimi
540 2085 668 2112 sacerdos
695 2086 885 2117 introducitur,
904 2086 950 2121 qui
964 2087 1102 2121 conceptis

318 2132 406 2159 verbis
422 2132 463 2158 sic
477 2132 632 2158 Ahrahamo
645 2132 779 2159 benedicit
794 2141 800 2158 :
819 2142 828 2157 1
843 2132 1004 2160 Benedictus
1017 2132 1102 2159 Abra-

316 2179 379 2205 ham
395 2179 448 2205 Deo
459 2178 578 2209 excelso,
594 2178 639 2212 qui
657 2177 768 2205 tradidit
783 2178 873 2205 hostes
883 2183 942 2205 tuos
958 2178 984 2205 in
1003 2187 1100 2206 manus

316 2227 397 2250 tuas:
416 2227 443 2250 et
467 2223 624 2250 benedictus
650 2223 732 2255 Deus,
753 2223 798 2258 qui
828 2224 931 2251 creavit
953 2224 1052 2251 cmlum
1075 2229 1101 2251 et

1166 292 1283 327 ὖλέψατε
1309 292 1349 323 εἰς
1379 291 1410 318 τὸ
1436 290 1502 326 ὕψος
1527 290 1590 320 τοὺς
1614 287 1769 323 ὀφθαλμοὺς
1794 286 1882 322 ὑμῶν,
1910 287 1960 313 καὶ

1167 339 1246 371 ῐδετε,
1261 338 1303 370 τίς
1321 337 1456 369 κατέδειξε
1469 336 1555 363 ταῦτα
1575 335 1673 362 πάντα.
1695 343 1704 359 ›
1715 334 1769 360 Καὶ
1780 333 1842 368 ἑξῆς
1853 342 1860 348 ·
1874 343 1883 359 1
1898 332 1959 359 Κύ-

1167 393 1224 420 ριος
1234 386 1248 411 6
1259 385 1325 416 Θεὸς
1338 385 1352 410 ὁ
1367 385 1480 418 ποιήσας
1494 382 1539 409 τὸν
1555 381 1685 418 οὐρανὸν,
1703 380 1750 407 καὶ⁸
1765 379 1852 414 πήξας
1864 378 1957 411 αὐτὸν.

1165 432 1179 458 6
1200 430 1353 467 στερεώσας
1378 430 1426 466 τήν
1453 430 1505 466 γῆν
1529 430 1575 456 καὶ
1600 428 1635 455 τὰ
1651 429 1679 454 ἐν
1699 428 1778 463 αὐτῇ,
1802 428 1847 453 καὶ
1867 427 1959 458 διδοὺς

1165 476 1249 512 πνοὴν
1263 476 1302 512 τῷ
1313 475 1370 511 λαῷ
1382 475 1420 511 τῷ
1434 476 1477 502 ἐπ’
1496 475 1590 510 αὐτῆς,
1607 475 1653 501 καὶ
1667 473 1776 508 πνεῦμα
1786 474 1843 504 τοῖς
1854 472 1959 498 πατοί-

1166 532 1207 550 σιν
1224 523 1318 559 αὑτὴν,
1335 522 1391 558 ἐγὼ
1406 522 1508 558 Κύριος
1518 522 1532 548 6
1545 521 1619 552 Θεός.
1628 531 1637 547 ›
1652 521 1706 547 Kal.
1715 519 1787 555 ἔξῆςο
1799 528 1809 544 ‹
1820 518 1958 551 Ἐξέτεινα

1164 570 1209 596 τὸν
1218 569 1332 604 οὐρανὸν
1344 569 1434 603 μόνος,
1454 567 1502 594 καὶ
1517 566 1671 602 ἑστερέωσα
1685 565 1733 601 τὴν
1745 566 1796 600 γῆν
1805 572 1811 578 ·
1830 563 1885 598 ἐγὼ
1899 563 1958 590 Κύ-

1165 623 1222 651 ριος
1235 616 1249 641 6
1262 614 1328 646 Θεος
1338 622 1345 629 ·
1361 615 1411 640 οὐκ
1423 613 1486 640 ἔστι
1495 612 1564 647 πλὴν
1577 611 1655 647 ἐμοῦ.
1672 621 1682 637 ι
1695 612 1750 638 Καὶ
1766 610 1846 637 πάλιν
1856 618 1864 625 ⁸
1882 619 1890 635 1
1902 609 1959 636 υῦ-

1163 669 1217 693 τως
1233 661 1321 696 ἐρεῖτε
1337 660 1445 691 αὑτοῖς·
1462 659 1534 691 Θεοὶ,
1548 659 1572 685 οἳ
1589 658 1633 684 τὸν
1648 657 1761 693 οὐρανὸν
1780 657 1827 683 καὶ
1839 656 1887 692 τὴν
1903 657 1956 692 γῆν

1163 707 1212 732 οὑκ
1227 706 1367 742 ἐποίησαν,
1383 705 1576 732 ἀπολέσθωσαν
1593 703 1646 731 ἀπὸ
1663 703 1806 739 προσώπω
1823 702 1874 737 τῆς
1890 702 1956 738 γῆς⁹

1164 752 1211 779 καί
1224 751 1398 778 ὑποκάτωθεν
1414 751 1461 777 τοῦ
1477 749 1603 785 οὐρανοῦ.
1619 749 1720 785 Κύριος
1737 751 1751 776 6
1775 750 1889 784 ποιήσας
1903 747 1957 784 τὴν

1163 798 1214 833 γῆν
1230 799 1259 824 ἐν
1272 799 1304 833 τῇ
1324 797 1396 832 ἰσχύϊ
1414 795 1657 832 αὑτοῖμὰνώρθωσε
1672 795 1720 831 τὴν
1745 794 1907 830 οἰκουμένην
1924 795 1957 822 ὲν

1163 843 1195 877 τῇ
1209 842 1289 878 σοφίᾳ
1304 841 1402 874 αὑτοῦ,
1429 842 1476 868 καὶ
1500 842 1530 867 ἐν
1543 843 1581 877 τῇ
1592 841 1721 876 φρονήσει
1737 840 1818 867 αὑτοῦ
1835 839 1956 873 ἐξέτεινε

1163 888 1207 914 τὸν
1216 888 1338 923 οὐρανὸν,
1349 888 1396 914 καὶ
1407 888 1528 923 ἀνήγαγε
1541 887 1654 921 νεφέλας
1666 886 1695 919 ἐξ
1704 887 1816 921 ἐσχάτου
1828 886 1877 921 τῆς
1888 887 1953 922 γῆς·

1162 934 1306 969 ἀστραπὰς
1316 935 1356 965 εἰς
1372 934 1449 960 ὑετὸν
1468 934 1590 969 ἐποίησε,
1616 933 1662 959 καὶ
1681 932 1813 967 ἐξήγαγεν
1833 932 1955 967 ἀνέμους

1161 981 1193 1007 ὲκ
1210 980 1353 1016 θησαυρῶν
1373 980 1465 1007 αὑτοῦ.
1490 979 1650 1016 Ἐμωράνθη
1667 980 1720 1010 πᾶς
1739 979 1881 1014 ἄνθρωπος
1896 978 1954 1005 ἀπὸ

1161 1025 1296 1061 γνώσεως.
1313 1035 1322 1052 ›
1338 1026 1393 1053 Kal.
1408 1026 1490 1053 πάλιν
1502 1034 1509 1041 ’
1526 1035 1535 1051 1
1547 1025 1602 1052 Ποῦ
1613 1025 1736 1060 πορευθῶ
1748 1024 1801 1051 ἀπὸ
1810 1024 1858 1050 τοῦ
1869 1024 1953 1050 πνεύ-

1162 1073 1245 1108 ματός
1260 1081 1318 1105 σου,
1335 1073 1382 1099 καὶ
1398 1072 1508 1099 ἀπὸτοῦ
1533 1071 1678 1108 προσώπου
1696 1080 1742 1098 σου
1761 1071 1811 1097 ποῦ
1835 1070 1950 1106 κρυὸὦς

1166 1119 1228 1146 Ἐὰν
1241 1119 1333 1146 ἀναΰῶ
1347 1120 1387 1151 είς
1399 1120 1444 1146 τὸν
1457 1119 1582 1155 οὐρανὸν,
1594 1120 1627 1145 σὺ
1639 1120 1697 1145 ἐκεῖ
1712 1116 1738 1144 εἴ
1747 1127 1755 1133 -
1772 1118 1828 1144 se»
1835 1116 1952 1152 στρὼσω

1160 1166 1199 1197 είς
1212 1165 1257 1191 τὸν
1271 1165 1348 1201 ᾅδην,
1363 1167 1462 1202 πάρει·
1474 1166 1497 1192 εί
1508 1165 1669 1200 ἁναλάϐοιμι
1683 1163 1880 1199 τὰςπτέρυγάς
1897 1171 1950 1199 μου

1159 1213 1219 1239 κατ’
1234 1213 1341 1249 ὄρθρον,
1358 1213 1405 1239 καὶ
1420 1211 1661 1246 κατασκηνώσαιμι
1673 1211 1712 1242 είς
1728 1210 1762 1236 τὰ
1782 1210 1884 1244 ἔσχατα
1898 1209 1950 1244 τῆς

1158 1258 1312 1294 θαλάσσης·
1339 1259 1387 1285 καὶ
1407 1258 1461 1294 γὰρ
1483 1258 1566 1293 ὲκεῖή
1595 1257 1654 1292 χείρ
1670 1265 1715 1283 σου
1731 1255 1857 1291 ὁδηγήσει
1874 1264 1919 1290 με.
1937 1265 1947 1281 ο

1164 1304 1244 1331 Ἀλλὰ
1256 1304 1342 1331 ταῦτα
1354 1305 1401 1340 μὲν
1413 1303 1501 1331 καὶτὰ
1511 1303 1615 1334 τούτοις
1625 1303 1705 1338 ὅμοια
1717 1301 1772 1328 τῶν
1782 1301 1852 1337 μετὰ
1865 1302 1950 1328 Μωῦι

1159 1351 1207 1377 σέα
1222 1350 1362 1385 θεολόγων,
1381 1350 1434 1377 τῶν
1451 1350 1482 1384 δὴ
1500 1349 1546 1376 καὶ
1561 1349 1652 1376 αὐτῶν
1674 1349 1825 1384 Ἐϐραίων,
1847 1348 1951 1382 τυγχά-

1158 1405 1208 1429 νει,
1226 1397 1329 1431 συνῳδὰ
1343 1397 1398 1428 τοῖς
1412 1396 1587 1427 παλαιτάτοις
1599 1396 1767 1431 προπάτορσι
1791 1395 1951 1429 θεολογούν-

1156 1451 1210 1470 των
1220 1452 1226 1458 ·
1241 1443 1294 1470 τῶν
1309 1443 1337 1469 δέ
1353 1451 1385 1477 γε
1403 1443 1456 1478 πρὸ
1472 1443 1610 1474 Μωῦσέως
1621 1442 1752 1477 θεοφιλῶν
1771 1442 1817 1468 καὶ
1830 1450 1950 1477 τρισμα-

1157 1489 1259 1524 καρίων
1275 1489 1390 1524 ἀνδρῶν,
1407 1489 1459 1516 τῶν
1472 1490 1504 1524 δὴ
1519 1489 1565 1515 καὶ
1576 1488 1690 1524 πρώτων
1708 1488 1850 1524 Ἐϐραίων,
1862 1487 1948 1514 αὑτοῦ

1157 1544 1186 1561 τε
1198 1535 1304 1571 πρώτου
1319 1535 1427 1561 πάντων
1443 1534 1578 1571 ’Δῧραὰμ,
1595 1534 1624 1566 ὃς
1653 1534 1699 1560 καὶ
1719 1534 1868 1569 προπάτωρ
1898 1533 1948 1560 τοῦ

1158 1581 1257 1613 παντὸς
1282 1581 1417 1607 Ἰουδαίων
1431 1580 1523 1612 ἔθνους
1535 1581 1688 1616 ἁνείρηται,
1704 1581 1794 1607 ἄκουε.
1816 1590 1824 1604 1
1839 1577 1908 1606 Εἷπε
1919 1580 1949 1606 δὲ

1164 1627 1288 1662 Ἀϐραὰμ
1302 1627 1369 1662 πρὸς
1386 1626 1495 1662 βασιλέα
1508 1626 1644 1661 Σοδόμων·
1668 1625 1784 1652 Ἐκτενῶ
1800 1626 1848 1660 τὴν
1865 1626 1949 1660 χεῖρᾶ
1974 1635 1979 1638 ’

1159 1682 1208 1708 μου
1223 1673 1290 1708 πρὸς
1304 1674 1349 1699 τὸν
1363 1673 1428 1699 Θεὸν
1443 1674 1488 1699 τὸν
1505 1673 1625 1707 ὕψιστον,
1639 1673 1668 1703 ὃς
1686 1672 1775 1698 ἔκτισε
1798 1673 1842 1698 τὸν
1861 1673 1948 1706 οὐρα-

1158 1720 1202 1746 νὸν
1216 1720 1262 1745 καὶ
1270 1719 1318 1754 τὴν
1333 1720 1393 1754 γῆν.
1415 1729 1424 1744 ι
1445 1720 1499 1745 Καὶ
1515 1720 1568 1754 πρό
1578 1727 1609 1753 γε
1625 1717 1672 1744 τοῦ
1692 1717 1818 1753 Ἀϐραὰμ
1837 1717 1950 1752 εἰσάγε-

1157 1774 1201 1791 ται
1217 1767 1231 1792 6
1247 1765 1408 1800 Μελχισεδὲκ
1427 1766 1516 1801 ἱερεὺς
1531 1765 1577 1791 τοῦ
1593 1764 1660 1790 Θεοῦ
1675 1764 1722 1790 τοῦ
1748 1764 1858 1798 ὑψίστου
1872 1785 1879 1795 ,
1899 1764 1948 1790 τὸν

1164 1811 1287 1846 Ἀϐραὰμ
1303 1811 1419 1846 εὐλογῶν
1434 1811 1538 1843 τούτοις
1554 1812 1610 1842 τοῖς
1632 1811 1764 1846 ῥήμασιν·
1787 1819 1796 1835 1
1822 1810 1947 1845 Εὐλογη-

1159 1857 1237 1892 μένος
1258 1856 1382 1893 Ἀϐραὰμ
1393 1857 1429 1892 τῷ
1439 1856 1498 1892 Θεῷ
1508 1856 1546 1891 τῷ
1560 1856 1674 1892 ὑψίστῳ,
1687 1855 1716 1888 ὃς
1730 1855 1872 1891 παρέδωκε
1882 1857 1948 1888 τοὺς

1157 1902 1269 1938 ἐχθρούς
1286 1911 1332 1931 σου
1345 1903 1516 1939 ὑποχειρίους
1532 1911 1588 1929 σοι·
1606 1902 1652 1929 καὶ
1669 1902 1814 1938 εὐλογητὸς
1830 1903 1844 1928 6
1867 1902 1953 1934 Θεὸς,

1156 1948 1184 1979 ὃς
1197 1948 1286 1976 ἔκτισε
1300 1949 1346 1976 τὸν
1359 1949 1472 1984 οὐρανὸν
1486 1949 1532 1975 καϊ
1544 1949 1593 1984 τὴν
1608 1949 1670 1983 γῆν.
1689 1958 1698 1975 ι
1718 1949 1778 1975 Ἔτι
1792 1948 1861 1984 πρὸς
1883 1949 1947 1975 τούξ

1156 2002 1211 2026 τοις
1227 1995 1240 2020 ὁ
1255 1994 1332 2028 λόγος
1345 1995 1390 2021 τὸν
1410 1994 1533 2030 Ἀϐραὰμ
1555 1995 1659 2029 εἰσάγει
1674 1994 1712 2030 τῷ
1738 1995 1830 2030 οἰκείῳ
1854 1995 1945 2021 τοιάδε

1157 2040 1415 2076 προσδιαλεγόμενον
1429 2049 1435 2055 ·
1452 2050 1461 2066 1
1481 2040 1532 2072 Θὲς
1547 2040 1596 2076 τὴν
1612 2041 1690 2076 χεῖρά
1705 2049 1751 2067 σου
1767 2041 1819 2067 ὑπὸ
1835 2041 1880 2067 τὸν
1893 2049 1946 2076 μη-

1158 2087 1202 2121 ρόν
1217 2095 1277 2122 μου,
1291 2087 1337 2113 καὶ
1352 2086 1465 2122 ἐξορκιῶ
1483 2095 1512 2113 σε
1529 2086 1631 2122 Κύριον
1646 2087 1692 2113 τὸν
1705 2086 1771 2113 Θεὸν
1792 2085 1840 2113 τοῦ
1862 2087 1945 2122 ούρα-

1157 2130 1203 2159 νοῦ
1216 2153 1222 2163 ,
1250 2132 1295 2159 καὶ¹
1307 2133 1351 2158 τὸν
1365 2132 1430 2158 Θεὸν
1440 2132 1487 2167 τῆς
1496 2132 1557 2166 γῆς.
1570 2141 1580 2157 ι
1596 2132 1651 2158 Καὶ
1665 2131 1784 2166 ἐπιλέγει
1799 2140 1803 2147 ι
1816 2141 1825 2156 1
1841 2131 1944 2165 Κύριος

1155 2179 1168 2204 6
1181 2178 1246 2209 Θεὸς
1256 2177 1302 2204 τοῦ
1317 2177 1429 2213 ούρανοῦ
1440 2199 1448 2211 ,
1468 2178 1514 2204 καὶ
1527 2178 1541 2204 6
1556 2177 1622 2209 θεὸς
1633 2178 1682 2213 τῆς
1695 2178 1755 2212 γῆς,
1773 2177 1801 2208 ὃς
1815 2176 1895 2203 ἔλαϐέ
1909 2185 1942 2211 με

1155 2225 1186 2250 ὲκ
1208 2223 1254 2250 τοῦ
1271 2223 1344 2250 οἴκου
1364 2223 1411 2250 τοῦ
1437 2224 1540 2258 πατρός
1559 2232 1624 2258 μου,
1641 2223 1688 2249 καὶ
1701 2225 1734 2250 ὲκ
1749 2223 1797 2258 τῆς
1816 2223 1886 2257 γῆς,
1908 2221 1943 2258 ἧς

315 2273 415 2296 terram
427 2269 460 2296 ".
478 2278 487 2294 ι
505 2268 590 2296 Porro
607 2269 730 2295 eumdem
755 2269 941 2296 Abrahamnm
966 2270 1052 2297 sacris
1077 2270 1102 2297 in

1158 2269 1313 2304 ἐγεννήθην.
1341 2278 1351 2295 ›
1375 2269 1436 2295 Ἐπὶ
1461 2270 1527 2295 πᾶσι
1545 2269 1648 2300 τούτοις
1672 2269 1700 2295 ἐν
1715 2270 1748 2304 τῇ
1770 2268 1837 2303 πρὸς
1861 2268 1942 2294 αὑτὸν

315 2315 412 2343 litteris
427 2315 570 2348 habemus,
585 2323 647 2342 cum
665 2323 719 2342 uno
734 2323 748 2343 e
763 2316 850 2344 servis
862 2316 914 2343 hoc
927 2317 1009 2343 modo
1020 2316 1102 2344 collo-

313 2366 440 2396 quentem
455 2370 461 2387 :
474 2370 482 2385 1
496 2360 569 2388 Pone
582 2369 691 2388 manum
704 2366 777 2388 tuam
791 2362 884 2389 subter
899 2361 986 2389 femur
1000 2371 1100 2396 meum,

314 2412 340 2434 et
356 2407 490 2441 adjurabo
515 2411 541 2433 te
565 2415 613 2441 per
627 2407 773 2433 Dominum
789 2407 872 2434 Deum
888 2408 961 2439 caeli,
976 2412 1002 2435 et
1016 2407 1099 2436 Deum

313 2452 433 2479 teme“.
451 2462 461 2478 ι
480 2451 512 2478 Et
525 2452 604 2487 paulo
621 2457 679 2487 post
698 2461 704 2478 ε
726 2462 734 2478 ι
750 2452 882 2480 Dominus
898 2453 969 2481 Deus
989 2454 1060 2488 C(Bli,
1074 2459 1101 2482 et

313 2502 400 2529 terrae,
415 2498 460 2532 qui
487 2499 591 2532 accepit
618 2507 662 2526 me
684 2499 716 2526 de
742 2499 824 2526 domo
848 2500 933 2534 patris
948 2501 1012 2532 mei,
1025 2505 1053 2527 et
1064 2502 1097 2528 de

311 2546 393 2574 terra,
409 2543 435 2569 in
452 2551 504 2577 qua
518 2549 595 2571 natus
615 2545 719 2571 sum".
738 2554 746 2570 ι
765 2544 870 2578 Quibus
888 2546 1015 2573 omnibus
1031 2546 1096 2573 illud

311 2588 392 2615 etiam
418 2589 527 2624 adiungi
554 2595 651 2625 potest,
667 2591 738 2625 quod
752 2599 784 2617 ex
800 2590 865 2624 Deo,
882 2585 932 2626 qui.
944 2592 995 2619 sibi
1012 2601 1096 2627 appa-

311 2639 412 2665 ruerat,
432 2634 536 2671 Moyses
551 2636 663 2664 audivit.
681 2637 818 2669 Quaerenti
833 2638 904 2664 enim
923 2638 985 2673 ipsi,
1004 2646 1097 2673 quent-

310 2681 454 2708 admodum
478 2687 549 2709 esset
572 2682 605 2709 de
629 2682 684 2710 Deo
700 2683 882 2715 sentiendum.
900 2685 1041 2711 oraculum
1058 2685 1095 2712 ita

309 2727 448 2759 respondit
462 2736 468 2753 :
488 2736 497 2752 1
513 2727 569 2762 Ego
583 2735 643 2755 sum
668 2728 714 2763 qui
739 2736 799 2756 sum
813 2738 819 2756 :
838 2729 876 2756 sic
889 2729 964 2756 dices
976 2730 1038 2757 liliis
1053 2729 1094 2757 ls-

308 2771 438 2804 rael:Qui
451 2778 502 2804 est,
519 2773 592 2801 misit
611 2782 653 2802 me
678 2775 711 2802 ad
736 2783 786 2802 vos
795 2775 828 2801 ⁶¹.
846 2785 855 2800 ι
875 2775 915 2803 Ac
929 2776 962 2803 de
979 2775 1093 2803 inﬁnitis

308 2823 393 2850 pauca
411 2817 462 2844 ista
476 2816 649 2846 Hehrzeorum
661 2827 694 2847 ex
704 2821 840 2856 theologia
852 2823 934 2856 petita
947 2822 1092 2851 solliciant.

343 2873 366 2911 ’ξ
380 2873 435 2911 Jer.
451 2883 527 2906 mn,
544 2875 577 2908 6;
594 2875 646 2904 lsa.
661 2885 703 2909 χιι,
720 2878 762 2905 12,
817 2879 840 2894 ⁸³
856 2878 906 2906 lsa.
921 2888 963 2911 ιιι,
980 2880 1024 2911 2:2,
1039 2879 1084 2907 26.

1152 2314 1270 2342 Μωΰσέα
1287 2314 1440 2350 Θεοφανείᾳ,
1457 2315 1601 2350 πυθομένῳ
1615 2314 1653 2350 τῷ
1669 2315 1772 2350 Μωῡσῇ
1784 2334 1791 2345 ,
1810 2313 1871 2340 τίνα
1887 2314 1940 2350 χρὴ

1151 2362 1196 2389 τὸν
1212 2362 1277 2388 Θεὸν
1293 2362 1428 2397 ἡγεῖσθαι,
1448 2362 1529 2397 φησὶν
1545 2364 1559 2388 6
1570 2363 1691 2397 χρησμός
1702 2370 1708 2376 ·
1728 2371 1737 2387 1
1765 2361 1834 2395 Ἐγώ
1847 2362 1906 2396 είμι
1925 2361 1941 2387 ό

1150 2408 1201 2435 ῶνι
1215 2408 1299 2440 οὕτως
1316 2410 1387 2444 ἐρεῖς
1398 2410 1453 2440 τοῖς
1468 2409 1537 2440 υἱοῖς
1555 2408 1678 2444 Ἰσραήλ·
1696 2408 1724 2434 '0
1733 2407 1769 2434 ὣν
1784 2407 1940 2434 ἀπέσταλκὲ

1152 2463 1184 2489 με
1197 2455 1264 2490 πρὸς
1279 2455 1359 2490 ὑμᾶς.
1374 2465 1382 2480 ι
1397 2455 1490 2482 Ταῦτα
1500 2455 1549 2490 μὲν
1557 2453 1603 2482 οὖν
1617 2455 1670 2481 ἀπὸ
1683 2455 1786 2490 μυρίων
1802 2455 1874 2481 ὂσων
1889 2455 1939 2490 τῆς

1154 2500 1287 2536 Ἐϐραίων
1299 2500 1438 2535 θεολογίας
1451 2501 1593 2528 ἐκκείσθω.
1605 2500 1667 2537 τΔρ·
1681 2499 1728 2527 οὖν
1742 2499 1816 2533 ἄξιον
1831 2501 1861 2526 ὲν
1872 2509 1938 2534 συγ-

1149 2547 1237 2582 κρίσει
1255 2547 1438 2582 παραϐἀλλειν
1453 2547 1551 2579 αὐτοὺς
1567 2547 1616 2579 τὰς
1627 2547 1679 2573 τῶν
1694 2547 1782 2582 σοφῶν
1805 2546 1938 2581 Ἑλλήνων

1150 2594 1296 2628 θεολογίας,
1312 2594 1367 2620 τῶν
1385 2594 1432 2629 μὲν
1445 2594 1505 2629 μηδ’
1515 2594 1582 2625 ὅλως
1597 2592 1665 2620 εἶναι
1679 2594 1745 2620 Θεὸν
1760 2593 1937 2628 ἀποφηναμέ-

1150 2638 1274 2669 νων,τών
1287 2639 1315 2665 δὲ
1331 2639 1393 2670 τοὺς
1409 2638 1525 2674 ἀστέρας
1540 2639 1608 2664 εἶναι
1621 2639 1777 2673 φασκόντων
1789 2659 1796 2671 ,
1818 2637 1866 2669 οὒς
1891 2638 1937 2664 καὶ

1150 2684 1266 2720 μύδρους
1276 2685 1419 2719 τυγχάνειν
1433 2685 1590 2720 διαπύρους,
1602 2685 1673 2720 ἥλων
1687 2685 1734 2711 καὶ
1756 2684 1882 2711 πετάλων
1898 2684 1936 2710 δί-

1148 2739 1199 2766 κην
1212 2731 1406 2767 ἐμπεπηγότας
1425 2731 1463 2767 τῷ
1476 2731 1582 2767 ούρανῴ
1593 2740 1599 2746 ·
1613 2731 1666 2758 τῶν
1681 2731 1709 2757 δὲ
1728 2731 1783 2766 πῦρ
1800 2729 1870 2757 εἶναι
1893 2739 1936 2756 τε-

1147 2778 1237 2814 χνικὸν
1254 2778 1305 2813 ὁδῷ
1321 2777 1427 2812 βαδίζον
1438 2786 1444 2792 ·
1462 2779 1506 2805 καὶ
1522 2777 1575 2804 τῶν
1604 2778 1653 2812 μὲν
1671 2777 1708 2813 μὴ
1733 2777 1847 2812 προνοίᾳ.
1867 2775 1934 2802 Θεοῦ

1146 2823 1304 2850 διοικεῖσθαι
1315 2823 1359 2850 τὸν
1377 2825 1488 2858 κόσμον,
1505 2823 1584 2857 φύσει
1601 2823 1628 2849 δέ
1639 2831 1690 2850 τινι
1706 2823 1808 2857 ἀλόγῳ·
1826 2822 1882 2848 τῶν
1896 2821 1932 2853 δὲ,

1141 2880 1164 2896 ⁸⁸
1183 2878 1234 2907 Ιειι.
1251 2888 1316 2913 χιιι,
1334 2881 1358 2907 5.
1409 2881 1432 2896 ⁵³
1445 2881 1496 2907 lsa.
1514 2888 1584 2911 μιν,
1604 2879 1648 2906 24.
1707 2881 1729 2895 ⁵⁵
1753 2879 1808 2906 Jer.
1827 2888 1853 2913 ι,
1888 2880 1932 2906 li.

380 2891 435 2901 σιιι·
453 2891 527 2906 ιλιιιο
544 2891 577 2908 ’1,
594 2891 646 2904 Ιθιιο
661 2891 703 2909 λιι,
720 2891 762 2905 ll.
818 2891 839 2894 "
856 2891 906 2906 ιδλι.
921 2891 963 2911 λι,
981 2891 1024 2911 2:2",
1041 2891 1084 2907 ΖΟ.
1141 2891 1164 2896 ’⁷
1184 2891 1234 2907 ISK.
1251 2891 1316 2913 XLII,
1334 2891 1358 2907 ἱ).
1409 2891 1432 2896 ‘"’
1445 2891 1496 2907 153.
1514 2891 1584 2911 xuv,
1605 2891 1648 2906 Ζῦ.
1707 2891 1729 2895 ’”“”
1753 2891 1808 2906 δυΓ.

309 2907 331 2922 ’⁷
349 2907 421 2936 Psal.
446 2918 576 2944 cum“,
591 2911 617 2938 7.
655 2913 677 2927 "
694 2912 760 2940 Gen.
778 2921 832 2948 xw,
851 2914 894 2940 ‘22.
933 2915 1035 2942 "ibid.
1056 2915 1099 2944 i9,
1136 2915 1158 2931 ⁶⁰
1170 2915 1236 2943 Gen.
1251 2924 1324 2948 xxn‘,
1342 2916 1367 2943 5.
1406 2916 1426 2931 θ’
1441 2916 1505 2944 ibid.
1524 2915 1547 2942 7.
1588 2914 1710 2951 “ﬁxed.
1728 2923 1767 2949 ιιι,
1781 2916 1823 2942 ll.
