2070 3206
111 200 163 228 54⁷1·

682 201 842 229 PREPAR.
863 200 988 228 EVANG.
1010 199 1073 227 LIB.
1095 199 1146 227 Ἢν

1689 203 1742 230 542

111 264 146 291 τὰ
162 263 210 299 μὲν
233 262 350 298 οὐράνια
379 262 446 298 μόνα
469 262 521 290 ὑπο
534 262 600 289 Θεοῦ
616 262 792 294 διοικεῖσθαι,
809 262 840 288 οὐ
856 261 908 297 μὴν

961 261 1147 296 Quisquamne
1171 270 1235 290 vero
1263 271 1324 290 cum
1350 263 1404 291 illis
1426 264 1549 299 egregias
1573 264 1742 291 eruditorum

113 310 159 337 καὶ
173 309 207 335 τὰ
221 309 269 334 ἐπὶ
281 309 334 344 γῆς
344 317 350 323 ·
368 309 415 335 καὶ
430 308 519 339 πάλιν,
531 307 678 343 ἀγέννητον
704 305 773 334 εἶναι
792 307 837 333 τὸν
861 308 907 334 x6-

116 363 192 391 σμον,
209 354 258 381 καὶ
275 354 338 390 μήθ’
351 354 419 386 ὅλως
432 354 484 380 ὑπὸ
497 353 563 380 Θεοῦ
579 353 721 388 γενέσθαι,
747 353 908 388 αὐτομάτως

116 403 144 428 δὲ
157 402 201 428 καὶ
216 401 386 436 συντυχικῶς
399 399 549 435 ’ὑφεστάναι
562 409 568 416 ι
579 401 634 427 τῶν
649 400 686 432 δὲ,
701 399 730 432 ἐξ
744 400 852 434 ἀτόμων
862 399 908 426 καὶ

116 447 221 475 λεπτῶν
235 447 372 482 σωμάτων
387 446 498 481 ἀψύχων
507 446 597 476 τινῶν,
612 446 658 472 καὶ
679 445 782 479 ἀλόγων
797 445 844 480 τὴν
859 443 906 471 τοῦ

117 494 216 526 παντὸς
230 493 360 525 σύστασιν
370 493 519 527 γεγονέναι.
539 492 618 518 Ἀλλὰ
628 491 661 518 τὰ
675 491 724 527 μὲν
734 491 764 517 ὲκ
774 491 827 517 τῶν
841 490 905 526 παρ’

121 540 257 576 Ἑϐραίοις
273 540 371 574 λογίων
383 539 447 574 περὶ
460 538 509 565 τοῦ
526 539 580 565 τῶν
591 538 658 564 ὅλων
669 538 736 564 Θεοῦ
749 537 787 569 ὡς
802 539 830 564 ὲν
841 537 910 573 βρα-

959 307 1115 334 Graecorum
1133 308 1166 335 de
1180 308 1234 336 Deo
1248 309 1448 344 disputationes
1461 310 1639 338 conferendas
1650 311 1755 350 putet?”

959 360 1075 387 quorum
1093 354 1138 380 alii
1163 354 1331 382 divinitatem
1351 355 1473 383 funditus
1496 364 1605 383 omnem
1626 352 1758 384 snstule-‘i

958 402 1039 431 runt;
1059 398 1104 425 alii
1121 399 1207 427 stellis
1219 401 1342 427 eamdem
1365 401 1530 433 tribuerunt,
1551 410 1619 436 quas
1635 402 1686 436 ipsi
1704 407 1745 430 ta—
1757 397 1763 435 ξ

951 452 1019 472 πιθη
1040 445 1135 480 globos
1160 446 1292 481 quosdam
1308 447 1402 481 igneos
1414 451 1440 474 et
1457 447 1604 475 candentes
1620 455 1680 475 esse
1696 455 1745 475 vo-

958 490 1058 522 lebant.
1079 491 1160 526 320
1184 491 1212 518 in
1236 492 1304 519 coelo
1321 492 1460 520 clavorum
1478 497 1525 520 aut
1541 494 1703 520 laminarum
1716 494 1744 520 in

959 544 1062 563 morem
1076 537 1128 564 alte
1145 537 1307 572 penitusque
1319 538 1422 565 deﬁxos
1438 547 1445 565 :
1463 538 1508 565 alii
1529 539 1646 574 denique
1659 539 1745 566 artiﬁ-

114 586 175 628 χέσι
185 586 312 613 τοιαῦτα·
332 585 446 612 συνιδεῖν
459 584 487 611 δὲ
497 584 591 616 ἕπεται
605 585 651 611 καὶ
663 584 697 610 τὰ
709 583 777 620 μετὰ
795 583 839 610 τὺν
851 583 905 610 τῶν

961 581 1063 609 ciosum
1087 582 1188 617 ignem,
1202 587 1230 610 et
1253 587 1327 610 certo
1347 583 1466 618 quodatn
1484 584 1580 611 Ordine
1593 592 1653 612 sese
1670 592 1746 612 com-

115 627 184 659 δλων
203 632 269 658 Θεὸν
291 632 356 667 περὶ
374 631 423 667 τῆς
444 630 498 657 τῶν
513 629 650 665 γεννητῶν
663 630 750 666 ἀρχῆς
771 628 906 664 Ἐὕραίοις

961 632 1110 655 moventem
1132 627 1179 656 Dei
1202 629 1262 656 loco
1277 632 1440 658 statuerunt.
1456 630 1509 657 Alii
1524 635 1652 666 praeterea
1670 631 1745 658 nullo

114 679 283 714 πεφιλοσοφη
288 678 365 714 μένα.

961 674 1004 702 Dei
1035 675 1152 702 causilio
1178 676 1309 703 mundum
1339 677 1496 712 gubernari,
1523 678 1568 704 sed
1598 678 1744 705 temerario

114 725 233 758 quodam
258 728 362 751 naturae
384 723 487 758 impetu
508 722 571 751 ferri
603 722 757 753 docebant:
775 720 831 751 alii.
860 727 922 747 cum
943 719 970 746 in
1003 720 1159 748 coelestibus
1178 722 1260 749 modo
1276 722 1359 750 rebus
1380 723 1478 750 divinte
1502 723 1682 751 Providentiae
1694 723 1750 750 du-

115 777 189 799 ctum
205 775 394 806 agnoscerent,
417 770 588 801 terrestribus
609 775 716 795 omnem
742 766 906 794 adimebant.
926 764 1043 799 Rursus,
1059 770 1121 794 ortu
1146 768 1267 795 caruisse
1292 768 1424 795 mundum
1449 769 1490 795 vel
1508 776 1523 795 a
1538 767 1592 796 Deo
1604 769 1744 796 conditum

115 823 178 843 eum
201 815 285 843 fuisse
307 817 462 853 negabant:
480 823 542 845 cum
574 815 619 841 alii
649 822 697 845 sua
723 817 818 848 sponte
832 817 858 839 et
872 819 937 838 casu
956 813 1075 847 quodam
1098 814 1236 841 exstitisse
1262 814 1338 841 illum
1363 819 1390 841 et
1404 814 1540 842 coaluisse
1560 815 1673 848 vellent;
1698 811 1745 842 alii
1781 824 1790 832 -

115 869 181 888 vero
198 869 231 888 ex
265 861 413 889 individuis
430 861 604 896 quibusdam,
621 858 841 895 tenuissimisque
857 857 1037 890 corpusculis,
1059 858 1209 894 iisdemque
1240 860 1331 886 anima
1351 859 1434 886 simul
1463 864 1491 887 et
1515 860 1617 888 ratione
1647 868 1745 887 carem

115 907 198 939 tibus,
216 907 334 935 universi
357 907 454 934 molem
480 906 623 938 conﬂatam
643 912 703 932 esse
730 903 914 930 defenderent.
943 903 977 929 At
1002 903 1034 930 de
1062 911 1153 931 rerum
1178 905 1300 932 omnium
1328 910 1493 940 praepotente
1529 905 1602 939 Deo,
1637 906 1695 934 haec
1728 916 1744 936 ιι

115 955 196 982 nobis
212 962 245 981 ex
261 953 436 981 Hebraeorum
452 953 570 980 oraculis
584 952 712 984 delibata,
724 950 804 978 modo
821 950 896 977 satis.
917 948 1092 985 Consequens
1119 951 1247 987 deinceps
1271 953 1333 986 erit,
1359 958 1388 980 ut
1413 953 1652 989 quemadmodum,
1668 954 1745 983 orbis

115 1001 231 1042 pra-side
245 1001 402 1032 constituto,
420 1001 453 1029 de
469 1009 559 1027 rerum
578 1001 615 1027 illi
630 1003 780 1027 creatarum
800 997 933 1033 principio
946 997 1128 1036 philosophati
1142 1000 1206 1033 sint,
1224 1000 1376 1029 videamus.

377 1048 525 1074 ΚΕΦΑΛΑΙ
532 1048 577 1074 ΟΝ
596 1046 645 1077 lB'.

179 1105 250 1139 Περὶ
267 1104 322 1138 τῆς
339 1104 392 1131 τοῦ
406 1104 545 1138 δευτέρου
563 1104 658 1130 αἰτίου
675 1102 839 1137 θεολογίας.

150 1161 241 1197 Θαλῆς
259 1161 308 1197 μὲν
317 1162 332 1188 ὁ
343 1161 474 1197 Μιλήσιος
487 1161 573 1196 ἀρχὴν
582 1161 636 1188 τῶν
651 1161 780 1187 ἁπάντων
791 1161 820 1187 τὸ
835 1160 909 1195 ὕδωρ

115 1207 186 1235 εἶναι
210 1209 387 1243 ἀπεφήνατο,
408 1207 582 1243 ’Λναξιμὲνης
604 1208 633 1233 δὲ
651 1207 695 1233 τὸν
717 1207 803 1242 ἀέρα,
827 1207 908 1242 Ἡρά-

115 1255 223 1286 κλειτος
232 1254 262 1280 τὺ
275 1254 340 1289 πῦρ,
349 1253 508 1288 Πυθαγόρας
523 1253 666 1289 ἀριθμοὺς,
681 1253 838 1288 Ἐπίκουρος
849 1252 909 1288 ἅμα

115 1300 281 1335 Δημοκρίτῳ
295 1299 408 1335 σώματα
421 1299 518 1334 ἄτομα,
542 1298 726 1334 Ἐμπεδοκλῆς
742 1298 775 1324 τὰ
788 1298 907 1333 τέσσαρα

118 1347 250 1381 στοιχεῖα.
273 1345 387 1380 Ἴδωμεν
401 1344 545 1380 τοιγαροῦν
561 1346 609 1372 καὶ
625 1344 659 1370 τὰ
683 1344 748 1380 παρ’
772 1343 908 1379 Ἑϐραίοις

116 1391 206 1426 λόγια.
224 1390 302 1418 Μετὰ
315 1391 363 1426 τὴν
378 1391 493 1426 ἄναρχον
507 1391 554 1418 καὶ
567 1392 696 1425 ἀγένητον
713 1390 759 1416 τοῦ
775 1389 841 1416 Θεοῦ
854 1389 908 1416 τῶν

118 1437 188 1463 ὅλων
202 1436 306 1468 οὐσίαν,
319 1437 434 1471 ἄμικτον
446 1434 527 1462 οὖσαν
540 1436 586 1465 καὶ
604 1436 733 1462 ἐπέκεινα
757 1435 846 1470 πάσης
859 1444 908 1462 κα-

117 1482 271 1517 ταλήψεως,
286 1482 415 1518 δευτέραν
434 1482 526 1508 οὐσίαν
548 1481 603 1517 (74)
625 1482 671 1508 καί
692 1480 765 1507 θείαν
783 1481 909 1516 δύναμιν,

118 1529 206 1564 ἀρχὴν
221 1529 277 1556 τῶν
289 1529 410 1564 γενητῶν
426 1528 563 1562 ἁπάντων,
575 1528 687 1564 πρώτην
698 1537 726 1554 τε
739 1528 907 1558 ύποστᾶσαν,

118 1577 174 1603 κάκ
181 1575 227 1602 τοῦ
242 1575 349 1611 πρώτου
364 1576 450 1602 αἰτίου
460 1575 644 1610 γεγενημένην
653 1575 802 1609 εἰσάγουσι,
812 1574 907 1608 Λόγον,

118 1623 165 1650 καὶ
184 1623 294 1656 Σοφίαν,
308 1623 356 1649 καὶ
370 1622 437 1648 Θεοῦ
461 1622 576 1658 δύναμιν
595 1621 678 1657 αὐτὴν
695 1620 910 1657 προσαγορεύω-ν

118 1677 175 1700 τες.
192 1667 315 1694 Τοῦτοδὲ
328 1667 435 1704 πρῶτος
453 1668 573 1694 διδάσκει
593 1667 678 1702 λέγων
707 1666 782 1693 Ἰώ6”
803 1677 812 1693 ‹
837 1666 867 1692 Ἡ
881 1666 909 1692 δὲ

1255 1046 1369 1074 CAPUT
1388 1047 1445 1075 Xll.

1031 1102 1202 1130 llcbt'warum
1214 1103 1245 1130 de
1259 1105 1372 1132 secunda
1387 1105 1518 1139 principio
1533 1105 1671 1140 theologia.

994 1161 1093 1188 Thales
1108 1162 1218 1196 quidem
1234 1162 1278 1189 ille
1290 1162 1422 1195 Milesius,
1441 1170 1532 1190 rerum
1551 1163 1742 1192 universarum

958 1207 1121 1242 principium
1137 1215 1236 1242 aquam
1258 1215 1318 1235 esse
1336 1208 1506 1241 defendebat,
1523 1216 1613 1236 aerem
1640 1210 1744 1237 Anaxi—

957 1261 1060 1286 menes,
1091 1253 1242 1281 Heraclitus
1268 1254 1373 1289 ignem,
1406 1262 1535 1282 numeros
1563 1255 1742 1292 Pythagoras,

957 1298 1091 1334 Epicurus
1118 1308 1180 1326 cum
1207 1299 1362 1327 Democrito
1379 1301 1541 1335 corpuscula
1559 1302 1682 1336 quamam
1700 1302 1743 1328 in-

957 1345 1077 1378 dividua,
1093 1345 1270 1380 Empedocles
1285 1351 1403 1381 quatuor
1416 1347 1560 1374 elementa.
1576 1347 1632 1375 Nos
1644 1349 1695 1375 hac
1711 1349 1744 1376 de

958 1398 987 1417 re
1004 1391 1176 1418 Hebraeorum
1190 1400 1300 1427 quoque
1320 1392 1424 1420 litteras
1437 1394 1625 1421 consulamus.
1649 1393 1687 1420 llli
1705 1402 1744 1421 er-

958 1445 1002 1472 go,
1019 1438 1170 1465 secundum
1186 1439 1335 1473 principem
1347 1439 1432 1471 illam,
1452 1445 1479 1467 et
1504 1440 1638 1475 principio
1662 1441 1744 1468 simul

958 1488 1074 1518 ortuque
1097 1489 1233 1512 carentem
1256 1485 1429 1519 praepotentis
1447 1485 1493 1512 Dei
1518 1490 1655 1518 naturam,
1671 1494 1744 1521 qum-

958 1535 1011 1562 que
1026 1532 1055 1554 ut
1067 1528 1101 1555 ab
1113 1529 1187 1555 omni
1204 1529 1381 1563 permistione
1397 1530 1521 1564 sejuncta
1545 1535 1598 1563 est,
1615 1531 1656 1558 sic.
1668 1531 1742 1558 omni

958 1574 1202 1608 comprehensione
1232 1575 1330 1609 major,
1353 1580 1479 1602 naturam
1507 1576 1618 1605 alteram
1643 1577 1745 1604 consti-

959 1624 1048 1650 tuunt,
1064 1620 1173 1654 vimque
1193 1620 1324 1651 divinam,
1339 1628 1400 1657 qua:
1416 1629 1477 1648 cum
1497 1629 1592 1649 eorum
1608 1622 1743 1656 omnium,

959 1673 1020 1698 quae
1044 1665 1201 1700 gignuntur,
1218 1665 1380 1700 principium
1407 1667 1451 1699 sit,
1468 1671 1524 1694 tum
1549 1672 1612 1695 ante
1633 1673 1745 1697 caeteras

120 1713 204 1748 σοφία
217 1714 299 1740 πόθεν
314 1713 430 1748 εὑρέθη;
446 1714 522 1745 ποῖος
536 1713 564 1739 δὲ
585 1713 666 1744 τόπος
682 1713 755 1738 ἐστὶν
779 1711 829 1746 τῆς
848 1712 908 1738 ἐπι-

961 1718 1055 1738 omnes
1072 1711 1214 1742 exstiterit.
1234 1713 1268 1739 ab
1285 1712 1435 1747 eodemque
1449 1713 1540 1748 primo
1556 1714 1689 1748 principio
1701 1722 1748 1748 ge-

122 1761 249 1795 στήμης;
263 1759 320 1786 Οὐκ
331 1757 385 1787 οἶδε
401 1758 494 1794 βροτὸς
510 1758 567 1784 ὁδὸν
587 1758 685 1792 αὐτῆς,
709 1757 770 1783 οὐδὲ
792 1756 844 1792 μὴν
863 1756 908 1782 εὑ-

123 1805 190 1842 ρέθη
211 1806 241 1831 ὲν
265 1804 417 1840 ἀνθρώποις
430 1812 437 1820 ·
449 1803 607 1839 ἀκηκόαμεν
624 1803 652 1830 δὲ
666 1804 751 1839 αὐτῆς
774 1803 805 1829 τὸ
821 1802 907 1834 κλέος,

125 1850 155 1877 Ὅ
172 1850 274 1886 Κύριος
287 1850 448 1885 συνέστησεν
463 1850 546 1885 αὐτῆς
558 1849 607 1885 τὴν
620 1849 692 1881 ὁδὸν,
708 1849 788 1881 αὐτὸς
810 1849 838 1875 δὲ
854 1847 908 1875 οἶδε

118 1898 164 1924 τὸν
177 1898 259 1924 τόπον
267 1896 362 1931 αὐτῆς.
377 1906 387 1923 t
401 1897 456 1923 Καὶ
469 1897 483 1922 ὁ
500 1896 581 1923 Δαδὶδ
591 1896 620 1922 δέ
635 1905 686 1922 που
703 1897 730 1922 ὲν
741 1895 909 1930 ψαλμῳδίαις

119 1944 206 1980 ἑτέρῳ
231 1943 390 1979 προσειπὼν
405 1942 454 1978 τὴν
483 1943 577 1977 σοφίαν
596 1942 708 1977 ὀνόματί
723 1950 805 1976 φησι·
830 1951 840 1967 ‹
865 1941 909 1976 Τῷ

120 1989 193 2024 λόγῳ
209 1990 313 2024 Κυρίου
337 1990 361 2015 ol
383 1989 492 2024 οὐρανοὶ
510 1988 713 2024 ἐστερεώθησαν
725 2008 732 2020 ,
759 1998 768 2013 ι
791 1987 837 2014 τὸν
856 1987 909 2013 τῶν

121 2034 252 2060 ἁπάντων
263 2034 457 2070 δημιουργικὸν
472 2034 556 2068 Λόγον
572 2033 639 2060 Θεοῦ
653 2033 746 2060 τοῦτον
758 2032 910 2067 ὲνευφημή-

122 2088 173 2111 σας
187 2079 233 2106 τὸν
243 2079 353 2114 τρόπον.
369 2078 408 2105 Οὐ
424 2078 476 2114 μὴν
490 2078 556 2105 ἀλλὰ
575 2079 623 2105 καὶ
637 2079 651 2104 ὁ
666 2077 760 2104 τούτου
779 2079 843 2108 παῖς
862 2077 910 2103 Σο-

121 2124 214 2160 λομὼν
229 2125 277 2151 ὦδε
290 2133 327 2160 πη
342 2124 372 2156 ἐξ
388 2125 470 2160 αὐτῆς
486 2125 688 2160 προσωποποιεῖ
702 2123 752 2158 τῆς
764 2122 858 2157 σοφίας
868 2122 912 2149 λέ-

121 2179 179 2205 γων
191 2178 199 2186 '
218 2180 228 2196 (
255 2170 326 2204 Ἐγὼ
339 2171 356 2206 ἡ
374 2170 453 2204 σοφία
463 2171 657 2205 κατεσκήνωσα
674 2169 770 2204 βουλὴν
787 2168 835 2195 καὶ
846 2168 912 2202 γνῶ-

123 2225 177 2248 σιν,
195 2217 243 2243 καὶ
259 2215 362 2243 ἔννοιαν
374 2216 429 2250 ἐγὼ
445 2216 664 2252 ὲπεκαλεσάμην.
692 2216 729 2240 Δι’
745 2214 812 2250 ἐμοῦ
836 2214 912 2249 βασι-

122 2263 180 2294 λεῖς
192 2262 375 2298 βασιλεύουσι,
390 2262 437 2289 καὶ
450 2263 473 2288 oi
485 2262 612 2289 δυνάσται
628 2261 761 2298 γράφουσι
777 2260 912 2287 δικαιοσύ-

123 2318 184 2344 νην.
199 2319 209 2335 ι
226 2309 281 2336 Καὶ
294 2308 374 2336 πάλιν
383 2317 390 2324 ·
407 2318 416 2333 σ
429 2308 530 2344 Κύριος
542 2308 633 2335 ἓκτισέ
648 2317 681 2343 με
688 2307 775 2344 ἀρχὴν
783 2307 850 2334 ὁδῶν
865 2307 912 2334 αὐ-

125 2355 173 2382 τοῦ
187 2356 227 2387 εἰς
240 2354 308 2389 ἔργα
324 2354 415 2380 αὐτοῦ.
430 2354 487 2389 Πρὸ
500 2353 548 2380 τοῦ
561 2353 658 2385 αἰῶνος
675 2353 839 2388 ἐθεμελίωσὲ
858 2361 891 2388 με
902 2360 909 2366 ·

125 2402 154 2427 ὲν
166 2402 238 2436 ἀρχῇ
253 2400 306 2436 πρὸ
321 2400 368 2426 τοῦ
379 2400 428 2435 τὴν
440 2400 490 2435 γῆν
505 2400 626 2435 ποιῆσαι,
643 2400 696 2434 πρὸ
712 2399 757 2426 τοῦ
773 2398 821 2431 τὰς
835 2398 915 2425 ἁὸύσ-

126 2456 189 2478 σους
205 2446 342 2481 γενέσθαι,
358 2447 410 2482 πρὸ
421 2446 467 2473 τοῦ
485 2446 535 2481 ὅρη
548 2445 720 2481 ἑδρασθῆναι,
737 2445 789 2481 πρὸ
805 2445 833 2472 δὲ
845 2445 913 2471 πάν-

124 2502 179 2520 των
191 2492 295 2528 βουνῶν
307 2494 388 2528 γεννᾷ
406 2501 449 2528 με.
471 2492 567 2519 Ἡνίκα
579 2491 709 2527 ἡτοίμαζε
724 2492 769 2518 τὸν
790 2491 913 2528 οὐρανὸν,

124 2540 316 2575 συμπαρήμην
336 2539 427 2574 αὐτῷ,
444 2539 491 2565 καὶ
507 2538 545 2569 ὡς
568 2538 698 2573 ἀσφαλεῖς
717 2537 799 2567 ἐτίθει
824 2536 914 2572 πηγὰς

125 2585 176 2620 τῆς
193 2592 208 2606 ι
227 2585 273 2611 ὑπ’
288 2585 411 2621 οὐρανὸν,
426 2585 500 2620 ἢμην
515 2585 562 2611 σὺν
577 2583 650 2619 αὐτῷ
666 2583 915 2619 ἁρμόζουσα.,“Εγὼ

127 2631 202 2667 ἢμην
249 2631 414 2667 προσέχαιρε
426 2631 486 2658 καθ’
494 2631 610 2667 ἡμέραν·
620 2631 840 2666 ηὐφραινόμηνδὲ
848 2630 915 2658 ἑνώ-

128 2683 189 2702 πιον
201 2675 286 2702 αὑτοῦ
303 2676 331 2702 ὲν
343 2676 423 2703 παντὶ
438 2675 527 2711 καιρῷ
538 2696 545 2708 ,
569 2676 613 2702 ὅτε
629 2676 793 2712 ηὐφραίνετο
814 2677 864 2713 τὴν
879 2678 919 2704 οι-

960 1756 1015 1782 nita
1034 1755 1125 1788 tuerit,
1140 1764 1220 1790 quam
1246 1757 1297 1791 ipsi
1326 1756 1458 1789 Verbum,
1487 1757 1664 1792 Sapientiam,
1688 1758 1747 1785 Dei-

959 1808 1012 1834 que
1026 1800 1151 1828 virtutem
1171 1802 1307 1836 appellare
1326 1802 1423 1830 solent.
1440 1804 1528 1837 Atque
1540 1803 1591 1830 hoc
1607 1803 1633 1830 in
1650 1803 1746 1837 primis

959 1845 1046 1874 Jobus,
1063 1847 1166 1880 docuit,
1180 1847 1245 1874 dum
1269 1848 1306 1875 ita
1329 1849 1437 1876 locutus
1453 1853 1496 1876 est
1510 1858 1516 1875 :
1535 1858 1543 1874 ι
1563 1848 1638 1879 Unde
1654 1855 1746 1876 autem

960 1893 1093 1927 sapientia
1110 1893 1219 1920 inventa
1234 1894 1294 1921 est?
1311 1899 1359 1921 aut
1373 1895 1434 1929 quis
1450 1894 1527 1922 locus
1549 1899 1590 1922 est
1607 1895 1748 1922 scientiae?

959 1938 1051 1967 Nescit
1066 1939 1147 1967 homo
1161 1940 1232 1967 viam
1248 1941 1319 1975 ejus,
1334 1948 1422 1975 neque
1435 1940 1543 1967 inventa
1557 1945 1599 1968 est
1613 1941 1684 1968 inter
1696 1942 1746 1969 lto-

960 1987 1048 2014 mines
1068 1996 1074 2013 :
1094 1986 1247 2014 audivimus
1263 1991 1352 2014 autent
1372 1987 1484 2021 gloriam
1502 1986 1597 2020 ipsius.
1615 1986 1749 2015 Dominus

961 2034 1176 2061 constituitviam
1187 2034 1256 2068 ejus,
1267 2034 1322 2067 ipse
1331 2037 1421 2060 autem
1434 2033 1509 2060 novit
1522 2033 1611 2060 locum
1621 2033 1681 2068 ejus
1693 2033 1744 2061 ⁸³.»

961 2077 1081 2114 Itemque
1090 2078 1172 2106 David
1183 2079 1208 2105 in
1215 2077 1342 2111 Psalmis,
1350 2078 1422 2104 aliud
1429 2077 1493 2104 huic
1500 2077 1639 2112 sapientia:
1648 2084 1748 2104 nomen

961 2124 1132 2152 attribuens:
1149 2123 1269 2157 tVerbo,
1298 2124 1396 2158 inquit,
1423 2123 1529 2150 Domini
1553 2124 1615 2151 coeli
1649 2122 1747 2150 ﬁrmati

963 2175 1026 2198 sunt
1036 2170 1068 2203 ⁶⁸;
1084 2180 1093 2195 ι
1104 2170 1203 2205 quibus
1211 2169 1388 2205 ipseVerbum
1399 2170 1463 2197 illud
1473 2170 1593 2197 divinum
1602 2169 1684 2204 hujus
1693 2169 1750 2196 uni-

962 2215 1034 2242 versi
1060 2215 1213 2243 molitorem
1242 2215 1400 2242 celebravit.
1416 2214 1488 2248 Quin
1503 2215 1585 2242 etiam
1604 2215 1675 2242 tilius
1688 2215 1748 2249 ejus

964 2261 1112 2293 Salomon,
1136 2261 1258 2296 ejusdem
1287 2269 1320 2289 ex
1347 2261 1488 2296 sapientiae
1516 2267 1644 2295 persona,
1676 2261 1750 2288 hunc

964 2307 1042 2343 3.21
1058 2308 1084 2335 in
1101 2307 1210 2334 modum
1235 2307 1374 2342 loquitur:
1406 2316 1415 2332 ε
1427 2307 1482 2342 Ego
1497 2307 1630 2342 sapientia
1655 2306 1748 2333 habito

966 2354 994 2382 in
1011 2353 1126 2381 consilio
1139 2359 1165 2380 et
1177 2353 1302 2385 scientia,
1317 2358 1343 2380 et
1355 2353 1561 2388 intelligentiam
1580 2360 1630 2388 ego
1644 2352 1750 2379 vocavi.

968 2400 1019 2428 Per
1031 2407 1074 2426 me
1085 2407 1163 2435 reges
1178 2404 1304 2434 regnant,
1321 2405 1349 2426 et
1366 2404 1490 2434 potentes
1508 2398 1750 2432 decernuntjusti—

968 2446 1032 2474 tiatn
1045 2446 1078 2473 “.
1094 2456 1103 2472 ι
1128 2445 1161 2473 Et
1173 2453 1279 2473 rursus.
1298 2455 1307 2471 ‹
1321 2445 1452 2472 Dominus
1467 2444 1568 2471 creavit
1589 2451 1631 2470 me
1645 2444 1751 2470 initium

969 2492 1075 2519 viarum
1098 2498 1210 2519 suarum
1229 2490 1262 2518 ad
1279 2497 1360 2525 opera
1382 2498 1442 2517 sua.
1462 2490 1531 2516 Ante
1549 2496 1635 2516 aevum
1651 2488 1751 2515 funda-

968 2538 1006 2565 vit
1030 2545 1091 2565 me:
1117 2537 1145 2564 ln
1172 2537 1316 2572 principio,
1336 2541 1480 2570 antequam
1511 2540 1609 2562 terram
1639 2533 1751 2566 faceret,

969 2587 1114 2617 antequam
1125 2586 1217 2610 essent
1228 2581 1334 2617 abyssi:
1348 2585 1493 2615 antequam
1506 2585 1611 2606 montes
1623 2579 1668 2606 [ixi
1687 2586 1714 2606 cc
1722 2587 1754 2606 n-

970 2629 1117 2657 stitissent:
1129 2633 1191 2655 ante
1205 2635 1301 2655 omnes
1311 2627 1395 2654 colles
1409 2625 1548 2661 generavit
1563 2633 1616 2652 me.
1637 2624 1752 2658 Quando

974 2675 1144 2711 praeparabat
1165 2673 1275 2706 castum,
1303 2673 1412 2700 aderam
1431 2671 1500 2706 ipsi:
1530 2670 1637 2706 quando
1659 2674 1754 2698 certos

165 2735 188 2751 ⁶³
203 2734 255 2763 Job
281 2743 375 2768 xxvnt,
392 2735 437 2764 20.
475 2735 498 2751 “
511 2734 697 2769 Psalixxxm,
712 2735 738 2762 6.
776 2735 799 2751 "
813 2735 892 2764 Prov.
910 2744 968 2769 vni,
986 2736 1029 2763 l2.

164 2788 178 2802 ⁸
191 2783 237 2810 la’.
251 2781 313 2813 τάς.

163 2841 221 2873 (74)
243 2841 390 2876 Δευτέραν
414 2841 531 2868 οὐσίαν.
564 2841 698 2868 Eusebius
717 2841 765 2876 llic
786 2841 913 2876 ἄντικρυς

135 2875 304 2911 ’Λρειανιζει
314 2876 433 2904 Tametsi
457 2876 517 2910 ejus
542 2877 692 2904 orationem
716 2875 915 2909 Trapeznntius

132 2912 342 2947 υποκορίςεσθαι
356 2931 363 2944 ,
378 2916 404 2939 et
422 2911 544 2939 adhibito
558 2911 635 2947 quasi
649 2911 738 2938 studio
756 2911 860 2938 mollire
871 2912 913 2938 vi-

969 2842 1074 2868 deatur.
1103 2839 1154 2867 Sed
1184 2843 1263 2866 notus
1286 2838 1353 2865 satis
1367 2836 1519 2870 Eusebius;
1546 2843 1577 2870 ac
1605 2835 1754 2870 przescrtim

969 2881 1032 2903 ante
1055 2875 1193 2902 Nicannum
1217 2873 1362 2900 concilium
1377 2893 1385 2905 ,
1412 2877 1474 2900 ante
1496 2871 1569 2907 quod
1590 2871 1646 2898 hate
1667 2871 1700 2898 ab
1724 2877 1757 2897 co

968 2912 1067 2945 scripta
1083 2911 1168 2938 fuisse
1185 2917 1238 2937 non
1253 2909 1358 2936 dubito.
