2070 3206
339 177 389 205 ωδ

663 175 796 204 EL'SEBll
815 175 1053 203 (ZIESABlENSlS
1072 174 1145 202 OPP.
1168 175 1258 203 PARS
1278 175 1309 203 ll.
1329 192 1364 196 -—
1382 172 1634 205 APOLOGETICA;

1905 180 1958 210 δα

337 239 456 275 ponebat
478 239 578 271 fontes,
597 237 643 272 qui
668 237 719 264 sub
742 237 812 264 cwlo
825 241 899 266 sunt.
917 244 990 264 eram
1007 244 1068 264 cum
1087 244 1110 263 et

1172 237 1307 272 κουμένην
1330 237 1501 268 συντελέσας.
1519 246 1528 263 ι
1544 237 1636 264 Ταῦτα
1659 237 1783 273 Σολομὼν
1804 239 1833 265 ἐν
1855 239 1957 274 Παροι-

336 290 435 313 cuncta
460 291 638 318 componens.
658 282 713 317 Ego
736 290 831 314 erant,
856 291 909 317 qua
935 283 1120 309 delectabatur

336 330 475 365 quotidie:
492 328 603 355 ltetabar
615 333 705 354 autem
718 335 810 354 coram
823 328 883 362 ipso
896 328 972 354 omni
988 333 1118 361 tempore,

335 373 445 409 quando
458 373 639 400 delectabatur
647 373 739 400 orbem
749 377 826 400 terra:
840 374 993 408 periiciens.
1008 373 1030 388 “
1039 384 1047 399 ι
1059 373 1121 401 llaec

337 420 466 448 Salomon
481 419 508 446 in
518 418 682 446 Proverbiis.
701 418 767 451 Quae
781 425 940 454 sequuntur,
950 428 982 447 ex
996 420 1119 454 ejusdem

335 477 443 505 quoque
459 477 574 504 persona
599 469 765 496 referuntur.
791 477 799 494 ι
815 467 885 500 Quid
915 467 950 494 sit
967 471 1057 493 autem
1075 473 1119 493 sa-

338 515 451 550 pientia,
478 515 748 549 etquemadmodum
772 513 842 540 facta
865 513 910 545 sit,
939 511 1066 543 referam,
1093 515 1121 538 et

335 569 388 588 non
407 561 572 588 abscondam
589 569 604 587 a
626 561 704 588 vobis
727 564 911 591 sacramenta,
930 559 976 586 sed
992 559 1027 585 ah
1042 558 1119 584 initio

333 607 481 634 nativitatis
501 607 668 642 investigabo
677 607 710 633 ³⁷.
725 616 734 631 ι
762 606 867 639 Quibus
888 605 984 632 deinde
1003 604 1118 639 subjun-

333 653 387 688 git:
406 662 415 678 ι
431 652 477 680 Est
491 653 562 680 enim
587 653 645 680 haec
659 653 772 687 spiritus
799 652 963 686 intelligens,
994 656 1116 682 sanctus,

334 699 499 733 unigenitus,
520 699 676 733 multiplex,
702 698 821 729 subtilis,
846 698 965 730 mobilis,
986 697 1118 729 disertus,

333 743 569 779 incoinquinatus,
595 745 778 780 omnipotens,
807 744 899 771 omnia
923 749 1058 779 spectans,
1086 751 1119 772 ac

331 797 381 825 per
407 798 505 818 omnes
519 791 670 825 pervadens
686 791 798 825 spiritus
812 790 1005 824 intelligentes,
1023 797 1116 825 puros,

333 835 538 863 subtilissimus.
571 835 706 863 Omnibus
726 836 800 862 enim
826 835 974 862 mobilibus
990 835 1118 862 mobilior

332 887 374 907 est
392 881 546 915 Sapientia:
571 885 692 916 permeat
713 886 803 908 autem
822 889 854 908 ac
873 880 995 915 pervadit
1013 880 1116 913 omnia,

333 931 442 960 propter
457 933 534 952 suam
555 926 730 953 munditiam.
750 924 839 959 V:~por
853 925 924 953 enim
942 929 983 951 est
1001 924 1047 951 Dei
1062 925 1115 951 vir-

333 972 407 1002 tutis,
423 976 449 998 et
464 973 600 998 emanatio
615 971 709 1005 gloria:
730 970 926 1005 omnipotentis
947 970 1062 997 sincera.
1083 969 1116 996 Et

332 1018 391 1044 ideo
417 1017 484 1044 nihil
519 1017 690 1052 inquinatum
721 1016 748 1043 iu
775 1024 834 1043 eam
859 1017 982 1044 incurrit.
1007 1015 1116 1042 Candor

330 1063 402 1089 enim
418 1068 458 1089 est
485 1063 555 1089 lucis
571 1066 690 1094 aeternae,
718 1065 745 1088 et
769 1061 908 1095 speculum
928 1061 986 1088 sine
1007 1060 1114 1087 macula

330 1107 376 1135 Dei
394 1108 568 1142 efﬁcacitatis
587 1112 614 1134 et
629 1108 717 1141 imago
743 1107 872 1134 bonitatis
899 1106 998 1142 ejus”.
1024 1106 1113 1133 Attin-

329 1155 368 1190 git
383 1159 472 1181 autem
490 1162 505 1180 a
519 1156 571 1180 line
583 1160 669 1187 usque
689 1153 722 1178 ad
744 1152 823 1179 linem
842 1153 957 1184 fortiter,
978 1157 1004 1179 et
1018 1152 1113 1186 dispo-

330 1201 370 1227 nit
382 1200 473 1227 oinnia
489 1200 606 1227 suaviter
620 1199 670 1225 “.i
683 1198 742 1226 Jam
752 1199 873 1225 divinum
888 1199 970 1225 hocce
983 1197 1113 1230 Verbum,

329 1256 343 1274 a
357 1246 436 1273 Patre
461 1246 601 1272 hominum
622 1245 649 1273 in
670 1247 786 1272 salutem
804 1245 929 1276 missum,
951 1245 1034 1271 variis
1051 1252 1113 1271 om-

329 1292 395 1318 nino
411 1292 498 1318 Inodis
515 1291 654 1326 Scriptura
670 1291 761 1317 divina
776 1295 960 1324 repraesentat.
984 1289 1016 1316 Et
1030 1290 1115 1316 Abra-

330 1338 410 1364 hamo
430 1338 538 1372 quidem
561 1342 641 1372 atque
664 1337 760 1372 Moysi,
787 1336 947 1370 ueterisque
975 1335 1113 1370 propln-tis

329 1381 384 1409 Deo
410 1383 588 1414 charissitnis,
617 1390 671 1410 non
700 1389 759 1409 sese
779 1381 860 1408 modo
874 1380 1018 1407 videndum
1034 1380 1112 1407 exiti-

328 1427 433 1460 buisse,
450 1437 544 1456 verum
563 1429 645 1456 etiam
662 1433 689 1456 et
709 1428 835 1456 docuisse
852 1427 948 1458 multa,
968 1431 994 1454 et
1020 1426 1112 1453 futura

327 1475 525 1509 praenuntiasse
550 1479 678 1505 testatur.
699 1474 806 1509 quoties
822 1473 905 1500 Deum
918 1481 950 1500 ac
967 1473 1110 1499 hominum

327 1527 374 1548 aut
390 1521 548 1555 apparuisse
563 1521 710 1556 prophetis,
734 1525 781 1557 aut
806 1527 867 1547 cum
887 1519 922 1547 iis
948 1520 1111 1546 collocututn

326 1574 387 1594 este
403 1573 607 1594 roriimeniorat.
624 1567 695 1594 idem
719 1574 792 1598 vero,
816 1566 856 1593 sic
879 1570 1006 1600 tanquam
1033 1565 1108 1593 laho-

327 1612 446 1639 rantiuin
459 1617 640 1643 servatorem,
653 1617 679 1638 et
693 1611 828 1639 medicum
843 1611 999 1638 animorum
1019 1619 1033 1638 a
1053 1618 1110 1637 nta-

323 1658 382 1694 jore
395 1659 480 1685 altero
493 1659 607 1686 missum
632 1659 656 1690 ¹,
675 1658 816 1685 hominum
847 1657 1110 1692 omniumincogui-

326 1704 426 1730 tionem
436 1704 552 1735 venisse,
563 1704 598 1730 ita
607 1704 743 1738 praedicat.
757 1713 766 1729 ι
778 1703 850 1730 Misit
859 1703 976 1730 Vorbutn
986 1708 1112 1734 suunt,et

325 1757 404 1777 sanat
412 1750 494 1783 iteos,
508 1755 534 1776 et
545 1751 698 1784 eripuiteos
708 1751 739 1776 de
751 1750 951 1778 interitionibus
962 1750 1108 1779 eorum”,

326 1795 445 1830 lteinquc
453 1796 532 1822 alibi:
543 1805 552 1820 ι
567 1795 788 1824 Velocitercurrit
798 1797 909 1824 verbum
919 1796 977 1831 ejus
985 1797 1017 1822 τι.
1033 1806 1041 1822 ι
1051 1796 1111 1829 Quo

326 1841 426 1867 factum
460 1846 511 1872 est,
535 1847 563 1868 ut
591 1842 745 1877 evangelica
763 1850 871 1876 quoque
905 1841 1029 1869 doctrina
1049 1849 1110 1876 pro-

325 1886 460 1920 plteticam
474 1887 546 1914 illaut
560 1887 728 1920 instaurans,
746 1887 916 1922 patriamque
933 1886 1107 1919 sententiam,

325 1933 395 1959 idem
414 1933 555 1967 theologia:
575 1941 659 1968 genus
681 1934 752 1960 hunc
770 1933 795 1959 in
812 1934 923 1960 modum
945 1933 1106 1960 illustrarit:

327 1987 336 2003 ι
357 1978 384 2005 In
414 1979 547 2014 principio
559 1985 617 2006 erat
634 1978 763 2012 Verbum,
781 1984 808 2006 et
824 1979 942 2006 Verbum
963 1984 1022 2007 erat
1037 1979 1108 2014 apud

323 2024 404 2059 322
421 2025 520 2058 Deum,
537 2029 564 2052 et
590 2024 661 2052 Deus
689 2031 747 2052 erat
773 2025 904 2052 Verbum.
921 2024 977 2052 Hoc
1001 2030 1060 2052 erat
1080 2025 1107 2051 in

323 2072 458 2108 principio
472 2072 542 2106 apud
557 2071 658 2098 Deum:
674 2072 765 2099 omnia
778 2079 826 2106 per
841 2072 929 2106 ipsum
948 2071 1016 2098 facta
1033 2074 1107 2102 sunt,

321 2122 349 2145 et
365 2118 424 2145 sine
443 2118 503 2152 ipso
524 2117 625 2145 factum
643 2123 684 2145 est
696 2118 774 2149 nihil,
795 2118 866 2152 quod
883 2117 984 2144 factum
997 2123 1048 2144 est.
1078 2116 1107 2144 lu

322 2163 381 2198 ipso
395 2164 448 2190 vita
463 2168 532 2196 erat,
546 2167 572 2190 et
585 2164 637 2190 vita
653 2168 713 2190 erat
733 2165 777 2191 lux
795 2163 993 2190 hominum".o
1015 2162 1108 2197 Itaque

322 2208 455 2242 sanejure
463 2207 571 2244 Moyses
582 2209 627 2235 ille
641 2209 873 2242 sapientissimus,
890 2209 985 2235 eodem
1001 2208 1106 2235 alllatus

1173 282 1257 316 μίαις.
1274 283 1328 309 Καὶ
1339 283 1424 309 ταῦτα
1440 283 1468 310 δέ
1484 292 1522 319 πη
1538 284 1566 317 ἐξ
1585 283 1665 310 αὐτοῦ
1680 283 1785 318 λέγεται
1807 284 1853 311 τοῦ
1870 293 1958 321 προσ-

1171 327 1246 354 ὡιτου
1259 337 1265 343 ·
1283 338 1292 353 ι
1313 328 1345 354 Τί
1362 328 1389 356 δέ
1405 330 1477 356 ἐστιν
1493 330 1582 364 σοφία,
1600 331 1646 356 καὶ
1661 330 1718 362 πῶς
1733 331 1848 364 ἐγένετο,
1866 331 1958 366 ἀπαγ-

1171 373 1252 407 γελῶ,
1276 375 1322 400 καὶ
1349 374 1398 400 οὐκ
1423 375 1573 410 ἀποκρύψω
1589 376 1652 411 ὑμῖν
1679 377 1823 411 μυστήρια,
1851 377 1909 403 ἀλλ’
1926 377 1958 410 ἐξ

1171 420 1259 455 ἀρχῆς
1286 420 1419 454 γενέσεως
1444 421 1600 455 ὲξιχνιάσω·
1629 431 1638 446 ι
1663 419 1704 451 οἷς
1731 422 1792 456 ἑξῆς
1815 422 1954 456 ἐπιλέγει·

1173 476 1182 492 ι
1195 467 1271 492 Ἔστι
1290 466 1344 502 γὰρ
1362 466 1430 502 αὕτη
1451 467 1557 502 πνεῦμα
1573 468 1674 503 νοερὸν,
1690 467 1776 502 ἅγιον,
1800 469 1956 503 μονογενὲς,

1171 512 1332 548 πολυμερὲς,
1349 513 1456 545 λεπτὸν,
1481 514 1620 549 εὐκίνητον
1630 534 1637 545 ,
1657 514 1753 550 τρανὸν
1764 534 1771 545 ,
1794 515 1955 549 ἀμόλνντον,

1171 557 1384 593 παντοδύναμον,
1403 559 1631 591 παντεπίσκοπον,
1648 559 1695 585 καὶ
1717 559 1761 585 διὰ
1776 560 1883 586 πάντων
1900 569 1955 595 χω-

1171 602 1234 638 ροῦν
1247 604 1418 638 πνευμάτων,
1431 604 1540 640 νοερῶν,
1558 604 1695 640 καθαρῶν,
1707 604 1885 632 λεπτοτάτων.
1899 606 1956 632 Πά-

1170 657 1220 684 σης
1232 650 1285 684 γὰρ
1301 650 1433 685 κινήσεως
1445 651 1640 686 κινητικωτέρα
1656 652 1734 685 σοφία
1743 660 1750 666 ”
1767 651 1854 686 διήκει
1868 652 1896 678 δὲ
1908 653 1955 678 καὶ

1169 697 1253 731 χωρεῖ
1264 696 1306 723 διὰ
1321 696 1427 723 πάντων
1441 696 1483 723 διὰ
1504 697 1552 732 τὴν
1569 698 1749 733 καθαρότητα.
1781 698 1876 733 ’Λτμὶς
1900 699 1955 734 γάρ

1168 741 1226 768 ἐστι
1247 742 1295 777 τῆς
1313 742 1358 768 τοῦ
1384 742 1449 768 Θεοῦ
1472 742 1624 777 δυνάμεως,
1636 744 1682 770 καὶ
1697 743 1828 779 ἀπόρῤοια
1844 745 1892 778 τῆς
1907 743 1953 770 τοῦ

1169 787 1384 822 παντοκράτορος
1395 786 1472 821 δόξης
1489 786 1646 822 εἰλικρινής.
1673 787 1718 814 Διὸ
1739 788 1812 814 οὐδὲν
1837 788 1954 823 μεμολυ-

1170 831 1265 866 σμένον
1288 832 1327 862 εἰς
1355 831 1439 867 αὐτὴν
1465 831 1660 868 παρεμπίπτει.
1694 833 1874 868 Ἀπαύγασμα
1900 834 1954 869 γὰρ

1169 878 1226 903 ἐστι
1240 878 1327 911 φωτὸς
1342 877 1426 904 ἀϊδίου
1444 879 1490 905 καὶ
1507 878 1635 914 ἔσοπτρον
1655 879 1816 914 ἀκηλίδωτον
1837 879 1887 913 τῆς
1906 879 1953 906 τοῦ

1132 913 1152 942 Β
1167 922 1232 949 Θεοῦ
1245 924 1392 958 ἐνεργείας,
1406 924 1451 950 καὶ
1463 923 1543 950 εἰκὼν
1553 925 1600 959 τῆς
1613 925 1776 960 ἁγαθότητος
1786 925 1878 951 αὐτοῦ.
1891 926 1956 951 Δια-

1165 969 1246 994 τείνει
1261 969 1288 994 δὲ
1306 969 1359 995 ἀπὸ
1375 970 1489 1005 πέρατος
1507 971 1553 997 ἐπὶ
1568 971 1653 1006 πέρας
1663 970 1815 1005 εὐρώστως,
1830 971 1876 996 καὶ
1889 971 1958 996 διον-

1165 1016 1207 1041 κεῖ
1229 1015 1264 1041 τὰ
1286 1016 1372 1042 πάντα
1396 1016 1531 1051 χρηστῶς.
1555 1026 1564 1042 ι
1585 1017 1638 1042 Καὶ
1660 1017 1692 1052 δὴ
1712 1016 1784 1042 τόνδε
1798 1017 1842 1043 τὸν
1863 1016 1953 1043 ἔνθεον

1163 1061 1248 1095 Λόγον
1264 1061 1399 1097 διαφόρως
1412 1063 1429 1098 ἡ
1446 1062 1505 1089 θεία
1517 1063 1610 1098 Γραφὴ
1629 1062 1697 1098 πρὸς
1715 1062 1762 1088 τοῦ
1780 1063 1888 1098 Πατρός
1905 1062 1953 1089 ἐπὶ

1164 1107 1196 1141 τῇ
1208 1105 1261 1132 τῶν
1274 1106 1425 1142 ἀνθρώπων
1441 1108 1561 1142 σωτηρίᾳ
1574 1107 1748 1143 πεπεμμένον
1763 1107 1878 1141 εἰσάγει.
1899 1107 1954 1133 Αὐ-

1163 1151 1208 1178 τὸν
1219 1152 1241 1178 δ’
1254 1150 1300 1178 οὖν
1316 1153 1361 1179 καὶ
1374 1153 1411 1188 τῷ
1435 1153 1569 1189 Ἀϐραὰμ,
1584 1154 1687 1188 Μωῦσῇ
1703 1161 1731 1180 τε
1759 1154 1805 1180 καὶ
1826 1155 1883 1184 τοῖς
1903 1153 1952 1180 άλ-

1163 1197 1217 1230 λοις
1229 1198 1361 1232 Θεοφιλέσι
1383 1200 1534 1234 προφήταις
1545 1200 1625 1235 φῆναι
1635 1200 1740 1231 ἑαυτὸν,
1753 1200 1800 1226 καὶ
1817 1202 1954 1236 χρησμοῖς

1162 1243 1196 1270 τὰ
1217 1244 1300 1271 πολλὰ
1328 1244 1471 1272 παιδεῦσαί
1487 1254 1516 1272 τε
1536 1246 1582 1272 καὶ
1608 1245 1732 1272 θεσπίσαι
1761 1246 1795 1272 τὰ
1820 1246 1953 1281 μέλλοντα

1164 1290 1273 1325 ἱστορεῖ,
1291 1291 1407 1326 ὁπηνίκα
1425 1291 1489 1318 Θεὸν
1510 1292 1556 1318 καὶ
1571 1292 1672 1327 Κύριον
1688 1289 1775 1326 ὧςρθαί
1799 1300 1830 1318 τε
1846 1293 1892 1318 καὶ
1909 1293 1950 1324 είς

1162 1334 1257 1369 λόγους
1268 1336 1320 1362 τῶν
1336 1336 1480 1372 προφητῶν
1495 1337 1580 1363 ἐλθεῖν
1596 1337 1768 1372 μνημονεύει.
1785 1337 1885 1364 Τοῦτον
1903 1337 1956 1364 καὶ

1163 1383 1244 1408 πᾶσιν
1264 1383 1303 1413 εἰς
1321 1382 1420 1416 γνῶσιν
1437 1383 1521 1410 ἐλθεῖν
1539 1384 1708 1419 ἀνθρώποις,
1730 1381 1774 1410 οἷα
1797 1384 1950 1410 νοσούντων

1163 1428 1281 1463 σωτῆρα,
1305 1428 1351 1454 καὶ
1371 1428 1463 1463 ψυχῶν
1478 1429 1567 1464 ἰατρὸν
1585 1430 1654 1465 πρὸς
1683 1429 1730 1455 τοῦ
1756 1429 1876 1464 μείζονος
1895 1430 1950 1455 ἀπ-

1161 1474 1335 1508 εσταλμένον,
1351 1471 1401 1501 ὧδέ
1417 1484 1454 1511 πη
1469 1475 1606 1506 θεσπίζει·
1620 1484 1630 1501 ι
1647 1475 1799 1501 Ἀπέστειλε
1809 1475 1853 1502 τὸν
1863 1476 1951 1509 Λόγον

1161 1519 1261 1552 αὑτοῦ,
1284 1520 1330 1546 καὶ
1352 1521 1444 1547 ἰάσατο
1459 1521 1566 1553 αὐτοὺς,
1583 1522 1630 1548 καὶ
1653 1521 1785 1557 ἐρρύσατο
1800 1522 1900 1554 αὐτοὺς
1917 1523 1951 1548 ὲκ

1161 1565 1214 1592 τῶν
1227 1566 1380 1602 διαφθορῶν
1406 1567 1505 1594 αὐτῶν.
1522 1577 1531 1593 ι
1558 1568 1612 1594 Καὶ
1626 1568 1706 1595 πάλιν
1731 1568 1822 1595 ἄλλοτέ
1849 1576 1948 1602 φησιν·

1164 1621 1173 1637 ‹
1193 1613 1264 1644 Ἕως
1284 1613 1382 1648 τάχους
1404 1614 1547 1648 δραμεῖται
1565 1614 1579 1640 ὁ
1598 1614 1682 1648 Λόγος
1698 1613 1790 1641 αὐτοῦ.
1818 1623 1828 1639 ι
1852 1613 1954 1640 Ἔνθεν

1161 1659 1208 1685 καὶ
1222 1660 1237 1694 ἡ
1254 1659 1417 1695 εὐαγγελικὴ
1431 1660 1600 1692 διδασκαλία,
1613 1661 1643 1686 τδ
1659 1660 1824 1695 προφητικὸν
1839 1660 1888 1686 καὶ
1895 1660 1950 1687 πά-

1160 1713 1234 1740 τριον
1259 1706 1443 1741 ἁνανεουμένη
1466 1707 1572 1742 δόγμα,
1595 1706 1729 1743 ταύτῃπη
1744 1706 1871 1741 διασαφεῖ
1898 1707 1953 1742 τὴν

1162 1751 1299 1785 θεολογίαν
1311 1760 1318 1767 ·
1338 1761 1347 1777 ι
1375 1753 1418 1778 Ἑν
1430 1753 1500 1787 ἀρχῇ
1518 1750 1551 1788 ἦν
1563 1754 1577 1779 ὁ
1594 1753 1690 1787 Λόγος,
1715 1752 1761 1779 καὶ
1777 1753 1791 1779 6
1809 1753 1896 1786 Λόγος
1911 1751 1950 1788 ἦν

1161 1796 1228 1830 πρὸς
1249 1796 1293 1822 τὸν
1319 1796 1384 1822 Θεὸν
1395 1816 1402 1827 ,
1426 1797 1473 1823 κα)⁴
1496 1797 1562 1828 Θεὸς
1577 1795 1611 1832 ἦν
1626 1797 1640 1823 6
1654 1797 1748 1831 Λόγος.
1764 1793 1849 1829 Οὗτος
1868 1795 1902 1833 ἦν
1918 1798 1950 1823 ἐν

1160 1844 1230 1878 ἀρχῇ
1246 1844 1313 1879 πρὸς
1326 1842 1370 1869 τὸν
1384 1843 1449 1870 Θεόν
1461 1851 1468 1858 ·
1495 1844 1584 1870 πάντα
1599 1843 1631 1870 δι’
1650 1843 1732 1870 αὐτοῦ
1753 1843 1860 1877 ἐγένετο
1871 1863 1878 1874 ,
1899 1844 1948 1870 καὶ

1160 1889 1243 1925 χωρὶς
1257 1888 1339 1915 αὑτοῦ
1353 1889 1459 1922 ἐγένετο
1475 1889 1560 1920 οὐδὲν,
1575 1889 1588 1915 ὃ
1601 1889 1719 1923 γέγονεν.
1741 1889 1784 1915 Ἐν
1802 1888 1876 1924 αὐτῷ
1889 1888 1946 1924 ζωὴ

1159 1932 1203 1970 ἦν,
1221 1935 1268 1960 καὶ
1283 1935 1298 1970 ἡ
1315 1934 1371 1969 ζωὴ
1383 1932 1416 1969 ἦν
1426 1934 1457 1960 τὺ
1474 1934 1530 1969 φῶς
1544 1934 1597 1960 τῶν
1613 1933 1774 1969 ἀνθρώπων.
1799 1943 1808 1960 ι
1824 1934 1946 1965 Εἰκότως

1159 1981 1224 2016 δῆτα
1239 1979 1277 2015 τῷ
1304 1979 1378 2015 αὑτῴ
1399 1979 1532 2014 πνεύματι
1554 1979 1601 2006 καὶ
1623 1979 1742 2014 Μωῦσῆς
1760 1980 1775 2006 6
1795 1980 1944 2014 πάνσοφος,

1159 2027 1307 2062 ἀρχόμενος
1319 2026 1368 2062 τῆς
1383 2026 1442 2052 κατ’
1455 2025 1535 2051 αὑτὸν
1552 2024 1741 2059 κοσμογονίας,
1770 2025 1798 2050 ὲν
1818 2024 1851 2058 τῇ
1879 2030 1945 2057 προ-

1155 2071 1314 2108 αποδοθείση
1322 2072 1392 2108 ἀρχῇ
1401 2070 1576 2106 πεποιηκέναι
1587 2070 1632 2096 τὸν
1643 2070 1708 2096 Θεὸν
1717 2069 1761 2095 τὸν
1775 2067 1888 2103 οὐρανὸν
1897 2068 1946 2093 καὶ

1158 2117 1206 2152 τὴν
1219 2117 1270 2152 γῆν
1286 2124 1381 2151 φησιν’
1393 2116 1467 2151 αὑτῷ
1480 2124 1510 2142 τε
1532 2116 1650 2150 είσάγει,
1666 2115 1704 2146 ὡς
1721 2114 1755 2141 ἂν
1781 2114 1875 2148 οἰκείῳ
1897 2114 1945 2140 καὶ

1158 2162 1320 2199 πρωτογόνῳ
1335 2161 1416 2188 αἰδτοῦ
1432 2162 1519 2196 Λόγῳ,
1531 2161 1765 2196 κοινολογούμενον
1780 2161 1826 2186 ἐπὶ
1836 2160 1885 2194 τῆς
1895 2158 1945 2186 τοῦ

1157 2209 1303 2245 ἀνθρώπου
1332 2209 1509 2244 δημιουργίας
1528 2208 1573 2234 τὸν
1602 2207 1677 2239 Θεὸν,
1702 2208 1730 2234 ἐν
1760 2206 1800 2238 οἷς
1824 2206 1943 2242 γράφει·

322 2253 420 2287 spiritu
435 2261 497 2281 cum
513 2259 595 2288 esset,
615 2255 673 2289 ipso
689 2255 781 2281 statim
802 2254 862 2289 ejus
876 2262 957 2288 quam
974 2254 1104 2281 describit

1161 2265 1167 2281 ι
1187 2255 1240 2281 Καὶ
1255 2253 1330 2281 εἶπεν
1347 2255 1361 2280 6
1375 2254 1457 2285 Θεός·
1475 2254 1635 2288 Ποιήσωμεν
1653 2253 1794 2288 ἄνθρωπον
1817 2253 1876 2279 κατ’
1906 2253 1946 2278 εί-

322 2299 414 2326 mundi
441 2301 588 2328 molitionis
610 2300 698 2333 initio,
716 2301 800 2328 Deum
813 2306 951 2328 asseverat
964 2301 990 2328 in
1008 2301 1103 2328 eodem

320 2345 367 2372 illo
386 2346 520 2381 principio
541 2348 640 2374 coelum
656 2352 811 2382 terramque
835 2347 949 2374 fecisse:
973 2354 1028 2381 quo
1041 2355 1103 2374 cum

319 2391 413 2424 etiam,
432 2392 514 2419 veluti
527 2400 589 2420 cum
604 2400 654 2420 suo
672 2393 758 2428 ipsius
773 2401 805 2420 ac
819 2393 1000 2428 printogenito
1017 2391 1105 2420 Verbo

320 2437 354 2463 de
377 2437 495 2465 hominis
513 2439 700 2473 procreatione
725 2440 924 2475 colloquentem
952 2439 1036 2467 Deum
1063 2440 1104 2466 in-

320 2481 405 2515 ducit,
421 2483 463 2510 his
476 2484 575 2516 verbis,
590 2493 600 2509 ι
618 2483 744 2519 Dixitque
764 2484 835 2512 Deus
857 2494 864 2512 :
890 2484 1035 2512 Faciamus
1050 2485 1100 2512 ho~

319 2527 419 2554 minem
439 2529 471 2555 ad
486 2529 629 2564 imaginem
645 2533 672 2557 et
687 2530 892 2558 similitudinem
907 2536 1028 2558 nostram
1040 2531 1074 2557 ”.
1089 2541 1098 2557 ι

319 2570 398 2604 Quod
423 2572 511 2607 ipsum
532 2575 705 2602 adumbravit
732 2575 888 2609 Psalniista,
907 2577 951 2604 ubi
968 2577 1000 2604 de
1014 2577 1101 2611 primo

320 2617 454 2652 principio
467 2620 590 2655 loquens,
607 2631 615 2647 ι
628 2621 688 2656 Ipse
699 2622 776 2654 dixit,
791 2623 888 2657 inquit,
899 2627 926 2650 et
938 2622 1007 2650 facta
1021 2628 1101 2649 sunt:

319 2661 377 2696 ipse
396 2665 541 2698 mandavit,
555 2671 582 2693 et
600 2672 691 2694 creata
706 2667 829 2694 suut“.»
844 2667 903 2700 Quo
921 2667 1041 2701 profecto
1061 2667 1102 2693 lo-

318 2708 419 2743 quendi
435 2717 543 2743 genere,
557 2712 675 2739 edictum
692 2713 758 2739 illud
783 2713 997 2747 mandatumque
1015 2712 1099 2747 signi—

320 2755 392 2786 ﬁcat.
410 2762 465 2789 quo
476 2757 593 2790 primum
611 2759 775 2794 principium
795 2766 858 2786 cum
875 2759 1004 2792 secundo,
1019 2758 1100 2786 veluti

1159 2301 1226 2327 κόνα
1242 2300 1377 2336 ἡμετέραν
1393 2299 1440 2326 καὶ
1453 2298 1512 2325 καθ’
1530 2298 1668 2334 ὁμοίωσιν.
1691 2309 1700 2324 ι
1716 2298 1800 2324 Τοῦτο
1818 2298 1846 2324 δὲ
1864 2299 1911 2324 καὶ
1929 2298 1945 2324 6

1157 2345 1306 2381 Ψαλμῳδὸς
1320 2345 1451 2380 ᾐνίττετο,
1467 2343 1582 2380 ὁπηνίκα
1593 2343 1656 2378 περὶ
1671 2343 1717 2370 τοῦ
1733 2342 1839 2378 πρώτου
1854 2343 1942 2370 αἰτίου

1155 2391 1269 2425 διεξιὼν,
1283 2401 1293 2416 ι
1321 2391 1415 2423 Αὐτὸς,
1447 2390 1536 2426 φησιν,
1566 2387 1635 2421 εἷπε,
1667 2389 1714 2416 καὶ
1742 2389 1942 2424 ἐγεννήθησαν·

1156 2438 1236 2469 αὐτὸς
1252 2437 1411 2469 ἐνετείλατο,
1423 2436 1469 2462 καὶ
1482 2435 1654 2470 ἐκτίσθησαν,
1670 2445 1679 2461 ι
1697 2435 1825 2469 ἄντικρυς
1835 2435 1887 2470 τὴν
1896 2434 1943 2461 τοῦ

1157 2482 1264 2518 πρώτου
1280 2483 1347 2518 πρὸς
1361 2483 1390 2509 τὸ
1405 2482 1529 2518 δεύτερον
1541 2481 1637 2513 αἴτιον,
1653 2479 1690 2511 ὡς
1702 2479 1734 2506 ἂν
1750 2479 1857 2514 Πατρὸς
1875 2478 1943 2514 πρὸς

1155 2530 1229 2561 Υἰδν,
1251 2529 1370 2561 διάταξίν
1398 2537 1428 2555 τε
1454 2529 1502 2555 καὶ
1522 2526 1721 2563 παρακέλευσιν
1748 2525 1941 2580 ὑφιστάμενος.
1959 2545 1964 2580 γ

1155 2576 1238 2603 Παντὶ
1251 2575 1304 2611 γὰρ
1316 2574 1449 2611 δήπουθεν
1465 2573 1551 2609 δῆλον,
1572 2573 1609 2604 ὡς
1621 2573 1673 2604 πᾶς
1684 2572 1698 2598 6
1713 2572 1800 2605 λέγων
1814 2579 1841 2597 τι
1857 2570 1943 2606 ἑτέρῳ
1959 2570 1961 2595 Ἰ

1155 2623 1237 2657 λέγει,
1252 2622 1299 2649 καὶ
1310 2622 1324 2648 6
1337 2620 1525 2656 ἐντελλόμενος
1540 2619 1625 2654 ἑτέρῳ
1639 2618 1704 2653 παρ’
1718 2617 1812 2644 ἑαυτὸν
1822 2616 1943 2643 ὲντέλλε-
1959 2651 1964 2664 .

1153 2678 1208 2696 ται.
1226 2667 1408 2704 Διαρρήδηνδ
1419 2665 1451 2693 αὖ
1465 2667 1478 2693 6
1493 2665 1623 2700 Μωῡσῆς,
1643 2665 1725 2699 ἄμφω
1743 2663 1816 2690 δυοῖν
1837 2670 1943 2698 μνημο-
1962 2668 1965 2694 λ

1153 2715 1237 2742 νεύων
1254 2714 1372 2750 Κυρίων,
1389 2712 1495 2748 Πατρὸς
1511 2711 1609 2747 δηλαδὴ
1627 2711 1674 2738 καὶ
1685 2709 1760 2741 Υίοῦ,
1778 2706 1830 2736 ὧδέ
1844 2717 1883 2744 πη
1896 2707 1942 2735 ἐπὶ

1153 2762 1201 2796 τῆς
1215 2759 1283 2787 κατὰ
1297 2759 1350 2786 τῶν
1361 2758 1466 2786 ἀσεϐῶν
1476 2759 1610 2793 τιμωρίας
1626 2757 1735 2793 ἱστορεῖ,
1749 2755 1837 2790 λέγων
1847 2763 1854 2770 ’
1864 2764 1875 2781 ι
1887 2755 1943 2782 Καὶ

348 2815 372 2831 ⁶⁶
387 2815 466 2857 Prov.
486 2825 546 2857 vni.
563 2817 660 2857 22-30,
696 2819 724 2857 ⁸(
735 2819 798 2857 sap.
815 2828 851 2853 vt,
871 2820 918 2848 24.
955 2821 1059 2857 ⁸⁸νδσρ.
1076 2828 1124 2852 vn,
1140 2820 1233 2849 22—26.
1272 2821 1294 2838 "
1311 2821 1374 2857 Sap.
1393 2828 1457 2853 vni,
1479 2820 1502 2847 l.
1541 2819 1564 2836 ⁷ο
1580 2818 1651 2847 Psal.
1667 2826 1720 2852 cvt,
1741 2817 1786 2845 20.
1825 2817 1847 2833 "
1866 2815 1941 2845 Psal.

312 2857 412 2882 CXLVII,
427 2852 452 2879 4,
491 2853 513 2867 ⁷¹
524 2852 601 2880 .loan.
617 2862 635 2887 I,
652 2855 675 2881 Ι.

349 2904 357 2920 ¹
372 2903 460 2934 Locus
475 2906 518 2935 hic
533 2912 610 2936 caute
625 2908 761 2944 legendus.

715 2855 736 2871 "
751 2854 818 2884 Gen.
836 2864 853 2890 t,
865 2856 910 2884 26.
947 2857 970 2873 ⁷⁸
982 2855 1054 2885 l’sal.
1071 2864 1156 2890 xxxn,
1172 2857 1197 2884 9.
