2070 3206
322 133 371 159 δη

639 128 775 158 EUSEBH
791 126 1030 158 CxESARlENSlS
1050 129 1126 158 OPP.
1146 127 1236 156 PARS
1254 128 1285 155 ll.
1304 143 1339 148 —
1357 121 1607 154 APOLOGETlCA.

1890 121 1944 152 548

324 190 408 225 hujus
423 189 512 225 gregis
524 197 628 221 curam,
643 197 697 216 non
718 196 798 216 secus
819 196 850 216 ac
870 189 969 216 summi
990 189 1106 224 impera-

1159 188 1270 224 ρησίας,
1292 187 1332 212 ὅτι
1346 186 1422 212 οὐδὲν
1437 185 1492 212 τῶν
1506 185 1609 212 suam
1633 184 1762 220 κραταιὸν
1785 184 1845 211 οὔτε
1857 193 1886 216 ς,
1907 183 1946 216 ὡς

320 237 391 263 toris
415 237 521 271 legatus
546 234 724 269 susciperet'.»
747 235 775 262 ln
794 236 945 269 posteriore
970 243 1049 267 vero,
1066 235 1105 262 sic

320 281 356 307 ad
371 281 502 307 verbum:
526 278 680 313 «Quisquis.
698 279 796 313 inquit,
820 287 853 306 eo
869 287 898 306 se
920 279 1036 306 liberum
1057 287 1106 314 pu-

321 327 386 354 dore
410 326 489 356 volet,
514 325 559 360 qui
586 325 784 352 dubitationem
816 325 897 360 vulgo
917 325 1104 360 consequitur,

323 373 346 399 is
365 372 448 399 libere
461 371 605 406 palamque
622 371 787 406 pronuntiet,
804 372 870 398 nihil
887 379 982 398 eorum
997 379 1057 406 qum
1078 372 1105 398 in

322 417 463 444 materiam
481 416 608 443 immersa
623 417 688 448 sint,
704 417 737 444 ad
755 417 941 444 sustinendam
956 417 1031 444 orbis
1047 423 1106 443 mo-

321 464 375 490 lem
402 463 469 490 satis
499 464 598 490 habere
617 463 737 497 virium;
761 468 789 490 at
817 463 1010 497 sempiternum
1041 462 1106 489 illud

321 510 415 537 :eterni
435 509 482 536 Dei
499 508 629 540 Verbum,
654 511 733 545 longe
760 510 979 544 potentissimum
1006 517 1038 536 ac
1059 508 1106 535 lir-

321 555 477 582 missimum
495 563 555 583 esse
570 556 695 583 columen
714 555 844 582 universi.
879 554 934 582 lloc
949 555 1022 581 enim
1041 554 1107 581 illud

321 605 373 632 est,
389 601 468 635 cujus
483 601 598 628 arbitrio
624 601 687 628 dum
707 609 722 628 a
737 600 834 628 mediis
856 601 891 628 ad
913 605 1045 630 extrema.
1070 600 1107 626 si-

321 646 433 680 mulque
455 653 471 673 a
488 646 603 673 summis
627 646 661 673 ad
683 646 770 673 media
790 646 917 680 pertinet,
940 646 1106 673 constitutus

322 699 355 719 ac
367 697 514 727 perpetuus
533 697 637 719 naturae
650 700 747 719 cursus
761 692 910 726 peragitur.
926 691 1020 718 Partes
1033 693 1105 718 enim

321 746 418 766 omnes
433 739 503 765 inter
517 746 579 766 sese
593 739 732 766 consociat
748 743 830 774 atque
842 739 1012 774 constringit,
1033 739 1107 773 quod

322 784 387 812 illud
402 784 492 818 Pater,
505 794 520 812 ιι
532 793 586 820 quo
603 785 724 819 genitum
743 789 794 816 est,
816 785 1002 811 ﬁrmissimum
1018 784 1107 818 quod-

323 833 385 860 dam
401 832 485 859 totius
505 832 625 858 universi
639 831 777 859 vinculum
791 839 851 858 esse
864 831 991 858 voluerit.
1007 826 1106 858 Mirum

1155 235 1201 261 τὸν
1213 234 1314 268 κόσμον
1322 232 1484 268 ἀχθοφορεῖν
1500 232 1616 267 ἰσχύσαι.
1630 232 1714 266 Λόγος
1728 232 1750 258 δ’
1764 231 1821 267 (79)
1834 232 1848 257 ὁ
1860 231 1945 261 ἀΐδιος

1156 280 1223 306 Θεοῦ
1237 278 1283 306 τοῦ
1309 279 1418 306 αἰωνίου
1447 279 1477 305 τὸ
1503 277 1672 314 ὀχυρώτατον
1695 279 1742 305 καὶ
1772 277 1946 312 βεῦαιὲτατον

1157 326 1271 361 ἔρεισμα
1287 324 1340 351 τῶν
1355 325 1422 351 ὅλων
1436 325 1519 352 ἐστίν.
1535 323 1617 356 Οὗτος
1633 324 1687 351 ἀπο
1708 324 1761 351 τῶν
1787 324 1876 360 μέσων
1899 324 1947 350 ἐπὶ

1156 372 1190 398 τὰ
1207 372 1320 407 πέρατα,
1333 371 1380 398 καὶ
1393 371 1446 397 ἀπὸ
1460 370 1513 397 τῶν
1525 372 1616 407 ἄκρων
1630 371 1676 397 ἐπὶ
1692 370 1727 397 τὰ
1748 370 1816 406 μέσα
1839 370 1945 402 ταθεὶς,

1156 417 1286 453 δολιχεύει
1301 418 1346 444 τὸν
1363 417 1470 452 φύσεως
1483 418 1615 453 ἀήττητον
1634 417 1734 453 δρόμον
1748 438 1755 449 ,
1772 417 1894 450 συνάγων
1911 416 1947 442 τὰ

1158 463 1229 499 μέρη
1247 463 1335 489 πάντα
1350 463 1397 489 καὶ
1411 462 1576 496 συσφίγγων-.
1592 462 1696 497 Δεσμὸν
1721 461 1776 497 γὰρ
1799 460 1878 488 αὑτὸν
1900 461 1960 501 6.ρπ

1158 510 1237 544 ρητον
1256 508 1309 543 (80)
1327 508 1373 534 τοῦ
1388 507 1487 539 παντὸς
1500 509 1514 534 ό
1530 508 1662 543 γεννήσας
1676 507 1762 534 ἐποίει
1779 507 1882 542 Πατήρ.
1898 506 1947 532 Εἱ-

1157 555 1243 586 κότως
1255 552 1301 580 οὖν
1316 554 1376 580 οὐδὲ
1398 554 1432 589 γῆ
1452 555 1527 580 πᾶσα
1547 553 1737 589 διαλυθήσεται
1761 553 1828 590 πρὸς
1846 552 1948 585 παντὸς

1157 599 1262 632 ὓδατος,
1277 600 1345 636 ὅπερ
1357 600 1442 634 αὐτῆς
1454 600 1478 626 οἱ
1496 599 1590 626 κόλποι
1603 600 1803 635 κεχωρήκασιν,
1825 599 1879 626 οὐδ’
1893 598 1948 625 ὑπὸ

1157 646 1236 681 ἀέρος
1249 645 1426 681 σϐεσοήσεται
1444 645 1509 681 πῦρ,
1523 645 1579 672 οὐδ’
1592 645 1706 681 ἔμπαλιν
1723 646 1775 672 ὑπὸ
1790 645 1875 681 πυρὸς
1891 645 1947 680 ἀὴρ

1157 692 1398 727 ἀναφλεχοὴσεται,
1415 692 1461 718 τοῦ
1477 692 1550 719 θείου
1563 692 1651 726 Λόγου
1665 691 1789 727 μεθόριον
1802 692 1948 723 τάττοντος

1158 738 1237 764 αὑτὸν
1252 739 1356 773 φωνῆεν
1380 738 1434 773 (81)
1453 739 1591 773 στοιχείων
1611 737 1742 773 ἀφώνων·
1767 739 1809 764 ἴνα
1824 738 1855 765 τὸ
1886 737 1947 764 ἰλον

1157 783 1250 819 ὥσπερ
1267 785 1314 811 ἐπὶ
1329 785 1379 819 τῆς
1394 785 1556 821 ὲγγράμμου
1574 785 1705 820 μουσικῆς
1720 784 1776 819 (82)
1796 786 1947 819 συνηχήσῃ,

1158 830 1206 861 τὰς
1221 830 1274 856 τῶν
1287 831 1414 857 ἐναντίων
1431 831 1544 862 ἀπειλὰς
1555 830 1644 857 πειθοῖ
1654 832 1685 866 τῇ
1705 831 1805 865 συνόδῳ
1819 829 1949 865 μεσιτεύ-

322 884 386 912 ergo
403 876 470 903 nihil
491 880 543 909 est,
561 876 583 903 si
599 883 686 910 neque
707 881 842 902 terrarum
860 875 956 906 moles,
974 883 1106 910 aquarum

1161 876 1234 907 οντός
1247 885 1276 903 τε
1293 877 1339 903 καὶ
1353 872 1517 908 διαιτῶντος.
1535 887 1544 902 ι
1559 877 1651 903 Ταῦτα
1667 877 1681 902 ὁ
1693 877 1788 903 Φίλων.
1800 876 1856 902 Καὶ
1874 875 1950 910 Ἀρι-

323 927 398 950 tanta
422 923 459 955 vi,
475 923 552 950 sinus
570 930 663 949 earum
682 923 824 949 interiores
851 924 1019 956 permeau’te,
1039 929 1108 948 nun-

323 977 406 1005 quam
431 969 604 1001 dissolvetur,
621 976 671 995 nee
684 967 717 995 ab
738 975 799 994 aere
822 967 1010 1002 exstinguetur
1026 967 1106 1001 ignis,

323 1023 374 1042 nec
386 1023 434 1042 aer
449 1020 542 1042 contra
558 1015 618 1049 igne
636 1013 892 1049 conﬂagrabit,cum
907 1013 1028 1040 divinum
1043 1013 1108 1039 illud

323 1060 454 1093 Verbum,
470 1061 542 1096 quod
558 1067 619 1087 sese
630 1064 705 1086 muta
723 1060 794 1086 inter
811 1059 956 1091 elementa,
970 1058 1048 1092 quasi
1063 1065 1109 1085 vo-

1162 922 1302 954 στόῧουλος
1318 922 1356 954 δὲ,
1371 922 1448 954 ἄλλος
1471 923 1602 959 Ἐὁραίων
1615 923 1696 957 σοφὸς
1710 922 1778 958 ἀνὴρ
1789 942 1796 953 ,
1813 921 1884 948 κατὰ
1899 920 1949 956 τὴν

1159 967 1213 993 τῶν
1225 967 1399 1003 Πτολεμαίων
1412 968 1539 1003 ἀκμάσας
1554 968 1712 1004 ἡγεμονίαν,
1725 968 1804 1002 κυροῖ
1817 966 1848 993 τὸ
1859 966 1949 1000 δόγμα

1160 1012 1197 1044 ὡς
1214 1012 1337 1047 πάτριον,
1356 1013 1430 1048 αὐτῷ
1448 1014 1607 1049 Πτολεμαίῳ
1621 1014 1669 1049 τὴν
1681 1014 1735 1040 τῶν
1758 1012 1836 1048 ίερῶν
1858 1012 1950 1047 νόμων

1163 1059 1330 1094 προσφωνῶν
1350 1060 1506 1095 ἑρμηνείαν,
1523 1061 1552 1087 ἐν
1602 1060 1664 1087 τάδε
1678 1059 1753 1095 φησί.

323 1108 383 1135 cale
406 1107 543 1142 quoddam
568 1106 687 1134 medium
712 1105 872 1137 constituit;
889 1108 918 1131 ut
941 1110 1070 1138 tanquam
1099 1103 1126 1130 in
1159 1104 1263 1131 musica
1285 1105 1343 1133 suis
1367 1106 1498 1133 instructa
1529 1107 1687 1140 digestaque
1710 1105 1791 1137 notis,
1814 1108 1896 1139 aptus
1923 1108 1950 1131 et

321 1156 417 1183 Suavis
446 1155 528 1182 totius
551 1154 672 1181 universi
699 1158 848 1180 concentus
876 1152 1028 1183 exsisteret,
1054 1152 1254 1179 contrariorum
1279 1153 1366 1180 minas
1385 1154 1473 1181 amica
1495 1153 1612 1189 quadam
1634 1152 1826 1187 conjunctione
1848 1151 1950 1178 lenien-

324 1202 373 1229 das
402 1201 635 1234 moderandasque
664 1199 841 1233 susceperit.»
865 1197 929 1224 llazc
959 1197 1049 1224 Philo.
1076 1195 1250 1225 Aristobulus
1279 1206 1397 1233 quoque,
1426 1199 1497 1226 alius
1526 1199 1590 1225 item
1618 1197 1742 1224 eruditus
1770 1195 1948 1223 Hebreorum

324 1247 451 1282 scriptor,
475 1246 521 1281 qui
544 1245 753 1272 Ptolemteot'um
787 1245 902 1279 imperio
935 1243 1034 1275 ﬂoruit,
1066 1242 1188 1269 eamdem
1218 1245 1380 1271 sententiam
1418 1245 1490 1280 genti
1521 1244 1640 1272 defendit
1673 1243 1846 1277 vindieatqae
1873 1247 1949 1274 suae,

324 1295 469 1323 Ptoleuueo
484 1294 534 1329 ipsi
560 1294 713 1321 divinarum
730 1292 978 1327 interpretationem
1001 1291 1152 1318 litterarum
1165 1290 1328 1324 inscribens,
1343 1292 1389 1319 ubi
1403 1293 1460 1320 haec
1476 1292 1546 1320 inter
1565 1297 1672 1319 caetera.

556 1349 638 1385 324
653 1348 768 1376 CAPUT
781 1348 862 1382 .xw.

418 1397 565 1425 Aristobuli
580 1397 656 1423 verba
668 1397 696 1423 in
717 1396 833 1423 eamdem
849 1396 1016 1425 sententiam.

363 1444 552 1478 cQuanquam,
581 1443 679 1477 inquit,
714 1442 743 1469 in
772 1441 939 1477 Sapientiam
968 1442 1110 1470 transferri

324 1491 378 1518 hoc
406 1498 513 1525 quoque
535 1490 632 1524 possit,
659 1485 721 1517 cum
736 1497 769 1516 ex
792 1497 824 1516 ea
844 1489 891 1515 lux
904 1488 1031 1516 universa
1048 1495 1110 1523 pro-

1423 1350 1619 1376 ΚΕΦᾹΛΑΙΟΝ
1633 1348 1682 1376 lA'.

1305 1395 1530 1430 Ἀριστοϐούλου
1547 1396 1613 1429 περὶ
1630 1395 1683 1422 τοῦ
1702 1395 1805 1422 αὐτοῦ.

1197 1450 1207 1466 ι
1223 1441 1408 1478 Μεταφέροιτο
1425 1442 1447 1468 δ’
1459 1443 1490 1469 ἂν
1504 1442 1534 1468 τὸ
1548 1442 1613 1469 αὐτὸ
1630 1442 1676 1468 καὶ
1701 1442 1746 1467 ἐπὶ
1767 1442 1815 1476 τῆς
1833 1441 1928 1476 σοφίας
1939 1449 1947 1456 ’

1159 1486 1188 1514 τὸ
1204 1487 1257 1523 γὰρ
1272 1489 1325 1514 πᾶν
1336 1488 1393 1522 φῶς
1408 1489 1482 1514 ἐστιν
1493 1489 1521 1521 ἐξ
1537 1488 1630 1523 αὐτῆς.
1648 1489 1694 1514 Διὸ
1714 1488 1760 1514 καί
1776 1497 1850 1519 τινες
1871 1489 1950 1524 εἰρήά

323 1537 414 1564 dierit.
438 1535 532 1570 Itaque
546 1544 579 1562 ex
603 1535 842 1570 Peripateticorum
856 1535 950 1562 schola
974 1534 1107 1566 nonnulli,

1161 1540 1224 1561 κατι
1242 1534 1296 1560 τῶν
1319 1536 1351 1561 ὲκ
1370 1535 1419 1570 τῆς
1437 1536 1567 1571 αἱρέσεως
1583 1536 1658 1568 ὄντες
1671 1537 1703 1563 ὲκ
1721 1535 1767 1562 τοῦ
1780 1536 1950 1571 Περιπάτου,

324 1581 394 1608 facis
409 1589 467 1608 eam
482 1581 567 1607 instar
582 1587 642 1607 esse
658 1581 814 1613 voluerunt,
827 1580 899 1615 quod
917 1581 963 1615 qui
984 1581 1044 1615 ejus
1059 1581 1109 1607 du-

323 1633 398 1654 ctum
423 1631 579 1654 constanter
604 1627 689 1653 secuti
713 1631 804 1659 erunt,
835 1627 853 1653 ii
884 1632 941 1654 toto
964 1627 1027 1654 vitae
1054 1634 1110 1654 sua:

325 1677 447 1707 tempore
463 1673 497 1698 ab
511 1672 585 1698 omni
604 1672 808 1706 perturbatione
833 1673 910 1700 vacui
936 1673 991 1699 siut
1012 1671 1109 1700 futuri.

326 1717 426 1744 Verum
445 1718 471 1745 id
488 1717 591 1744 clarius
605 1717 687 1745 simul
711 1725 743 1745 ac
766 1718 862 1745 melius
875 1718 1003 1745 Salomon
1020 1727 1034 1746 e
1051 1727 1110 1746 ma-

322 1764 434 1799 joribus
456 1764 558 1791 nostris
575 1771 646 1790 unus
664 1764 809 1799 expressit,
827 1773 889 1792 cum
904 1773 963 1792 eam
979 1765 1040 1792 coeli
1057 1770 1110 1792 ter-

325 1818 417 1845 raeque
431 1810 571 1837 molitione
587 1811 706 1845 priorem
724 1818 784 1838 esse
801 1811 919 1844 diceret;
934 1812 1006 1847 quod
1022 1813 1108 1847 ipsum

325 1861 417 1883 tamen
435 1863 498 1883 cum
522 1856 567 1883 illo
590 1855 834 1889 Peripateticorum
858 1857 930 1884 dicto
954 1858 1106 1885 convenit.)

325 1903 414 1937 Atque
431 1902 503 1929 hunc
527 1902 554 1928 in
583 1902 693 1929 modum
722 1903 772 1937 ipsi
803 1910 913 1937 quoque
944 1902 1048 1931 Hebraei
1076 1904 1109 1931 de

326 1947 416 1975 Verbo
435 1948 528 1975 divino
543 1947 726 1982 philosophati
753 1953 828 1975 sunt.
855 1947 921 1981 Quis
944 1955 1032 1976 autem
1056 1958 1109 1976 non

326 1998 468 2029 agnoscat,
483 1994 536 2021 hoc
552 1993 681 2028 loquendi
698 2002 783 2029 genus
801 1994 923 2021 divinam
938 1995 1109 2030 majestalem

330 2041 358 2068 in
380 2041 475 2076 primis
502 2041 610 2072 decere,
642 2048 698 2074 quo
724 2041 882 2076 intelligenti
907 2048 939 2069 ac
965 2043 1109 2077 sapientis-

327 2085 398 2114 simo
416 2087 489 2113 illius
502 2085 624 2119 Numini,
644 2087 697 2118 vel,
715 2091 745 2113 ut
762 2087 858 2114 melius
883 2087 984 2120 dicam,
1001 2088 1109 2122 ipsimet

326 2134 387 2168 ejus
402 2133 548 2168 Sapientia:
562 2137 644 2167 atque
665 2132 772 2160 Rationi
789 2134 888 2167 potius,
900 2126 994 2169 quam
1018 2135 1109 2162 inani—

327 2179 381 2207 mis
406 2178 569 2214 quibusdam
595 2184 622 2206 et
644 2179 749 2206 ratione
778 2180 933 2206 carentibus
956 2181 1107 2215 elementis,

1160 1578 1320 1615 λαμπτῆρος
1331 1581 1414 1616 αὐτὴν
1430 1582 1501 1617 ἔχειν
1514 1583 1599 1615 τάξιν,
1611 1582 1820 1615 ἀκολουθοῦντες
1835 1583 1890 1619 γὰρ
1901 1582 1954 1608 ad-

1159 1626 1209 1661 τὴν
1222 1632 1235 1646 α
1250 1627 1377 1662 συνεχῶς,
1395 1628 1524 1663 ἀτάραχοι
1540 1630 1753 1664 καταστήσονται
1769 1629 1803 1655 δι’
1825 1628 1887 1655 ὅλου
1902 1627 1950 1655 τοῦ

1161 1671 1228 1705 βίου.
1246 1672 1416 1707 Σαφέστερον
1429 1673 1457 1699 δὲ
1469 1674 1515 1700 καὶ
1528 1673 1635 1700 κάλλιον
1652 1673 1705 1700 τῶν
1721 1674 1863 1709 ἡμετέρων
1880 1682 1950 1709 προσ

1159 1718 1245 1752 γόνων
1257 1726 1299 1748 τις
1316 1716 1375 1744 εἷπε
1392 1719 1527 1754 Σολομὼν,
1544 1720 1596 1756 πρὸ
1608 1719 1722 1755 οὐρανοῦ
1740 1720 1787 1746 καὶ
1797 1720 1849 1754 γῆς
1865 1720 1951 1755 αὑτὴ)

1159 1765 1291 1800 ὑπάρχειν
1302 1773 1309 1780 °
1329 1765 1357 1791 τὺ
1370 1765 1398 1791 δὲ
1422 1765 1565 1801 σύμφωνόν
1583 1767 1640 1792 ἐστι
1657 1765 1695 1800 τῷ
1712 1762 1914 1801 προειρημένῳ.
1936 1775 1946 1792 ι

1160 1811 1253 1837 Ταῦτα
1271 1811 1320 1845 μὲν
1336 1809 1382 1837 οὖν
1394 1811 1441 1837 καὶ
1453 1811 1487 1837 τά
1503 1811 1613 1838 τοιαῦτα
1626 1811 1690 1847 περὶ
1702 1809 1777 1838 τοῦδε
1791 1813 1837 1838 καὶ
1854 1812 1950 1843 παῖδες

1166 1856 1298 1893 Ἐϐραίων
1306 1857 1565 1892 πεφιλοσοφήκασιν.
1576 1856 1639 1894 Ἃρ*
1650 1855 1696 1884 οὖν
1706 1854 1754 1893 οὔχ
1767 1856 1844 1889 οὗτος
1861 1858 1950 1892 λόγων

1159 1903 1200 1939 εἴη
1215 1903 1248 1930 ἂν
1267 1904 1281 1930 ὁ
1297 1903 1545 1940 θεοπρεπέστατος,
1566 1901 1679 1939 δυνάμει
1701 1904 1768 1930 Θεοῦ
1781 1900 1876 1939 λογικῇ
1901 1904 1949 1930 καὶ

1160 1949 1298 1985 πανσόφῳ,
1312 1950 1411 1985 μᾶλλον
1424 1951 1452 1976 δὲ
1466 1952 1534 1986 αὐτῇ
1549 1950 1629 1986 σοφίᾳ
1638 1949 1685 1976 καὶ
1700 1950 1773 1985 αὐτῷ
1786 1950 1854 1976 Θεοῦ
1868 1951 1948 1986 Λόγῳ

1158 1995 1208 2030 τὴν
1220 1996 1306 2031 ἀρχὴν
1322 1996 1457 2028 ἀνατιθεὶς
1479 1996 1529 2031 τῆς
1548 1995 1595 2022 τοῦ
1619 1995 1719 2027 παντὸς
1743 1996 1910 2028 συστάσεως,
1930 1995 1947 2030 ἦ

1159 2043 1214 2074 τοῖς
1227 2042 1340 2078 ἀψύχοις
1356 2043 1403 2069 καὶ
1413 2043 1519 2077 ἀλόγοις
1532 2037 1691 2076 στοιχείοις;
1725 2041 1805 2067 Ἀλλά
1823 2041 1878 2077 γὰρ
1894 2049 1948 2068 τοι-

1159 2089 1229 2116 αῦτα
1246 2090 1310 2126 παρ’
1329 2089 1464 2124 Ἑϐραίοις
1481 2087 1528 2115 καὶ
1539 2088 1573 2115 τὰ
1589 2088 1654 2122 περὶ
1671 2088 1720 2123 τῆς
1734 2088 1788 2114 τῶν
1813 2088 1881 2114 ὅλων
1899 2088 1949 2124 ἀρ-

1160 2136 1219 2171 χῆς.
1241 2135 1408 2170 Σκεψώμεθα
1422 2135 1449 2162 δὲ
1464 2134 1510 2162 καὶ
1520 2134 1537 2161 ἃ
1553 2135 1677 2171 περὶτῆς
1693 2134 1746 2160 τῶν
1767 2133 1883 2168 λογικῶν
1901 2142 1948 2160 συ-

1161 2186 1291 2217 στάσεως,
1306 2185 1361 2212 τῶν
1378 2185 1446 2220 μετά
1455 2185 1503 2220 τὴν
1516 2184 1627 2220 πρώτην
1640 2183 1737 2219 ἀρχὴν,
1749 2181 1947 2208 ἐκδιδάσκουσι.

328 2228 449 2255 universi
474 2227 637 2263 principium
655 2228 815 2262 molitioque
836 2228 995 2256 tribuatur?
1019 2231 1053 2258 At
1074 2233 1107 2260 de
1128 2242 1217 2260 rerum
1244 2234 1377 2269 principio
1405 2242 1438 2261 ex
1470 2233 1643 2260 Hebraeorum
1664 2239 1746 2259 sensu
1769 2230 1948 2264 doctrinaque

327 2277 405 2308 satis.
416 2275 475 2302 .lam
489 2275 553 2310 quid
568 2275 618 2310 ipsi
629 2280 755 2309 praeterea
764 2276 797 2302 de
815 2281 1001 2304 creaturarum
1025 2281 1129 2309 ratione
1149 2283 1334 2317 prazditarum,
1349 2282 1498 2310 secundum
1514 2282 1601 2317 prima
1615 2281 1661 2308 illa
1688 2279 1782 2308 mundi
1808 2280 1947 2307 nascentis

328 2321 415 2353 initia,
429 2320 606 2356 productione
621 2320 754 2347 senserint
774 2321 900 2355 deinceps
918 2322 1071 2352 videamus.

621 2365 735 2393 CAPUT
753 2365 811 2393 XV.

346 2414 384 2441 De
395 2418 578 2441 creaturarum
593 2413 693 2438 ratione
706 2413 881 2447 praditarum
895 2415 1080 2448 productione.

364 2458 435 2494 Ergo
450 2463 511 2493 p05t
528 2458 612 2490 illam,
629 2458 707 2492 cujus
722 2466 772 2486 nec
784 2459 948 2494 principium
962 2469 1011 2489 nec
1027 2468 1109 2490 ortus

331 2505 403 2532 ullus
424 2510 475 2537 est,
503 2505 548 2532 Dei
564 2505 738 2540 pra-potentis
759 2505 919 2539 essentiam,
945 2507 1111 2543 principium

365 2566 380 2582 ι
391 2561 470 2597 αὐτῇ.

367 2607 422 2642 (79)
443 2608 535 2641 Λότος
554 2609 596 2635 δέ.
623 2608 721 2636 Excus.
747 2610 798 2644 leg.
820 2609 901 2644 νόμος
924 2609 961 2636 δέ.
990 2609 1108 2638 Dubium

330 2649 391 2670 esse
408 2648 562 2679 nou_potest
579 2645 644 2678 quin
662 2644 795 2671 Eusebius
809 2650 899 2671 noster
910 2646 1004 2679 Λόγος
1019 2646 1108 2679 potius

331 2685 412 2717 quam
433 2677 525 2717 νόμος
544 2677 636 2717 legerit
645 2687 730 2717 ,_cum
752 2680 803 2707 hoc
815 2681 847 2706 de
865 2677 1055 2717 Verbo—divino
1070 2686 1109 2707 te--

331 2713 487 2749 stimo_nium
503 2713 631 2747 proferat.
647 2714 679 2742 Et
694 2723 770 2747 sane,
778 2723 838 2741 cum
856 2715 936 2748 paulo
949 2719 1010 2749 post
1025 2715 1107 2742 Deum

330 2748 390 2784 ejus
407 2747 511 2774 Patrem
523 2750 646 2782 appellet,
655 2750 824 2776 commodius
839 2747 863 2776 id
878 2749 911 2776 de
927 2747 1013 2777 Verbo
1024 2758 1107 2784 quam

331 2783 370 2819 der
383 2783 439 2815 lege
456 2783 582 2819 accipias.
603 2784 659 2810 luto
670 2785 741 2819 quod
758 2785 841 2816 addit,
857 2793 917 2811 esse
934 2787 1010 2819 quasi
1028 2783 1107 2819 μεθό-

331 2818 387 2878 φόν
402 2826 428 2844 τι
442 2817 546 2852 φωνῆεν
565 2817 701 2854 στοιχείων
718 2820 830 2853 ἀφώνων
840 2840 846 2850 ,
869 2817 955 2846 multo
969 2817 1066 2846 melius
1079 2820 1107 2846 iu

355 2853 464 2878 erbum.
480 2853 551 2878 uuod
567 2855 658 2878 vocale
671 2855 734 2878 aui.l
747 2860 823 2878 sonat
835 2875 841 2878 _
859 2862 940 2878 ntmm
958 2854 984 2878 in
1008 2854 1105 2878 legem.

355 2853 464 2886 erbum,
480 2853 551 2888 quod
567 2855 658 2881 vocale
671 2855 734 2889 quid
747 2860 842 2887 sonat,
859 2862 940 2890 quam
958 2854 985 2881 in
1008 2854 1105 2888 legem,

1416 2370 1614 2397 ΚΕΦΑΛΑΙΟΝ
1631 2369 1680 2396 lE'.

1278 2417 1348 2451 Περὶ
1358 2415 1418 2450 ’τῆς
1430 2416 1488 2443 τῶν
1501 2415 1630 2450 λογικῶν
1641 2414 1828 2448 συστάσεως.

1196 2463 1272 2490 Μετὰ
1285 2463 1334 2498 τὴν
1352 2463 1467 2498 ἄναρχον
1479 2463 1525 2488 καὶ
1542 2462 1687 2495 ἀγέννητον
1700 2462 1746 2487 τοῦ
1761 2461 1830 2488 Θεοῦ
1841 2461 1947 2498 παμϐα-

1161 2508 1257 2540 mitem;
1272 2507 1431 2543 οὺσίαν,τὴν
1443 2507 1492 2533 οὐχ
1504 2505 1641 2541 ἄλλοθενῆ
1657 2507 1689 2532 ἐκ
1708 2505 1755 2532 τοῦ
1775 2506 1884 2542 Πατρὸς
1900 2515 1947 2541 γε-

1163 2610 1354 2654 κωῗόὶτερόνίιξι
1370 2609 1422 2644 χρῆ
1428 2617 1473 2654 μςῇ
1484 2608 1642 2654 ⁸ςοηξὶιῖιζίιιι.

1198 2619 1316 2671 »εξοτερον
1328 2619 1354 2635 τι
1484 2619 1642 2649 γοιινωιιῑιι.
1864 2643 1870 2648 .

1198 2649 1204 2676 (
1227 2645 1254 2679 0)
1283 2645 1425 2679 Αρῤητονε
1443 2644 1530 2675 Philo,
1547 2643 1694 2679 ἄρρηκτον.
1709 2642 1916 2679 longe-melius.

1197 2680 1252 2715 (8i)
1268 2679 1397 2712 Φωνῆεν.
1417 2678 1504 2710 Philo,
1519 2678 1642 2713 καθάπερ
1654 2678 1803 2712 φωνήεντα,
1819 2679 1893 2712 quod
1909 2679 1946 2705 si—

1162 2715 1333 2750 gnificantius
1348 2715 1465 2750 videtur.

1196 2750 1251 2783 (8‘2;
1276 2749 1458 2784 Ὲγῃοάμμου
1473 2747 1634 2784 μουσικῆς.
1658 2747 1725 2774 Ηὶηα
1739 2755 1870 2784 exeusum
1884 2755 1946 2784 eor—

1160 2782 1235 2826 ripas
1265 2782 1344 2817 licet,
1373 2782 1418 2811 ubi
1449 2791 1590 2818 perperam
1619 2783 1715 2818 legitur
1746 2782 1945 2818 ὲγγραμμάτου

1162 2828 1274 2855 μουσης.
