2070 3206
137 146 190 175 549

722 146 887 177 I’lh’EPAR.
909 148 1036 176 EVANG.
1057 148 1121 176 LIB.
1143 148 1199 176 Vll.

1716 150 1769 178 550

135 203 310 243 γεννημένην
330 208 427 243 ἀρχὴν,
439 207 615 243 πρωτότοκὰν
629 217 659 235 τε
675 206 756 236 οὖσαν
766 210 813 236 καὶ
839 219 926 246 συνερ-

984 210 1049 237 illud
1072 213 1205 243 statuunt,
1226 209 1300 244 quod
1326 217 1380 236 non
1407 208 1516 237 aliunde
1542 217 1625 245 quam
1652 218 1685 237 ex
1711 210 1771 244 ipso

138 254 187 289 τὸν
201 254 250 288 τῆς
269 254 316 280 τοῦ
334 254 439 289 Πατρδς
457 254 564 288 βουλῆς,
581 253 649 290 πρὸς
670 255 750 281 αὐτόν
770 264 799 281 τε
818 256 931 282 ἀπεικο-

137 299 270 334 νισμένην
284 299 448 327 διδάσκουσι.
465 300 571 336 Ταύτην
582 301 609 327 δὲ
622 300 676 327 τῶν
699 302 768 336 μετά
786 301 871 328 ταῦτα
886 310 931 335 ξε-

139 344 228 380 νητῶν
246 345 374 371 ἁπάντων
398 345 558 381 πρωτεύειν,
576 347 641 381 παρ’
658 345 672 372 ὃ
683 346 729 373 καὶ
753 346 844 372 εἰκόνα
861 346 928 373 Θεοῦ

140 390 235 425 αὐτὴν,
254 390 301 417 καὶ
310 390 376 416 Θεοῦ
389 390 511 426 δύναμιν,
529 391 575 417 καὶ
587 391 654 417 Θεοῦ
674 391 769 425 σοφίαν
780 411 786 423 ,
803 391 849 418 καὶ
862 391 929 418 Θεοῦ

139 437 237 470 Λόγον,
253 436 298 462 ναὶ
310 437 363 472 μὴν
377 437 423 463 καί
432 437 650 473 ἀρχιστράτηγον
661 437 801 472 δυνάμεως
816 438 928 473 Κυρίου,

140 481 264 517 μεγάλης
281 491 310 508 τε
329 481 425 517 βουλῆς
438 483 551 516 ἄγγελον
564 482 710 509 ἀποκαλεῖν
724 483 846 511 εἰώθασι,
873 484 928 516 Τὰς

138 528 167 554 δὲ
182 529 252 563 μετά
272 529 349 564 τήνδε
364 528 412 564 τὴν
432 529 519 565 ἀρχὴν
535 529 630 566 νοερὰς
649 529 695 556 καὶ
719 529 830 564 λογικὰς
848 530 928 557 δυνά-

140 583 203 609 μεις
212 575 243 601 οὺ
259 574 357 606 λεκτάς
367 572 436 601 εἶναι
447 575 589 611 ἀνθρώπου
601 575 691 609 φύσει,
703 575 750 602 τοῦ
763 585 792 602 τε
810 576 929 611 πλήθους

137 620 221 646 ἓνεκα
237 620 286 655 τῆς
299 629 328 646 τε
343 621 403 646 κατ’
414 618 482 652 εἶδος
493 620 634 656 διαφορᾶς,
652 620 721 656 πλὴν
734 621 795 647 ὅσον
819 621 929 648 ἐπιϐάλ-

137 667 195 695 λειν
211 667 322 694 δυνατὸν
335 668 392 699 τοῖς
407 668 626 703 παραδείγμασιν
645 669 676 694 ἐκ
692 667 740 703 τῆς
756 667 809 693 τῶν
824 667 929 703 ὁρωμέ-

137 722 192 741 νων
207 713 363 747 ἀναλογίας,
378 713 463 747 ἡλίου,
483 714 531 739 καὶ
548 712 672 747 σελήνης,
684 713 730 739 καὶ
743 713 861 748 ἄστρων,
881 712 928 739 καὶ

136 758 222 785 αὐτοῦ
240 758 272 794 δὴ
282 758 407 794 οὐρανοῦ,
424 758 496 784 ένδον
513 759 557 792 ὑφ’
573 758 661 793 ἑαυτῴ
674 757 707 784 τὰ
717 757 861 793 σύμπαντα
880 767 929 784 πε-

137 804 318 840 ριειληφότος.
338 814 347 830 ι
366 803 449 839 Ἀλλη
460 804 513 839 γὰρ
527 804 590 836 δόξα
606 804 691 840 ἡλίου,
708 804 756 830 καὶ
775 803 840 839 ἄλλη
865 803 928 836 δόξα

136 849 269 884 σελήνης,
294 850 340 876 καὶ
363 850 427 886 ἄλλη
453 851 517 884 δόξα
538 852 676 888 ἀστέρων,
705 862 714 878 ν
741 853 808 889 φησὶ
823 854 837 880 ό
856 853 926 885 θεῖος

133 895 444 932 ’ΔπόπολοςΑἊστέρα
455 897 509 933 γὰρ
522 898 633 934 ἀστέρος
647 888 784 935 διαςρέρειν
795 901 823 926 ὲν
833 899 904 935 δόξῃ.
913 909 923 926 ι
943 888 964 916 Β

125 941 229 979 ’Ταύτῃ
245 953 282 979 πη
303 943 448 978 τοιγαροῦν
463 944 509 970 καὶ
525 944 571 971 τὸν
586 945 615 971 ἐν
637 945 791 980 ἀσωμάτοις
808 945 854 972 καὶ
868 954 926 973 νοε-

130 988 200 1022 ’ραῖς
213 987 318 1019 οὐσίαις
332 987 434 1022 κόσμον
445 987 497 1023 χρὴ
510 989 589 1019 νοεῖν,
600 987 633 1014 τὰ
651 987 739 1013 πάντα
753 987 802 1021 μὲν
824 987 927 1022 ἀθρόως

127 1032 328 1068 ἀπολαϐούσης
339 1033 389 1068 τῆς
412 1033 602 1069 ἀνεκφράστου
628 1033 675 1059 καὶ
695 1033 929 1068 ἀπειρομεγέθους

129 1078 278 1114 δυνάμεως
290 1078 336 1106 τοῦ
351 1079 419 1106 Θεοῦ
443 1079 495 1105 τῶν
512 1079 580 1105 ὅλων
593 1100 600 1112 ,
621 1078 801 1115 δευτεροὺσης
821 1078 876 1115 (85)
900 1079 928 1105 δὲ

137 1125 208 1160 μετά
228 1124 274 1151 τὸν
287 1125 397 1161 Πατέρα
417 1126 467 1160 τῆς
487 1124 685 1161 δημιουργικῆς
700 1124 768 1160 ὁμοῦ
779 1125 826 1152 καὶ
843 1133 927 1159 φωτι-

136 1171 232 1206 στικῆς
241 1171 382 1206 δυνάμεως
396 1170 442 1197 τοῦ
463 1170 536 1198 θείου
553 1171 655 1204 Λόγων
673 1170 714 1196 διδ
728 1171 774 1197 καὶ
787 1170 844 1204 φῶς
860 1169 927 1204 ἀλη-

135 1216 226 1247 θινὸν,
248 1216 296 1243 καὶ
319 1216 491 1251 δικαιοσύνης
504 1215 579 1250 ἥλιον
600 1215 736 1251 Ἑϐραίοις
754 1215 829 1249 φίλον
846 1214 927 1241 αὑτὸν

127 1261 296 1296 ’ὀνομάζειν
317 1262 411 1297 τρίτης
421 1261 448 1287 δὲ
532 1260 601 1298 μετὰ
615 1260 663 1296 τὴν
686 1260 814 1296 δευτέραν
834 1260 927 1286 οὐσίαν

135 1308 165 1333 ὲν
178 1306 256 1342 χώρᾳ
267 1306 382 1342 σελήνης
392 1307 595 1342 καθισταμένης
608 1305 655 1332 τοῦ
667 1306 745 1340 ἁγίου
759 1305 926 1341 Πνεύματος’

133 1352 150 1380 ὂ
166 1354 214 1380 καὶ
229 1352 293 1380 αὐτὸ
308 1354 336 1379 ὲν
348 1354 381 1388 τῇ
393 1352 488 1389 πρώτῃ
500 1353 546 1379 καὶ
564 1352 689 1388 βασιλικῇ
713 1352 763 1387 τῆς
785 1351 838 1378 τῶν
859 1352 928 1378 ὅλων

134 1400 225 1436 ἀρχῆς
235 1399 310 1435 ἀξίᾳ,
326 1399 374 1426 καὶ
390 1400 455 1434 τιμῇ
469 1398 676 1433 καταλέγουσιν.
704 1399 743 1429 είς
766 1397 852 1433 ἀρχὴν
874 1397 927 1424 τῶν

136 1446 207 1481 μετά
223 1446 310 1472 ταῦτα
324 1444 462 1480 γενητῶν·
487 1445 558 1478 λέγω
581 1445 610 1471 δὲ
632 1444 686 1470 τῶν
708 1443 926 1478 ὑποῦεὸηκότων,

134 1491 182 1518 καὶ
195 1492 245 1526 τῆς
259 1491 323 1527 παρ’
336 1490 418 1518 αὐτοῦ
436 1490 567 1526 χορηγίας
582 1489 772 1525 ὲπιδεομένων,
784 1490 831 1516 καὶ
846 1488 927 1515 αὑτοῦ

133 1537 204 1573 πρὸς
217 1536 266 1563 τοῦ
283 1536 336 1563 τῶν
354 1536 423 1568 ὅλων
436 1536 548 1571 ποιητοῦ
572 1536 820 1571 κατατεταγμένου.
847 1535 926 1562 Ἀλλὰ

132 1583 214 1611 τοῦτο
229 1583 294 1619 μὲν,
312 1583 406 1619 τρίτην
429 1583 526 1618 ἐπέχον
540 1581 588 1617 τὴν
609 1581 699 1614 τάξιν,
720 1582 775 1613 τοῖς
790 1581 924 1617 03065613-

133 1630 196 1657 κόσι
209 1629 264 1656 τῶν
277 1630 305 1655 ὲν
317 1629 393 1664 αὐτῷ
409 1628 571 1664 κρειττόνων
592 1627 731 1663 δυνάμεων
754 1627 923 1662 ἐπιχορηγεϊ,

130 1678 165 1703 οὐ
179 1676 232 1712 μὴν
246 1676 313 1703 ἀλλά
327 1676 374 1702 καὶ
391 1675 583 1710 ἀντιλαμϐάνει
600 1675 663 1709 παρ’
679 1674 772 1709 ἐτέρου
789 1673 844 1708 (84)
866 1682 923 1704 του,

133 1723 150 1758 ἢ
166 1723 241 1759 παρὰ
261 1722 328 1749 Θεοῦ
342 1723 438 1756 Λόγου,
454 1721 500 1748 τοῦ
513 1721 545 1757 δὴ
560 1721 607 1748 καὶ
626 1720 754 1756 ἀνωτέρω
770 1719 817 1746 καὶ
834 1719 925 1755 κρείτ-

132 1778 210 1802 τονος
221 1790 228 1801 ,
245 1769 275 1796 ὃν
289 1769 320 1805 δὴ
335 1768 503 1804 δευτερεύειν
523 1767 628 1802 ἔφαμεν
651 1766 700 1801 τῆς
727 1765 856 1792 ἀνωτάτω
877 1765 924 1791 καὶ

132 1816 282 1851 ἀγεννήτου
301 1814 407 1850 φύσεως
423 1813 490 1840 Θεοῦ
511 1812 559 1840 τοῦ
578 1811 782 1847 παμὸασιλέως.
802 1812 871 1847 Παρ’
894 1809 924 1838 οὗ

126 1863 167 1898 δὴ
182 1863 229 1889 καὶ
239 1862 319 1893 αὐτὸς
333 1860 495 1897 ὲπιχορηγού
501 1869 579 1895 μενος
593 1860 607 1885 ό
617 1859 682 1890 Θεὸς
698 1858 794 1892 Λόγος,
807 1858 854 1885 καὶ
870 1857 924 1884 ὥσ-

134 1917 190 1944 περ
203 1908 233 1941 ἐξ
245 1908 342 1935 ἀενάου
359 1907 450 1942 πηγῆς
462 1906 575 1940 θεότητα
590 1903 843 1937 ἀναϐλαστανούσης
859 1904 925 1939 ἀρυ-

132 1952 242 1987 όμενος,
260 1952 316 1983 τοῖς
336 1949 418 1977 πᾶσιν
449 1949 517 1985 ὁμοῦ
532 1949 579 1976 καὶ
594 1949 625 1984 δὴ
642 1949 688 1975 καὶ
710 1947 784 1982 αὐτῷ
800 1947 839 1982 τῷ
855 1947 924 1982 ἁγίῳ

131 1997 286 2033 Πνεύματι,
303 1996 403 2031 μᾶλλον
417 1996 544 2023 ἀπάντων
557 1994 630 2029 αὐτῷ
641 1995 768 2029 προσεχεῖ
782 1993 829 2019 καὶ
844 1994 925 2027 ἐγγυ-

132 2043 210 2070 τάτω
225 2043 292 2073 δντι.
306 2044 366 2074 ταῖς
383 2050 411 2068 τε
427 2041 495 2076 μετὰ
506 2040 584 2067 τοῦτο
601 2040 708 2074 νοεραῖς
721 2038 768 2064 καὶ
781 2037 867 2068 θείαις
880 2037 924 2063 δυ-

134 2089 250 2125 νάμεσιν
267 2088 370 2124 ἀθρόως
382 2088 427 2114 καὶ
440 2086 624 2117 ἀνεπιφθόνως
634 2084 688 2111 τῶν
702 2084 748 2110 τοῦ
761 2083 860 2109 οἰκείου
873 2092 925 2117 φω-

134 2135 181 2166 to;
199 2133 388 2170 μαρμαρυγῶν
402 2132 570 2168 μεταδίδωσι.
589 2130 644 2166 Τὴν
657 2130 684 2156 δὲ
700 2129 754 2155 τῶν
771 2129 837 2155 ὅλων
858 2128 924 2162 ἀγέ-

134 2188 216 2215 νητον
235 2179 332 2215 ἀρχὴν,
347 2178 455 2212 ἀγαθῶν
468 2177 594 2203 ἁπάντων
608 2173 690 2202 οὖσαν
705 2173 794 2209 πηγὴν
806 2194 813 2206 ,
829 2172 924 2208 θεότη-

134 2226 181 2258 16;
197 2235 227 2252 τε
244 2226 290 2252 καὶ
303 2224 374 2259 ζωῆς
385 2223 463 2259 ὁμοῦ,
479 2222 526 2250 καὶ
543 2221 644 2257 φωτὸς,
659 2221 706 2247 καὶ
721 2219 811 2254 πάσης
825 2219 923 2254 ἀρετῆς

136 2273 238 2303 αἰτίαν,
252 2271 299 2297 καὶ
315 2270 425 2306 πρώτην
436 2277 467 2303 γε
483 2266 564 2295 οὖσαν
579 2267 632 2293 τῶν
646 2266 761 2302 πρώτων
777 2266 823 2291 καὶ
834 2264 925 2300 ἀρχῶν

135 2317 235 2353 ἀρχὴν,
255 2316 352 2351 μᾶλλον
366 2315 394 2341 δὲ
407 2315 454 2341 καὶ
473 2313 561 2349 ἀρχῆς
577 2313 624 2339 καὶ
639 2311 757 2348 πρώτου,
769 2311 816 2337 καὶ
835 2310 926 2344 πάσης

138 2363 223 2398 ῥητῆς
235 2371 264 2389 τε
279 2361 325 2388 καὶ
339 2359 513 2395 καταληπτῆς
529 2357 650 2389 ἐπινοίας
663 2357 803 2388 ἐπέκεινα,
825 2355 859 2382 τὰ
876 2355 925 2391 μὲν

97 2433 100 2436 .
136 2410 227 2436 ’πάντα
248 2409 352 2442 ὅσαπερ
367 2407 396 2433 ὲν
411 2407 540 2442 ἀρρήτοις
554 2404 683 2438 δυνάμεσι
707 2401 868 2437 περιείληφε
887 2401 926 2436 τῷ

136 2455 240 2491 πρώτῳ
256 2455 404 2489 γεννήματι
418 2452 554 2479 κοινωνεῖν
564 2450 652 2484 μόνῳ,
670 2448 707 2480 ὡς
723 2448 755 2474 ἂν
772 2447 859 2482 μόνως
878 2446 926 2482 οἴῳ

135 2511 166 2529 τε
180 2502 279 2537 χωρεῖν
296 2501 343 2527 καὶ
360 2497 538 2533 ἀποδέχεσθαι
554 2497 603 2531 τὴν
620 2497 675 2526 τοῖς
691 2494 780 2525 ἄλλοις
797 2494 846 2519 οὐκ
868 2493 927 2527 ἐφι-

135 2548 204 2583 κτὴν
217 2547 275 2573 οὐδὲ
289 2545 415 2581 χωρητὴν
425 2543 470 2571 τοῦ
482 2543 586 2578 Πατρὺς
597 2541 651 2567 τῶν
664 2540 774 2574 ἀγαθῶν
786 2538 924 2573 ἀφθονίαν·

135 2595 170 2621 τὰ
179 2595 202 2621 δ’
211 2595 240 2621 ἐν
255 2593 332 2629 μέρει
348 2594 403 2623 τοῖς
422 2590 492 2618 κατὰ
506 2589 588 2625 μέρος
597 2588 683 2620 ἀξίοις
693 2586 738 2612 διὰ
753 2585 802 2620 τῆς
814 2584 860 2611 τοῦ
868 2584 927 2610 δευ-

134 2642 216 2676 τέρου
240 2638 378 2669 διακονίας
392 2645 422 2663 τε
442 2637 489 2663 καὶ
514 2634 650 2670 μεσιτείας
674 2632 744 2659 κατὰ
769 2632 798 2658 τὸ
820 2632 926 2666 ἑκάστῳ

174 2708 197 2723 τε
211 2707 220 2733 l
236 2707 301 2733 Cor.
319 2714 362 2738 xv,
374 2706 418 2732 4|.

173 2754 182 2769 '
198 2753 284 2780 Caute
299 2752 366 2787 lege.

173 2809 231 2845 (83)
250 2808 543 2845 Asgtepoddn¢,__elc.
562 2804 610 2845 llis
627 2804 704 2845 plane
724 2803 829 2845 gemina
847 2802 924 2845 Plato

136 2839 236 2872 scribit
261 2839 392 2872 inferius.
414 2850 440 2876 p.
459 2841 527 2873 541,
552 2840 652 2876 quibus
675 2839 924 2876 duple_x‘intpictas

137 2871 314 2911 continetur,
335 2878 360 2905 in
377 2871 472 2904 Filium
489 2871 570 2903 altera
579 2875 683 2911 haltera
706 2871 733 2901 in
748 2871 877 2908 Spiritum
894 2871 922 2899 Ξ.

981 254 1061 282 Patre
1078 254 1211 290 genitum,
1228 254 1349 289 adeoque
1371 255 1583 290 primogenitum
1612 255 1658 288 sit,
1674 255 1769 291 quod-

981 309 1034 336 que
1047 300 1152 336 paterni
1165 300 1271 327 consilii
1287 307 1319 327 ac
1334 301 1484 329 voluntatis
1497 302 1616 336 adjutor,
1632 302 1767 337 integram

981 351 1064 381 atque
1089 346 1236 381 perfectam
1259 347 1347 381 ipsius
1389 347 1534 382 imaginem
1569 347 1680 376 referat.
1711 348 1769 376 Hoc

980 400 1064 427 porro
1091 393 1169 428 longe
1197 392 1369 427 multumque
1394 393 1475 420 rebus
1500 401 1560 428 qua:
1585 398 1651 420 salte
1673 398 1766 428 postea

981 443 1056 472 sttnt,
1075 439 1202 466 omnibus
1225 440 1386 466 antecellcre
1400 448 1407 465 τ
1425 439 1600 473 quamobrem
1614 439 1678 466 illud
1689 440 1768 466 modo

980 485 1026 512 Dei
1042 485 1199 519 imaginem,
1212 485 1293 512 modo
1314 485 1359 512 Dei
1374 485 1536 519 potentiam,
1557 485 1638 511 modo
1663 484 1709 511 Dei
1725 493 1768 511 sa-

979 530 1121 565 pientiam,
1137 531 1217 557 modo
1230 530 1276 558 Dei
1299 530 1430 564 Verbum,
1446 531 1501 557 imo
1513 534 1539 558 et
1553 538 1692 557 summum
1707 530 1762 557 Do-

980 577 1048 604 mini
1082 577 1220 604 exercitus
1254 577 1455 612 imperatorem,
1484 580 1512 604 et
1541 576 1631 611 magni
1660 576 1767 603 consilii

980 623 1106 657 angelum
1130 623 1266 658 appellare
1291 623 1389 650 solent.
1424 622 1494 655 Jam,
1520 630 1580 657 qua:
1603 622 1766 657 principium

982 668 1048 696 illttd
1077 673 1283 702 consequantur
1308 668 1445 703 spiritales
1464 668 1701 703 intelligentesque
1717 676 1766 695 na-

979 719 1067 746 turas,
1083 705 1125 741 vel
1151 714 1186 741 ob
1203 722 1299 741 earum
1316 713 1532 745 multitudinem.
1549 713 1591 740 vel
1618 714 1653 741 ob
1671 713 1767 740 formae

979 760 1087 787 varium
1113 759 1310 794 multiplexque
1336 758 1494 791 discrimen,
1527 759 1675 785 humanatn
1699 767 1764 786 ora-

981 806 1080 833 lionem
1096 806 1205 840 assequi
1222 813 1275 832 non
1291 813 1382 840 posse,
1401 805 1453 831 nisi
1469 810 1602 839 quantum
1635 806 1766 839 exemplis

980 851 1142 886 Quibusdam
1170 851 1253 886 325
1282 850 1410 886 augurari
1428 854 1454 877 et
1481 850 1616 884 conjicere
1642 851 1716 881 licet,
1732 858 1765 877 ex

979 905 1084 929 eorum,
1098 905 1157 932 quae
1168 897 1304 929 videntur,
1322 897 1373 924 hoc
1387 900 1430 924 est
1447 896 1530 930 solis,
1550 897 1631 931 luna},
1646 897 1766 924 siderum

980 943 1122 979 ipsiusque
1138 944 1212 975 coeli,
1230 943 1302 978 quod
1318 942 1422 969 ambitu
1453 949 1504 970 suo
1526 947 1624 970 cuncta
1648 943 1767 977 comple-

980 990 1073 1023 ctitur,
1093 990 1217 1024 analogia
1233 994 1259 1016 et
1271 988 1477 1022 comparatione
1494 989 1689 1023 depromptis.¢
1706 989 1764 1015 Alia

979 1035 1051 1063 enim
1063 1040 1104 1063 est
1117 1035 1224 1062 claritas
1239 1034 1315 1067 solis,
1338 1035 1388 1061 alia
1404 1034 1484 1066 lunm,
1512 1034 1564 1061 alia
1590 1035 1761 1065 stellaruth

980 1082 1068 1117 inquit
1079 1081 1188 1114 divinus
1199 1080 1482 1115 Apostolus";(stella
1489 1080 1560 1107 enim
1570 1087 1584 1106 a
1595 1080 1669 1107 stella
1677 1080 1766 1107 differt

981 1128 1005 1154 in
1023 1127 1119 1162 gloria.
1133 1137 1142 1153 ι
1161 1125 1244 1154 Nobis
1262 1126 1344 1161 igitur
1365 1126 1449 1153 simili
1470 1129 1610 1160 utcunque
1630 1125 1712 1152 modo
1732 1125 1766 1152 de

979 1173 1205 1208 incorporearum
1228 1173 1334 1199 illarum
1360 1171 1623 1206 intelligentiumque
1649 1176 1764 1199 natura-

980 1226 1041 1245 rum
1055 1218 1149 1245 ordinc
1174 1218 1362 1245 sentiendum:
1390 1223 1421 1245 ut
1438 1217 1479 1245 vis
1506 1217 1550 1244 illa
1575 1217 1685 1252 quidem
1712 1217 1764 1244 im-

979 1272 1072 1291 mensa
1093 1263 1139 1290 Dei
1167 1264 1352 1298 praepotentis,
1376 1263 1507 1298 omnique
1524 1264 1649 1290 oratione
1665 1263 1764 1297 major,

979 1309 1123 1337 confertim
1139 1317 1171 1336 ac
1186 1309 1269 1337 simul
1299 1309 1427 1336 universa
1451 1308 1679 1343 comprehendat:
1707 1313 1766 1335 tum

979 1355 1086 1382 Patrem
1112 1359 1296 1390 consequatur
1311 1354 1392 1382 Verbi
1419 1355 1501 1382 divini
1520 1355 1641 1389 potentia
1670 1354 1678 1370 ί
1704 1361 1766 1389 quae

979 1402 1084 1436 reliqua
1107 1401 1210 1436 pariter
1231 1406 1258 1428 et
1283 1401 1413 1428 moliatur
1433 1405 1460 1428 et
1481 1400 1608 1433 illustret,
1633 1408 1715 1435 quam
1730 1400 1765 1427 oh

982 1454 1094 1473 causam
1114 1447 1160 1473 lux
1173 1454 1247 1479 vera,
1262 1447 1411 1481 etjustitiae
1424 1445 1470 1473 Sol
1487 1447 1521 1473 ab
1539 1445 1658 1474 Hebraeis
1676 1446 1762 1473 nomi-

979 1492 1038 1518 nari
1053 1491 1236 1518 consueverit.
1261 1490 1362 1518 Deinde
1381 1496 1442 1526 post
1454 1491 1601 1517 secundam
1620 1490 1693 1517 illam
1715 1498 1761 1516 na-

955 1560 962 1570 ,
980 1542 1081 1570 turam,
1118 1538 1189 1564 luna:
1212 1537 1292 1572 quasi
1317 1537 1389 1569 loco,
1421 1538 1507 1564 sancti
1528 1536 1644 1572 Spiritus
1667 1541 1765 1564 natura

979 1583 1116 1616 succedat,
1133 1591 1213 1618 quem
1237 1583 1289 1617 ipsi
1306 1589 1415 1617 quoque
1429 1583 1455 1609 in
1473 1583 1594 1617 principe
1613 1582 1658 1608 illa
1677 1589 1765 1617 regan-

978 1637 1031 1664 que
1047 1629 1129 1664 hujus
1146 1629 1332 1657 universitatis
1345 1628 1468 1664 principii
1487 1628 1617 1663 dignitate
1626 1628 1765 1662 graduque

978 1675 1158 1708 c0ttstituunt,
1170 1674 1243 1709 quod
1259 1674 1334 1701 illum
1351 1673 1432 1700 etiam
1456 1680 1547 1700 rerum
1570 1680 1675 1704 earum,
1704 1680 1765 1706 qua}.

978 1727 1049 1748 nata:
1064 1726 1159 1756 postea
1180 1725 1254 1753 sunt,
1270 1721 1322 1748 hoc
1334 1725 1375 1747 est
1397 1727 1457 1755 qua:
1473 1719 1630 1746 inferiorem
1647 1719 1673 1746 in
1691 1719 1766 1746 ordi-

978 1775 1039 1794 nem
1053 1767 1224 1802 classemque
1250 1767 1390 1801 conjectaa,
1407 1766 1497 1801 ipsius
1512 1773 1562 1800 ope
1584 1773 1616 1792 ac
1642 1765 1765 1800 benigni—

979 1816 1034 1839 tate
1049 1812 1198 1846 indigeant,
1217 1812 1381 1846 principium
1396 1819 1520 1838 summus
1535 1818 1625 1837 rerutn
1642 1812 1763 1838 archite—

979 1862 1039 1885 ctus
1054 1857 1178 1885 omnium
1197 1865 1259 1885 esse
1279 1858 1407 1885 voluerit.
1430 1857 1516 1884 Porro
1531 1857 1571 1884 sic
1596 1857 1640 1884 ille
1655 1857 1764 1885 tertium

977 1904 1066 1931 locum
1083 1903 1221 1932 obtinens.
1236 1904 1410 1935 ditiniorum,
1426 1903 1524 1937 quibus
1539 1902 1669 1936 abundat,
1681 1903 1766 1929 facul-

978 1954 1063 1977 tatum
1080 1954 1161 1984 atque
1187 1949 1316 1976 virtutum
1337 1949 1418 1976 rebus
1443 1948 1635 1975 humilioribus
1656 1949 1762 1982 copiam

977 1995 1052 2028 facit,
1082 1999 1112 2022 ut
1131 1995 1189 2029 ipse
1201 1994 1320 2021 vicissim
1351 1994 1385 2020 ab
1402 1994 1488 2020 altero
1505 1994 1635 2028 quodam,
1654 1994 1706 2021 hoc
1723 1999 1765 2021 est

978 2048 993 2068 a
1007 2040 1063 2068 Deo
1084 2039 1185 2073 Verbo,
1203 2047 1267 2067 suas
1280 2047 1346 2074 opes
1364 2039 1490 2074 accipiat,
1505 2046 1585 2073 quem
1605 2039 1686 2073 paulo
1701 2043 1764 2065 ante

977 2087 1126 2114 secundum
1143 2093 1158 2113 a
1173 2093 1280 2112 summa
1303 2085 1348 2112 illa
1374 2085 1421 2112 Dei
1438 2085 1622 2120 praepotentis,
1646 2090 1763 2120 ortuque

977 2138 1088 2160 carente
1102 2137 1199 2159 natura
1221 2131 1375 2166 posuimus.
1406 2130 1430 2158 Is
1446 2131 1518 2158 cnim
1538 2129 1626 2158 Patris
1646 2132 1764 2158 liberali-

977 2181 1032 2204 tate
1046 2177 1129 2209 dives,
1148 2184 1181 2203 ex
1201 2183 1288 2210 eoque
1314 2179 1441 2210 tanquam
1466 2184 1497 2203 ex
1512 2176 1568 2211 jugi
1597 2176 1763 2210 percnnique

977 2223 1061 2256 fonte,
1077 2222 1148 2249 unde
1160 2222 1289 2249 scaturiat
1303 2221 1441 2253 divinitas,
1460 2221 1599 2253 hauriens,
1617 2229 1678 2248 cutn
1700 2222 1761 2248 uni-

976 2270 1063 2296 versis
1092 2269 1192 2304 pariter
1223 2269 1338 2303 ipsoqtte
1363 2267 1431 2295 adeo
1465 2267 1566 2302 Spiritu
1589 2272 1693 2300 sancto,
1715 2267 1761 2301 qui

976 2316 1098 2344 omnium
1128 2315 1247 2342 maxime
1274 2322 1366 2342 secum
1395 2314 1571 2349 proximeque
1599 2314 1761 2348 coniunctus

976 2366 1026 2394 est,
1039 2360 1199 2395 caaterisque
1220 2360 1347 2394 deinceps
1370 2359 1584 2393 intelligentibus
1607 2358 1762 2393 divinisque

975 2406 1133 2439 virtutibus,
1160 2405 1270 2432 luminis
1288 2405 1330 2432 sui
1357 2405 1447 2432 radios
1474 2404 1576 2431 affatim
1604 2404 1762 2438 prolixeque

975 2453 1170 2480 communicat.
1188 2451 1266 2478 Enim
1285 2460 1360 2483 vero,
1383 2450 1545 2486 principium
1567 2449 1631 2476 illud
1651 2450 1760 2476 univer-

976 2498 1010 2530 si,
1027 2502 1088 2524 ortu
1115 2505 1224 2530 carens,
1247 2496 1403 2531 fontemque
1419 2496 1551 2522 bonorum
1568 2494 1701 2527 omnitnn,
1717 2494 1760 2521 di-

975 2543 1106 2576 vinitatis,
1122 2543 1239 2576 vit:eque
1261 2540 1345 2569 simul
1365 2549 1397 2567 ac
1418 2539 1539 2572 luminis,
1556 2544 1581 2566 et
1594 2539 1684 2565 onmis
1700 2546 1760 2565 om-

976 2590 1041 2616 nino
1070 2588 1182 2615 virtutis
1213 2591 1356 2614 auctorcm
1386 2587 1536 2622 primorum
1562 2585 1683 2612 omnium
1706 2585 1760 2619 pri-

977 2643 1062 2667 mum,
1104 2634 1358 2669 principiorumque
1390 2632 1565 2668 principium,
1598 2631 1641 2658 vel
1668 2630 1760 2666 potius

1012 2800 1066 2834 (84)
1091 2799 1161 2832 Hap‘
1183 2797 1295 2831 ἐτέρου.
1315 2796 1462 2832 Sequentia
1480 2796 1527 2834 τοῦ
1541 2816 1547 2827 ,
1598 2795 1674 2834 παρὰ
1691 2794 1757 2821 Θεοῦ

977 2836 1061 2870 Λόγου
1071 2838 1126 2897 .det
1147 2835 1275 2862 mendosa
1293 2840 1356 2860 sunt
1366 2853 1374 2866 ,
1387 2837 1413 2859 ct
1430 2833 1545 2860 ascititia
1556 2852 1563 2866 ,
1578 2833 1693 2866 ideoque
1709 2838 1758 2857 ex-

977 2879 1082 2906 punget:
1104 2878 1129 2897 a.
