2070 3206
320 169 372 198 551

639 168 775 197 EUSEBII
794 168 1035 196 CIESARIENSIS
1053 167 1128 197 ΟΡΡ.
1149 168 1238 196 PARS
1254 169 1288 197 Il.
1310 181 1346 190 -—-
1363 169 1612 198 APOLOGETICA.

1893 173 1946 200 552

323 239 432 259 omnem
445 230 583 266 principii,
607 229 742 264 primique
762 230 906 262 rationem,
927 235 954 257 et
975 230 1095 265 quidqui:

1159 232 1268 266 ἐφικτὸν
1285 233 1466 268 ὲμπαρέχειν’
1485 230 1521 259 ὧν
1535 233 1568 259 τὰ
1589 232 1677 260 τέλεία
1700 234 1746 260 καὶ
1765 233 1856 270 ἄκρως
1880 235 1946 265 ἅγια

323 286 371 306 seu
394 277 483 304 verbis
507 276 645 311 explicari,
671 284 719 302 seu
733 276 898 310 cogitatione
913 277 1106 311 comprehendi

321 328 414 359 queat,
439 322 541 349 intinite
565 325 798 356 praetergressum,
824 329 856 349 ea
874 323 983 357 quidem
1004 323 1105 355 omnia,

320 377 382 405 quae
394 369 527 396 immenso
541 368 671 394 virtutum
685 375 798 394 suarum
817 376 848 395 ac
863 367 1024 396 facultatum
1043 369 1105 396 sinu

320 415 520 450 complectitur,
551 422 614 442 cum
636 414 724 449 primo
752 419 856 442 tantum
875 415 929 442 fetu
954 415 1107 442 communi-

319 469 392 494 care,
410 461 483 495 quod
501 461 523 488 is
538 461 613 488 solus
629 468 701 493 eam,
718 469 778 495 qua:
797 461 966 495 reliquorum
979 461 1105 488 omnium

319 507 374 534 vim
407 511 572 542 captumque
603 511 725 541 superat,
761 512 936 541 paternorum
970 508 1104 535 bonorum

318 553 526 585 abundantiam,
542 561 638 588 capere
655 561 687 581 ac
703 554 838 580 sustinere
862 554 959 588 possit.
987 554 1022 581 At
1037 561 1103 580 vero

318 598 425 626 naturis
446 599 507 626 aliis
522 599 717 634 singularibus,
735 606 784 633 pro
806 607 855 626 sua
873 599 955 635 326
971 599 1105 634 cujusque

318 645 460 679 dignitate,
476 652 580 679 proque
597 653 631 672 co
645 653 677 672 ac
693 644 763 672 ferre
782 645 895 680 singula:
911 650 1034 679 possunt,
1049 645 1105 672 sin-

318 692 426 726 gulares
451 691 532 718 etiam
564 691 763 726 distinctasque
800 691 1103 726 particulas,.seeundi

317 737 445 772 principii
462 741 592 771 tanquam
609 737 765 771 interpretis
792 745 824 764 ac
847 738 997 772 sequestris
1020 745 1103 772 opera

316 784 456 816 dividere;
472 783 512 810 sic
528 789 627 815 tamen,
649 788 678 809 ut
705 791 766 817 qua:
779 783 900 810 numeris
919 784 1045 811 omnibus
1056 783 1103 810 χιι)-

314 829 417 860 soluta,
433 836 596 863 summaque
613 829 758 855 sanctitate
774 829 884 863 praadita
900 833 975 861 sunt,
993 836 1024 856 eo
1041 833 1102 856 tan—

314 880 374 900 tum
389 875 438 906 illi,
453 875 499 909 qui
516 874 613 902 tertius
629 874 663 901 ab
678 874 737 908 ipso
756 878 924 906 numeratur,
943 874 1044 909 quique
1059 881 1102 901 sc-

311 921 457 954 qucntium
485 920 548 947 item
573 925 732 947 naturarum
750 919 804 946 dux
821 925 847 946 et
873 921 1035 955 principium
1047 925 1100 954 cst,

313 965 362 991 ﬁlii
382 965 424 991 sui
440 969 615 999 paternorum
633 965 768 992 bonorum
794 965 992 999 dispensatoris
1013 967 1098 993 mani-

314 1010 367 1037 hus
391 1011 530 1045 largiatur.
550 1010 586 1037 ita
602 1011 692 1037 cuncti
716 1010 891 1038 Hebrworum
910 1011 1040 1047 theologi,
1059 1020 1102 1040 se-

312 1055 433 1083 cundum
458 1055 634 1090 prrepotentis
650 1055 709 1087 Dei,
727 1063 875 1091 rerumque
892 1057 1013 1084 omnium
1039 1066 1101 1085 mo-

312 1101 449 1129 deratoris
472 1101 589 1134 Numen,
621 1110 652 1130 ac
672 1103 879 1137 primogenitam
897 1103 970 1131 illius
987 1103 1101 1138 Sapien-

312 1149 392 1180 tiam,
421 1149 527 1175 tertiam
554 1148 625 1175 hanc
644 1153 822 1184 sanctamque
850 1149 991 1180 virtutem,
1019 1157 1100 1184 quem

313 1197 439 1220 sanetum
459 1194 495 1220 illi
523 1193 654 1227 Spiritum
675 1194 826 1225 nominant,
853 1194 956 1229 quique
970 1195 1100 1222 divinitus

311 1238 419 1265 amatos
444 1239 509 1265 olim
536 1239 685 1274 prophetas
715 1238 903 1269 collustrabat,
930 1239 1014 1266 Deum
1039 1246 1100 1266 esse

314 1283 488 1310 conﬁtentur.
506 1283 566 1310 Jam
590 1288 651 1318 post
675 1284 773 1311 cualum
798 1284 874 1316 illud,
902 1284 999 1315 solem,
1017 1288 1098 1319 atque

313 1328 418 1361 iuuant,
435 1329 527 1356 stellas
542 1329 612 1355 inter
636 1329 754 1363 dignitas
778 1334 804 1356 et
826 1329 919 1364 gloriae
940 1330 1097 1357 discrimina

312 1379 446 1401 statuunt.
474 1373 507 1401 Et
529 1375 655 1408 quamvis
678 1380 782 1402 certum
798 1380 935 1402 astrorum
955 1383 1097 1402 numerum

312 1421 420 1455 assequi
442 1421 566 1447 mortalis
594 1426 690 1448 natura
716 1429 770 1448 non
797 1422 900 1456 possit:
931 1421 986 1449 Deo
1007 1426 1096 1449 tamen

312 1474 421 1494 summo
442 1474 533 1493 rerum
558 1467 681 1493 omnium
702 1466 816 1494 Domino
835 1467 939 1495 militia:
958 1468 1018 1495 cmli
1036 1468 1097 1495 uni-

309 1520 396 1540 versae
413 1514 627 1546 multitudinem,
640 1518 665 1541 et
683 1514 820 1548 propriam
842 1515 976 1550 cujusque
999 1515 1096 1542 sideris

1158 277 1196 312 τῷ
1208 278 1292 313 τρίτῳ
1308 278 1356 313 μὲν
1372 279 1418 312 ἀφ’
1433 278 1538 310 ἑαυτοῦ,
1555 279 1664 314 ἄρχοντι
1682 279 1710 305 δὲ
1735 279 1779 305 καὶ
1800 281 1946 316 ἡγουμένῳ

1158 323 1211 349 τῶν
1227 323 1382 358 μετέπειτα,
1393 323 1437 350 διὰ
1450 324 1496 350 τοῦ
1509 324 1572 350 Υἱοῦ
1589 324 1622 351 τὰ
1635 325 1755 360 περὶτοῦ
1769 325 1874 361 Πατρὸς
1885 327 1947 353 ἐπι-

1158 369 1338 404 κομιζομένῳ,
1356 369 1533 406 δεδωρῆσθαι.
1545 370 1640 397 Ἔνθεν
1652 372 1676 398 οἱ
1694 371 1793 404 πάντες
1810 372 1944 408 Ἑϐραίων

1157 415 1285 449 θεολόγοι,
1302 416 1370 450 μετά
1386 415 1430 442 τὸν
1445 417 1491 443 ἐπὶ
1506 416 1613 442 πάντων
1633 417 1711 448 Θεὸν,
1732 413 1778 444 καὶ
1802 418 1869 453 μετά
1892 419 1944 454 τὴν

1157 461 1328 497 πρωτότοκον
1343 462 1426 488 αὐτοῦ
1442 462 1548 497 σοφίαν,
1562 463 1610 499 τὴν
1623 464 1716 498 τρίτην
1731 463 1777 490 καὶ
1796 464 1876 498 ἀγίαν
1896 465 1944 491 8v-

1156 507 1251 542 νάμιν,
1267 507 1344 541 ἆγιον
1367 507 1478 542 Πνεῦμα
1498 509 1702 543 προσειπόντες,
1723 509 1941 542 ἀποθειάζουσιν,

1156 553 1200 587 ὑφ’
1216 551 1245 579 οῦ
1260 552 1307 579 καὶ
1324 553 1486 588 ὲφωτίζοντο
1510 554 1727 590 θεοφορούμενοι.
1753 554 1830 589 Ἑξῆς
1850 555 1879 582 δὲ
1898 556 1944 582 οὺ-

1158 599 1238 634 ρανῷ,
1253 599 1299 625 καὶ
1315 599 1392 635 ἡλίῳ,
1409 600 1455 626 καὶ
1473 599 1588 636 σελήνῃ,
1606 600 1708 635 ἀστέρα
1730 600 1811 634 φασὶν
1828 601 1943 636 ἀστέρος

1155 644 1291 680 διαφέρειν
1314 646 1342 671 ἐν
1365 644 1436 682 δόξῃ.
1465 645 1553 681 Θνητῇ
1577 646 1626 681 μὲν
1646 643 1692 672 οὖν
1705 646 1784 680 φύσει
1803 647 1853 673 οὐκ
1868 648 1943 673 ἔστιν

1154 688 1269 725 ἀριθμὸν
1285 691 1392 726 ἄστρων
1406 690 1516 717 δυνατὸν
1532 691 1631 724 εὑρεῖν,
1644 690 1713 726 ’πλὴν
1732 690 1799 717 ἀλλὰ
1811 691 1856 718 τὸν
1867 700 1944 726 παμ-

1154 736 1265 763 ϐασιλέα
1281 736 1346 763 Θεὸν
1361 737 1394 763 τὰ
1413 736 1544 771 Ἐϐραίων
1565 737 1630 771 φασὶ
1643 737 1719 772 λόγια
1730 757 1737 769 ,
1753 737 1799 763 καὶ
1815 739 1865 772 τῆς
1880 738 1941 763 κατ’

1153 782 1266 818 οὐρανὸν
1283 783 1412 818 στρατιᾶς
1427 782 1460 808 τὰ
1473 782 1561 817 πλήθη
1577 783 1623 808 καὶ
1635 783 1684 814 τὰς
1697 783 1883 817 προσηγορίας
1903 783 1940 817 μὴ

1153 830 1272 864 ἀγνοεῖν·
1288 829 1328 855 διὸ
1349 828 1414 865 παρ’
1438 829 1528 860 αὐτοῖς
1551 829 1675 863 lassent:
1688 836 1696 844 ‘
1717 839 1727 854 ι
1760 830 1789 855 Ὀ
1814 830 1940 865 ἀριθμῶν

1154 875 1241 911 πλήθη
1256 876 1372 910 ἄστρων,
1390 875 1437 901 καὶ
1458 876 1540 902 πᾶσιν
1555 876 1646 906 αὐτοῖς
1664 875 1783 910 ὀνόματα
1804 876 1904 902 καλῶν.
1928 885 1936 900 ι

1154 920 1231 948 Οὕτω
1241 921 1272 956 δὴ
1285 920 1353 956 μετά
1363 920 1397 946 τὰ
1411 921 1508 955 πρῶτα
1519 920 1571 946 τῶν
1582 921 1610 946 ὲν
1623 920 1778 955 ἀσωμάτοις
1792 919 1940 952 δυνάμεσιν

1152 967 1350 1002 ἑπινοουμένων
1362 966 1479 1002 ἄστρων,
1497 966 1585 1000 φωτὸς
1599 965 1693 1001 νοεροῦ
1708 965 1819 999 δυνάμει
1836 972 1865 990 τε
1891 964 1940 990 καὶ

1151 1014 1229 1048 οὐσίᾳ
1241 1013 1454 1049 διαπρεπόντων,
1472 1013 1555 1048 πολλή
1569 1021 1610 1043 τις
1625 1012 1672 1038 καὶ
1682 1012 1747 1046 ἡμῖν
1760 1013 1812 1038 ἀπε
1818 1010 1939 1046 ρινόητος

1151 1060 1269 1096 διαφορὰ
1282 1060 1420 1094 τυγχάνει,
1431 1058 1603 1094 ἀναρίθμητά
1613 1067 1642 1084 τε
1657 1058 1727 1092 φῦλα
1738 1058 1784 1084 καὶ
1792 1058 1869 1092 γένη,
1880 1057 1938 1084 ἀλλ’

1151 1107 1180 1132 οὗ
1196 1107 1242 1133 καὶ
1258 1106 1296 1140 τῷ
1308 1105 1362 1132 τῶν
1374 1105 1441 1131 ὅλων
1456 1106 1562 1140 ποιητῇ.
1585 1104 1631 1131 Διὸ
1652 1105 1699 1130 καὶ
1719 1104 1749 1130 τὸ
1765 1104 1938 1139 καταληπτὸν

1150 1152 1240 1179 αὐτῶν
1259 1152 1332 1188 μόνῳ
1354 1151 1392 1187 τῷ
1408 1151 1468 1186 Θεῷ
1481 1151 1615 1186 παριστὰς
1634 1159 1676 1182 τις
1694 1150 1826 1184 θεολόγων
1849 1151 1916 1186 φησί
1928 1157 1936 1166 ⁸

1154 1207 1163 1223 ι
1186 1198 1289 1232 Μύριαι
1301 1197 1427 1233 μυριάδες
1443 1196 1629 1231 ἐλειτούργουν
1641 1196 1725 1231 αὐτῷ,
1742 1197 1788 1223 καὶ
1800 1197 1883 1232 χίλιαι
1896 1205 1938 1232 χι-

1149 1243 1237 1275 λιάδες
1251 1243 1478 1279 παρειστήκεισαν
1500 1242 1652 1277 ἔμπροσθεν
1671 1241 1752 1268 αὑτοῦ
1765 1250 1771 1256 ·
1791 1251 1800 1267 ι
1821 1242 1865 1269 διὰ
1888 1244 1936 1278 μὲν

1148 1289 1196 1315 τοῦ
1216 1287 1333 1324 ἀριθμοῦ
1354 1287 1441 1323 δηλῶν
1461 1287 1491 1314 τὸ
1514 1287 1553 1322 τῷ
1565 1287 1624 1323 Θεῷ
1641 1287 1813 1322 καταληπτὸν
1835 1289 1934 1321 αὐτῶν,

1148 1335 1192 1361 διὰ
1205 1334 1232 1360 δὲ
1248 1333 1294 1360 τοῦ
1308 1333 1390 1360 ποσοῦ
1407 1333 1438 1359 τὸ
1450 1334 1514 1368 ἡμῖν
1531 1332 1642 1368 ἄπειρον
1655 1341 1661 1347 ·
1675 1334 1740 1368 παρ’
1752 1332 1766 1358 ὂ
1778 1333 1825 1359 καὶ
1837 1334 1935 1360 είὼθα-

1150 1389 1199 1413 μεν
1214 1379 1355 1415 ὀνομάζειν
1367 1379 1427 1406 καθ’
1443 1379 1594 1415 ὑπερϐολῆς
1611 1378 1729 1414 ἔμφασιν
1743 1379 1777 1405 τὰ
1792 1379 1877 1405 πολλὰ
1888 1379 1934 1406 καὶ

1148 1426 1249 1461 ἄπειρα
1274 1426 1367 1462 μυρία.
1391 1425 1486 1457 ’Ἄλλος
1506 1425 1534 1451 δέ
1558 1433 1600 1456 τις
1627 1425 1786 1460 προφήτης,
1807 1425 1935 1460 περὶτῆς

1147 1472 1240 1502 οὐσίας
1249 1471 1336 1498 αὐτῶν
1346 1469 1460 1503 διεξιὼν,
1470 1467 1520 1496 ὧδέ
1531 1479 1588 1501 πως
1600 1469 1644 1496 τὸν
1657 1471 1772 1504 ποιητὴν
1784 1471 1838 1497 τῶν
1849 1471 1935 1497 ἀπάν-

1147 1526 1201 1544 των
1214 1516 1341 1551 θεολογεϊ,
1358 1517 1469 1552 φάσκων
1479 1526 1485 1532 ·
1505 1527 1514 1542 ι
1528 1516 1613 1552 Κύριε
1626 1517 1640 1542 ὁ
1650 1516 1715 1548 Θεός
1732 1525 1782 1552 μου
1791 1538 1798 1550 ,
1817 1517 1855 1549 ὡς
1869 1518 1933 1552 ὲμεε

310 1558 518 1592 appellationem
529 1564 699 1594 perspectam
710 1567 771 1587 esse
782 1565 809 1587 et
823 1560 959 1595 cognitam
973 1560 1095 1587 Hel)er-

1147 1562 1282 1598 γαλύνθης
1295 1563 1406 1598 σφόδρα,
1425 1563 1615 1598 ἐξομολόγησιν
1634 1563 1680 1589 καὶ
1696 1562 1933 1598 μεγαλοπρέπειαν

310 1611 371 1630 rum
389 1609 522 1631 testantur
537 1605 657 1637 oracula,
673 1612 760 1640 eoque
773 1606 806 1633 de
819 1605 874 1633 Deo
885 1606 924 1633 sic
936 1606 1095 1641 loquuntur,

313 1650 379 1681 uQui
398 1656 523 1676 numerat
540 1650 741 1677 multitudinem
757 1651 909 1684 stellarum,
929 1656 956 1678 et
970 1653 1097 1679 omnibus

310 1695 343 1722 iis
361 1696 469 1722 nomina
486 1700 565 1722 vocat
581 1696 631 1722 ⁷³.»
650 1695 696 1723 Sic
718 1697 806 1731 plane,
839 1697 986 1724 secundum
1011 1705 1096 1732 pruna

309 1742 355 1768 illa
379 1741 521 1776 principia,
548 1749 643 1768 corum
657 1741 794 1777 deinceps,
806 1751 867 1777 qua].
883 1743 908 1769 iu
923 1743 966 1769 illa
984 1749 1095 1771 natura-

310 1795 372 1814 rum
390 1788 614 1823 incorporearum
630 1789 803 1816 multitudine
826 1790 989 1824 cogitantur,
1009 1795 1094 1817 astro-

309 1841 381 1866 rum,
403 1842 516 1869 quaeque
532 1835 664 1869 spiritalis
682 1835 797 1862 luminis
811 1836 922 1868 virtute,
937 1842 963 1863 et
977 1837 1094 1871 quadam

308 1884 415 1906 naturae
432 1881 624 1907 communione
638 1885 778 1915 praestant,
796 1882 892 1916 ingens
905 1882 1028 1917 quaedam
1043 1888 1093 1909 est.

308 1931 458 1960 nostraque
481 1927 649 1962 intelligendi
675 1928 699 1954 vi
720 1929 808 1963 major
826 1928 988 1962 (liiTerentia,
1012 1929 1093 1955 innn~

307 1973 452 2000 merabiles
469 1973 531 2000 item
550 1975 686 2006 nationes,
706 1982 738 2001 ac
755 1983 855 2009 genera
879 1981 959 2003 sunt:
977 1985 1037 2010 qua:
1051 1982 1089 2003 ta-

307 2026 368 2045 men
386 2019 508 2045 omttium
533 2020 642 2047 molitor
655 2021 834 2056 conditorque
848 2021 930 2052 Deus.
951 2028 1093 2049 numerata

306 2069 388 2099 atque
415 2066 554 2099 explorata
576 2066 674 2093 habeat
699 2068 836 2094 universa.
863 2068 953 2100 Quare
985 2073 1013 2095 ut
1031 2076 1091 2102 per-

306 2110 404 2138 fectam
423 2112 611 2146 integramque
638 2112 808 2148 singulorum
835 2113 1015 2148 cognitionem
1046 2114 1091 2140 lllli

305 2157 361 2185 Deo
377 2159 522 2185 convenire
537 2158 725 2193 theologorum
743 2159 844 2192 aliquis
863 2159 1004 2190 indicaret,
1018 2158 1092 2184 «Mil-

305 2203 342 2230 lia
358 2203 485 2235 millium,
506 2203 605 2237 inquit,
622 2203 816 2230 ministrabant
833 2203 868 2237 ei,
888 2208 914 2230 et
927 2203 1017 2230 decies
1029 2203 1084 2229 mil-

1149 1609 1282 1640 ὲνεδύσω,
1305 1608 1520 1643 ἀναϐαλλόμενος
1535 1608 1592 1643 φῶς
1612 1608 1649 1639 ὡς
1668 1609 1785 1643 ἱμάτιον,
1805 1609 1934 1634 ὲκτείνων

1148 1654 1193 1681 τὸν
1202 1654 1312 1690 οὐρανὸν
1330 1654 1395 1680 ὡσεὶ
1413 1654 1504 1689 δέρριν
1514 1663 1520 1669 -
1533 1656 1546 1681 ὁ
1561 1653 1644 1680 ποιῶν
1664 1655 1726 1685 τοὺς
1737 1654 1868 1688 ἀγγέλους
1885 1654 1933 1680 αὐ-

1147 1701 1194 1728 τοῦ
1220 1701 1376 1736 πνεύματα,
1395 1700 1441 1727 καὶ
1463 1701 1525 1732 τοὺς
1546 1700 1718 1735 λειτουργοὺς
1739 1699 1820 1726 αὑτοῦ
1847 1700 1932 1735 πυρὸς

1148 1747 1243 1782 φλόγα.
1263 1757 1271 1772 ι
1291 1747 1335 1782 Μή
1355 1755 1394 1772 τοι
1409 1747 1522 1782 νομίσῃς
1533 1746 1580 1773 τοῦ
1595 1747 1659 1782 παρ’
1677 1747 1741 1781 ἡμῖν
1766 1746 1863 1782 θνητοῦ
1886 1747 1932 1772 καὶ

1146 1793 1262 1828 γεώδους
1283 1793 1367 1828 πυρὸς
1387 1793 1478 1824 οὐσίας
1497 1792 1619 1828 μετέχειν
1631 1793 1664 1818 τὰ
1679 1792 1845 1828 δηλούμενα,
1864 1791 1931 1827 μηδὲ

1147 1847 1177 1873 γε
1207 1838 1260 1864 τῶν
1295 1837 1325 1869 ἐξ
1357 1838 1455 1872 ἀλόγου
1488 1837 1596 1871 φύσεως
1633 1837 1713 1874 ἀέρος
1746 1837 1930 1872 πνευμάτων,

1145 1884 1201 1910 ἀλλ’
1229 1881 1285 1910 οἷόν
1310 1892 1362 1919 περ
1390 1884 1436 1910 καὶ
1460 1883 1541 1910 αὐτὸν
1575 1884 1736 1919 ὀνομάζουσι
1768 1884 1813 1910 τὸν
1842 1883 1930 1915 Θεὸν,

1146 1928 1290 1964 ἀσώματον
1313 1930 1372 1964 μὲν.
1386 1929 1432 1956 καὶ
1444 1928 1534 1961 ἀῡλον,
1562 1929 1609 1955 καὶ
1623 1929 1762 1960 αὐτόνουν,
1787 1929 1887 1962 μᾶλλον
1903 1929 1930 1954 δὲ

1145 1975 1214 2011 ὑπὲρ
1224 1975 1295 2007 νοῦν,
1314 1976 1361 2002 καὶ
1378 1975 1467 2002 πάντα
1482 1976 1560 2010 λόγον
1573 1975 1637 2002 ὄντα
1660 1975 1708 2011 τὴν
1732 1975 1821 2009 φύσιν·
1837 1984 1932 2010 τροπι-

1145 2021 1262 2056 κώτερον
1281 2021 1308 2047 δὲ
1324 2021 1370 2047 καὶ
1383 2021 1500 2055 πνεῦμα,
1515 2020 1562 2047 καὶ
1589 2021 1654 2056 πῦρ,
1677 2020 1723 2047 καὶ
1740 2020 1807 2055 φῶς.
1822 2021 1870 2047 καὶ
1885 2020 1931 2046 ἄλ-

1143 2066 1202 2098 λαις
1216 2066 1270 2092 τισὶ
1290 2067 1484 2102 προσηγορίαις
1495 2067 1605 2101 θνηταῖς
1631 2067 1726 2098 ἀκοαῖς
1752 2066 1930 2101 καταλλήλοις

1143 2110 1350 2146 ὀνομαζόμενον,
1365 2112 1495 2145 ἀγγέλους
1509 2111 1576 2146 δῆτα
1597 2111 1643 2137 καὶ
1671 2111 1866 2147 ἀρχαγγέλους,
1883 2112 1930 2137 καὶ

1143 2158 1292 2193 πνεύματα,
1311 2159 1359 2184 καὶ
1371 2158 1446 2189 θείας
1462 2158 1600 2192 δυνάμεις,
1629 2158 1676 2184 καὶ
1700 2157 1829 2192 στρατιὰς
1844 2157 1928 2193 οὐρα-

1143 2204 1224 2236 νίους,
1237 2204 1323 2239 ἀρχάς
1338 2212 1367 2230 τε
1380 2204 1426 2230 καὶ
1442 2203 1574 2235 ἐξουσίας,
1590 2204 1636 2230 καὶ
1650 2203 1770 2238 θρόνους,
1786 2203 1834 2229 καὶ
1851 2212 1929 2238 κυρι-

304 2248 355 2276 lies
384 2253 495 2276 centena
512 2249 596 2276 millia
622 2249 788 2276 assistebant
804 2249 828 2276 ei
846 2249 895 2275 ⁸ο.»
918 2249 986 2275 Dum
1015 2249 1087 2276 enim

1147 2248 1249 2284 Ξτητας,
1263 2249 1300 2280 ὡς
1314 2248 1346 2275 ἂν
1361 2248 1473 2283 μυρίους
1490 2247 1535 2273 ἐπὶ
1561 2248 1667 2283 μυρίοις
1686 2247 1802 2282 ἀστέρας
1828 2255 1858 2273 τε
1881 2248 1928 2274 καὶ

304 2293 362 2328 ipse
376 2301 458 2320 unum
470 2293 586 2328 aliquem
602 2301 744 2321 numerum
756 2293 888 2329 assignat,
903 2294 1022 2321 rationes
1034 2293 1090 2320 sin-

303 2340 430 2375 gulorum
444 2347 539 2366 omnes
555 2339 766 2374 comprehensas
782 2339 867 2366 Deum
887 2340 988 2367 habere
1004 2339 1089 2374 signi-

304 2388 387 2421 ﬁcat;
404 2388 468 2414 dum
484 2395 547 2415 vero
564 2387 813 2414 hismultitudinem
825 2387 917 2415 verbis
931 2387 1087 2420 adumbrat,

304 2435 379 2461 nullo
392 2442 407 2461 a
423 2434 502 2461 uobis
518 2441 579 2461 eam
591 2438 666 2460 certo
685 2440 799 2460 numero
820 2432 928 2459 deliniri
945 2440 1025 2467 posse
1039 2433 1087 2460 de-

304 2483 446 2506 monstrat.
475 2478 542 2505 Nam
559 2485 619 2513 quae
636 2477 741 2505 inlinita
758 2483 834 2509 sunt,
857 2485 888 2504 ea
911 2478 1027 2512 quodam
1045 2478 1086 2504 lo-

303 2522 404 2556 quendi
429 2523 520 2554 modo,
541 2522 587 2557 qui
610 2530 753 2549 excessum
781 2522 857 2548 illum
886 2527 974 2551 sonet.
1002 2523 1086 2549 millia

305 2567 384 2602 vulgo
394 2568 521 2594 dicimus.
535 2568 612 2595 Alius
624 2568 686 2594 item
699 2567 840 2602 propheta,
850 2575 912 2594 cum
924 2567 1054 2602 deipsaru
1061 2577 1084 2595 ιιι

304 2617 401 2640 natura
422 2613 578 2647 dissereret,
593 2613 750 2640 universum
764 2609 913 2646 auctorem,
930 2615 969 2641 uti
982 2615 1088 2642 theolo-

303 2666 367 2693 gum
376 2659 461 2691 decet,
470 2659 505 2685 ita
514 2659 665 2693 compellat,
672 2669 680 2684 ι
692 2659 814 2692 Domine,
822 2659 988 2694 inquit,Deus
995 2668 1084 2692 meus,

301 2710 385 2738 quam
402 2703 587 2738 magniﬁcatus
600 2711 629 2730 es
646 2705 828 2735 vehementer,
842 2704 1039 2732 confessionem
1058 2710 1085 2732 et

302 2748 531 2782 magniﬁcentiam
550 2748 672 2781 induisti,
695 2750 810 2777 amictus
828 2750 931 2777 lumine
953 2750 1022 2778 sicut
1039 2757 1085 2777 ve-

301 2795 444 2821 stimento:
458 2795 503 2828 qui
516 2795 637 2822 extendis
647 2796 744 2822 caelum
756 2796 826 2823 sicut
840 2797 947 2831 pellem,
959 2797 1006 2831 qui
1015 2796 1082 2823 facis

343 2885 361 2898 ’π
374 2883 444 2910 i’sal.
460 2891 546 2915 cxm,
566 2883 592 2910 4.
640 2883 661 2898 ⁸⁸
675 2883 741 2910 Dan.
759 2891 804 2916 vn,
824 2883 865 2910 l0.

1142 2295 1233 2329 φωστῆ
1239 2302 1297 2329 ρας,
1312 2293 1360 2325 τὰς
1373 2293 1468 2329 νοερᾶς
1485 2292 1532 2319 καὶ
1545 2292 1655 2327 λογικὰς
1666 2293 1758 2324 οὐσίας
1770 2293 1794 2318 οἱ
1805 2292 1873 2319 Θεοῦ
1883 2292 1929 2319 λό-

1141 2348 1183 2374 γοι
1197 2339 1398 2373 προσειπόντες,
1412 2339 1505 2373 ἄρχειν
1516 2338 1642 2364 ἁπάντων
1656 2338 1702 2364 καὶ
1713 2338 1868 2364 ἐπιστατεῖν
1883 2338 1928 2364 τὸν

1140 2384 1188 2420 τῆς
1207 2384 1379 2419 δικαιοσύνης
1396 2384 1477 2418 φασὶν
1490 2383 1565 2418 ἣλιον
1575 2403 1581 2414 ,
1594 2383 1641 2409 καὶ
1655 2383 1684 2409 τὸ
1698 2383 1791 2409 τούτου
1811 2383 1926 2417 σύζυγον

1141 2430 1216 2464 ἅγιον
1232 2429 1352 2465 Πνεῦμα.
1369 2429 1409 2455 Τὰ
1425 2429 1453 2455 δὲ
1467 2429 1554 2455 πάντα
1569 2428 1675 2464 ἀθρόως
1701 2428 1775 2464 αὐτῷ
1798 2429 1856 2464 Υίῷ
1879 2430 1926 2455 καὶ

1139 2477 1209 2512 ἁγίῳ
1220 2476 1369 2511 Πνεύματι,
1385 2476 1503 2510 νοεράτε
1518 2475 1576 2508 ζῶα
1597 2475 1644 2501 καὶ
1667 2474 1774 2509 λογικὰ,
1802 2475 1851 2502 σὺν
1879 2476 1925 2501 καὶ

1135 2523 1192 2553 τοῖς
1207 2523 1266 2548 κατ’
1283 2521 1396 2557 οὐρανὸν
1409 2521 1591 2556 φαινομένοις,
1602 2521 1716 2556 οὐρανόν
1732 2529 1761 2547 τε
1776 2521 1868 2552 αὑτὸν,
1877 2522 1924 2547 καὶ

1135 2568 1185 2594 ὃσα
1202 2567 1274 2594 ἔνδον
1287 2565 1363 2600 οὗτος
1388 2569 1417 2595 ἐν
1434 2567 1508 2602 αὐτῷ
1533 2566 1686 2602 περιλαϐὼν
1709 2567 1774 2602 ἔχει,
1801 2567 1875 2602 μόνῳ
1889 2567 1928 2602 τῷ

1135 2614 1181 2640 ἐπὶ
1193 2614 1302 2640 πάντων
1313 2613 1372 2649 Θεῷ
1385 2613 1423 2649 τῷ
1439 2613 1483 2640 διὰ
1500 2613 1606 2639 πάντων
1625 2613 1672 2639 καὶ
1684 2613 1713 2640 ὲν
1727 2613 1793 2638 πᾶσι
1810 2611 1928 2647 παμϐα-

1139 2659 1215 2692 σιλεῖ,
1229 2660 1275 2686 καὶ
1290 2659 1469 2694 πανηγεμόνι,
1496 2660 1543 2686 καὶ
1566 2659 1645 2694 αἰτίῳ
1662 2658 1716 2685 τῶν
1728 2658 1806 2690 ὅλων,
1832 2660 1871 2690 ὡς
1895 2659 1928 2685 ἂν

1138 2705 1294 2741 δημιουργῷ
1322 2706 1440 2737 πάντων,
1458 2706 1555 2740 ποιητῇ
1573 2713 1602 2731 τε
1619 2706 1665 2732 καὶ
1695 2705 1852 2740 φροντιστῇ,
1881 2705 1926 2731 καὶ

1139 2752 1251 2787 σωτῆρι,
1268 2752 1313 2778 τὸν
1330 2752 1468 2787 πρέποντα
1485 2751 1568 2786 ὕμνον
1594 2751 1641 2778 καὶ
1667 2750 1716 2785 τὴν
1733 2750 1928 2786 προσήκουσαν

1139 2796 1285 2830 θεολογίαν,
1302 2797 1318 2832 ἠ
1335 2796 1392 2823 θεία
1411 2799 1457 2823 καὶ
1473 2795 1628 2832 προφητικὴ
1655 2794 1750 2830 Γραφὴ
1764 2794 1855 2829 νέμειν
1874 2803 1928 2821 πα-
