2070 3206
136 172 189 200 555

731 169 890 198 ΡΒᾸΞΡᾹΒ.
912 168 1036 199 EVANG.
1058 170 1120 199 LIB.
1145 170 1198 200 Vll.

1708 173 1757 199 5M

132 228 319 264 ρακελεύεται,
334 228 483 264 φάσκουσα·
512 239 520 254 ι
533 229 637 255 Αἰνεῖτε
661 229 706 255 τὸν
734 229 799 255 Θεὸν
820 231 852 256 ἐκ
868 230 915 258 τῶι

973 231 1082 265 angelos
1090 236 1150 259 tuos
1157 232 1310 267 spiritus,et
1318 231 1458 260 ministros
1472 235 1534 260 tuos
1540 230 1678 259 ﬂammam
1692 231 1759 264 ignis

130 274 264 310 οὐρανῶν,
276 276 376 302 alvei-rs
388 275 468 301 αὑτὸν
483 275 510 301 ὲν
539 277 595 306 τοῖς
612 275 741 310 ὑψίστοις.
758 278 861 303 Αἰνεῖτε
874 277 921 303 αὺ-

130 321 185 352 τὸν,
203 320 304 352 πάντες
325 320 434 355 ἄγγελοι
453 320 545 353 αὑτοῦ,
572 322 669 347 αἰνεῖτε
684 321 774 353 αὐτὴν,
789 322 874 349 πᾶσαι
893 323 922 348 αἱ

130 366 259 401 δυνάμεις
272 367 364 393 αὑτοῦ.
381 367 485 393 Αἰνεῖτε
502 366 676 402 αὐτὸν,ἦλιος
693 367 740 393 καὶ
758 367 864 403 σελήνη,
880 369 922 394 αἰ-

131 414 200 438 νεῖτε
215 412 308 446 αὑτὸν,
323 412 412 439 πάντα
426 413 459 439 τὰ
469 412 555 447 ἄστρα
566 413 652 439 καὶτὸ
666 413 732 447 φῶς.
747 414 849 439 Αἰνεῖτε
872 414 921 440 αὐ-

129 458 185 489 τὸν,
200 459 226 485 οε
240 459 350 494 οὐρανοὶ
364 459 419 485 τῶν
432 458 562 494 οὐρανῶν,
586 460 632 485 καὶ
644 459 677 485 τὰ
693 459 775 485 ὕδατα
792 459 825 486 τὰ
838 461 922 496 ὑπερ-

129 503 186 530 άνω
208 503 261 530 τῶν
286 504 408 540 οὐρανῶν
435 504 618 531 αἰνεσάτωσαν
644 504 674 530 τὸ
700 504 785 539 ὄνομα
806 504 919 540 Κυρίου.

130 550 192 576 Ὀτι
206 549 289 582 αὐτὸς
299 548 370 583 εἶπε,
388 551 435 577 καὶ
448 551 640 586 ἐγεννήθησαν·
658 550 739 582 αὐτὸς
758 550 919 581 ἐνετείλατο,

129 596 177 622 καὶ
188 595 363 632 ἐκτίσοησαν.
380 597 513 632 Ἐστησεν
544 596 613 624 αὐτὰ
628 597 667 628 εἰς
686 595 731 623 τὸν
761 596 856 628 αἰῶνα,
875 596 920 622 καὶ

127 643 168 673 εἰς
182 642 228 668 τὸν
241 642 327 669 αἰῶνα
343 642 389 669 τοῦ
418 643 524 675 αἰῶνος·
542 643 742 679 προστάγματα
768 642 853 674 ἔθετο,
873 642 920 668 καὶ

127 689 157 714 οὐ
177 688 403 726 παρελεύσεται..
419 690 537 716 Τοιαῦτα
549 689 596 716 καὶ
612 689 646 716 τὰ
656 689 732 724 παρὰ
748 689 802 715 τῶν
815 687 920 724 Ἐϐραί-

126 743 164 760 ων
178 734 313 770 δόγματα,
326 735 344 761 ἃ
354 736 402 770 τῆς
416 734 548 771 Ἑλλήνιον
562 735 691 762 πολυοέου
703 735 749 762 καὶ
761 734 920 770 δαιμονικῆς

127 780 233 815 πλάνης
249 781 500 816 προτετιμήκαμεν,
518 781 592 813 θείας
612 782 660 817 μὲν
675 781 803 816 δυνάμεις
818 779 920 816 ὑπηρε-

125 826 205 857 τικὰς
222 826 269 852 τοῦ
285 826 478 860 παμϐασιλέως
493 826 572 859 Θεοῦ,
602 827 649 854 καὶ
677 826 866 861 λειτουργικέις
882 827 920 852 εἰ-

125 871 211 903 δότες,
227 872 354 898 καὶκατὰ
365 870 394 898 τὸ
410 873 547 908 προσῆκον
561 873 703 908 τιμῶντες,
723 872 801 908 μόνον
816 872 844 898 δὲ
852 872 919 899 θεὸν

967 274 1000 302 ⁸¹.
1012 284 1021 301 ι
1032 273 1125 310 Neque
1140 279 1230 303 tamen
1245 275 1394 306 existimes,
1404 277 1516 300 naturas
1530 273 1589 300 illas
1598 279 1631 299 ex
1643 271 1751 298 mortali

967 320 1019 348 hoc
1029 325 1055 347 et
1068 325 1175 348 terreno
1187 321 1257 356 igne,
1270 325 1317 347 aut
1327 328 1358 346 ex
1370 319 1456 346 ventis
1468 318 1540 345 aeria
1551 317 1700 345 etrationis
1708 324 1751 344 ex-

967 370 1041 401 perte
1047 366 1199 394 substantia
1208 367 1325 400 prteditis
1333 373 1393 393 esse
1401 358 1541 392 conﬂalas.
1552 364 1604 391 Sed
1614 363 1753 398 quotnodo

968 413 1051 440 Deum
1061 414 1148 448 ipsum
1156 412 1494 448 nuncupare327solent,
1505 411 1619 446 quicum
1631 410 1755 444 incorpo.

971 465 1072 492 reus,et
1081 461 1114 488 ab
1121 460 1195 487 omni
1205 464 1326 487 secretus
1338 459 1450 486 materia
1460 459 1505 489 sit,
1514 465 1544 485 ac
1553 465 1630 485 mens
1638 465 1686 492 per
1693 464 1754 484 sese

969 511 1050 536 totus.
1057 507 1110 533 imo
1117 515 1146 533 ve
1151 514 1180 533 ro
1188 509 1303 533 mentem
1310 512 1416 533 omnem
1425 509 1505 538 atque
1511 503 1642 530 rationem
1650 506 1754 529 natura:

969 552 1135 587 perfectione
1152 552 1297 582 transiliat.
1317 551 1507 586 metapliorieis
1519 555 1608 578 tamen
1629 549 1753 583 spiritus,

970 598 1050 632 ignis,
1067 599 1239 633 lucis,atque
1255 598 1316 626 aliis
1335 598 1469 632 ejusmodi
1489 597 1617 624 mortales
1630 596 1655 622 in
1673 602 1754 622 aures

969 645 1129 672 cadentibus
1141 645 1297 671 nominibus
1310 645 1469 679 appellatur.
1483 644 1519 671 Ita
1535 644 1613 678 plane
1630 642 1753 677 angelos,

971 691 1158 726 arcbangelos,
1169 691 1291 725 spiritus,
1304 691 1409 717 divinas
1424 692 1546 721 virtutes,
1567 689 1691 717 cmlestes
1706 696 1755 716 ex-

970 731 1072 758 ercitus
1085 752 1092 763 ,
1110 731 1279 765 principatus
1292 751 1299 761 ,
1319 731 1446 761 thronos,
1466 729 1666 756 dominationes
1679 748 1686 761 ,
1710 737 1757 763 pe-

970 777 1048 804 rinde
1064 781 1147 812 atque
1162 777 1267 803 inlinita
1287 776 1412 810 quzcdam
1431 782 1546 809 seseque
1564 774 1757 808 consequentia

970 823 1110 851 stellarum
1126 830 1158 850 ac
1174 822 1307 849 luminum
1320 830 1434 857 genera,
1450 816 1585 856 spiritales
1601 828 1632 847 ac
1645 820 1758 847 rationis

970 874 1109 904 compotes
1133 873 1263 900 naturas,
1291 876 1352 895 cum
1368 861 1462 894 sacra:
1488 867 1583 893 littera:
1606 866 1756 896 nominant.

125 916 330 952 ὁμολογοῦντες,
346 918 393 943 καὶ
410 916 489 952 μόνον
504 919 607 944 ἐκεῖνον
621 918 753 949 σέϐοντες,
769 917 798 943 ὃν
812 915 857 943 καὶ
869 917 915 943 αὺ-

970 921 1027 943 tum
1040 923 1104 944 vero
1119 914 1225 942 cunctis
1237 914 1350 948 justitia:
1371 913 1467 945 solerti,
1481 912 1657 947 ejusdemque
1672 910 1757 946 gemle

125 962 171 993 τὸς
186 962 312 998 οὐρανὸς,
328 964 375 988 καὶ
390 962 423 989 τὰ
439 962 498 989 κατ’
511 962 624 998 οὐρανὸν
638 963 754 993 ἅπαντα,
767 961 801 988 τά
815 971 845 988 τε
858 960 918 988 ἐπέη

125 1016 204 1035 κεινα
216 1007 331 1044 οὐρανοῦ
350 1009 438 1035 σέϐειν
453 1009 500 1035 καὶ
525 1009 618 1044 ὑμνεῖν
635 1009 682 1035 καὶ
710 1008 844 1042 θεολογεῖν
861 1008 915 1033 ἐδι-

124 1054 269 1090 δὰχοη”δτι
285 1055 332 1082 καὶ
345 1054 425 1087 αὐτὸς
439 1057 453 1083 ὁ
468 1056 623 1091 Μονογενὴς
637 1056 684 1082 τοῦ
700 1055 766 1082 Θεοῦ
780 1055 826 1082 καὶ
839 1055 916 1090 Πρω-

124 1101 235 1132 τήτοκος
251 1101 305 1127 τῶν
319 1101 396 1133 ὅλων,
413 1103 429 1136 ἠ
446 1102 554 1128 πάντων
575 1101 656 1136 ἀρχὴ,
683 1100 728 1128 τὸν
752 1100 834 1128 αὑτοῦ
861 1101 917 1127 Πα-

124 1147 192 1182 τέρα
209 1147 290 1182 μόνον
302 1147 426 1181 ἡγεῖσθαι
453 1145 519 1174 Θεὸν
543 1147 641 1182 ἀληθῆ,
660 1147 707 1173 καὶ
733 1146 812 1182 μόνον
828 1146 916 1173 σέϐειν

125 1193 190 1228 ἡμῖν
206 1192 433 1228 παρακελεύεται.

970 970 1034 989 num
1048 965 1074 987 et
1086 965 1240 988 consortem
1254 965 1379 986 sanetum
1398 959 1472 986 illum
1491 958 1622 993 Spiritum
1641 962 1758 992 praeesse

970 1011 1053 1042 atque
1078 1007 1212 1040 imperare
1234 1005 1342 1031 docent.
1377 1003 1519 1030 Postremo
1534 1002 1615 1030 simul
1631 1002 1758 1030 universa

970 1053 1147 1085 cohortatur,
1168 1056 1197 1079 ut
1223 1058 1284 1078 cum
1310 1051 1405 1077 eodem
1438 1049 1506 1076 Filio
1533 1053 1682 1083 sanctoque
1697 1047 1758 1082 Spia

970 1101 1035 1133 ritu,
1054 1099 1190 1134 spiritales
1203 1104 1312 1132 quoque
1329 1101 1356 1124 et
1368 1096 1480 1123 rationis
1497 1096 1615 1130 praedita;
1633 1095 1757 1122 animana

971 1148 1023 1176 tes,
1041 1149 1222 1178 quaecumque
1237 1141 1339 1175 pariter
1364 1143 1390 1167 in
1407 1141 1476 1167 melo
1501 1140 1634 1171 visuntur,
1653 1140 1758 1174 ipsum-

970 1198 1024 1225 que
1039 1189 1107 1216 adeo
1121 1189 1220 1215 cmlum
1232 1208 1238 1219 ,
1254 1194 1369 1221 quzeque
1383 1186 1485 1213 ambitu
1499 1194 1546 1212 suo
1558 1186 1755 1221 comprehensa

125 1243 198 1267 tenet
212 1239 316 1271 omnia,
334 1238 491 1273 prtepotenti
510 1239 555 1265 uni
566 1238 629 1270 Deo,
644 1246 805 1273 summoque
819 1246 910 1266 rerum
930 1238 1052 1265 omnium
1071 1235 1125 1270 regi
1141 1241 1173 1261 ac
1203 1233 1317 1268 principi
1333 1252 1340 1264 ,
1367 1238 1582 1265 cunctorumque
1610 1231 1754 1266 principio,

125 1290 256 1320 tanquam
272 1285 399 1318 molituri,
416 1285 573 1318 architecto,
593 1285 753 1312 moderatori
773 1293 805 1312 ac
835 1285 968 1313 servatori
995 1283 1193 1313 universorum,
1228 1279 1435 1307 convenientem
1466 1279 1607 1314 hymnum,
1622 1285 1650 1305 et
1664 1286 1756 1313 proru-

124 1336 201 1364 ptum
218 1340 281 1359 vera
292 1339 325 1359 ex
343 1333 478 1368 theologia
495 1340 604 1360 Carmeli
621 1333 776 1368 conjunctis
802 1333 914 1360 vocibus
934 1332 1118 1362 modulentur,
1134 1330 1176 1356 liis
1190 1328 1279 1355 verbis
1295 1336 1302 1354 ς
1324 1327 1472 1357 (Laudato
1491 1327 1575 1354 Deum
1605 1327 1638 1354 de
1666 1326 1754 1360 cwlis.

126 1379 236 1406 laudate
249 1387 311 1407 eum
333 1381 360 1407 in
378 1381 503 1408 excelsis.
527 1379 644 1408 Laudato
659 1389 732 1413 eum,
753 1388 848 1408 omnes
875 1381 963 1416 angeli
997 1380 1074 1414 ejus;
1104 1378 1211 1405 laudate
1235 1383 1308 1407 eum,
1337 1383 1433 1402 omnes
1447 1375 1561 1402 virtutes
1574 1374 1644 1409 ejus.
1681 1374 1753 1401 Lana

126 1428 188 1454 date
201 1435 281 1459 eum,
295 1429 335 1455 sol
349 1433 376 1455 et
388 1428 451 1455 luna
463 1449 469 1460 ,
492 1428 600 1455 laudate
623 1436 705 1461 eum,
730 1436 825 1455 omnes
854 1429 939 1455 stella:
957 1434 983 1454 et
1002 1427 1102 1454 lumen.
1124 1425 1244 1452 Laudate
1257 1431 1338 1457 eum,
1355 1423 1416 1450 (ιωιὶ
1445 1423 1593 1456 cmlorum;
1617 1426 1644 1449 et
1665 1430 1753 1458 aqum,

125 1484 186 1511 qua:
207 1484 289 1511 super
314 1477 400 1504 cados
424 1481 505 1509 sunt,
529 1476 641 1503 laudent
669 1483 768 1503 nomen
794 1475 912 1504 Domini.
933 1475 1002 1509 Quia
1018 1475 1075 1509 ipse
1099 1474 1183 1506 dixit,
1216 1477 1242 1500 et
1258 1473 1328 1499 facta
1350 1475 1429 1503 sunt;
1460 1471 1516 1505 ipse
1546 1471 1700 1503 mandavit,
1725 1476 1753 1497 et

125 1526 216 1549 creata
231 1526 305 1548 sunt.
325 1521 424 1549 Statuit
446 1530 477 1549 ea
500 1522 527 1549 in
540 1526 669 1549 :eternum
683 1543 690 1554 ,
707 1527 734 1549 ct
755 1522 781 1549 in
807 1522 937 1549 saeculum
957 1519 1048 1548 saeculi
1064 1528 1070 1545 :
1088 1522 1249 1554 praeceptum
1274 1517 1374 1551 posuit,
1398 1521 1492 1543 etnon
1519 1516 1667 1551 praeteribit
1681 1517 1715 1543 ⁸³.
1740 1526 1748 1541 ι

125 1570 188 1598 ilzec
211 1578 262 1598 nos
286 1571 368 1598 etiam
394 1569 568 1597 Hebraeorum
584 1570 710 1605 dogmata
733 1571 915 1605 suscepimus,

969 1576 1021 1604 que
1033 1567 1190 1595 Grateorum
1205 1573 1308 1596 errore,
1327 1565 1374 1598 qui
1404 1564 1516 1590 deorum
1548 1564 1750 1592 multitudinem

122 1618 297 1646 daemonibus
309 1612 468 1646 auctoribus
484 1619 638 1651 invexerat,
664 1619 770 1653 potiora
789 1619 928 1645 duximus.
949 1617 1073 1651 Quippe,
1087 1622 1149 1642 cum
1165 1613 1271 1640 divinas
1296 1611 1428 1647 quasdam
1448 1619 1480 1638 ac
1505 1611 1551 1638 Dei
1577 1613 1752 1646 praepotentis

124 1665 242 1692 farnulas
262 1664 493 1700 administrasque
519 1665 632 1693 virtutes
672 1672 872 1701 agnoscamus,
902 1671 934 1690 ac
953 1671 1033 1690 suum
1046 1662 1078 1689 iis
1093 1660 1252 1696 justumque
1266 1660 1395 1686 honorem
1414 1658 1583 1690 tribuamus;
1608 1663 1664 1685 tum
1688 1666 1752 1686 vero

125 1710 210 1738 Deum
234 1711 310 1739 illum
331 1710 449 1738 fatemur
464 1719 558 1743 unum,
576 1720 715 1747 unumque
732 1719 902 1743 venerantur,
923 1717 1005 1745 quem
1035 1709 1123 1744 ipsum
1139 1713 1248 1742 quoque
1260 1705 1370 1737 caelum,
1387 1711 1501 1738 quaeque
1519 1705 1559 1731 vel
1588 1704 1658 1731 cosio
1686 1713 1752 1732 con~

124 1759 255 1790 tinentur,
267 1759 307 1785 vel
317 1767 398 1794 supra
411 1759 510 1787 coelum
537 1759 930 1792 versantur,onmia,venerari,
951 1757 1100 1788 celebrare,
1118 1755 1202 1782 Deum
1225 1753 1384 1788 prazdicare,
1414 1752 1561 1787 testarique
1580 1753 1749 1781 didicerunt:

122 1808 371 1843 cumipsequoque
390 1807 608 1844 DeiUnigenitus
628 1809 709 1841 idem,
732 1808 890 1836 etomnium
914 1806 1131 1840 Primogenitus,
1151 1810 1299 1837 rerumque
1316 1801 1480 1836 principium
1496 1801 1695 1834 universarum,
1714 1805 1752 1830 uti

123 1854 232 1882 Patrem
244 1862 324 1882 suum
334 1859 361 1882 et
378 1855 466 1882 solum
481 1863 574 1882 verum
590 1864 650 1883 esse
670 1856 754 1883 Deum
776 1862 966 1891 agnoscamus,
991 1857 1018 1880 et
1044 1852 1131 1879 solum
1148 1851 1280 1881 colamus,
1294 1856 1343 1875 sua
1364 1856 1414 1875 nos
1435 1847 1558 1874 oratione
1583 1849 1751 1878 cobortetur.

372 1900 568 1927 ΚΕΦΑΛΔΙΟΝ
590 1901 648 1934 ις’.

1200 1894 1282 1929 323
1310 1892 1424 1920 CAPUT
1444 1892 1512 1919 xvr.

243 1947 312 1981 Περὶ
326 1946 536 1981 ἀντικειμένων
555 1947 610 1982 (85)
626 1946 790 1981 δυνάμεων.

159 1992 277 2019 Ἔπεται
292 1993 340 2019 καὶ
369 1993 499 2028 περὶτῆς
522 1993 646 2024 ἐναντίας
672 1993 822 2027 δυνάμεως,
851 1992 911 2018 τίνα

123 2039 189 2065 ποτὲ
201 2039 236 2065 τὰ
252 2039 386 2074 Ἐϐραίων
401 2039 478 2073 λόγια
494 2039 687 2074 παραδίδωσιν,
701 2038 909 2072 ἐπισκέψασθαι.

122 2085 179 2117 Τὰς
194 2086 244 2120 μὲν
260 2083 305 2112 οὖν
322 2085 397 2117 θείας
407 2086 546 2121 δυνάμεις,
558 2087 672 2121 νεύματι
688 2085 738 2112 τοῦ
754 2085 859 2120 Πατρὸς
873 2084 911 2119 τῷ

123 2131 264 2166 σύμπαντι
284 2131 441 2166 ἐφεστῶτας
472 2131 576 2167 κόσμῳ,
605 2132 659 2158 (τά
686 2139 715 2158 τε
741 2130 912 2166 λειτουργικὰ

123 2177 268 2212 πνεύματα
281 2179 319 2209 εἰς
333 2178 468 2205 διακονίαν
484 2178 700 2213 ἀποστελλόμενα
718 2177 760 2204 διὰ
773 2177 835 2208 τοὺς
848 2176 911 2212 μὲλ-

123 2223 219 2256 λοντας
236 2224 414 2259 κληρονομεῖν
427 2224 591 2258 βασιλείαν,›
619 2223 683 2255 τούς
705 2232 735 2249 τε
754 2223 841 2259 ἱεροὺς
861 2223 911 2256 ἀγ-

123 2271 219 2305 γέλους
232 2270 280 2296 τοῦ
291 2271 358 2297 Θεοῦ
369 2271 415 2297 καὶ
431 2270 626 2306 ἀρχαγγέλους,
641 2270 730 2298 πᾶσάν
745 2278 775 2295 τε
788 2270 837 2304 τὴν
856 2269 912 2295 διά-

123 2325 200 2343 κονον
213 2317 268 2343 τῶν
291 2317 401 2351 ἀγαθῶν
425 2317 521 2352 νοερὰν
549 2317 652 2348 οὺτίαν,
669 2316 801 2351 φωτεινὴν
817 2313 910 2347 οὖσαν,

124 2363 170 2388 καὶ
191 2362 302 2388 πάντων
332 2362 465 2398 ὑπηρέτιν
487 2362 541 2388 τῶν
560 2364 600 2393 εἰς
625 2361 785 2398 ἀνθρώπους
799 2363 831 2388 ὲκ
843 2361 911 2388 Θεοῦ

122 2406 302 2442 δωρουμένων
320 2407 438 2441 ἀγαθῶν,
454 2407 499 2434 τὸν
515 2407 688 2442 παμϐασιλέα
713 2407 820 2433 πάντων
836 2406 912 2442 δορυ-

123 2454 215 2488 φορεῖν
225 2453 302 2480 θεόν·
310 2454 426 2480 κᾶπειτα
437 2453 490 2480 τῶν
505 2455 565 2480 κατ’
576 2454 689 2489 οὐρανὸν
701 2453 777 2488 δίκην
794 2453 911 2488 ἄστρων,

122 2499 167 2526 τὸν
182 2500 258 2535 ἧλιον
278 2501 327 2536 τῆς
341 2500 525 2536 δικαιοσύνης.
544 2500 589 2527 καὶ
608 2501 638 2527 τὸ
654 2500 768 2535 σύζυγον
781 2499 854 2535 αὐτῷ
866 2499 912 2526 καλΙ

123 2546 201 2580 ἆγιον
216 2546 329 2581 Πνεῦμα
346 2547 511 2582 περιπολεῖν,
525 2546 576 2581 τῆς
605 2555 634 2573 τε
659 2546 761 2572 τούτων
781 2544 913 2580 χορηγίας

122 2592 168 2618 τοῦ
186 2593 275 2626 φωτὸς
290 2593 446 2624 ἀπολαύειν,
461 2593 502 2619 διὸ
513 2591 560 2620 καὶ
575 2592 713 2627 φωστῆρσι
725 2593 779 2623 τοῖς
793 2592 852 2618 κατ’
867 2591 913 2617 οὺ-

124 2637 204 2673 ρανὸν
218 2637 331 2670 εἰκότως
348 2638 579 2674 παραϐάλλεσθαι.
595 2637 650 2673 Τὴν
664 2637 692 2663 δὲ
703 2638 736 2663 ὲκ
747 2636 847 2664 τούτων
863 2643 911 2662 πα-

124 2683 364 2719 ρατετραμμένην,
382 2683 429 2710 καὶ
445 2683 495 2718 τῆς
511 2682 565 2710 τῶν
580 2682 741 2718 κρειττόνων
757 2681 864 2717 χορείας
878 2681 910 2707 δι’

123 2729 226 2758 οἰκείαν
240 2729 397 2763 φαυλότητα
421 2728 596 2764 στερομένην,
619 2725 713 2759 σκότος
737 2735 766 2753 τε
781 2727 841 2753 ἀντὶ
854 2736 911 2761 φω-

123 2775 168 2807 τὸς
182 2773 385 2810 ἁλλαξαμένην,
400 2773 542 2809 ἔμπαλινῆ
556 2773 590 2800 τὰ
607 2773 711 2808 πρῶτα,
733 2774 792 2803 ταῖς
807 2773 910 2808 ἁρμοτ-

159 2831 181 2847 ¹¹
195 2829 267 2858 Psal.
280 2838 329 2858 cm
351 2830 379 2856 2.
416 2828 674 2862 "Psal.ex1.vm,i.
711 2827 854 2862 "Hebm,
866 2827 908 2855 14.

1062 1941 1100 1968 De
1117 1941 1258 1968 contrariis
1273 1939 1482 1972 adversariisque
1498 1936 1648 1965 virtutibus.

999 1987 1059 2015 Jam
1076 1994 1139 2014 vero
1153 1986 1276 2021 sequitur
1288 2005 1295 2017 ,
1314 1989 1342 2010 ut
1353 2004 1359 2016 ,
1382 1991 1441 2018 quae
1454 1984 1488 2009 de
1504 1984 1602 2010 virtute
1616 1985 1751 2012 contraria

965 2033 1140 2061 Hebraeorum
1166 2032 1261 2059 littcrm
1288 2030 1481 2065 prodiderunt,
1507 2030 1661 2064 cnjusmodi
1686 2031 1749 2062 sint.

965 2081 1116 2108 videamus.
1147 2077 1382 2115 Quemadmodum
1398 2075 1480 2111 igitur
1496 2076 1603 2102 divinas
1619 2076 1678 2103 illas
1694 2077 1751 2103 vir-

966 2131 1047 2159 tutes,
1062 2133 1122 2160 qua:
1135 2124 1234 2152 summi
1251 2122 1338 2150 Patris
1351 2122 1461 2149 numine
1472 2122 1528 2148 orbi
1545 2122 1670 2149 universo
1684 2130 1752 2157 prae-

966 2171 1064 2204 sident,
1081 2171 1202 2204 adeoque
1216 2178 1225 2194 ‹
1245 2168 1492 2196 administratorios
1508 2167 1568 2194 illos
1580 2167 1703 2202 spiritus,
1723 2169 1751 2195 iu

966 2216 1147 2243 ministerium
1163 2215 1280 2246 missos,
1303 2218 1411 2248 propter
1430 2220 1477 2240 eos
1501 2213 1549 2247 qui
1566 2213 1750 2240 luereditatem

966 2261 1072 2296 capient
1080 2260 1231 2293 salutis",»
1247 2259 1365 2293 itemque
1380 2265 1473 2285 sacros
1487 2257 1533 2284 Dei
1547 2258 1656 2292 angelos
1670 2263 1751 2293 atque

966 2306 1155 2341 arcltangelos,
1172 2310 1299 2332 cunctam
1325 2303 1443 2338 denique
1469 2303 1616 2338 proborum
1633 2303 1751 2330 admitti:

966 2356 1050 2379 stram
1073 2351 1276 2386 spiritalemque
1298 2356 1439 2382 naturam,
1464 2357 1525 2384 qua:
1541 2349 1678 2376 collucens
1693 2349 1750 2383 ipsa

965 2404 1013 2432 per
1029 2404 1106 2428 sese,
1135 2403 1244 2430 operam
1268 2402 1376 2429 quoque
1397 2401 1475 2421 suam
1496 2402 1590 2421 eorum
1616 2393 1749 2424 omnium.

966 2450 1026 2477 qu.e
1040 2441 1169 2468 divinitus
1183 2441 1209 2467 in
1227 2441 1350 2467 homines
1361 2438 1518 2466 derivantur
1528 2460 1535 2472 ,
1560 2441 1692 2466 bonorum
1707 2438 1750 2465 di-

966 2487 1065 2514 visioni
1078 2487 1267 2514 accommodat
1291 2495 1297 2512 :
1321 2485 1438 2520 primum
1454 2485 1562 2520 quidem
1578 2485 1750 2519 prmpotentis

968 2542 1057 2561 rerum
1079 2533 1200 2560 omnium
1224 2533 1394 2567 imperatoris
1417 2532 1501 2558 latera
1525 2533 1750 2566 praztorianorunt

930 2585 951 2613 ι)
966 2579 1081 2606 militum
1097 2579 1123 2605 in
1142 2586 1245 2605 morem
1262 2578 1379 2616 cingere,
1396 2582 1451 2604 tum
1465 2578 1574 2612 perinde
1586 2585 1617 2604 ac
1631 2577 1750 2604 coelestia

964 2625 1086 2661 quaedam
1099 2624 1186 2652 sidera
1198 2646 1204 2657 ,
1220 2624 1333 2658 justiti-az
1348 2624 1444 2656 solem,
1461 2624 1574 2658 ejusque
1595 2628 1750 2651 consortem

965 2677 1088 2699 sanettnn
1105 2669 1235 2705 Spiritum
1250 2670 1354 2697 ambire
1364 2691 1370 2703 ,
1391 2678 1468 2696 suam
1481 2670 1515 2696 ab
1532 2673 1647 2704 utroque
1661 2669 1751 2696 lucem

965 2716 1093 2749 haurire,
1109 2724 1141 2743 ac
1158 2715 1271 2750 proinde
1283 2723 1345 2742 cum
1367 2715 1421 2743 illis
1441 2715 1503 2742 cmli
1518 2714 1624 2742 facibus
1643 2715 1705 2750 jure
1719 2721 1753 2743 ac

965 2763 1062 2791 merito
1077 2761 1194 2789 conferri
1208 2761 1314 2789 docent.
1347 2761 1393 2790 Sic
1407 2761 1522 2789 alterum
1539 2761 1606 2789 illud
1620 2761 1750 2788 virtutum

160 2898 215 2936 (85)
227 2900 298 2934 Περὶ
311 2897 530 2933 ἀντικειμένων.
550 2897 614 2926 Vide
627 2898 714 2926 locum
731 2897 907 2934 persimilem,

969 2901 1062 2928 "tonat.
1077 2905 1166 2934 evang.
1180 2897 1226 2925 lib.
1245 2903 1281 2929 tv,
1294 2903 1319 2924 c.
1333 2895 1360 2923 9.

266 2947 405 2977 ΡΑτιιοι..
421 2946 480 2976 Gn.
499 2946 588 2980 XXI.
