2070 3206
319 174 372 203 535

634 170 768 199 EUSEBH
788 169 1029 216 CAE§ARIENSIS
1048 168 1123 196 OPP.
1145 168 1236 196 PARS
1253 168 1282 195 ll.
1305 183 1339 187 —-
1358 167 1611 195 APOLOGETICA.

1892 164 1945 193 556

319 243 415 272 genus,
429 234 501 267 quod
519 239 703 261 transversum
720 236 822 264 actum,
847 240 861 258 a
880 231 1024 258 meliorum
1042 238 1106 257 con-

1160 230 1267 261 τούσαις
1281 231 1314 265 τῇ
1329 228 1376 255 τοῦ
1397 229 1498 264 τρόπου
1517 228 1652 264 μοχθηρίᾳ
1681 227 1875 264 προσηγορίαις
1891 226 1947 252 ὀνο-

319 282 406 309 sortio
422 287 470 308 sua
481 287 541 307 sese
549 278 627 312 culpa
639 284 665 305 et
681 278 851 312 improbitate
864 277 1009 308 distraxit,
1034 277 1107 312 prio-

319 333 430 360 remque
442 325 530 352 lucem
542 332 603 351 cum
622 323 740 350 tenebris
759 324 955 356 commutavit,
972 323 1109 358 prioribus

319 372 428 406 quidem
440 370 585 398 contrariis
595 390 602 402 ,
617 369 663 396 sed
677 374 767 396 tamen
784 377 845 396 eum
861 370 982 404 nequitia
1000 377 1108 396 morum

319 417 440 452 apprime
452 415 664 451 congruentibus
675 416 831 443 nominibus
842 416 986 451 appellant.
1002 415 1034 442 Et
1047 423 1108 442 eum

317 463 437 498 quidem,
454 462 499 497 qui
519 462 624 497 primus
638 462 760 489 omnium
784 462 877 497 lapsus
889 470 951 489 cum
968 467 1049 492 esset,
1068 469 1110 488 re-

317 509 406 544 liquos
421 509 593 543 postmodum
621 508 647 535 in
670 508 792 535 eamdem
816 516 908 535 secum
925 509 1110 536 amelioribus

317 553 496 581 defectiOnem
514 557 643 583 traxerat,
660 553 731 587 quod
747 553 782 580 ab
810 553 854 581 illa
878 554 1032 581 divinorum
1053 554 1111 588 pie-

318 603 374 627 tate
390 600 416 626 in
433 604 519 626 terras
542 599 655 626 omnino
679 599 848 632 corruisset,
875 607 907 626 ac
928 600 1028 634 partim
1051 600 1110 634 ejus

317 645 429 677 veneni,
442 652 497 679 quo
514 644 603 672 scelus
625 644 804 679 impietasque
824 650 926 676 scatet,
943 651 1038 672 auctor
1053 645 1111 680 ipse

318 691 370 718 sibi
388 698 419 718 ac
432 690 540 717 molitor
556 689 669 721 fuisset,
690 690 787 724 partim
804 691 930 717 vecordia
949 698 1009 718 sese
1026 699 1057 718 ac
1069 697 1112 719 te-

319 735 411 762 nebris
427 735 598 762 voluntarius
615 735 683 762 lucis
698 735 822 762 desertor
834 735 1004 769 iuvolvisset,
1030 737 1111 763 modo

317 782 463 808 draconem
478 785 559 815 atque
576 785 740 815 serpentem.
768 786 857 808 atrum
874 782 948 809 illum
963 790 996 809 ac
1014 791 1112 817 repen-

318 831 371 854 tem
385 827 472 858 humi,
493 827 656 862 letlialisque
673 827 770 854 veneni
787 831 941 862 parentem,
963 829 1044 855 modo
1061 837 1111 856 sae-

317 881 380 900 vam
397 873 598 907 immanemque
612 873 709 907 feram,
724 874 846 908 adeoque
860 874 966 902 leonem
978 876 1110 910 sanguine

1161 275 1252 310 μόιζει.
1270 275 1322 301 Τὸν
1336 274 1401 308 γοῦν
1415 273 1590 310 κατάρξαντα
1607 273 1657 308 τῆς
1673 272 1812 304 πτώσεως,
1829 272 1904 307 αὐτῴ
1920 280 1950 298 τε

1159 322 1206 347 καὶ
1218 321 1321 357 ἑτέροις
1333 321 1382 356 τῆς
1394 321 1447 347 τῶν
1457 320 1617 356 κρειττόνων
1629 319 1793 350 ἁποστασίας
1805 319 1950 354 γενόμενον

1160 367 1257 400 αἴτιον,
1274 367 1311 399 ὡς
1325 366 1358 393 ἂν
1373 366 1459 393 διόλου
1475 367 1561 402 χαμαὶ
1572 366 1622 400 τῆς
1636 365 1691 392 τῶν
1707 365 1848 402 θειοτέρων
1869 365 1951 391 εὐσε-

1161 414 1235 445 ϐείας
1250 413 1457 444 ἐκπεπτωκότα,
1473 412 1520 439 καὶ
1543 412 1641 444 κακίας
1659 412 1708 447 μὲν
1723 411 1772 443 ἰοῦ,
1789 412 1835 438 καὶ
1855 411 1953 438 δυσσε-

1160 460 1236 491 ϐείας
1248 460 1327 486 αὑτὸν
1343 459 1418 494 αὐτῷ
1433 459 1598 494 δημιουργὸν
1617 458 1781 489 ὑποστάντα,
1793 458 1903 489 σκάτους
1920 455 1952 483 δὲ

1160 504 1208 530 καὶ
1223 503 1334 537 ἀλογίας
1354 503 1469 538 ποιητὴν
1494 505 1525 530 ὲκ
1540 504 1588 538 τῆς
1600 503 1645 530 τοῦ
1664 504 1752 538 φωτὸς
1773 503 1952 530 αὖθεκουσίου

1160 550 1361 588 ἀναχωρήεσεως
1375 549 1516 584 γεγονότα,
1530 549 1664 585 δράκοντα
1680 549 1728 576 καὶ
1754 549 1825 583 ὅφιν,
1849 548 1954 584 μὲλανὰ

1160 603 1190 621 τε
1206 595 1253 621 καὶ
1267 595 1439 630 ἐρπυστικὸν,
1454 595 1493 621 ἰοῦ
1505 595 1691 630 θανατηφόρου
1702 594 1870 630 γεννητικὸν,
1881 594 1953 630 θῆρά

1160 651 1190 669 τε
1204 643 1309 678 ἄγριον,
1326 643 1373 669 καὶ
1394 643 1603 678 ἀνθρωποϐὁρον
1619 642 1723 674 λέοντα,
1740 643 1788 669 καὶ
1808 642 1889 669 πάλιν
1906 642 1952 668 τὸν

1161 690 1190 716 ἐν
1204 690 1328 725 ἑρπετοῖς
1341 689 1495 724 βασιλίσκον
1512 689 1658 716 ἀποκαλεῖν
1684 689 1788 717 είωθεν.
1808 689 1953 715 ’Υπόθεσιν

1160 735 1182 761 δ’
1199 735 1273 770 αὐτῷ
1289 744 1369 770 φασιν
1381 737 1404 762 οἰ
1422 735 1487 762 θεῖοι
1507 735 1581 771 λόγοι
1596 735 1736 769 γεγονέναι
1756 735 1805 770 τῆς
1823 734 1954 761 ἀποπτῶ-

1162 791 1230 814 σεως
1258 782 1355 817 μανίαν
1385 782 1491 817 φρενῶν
1522 781 1569 808 καὶ
1589 781 1708 813 διανοίας
1740 781 1879 812 ἔκστασιν,
1900 778 1951 807 ὧδέ

1162 836 1219 858 πως
1232 827 1299 862 ὁμοῦ
1315 827 1365 863 τὴν
1382 826 1484 853 πτῶσιν
1497 826 1579 853 αὑτοῦ
1604 826 1651 853 καὶ
1667 826 1715 862 τὴν
1739 825 1953 861 φρενοϐλάϐειαν

1161 873 1345 908 διηγούμενοι·
1376 882 1385 898 t
1406 872 1469 904 Πῶς
1499 872 1625 905 ἐξέπεσεν
1654 874 1685 899 ὲκ
1720 872 1766 899 τοῦ
1796 872 1912 908 οὐρανοῦ
1938 873 1952 898 ό

319 920 440 947 humano
451 925 568 954 pastum,
588 920 669 946 modo
680 920 814 954 reptilium
835 921 916 948 etiant
932 921 1054 948 omnium
1067 929 1109 949 re-

1168 907 1330 955 Ἑωσφόρος,
1347 920 1361 946 ό
1377 918 1449 955 πρωῒ
1466 919 1637 951 ἀνατέλλων;
1656 919 1804 954 Συνετρίίῖη
1815 907 1860 945 ἐπὶ
1875 919 1928 953 γῆν
1940 919 1954 944 ὁ

319 966 412 1000 gulum
437 965 579 992 nominare
603 966 699 992 solent.
727 966 860 993 Caeterum
878 974 934 993 non
953 967 1033 994 aliam
1050 967 1110 1002 ejus

319 1015 374 1038 tam
392 1011 492 1038 funesti
512 1012 605 1046 lapsus
628 1011 719 1039 divina
745 1012 912 1040 monimenta
941 1021 1051 1040 causam
1067 1015 1112 1041 ba-

319 1057 392 1091 bent,
416 1066 499 1092 quam
524 1058 645 1085 furorem
670 1058 814 1094 quemdam
832 1059 927 1092 animi,
957 1060 1111 1094 mentisque

319 1105 471 1137 vesaniam,
487 1104 552 1131 dum
567 1105 689 1139 ejusdem
703 1109 730 1132 et
743 1112 823 1140 casus
842 1105 1014 1140 gravitatem,
1030 1110 1056 1133 et
1070 1106 1110 1133 in-

319 1151 404 1178 saniae
417 1151 632 1185 magnitudinem
649 1151 685 1178 ita
700 1157 902 1186 prosequuntur
919 1162 925 1180 :
942 1161 951 1178 ι
967 1152 1111 1185 Quomodo

319 1197 418 1225 cecidit
432 1197 465 1224 de
480 1197 550 1224 cmlo
565 1196 685 1228 Lucifer,
705 1197 752 1231 qui
771 1205 849 1224 mane
864 1198 1020 1225 oriebatur?
1043 1199 1110 1225 Alli-

320 1251 367 1270 sus
385 1243 466 1270 estin
484 1248 582 1269 terram
594 1263 601 1276 ,
625 1243 671 1278 qui
697 1244 821 1270 mittebat
839 1244 872 1271 ad
896 1252 991 1272 omnes
1006 1249 1110 1279 gentes.

320 1287 361 1314 Tu
376 1292 467 1314 autem
486 1288 596 1315 dicebas
613 1288 638 1314 in
652 1289 733 1315 corde
746 1294 791 1315 tuo
801 1308 810 1320 ,
826 1289 854 1314 ln
870 1289 969 1315 cadum
982 1296 1111 1316 conscen-

319 1333 394 1366 dam,
408 1341 489 1368 super
504 1338 577 1360 astra
589 1333 650 1360 coeli
664 1334 789 1360 exaltabo
806 1334 903 1361 solium
918 1341 1018 1366 meum,
1029 1334 1111 1369 329

322 1380 419 1407 simils
432 1387 479 1406 ero
496 1379 636 1406 Altissimo
649 1379 699 1406 ⁸⁵.»
715 1379 746 1406 Ει
759 1387 864 1413 rursus,
887 1389 896 1405 ι
907 1379 968 1406 Haec
979 1380 1045 1406 dicit
1059 1380 1111 1406 Do-

320 1427 422 1458 minus,
440 1425 492 1453 Pro
504 1434 536 1454 eo
547 1426 619 1461 qttod
637 1426 785 1453 exaltatum
802 1431 844 1453 est
861 1434 909 1453 cor
928 1431 1015 1457 tuum.
1032 1431 1059 1453 et
1071 1427 1112 1453 di-

320 1471 383 1498 xisti
398 1491 405 1503 ,
421 1471 492 1498 Deus
510 1479 560 1505 ego
574 1479 634 1497 sum
648 1491 655 1502 ,
679 1471 705 1497 in
724 1471 863 1498 domicilio
880 1470 926 1498 Dei
953 1471 1082 1498 habitavi.
1100 1481 1109 1497 ι

320 1518 442 1552 Itemque
458 1527 464 1544 :
482 1527 491 1543 ι
512 1517 552 1543 Tu
567 1517 738 1551 signaculum
756 1517 954 1549 similitudinis,
969 1523 994 1544 et
1009 1525 1110 1545 corona

321 1564 551 1600 pulchritudinis,
576 1563 603 1590 in
628 1563 733 1590 deliciis
760 1564 878 1598 paradisi
903 1563 949 1590 Dei
970 1569 1050 1591 natus
1070 1573 1110 1598 es,
1125 1578 1145 1606 ο

321 1619 430 1639 omnem
457 1611 572 1645 lapidem
597 1610 747 1644 pretiosum
775 1610 886 1637 indutus
909 1619 953 1643 cs;
972 1620 981 1636 ι
1012 1617 1038 1638 et
1052 1612 1112 1638 rcli-

321 1665 386 1692 qua.
421 1656 489 1683 Tum
506 1666 512 1683 :
530 1666 539 1682 ι
559 1656 587 1682 In
609 1661 701 1683 monte
725 1660 819 1684 saneto
841 1656 887 1683 Dei
918 1661 999 1684 natus
1017 1665 1064 1689 es,
1084 1658 1109 1684 in

320 1702 410 1729 medio
434 1701 553 1736 lapidum
577 1701 718 1735 igncorum
741 1705 822 1728 natus
835 1706 875 1728 es.
904 1701 943 1729 Tu
962 1703 1066 1738 integer
1082 1703 1109 1730 in

321 1749 417 1776 diebus
436 1749 501 1780 tuis,
518 1756 550 1776 ex
564 1748 618 1781 die,
639 1756 693 1783 quo
717 1753 745 1775 tu
771 1753 877 1776 creatus
893 1757 940 1781 es,
962 1749 1048 1776 donec
1069 1749 1112 1775 in-

320 1800 407 1822 ventae
419 1800 483 1822 sunt
498 1795 654 1830 iniquitates
668 1796 694 1821 in
708 1795 899 1827 te,exaltatum
913 1799 954 1822 est
962 1803 1009 1822 cor
1022 1800 1109 1827 tuum,

321 1842 357 1869 ob
373 1841 602 1877 pulchritudinem
621 1846 694 1867 tuam
705 1862 712 1874 ,
738 1846 866 1875 corrupta
882 1845 923 1868 est
937 1841 1049 1868 scientia
1065 1845 1110 1867 tua

320 1896 383 1916 cum
397 1887 615 1923 pulchritudine;
638 1891 749 1922 propter
772 1887 973 1914 multitudinem
989 1891 1111 1921 peccato-

320 1942 381 1961 rum
398 1939 518 1965 tuorum,
547 1933 573 1959 in
600 1937 699 1960 terram
713 1933 814 1968 proieci
829 1937 864 1960 te.
885 1943 894 1959 ι
925 1932 984 1966 Qua
998 1940 1031 1960 ex
1046 1940 1109 1960 ora-

321 1981 395 2007 tione
410 1980 489 2015 plaue
503 1979 679 2014 intelligimus
691 1999 698 2011 ,
723 1987 786 2006 eum
799 1999 806 2012 ,
824 1979 857 2006 de
878 1987 934 2014 quo
955 1986 1109 2006 sermonem

321 2026 502 2058 instituimus,
520 2033 582 2052 cum
595 2024 776 2052 divinioribus
797 2025 849 2052 illis
870 2025 1016 2052 virtutibus
1030 2029 1109 2051 antea

320 2073 451 2100 societate
467 2072 658 2106 conjunctum,
682 2076 776 2107 postea
800 2073 992 2099 communione
1008 2072 1110 2099 fructu-

323 2126 372 2154 que
386 2119 542 2151 meliorum,
552 2126 600 2144 sua
615 2118 699 2152 ipsius
717 2119 870 2152 arrogantia
888 2122 969 2152 atque
985 2118 1012 2145 in
1025 2118 1109 2146 Deum

319 2163 468 2191 rebellione
486 2163 608 2190 funditus
624 2163 770 2190 excidisse.
788 2162 921 2191 Praeterea
935 2164 986 2191 sub
1000 2164 1053 2191 isto
1068 2164 1110 2191 in-

318 2210 495 2238 numerabilis
519 2210 643 2245 quaedam
660 2210 775 2237 aliorum
799 2215 825 2237 et
853 2211 958 2238 infinita
972 2211 1045 2238 natio
1057 2216 1108 2245 est,

1161 964 1334 991 ἀποστέλλων
1347 966 1414 1000 πρὸς
1430 964 1518 991 πάντα
1531 964 1565 991 τὰ
1591 963 1664 1000 ἔθνη.
1683 965 1718 991 Σὺ
1735 964 1763 990 δὲ
1783 962 1863 994 εἴπας
1875 964 1904 990 ὲν
1919 963 1952 998 τῇ

1161 1011 1264 1046 διανοίᾳ
1279 1019 1336 1038 σοιν
1350 1011 1397 1042 Et;
1410 1011 1455 1037 τὸν
1470 1011 1583 1046 οὐρανὸν
1599 1010 1780 1046 ἀναϐήσομαι,
1796 1011 1890 1037 ἐπάνω
1897 1009 1954 1036 τῶν

1161 1055 1268 1091 ἄστρων
1282 1055 1329 1082 τοῦ
1347 1055 1461 1092 οὐρανοῦ
1479 1056 1553 1092 θήσω
1578 1056 1623 1083 τὸν
1649 1056 1741 1092 θρόνον
1763 1064 1824 1090 μου,
1854 1055 1953 1090 ἔσομαι

1161 1103 1252 1138 ὅμοιος
1266 1102 1305 1138 τῷ
1326 1102 1455 1138 TMe-np.
1470 1113 1478 1129 ι
1494 1103 1549 1130 Καὶ
1566 1103 1665 1130 πάλιν
1689 1112 1697 1127 ι
1713 1102 1781 1128 Τάδε
1805 1102 1879 1136 λέγει
1896 1101 1955 1128 Κύ-

1163 1158 1228 1185 ριος·
1251 1148 1322 1176 Ἀνθ’
1339 1146 1375 1176 ὧν
1387 1149 1480 1184 ὑψώθη
1498 1150 1514 1184 ἡ
1529 1150 1626 1186 καρδία
1647 1158 1704 1181 σου,
1723 1149 1769 1175 καὶ
1782 1147 1872 1180 εἶπας·
1886 1148 1954 1180 Θεός

1162 1196 1219 1230 ειμι
1236 1195 1301 1229 ἐγὼ,
1318 1195 1459 1222 κατοικίαν
1480 1195 1547 1222 Θεοῦ
1576 1195 1750 1230 κατῴκησα.»
1780 1196 1836 1222 Καὶ⁸
1862 1192 1951 1226 αὖθις·

1165 1250 1173 1266 t
1186 1241 1222 1267 Σὺ
1231 1241 1448 1277 ἀποσφράγισμα
1455 1241 1618 1277 ὁμοιώσεως,
1629 1242 1675 1267 καὶ
1684 1241 1813 1275 στέφανος
1825 1241 1952 1273 κάλλους,

1162 1287 1190 1312 ἐν
1206 1288 1239 1322 τῇ
1256 1288 1344 1322 τρυφῇ
1363 1287 1409 1313 τοῦ
1434 1287 1598 1322 παραδείσου
1622 1287 1668 1313 τοῦ
1692 1286 1759 1313 Θεοῦ
1791 1286 1952 1322 ἐγεννήθης,

1162 1334 1250 1361 πάντα
1278 1334 1352 1361 λίθον
1369 1334 1486 1370 χρηστὸν
1513 1333 1671 1365 ἐνδέδεσαι,›
1690 1333 1737 1359 καὶ
1754 1332 1788 1359 τὰ
1814 1332 1888 1368 ἑξῆς.
1905 1330 1954 1364 Οἷς

1162 1381 1293 1414 ἐπιλέγει·
1314 1390 1322 1405 ι
1341 1381 1384 1406 Ἐν
1401 1380 1458 1416 ὄρει
1483 1379 1552 1415 ἁγίῳ
1568 1379 1634 1405 Θεοῦ
1653 1378 1808 1414 ἐγεννήθης,
1831 1379 1859 1404 ὲν
1877 1378 1954 1414 μέσῳ

1162 1427 1243 1453 λίθων
1261 1426 1380 1462 πυρίνων
1398 1426 1556 1462 ἐγεννήθης,
1571 1427 1686 1461 ἄμωμος
1704 1426 1735 1452 σὺ
1761 1427 1789 1452 ὲν
1805 1427 1866 1456 ταῖς
1888 1425 1956 1460 ἠμέ-

1163 1482 1224 1508 ραις
1236 1474 1354 1507 σου,,ἀςρ’
1365 1471 1399 1509 ἧς
1414 1473 1520 1508 ἡμέρας
1534 1473 1566 1499 σὺ
1586 1472 1722 1507 ὲκτίσθης,
1738 1472 1790 1503 ἓως
1806 1471 1905 1507 εὑρέθη
1918 1471 1956 1497 τὰ

1163 1520 1317 1555 ἀδικήματα
1333 1521 1361 1546 ὲν
1377 1520 1428 1551 σοὶ,
1446 1519 1540 1554 ὑψώθη
1553 1520 1568 1554 ἡ
1581 1519 1678 1554 καρδία
1692 1528 1750 1550 σου,
1777 1519 1822 1544 ἐπὶ
1836 1518 1876 1553 τῷ
1887 1518 1956 1545 κάλ-

1163 1567 1203 1592 λει
1221 1575 1278 1595 σου,
1294 1565 1425 1600 διεᾳθάρη
1443 1567 1459 1600 ἡ
1474 1566 1612 1600 ἐπιστήμη
1623 1573 1668 1591 σου
1682 1563 1748 1600 μετὰ
1762 1563 1810 1590 τοῦ
1826 1563 1954 1594 κάλλους

1162 1611 1205 1637 διὰ
1221 1610 1322 1645 πλῆθος
1337 1609 1478 1645 ἁμαρτιῶν
1492 1619 1549 1641 σου,
1567 1611 1612 1636 ἐπὶ
1636 1610 1683 1645 τὴν
1700 1610 1750 1645 γῆν
1778 1607 1878 1644 ιρῤιψά
1895 1615 1953 1633 σε.-

1162 1657 1212 1683 Διὰ
1226 1658 1258 1693 δὴ
1272 1657 1373 1683 τούτων
1389 1657 1517 1692 ἄντικρυς
1528 1657 1576 1692 τὴν
1594 1657 1663 1692 μετὰ
1677 1655 1731 1682 τῶν
1753 1655 1897 1691 θειοτέρων
1910 1654 1955 1680 δυ-

1162 1703 1270 1738 νάμεων
1284 1703 1418 1739 προτέραν
1434 1703 1480 1728 τοῦ
1496 1702 1660 1738 δηλουμένου
1676 1701 1826 1737 διατριῦὴν,
1841 1701 1888 1727 καὶ
1903 1701 1955 1736 τὴν

1162 1749 1215 1776 ἀπὸ
1225 1750 1278 1775 τῶν
1291 1748 1451 1784 κρειττόνων
1462 1748 1494 1775 δι’
1505 1749 1608 1775 οἰκείαν
1626 1747 1819 1783 μεγαλαυχίαν,
1832 1747 1879 1774 καὶ
1893 1747 1954 1773 θεο-

1164 1795 1263 1830 μαχίαν
1278 1795 1435 1821 ἀπόπτωσιν
1468 1795 1675 1830 μεμαθήκαμεν.
1691 1795 1796 1829 Μυρίον
1824 1793 1853 1820 δέ
1878 1794 1954 1820 ἐστιν

1161 1840 1224 1867 ἄλλο
1237 1840 1315 1874 γένος
1342 1840 1395 1867 ὑπὸ
1418 1840 1514 1875 τούτῳ.
1544 1842 1600 1872 τοῖς
1631 1839 1833 1877 παραπλησίοις
1859 1839 1953 1875 ἔνοχον

1162 1887 1402 1922 πλημμελήμασιν,
1418 1887 1494 1922 ὖτῆς
1514 1887 1673 1918 δυσσεϐείας
1695 1886 1785 1922 χάριν,
1815 1886 1868 1921 τῆς
1897 1886 1952 1912 τῶν

1161 1933 1280 1959 εὐσεϐῶν
1294 1934 1431 1960 ἁποπεσὸν
1443 1933 1554 1969 λήξεως,
1564 1934 1624 1959 ἀντὶ
1634 1934 1682 1970 τῆς
1695 1933 1778 1960 πάλαι
1789 1933 1952 1967 φωτοειδοῦς

1161 1979 1206 2005 καὶ
1221 1978 1358 2015 θειοτέρας
1382 1979 1538 2015 περιϐολῆς,
1555 1979 1604 2015 τῆς
1619 1988 1647 2005 τε
1674 1981 1703 2006 ὲν
1730 1980 1786 2010 τοίς
1807 1978 1952 2014 βασιλείοις

1160 2024 1244 2060 τιμῆς
1272 2025 1318 2051 καὶ
1341 2025 1390 2060 τῆς
1404 2026 1432 2051 ὲν
1446 2026 1591 2061 μακαρίοις
1610 2026 1654 2052 καὶ
1679 2025 1834 2059 ἁγγελικοῖς
1860 2026 1951 2060 χοροῖς

1160 2071 1311 2107 διατριϐῆς,
1338 2072 1383 2098 τὸν
1409 2071 1598 2107 ἐφαρμόζοντα
1622 2074 1677 2104 τοῖς
1692 2071 1833 2098 δυσσεϐἐσι
1849 2071 1949 2107 χῶρον,

1161 2117 1250 2153 κρίσει
1268 2118 1370 2153 δικαία,
1389 2118 1435 2144 καὶ
1449 2118 1586 2153 ἀποφάσει
1602 2119 1650 2145 τοῦ
1664 2119 1780 2154 μεγάλου
1794 2119 1862 2146 Θεοῦ
1880 2120 1950 2153 Τάρ-

1160 2171 1241 2198 ταρον
1257 2164 1351 2195 οἰκεῖν,
1381 2164 1410 2190 ὃν
1427 2163 1546 2191 ἄΰυσσον
1574 2166 1597 2191 οἱ
1618 2164 1683 2192 θεῖοι
1712 2165 1786 2200 λόγοι
1813 2173 1951 2201 προσαγο-

1162 2209 1280 2244 ρεύουσι,
1292 2211 1338 2236 καὶ
1355 2209 1450 2242 σκότος
1463 2211 1494 2237 οὐ
1509 2211 1540 2237 τὸ
1565 2211 1629 2247 παρ’
1649 2212 1724 2246 ἡμῖν,
1751 2211 1781 2238 τὸ
1792 2211 1813 2238 δ’
1828 2212 1882 2238 ὑπὸ
1897 2211 1950 2238 τῶν

318 2257 449 2284 similium
474 2257 620 2283 criminum
646 2264 701 2287 rea,
724 2263 784 2291 qua:
806 2262 916 2291 propter
942 2257 1106 2292 impietatem

1160 2254 1239 2280 θείων
1249 2255 1347 2289 λογίων
1360 2255 1534 2290 δηλούμενον,
1544 2256 1800 2292 ἀντικατηλλάξατο.
1812 2255 1864 2283 ΊὨν
1883 2258 1949 2292 βρα-

318 2307 393 2330 sorte
406 2303 512 2337 piorum
528 2302 649 2334 exclusa,
664 2302 835 2336 splendidum
851 2302 916 2329 illud
931 2303 1109 2338 divinumque

317 2349 500 2381 domicilium,
512 2356 638 2383 eamque,
653 2356 706 2383 qua
720 2347 746 2374 in
759 2338 833 2382 regia
853 2348 1003 2381 fruebatur,
1017 2349 1107 2384 digni-

317 2399 400 2421 tatem
420 2402 452 2421 ac
464 2393 569 2421 felicem
595 2393 780 2428 angelicorum
797 2398 916 2421 emtuum
937 2394 1106 2427 societatem,

317 2447 381 2467 cum
400 2440 515 2468 Tartaro
537 2440 677 2468 sceleratis
699 2439 827 2467 omnibus
843 2439 990 2467 admodum
1006 2449 1107 2468 conve-

318 2485 409 2513 niente
432 2486 509 2519 loco,
530 2486 684 2522 aequissima
708 2485 753 2513 Dei
779 2486 953 2521 praepotentis
973 2487 1106 2514 sententia

316 2531 475 2566 judicioque
489 2532 668 2559 commutavit
682 2542 687 2558 :
699 2540 779 2567 quem
793 2533 883 2559 locum
900 2532 998 2560 divinae
1011 2533 1108 2560 littera:

318 2579 448 2614 abyssum
465 2586 497 2605 ac
511 2579 637 2607 tenebras
661 2579 796 2614 appellare
816 2579 923 2610 solent,
942 2587 995 2606 non
1016 2579 1107 2614 qualia

319 2629 410 2651 tatnen
428 2629 541 2659 utraque
565 2625 635 2660 apud
658 2633 708 2652 nos
732 2625 913 2660 appellatione
930 2625 1105 2658 denotantur,

320 2669 368 2696 sed
384 2669 535 2704 ejusmodi,
562 2679 622 2705 qua:
646 2671 768 2698 divinum
790 2671 932 2699 oraculum
950 2671 1000 2699 hac
1019 2672 1107 2698 nomi-

320 2721 385 2741 num
404 2715 580 2744 similitudiue
595 2721 778 2751 repraesentat.
796 2717 856 2750 Quo
869 2725 902 2744 cx
917 2724 1031 2744 numero
1045 2725 1107 2752 pars

319 2762 453 2795 quaepiam
469 2762 577 2797 exigua,
603 2771 663 2798 quae
675 2764 783 2798 pietatis
806 2763 914 2790 athletis
935 2764 1047 2790 materia
1061 2772 1105 2791 se-

320 2813 421 2840 gesque
436 2806 542 2835 virtutis
557 2814 639 2841 esset,
652 2810 724 2836 circa
739 2813 825 2837 terras
835 2830 844 2843 ,
859 2809 978 2844 lunaque
991 2808 1104 2837 inferio-

356 2882 378 2898 “
388 2882 440 2910 lsa.
450 2891 504 2911 xxv.

1158 2300 1191 2334 χύ
1202 2309 1228 2326 τι
1243 2301 1289 2327 καὶ
1305 2301 1402 2337 μικρὸν
1429 2302 1609 2337 ἀπόσπασμα,
1625 2303 1776 2338 γυμνασίου
1791 2303 1873 2339 χάριν
1896 2304 1949 2331 τῶν

1158 2346 1298 2379 εὐσεϐείας
1320 2347 1443 2382 ἀθλητῶν
1462 2348 1534 2384 ἀμφὶ
1563 2349 1614 2383 γῆν
1632 2349 1678 2375 καὶ
1704 2349 1748 2375 τὸν
1762 2349 1814 2376 ὑπὸ
1834 2350 1948 2386 σελήνην

1158 2395 1237 2429 ἀέρα,
1250 2393 1438 2428 καταλειφθὲν,
1454 2394 1504 2428 τῆς
1519 2396 1547 2420 ἐν
1561 2394 1714 2430 ἀνθρώποις
1730 2394 1861 2421 πολυθὲου
1883 2396 1949 2422 πλα-

1158 2449 1205 2475 νης
1218 2442 1278 2467 κατ’
1292 2440 1368 2467 οὐδὲν
1381 2440 1525 2475 ἀθεότητος
1538 2441 1716 2476 διαφερούσης
1745 2442 1881 2468 συναίτιον
1901 2443 1947 2476 γέ-

1157 2496 1229 2522 γονε.
1240 2487 1362 2514 Τέθειται
1375 2487 1403 2514 δὲ
1415 2487 1462 2513 καὶ
1472 2487 1575 2519 τούτοις
1586 2488 1670 2523 ἡθεία
1685 2489 1779 2524 Γραφὴ
1798 2491 1948 2524 προσφυεῖς

1156 2534 1206 2566 τὰς
1224 2533 1417 2569 προσηγορίας,
1430 2534 1594 2568 γυμνότερον
1607 2534 1666 2568 μὲν,
1680 2535 1723 2560 ὅτε
1741 2534 1887 2570 πνεύματα
1899 2543 1947 2561 mm

1157 2579 1227 2616 νηρὰ
1241 2580 1288 2606 καὶ
1303 2580 1440 2615 δαίμονας,
1458 2580 1544 2615 ἀρχάς
1560 2588 1590 2606 τε
1605 2581 1651 2607 καὶ
1677 2581 1816 2612 ἐξουσίας,
1836 2581 1886 2608 καὶ
1901 2589 1946 2608 κο-

1159 2626 1357 2662 σμοκράτορας,
1370 2627 1417 2653 καὶ
1428 2626 1598 2661 πνευματικὰ
1625 2627 1755 2662 πονηρίας
1770 2627 1933 2663 ἐπονομάζει

1159 2672 1328 2707 συμϐολικῶς
1342 2672 1379 2703 δὲ,
1392 2673 1436 2699 ὅτε
1461 2672 1506 2699 τὸν
1521 2672 1630 2708 θεοφιλῆ
1648 2674 1779 2709 παρορμᾷ
1806 2673 1891 2709 μηδὲν
1904 2673 1947 2700 δε-

1157 2717 1296 2745 δί’ττεσθαι⁴
1309 2718 1338 2745 τὸ
1352 2718 1406 2745 τῶν
1422 2718 1556 2754 πολεμίων
1581 2719 1714 2753 δαιμόνων
1735 2721 1838 2753 στῖφος,
1865 2720 1898 2746 δι’
1910 2717 1947 2746 ὢν

1159 2773 1249 2800 φησιν·
1261 2775 1269 2790 ι
1287 2765 1345 2791 Ἐπ’
1355 2765 1454 2791 ἀσπίδα
1464 2765 1510 2791 καὶ
1525 2764 1681 2799 βασιλίσκον
1697 2765 1826 2801 ἐπιϐήσῃ,
1840 2767 1887 2793 καὶ
1902 2775 1948 2792 κι-

1157 2811 1324 2847 ταπατήσεις
1338 2810 1430 2839 λέοντα
1445 2812 1491 2838 καὶ
1505 2811 1665 2847 δράκοντα.»
1681 2812 1785 2847 Δεῖγμα
1801 2812 1831 2839 δὲ
1845 2812 1949 2840 τούτων
