2070 3206
181 163 230 190 561

766 157 924 185 ΡΠΑΞΡΑΒ.
945 157 1071 185 EVAMJ.
1093 156 1156 184 LIB.
1176 155 1231 184 VII.

1757 159 1809 186 562

179 219 318 247 διακονίαν
335 215 364 245 εὖ
382 216 602 254 προσηνωμένον,
630 215 675 242 τὸν
699 215 721 242 δ’
734 215 800 243 εἴσω
826 215 965 250 δεσπότην,

1023 220 1079 243 tum
1096 215 1287 243 conversiones
1301 213 1468 242 numerando
1488 215 1618 250 consequi
1635 221 1730 249 posse;
1748 225 1808 251 quae

178 265 216 298 ὥς
227 266 261 292 ἂν
277 264 377 300 εὐγενῆ
392 265 438 291 καὶ
464 263 530 290 Θεοῦ
555 263 672 297 συγγενῆ
687 261 778 296 φύσιν,
803 261 967 297 ἐλευθερίοις

178 311 290 347 τρόποις
306 311 400 346 τιμᾷν,
425 310 472 337 am
486 310 534 336 καὶ
547 309 615 344 πρὸς
627 308 672 335 τοῦ
691 308 798 335 πάντων
810 308 897 334 αἰτίου
922 317 967 334 τε-

177 357 341 393 τιμημένον.
354 357 436 391 Λέγει
446 356 469 383 δ’
483 354 530 383 οὖν
540 355 575 382 τὰ
588 355 677 389 λόγια,
693 354 731 387 ὼς
754 354 808 389 ἄρα
831 354 879 390 τὴν
892 353 967 390 πρώ-

177 410 228 438 την
244 401 388 437 ἀνθρώπου
402 401 482 435 φύσιν
502 401 633 436 δυνάμεσι
658 400 744 431 θείαις
770 400 816 426 καὶ
841 399 968 435 ὁμοιώσει

177 447 246 474 Θεοῦ
258 447 400 482 κοσμήσας
420 446 434 472 ὁ
447 446 654 481 ’παμϐασιλεὺς,
670 445 797 481 ἁρμόδιον
816 443 857 476 οἷς
867 444 968 480 ἐδωρή-

178 500 255 523 σατο,
265 491 316 527 τὴν
330 490 440 527 πρώτην
452 490 629 526 ἀπεκλήρωσε
643 490 782 526 διατριϐὴν
794 488 841 516 τοῦ
855 489 923 524 βίου,
938 490 967 516 ὲν

177 537 289 571 ἀγαθῶν
303 536 468 573 παραδείσῳ,
493 536 613 572 χορείαις
640 535 843 570 συγκαταλέξας
869 535 965 568 θείαις.

178 583 233 609 Καὶ
243 582 290 609 τδν
304 583 353 618 μὲν
368 582 430 609 τάδε
449 582 478 609 ἐν
493 582 590 618 ἀρχαῖς
605 579 648 608 οἷα
672 581 828 616 πανάγαθον
840 581 914 616 αὐτῷ
925 581 967 608 δε-

176 627 317 664 δωρῆσθαι
333 627 452 662 Πατέρα·
477 627 523 653 τὸν
546 627 568 653 δ’
593 626 763 662 αὑθεκουσίῳ
787 626 891 662 αἱρέσει
913 625 967 653 τῶν

177 674 340 710 κρειττόνων
354 674 512 705 ἀποπεσεῖν,
526 674 626 700 καὶτὸν
634 673 730 709 θνητὸν
742 673 829 709 χῶρον
842 674 966 700 ἀντικατ-

176 720 350 754 αλλάξασθαι
362 720 436 752 θείας
453 720 561 755 ἐντολῆς
573 719 713 756 ὀλιγωρίᾳ.
728 720 772 746 Διὸ
787 719 834 746 καὶ
851 719 966 755 μάλιστα

175 767 325 803 προσήκειν
340 766 479 798 εὐσεϐείας
494 767 524 793 ἐν
548 765 665 802 πρώτοις
693 766 900 797 ἀντιποιεῖσθαι,
920 767 966 793 καὶ

175 813 207 839 τδ
220 811 336 848 πρώτως
350 811 544 848 πλημμεληθὲν
571 812 708 846 δευτέροις
730 812 828 844 αίσίοις
850 813 966 848 ὲπιδιορ⁴

175 858 299 890 θοῦσθαι,
321 858 444 885 σπεύδειν
456 866 483 884 τε
498 858 543 884 ἐπὶ
555 857 604 893 τὴν
621 857 674 884 τῶν
690 858 798 884 οἰκείων
812 858 965 893 ἀναδρομὴν

1021 261 1114 288 omnia
1127 269 1158 289 ex
1175 261 1279 292 innata,
1296 267 1378 295 quam
1389 267 1422 287 ex
1436 261 1542 288 cunctis
1562 262 1722 290 mortalibus
1739 271 1810 292 unus

1022 307 1105 335 homo
1118 315 1173 342 prae
1186 314 1215 335 se
1227 306 1289 340 fert,
1308 314 1370 334 cum
1385 306 1467 334 rebus
1484 307 1536 335 illis
1555 308 1742 344 superioribus
1753 309 1810 337 alli-

1021 353 1106 381 nitate
1120 353 1253 381 oriantur.
1269 353 1303 380 At
1315 361 1389 386 vero,
1416 354 1488 390 quod
1502 354 1588 382 eidem
1602 355 1719 383 allictnm
1735 361 1810 385 exte-

1021 400 1079 428 rius
1091 407 1123 428 ac
1136 400 1331 428 circumfusum
1345 405 1396 433 est,
1413 401 1525 435 alterius
1540 407 1600 428 esse
1617 402 1724 436 generis
1744 402 1809 430 illud

1020 445 1142 481 quidem,
1157 453 1189 472 ac
1201 445 1321 473 terrestri
1331 454 1363 473 ex
1376 446 1447 474 mole
1462 445 1607 473 conﬂatum
1617 455 1625 479 ς
1635 447 1704 473 idem
1719 452 1809 475 tamen

1023 490 1069 518 Dei
1087 490 1247 525 simpliciter
1261 498 1331 525 opus
1343 498 1418 524 csse;
1437 490 1508 526 quod
1531 490 1568 517 uti
1584 498 1616 518 ex
1631 495 1702 518 terra
1717 496 1808 519 satum

1020 541 1072 568 est,
1089 536 1126 563 ita
1140 535 1230 563 denuo
1242 536 1269 562 in
1289 541 1388 563 terram
1401 536 1575 564 dissolvatur.
1598 536 1690 571 itaque
1704 537 1808 569 homini

1021 582 1131 617 perinde
1146 589 1178 610 ac
1199 589 1279 609 suum
1294 581 1404 616 aliquod
1421 582 1525 609 ratione
1542 589 1638 609 carens
1663 587 1690 610 et
1710 590 1809 610 onera-

1021 631 1090 658 rium
1103 630 1257 665 iumentum
1277 629 1398 662 domino,
1413 629 1564 657 curandum
1587 630 1652 657 illud
1667 638 1738 663 csse,
1753 633 1808 658 tra-

1020 675 1204 710 ctandumque
1216 675 1379 707 humaniter,
1392 680 1471 709 atque
1483 675 1510 702 in
1527 675 1597 702 servi
1612 683 1715 703 morem
1730 676 1807 705 alen-

1019 722 1084 749 dum
1095 742 1102 755 ,
1121 722 1153 749 ad
1167 722 1294 749 humanae
1307 721 1368 748 vitae
1382 721 1543 756 obsequium
1558 721 1654 750 docilis
1667 727 1694 750 et
1708 723 1806 758 parati.

1019 767 1053 795 At
1078 767 1218 794 dominum
1244 767 1319 794 illum
1344 767 1516 799 interiorem.
1542 772 1634 802 utpote
1661 769 1807 803 ingenuam

1020 813 1194 847 nobilemque
1209 818 1346 846 naturam,
1372 821 1489 848 cumque
1503 813 1558 840 Deo
1573 814 1632 848 ipso
1647 814 1807 849 cognatione

1019 859 1204 894 coniunctam,
1222 858 1382 886 liberalibus
1404 859 1485 886 etiam
1501 863 1528 886 et
1541 859 1664 894 ingenuis
1685 860 1808 887 moribus

175 913 205 931 τε
232 905 279 931 καὶ
296 904 527 935 ἀποκατάστασιν.
547 901 623 931 Εἶναι
643 903 695 939 γὰρ
725 904 802 936 τέλος
826 903 965 938 ἀνθρώπου

1019 904 1218 936 exornandum,
1235 911 1296 931 cum
1312 908 1426 931 ornatus
1440 904 1474 931 ab
1487 904 1602 939 ipsemet
1622 905 1703 932 etiam
1717 913 1808 932 rerum

175 950 342 986 φύπωςοὺχ
357 948 407 978 ὦδε
428 951 474 977 ἐπὶ
495 951 558 986 γῆς,
582 952 621 982 είς
652 950 755 986 φθορὰν
781 950 967 986 καταστρέφον

175 997 223 1024 καὶ
248 997 396 1030 ἀπώλειαν,
423 998 480 1024 ἀλλ’
505 997 627 1029 ἐκεῖθεν,
650 997 710 1023 ὅθεν
745 997 792 1023 καὶ
818 998 833 1023 ὁ
861 997 968 1032 πρῶτος

174 1043 328 1080 ἀπέσφηλε,
350 1045 394 1070 Διὺ
407 1044 505 1079 χρῆναι
519 1044 549 1070 τὺ
562 1043 679 1079 καθαρὸν
694 1041 781 1075 αὖθις,
795 1044 840 1070 καὶ
852 1043 968 1070 θεοείκε-

175 1094 221 1117 λον
238 1091 441 1127 ἀνακτήσασθαι
456 1092 505 1126 τῆς
521 1092 549 1118 ἐν
562 1092 628 1127 ἡμῖν
641 1091 737 1126 νοερᾶς
759 1091 863 1122 οὐσίας,
878 1092 919 1125 ἐφ’
934 1091 966 1126 ῆν

174 1135 366 1172 προθυμητέον
377 1137 479 1164 ἀνιέναι
504 1137 586 1164 παντὶ
604 1137 692 1163 σθένει
711 1137 793 1163 πᾶσιν
814 1136 968 1172 ἀνθρώποις

174 1179 317 1212 εὐσεϐείας
329 1179 375 1207 καὶ
388 1181 488 1216 ἀρετῆς
500 1181 734 1218 ἐπιμελουμένοις.
750 1181 867 1208 Τοιαῦτα
879 1182 926 1208 καὶ
933 1182 967 1208 τὰ

174 1223 241 1258 περὶ
265 1223 411 1260 ἀνθρώπου
438 1224 545 1259 φύσεως
575 1225 710 1260 Ἑϐραίοις
729 1226 967 1260 πεφιλοσοφημένα

175 1268 290 1302 ἄνωθεν,
307 1271 372 1306 πρὶν
384 1271 400 1306 ἢ
413 1271 459 1298 καὶ
475 1272 515 1303 είς
530 1271 687 1307 ἀνθρώπους
714 1271 858 1306 παρελθεῖν
870 1272 964 1307 ’Ἐλλη-

174 1322 236 1347 var
247 1315 273 1342 οἶ
291 1316 378 1352 χθιζοί
389 1325 462 1349 τινες
476 1318 522 1343 καὶ
536 1317 633 1352 κομιδῆ
647 1317 702 1343 νέοι
719 1317 773 1343 ἀπὸ
796 1317 847 1352 γῆς
867 1316 966 1344 ἀνακύ-

173 1361 286 1397 ψαντες,
297 1363 332 1390 τά
347 1372 377 1390 τε
393 1363 538 1400 βαρϐάρων
550 1364 686 1399 ὐποσυλᾷν
711 1363 906 1398 διανοηθέντες,
920 1364 966 1390 καὶ

172 1407 307 1445 νῦνπαᾴ
324 1409 460 1446 Ἑϐραίοις
485 1410 535 1436 οὐχ
549 1410 709 1444 ἀπέσχοντο,
727 1409 764 1441 ὡς
781 1409 882 1444 προῖὼν
893 1411 907 1436 ὁ
923 1409 966 1436 λό-

174 1461 225 1489 γος
236 1454 336 1482 αὐτίκα
354 1456 425 1491 μάλα
437 1455 574 1489 ἐπιδείξει.
606 1456 674 1482 Ἀλλ’
697 1457 758 1483 ἐπεὶ
785 1457 839 1483 τῶν
857 1456 966 1491 Ἐϐραῖ-

174 1501 232 1529 κῶν
242 1501 385 1537 δογμάτων
400 1501 466 1528 ἳδιον
481 1499 515 1537 ἦν
531 1502 561 1528 τὸ
572 1502 619 1528 ἕνα
639 1502 693 1528 τῶν
710 1503 837 1528 ἁπάντων
852 1502 965 1538 ποιητὴν

173 1546 332 1583 νομίζεσθαι
353 1547 399 1573 τὸν
411 1547 457 1573 ἐπὶ
470 1547 578 1574 πάντων
600 1547 677 1579 Θεὸν,
691 1548 776 1583 αὐτῆς
795 1556 824 1574 τε
837 1547 887 1582 τῆς
901 1547 965 1574 ὐπο-

173 1578 304 1628 κσιμένης
316 1593 373 1624 τοῖς
385 1591 509 1627 σώμασιν
531 1592 634 1624 οὐσίας.
695 1578 760 1628 ὓλην
781 1578 966 1629 προσαγορεύ-
979 1578 1001 1608 C

173 1646 248 1664 ουσιν
261 1637 399 1674 Ἓλληνες·
413 1638 491 1665 τοῦτο
509 1645 521 1658 α
534 1638 561 1665 δὲ
575 1638 665 1674 μυρίοι
680 1638 825 1674 βαρϐάρων
836 1639 903 1674 ὁμοῦ
918 1640 966 1666 καὶ

177 1683 314 1719 Ἑλλήνων
329 1683 484 1717 ἐξεναντίας
497 1683 622 1720 ἕστησαψ
636 1685 661 1711 οί
685 1685 745 1720 μὲν,
759 1685 858 1717 κακίας
874 1685 965 1720 πηγὴν

173 1728 222 1764 τὴν
235 1729 301 1764 ὕλην
313 1727 382 1756 εἶναι
399 1730 614 1765 ἀποφηνάμενοι,
624 1730 770 1766 ἁγέννητόν
782 1739 812 1756 τε
820 1730 964 1766 ὑπάρχεινν

171 1776 196 1802 τί
213 1775 296 1811 δὲ,τῇ
315 1777 364 1811 μὲν
386 1776 475 1812 οἰκείᾳ
494 1776 574 1810 φύσει
585 1776 679 1803 ἄποιον
692 1777 739 1803 καὶ
751 1777 964 1812 ἀσχημάτιστον,

171 1822 205 1857 τῇ
218 1820 323 1848 δὲθιοῦ
330 1821 454 1856 δυνάμει,
467 1822 512 1848 τὸν
524 1822 624 1857 κόσμον
636 1823 731 1854 αὐταῖς
745 1823 868 1857 ποιότησι
882 1831 965 1858 προσ-

171 1865 330 1902 ιίληφέναι-
359 1866 478 1893 δεικτέον
502 1867 540 1899 ὡς
565 1867 631 1894 πολὺ
649 1869 772 1903 κρεῖττον
795 1869 811 1903 ἡ
832 1868 963 1904 Ἐϐραίων

172 1911 266 1946 ἐπέχει
276 1911 350 1944 δόξα,
382 1913 439 1947 μετ’
455 1913 617 1945 ἀποδείξεως
637 1912 749 1949 λογικῆς
769 1913 960 1950 παρισταμένη

170 1955 212 1992 τῷ
223 1957 409 1993 προϐλήματι.
424 1958 540 1986 καὶτῶν
566 1959 695 1986 ἐναντίων
714 1959 800 1993 λόγων
822 1960 962 1995 λογισμοῖς

170 2002 262 2039 ὀρθοῖς
274 2003 514 2040 ἀποσκευαζομένη
538 1998 627 2039 λόγον.
654 2005 734 2041 Θήσω
757 2005 785 2031 δὲ
799 2005 890 2040 φωνὰς
905 2006 959 2033 τῶν

171 2048 228 2085 πρὸ
237 2048 316 2084 ἡμῶν
330 2048 362 2075 τὸ
376 2049 465 2085 δόγμα
488 2050 718 2085 διηκριϐωκότων,
736 2051 781 2077 καὶ
794 2050 901 2086 πρώτου
928 2060 961 2086 γε

171 2092 310 2119 Διονυσίου
329 2093 395 2128 (87),
411 2094 440 2126 ὃς
457 2095 486 2121 ὲν
501 2095 539 2130 τῷ
550 2094 650 2130 πρώτῳ
663 2095 717 2122 τῶν
734 2095 802 2131 πρὸς
819 2096 961 2124 Σαὸέλλιον

173 2138 249 2174 αὑτῷ
275 2140 507 2176 γεγυμνασμένων
535 2141 598 2167 τάδε
626 2141 691 2176 περὶ
710 2140 757 2167 τοῦ
782 2142 961 2176 προκειμένου

171 2183 284 2219 γράφει·

1018 950 1139 977 onmium
1158 949 1283 976 molitore
1317 949 1407 976 fuerit.
1438 950 1548 977 Addunt
1559 950 1700 978 enimvero
1723 959 1808 980 sacra;

1018 995 1123 1026 litterae.
1142 1003 1277 1023 summum
1300 995 1376 1023 illum
1391 1004 1423 1023 ac
1435 1001 1626 1031 praepotentem
1642 1005 1743 1032 regem,
1760 997 1807 1025 ubi
1855 1000 1863 1007 '

1018 1040 1164 1075 principem
1178 1040 1298 1068 hominis
1312 1046 1436 1068 naturam
1464 1041 1564 1070 divinis
1583 1042 1758 1070 facultatibus
1773 1051 1806 1072 ac

1017 1085 1108 1112 divina
1125 1085 1304 1112 similitudine
1324 1086 1490 1119 decorasset,
1515 1087 1539 1114 ci
1560 1095 1670 1122 qttoque
1684 1093 1807 1123 postmo-

1017 1131 1081 1158 dum
1098 1131 1124 1158 in
1141 1137 1262 1159 rmtuum
1276 1132 1430 1159 divinorum
1446 1133 1602 1161 societatem
1620 1134 1728 1167 allecto,
1748 1136 1806 1163 suis

1018 1176 1177 1204 muneribus
1191 1176 1325 1211 donisque
1338 1182 1532 1211 congruentem
1543 1198 1550 1211 ,
1569 1178 1595 1205 in
1617 1178 1697 1206 bonis
1717 1180 1808 1206 omni-

1017 1222 1068 1249 bus
1082 1222 1287 1249 circumiluente
1301 1222 1437 1257 paradiso,
1456 1223 1572 1258 primam
1584 1224 1645 1251 vitae
1660 1224 1751 1252 sedem
1767 1230 1808 1253 at-

1018 1267 1155 1294 tribuisse.
1173 1267 1366 1301 Athominem,
1377 1268 1423 1303 qui
1438 1269 1491 1295 vim
1507 1269 1541 1296 ab
1555 1276 1588 1296 eo
1598 1274 1699 1297 tantam
1711 1278 1806 1305 opum.

1017 1318 1146 1348 tanquam
1167 1314 1202 1341 ab
1222 1314 1326 1348 optimo
1342 1318 1453 1348 parente
1465 1336 1473 1348 ,
1489 1315 1548 1350 ipso
1562 1317 1653 1343 statim
1671 1317 1748 1344 initio
1761 1325 1807 1344 ac.

1016 1364 1135 1395 crperat,
1160 1364 1187 1387 et
1208 1368 1257 1387 sua
1273 1364 1370 1395 sponte
1387 1360 1529 1388 dirinioris
1555 1361 1628 1389 illius
1643 1363 1806 1392 conditionis

1016 1411 1090 1433 sorte
1103 1406 1239 1434 excidisse
1261 1411 1288 1434 et
1312 1407 1347 1434 ob
1363 1407 1494 1434 violatum
1516 1407 1613 1435 divine
1635 1409 1701 1444 legis
1721 1410 1808 1445 impe-

1016 1452 1099 1485 rium.
1120 1453 1146 1480 in
1161 1453 1274 1481 mortale
1287 1454 1456 1482 domicilium
1468 1457 1644 1484 amandatum
1658 1465 1690 1484 ac
1702 1457 1806 1493 relega-

1016 1502 1074 1524 tum
1091 1497 1188 1526 fuisse.
1216 1498 1350 1531 Quocirca
1364 1507 1459 1527 verum
1475 1501 1588 1529 omnino
1600 1509 1671 1535 esse,
1685 1502 1724 1530 uti
1742 1509 1807 1537 prae-

1016 1543 1123 1578 cipuam
1149 1544 1295 1579 quamdam
1321 1545 1414 1580 pietati
1431 1553 1542 1580 operam
1568 1547 1682 1579 demus,
1699 1549 1772 1582 quod
1790 1556 1806 1577 a

1018 1589 1097 1617 nobis
1119 1595 1181 1618 ante
1203 1595 1342 1625 peccatum
1364 1596 1423 1625 est,
1446 1591 1615 1621 felicioribus
1635 1593 1696 1621 vita:
1709 1602 1807 1622 conse-

1017 1635 1126 1670 quentis
1139 1636 1268 1670 auspiciis
1283 1637 1476 1669 emcndemus.
1493 1643 1631 1673 postremo
1648 1639 1682 1666 ad
1695 1647 1807 1675 recupe-

1017 1679 1130 1706 randam
1146 1688 1228 1715 opum
1245 1681 1310 1708 olim
1327 1687 1482 1709 nostrarum
1504 1685 1704 1718 possessionem
1731 1687 1804 1713 omni

1017 1724 1107 1752 studio
1117 1730 1143 1752 et
1153 1726 1329 1754 contentione
1341 1728 1489 1763 rapiamur.
1506 1728 1573 1756 Nam
1587 1738 1666 1757 suum
1681 1730 1806 1760 humanm

1017 1778 1121 1802 natura:
1133 1774 1225 1807 linem,
1239 1783 1292 1803 non
1304 1776 1360 1810 jam
1379 1777 1433 1809 hic,
1451 1777 1477 1804 in
1496 1778 1584 1810 terris,
1598 1778 1650 1806 hoc
1666 1784 1708 1806 est
1722 1779 1748 1806 in
1765 1779 1807 1806 in—

1016 1822 1096 1848 teritu
1113 1829 1145 1848 ac
1156 1826 1244 1849 morte
1255 1822 1385 1856 positum,
1403 1823 1450 1850 sed
1463 1830 1496 1850 eo
1506 1824 1595 1857 potius
1613 1824 1639 1851 in
1653 1828 1724 1851 statu
1741 1832 1805 1859 gn-

1015 1866 1105 1900 duque
1122 1867 1205 1893 tixum
1228 1874 1298 1898 esse,
1320 1867 1392 1894 unde
1415 1867 1523 1902 generis
1550 1867 1663 1894 humani
1680 1868 1806 1903 princeps

1013 1911 1153 1939 exciderit.
1184 1911 1222 1938 Ita
1244 1912 1399 1939 conandum
1424 1911 1450 1939 id
1470 1920 1531 1939 esse
1549 1913 1740 1948 agendumque
1754 1921 1806 1940 rn-

1013 1957 1066 1988 bis,
1092 1962 1122 1984 ut
1150 1957 1293 1991 pristinum
1326 1957 1401 1984 illum
1432 1962 1537 1985 natum
1562 1963 1662 1985 nostra:
1688 1958 1804 1993 spiritali

1013 2003 1141 2035 nitorem,
1157 2011 1190 2031 ac
1201 2003 1300 2031 divina:
1315 2004 1506 2032 similitudinis
1529 2010 1688 2032 ornamenta
1707 2006 1804 2033 redda-

1013 2057 1094 2082 mus,
1131 2049 1253 2084 adeoqne
1290 2053 1461 2077 constantem
1493 2050 1563 2077 hanc
1595 2055 1676 2085 atque
1708 2059 1802 2086 perpe-

1013 2099 1087 2122 tuam
1115 2102 1209 2122 eorum
1236 2102 1297 2122 esse
1322 2095 1444 2122 omnium
1467 2103 1562 2123 curam
1583 2102 1727 2130 Oportere.
1754 2099 1801 2132 qui

1013 2140 1105 2174 aliquo
1139 2141 1248 2174 pietatis
1284 2145 1311 2167 et
1356 2141 1465 2168 virtutis
1514 2141 1605 2169 studio
1648 2147 1801 2170 teneantur.

1014 2186 1094 2222 333
1112 2186 1174 2214 Haec
1198 2187 1279 2221 igitur
1301 2187 1346 2214 illa
1361 2191 1426 2214 sunt
1441 2195 1503 2222 qua:
1517 2187 1550 2215 de
1573 2193 1670 2215 natura
1686 2189 1803 2216 hominis

171 2234 209 2258 ab
224 2231 320 2259 ultima
336 2238 409 2260 retro
425 2234 556 2262 memoria
582 2233 686 2262 Hebraei
709 2235 881 2266 docuerunt.
897 2243 958 2263 cum
978 2236 1083 2263 nullum
1108 2236 1198 2263 adhuc
1229 2236 1386 2263 Grtecorum
1416 2244 1501 2271 genus
1528 2241 1664 2264 exstaret:
1681 2237 1803 2272 quicum

172 2275 232 2304 beri
250 2282 298 2305 aut
314 2278 514 2308 nudiustertius
530 2285 631 2309 eterra
655 2288 737 2316 caput
754 2283 917 2316 extulerint,
934 2287 961 2310 et
979 2291 1045 2310 suas
1068 2283 1191 2311 barbaris
1219 2290 1284 2317 opes
1309 2283 1437 2311 suifurari
1465 2289 1627 2318 statuerunt,
1658 2292 1707 2311 nec
1740 2292 1804 2319 pro-

170 2322 240 2359 priis
255 2322 429 2352 Hebrreorum
455 2326 532 2354 bonis
551 2333 739 2362 pepercerunt,
759 2333 789 2355 ut
806 2329 886 2363 paulo
899 2333 961 2364 post
976 2329 1058 2364 hujus
1071 2329 1098 2356 in
1111 2329 1304 2363 disputationis
1331 2337 1476 2365 progressu
1511 2331 1696 2358 ostendemus.
1726 2330 1804 2358 Nunc

170 2377 248 2402 vero,
263 2371 394 2405 quoniam
410 2370 583 2399 Hebraeorum
598 2373 728 2401 doctrinae
752 2375 891 2409 proprium
907 2375 957 2402 hoc
976 2374 1027 2402 fuit
1049 2375 1270 2410 praecipuumque
1291 2381 1384 2410 caput,
1414 2376 1452 2402 uti
1474 2375 1558 2403 Deum
1590 2382 1802 2412 praepotentem,

169 2422 234 2443 cum
249 2419 409 2444 calet-arum
436 2418 558 2445 omnium
586 2427 687 2452 rerum,
711 2425 767 2448 tum
782 2421 842 2456 ejus
858 2421 939 2448 etiam
951 2442 958 2453 ,
978 2429 1040 2456 qu.e
1052 2421 1216 2456 corporibus
1229 2422 1332 2454 subest,
1345 2428 1458 2454 natur-:2,
1493 2430 1630 2457 quamque
1658 2424 1801 2452 materiam

169 2459 257 2488 ϐπ·εοί
278 2466 386 2493 vocant,
402 2463 534 2491 artiﬁcem
564 2473 648 2492 unum
664 2474 696 2494 ac
720 2467 874 2494 molitorcm
894 2475 955 2495 esse
973 2472 1128 2496 statuerunt
1143 2477 1150 2495 :
1167 2467 1237 2495 idem
1253 2473 1347 2495 contra
1365 2468 1542 2496 barbarorum
1562 2469 1644 2496 simul
1671 2475 1699 2497 et
1727 2470 1802 2498 Grat-

167 2513 264 2534 corum
279 2506 384 2535 infinita
403 2507 443 2536 vis
466 2511 651 2545 oppugnavit:
667 2520 729 2538 cum
750 2513 795 2540 alii
813 2517 840 2540 et
855 2513 1035 2548 improbitatis
1052 2514 1142 2541 omnis
1172 2513 1274 2541 fontent
1306 2522 1367 2541 esse
1396 2515 1548 2547 materiam,
1564 2519 1592 2542 et
1618 2520 1680 2543 ortu
1706 2524 1802 2546 carere

169 2551 347 2580 defenderent
360 2563 374 2581 ι.
386 2554 432 2581 alii
451 2560 546 2590 suapte
565 2556 674 2592 quidem
707 2561 803 2586 natura
821 2559 895 2586 omni
919 2567 980 2587 eam
1000 2560 1132 2595 qualitate
1148 2559 1287 2595 ﬁguraque
1302 2560 1431 2587 nudatam
1445 2567 1517 2594 esse,
1533 2561 1617 2588 divini
1642 2566 1732 2590 tamen
1743 2563 1802 2592 Nu-

208 2617 222 2632 ι
243 2620 302 2646 τρη
321 2613 419 2648 τούτῳ.

207 2671 262 2707 (87)
281 2672 451 2700 Διονυσίου.
471 2673 682 2712 Alexandrithm
702 2675 846 2712 intelligit.
865 2675 958 2704 Sabel-
975 2679 997 2707 D
1012 2678 1054 2705 dis
1075 2678 1243 2712 episcopum.
1261 2678 1327 2706 Vide
1351 2679 1490 2707 illustriss.
1509 2680 1572 2707 card
1606 2680 1705 2708 Baron.
1726 2688 1801 2708 anno

169 2706 240 2748 [Ην-ιι
256 2715 312 2748 quo
327 2715 506 2748 personarum
524 2710 550 2735 in
566 2708 616 2736 SS.
630 2709 729 2738 Triade
745 2706 885 2748 distinctio
911 2721 958 2748 nc-
979 2706 982 2707 ν
1012 2706 1113 2740 Christi
1129 2706 1193 2741 263.
1209 2714 1293 2741 Porro
1314 2706 1613 2748 Sabellius,alterum
1630 2706 1802 2744 haedo—tria;

170 2741 238 2770 farie
267 2741 672 2785 tollebatur,IoppugnatOrem
703 2746 879 2785 acerrimum.
905 2747 956 2785 Qui
1013 2749 1078 2785 toria
1103 2749 1239 2785 somnium
1268 2751 1302 2776 ab
1327 2741 1497 2784 llernwgene
1527 2741 1679 2785 acceperat:
1698 2741 1801 2779 ‘l‘lu-res

170 2785 233 2822 cum
264 2777 368 2822 nimio‘
380 2777 503 2819 quodam,
527 2777 660 2822 suscepta:
693 2789 796 2822 causae"
809 2782 899 2822 studio
910 2777 957 2809 ain
1013 2784 1142 2811 adversus
1160 2783 1308 2811 Sabellium
1324 2784 1404 2811 istum
1424 2777 1507 2813 libros
1524 2794 1538 2813 a
1550 2777 1690 2822 rDi'onysio
1705 2777 1799 2814 sint";

171 2813 340 2851 contrariam
353 2813 515 2851 Arianorum
533 2815 657 2841 lmresim
674 2816 798 2843 nonnihil
813 2817 959 2845 inclinasse
1013 2825 1087 2846 ratos
1101 2827 1172 2847 esse.
1187 2828 1240 2846 non
1262 2824 1366 2847 tantum
1382 2829 1464 2848 tinum
1477 2841 1484 2851 .
1499 2827 1527 2848 ut
1543 2830 1596 2848 nun
1614 2813 1694 2849 ιιξιιηὸ
1711 2822 1800 2849 crudi-

173 2848 339 2882 quibusdam
355 2849 658 2890 videretur”egregium
682 2851 708 2890 in
726 2852 820 2890 primis
833 2852 959 2880 del'miso-
1012 2855 1060 2887 dit,
1078 2855 1118 2881 \‘rl
1137 2856 1185 2882 hoc
1201 2855 1310 2883 Eusebii
1325 2856 1385 2884 loco
1401 2848 1553 2890 manifeste,
1567 2848 1749 2885 convincitur.

176 2891 230 2911 rem
245 2889 344 2912 nactus
363 2889 403 2910 cst
420 2884 439 2911 Β
469 2884 658 2918 Athanasium,
673 2884 792 2919 eiusdem
807 2891 897 2919 nostra
917 2897 957 2916 sc-
