2070 3206
272 175 324 202 565
596 174 732 204 EUSEBII
751 173 992 202 CESAﬂlENSlS
1009 174 1085 201 OPP.
1109 173 1197 201 PAltS
1217 173 1248 200 ll.
1269 186 1304 194 -
1324 172 1575 201 APOLOGETICA.
1842 173 1897 200 εισι

269 232 352 259 minis
381 236 514 268 potestate
538 240 637 260 novum
659 237 787 267 przeterea
817 240 878 260 cum
914 231 971 259 suis
996 231 1173 266 qualitatibus
1198 235 1324 258 ornatum
1351 231 1471 259 induisse
1496 231 1594 258 vellent
1624 239 1631 257 τ
1655 230 1898 258 demonstrandum

268 291 378 320 quoque
391 283 469 310 nobis
481 283 542 315 erit,
554 283 633 317 longe
653 282 788 310 saniorem
809 280 984 308 Hebraeorum
1011 281 1062 307 hoc
1081 279 1107 307 in
1125 286 1223 315 genere
1243 283 1360 305 mentem
1374 286 1406 305 ac
1434 279 1593 306 sententiam
1618 277 1715 311 fuisse,
1739 286 1800 313 quae
1831 286 1899 312 pro-

269 332 387 370 positam
406 331 582 366 qumstioncm
610 331 696 365 logica
718 330 798 365 plane
822 332 1054 357 demonstratione
1072 327 1213 362 disceptet,
1225 326 1360 361 justisque
1378 326 1529 353 rationibus
1557 326 1649 353 omnia
1675 325 1895 352 dissentientium

268 381 427 412 argumenta
441 377 583 404 convellat.
597 375 673 403 Hane
684 376 710 403 in
726 383 781 403 rem
799 375 935 410 ipsissima
946 381 1052 407 eorum,
1072 372 1118 408 qui
1148 377 1209 400 ante
1238 380 1288 399 nos
1315 376 1440 400 accurate
1464 372 1515 399 hac
1543 371 1571 398 in
1593 371 1774 406 disputatione
1796 371 1896 399 versati

268 428 342 456 sunt,
359 423 439 451 verba
456 422 604 458 producam
616 442 623 453 ,
649 427 730 457 atque
747 422 774 449 in
790 421 886 456 primis
911 419 1054 455 Dionysii,
1072 418 1119 453 qui
1137 418 1164 445 in
1192 418 1280 453 primo
1306 418 1438 445 librorum
1464 425 1557 445 eorum
1571 437 1580 451 ,
1606 425 1676 462 qttos
1695 418 1723 444 in
1747 416 1895 445 Sabellium

267 471 450 502 elucubravit,
473 470 546 499 hunc
564 470 590 496 in
609 471 718 496 modum
745 470 777 496 de
803 476 832 496 re
858 472 913 496 tota
930 465 1145 503 philosophatur.

556 516 671 546 CAPUT
689 516 759 547 XIX.

462 573 606 601 Materiam
620 579 680 609 ortu
695 581 747 600 non
757 580 856 600 carere.

303 641 313 657 ι
334 631 484 666 lmpietatis
507 631 590 658 etiam
608 631 673 658 illud
691 634 743 661 est.
761 630 867 665 inquit,
886 628 959 664 quod
973 628 1054 663 pleri-

266 685 318 712 que
333 677 488 708 materiam,
502 676 580 711 cujus
597 681 685 704 ortum
698 676 801 703 nullum
815 683 875 703 esse
890 675 990 707 velint,
1012 674 1054 701 di-

265 724 336 750 vinae
366 723 493 758 potestati
530 722 702 757 digerendam
734 721 941 756 ornandamque
967 719 1050 753 subji-

266 769 351 801 ciant,
365 769 430 796 dum
447 776 506 796 eam
520 774 617 795 natura
634 776 683 795 sua
700 768 846 802 patientem
858 771 940 801 atque
951 769 1054 792 tracta-

266 815 359 846 bilem.
375 815 524 849 impressas
540 814 671 841 divinitus
687 814 852 840 mutationes
869 811 947 839 facile
962 812 1055 838 subire

267 859 386 887 tradunt.
403 858 548 886 Enimvero
559 858 674 886 doceant
687 858 732 886 isti
753 858 799 893 qui
816 857 872 885 fieri
885 857 1012 892 potuerit,
1026 860 1056 884 ut

266 906 293 933 in
312 905 395 932 Deum
410 909 492 940 atque
514 905 655 931 materiam
673 903 823 932 similitudo
838 903 940 938 pariter
955 911 986 930 ac
1000 903 1056 930 dis-

266 951 415 978 similitudo
444 950 562 978 caderet.
588 949 655 977 Nam
677 951 759 977 alium
775 949 921 984 quemdam
939 953 1055 984 utroque

267 997 444 1031 potentiorem
456 997 575 1032 cogitare
593 1002 649 1024 tum
667 1001 816 1032 oporteret,
833 996 904 1032 quod
919 1001 1007 1023 tamen
1022 996 1055 1023 de

266 1043 320 1070 Dec
333 1043 373 1069 vel
393 1043 540 1078 suspicari,
556 1042 642 1070 nefas.
671 1041 736 1069 Nam
759 1047 786 1069 et
798 1042 887 1078 ipsum
915 1047 978 1070 ortu
1007 1050 1054 1069 ca-

267 1095 338 1122 rere,
353 1089 426 1124 quod
442 1089 469 1115 in
485 1093 602 1123 utroque
615 1088 709 1116 simile
735 1088 836 1116 dicitur
847 1108 855 1120 ,
886 1092 914 1115 et
937 1088 1054 1115 alterum

265 1135 342 1167 illud,
355 1134 428 1170 quod
446 1139 543 1169 praeter
560 1140 707 1169 utrumque
735 1135 870 1169 cogitatur
882 1154 889 1166 .
918 1134 1055 1169 quomodo

1364 512 1563 539 ΚΕΦΑΛᾹΙΟΝ
1589 513 1638 539 ΙΘ¹.

1180 571 1248 604 Περὶ
1263 571 1314 598 τοῦ
1324 571 1367 606 μὴ
1386 571 1552 606 ἀγέννητον
1567 569 1643 598 εἶναι
1661 571 1717 605 τὴν
1729 571 1819 605 ὕλην.

1141 639 1151 655 ι
1166 628 1228 655 Οὐδ’
1246 629 1344 655 ἐκεῖνοι
1358 628 1407 663 μὲν
1419 628 1473 664 γὰρ
1487 628 1565 660 ὅσιοι,
1580 629 1604 654 oi
1617 627 1666 664 τὴν
1685 628 1751 663 ὓλην
1764 628 1801 661 ὡς
1815 629 1899 663 ἀγέν-

1104 684 1184 712 νητον
1201 675 1357 711 ὑποχείριον
1373 675 1412 706 εἰς
1436 674 1615 710 διακόσμησιν
1643 674 1758 706 διδόντες
1772 675 1810 710 τῷ
1825 675 1897 710 Θεῷο

1105 721 1228 757 παθητὴν
1243 721 1296 756 γὰρ
1312 719 1396 755 αὐτὴν
1411 720 1458 746 καὶ
1469 720 1590 756 τρεπτὴν
1607 720 1794 756 ὑπάρχουσαν,
1811 721 1899 748 εἴκειν

1104 769 1165 799 ταῖς
1179 768 1346 802 Θεοποιήτοις
1361 766 1530 794 ἀλλοιώσεσι.
1555 767 1610 794 Καὶ
1636 767 1717 794 πόθεν
1735 766 1789 802 γὰρ
1810 767 1899 802 ὑπάρ-

1107 822 1150 849 χει
1166 814 1214 840 καὶ
1230 813 1269 848 τῷ
1283 813 1342 848 Θεῴ
1355 813 1403 840 καὶ
1425 814 1457 848 τῇ
1474 812 1524 848 ὕλῃ
1540 812 1571 838 τό
1587 821 1616 839 τε
1633 813 1724 847 ὅμοιον
1749 813 1796 839 καὶ
1805 812 1835 838 τὸ
1850 813 1900 838 ἀν-

1105 860 1208 895 όμοιον,
1223 859 1444 894 διασαφήτωσαν.
1463 858 1610 894 Ἐκατέρου
1627 859 1681 895 γὰρ
1706 859 1747 886 δεῖ
1761 867 1820 885 τινα
1835 859 1898 884 ἐπι-

1105 906 1199 941 νοῆσαι
1215 905 1365 941 κρείττονα,
1385 906 1399 932 ὃ
1415 905 1482 941 μηδὲ
1497 905 1606 940 θεμιτὸν
1631 905 1755 940 ἐννοῆσαι
1770 905 1835 940 περὶ
1849 905 1897 931 τοῦ

1105 951 1184 978 Θεοῦ.
1199 951 1235 977 Τό
1250 959 1280 977 τε
1298 951 1352 986 γὰρ
1367 951 1525 987 ἀγέννητον,
1555 951 1648 986 ὅμοιον
1676 952 1705 978 ὲν
1730 951 1898 987 ἀμφοτέροις

1105 995 1261 1030 λεγόμενον,
1274 995 1321 1022 καὶ
1332 995 1424 1031 ἕτερον
1440 995 1585 1031 νοούμενον
1611 997 1677 1032 παρ’
1690 996 1829 1032 ἑκάτερον,
1845 997 1897 1023 πό-

1106 1041 1152 1068 Θεν
1165 1043 1193 1068 ὲν
1204 1042 1294 1074 αὐτοῖς
1309 1042 1436 1077 ὲγένετο;
1457 1043 1488 1069 Εἰ
1515 1042 1564 1078 μὲν
1587 1042 1642 1078 γὰρ
1669 1043 1734 1073 αὐτὸ
1750 1043 1897 1078 ἀγέννητόν

1106 1089 1179 1114 ἐστιν
1192 1089 1206 1114 ὁ
1225 1088 1301 1121 Θεὸς,
1316 1089 1363 1115 καὶ
1373 1089 1450 1115 οὐσία
1466 1089 1540 1115 ἐστὶν
1555 1088 1694 1121 αὺτοῦ,ὠς
1704 1089 1736 1116 ἃν
1749 1089 1823 1116 εἴποι
1840 1098 1895 1121 τις,

1106 1136 1122 1171 ἡ
1135 1135 1292 1171 ἀγεννησίει⁹
1303 1135 1352 1162 οὺχ
1365 1135 1398 1162 ἂν
1409 1135 1553 1170 ἀγέννητον
1565 1135 1608 1171 εἴη
1619 1136 1634 1170 ἠ
1647 1135 1707 1171 ὓλη-
1719 1136 1748 1162 οὐ
1764 1136 1817 1172 γὰρ
1831 1136 1899 1162 ταῦ.

265 1180 374 1208 tandem
387 1181 414 1208 in
433 1181 467 1208 iis
484 1181 574 1208 locum
590 1181 706 1208 habuit?
732 1180 759 1208 Si
775 1181 846 1208 enim
873 1180 937 1208 illud
964 1180 1051 1215 ipsum

1104 1183 1149 1209 τόν
1164 1184 1238 1209 ἐστιν
1253 1184 1269 1218 ἡ
1287 1183 1337 1219 ὕλη
1350 1184 1397 1210 καὶ
1408 1184 1422 1210 ὁ
1433 1183 1509 1214 Θεός·
1520 1183 1583 1211 εἰδὲ
1599 1184 1727 1220 ἑκάτερον
1741 1185 1791 1219 μὲν
1808 1184 1895 1217 ἔστιν,

264 1227 336 1262 quod
352 1232 412 1254 ortu
428 1232 513 1260 caret,
530 1227 601 1255 Deus
620 1233 672 1259 est,
689 1228 812 1262 ipsaque,
829 1232 859 1254 ut
882 1227 917 1254 ita
945 1227 1033 1254 dicam
1044 1246 1051 1258 ,

265 1278 342 1301 ortus
356 1274 474 1308 negatio,
491 1274 582 1301 divina
599 1275 717 1302 essentia
741 1279 800 1307 est;
828 1282 883 1301 non
906 1273 963 1308 jam
982 1274 1053 1300 idem

264 1319 371 1354 ipsum,
393 1321 465 1355 quod
497 1325 557 1348 ortu
597 1325 687 1353 caret,
714 1321 827 1348 materia
864 1320 963 1353 fuerit,
990 1328 1052 1347 cum

264 1365 336 1393 Deus
358 1371 385 1393 et
413 1366 525 1394 materia
552 1375 636 1394 unum
654 1367 780 1402 idemque
807 1375 860 1394 non
879 1366 962 1402 33E,
987 1367 1051 1394 sint.

266 1411 314 1438 Sin
331 1416 421 1439 autem
437 1417 582 1448 utrumque
597 1413 726 1446 dixerint,
742 1413 768 1440 id
781 1413 892 1448 quidem
908 1421 968 1441 esse
990 1421 1054 1449 pro-

263 1458 322 1492 prie
334 1458 405 1493 quod
418 1463 469 1491 est,
484 1462 626 1487 materiam
643 1459 766 1487 videlicet
786 1464 868 1494 atque
881 1459 966 1487 Deum
977 1480 985 1493 ,
1007 1467 1052 1487 or-

263 1508 308 1531 tus
323 1509 412 1531 tamen
429 1505 599 1540 negationem
616 1505 749 1534 ambobus
777 1505 940 1532 convenire:
962 1505 1053 1532 mani-

262 1550 329 1577 feste
346 1550 490 1585 sequitur,
521 1552 593 1579 aliud
619 1551 758 1586 quidpiam
789 1556 887 1586 praeter
905 1556 1053 1587 utrumque

262 1595 429 1630 ponendum.
446 1597 518 1631 quod
534 1597 673 1631 antiquius
686 1604 718 1624 ac
734 1597 860 1631 superius
872 1602 989 1632 utroque
1003 1598 1049 1625 sit.

260 1640 321 1668 Jam
338 1642 485 1676 quominus
500 1650 547 1677 per
561 1650 622 1670 sese
637 1643 718 1670 ambo
743 1643 824 1670 simul
843 1651 905 1670 esse
928 1644 1051 1678 possint,

262 1687 319 1714 imo
333 1688 480 1722 quominus
494 1695 508 1716 e
523 1689 632 1716 duobus
651 1689 778 1722 alterum,
794 1690 845 1716 hoc
861 1694 903 1716 est
925 1689 1050 1721 materia,

261 1739 323 1760 esse
340 1740 388 1767 per
401 1741 461 1761 sese
473 1739 564 1768 queat,
579 1735 621 1762 vel
636 1735 694 1769 ipsa
719 1735 833 1763 rationis
847 1739 874 1763 et
887 1735 1051 1764 conditionis

261 1780 405 1814 utriusque
420 1779 564 1807 diversitas
579 1788 692 1815 prorsus
709 1781 850 1816 impediat.
864 1781 973 1816 Alioqui
985 1789 1052 1810 cau-

261 1832 319 1851 sam
335 1825 372 1852 illi
390 1833 456 1852 sane
472 1826 595 1858 ailerant.
610 1828 786 1862 quamobrem
809 1835 870 1855 cum
891 1832 953 1854 ortu
970 1828 1050 1855 ambo

260 1876 383 1904 careant,
398 1871 469 1899 Deus
480 1873 588 1909 quidem
602 1881 652 1900 nec
669 1874 724 1908 pati
739 1874 887 1909 quidquam
919 1881 970 1901 nec
984 1882 1046 1902 mu-

260 1918 324 1952 tari,
347 1926 398 1945 nec
422 1919 523 1946 moveri
540 1920 642 1954 possit,
661 1919 786 1954 idemque
817 1919 900 1946 simul
913 1920 1048 1948 efﬁciendi

259 1965 313 1991 vim
331 1964 442 1997 habeat;
459 1965 571 1992 materia
592 1972 655 1992 vero
672 1965 808 1992 contraria
835 1965 931 1992 subeat
945 1966 1048 1999 omnia,

259 2009 360 2044 quippe
376 2018 436 2044 quae
459 2011 514 2045 pati
537 2011 692 2045 mutarique
715 2011 812 2046 possit,
827 2011 1003 2044 inconstans,
1021 2016 1048 2039 et

260 2056 402 2090 multiplici
418 2057 624 2091 contigurationi
643 2057 770 2084 obnoxia.
786 2057 846 2084 .lam
867 2058 914 2092 qui
939 2058 1047 2085 tandem

259 2101 329 2128 inter
347 2109 407 2128 sese
423 2102 504 2129 ambo
518 2107 571 2129 tam
588 2108 648 2138 apte
659 2104 864 2130 convenerunt?
879 2103 975 2131 Utrum
988 2111 1049 2131 sese

259 2146 330 2173 Deus
346 2148 377 2174 ad
396 2147 514 2174 materiae
530 2152 654 2174 naturam
681 2149 891 2177 accommodans
903 2170 911 2181 ,
932 2149 972 2177 sic
987 2158 1046 2177 eam

258 2193 367 2220 demum
393 2193 560 2221 elaboravit?
588 2194 622 2221 At
646 2194 766 2230 ineptum
796 2195 877 2222 fuerit
907 2197 1046 2230 cogitare,

259 2238 355 2272 Deum,
372 2239 411 2266 uti
432 2239 557 2267 homines
569 2240 650 2275 vulgo
674 2240 772 2273 solent,
789 2245 837 2267 aut
854 2248 887 2268 ex
900 2249 967 2268 auro
983 2249 1048 2269 con-

258 2285 333 2316 ﬂare,
347 2289 393 2311 aut
413 2284 515 2319 lapides
528 2285 572 2312 vel
587 2286 700 2319 cmdere,
716 2287 757 2314 vel
773 2287 918 2319 collocare,
935 2291 982 2314 aut
998 2295 1047 2322 pro

258 2334 418 2357 cteterarum
440 2331 540 2358 artium
555 2332 696 2364 varietate,
714 2332 813 2367 quibus
828 2333 937 2360 diversa
959 2339 1046 2360 mate—

257 2377 304 2404 ria:
329 2384 428 2412 genera
456 2377 568 2413 ﬁgurari
586 2377 810 2413 conformarique
830 2384 961 2414 possunt,
979 2387 1048 2414 opus

1105 1229 1174 1265 ὅπερ
1191 1229 1265 1256 ἐστὶν
1284 1230 1300 1265 ἡ
1317 1230 1367 1264 ὕλη
1389 1230 1437 1257 καὶ
1459 1231 1474 1257 ὁ
1489 1230 1564 1261 Θεὸς,
1586 1230 1716 1266 πρόσεστι
1729 1230 1757 1257 δὲ
1771 1230 1895 1266 ἀμφοτέ-

1106 1284 1162 1311 ροις
1178 1276 1208 1302 τὸ
1220 1276 1376 1312 ἀγέννητον,
1391 1277 1480 1311 δῆλον,
1493 1277 1530 1308 ὡς
1555 1276 1648 1312 ἕτερόν
1665 1278 1738 1303 ἐστιν
1751 1277 1895 1313 ἑκατέρου.

1104 1321 1151 1348 καὶ
1163 1322 1325 1358 ἀμφοτέρων
1341 1323 1525 1359 πρεσϐύτερόν
1541 1332 1570 1350 τε
1592 1324 1638 1350 καὶ
1653 1323 1791 1358 ἀνωτέρω.
1815 1324 1896 1350 Ἀνα-

1103 1369 1236 1404 τρεπτικὴ
1252 1369 1279 1395 δὲ
1291 1369 1438 1401 παντελῶς,
1455 1369 1502 1396 καὶ
1526 1370 1572 1396 τοῦ
1595 1369 1681 1396 ταῦτα
1700 1369 1894 1405 συνυπάρχειν,

1104 1414 1244 1449 μᾶλλονδὲ
1255 1415 1332 1442 τοῦτο
1345 1415 1438 1451 ἓτερον
1456 1415 1546 1442 αὐτῶν
1574 1416 1623 1450 τὴν
1643 1416 1708 1451 ὓλην
1734 1415 1776 1451 ἐφ’
1793 1416 1894 1451 ἑαυτῆς

1103 1459 1247 1494 ὑπάρχειν,
1261 1460 1308 1486 καὶ
1323 1461 1338 1495 ἡ
1356 1461 1405 1495 τῆς
1421 1460 1545 1492 ἐναντίας
1554 1460 1637 1492 ἕξεως
1651 1460 1777 1495 διαφορά.
1807 1459 1895 1486 Εἰπὰ-

1103 1515 1193 1534 τωσαν
1206 1506 1260 1542 γὰρ
1273 1507 1322 1542 τὴν
1335 1507 1436 1540 αἰτίαν,
1450 1507 1483 1533 δι’
1497 1506 1529 1542 ἦν
1539 1507 1702 1542 ἀμφοτέρων
1715 1507 1799 1533 ὅντων
1813 1506 1896 1540 ἀγεν-

1103 1552 1202 1588 νήτων,
1224 1553 1238 1579 ὁ
1253 1552 1303 1587 μὲν
1313 1551 1380 1584 Θεὸς
1394 1551 1513 1588 ἀπαθὴς,
1533 1552 1677 1588 ἄτρεπτος,
1695 1552 1831 1587 ἀκίνητος,
1846 1553 1895 1587 ἔρα

1103 1599 1273 1634 γαστικδς,ἠ
1290 1599 1319 1625 δὲ
1343 1599 1377 1626 τὰ
1394 1599 1513 1630 ἐναντία,
1531 1598 1650 1634 παθητὴ,
1673 1598 1788 1634 τρεπτὴ,
1807 1598 1894 1625 ἄστα-

1101 1653 1158 1677 τος,
1174 1644 1401 1680 μετα-ποιουμένη.
1418 1644 1474 1670 Καὶ
1490 1642 1547 1674 πῶς
1565 1643 1689 1678 ἥρμοσαν
1705 1642 1752 1669 καὶ
1767 1641 1896 1677 συνέδρα-

1103 1699 1171 1726 μον;
1190 1690 1308 1726 Πότερον
1321 1690 1392 1717 κατὰ
1406 1690 1456 1725 τὴν
1471 1691 1519 1725 τῆς
1534 1689 1599 1725 ὓλης
1628 1689 1708 1724 φύσιν
1721 1687 1896 1720 gemmam;

1102 1736 1198 1763 ἑαυτὸν
1210 1736 1394 1772 ἐτεχνίτευσεν
1406 1735 1490 1770 αὐτὴν
1502 1736 1516 1762 ὁ
1544 1735 1627 1767 Θεὸς;
1664 1734 1745 1761 Ἀλλὰ
1768 1734 1848 1760 τοῦτό
1861 1743 1894 1768 γε

1102 1782 1212 1815 ἄτοπον,
1228 1783 1328 1818 ὁμοιως
1350 1781 1504 1817 ἀνθρώποις
1529 1782 1686 1817 χρυσοχοείν
1714 1781 1761 1807 καὶ
1788 1780 1896 1816 λιθουρ-

1101 1829 1170 1862 γεῖν,
1189 1829 1235 1854 καὶ
1250 1828 1321 1854 κατὰ
1335 1827 1384 1858 τὰς
1395 1827 1478 1858 ἄλλας
1496 1827 1604 1862 τέχνας,
1624 1827 1688 1858 ὅσας
1702 1827 1730 1853 αἱ
1753 1826 1813 1853 ὕλαι
1826 1835 1895 1862 μορ-

1102 1873 1218 1909 φοῦσοαι
1231 1874 1278 1901 καὶ
1293 1873 1442 1900 τυποῦσθαι
1469 1873 1607 1905 δύνανται,
1632 1874 1824 1909 χειροκμητεῖν
1849 1873 1896 1899 τὶν

1101 1919 1176 1947 Θεόν.
1195 1918 1226 1945 Εἰ
1237 1918 1265 1945 δὲ
1281 1919 1340 1945 οἵαν
1352 1918 1433 1949 αὐτὸς
1446 1917 1570 1945 ἐϐούλετο
1590 1918 1659 1944 κατὰ
1673 1917 1721 1952 τὴν
1734 1916 1833 1943 ἑαυτοῦ
1848 1925 1895 1942 σο·-

1101 1965 1164 2000 φίαν
1193 1965 1303 2000 ἐποίησε
1327 1964 1376 2000 τὴν
1391 1963 1467 1999 ὓλην,
1493 1963 1524 1990 τὸ
1549 1963 1721 1999 πολύμορφον
1742 1962 1788 1989 καὶ
1820 1969 1899 1996 παμο

1101 2010 1221 2038 ποίκιλον
1233 2012 1283 2046 τῆς
1292 2009 1472 2046 δημιουργίας
1497 2009 1593 2036 ἑαυτοῦ
1623 2010 1715 2044 σχῆμα
1740 2008 1787 2035 καὶ
1808 2008 1895 2034 τύπον

1101 2054 1352 2091 ὲνσφραγιζόμενος
1378 2055 1456 2090 αὐτῇ,
1473 2055 1521 2081 καὶ
1534 2053 1656 2090 εὓφημος
1671 2054 1717 2081 καὶ
1731 2053 1834 2089 ἀληθὴς
1848 2051 1895 2080 οἷα-

1100 2109 1146 2132 τος
1156 2102 1170 2127 ὀ
1181 2100 1268 2134 λόγος,
1285 2101 1331 2127 καὶ
1347 2100 1458 2136 προσέτι
1471 2100 1517 2127 καὶ
1526 2100 1574 2136 τὴν
1591 2100 1739 2128 ὑπόστασιν
1755 2100 1808 2126 τῶν
1826 2099 1896 2127 ὅλων

1101 2147 1146 2174 τὸν
1157 2146 1224 2173 θεὸν
1241 2146 1388 2181 ἀγέννητον
1419 2143 1489 2173 ιῖναι
1511 2144 1650 2182 κρατύνειζ
1679 2145 1724 2181 Τῷ
1752 2145 1807 2181 γὰρ
1824 2143 1895 2172 εἶναι

1101 2193 1260 2228 ἀγέννητον,
1281 2192 1339 2227 ἅμα
1351 2192 1398 2218 καὶ
1419 2193 1502 2224 τόπος
1512 2191 1581 2219 εἶναι
1595 2193 1728 2228 προσῆψε.
1745 2193 1831 2224 Πολὺς
1843 2192 1895 2228 μὲν

1100 2237 1148 2266 οὖν
1162 2239 1209 2265 καὶ
1225 2239 1294 2274 πρὸς
1309 2238 1419 2270 τούτους
1436 2239 1450 2264 ὁ
1462 2238 1551 2272 λόγος,
1567 2238 1624 2265 ἀλλ’
1640 2239 1670 2264 οὐ
1681 2238 1729 2264 νῦν
1746 2239 1811 2273 ἡμῖν
1825 2238 1895 2273 πρό-

1101 2295 1199 2313 κειται.
1219 2286 1364 2322 Συγκρίσει
1390 2285 1418 2311 δὲ
1440 2286 1472 2319 τῇ
1489 2285 1558 2320 πρὸς
1582 2286 1645 2316 τοὺς
1661 2283 1831 2316 ἀθεωτάτους
1843 2292 1895 2311 πο-

1101 2333 1211 2364 λυθέους
1222 2332 1403 2368 εὐφημότερον.
1415 2329 1497 2360 οὗτοι.
1514 2341 1523 2358 ι
1537 2331 1628 2358 Ταῦτα
1645 2333 1693 2367 μὲν
1712 2330 1759 2358 οὖν
1776 2331 1824 2358 καὶ
1838 2331 1895 2357 ἀπὸ

1101 2380 1155 2407 τῶν
1168 2380 1316 2407 Διονυσίου.
1335 2380 1390 2406 Καὶ
1403 2379 1458 2408 τῶν
1483 2380 1636 2415 Ὠριγένους
1649 2379 1676 2406 δὲ
1691 2379 1781 2406 ἄκουε.

257 2424 438 2460 quodcunque
472 2425 573 2453 moliri.
605 2425 653 2453 Sin
681 2427 838 2461 materiam,
863 2433 945 2462 prout
968 2428 1027 2463 ipse
1049 2429 1150 2462 voluit,
1172 2429 1286 2463 ejusque
1308 2428 1440 2463 sapientia
1457 2428 1621 2463 postulabat,
1639 2428 1750 2455 ﬁnxisse
1776 2427 1894 2463 dicetur,

256 2478 372 2506 eamque
386 2473 469 2501 variis
492 2481 524 2501 ac
538 2474 736 2509 multiplicibus
758 2475 826 2502 artis
856 2475 1058 2510 molitionisque
1077 2483 1134 2503 suae
1159 2475 1255 2502 formis
1269 2475 1455 2510 cousignasse,
1468 2475 1535 2502 bene
1547 2475 1667 2502 ominata
1692 2478 1765 2502 certe
1781 2475 1892 2509 quidem

257 2525 375 2552 veraque
391 2519 449 2546 haec
475 2520 562 2547 oratio
592 2520 689 2553 fuerit,
717 2526 798 2556 atque
821 2521 955 2553 eiusmodi
970 2542 977 2554 ,
1005 2530 1066 2556 quae
1084 2526 1213 2556 przeterca
1243 2520 1344 2554 Deum,
1369 2521 1415 2556 qui
1439 2521 1523 2549 totius
1553 2520 1673 2548 universi
1693 2521 1746 2548 vita
1767 2521 1894 2555 quaedam

256 2569 284 2591 et
297 2564 502 2593 fundamentum
527 2571 586 2598 est,
615 2571 691 2594 ortus
717 2568 808 2594 omnis
830 2573 968 2603 expertem
985 2576 1046 2596 esse
1063 2568 1215 2595 confirmet.
1234 2567 1300 2594 Nam
1312 2575 1374 2594 cum
1405 2568 1450 2595 illa
1471 2573 1548 2595 ortus
1575 2568 1728 2603 negatione,
1752 2569 1893 2603 propriam

257 2614 369 2648 insuper
396 2615 528 2642 existendi
553 2616 684 2642 rationem
718 2616 869 2651 coniungit.
893 2616 1027 2644 Caeterum
1047 2617 1133 2644 multa
1153 2616 1263 2651 quidem
1284 2615 1414 2644 adversus
1433 2616 1458 2643 id
1472 2616 1613 2643 hominum
1642 2624 1727 2651 genus
1749 2616 1802 2643 dici
1834 2624 1895 2647 pos-

256 2666 330 2698 sent,
344 2670 439 2692 verum
464 2663 575 2691 alterius
599 2664 651 2691 luci
669 2665 726 2691 haec
740 2665 888 2700 disputatio
910 2665 1001 2692 fuerit.
1017 2665 1046 2692 Si
1067 2669 1154 2692 tamen
1169 2664 1212 2692 isti
1229 2671 1291 2691 cum
1303 2664 1506 2691 scelestissimis
1521 2668 1560 2691 tot
1582 2665 1695 2691 deorum
1720 2664 1894 2692 fabricatori-

257 2710 309 2743 bus
321 2710 508 2744 conferantur,
525 2713 616 2740 minus
630 2713 713 2747 impie
726 2714 800 2748 loqui
816 2714 1010 2742 censebuntur.
1033 2723 1042 2740 ι
1065 2713 1202 2742 Hactenus
1219 2712 1374 2748 Dionysius.
1390 2711 1478 2740 Verba
1501 2721 1573 2740 nunc
1592 2712 1718 2747 Origenis
1732 2713 1836 2748 accipe.

554 2771 670 2800 CAPUT
690 2772 749 2799 XX.

1372 2771 1568 2798 ΚΕΦΛΛΔῙΟΝ
1585 2771 1626 2798 κ’.

274 2815 314 2848 De
329 2816 429 2850 eodem,
444 2825 476 2844 ea:
496 2817 617 2853 Ortgem's
640 2819 667 2847 in
687 2819 796 2847 Genesin
814 2819 1028 2849 Commentariis.

1103 2817 1169 2851 Περὶ
1197 2817 1250 2845 τοῦ
1283 2817 1376 2845 αὐτοῦ
1493 2817 1552 2844 τῶν
1575 2816 1740 2851 Ὠριγένους
1763 2817 1807 2849 εἷς
1836 2817 1892 2850 τὴν

1462 2860 1556 2879 νεσιν.

1462 2860 1556 2880 νεσιν.

296 2902 306 2926 1
324 2892 353 2922 Si
367 2895 512 2936 quispiam,
532 2895 637 2936 inquit,
665 2903 698 2928 eo
712 2897 740 2924 in
766 2905 857 2926 errore
876 2898 1043 2933 versabitur,

1137 2909 1145 2926 ι
1168 2899 1197 2925 Εἰ
1221 2899 1251 2926 δέ
1279 2907 1331 2925 τινι
1349 2897 1515 2934 προσκόπτει
1545 2897 1589 2924 διὰ
1615 2897 1677 2929 τοὺς
1704 2895 1889 2932 ἀνθρωπίνους
