2070 3206
157 146 210 176 565

740 145 901 173 ΡΒΑΞΡΔΒ.
923 145 1050 173 EVANG.
1069 144 1134 172 LIB.
1154 145 1212 173 νη.

1736 147 1789 176 5G6

153 204 279 241 τεχνίτας
297 204 334 240 μὴ
349 203 476 230 δύνασθαι
498 203 701 240 παραδέξασθαι
725 205 770 231 τὸν
784 205 851 231 Θεὸν
863 205 946 242 χωρὶς

1000 209 1029 232 ut
1042 204 1077 232 de
1105 205 1241 233 artiﬁcum
1254 208 1410 231 nostrorum
1428 211 1505 231 more
1519 203 1651 238 cogitans,
1670 204 1788 233 dandum

155 251 221 286 ὕλης
230 250 378 285 ἀγεννήτου
393 249 576 284 ὑποκειμένης
599 249 812 282 κατασκευάζειν
826 250 859 276 τὰ
873 251 947 282 ὄντα,

155 297 216 324 ἐπεὶ
244 296 311 332 μηδὲ
336 295 552 331 ἀνδριαντοποιὸς
581 296 664 331 χωρὶς
693 295 791 330 χαλκοῦ
820 296 851 322 τὸ
885 296 949 323 ἴδιον

155 341 235 377 ἔργον
262 342 374 375 ποιῆσαι
399 340 520 372 δύναται,
551 340 618 375 μηδὲ
654 340 757 367 τέκτων
784 341 868 376 χωρὶς
905 340 949 373 ξύ-

155 387 219 418 λων,
243 386 311 422 μηδὲ
334 386 472 421 οἰκοδόμος
498 387 582 422 χωρὶς
602 384 699 413 λίθων·
728 387 857 422 ζητητέον
881 387 949 423 πρὸς

155 432 238 460 αὑτοῦ
276 433 341 468 περὶ
375 432 516 468 δυνάμεως
545 432 631 466 Θεοῦ,
668 435 703 465 εἰ,
731 433 846 469 θελήσας
884 435 950 461 ὐπο-

155 480 253 515 στῆσαι
272 479 325 505 ὅτι
341 478 492 514 βούλεταιό
521 478 596 511 Θεὸς,
623 479 673 515 τῆς
701 479 836 516 θελήσεως
866 480 947 508 αὐτοῦ

153 525 206 552 οὐκ
243 525 434 561 ἀπορουμένης
467 525 527 551 οὐδὲ
554 525 720 561 ἀτονούσης,
749 526 861 553 δύναται
887 528 950 554 ὑπο-

155 572 255 607 στῆσαι
270 571 285 598 ὃ
300 570 432 606 βούλεται.
448 568 484 607 τῼ
497 570 550 607 γὰρ
561 572 632 607 λόγῳ
645 572 694 604 τὰς
707 572 852 608 ποιότητας
867 573 949 608 (κατὰ

155 618 261 650 πάντας
277 618 339 649 τοὺς
349 617 481 653 Πρόνοιαν
496 617 654 651 εἰσάγοντας
665 618 703 653 τῷ
715 619 771 654 ἰδίῳ
786 619 879 654 λόγῳ,)
897 619 948 646 οὐκ

153 662 251 694 οὔσας,
267 663 305 694 ὡς
322 662 456 697 βούλεται,
472 664 511 694 εἰς
526 663 705 700 διακόσμησιν
716 663 764 690 τοῦ
779 665 879 697 παντὸς
902 665 949 700 ὑφ-

155 709 249 745 εστησι
268 710 300 745 τῇ
315 709 409 744 ἀφάτῳ
420 709 503 736 αὑτοῦ
522 709 633 745 δυνάμει
645 711 692 737 καὶ
704 711 794 746 σοφία,
811 711 897 746 τούτῳ
910 711 948 747 τῷ

153 755 237 791 λόγῳ,
252 755 300 782 καὶ
313 754 361 790 τὴν
375 755 468 782 οὐσίαν
478 755 543 791 ὅσης
559 755 665 792 χρῄζει,
682 757 760 792 ἱκανή
777 757 850 784 ἐστιν
865 758 947 785 αὐτοῦ

155 800 172 834 ὴ
189 798 315 834 βούλησις
331 800 440 834 ποιῆσαι
452 799 588 833 γενέσθαι.
613 801 801 837 Ἀπορήσομεν
814 803 869 838 (88)
894 803 948 839 γὰρ

155 845 225 881 πρὸς
235 846 299 876 τοὺς
313 845 343 871 οὐ
359 844 536 880 βουλομένους
551 846 627 873 ταῦθ’
649 847 736 880 οὕτως
751 848 834 884 ἔχειν,
860 849 884 875 εἰ
910 850 947 885 μὴ

155 890 299 917 ἀκολουθεῖ
310 890 401 921 αὐτοῖς
426 890 605 926 εὐτυχηκέναι
627 892 673 919 τδν
695 892 771 925 Θεὸν,
800 893 948 929 ἀγέννητον

155 937 271 973 εὑρόντα
283 937 332 973 τὴν
355 937 458 969 οὐσίαν,
478 937 520 972 ἣν,
537 939 560 964 εἰ
582 938 619 974 μὴ
646 939 676 965 τὸ
707 939 854 976 ἀγέννητον
875 940 949 976 αὐτῷ

156 983 343 1019 ὑποῦεὸληκδς
356 981 400 1019 ἦν,
432 984 509 1010 οὐδὲν
532 984 611 1020 ἔργον
639 985 749 1017 δυνατὸς
775 986 808 1022 ἦν
827 988 947 1022 ποιῆσαι,

155 1030 213 1056 ἀλλ’
228 1030 325 1065 ἔμενεν
336 1030 366 1056 οὐ
378 1030 554 1066 δημιουργὸς,
570 1032 598 1057 οὺ
609 1031 712 1068 Πατὴρ,
725 1033 775 1058 οὐκ
791 1033 948 1068 εὐεργέτης,

155 1077 206 1104 οὐκ
220 1077 332 1111 ἀγαθὸς,
347 1077 396 1104 οὐκ
406 1077 469 1104 ἄλλο
484 1086 511 1104 τι
524 1078 578 1104 τῶν
592 1078 708 1113 εὐλόγως
720 1079 873 1114 λεγομένων
885 1080 950 1115 περ)⁵

155 1123 234 1149 Θεοῦ.
246 1123 331 1150 Πόθεν
344 1123 372 1150 δὲ
389 1124 435 1150 καὶ
451 1124 481 1151 τὸ
507 1127 616 1160 μετρεῖν
637 1127 687 1161 τῆς
710 1126 891 1162 ὑποκειμένης
904 1127 950 1153 οὐ-

157 1169 218 1201 σίας
233 1169 263 1196 τὸ
279 1169 397 1202 τοσόνδε,
414 1170 451 1201 ὼς
461 1170 603 1206 διαρκέσαι
625 1173 656 1207 τῇ
673 1171 832 1206 τηλικούτου
845 1172 948 1208 κόσμου

157 1214 305 1241 ὑποστάσει
316 1223 323 1246 ;
336 1215 423 1242 Οἱονεὶ
434 1216 487 1251 γὰρ
502 1216 618 1251 Πρόνοια
637 1225 679 1248 τις
695 1217 866 1252 πρεσϐυτέρα
882 1217 949 1244 Θεοῦ

158 1261 315 1294 ἀναγκαίως
329 1261 378 1296 τὴν
410 1260 475 1296 ὕλην
506 1260 582 1287 ἔσται
603 1262 805 1298 ὑποϐεϐληκυία
817 1262 856 1297 τῷ
878 1262 948 1298 Θεῷ,

158 1306 344 1342 προνοουμένη
358 1307 407 1342 τὴν
419 1307 516 1342 τέχνην
532 1307 581 1342 τὴν
595 1307 800 1344 ἐνυπάρχουσαν
818 1306 891 1344 αὗτῷ
913 1308 950 1344 μὴ

159 1353 355 1388 κενοπαθῆσαι,
369 1354 418 1380 οὐκ
433 1353 515 1389 οὔσης
527 1355 629 1386 οὐσίας,
693 1355 821 1390 ὁμιλῆσαι
835 1355 951 1391 δυνάμε-

159 1406 203 1430 νος
216 1399 408 1434 κατεκόσμησε
433 1399 463 1425 τὸ
479 1400 637 1435 τηλικοῦτον
654 1401 756 1436 κόσμου
783 1401 889 1433 κάλλος.
902 1402 950 1428 Πό-

159 1443 204 1470 θεν
218 1444 247 1470 δὲ
263 1445 310 1471 καὶ
323 1444 434 1480 δεκτικὴ
458 1445 601 1480 γεγένηται
623 1446 712 1481 πάσης
733 1444 766 1482 ἦς
797 1446 920 1481 βούλεται
936 1448 951 1474 ό

159 1489 226 1522 Θεὸς
246 1491 397 1526 ποιότητος,
416 1492 453 1526 μὴ
466 1492 548 1518 αὑτοῦ
561 1492 607 1518 τοῦ
621 1492 688 1519 Θεοῦ
703 1492 792 1528 ἑαυτῷ
816 1493 949 1529 τοσαύτην

159 1537 206 1563 καὶ
233 1536 361 1572 τοιαύτην
388 1538 559 1572 ποιήσαντος,
587 1539 681 1566 ὁποίαν
707 1539 778 1575 ἔχειν
805 1540 948 1574 ὲ6ούλετο;
964 1558 985 1588 C

159 1582 228 1609 Καθ’
242 1582 371 1609 ὑπόθεσιν
387 1583 452 1617 γοῦν
464 1584 658 1619 ἀποδεξάμενοι
679 1585 710 1611 τὸ
724 1585 869 1621 ἀγέννητον
881 1584 949 1613 εἶναι

158 1627 208 1664 τὴν
222 1628 299 1664 ὓλην,
310 1628 395 1655 ταῦτα
412 1628 528 1665 ἐροῦμεν
545 1630 613 1665 πρὸς
638 1630 701 1663 τοὺς
722 1631 801 1657 τοῦτο
823 1631 950 1666 βουλομέ-

160 1683 231 1707 νους·
245 1675 296 1707 ὅτι,
312 1675 347 1707 et,
364 1675 495 1710 Προνοίας
511 1676 559 1711 οὐχ
575 1677 776 1713 ὑποϐαλλούσης
791 1677 839 1713 τὴν
858 1677 950 1704 οὐσίαν

159 1719 199 1755 τῷ
208 1719 397 1755 Θεῷ,τοιαὺτη
409 1721 564 1756 γεγένηται,
578 1723 601 1747 εἰ
616 1721 730 1756 Πρόνοια
741 1719 775 1757 ἦν
790 1721 932 1756 ὑφεστῶσα
942 1742 949 1754 ,

159 1765 185 1792 τί
200 1767 234 1792 ἂν
248 1766 330 1793 πλέον
342 1768 487 1802 πεποιήκει
503 1767 548 1793 τοῦ
572 1768 723 1803 αὐτομάτου
735 1777 741 1801 ;
756 1768 811 1794 Καὶ
821 1769 845 1795 εἰ
858 1768 949 1800 αὐτὸς,

161 1812 199 1847 μὴ
213 1811 297 1847 οὔσης
310 1812 386 1848 ὕλης,
399 1813 523 1840 ἐϐούλετο
546 1815 749 1841 κατασκευάσαι
768 1815 862 1851 αὐτὴν,
874 1815 900 1842 τί
918 1815 951 1842 ἂν

160 1858 240 1885 πλέον
254 1859 269 1893 ἡ
283 1858 373 1893 σοφία,
402 1859 447 1884 καὶ
465 1859 480 1893 ἡ
499 1858 604 1894 Θειότης
630 1859 712 1886 αὑτοῦ
730 1860 883 1895 πεποιήκει,
902 1859 950 1886 τοῦ

159 1904 189 1938 ἐξ
204 1905 351 1939 ἁγεννήτου
372 1905 553 1937 ὑποστάντος;
572 1905 602 1930 Εἰ
616 1906 670 1940 γὰρ
682 1906 837 1942 εὑρίσκεται
853 1905 950 1933 ταύτὸν

159 1951 306 1987 γενόμενον
320 1953 353 1978 ἂν
368 1952 420 1979 ὑπὸ
433 1952 482 1987 τῆς
492 1952 634 1985 Προνοίας,
651 1952 718 1987 ὅπερ
729 1952 776 1978 καὶ
790 1952 874 1988 χωρὶς
884 1961 950 1987 προ-

159 1997 235 2030 νοίας
248 1998 363 2034 ὑπέστη,
379 1999 422 2025 διὰ
435 1998 460 2024 τί
474 1998 534 2033 οὐχὶ
549 1998 596 2024 καὶ
607 1998 654 2024 ἐπὶ
670 1997 716 2024 τοῦ
736 1997 838 2033 κόσμου
852 1998 951 2034 ἀθετή-

159 2052 244 2079 σομεν
259 2044 304 2071 τὸν
318 2044 482 2080 δημιουργὸν
499 2045 544 2070 καὶ
564 2044 609 2071 τὸν
622 2044 745 2079 τεχνίτην
757 2052 764 2075 ;
778 2043 881 2078 Ὥσπερ
897 2043 950 2080 γὰρ

159 2091 260 2118 ἄτοπον
274 2090 320 2117 ἐπὶ
341 2090 387 2116 τοῦ
412 2090 514 2126 κόσμου
538 2091 624 2116 εἰπεῖν
637 2090 708 2116 οὕτω
727 2089 858 2125 τεχνικῶς
884 2098 950 2116 κατ-

159 2136 363 2172 εσκευασμένου
377 2136 406 2163 τὸ
420 2137 505 2172 χωρὶς
519 2137 640 2171 τεχνίτου
654 2135 735 2170 σοφοῦ
745 2136 789 2161 τὸν
798 2135 951 2162 αὑτοτοιοῦ-

158 2190 205 2208 τον
214 2182 365 2216 γεγονέναι,
377 2181 448 2208 οὕτω
466 2181 512 2208 καὶ
537 2181 567 2207 τὺ
587 2182 635 2216 τὴν
658 2180 724 2216 ὕλην
743 2180 877 2215 τοσαύτην
904 2181 951 2206 καὶ

999 259 1060 278 esse
1076 257 1165 286 neget,
1184 251 1267 278 Deum
1284 258 1326 278 res
1341 251 1484 278 universas
1497 251 1586 278 moliri
1611 260 1708 286 posse,
1735 253 1789 280 nisi

1000 298 1142 325 materiam
1163 298 1308 333 quamdam
1336 301 1397 324 ortu
1423 302 1559 325 carentem
1587 305 1642 333 pm
1663 299 1791 327 manibus

1000 343 1137 376 habuerit,
1149 350 1211 370 cum
1240 350 1328 377 neque
1350 343 1498 370 statuarius
1523 343 1626 377 absque
1643 351 1717 374 rere,
1740 351 1790 371 nec

999 388 1075 415 faber
1092 389 1225 424 lignarius
1239 389 1299 416 sine
1318 387 1409 423 lignis,
1424 395 1475 415 nec
1493 388 1658 416 architectus
1674 389 1732 416 sine
1749 389 1788 416 la-

999 435 1119 470 pidibus,
1133 435 1213 471 335
1235 438 1390 467 susceptum
1421 442 1489 470 opus
1515 434 1655 462 elaborare
1678 435 1788 469 possit:

999 481 1032 508 de
1046 485 1178 516 potestate
1191 480 1236 506 Dei
1250 479 1425 514 quaerendum
1441 487 1474 506 ex
1487 478 1533 505 illo
1548 483 1600 509 est,
1613 483 1704 506 utrum
1720 478 1790 506 Deus

999 527 1045 554 ubi
1068 525 1200 561 quidquid
1219 526 1269 560 ipsi
1284 525 1433 560 placuerit,
1450 525 1537 552 moliri
1556 525 1698 556 statuerit,
1715 521 1789 552 nulla

998 571 1154 599 diﬁicultate
1171 572 1223 598 vim
1236 571 1296 606 ejus
1310 570 1457 598 voluntatis
1479 570 1632 603 inhibente,
1655 571 1729 605 quod
1750 570 1789 597 vi—

999 624 1059 644 sum
1076 617 1126 644 sibi
1140 616 1229 648 fuerit,
1246 617 1375 651 perlicere
1397 615 1492 650 possit.
1511 615 1571 648 Qua
1595 616 1667 643 enim
1686 616 1790 644 ratione

999 664 1143 698 qualitates
1161 664 1221 690 illas
1235 663 1273 698 (id
1290 663 1362 697 quod
1374 670 1406 690 ex
1422 670 1516 690 eorum
1529 663 1652 690 omnium
1663 663 1709 698 qui
1723 663 1791 690 Pro-

999 710 1146 737 videntiam
1167 717 1228 736 esse
1251 708 1419 741 defendunt,
1447 709 1572 736 oratione
1599 709 1790 744 sententiaque

998 756 1173 790 conjunctum
1194 754 1245 790 est)
1263 763 1325 790 qua».
1341 755 1485 782 nullaedum
1515 759 1602 787 erant,
1620 755 1652 782 ad
1670 755 1791 783 universi

998 807 1136 835 ornatum,
1151 809 1201 836 pro
1216 801 1320 828 inﬁnita
1333 805 1467 836 potestate
1484 801 1671 836 sapientiaque
1688 802 1791 836 produ-

998 848 1051 875 cit:
1068 849 1162 875 eadem
1187 848 1318 881 omnino,
1344 851 1470 874 naturain
1490 848 1658 882 quamlibet,
1689 848 1712 875 si
1735 856 1789 882 qua

965 885 984 912 Β
1000 893 1069 921 forte
1087 894 1225 928 indigeat,
1253 900 1397 928 procreare
1422 894 1551 920 continuo
1580 894 1705 921 voluntas
1730 894 1790 928 ejus

1001 948 1048 975 per
1065 947 1124 968 sese
1139 940 1248 974 poterit.
1261 939 1327 966 Nam
1346 947 1500 975 quaeremus
1516 947 1548 966 ex
1563 940 1597 967 iis
1608 941 1654 974 qui
1670 948 1725 967 rem
1739 941 1791 968 hoc

1001 987 1081 1014 modo
1093 994 1122 1013 se
1137 986 1236 1013 habere
1250 986 1418 1021 negaverint,
1435 986 1566 1021 numquid
1577 994 1608 1013 ex
1622 994 1716 1013 eorum
1733 988 1791 1021 opi—

1002 1033 1083 1060 nione
1098 1040 1269 1067 consequens
1297 1033 1341 1064 sit,
1364 1033 1432 1060 belle
1448 1033 1595 1060 admodum
1612 1033 1637 1060 id
1651 1041 1684 1060 ac
1701 1033 1789 1060 fortu-

1001 1085 1064 1107 nate
1077 1079 1132 1107 Deo
1149 1080 1276 1108 cessisse.
1289 1080 1360 1115 quod
1376 1080 1402 1106 in
1424 1084 1548 1106 naturam
1566 1080 1638 1107 illam
1655 1085 1731 1107 ortus
1743 1089 1790 1107 ex-

1000 1130 1103 1160 pertem
1120 1125 1254 1158 inciderit,
1269 1133 1350 1160 quam
1372 1126 1424 1154 nisi
1443 1134 1475 1153 eo
1490 1126 1560 1160 ipso,
1577 1126 1649 1160 quod
1665 1130 1725 1153 ortu
1742 1134 1790 1153 ca-

1001 1176 1082 1205 reret,
1095 1177 1192 1200 nactus
1204 1177 1286 1205 esset,
1299 1172 1366 1199 nihil
1386 1180 1505 1207 unquam
1518 1172 1622 1200 eﬁicere
1646 1173 1789 1207 potuisset,

1000 1218 1122 1253 adeoque
1138 1223 1264 1253 perpetuo
1276 1239 1283 1250 ,
1314 1218 1448 1246 Inoliloris
1461 1238 1468 1251 ,
1493 1218 1612 1254 parentis
1626 1239 1634 1251 ,
1665 1218 1789 1253 benigni,

1001 1264 1082 1296 boni,
1106 1272 1137 1291 ac
1152 1264 1257 1291 caeteris
1273 1265 1411 1296 omnibus,
1426 1272 1487 1299 quae
1509 1272 1607 1300 magna
1626 1272 1686 1292 cum
1705 1265 1788 1291 ratio-

1001 1320 1035 1339 ne
1046 1312 1099 1339 Deo
1115 1311 1282 1343 tribuuntur,
1298 1312 1455 1340 nominibus
1463 1312 1607 1347 spoliatus.
1617 1311 1788 1346 perstitisset.

1002 1356 1103 1384 Deinde
1117 1357 1164 1391 qui
1184 1357 1240 1384 ﬁeri
1256 1356 1361 1390 potuit,
1376 1360 1406 1383 ut
1421 1356 1474 1382 vim
1491 1356 1610 1382 materiae
1622 1359 1735 1387 tantam,
1750 1355 1790 1381 sic

1001 1407 1129 1437 tanquam
1153 1403 1186 1430 ad
1207 1403 1312 1438 pondus
1337 1408 1462 1430 accurate
1477 1402 1602 1437 justeque
1617 1401 1649 1428 ad
1665 1409 1788 1428 mensam

1002 1450 1145 1481 invenerit,
1164 1458 1224 1484 quae
1237 1449 1270 1476 ad
1287 1449 1369 1484 hujus
1385 1449 1494 1484 proprie
1508 1456 1560 1476 non
1578 1448 1690 1482 majoris
1704 1448 1790 1474 mino-

1001 1495 1074 1522 risve
1094 1495 1190 1523 mundi
1218 1495 1386 1522 molitionem
1419 1494 1486 1522 satis
1515 1494 1604 1522 esset?
1637 1493 1788 1520 invehenda

1002 1541 1101 1575 quippe
1116 1541 1208 1568 nescio
1229 1548 1289 1575 quae
1301 1561 1308 1572 ,
1331 1540 1386 1567 Deo
1413 1544 1502 1567 tamen
1520 1539 1658 1574 antiquior
1670 1559 1678 1570 ,
1696 1538 1790 1565 Provi-

1001 1586 1089 1613 dentia
1107 1587 1262 1613 necessario
1274 1585 1365 1618 fuerit,
1379 1594 1441 1621 quae
1456 1586 1598 1613 materiam
1617 1585 1642 1612 ei
1666 1584 1790 1619 subjcce-

1000 1631 1046 1664 rit,
1062 1632 1126 1658 dum
1152 1631 1177 1658 id
1200 1639 1231 1658 ca
1247 1631 1400 1666 provideret
1415 1631 1441 1658 in
1465 1635 1615 1665 posterum,
1629 1637 1663 1657 ne
1679 1637 1748 1664 quas
1763 1629 1789 1655 iu

1001 1685 1060 1705 sese
1078 1678 1148 1705 Deus
1162 1678 1273 1705 haberet
1288 1678 1355 1705 artis
1371 1685 1427 1705 suae
1442 1677 1566 1704 notiones
1579 1697 1586 1710 ,
1611 1676 1695 1703 irritae
1709 1676 1789 1703 cede-

1000 1729 1071 1757 rent,
1088 1724 1176 1752 sinon
1192 1725 1252 1759 ejus
1269 1730 1374 1751 natura:
1394 1723 1471 1758 copia
1489 1723 1580 1756 ﬁeret,
1606 1723 1685 1757 cujus
1709 1729 1790 1756 opera

1001 1775 1054 1797 tam
1072 1770 1246 1798 excellentem
1263 1774 1291 1797 et
1304 1770 1431 1797 eximiam
1451 1769 1571 1796 universi
1601 1768 1718 1803 speciem
1734 1767 1791 1794 οἰὶί-

1000 1820 1084 1843 ceret.
1100 1814 1177 1842 Unde
1189 1823 1271 1850 purro
1285 1815 1311 1842 id
1325 1815 1428 1848 habuit,
1444 1819 1475 1842 ut
1493 1814 1584 1842 omnis
1599 1814 1660 1848 ejus
1672 1813 1789 1848 qualita-

1001 1860 1036 1887 tis
1048 1868 1132 1895 capax
1156 1865 1239 1893 esset,
1255 1868 1337 1894 quam
1354 1860 1440 1888 eidem
1458 1859 1614 1893 imprimere
1647 1859 1717 1886 Deus
1742 1862 1788 1886 vd-

1001 1906 1105 1938 luisset,
1121 1905 1173 1933 nisi
1186 1906 1294 1941 qualem
1311 1914 1371 1933 eam
1391 1906 1489 1933 habere
1509 1906 1565 1940 ipse
1582 1905 1682 1937 vellet.
1709 1905 1788 1932 talt-In

1001 1957 1063 1979 ante
1078 1951 1129 1979 sibi
1146 1956 1303 1986 tantamque
1323 1951 1434 1978 molitus
1451 1951 1502 1978 erit
1513 1951 1524 1977 ?
1535 1950 1594 1977 Jam
1609 1956 1635 1977 ul
1651 1951 1790 1977 nonnullis

1001 2000 1128 2027 daremus
1143 2005 1204 2026 ortu
1221 2006 1313 2026 carere
1328 1997 1469 2024 materiam
1483 2017 1491 2029 ,
1520 1997 1554 2024 iis
1574 2001 1662 2024 tamen
1679 1997 1725 2031 qui
1750 1996 1790 2023 sic

1001 2046 1159 2080 opinantur,
1173 2045 1246 2072 hunc
1262 2044 1289 2071 in
1311 2044 1420 2070 modum
1445 2043 1548 2070 instare
1573 2050 1736 2076 possemus:
1760 2040 1789 2069 Si

1001 2090 1175 2126 quantumvis
1198 2094 1323 2117 naturam
1350 2089 1422 2116 illam
1443 2088 1498 2116 Deo
1520 2088 1690 2123 providentia
1716 2087 1789 2115 nulla

1001 2137 1156 2171 subjeeerit,
1167 2136 1302 2171 ejusmodi
1315 2140 1403 2162 tamen
1427 2143 1458 2163 ea
1472 2143 1520 2170 per
1535 2143 1595 2162 sese
1615 2134 1666 2162 fuit
1680 2144 1687 2162 :
1713 2142 1789 2162 eamv

1001 2183 1061 2210 dem
1080 2183 1103 2209 si
1116 2181 1288 2209 Providentia
1304 2186 1400 2216 suopte
1413 2181 1530 2208 consilio
1545 2185 1726 2216 procreasset,
1745 2188 1790 2208 ec-

160 2228 298 2263 τοιαύτην,
311 2228 357 2254 καὶ
367 2227 452 2259 οὕτως
468 2227 590 2262 εῑκτικὴν
603 2228 642 2262 τῷ
659 2228 767 2264 τεχνίτῃ
784 2227 862 2262 Λόγῳ
884 2227 949 2254 Θεοῦ

1003 2227 1068 2262 quid
1081 2227 1197 2262 amplius
1217 2227 1286 2262 ipsa,
1299 2235 1380 2261 quam
1399 2227 1472 2261 quod
1487 2226 1599 2253 fortuito
1615 2234 1736 2261 casuque
1751 2226 1791 2254 ("a-

159 2275 343 2309 ὐφεστηκέναι
358 2274 511 2308 ἀγεννήτως
539 2274 636 2309 ἐπίσης
661 2274 734 2300 ἐστὶν
746 2274 852 2308 ἄλογον.
880 2273 951 2309 Πρὸς

162 2321 254 2357 μέντοι
269 2329 301 2355 γε
315 2321 377 2351 τοὺς
392 2319 624 2355 παραϐάλλοντας,
637 2320 676 2346 ὅτι
688 2320 774 2351 οὐδεὶς
788 2320 951 2356 δημιουργὸς

159 2367 247 2402 χωρὶς
259 2366 325 2402 ὕλης
335 2368 416 2399 ποιεῖ,
426 2366 533 2392 λεκτέον
545 2367 584 2392 ὅτι
593 2366 726 2401 ἀνομοίως
739 2366 950 2401 παραϐάλλουσι.

161 2414 279 2449 Πρόνοια
291 2413 344 2449 γὰρ
359 2414 440 2440 παντὶ
450 2413 559 2449 τεχνίτῃ
573 2413 717 2439 ὑποϐάλλει
738 2413 787 2448 τὴν
810 2412 885 2448 ὓλην,
899 2413 953 2439 ἀπὸ

161 2459 299 2494 προτέρας
312 2459 419 2494 τέχνης,
441 2458 458 2494 ἢ
473 2458 672 2494 ἀνθρωπίνηςῆ
695 2458 769 2490 θείας
792 2459 951 2495 ἐρχομένην.

162 2504 257 2532 Ταῦτα
271 2505 320 2541 μὲν
333 2502 378 2532 οὖν
397 2505 444 2531 ἐπὶ
457 2504 502 2531 τοῦ
518 2505 651 2540 παρόντος
671 2505 782 2540 ἀρκέσει
796 2505 864 2541 πρὸς
878 2506 951 2537 τοὺς,

162 2551 208 2578 διὰ
219 2551 251 2577 τὸ
262 2551 401 2585 λέγεσθαι,
419 2560 427 2576 ι
447 2551 478 2577 'H
491 2551 519 2577 δὲ
548 2551 584 2585 γῆ
607 2548 641 2586 ἦν
655 2550 770 2587 ἀόρατος
782 2551 828 2578 καὶ
849 2552 952 2578 ἀκατα-

164 2597 341 2629 undenec,»
356 2597 494 2632 οἰομένους
520 2597 668 2633 ἀγέννητον
681 2595 749 2624 εἴναι
762 2597 812 2634 τὴν
836 2606 954 2633 σωματι-

163 2642 215 2679 κὴν
228 2643 318 2678 φύσιν.
327 2653 335 2668 ι
345 2643 471 2670 Τοσαῦτα
483 2643 529 2670 καὶ
540 2641 625 2675 οὗτος.
638 2644 692 2670 Καὶ
704 2645 718 2670 ὸ
729 2644 852 2679 Ἐϐραῖος
866 2644 894 2671 δὲ
906 2644 953 2670 Φί-

162 2689 218 2716 λων
229 2690 259 2717 ὲν
270 2689 310 2724 τῷ
322 2690 392 2724 Περὶ
405 2688 459 2723 τῆς
482 2691 626 2724 Προνοίας
640 2690 706 2725 (89),
723 2690 809 2717 ταῦτα
830 2691 893 2726 περὶ
905 2690 954 2726 τῆς

166 2735 232 2772 ὗληρ
242 2736 362 2768 διέξεισι.

204 2812 258 2847 (X8)
290 2812 503 2848 Ἀπορήσομεν.
533 2812 681 2848 Ingeniosa:
717 2817 779 2840 sunt
805 2822 837 2840 ac
863 2814 956 2841 solidze

166 2845 294 2881 Origcnis
311 2845 510 2875 rationcs'istze.

204 2884 260 2919 (89)
287 2885 355 2918 Περὶ
377 2882 430 2917 τῆς
450 2885 604 2918 firm-uiue.
621 2883 679 2912 Non
697 2888 784 2912 exstat
807 2892 875 2918 opus
891 2883 955 2911 illud

1003 2280 1076 2301 ctum
1106 2273 1246 2304 videmus,
1263 2273 1416 2300 effecisset?
1432 2272 1502 2306 Quid
1529 2272 1600 2299 Deus
1623 2272 1680 2307 ipse
1705 2276 1791 2299 mate-

1003 2320 1083 2351 riam,
1102 2327 1162 2354 qua:
1186 2319 1259 2346 nulla
1275 2323 1332 2346 tum
1357 2318 1556 2356 csset,_lingerc
1576 2317 1719 2353 molirique
1733 2322 1791 2344 sta-

1005 2366 1122 2394 tuisset?
1140 2366 1238 2401 ecquid
1263 2366 1371 2393 tandem
1394 2365 1454 2400 ejus
1477 2372 1539 2392 cum
1556 2364 1706 2398 sapientia,
1733 2367 1790 2390 tum

1004 2413 1132 2441 divinitas
1146 2412 1322 2440 excellentius
1335 2432 1342 2444 ,
1358 2419 1440 2446 quam
1457 2411 1529 2446 quod
1551 2418 1584 2438 ex
1602 2414 1663 2436 ortu
1684 2414 1792 2436 carente

1003 2459 1118 2486 materia
1126 2458 1239 2487 exstitit.
1249 2457 1359 2485 molitus
1370 2456 1461 2484 esset?
1478 2455 1546 2482 Nam
1561 2455 1584 2483 si
1598 2463 1630 2482 ex
1644 2455 1792 2483 Providen-

1005 2505 1040 2532 tia
1057 2504 1126 2531 idem
1141 2504 1253 2531 omnino
1267 2502 1452 2537 profecturum
1471 2507 1527 2529 erat
1540 2523 1547 2535 ,
1568 2501 1639 2537 quod
1653 2501 1712 2529 sine
1725 2500 1793 2527 Pro-

1005 2550 1122 2578 videntia
1140 2549 1241 2578 factum
1254 2554 1304 2582 est,
1320 2549 1415 2584 quidni
1438 2557 1472 2576 ex
1490 2548 1549 2583 ipso
1566 2555 1674 2583 quoque
1691 2548 1794 2575 mumlo

1005 2601 1142 2624 auctorem
1158 2603 1266 2623 omnem
1285 2595 1470 2630 artiﬁcemque
1484 2594 1634 2623 tollamus?
1657 2593 1793 2627 Quemad-

1005 2643 1115 2669 modum
1135 2642 1206 2669 enim
1228 2641 1375 2669 absurdum
1393 2641 1485 2673 fuerit,
1512 2641 1644 2668 mundum
1660 2640 1733 2667 hunc
1749 2640 1792 2666 di-

1006 2696 1067 2716 cere
1087 2693 1141 2715 tam
1154 2688 1302 2723 eleganter,
1320 2692 1435 2722 apteque
1454 2691 1640 2715 constructum
1654 2706 1662 2718 ,
1690 2686 1794 2720 absque

1006 2735 1135 2770 sapientis
1152 2734 1264 2761 artiﬁcis
1284 2741 1366 2760 manu
1391 2733 1471 2760 talem
1499 2732 1656 2764 exstitisse,
1682 2731 1719 2759 ita
1740 2732 1794 2758 vim

1007 2812 1128 2840 Philonis
1144 2811 1180 2838 De
1193 2811 1373 2838 Providentia.
1387 2811 1521 2839 Craterum
1533 2818 1565 2838 ex
1577 2810 1629 2837 hoc
1643 2809 1795 2843 fragmento

1007 2847 1108 2875 auferri
1134 2852 1236 2882 potest,
1262 2847 1403 2873 Philonem
1422 2846 1543 2882 Platonis
1563 2854 1596 2873 ex
1622 2850 1712 2872 tuente
1729 2853 1793 2882 sen-

1008 2884 1087 2917 sisse,
1105 2880 1199 2911 rudem
1215 2887 1242 2911 et
1258 2882 1419 2915 indigestam
1444 2890 1458 2910 a
1475 2881 1531 2909 Deo
1550 2881 1670 2908 materia:
1692 2880 1791 2907 molem
