2070 3206
171 186 223 214 569

753 181 914 209 PRA'IPAR.
937 181 1062 209 EVANG.
1082 180 1146 208 LIB.
1167 179 1223 207 VII.

1739 179 1793 207 F70

171 242 292 276 scripsit,
309 241 386 277 juvat
400 249 433 269 ex
450 249 482 269 eo
508 241 637 269 nonnulla
654 240 776 276 proferre
794 247 854 275 qum
888 240 922 266 ad
939 239 1102 274 exquisitam
1127 237 1272 274 proposita:
1301 237 1459 272 quarstionis
1480 236 1702 272 disceptationem
1730 244 1782 264 con

171 290 282 318 ducant.

424 335 620 363 ΚΕΦΛΛΑΙΟΝ
637 332 700 361 KB’.

208 383 274 409 ὀτι
286 381 329 417 μὴ
341 381 502 416 ἁγέννητος
514 383 533 416 ἡ
550 382 620 416 ὕλη,
634 382 711 417 μηδὲ
726 381 826 408 κακῶν
836 381 924 408 αἰτία.

211 447 220 464 ι
236 438 297 464 Ὀτι
315 438 364 473 μὲν
377 437 504 464 ἀδύνατον
520 437 652 473 ὑπάρχειν
679 437 814 472 ἀγέννητα
830 437 876 463 δύο
890 437 958 472 ἃμα,

173 483 233 511 οὐδέ
246 492 275 510 σε
295 483 400 517 ἀγνοεῖν
426 482 536 518 νομίζω,
566 484 589 509 εἰ
606 484 652 510 καὶ
672 483 706 509 τὰ
733 482 850 518 μάλιστα
872 482 960 514 δοκεῖς

174 528 318 566 προλαϐὼν
329 528 408 555 τοῦτο
422 528 642 564 προστεθεικέναι
661 528 699 563 τῷ
715 528 796 562 λόγῳ,
811 527 841 554 τὸ
852 527 960 559 πάντως

174 575 204 608 ἐξ
220 576 342 610 ἀνάγκης
355 574 385 601 τὸ
406 574 497 610 ἕτερον
513 574 567 601 δεῖν
580 574 679 608 λέγειν,
696 574 712 609 ἢ
735 574 775 600 ὅτι
798 572 960 609 κεχώρισται

176 622 233 657 (Μ)
250 623 297 657 τῆς
318 621 405 656 ὓληςό
417 621 493 652 Θεὸς,
509 620 525 656 ἦ
541 619 573 647 αὖ
594 620 673 646 πάλιν
701 620 741 646 ὅτι
754 619 899 655 ἀμέριστος
914 618 961 645 αὑ-

174 667 226 702 τῆς
236 667 374 702 τυγχάνει.
400 667 431 693 Εἰ
459 667 508 702 μὲν
529 665 575 693 οὖν
590 666 708 701 ἡνῶσθαί
724 675 765 697 τις
784 665 864 692 αὑτὸν
875 665 961 691 εἰπεῖν

175 713 272 744 ἐθέλοι,
285 713 312 739 ἓν
326 713 355 740 τὸ
374 713 518 748 ἀγέννητον
541 712 621 744 λέξει*
639 713 767 747 ἑκάτερον
784 712 836 747 γὰρ
861 711 961 738 τούτων

177 758 260 794 μέρος
278 758 352 784 ἑπάι
364 757 410 784 τοῦ
426 757 546 793 πλησίον·
569 757 691 792 ἀλλήλων
715 757 743 783 δὲ
774 757 845 792 μέρη
859 756 961 792 τυγχά-

178 811 267 834 νοντα,
281 803 331 829 οὐκ
356 802 431 829 ἔσται
458 803 592 838 ἀγέννητοι
611 802 667 829 δύο.
700 803 742 833 Ὠς
759 802 818 828 οὐδὲ
846 802 961 836 διάφορα

179 847 249 882 μέρη
262 847 554 882 κατακερματιζόμενα
581 848 620 878 εἰς
650 846 734 873 πολλά
759 846 886 882 γεννητά,
905 846 961 873 ἀλλ’

176 893 214 924 ὡς
228 894 242 918 ὁ
257 892 334 926 λόγος
349 893 468 923 ἀπαιτεῖ,
494 892 523 919 ἓν
547 901 572 918 τι
597 892 733 926 γεννητὸν,
751 892 795 918 τὸν
811 892 961 927 ἄνθρωπον,

178 939 327 975 πολυμερὲς
341 939 408 974 πρὸς
423 937 470 965 τοῦ
499 938 565 964 Θεοῦ
590 938 730 972 γεγονέναι
753 938 853 973 φαμέν·
877 937 963 968 οὕτως

177 985 296 1019 ἀνάγκη,
321 985 344 1010 ει
373 984 409 1020 μὴ
426 983 587 1019 κεχώρισται
600 985 648 1019 τῆς
671 983 736 1019 ὕλης
760 985 774 1009 ὁ
801 983 876 1014 Θεὸς,
891 983 919 1010 ἓν
933 983 963 1009 τὸ

177 1031 323 1066 ἀγέννητον
338 1028 406 1057 εἶναι
425 1030 523 1063 λέγειν,
537 1031 567 1056 Εἰ
579 1029 606 1058 δὲ
619 1029 780 1065 κεχωρίσθαι
808 1030 888 1065 φήσει
909 1038 960 1060 τις,

177 1077 283 1111 ἀνάγκη
301 1074 369 1102 εἷναί
381 1085 406 1102 τι
423 1076 453 1101 τὸ
475 1075 525 1102 ἁνά
553 1075 633 1110 μέσον
649 1073 821 1109 ἀμφοτέρων,
836 1074 904 1108 ὅπερ
915 1073 962 1099 καὶ

178 1123 224 1149 τδν
239 1122 376 1157 χωρισμὸν
401 1121 489 1147 αὐτῶν
515 1121 658 1150 δείκνυσιν.
696 1120 838 1147 ’Λδύνατον
856 1119 910 1154 γὰρ
934 1120 963 1145 ὲν

178 1168 317 1195 διαστάσει
332 1166 503 1199 ἐξετάζεσοαί
517 1176 542 1192 τι
555 1166 608 1193 ἀπό
623 1175 705 1199 τινος,
720 1167 770 1192 οὐκ
781 1165 855 1196 Eii/ro;
869 1164 961 1200 ἑτέρου

179 1213 238 1241 καθ’
251 1213 265 1240 ὃ
281 1214 298 1248 ἠ
312 1212 450 1244 διάστασις
467 1212 597 1247 ἑκατέρου
622 1213 734 1245 γίνεται·
756 1210 823 1245 ὅπερ
837 1211 867 1236 οὐ
882 1210 962 1245 μέχρι

178 1259 273 1285 τούτου
291 1259 396 1285 ἵσταται
413 1259 459 1285 καὶ
475 1258 567 1293 μόνον,
582 1257 649 1284 ἀλλά
666 1257 713 1284 καὶ
733 1256 866 1282 πλείστων
882 1256 962 1282 ὅσων.

185 1306 232 1331 ’ον
248 1305 303 1340 γὰρ
318 1305 362 1330 ἐπὶ
376 1304 430 1330 τῶν
443 1304 488 1330 δύο
503 1304 655 1339 ἀγεννήτων
673 1303 785 1339 εἴπομεν
797 1303 884 1336 λόγον,
902 1301 964 1328 τοῦ-

179 1359 224 1377 τον
235 1351 264 1384 ἐξ
276 1351 397 1385 ἀνάγκης
415 1350 514 1385 ὁμοίιος
541 1351 702 1385 προχωρεῖν,
729 1350 753 1376 εἰ
770 1348 803 1375 τὲ
830 1348 964 1384 ἀγέννητά

179 1395 269 1431 δοθείη
283 1396 356 1430 τρία.
374 1396 427 1422 Καὶ
443 1395 496 1430 γὰρ
509 1395 553 1421 ἐπὶ
567 1394 668 1421 τούτων
690 1395 803 1430 ἐροίμην
823 1393 866 1425 ἂν,
881 1396 904 1420 εἰ
919 1402 965 1420 κε-

180 1443 312 1478 χώρισται
325 1442 455 1478 ἀλλήλων,
474 1442 489 1476 ἢ
518 1439 550 1468 αὖ
565 1441 645 1467 πάλιν
673 1440 786 1466 ἕκαστον
807 1439 908 1474 ἥνωται
925 1438 965 1474 τῷ

180 1489 305 1524 πλησίον.
324 1489 354 1515 Ei
385 1488 433 1524 μὲν
447 1488 501 1524 γὰρ
515 1487 632 1523 ἡνῶσθαί
645 1495 686 1518 τις
711 1486 793 1518 εἴποι,
816 1486 860 1512 τὸν
885 1485 965 1512 αὐτὸν

180 1535 292 1563 ἀκούσει
308 1535 345 1570 τῷ
361 1534 461 1570 πρώτῳ
479 1534 564 1567 λόγον·
582 1535 605 1560 εἰ
616 1533 638 1559 δ’
650 1531 682 1559 αὗ
697 1532 776 1559 πάλιν
791 1531 964 1568 κεχωρίσθαι,

180 1582 211 1608 οὐ
231 1581 358 1616 φεύξεται
377 1580 425 1615 τὴν
438 1580 466 1612 ἐξ
477 1579 597 1613 ἀνάγκης
614 1578 661 1606 τοῦ
678 1577 836 1613 χωρίζοντος
848 1577 965 1603 ὑπόστα-

182 1637 235 1654 σιν.
259 1629 308 1653 "Av
321 1627 349 1653 δὲ
364 1627 416 1662 ἄρα
429 1635 470 1658 τις
483 1626 529 1652 καὶ
538 1626 628 1661 τρίτον
644 1622 712 1651 εἶναι
732 1624 802 1657 λέξει
827 1623 914 1657 λόγον,
929 1623 967 1655 ὡς

182 1673 337 1708 ἁρμόζοντα
353 1672 417 1707 περὶ
430 1671 483 1697 τῶν
500 1671 652 1706 ἀγεννήτων
680 1669 815 1704 λέγεσθαι,
844 1669 966 1695 τουτέστι

182 1719 212 1745 τὸ
225 1718 262 1753 μὴ
275 1716 437 1753 κεχωρίσθαι
451 1718 499 1752 τῆς
514 1716 578 1751 ὕλης
599 1716 644 1742 τὸν
660 1715 736 1748 Θεὸν,
765 1716 826 1750 μήτ’
842 1713 874 1741 αὖ
888 1714 967 1740 πάλιν

183 1765 221 1796 ὡς
232 1765 261 1790 ὲν
279 1764 356 1798 μέρει
369 1763 497 1799 ἡνῶσθαι,
515 1759 584 1789 εἶναι
607 1761 634 1788 δὲ
652 1761 775 1796 καθάπερ
793 1761 820 1787 ὲν
838 1760 912 1795 τόπῳ
935 1760 968 1795 τῇ

184 1810 235 1846 ὕλῃ
250 1809 295 1836 τὸν
308 1809 382 1841 Θεὸν,
398 1808 414 1843 ἢ
433 1808 479 1835 καὶ
504 1808 552 1844 τὴν
569 1808 634 1842 ὓλην
652 1808 680 1835 ὲν
702 1807 741 1842 τῷ
766 1806 836 1841 Θεῷ,
853 1807 884 1833 τὸ
907 1814 970 1833 συν-

184 1857 247 1892 έχον
264 1856 394 1886 ἀκουέτω,
409 1856 460 1886 ὅτι,
476 1853 523 1881 ἐὰν
535 1854 616 1880 τόπον
635 1853 681 1880 τοῦ
696 1853 762 1879 Θεοῦ
791 1854 840 1888 τὴν
855 1852 919 1888 ὕλην
933 1852 970 1878 εἴ·

185 1910 292 1937 πωμεν,
306 1902 335 1934 ἐξ
352 1901 472 1936 ἀνάγκης
492 1900 570 1926 αὐτὸν
582 1899 628 1926 καὶ
642 1899 794 1934 χωρητικὸν
810 1899 864 1933 (95)
882 1898 970 1933 λέγειν

183 1948 234 1979 δεῖ,
251 1947 378 1982 καὶπρὸς
391 1947 439 1982 τῆς
456 1946 520 1981 ὕλης
547 1945 793 1982 περιγραφόμενον.
821 1944 900 1971 ’Λλλά
918 1944 970 1980 μὴν

184 1994 233 2020 καὶ
251 1993 352 2028 ὁμοίως
372 1993 452 2020 αὑτὸν
481 1993 513 2027 τῇ
541 1991 591 2027 ὕλῃ
617 1991 741 2021 ἀτάκτως
761 1989 900 2025 φέρεσθαι,
934 1989 971 2026 μὴ

185 2040 311 2066 ἵστασθαι
324 2048 353 2065 τε
373 2039 438 2074 μηδὲ
457 2039 546 2072 μένειν
572 2037 652 2064 αὑτὸν
675 2037 717 2071 ἐφ’
731 2036 827 2062 ἑαυτοῦ
854 2036 970 2071 ἀνάγκη,
988 2037 990 2039 ’

185 2086 246 2116 τοῦ,
261 2087 290 2112 ὲν
306 2082 327 2119 ᾧ
340 2086 423 2115 ἐστιν,
450 2083 535 2110 ἄλλοτ’
553 2083 638 2114 ἄλλως
669 2082 828 2117 φερομένου.
847 2081 918 2117 Πρὸς
944 2081 972 2107 δὲ

187 2131 292 2163 τούτοις
319 2131 367 2158 καὶ
398 2132 425 2156 ὲν
451 2130 554 2165 χείροσι
569 2128 709 2162 γεγονέναι
739 2128 784 2153 τὸν
806 2127 871 2153 Θεὸν
887 2128 972 2153 εἰπεῖν

187 2178 304 2213 ἀνάγκη.
320 2177 351 2203 Εἰ
364 2177 417 2211 γὰρ
430 2173 463 2211 ἦν
478 2184 541 2202 ποτε
558 2175 704 2209 ἅκοσμοςὴ
722 2173 781 2208 ὕλη,
797 2172 932 2208 ἐκόσμησε
946 2172 973 2199 δὲ

187 2224 273 2258 αὐτὴν
283 2224 322 2253 εἰς
337 2221 367 2248 τὸ
378 2223 498 2256 κρεῖττον
514 2220 610 2256 τρέψαι
630 2218 853 2255 προαιρούμενος,
865 2215 898 2252 ἦν
910 2225 973 2243 ποτε

187 2271 232 2296 ὅτε
249 2270 277 2295 ὲν
289 2268 452 2303 ἀκοσμήτοις
467 2265 500 2302 ἦν
511 2268 525 2293 ὁ
541 2266 617 2297 Θεός.
631 2266 746 2296 Δικαίως
760 2264 782 2291 δ’
801 2264 833 2291 ἂν
850 2263 897 2290 καὶ
912 2262 974 2289 τοῦ-

188 2325 234 2342 τον
245 2315 357 2351 ἐροίμην
380 2314 425 2340 τὸν
439 2313 526 2347 λόγον,
542 2312 654 2348 πότερον
679 2311 799 2346 ἐπλήρου
821 2310 870 2345 τὴν
883 2310 949 2344 ὓλην
960 2310 974 2336 ὁ

1291 328 1406 357 CAPUT
1427 327 1510 355 XXII.

1011 378 1151 406 Materiam
1167 385 1212 404 nec
1227 381 1285 403 ortu
1299 384 1398 407 carere,
1411 383 1455 401 nec
1469 373 1598 400 malorum
1611 380 1718 399 causam
1731 380 1795 399 use.

1050 445 1059 460 ι
1074 434 1218 470 Equidem,
1237 433 1326 468 inquit
1344 433 1398 465 ille,
1417 432 1472 458 duo
1490 430 1582 462 simul,
1598 437 1658 463 qua:
1672 433 1732 455 ortu
1752 436 1795 455 ea-

1011 485 1098 512 reant,
1117 487 1178 506 esse
1193 486 1246 506 non
1264 485 1354 513 posse,
1368 476 1434 512 quin
1452 482 1559 502 mecum
1578 474 1723 508 intelligas,
1743 480 1796 499 non

1010 526 1122 559 dubito;
1138 526 1199 552 licet
1214 525 1266 551 hoc
1279 531 1379 558 ponere
1405 522 1517 556 insuper
1533 525 1615 555 atque
1637 519 1736 546 addere
1758 519 1798 545 vi-

1010 572 1111 604 dearis,
1126 570 1259 598 eduobus
1285 567 1470 596 necessarium
1491 566 1652 593 alterutrum
1681 571 1752 596 esse,
1769 567 1798 590 ut

1010 618 1052 645 vel
1066 621 1222 652 segregatus
1233 623 1247 642 a
1262 615 1376 642 materia
1388 613 1470 644 Deus,
1487 612 1528 639 vel
1543 619 1604 639 cum
1628 610 1722 638 eadem
1739 617 1799 637 om-

1011 664 1077 691 nino
1093 663 1259 696 eonjunetus
1284 669 1344 688 esse
1369 661 1486 687 dicatur.
1504 658 1555 691 Qui
1571 661 1702 692 ergatam
1734 664 1799 683 eon-

1009 710 1136 745 jnnetum
1157 717 1218 736 esse
1233 708 1315 739 volet,
1330 707 1353 733 is
1369 715 1454 734 unum
1472 706 1605 732 duntaxat
1616 702 1718 738 aliquid
1743 705 1800 728 sta-

1012 760 1079 787 tuet,
1098 755 1169 790 quod
1182 758 1243 782 ortu
1258 757 1348 781 careat
1361 761 1368 785 ;
1388 757 1452 778 tunc
1464 751 1537 778 enim
1554 749 1665 776 alterius
1683 748 1799 774 alterum

1011 809 1075 836 pars
1091 801 1190 835 utique
1209 800 1288 828 foret.
1317 806 1377 834 quze
1404 806 1468 824 vero
1495 801 1617 823 mutuam
1646 795 1718 822 inter
1740 802 1801 822 sese

1013 849 1098 883 partis
1112 848 1244 874 rationem
1272 846 1383 876 habent,
1400 844 1505 876 eadem,
1523 851 1584 878 qum
1601 846 1661 868 ortu
1677 844 1800 873 careant,

1013 895 1067 922 duo
1080 893 1160 921 simul
1171 900 1231 920 esse
1257 899 1310 918 non
1335 893 1460 924 possunt.
1487 887 1554 914 Nam
1569 885 1799 921 quemadmodum

1014 940 1152 968 hominem
1169 938 1232 965 sica
1249 937 1304 964 Deo
1320 939 1492 971 procreatum
1508 941 1568 960 esse
1581 932 1710 964 dicimus,
1728 934 1758 957 ut
1778 930 1802 957 is

1015 995 1070 1013 non
1089 986 1145 1021 jam
1160 985 1274 1011 diversa:
1290 986 1393 1017 partes,
1413 985 1494 1014 atque
1523 979 1549 1005 in
1560 978 1637 1012 plura
1655 976 1743 1012 genita
1765 975 1805 1002 di-

1014 1037 1132 1062 stracta),
1149 1037 1254 1060 verum,
1273 1033 1302 1055 ut
1315 1028 1372 1062 ipsa
1387 1027 1455 1053 ratio
1468 1025 1595 1060 postulat,
1609 1031 1653 1050 res
1666 1030 1718 1050 una
1740 1021 1804 1056 qui-

1013 1079 1074 1105 dem
1089 1076 1179 1112 genita
1193 1075 1238 1107 sit,
1251 1074 1333 1101 variis
1351 1077 1440 1099 tamen
1458 1079 1490 1098 ex
1508 1070 1631 1105 partibus
1643 1068 1801 1099 constituta,

1014 1124 1054 1152 sic
1065 1129 1176 1150 necesse
1192 1121 1272 1155 plane
1281 1123 1332 1150 est,
1349 1118 1371 1144 si
1393 1117 1476 1143 Deum
1488 1123 1502 1142 a
1518 1115 1632 1142 materia
1648 1113 1802 1148 sejunctnm

1013 1176 1074 1196 esse
1089 1174 1183 1202 negas,
1194 1173 1277 1192 unum
1294 1164 1426 1191 duntaxat
1455 1160 1568 1195 aliquid,
1585 1159 1657 1194 quod
1681 1157 1802 1193 genitum

1014 1223 1067 1242 non
1083 1214 1129 1246 sit,
1144 1218 1300 1247 agnoscere.
1316 1209 1363 1236 Sin
1392 1208 1425 1235 ab
1451 1207 1543 1234 eadem
1575 1209 1711 1233 secretum
1743 1210 1804 1230 esse

1015 1260 1098 1291 voles,
1114 1259 1233 1286 medium
1249 1256 1404 1284 necessario
1423 1254 1551 1290 quiddam
1569 1253 1638 1279 inter
1656 1255 1804 1283 utrumque

1015 1305 1188 1333 statuendum
1217 1303 1279 1335 erit,
1303 1309 1358 1337 quo
1390 1301 1533 1334 utriusque
1549 1298 1691 1329 discidium
1713 1301 1805 1324 osten-

1014 1351 1105 1377 datur.
1125 1348 1179 1375 Nec
1194 1348 1266 1374 enim
1283 1346 1364 1372 unius
1379 1345 1413 1372 ab
1429 1344 1515 1370 aitero
1536 1342 1683 1369 divortium
1701 1337 1799 1366 consti-

1015 1397 1053 1424 tui
1067 1394 1225 1430 dignoscive
1243 1396 1338 1427 potest,
1362 1391 1414 1418 nisi
1438 1390 1547 1417 tertium
1565 1386 1667 1422 aliquid
1690 1384 1804 1417 suberit,

1015 1450 1048 1470 ex
1065 1429 1120 1476 quo
1134 1439 1281 1466 divortium
1295 1437 1359 1464 illud
1375 1435 1535 1463 :estimetur.
1553 1432 1641 1467 Atque
1663 1431 1722 1458 huic
1735 1429 1805 1456 ratio

1016 1495 1070 1514 non
1088 1491 1193 1513 tantum
1207 1484 1248 1512 vel
1274 1484 1301 1510 in
1327 1483 1390 1515 hoc,
1408 1481 1448 1508 vel
1467 1481 1492 1507 in
1522 1487 1578 1506 uno
1592 1477 1733 1512 quopiam,
1757 1474 1805 1501 sed

1016 1535 1096 1560 etiam
1115 1532 1141 1559 in
1158 1530 1282 1565 pluribus
1297 1529 1387 1557 locum
1408 1527 1498 1554 habet.
1513 1525 1591 1558 Quod
1608 1523 1681 1550 enim
1691 1522 1724 1549 de
1736 1521 1806 1548 duo-

1016 1580 1068 1606 bus
1085 1583 1146 1605 ortu
1164 1577 1321 1605 carentibus
1339 1575 1442 1601 dictum
1457 1577 1510 1602 est,
1538 1571 1564 1598 id
1580 1569 1704 1596 similiter
1717 1568 1807 1594 valete

1018 1633 1128 1653 necesse
1141 1624 1203 1656 erit,
1213 1623 1235 1650 si
1253 1622 1303 1649 tria
1317 1625 1452 1656 ponentur
1469 1623 1530 1645 ortu
1545 1616 1676 1643 carentia.
1691 1613 1758 1640 Nam
1773 1612 1807 1639 de

981 1687 1002 1716 ο
1019 1672 1073 1699 illis
1101 1669 1197 1697 eodem
1220 1668 1301 1695 modo
1326 1673 1458 1701 qua-ram,
1487 1669 1578 1690 utrum
1606 1661 1740 1695 disjunela
1762 1659 1807 1685 illa

1228 1715 1233 1716 ⁷
1280 1714 1285 1716 “
1500 1710 1505 1715 '
1566 1713 1571 1716 -
1619 1706 1645 1716 τ’·
1665 1715 1672 1716 κ
1686 1705 1805 1716 Mdu»..-

1018 1717 1083 1748 sint,
1096 1724 1130 1742 an
1146 1715 1252 1749 singula
1280 1714 1351 1740 inter
1363 1720 1423 1739 sese
1446 1710 1601 1744 conjuncta.
1619 1706 1646 1734 Si
1660 1705 1807 1740 conjuncta

1018 1763 1079 1797 quis
1091 1768 1152 1788 esse
1171 1759 1309 1791 defendet,
1337 1759 1408 1785 idem
1434 1763 1483 1790 ego
1509 1758 1614 1786 contra,
1631 1751 1703 1786 quod
1728 1749 1808 1784 paulo

1019 1795 1081 1836 ante
1101 1811 1292 1842 argumentum
1306 1811 1454 1839 opponam.
1478 1801 1526 1828 Sin
1539 1799 1667 1826 distincta
1680 1795 1809 1824 fatebitur

1019 1861 1159 1887 nunquam
1178 1852 1251 1878 illius
1265 1850 1354 1885 quarti
1382 1848 1571 1876 necessitatem
1585 1844 1704 1879 eﬂugict,
1734 1841 1807 1876 quod

1019 1898 1186 1927 hocdissidii
1212 1904 1298 1932 genus
1320 1893 1524 1928 eiliciat.338
1540 1890 1617 1924 Quod
1644 1889 1666 1917 si
1697 1889 1808 1915 tertium

1019 1945 1147 1981 quiddam
1163 1943 1310 1972 existimet,
1330 1942 1362 1968 de
1388 1940 1442 1967 illis
1470 1945 1531 1965 ortu
1549 1937 1708 1964 carentibus
1733 1943 1810 1962 corn-

1020 1991 1100 2021 mode
1138 1990 1205 2017 satis
1238 1986 1395 2020 responderi
1442 1992 1541 2020 posse,
1571 1984 1654 2010 Deum
1687 1982 1811 2009 videlicet

1021 2047 1071 2067 HEC
1099 2037 1207 2072 pEllilllS
1247 2043 1262 2062 a
1304 2038 1420 2060 materia
1461 2034 1597 2058 SCCl't‘llllll
1629 2036 1679 2055 nec
1719 2032 1810 2054 tamen

1021 2084 1107 2120 partis
1137 2082 1163 2108 in
1179 2088 1282 2108 morem
1311 2086 1373 2105 cum
1401 2077 1495 2104 eadem
1519 2083 1580 2102 esse
1614 2073 1810 2108 coniunctum;

1023 2130 1070 2158 sed
1089 2129 1130 2156 vel
1157 2127 1270 2155 materia
1286 2125 1382 2157 Deum,
1407 2123 1449 2150 vel
1473 2122 1614 2149 materiam
1633 2120 1718 2154 ipsam
1746 2119 1811 2151 Deo,

1024 2175 1064 2203 sic
1101 2179 1229 2208 tauquam
1257 2173 1317 2199 loco
1348 2169 1457 2204 proprio
1491 2165 1624 2194 contineri
1655 2173 1661 2191 :
1693 2172 1726 2191 ex
1760 2164 1812 2190 hac

1024 2220 1152 2254 opinione
1164 2224 1336 2251 consequens
1347 2214 1412 2241 illud
1425 2213 1537 2240 omnino
1555 2210 1647 2242 fuerit,
1663 2214 1703 2241 ut,
1718 2208 1739 2235 si
1765 2207 1812 2234 Dei

1024 2266 1114 2293 locum
1128 2263 1269 2291 materiam
1286 2269 1347 2289 esse
1363 2260 1498 2291 dicamus,
1511 2257 1636 2284 eumdem
1658 2253 1813 2281 necessario

1024 2316 1052 2339 et
1065 2310 1123 2345 capi
1142 2310 1177 2336 ab
1205 2308 1309 2342 aliquo,
1337 2310 1364 2333 et
1399 2304 1512 2332 materia
1537 2303 1594 2337 ipsa
1625 2297 1813 2327 circumscribi

188 2345 267 2395 Θεὸς,
279 2362 295 2397 ἢ
354 2360 431 2396 μέρει
443 2345 495 2386 τινὶ
509 2360 557 2394 τῆς
573 2345 638 2394 ὕλης
653 2356 697 2394 ἦν.
713 2345 806 2393 Εἰημὲν
820 2355 866 2384 οὖν
886 2357 914 2382 ὲν
928 2356 967 2392 μέ-

1027 2365 1105 2394 posse
1116 2356 1260 2383 fateantur.
1276 2353 1347 2386 Quin
1363 2351 1444 2378 etiam
1458 2349 1533 2376 illum
1553 2354 1664 2375 necesse
1677 2345 1739 2376 erit,
1751 2351 1813 2377 per-

190 2417 232 2442 ρει
248 2408 300 2434 τινὶ
311 2407 360 2441 τῆς
373 2406 438 2441 ὕλης
453 2407 538 2432 εἰπεῖν
552 2415 594 2437 τις
609 2404 694 2431 ἐθέλοι
705 2405 750 2430 τὸν
760 2404 835 2434 Θεὸν,
852 2403 974 2429 πλεῖστον

189 2455 251 2481 ὅσον
264 2452 423 2488 μικρότερον
437 2451 485 2486 τῆς
500 2450 565 2486 ὕλης
578 2450 662 2484 λέγει’
681 2450 705 2477 εἰ
719 2450 746 2476 δὲ
764 2449 818 2483 (96)
833 2449 913 2484 μέρος
927 2448 975 2474 αὺ-

189 2501 250 2535 τῆς,
263 2500 321 2526 ὅλον
335 2498 472 2534 ἐχώρησεν
490 2497 578 2524 αὐτόν.
593 2498 624 2523 Εἰ
648 2497 669 2522 ὅ
685 2498 714 2523 ὲν
728 2496 801 2531 πάσῃ
817 2494 886 2522 εἶναι
901 2495 974 2528 λέγοι

189 2548 223 2582 τῇ
242 2546 302 2582 ὕλη,
319 2545 377 2577 πῶς
389 2544 490 2580 ταύτην
502 2543 675 2579 ἐδημιούργει
688 2542 831 2578 φραστέον.
858 2541 974 2576 Ἀνάγκη

191 2593 245 2628 γὰρ
263 2592 279 2628 ἦ
297 2591 426 2626 συστολὴν
442 2599 501 2616 τινα
510 2589 555 2616 τοῦ
570 2589 636 2615 Θεοῦ
649 2589 746 2622 λέγειν,
764 2586 797 2623 ἧς
817 2587 975 2622 γενομένης,

190 2638 365 2674 ἐδημιούργει
381 2638 477 2668 ἐκεῖνο,
492 2636 537 2670 ἀφ’
549 2632 579 2662 οὗ
594 2634 779 2670 ὑπεχώρησεν,
795 2634 868 2669 ῆκαὶ
883 2633 977 2660 ἑαυτὸν

194 2686 227 2720 τῇ
240 2684 287 2719 ὕλῃ
305 2684 539 2718 συνδημιουργεῖν,
555 2683 605 2708 οὐκ
619 2681 718 2733 ἔχοντῆ
727 2681 924 2716 ὑποχωρήσεως
935 2680 980 2706 τό·

194 2764 330 2793 maximus
351 2763 469 2790 Arianus
491 2761 644 2796 intelligat:
662 2759 769 2796 tametsi
781 2759 890 2796 _hunc,_
902 2759 978 2794 quis-

193 2800 255 2861 quis
271 2800 326 2831 sit,
343 2798 489 2825 Maximum
503 2818 510 2830 ,
528 2802 558 2824 ιιι
573 2794 653 2830 supra
678 2794 836 2829 Dionysium
860 2794 976 2821 Alexan—

214 2835 314 2861 rinum.
332 2834 398 2861 satis
412 2833 508 2861 frigide
522 2832 671 2861 appellarit.
688 2830 831 2860 Cinterum,
848 2829 975 2861 Dialogus

214 2829 398 2864 rinum.'satis
412 2829 508 2868 frigide
522 2829 671 2867 appellarit.
688 2830 831 2868 Cinterum,
848 2829 975 2868 Dialogus

198 2869 246 2896 fuit
262 2875 317 2896 tota
334 2869 390 2895 ha'e
402 2870 435 2895 de
447 2864 563 2894 materia
574 2866 732 2901 disputatio,
743 2870 772 2891 ιιι
783 2864 878 2898 legenti
891 2869 972 2898 patet.

234 2905 289 2940 (ιι-ι)
305 2905 342 2932 ΊΙ
355 2903 398 2931 ὅτι
415 2903 598 2937 κεχόψιστιιί.
625 2901 714 2928 Prima
738 2901 793 2927 iure
807 2903 975 2934 argumenta,

1028 2404 1090 2431 inde
1107 2407 1137 2429 ut
1151 2401 1305 2431 materiam,
1331 2397 1488 2433 perturbate
1516 2394 1597 2425 ferri;
1616 2399 1666 2419 nec
1687 2390 1812 2417 eumdem

1028 2449 1055 2476 in
1074 2456 1104 2475 se
1116 2447 1176 2481 ipso
1191 2451 1302 2472 manere
1318 2449 1426 2476 semper
1441 2441 1639 2471 immotumque
1651 2434 1813 2464 consistere,

1027 2502 1090 2522 eum
1105 2479 1180 2524 illud,
1198 2492 1225 2518 in
1234 2498 1289 2526 quo
1300 2489 1362 2520 erit,
1379 2488 1433 2514 huc
1450 2486 1569 2519 illucque
1581 2486 1711 2518 perpetuo
1723 2479 1814 2514 rapia-

1030 2546 1084 2569 tur.
1100 2540 1140 2567 Ad
1161 2539 1228 2569 haec,
1262 2537 1351 2563 locum
1368 2534 1394 2560 in
1412 2531 1593 2560 deterioribus
1615 2528 1698 2555 Deum
1725 2526 1814 2560 ipsum

1030 2586 1160 2615 habuisse
1174 2581 1378 2611 concedendum
1397 2578 1458 2605 erit.
1482 2575 1549 2603 Nam
1567 2575 1589 2602 si
1607 2573 1681 2601 rudis
1710 2573 1773 2600 olim
1789 2573 1816 2597 et

1031 2632 1168 2660 incondita
1184 2629 1296 2656 materia
1313 2626 1374 2659 fuit,
1392 2631 1507 2659 eamque
1519 2623 1589 2649 Deus
1613 2621 1640 2648 in
1668 2618 1816 2654 elegantio-

1031 2686 1087 2706 rem
1100 2682 1126 2704 et
1139 2674 1305 2703 ornatiorem
1323 2671 1440 2706 speciem
1454 2668 1628 2696 eouformare
1646 2665 1749 2697 statuit,
1766 2662 1818 2690 fuit

1027 2754 1136 2783 nonnisi
1162 2753 1292 2780 adversus
1316 2756 1363 2776 eos
1379 2748 1425 2783 qui
1441 2753 1604 2780 corporeum
1629 2744 1714 2772 Deum
1732 2743 1817 2777 tinge-

1027 2797 1095 2819 rent.
1111 2786 1239 2816 momenti
1254 2785 1400 2820 quidquam
1419 2783 1516 2820 habere
1530 2784 1652 2820 possunt.

1061 2816 1117 2861 (νέξ)
1126 2816 1395 2861 Χωρητικδξκιξιξιιιὶτιιι
1403 2817 1525 2861 χωρ-ητόν
1533 2824 1594 2856 eum
1601 2816 1687 2842 altero
1693 2819 1817 2861 marinae.

1302 2854 1345 2881 δέ.
1368 2848 1530 2895 ξὀξιξλὲγει
1555 2852 1643 2895 minor
1668 2848 1818 2876 adhibenda

1030 2886 1216 2927 distinctio/et
1229 2892 1255 2918 δέ
1270 2890 1428 2918 mutandum
1445 2889 1471 2915 in
1485 2897 1527 2921 γε,
1543 2887 1582 2914 νρι
1598 2886 1640 2921 δή.
