2070 3206
265 159 318 186 5Ή

591 157 730 186 EUSEBII
753 157 992 186 CAESARIENSIS
1011 157 1085 185 ΟΡΡ.
1108 156 1200 184 PARS
1219 156 1250 184 ll.
1271 171 1306 177 —
1328 154 1577 183 APOLOGETICA.

1844 153 1897 181 ΞΕ

264 216 399 253 profecto,
418 223 479 243 cum
497 215 568 242 Deus
584 215 610 242 in
628 214 689 241 rudi
709 218 736 241 et
750 214 889 241 incondita
907 214 978 241 mole
992 222 1053 240 vcr-

1107 221 1165 239 πον.
1187 213 1218 239 Εἰ
1228 212 1255 238 δὲ
1266 213 1314 248 τὴν
1325 212 1390 247 ὕλην
1405 219 1434 238 εν
1448 210 1486 246 τῷ
1497 210 1555 246 Θεῷ
1568 207 1636 236 εἷναί
1650 218 1690 240 τις
1703 205 1782 242 λέξοι,
1797 209 1896 244 ὁμοίως

266 267 384 290 saretur.
396 261 530 288 Praeterea
549 261 620 288 hunc
632 260 713 286 etiam
732 259 759 286 in
773 260 884 286 modum
903 267 999 294 urgere
1023 260 1056 286 li-

265 313 335 341 ccat,
355 313 445 335 utrum
466 307 538 334 Deus
570 305 710 333 materiam
746 305 873 340 impleret
888 306 1055 337 universam.

265 362 300 380 an
317 354 344 380 in
362 353 452 387 aliqua
468 352 600 378 duntaxat
623 351 683 385 ejus
709 356 785 385 parte
799 351 948 379 collocatus
973 355 1055 378 esset.

266 399 335 426 Nam
350 400 373 426 si
385 399 410 425 in
427 402 505 433 parte
535 397 622 424 solum
640 397 725 425 fuisse
739 398 839 430 volent,
856 397 955 424 mirum
974 405 1057 432 quam

268 445 454 480 angustiorem
469 443 507 470 illi
528 443 608 471 nobis
622 444 735 470 materia
751 443 835 470 Deum
862 443 974 474 faciunt,
993 451 1056 470 cum

268 499 331 526 pars
358 490 418 524 ejus
442 489 533 524 aliqua
558 488 643 516 Deum
672 489 806 524 integrum
818 489 978 516 contineret.
1009 488 1056 516 Sin

266 542 350 564 totam
369 537 403 562 ab
416 544 449 562 eo
463 535 604 562 materiam
630 540 791 570 occupatam
807 543 867 562 esse
891 535 992 568 dicent,
1017 535 1057 561 di-

266 585 330 609 cant
357 581 407 616 ipsi
433 588 551 616 quoque,
582 581 809 615 quemadmodum
833 588 893 608 eam
911 580 1055 607 elaborare

266 627 340 655 Deus
356 635 387 654 ac
397 627 531 661 pet-polire
543 627 672 661 potuerit.
684 627 824 661 Siquidem
841 631 888 653 aut
899 634 958 653 sese
972 625 1056 653 Deum

265 674 409 708 collegisse
433 681 546 700 necesse
562 673 625 705 erit,
643 673 735 708 itaque
751 677 855 708 partem
875 680 934 700 eam
948 672 1058 700 confor-

267 727 469 754 masse,exqua
486 724 653 751 secesserat;
673 723 730 751 aut,
751 719 822 754 quod
841 719 905 751 loci,
926 719 953 746 in
975 726 1055 754 quem

269 766 416 798 secederet,
431 764 499 791 nihil
511 765 622 792 omnino
641 769 806 799 superesset,
819 772 881 791 cum
902 765 1016 791 materia
1028 771 1057 791 se

268 810 358 844 ipsum
376 817 430 837 una
445 809 640 837 conformasse.
658 809 716 836 Jam
731 817 806 843 vero,
830 810 853 837 si
873 810 1013 837 materiam
1029 809 1056 836 in

268 856 324 883 Deo
340 863 400 882 esse
415 855 606 890 respondeant,
621 855 795 890 quwrendurn
820 855 946 882 similiter
962 854 1055 886 fuerit,

266 905 358 926 utrum
375 899 415 926 sic
441 900 467 926 in
488 907 520 926 eo
546 903 681 927 statuatur
694 921 701 932 ,
717 904 747 926 ut
762 907 776 926 a
790 900 880 934 seipso
895 900 974 934 quasi
1004 899 1058 926 dis-

264 946 380 980 juuctus
395 945 439 972 ille
454 945 660 980 distractusque
686 945 731 976 sit,
749 945 887 979 quomodo
901 945 939 973 sic
954 945 980 972 in
995 954 1057 975 aere

268 990 498 1017 totanimantium
524 998 622 1025 genera
647 995 800 1024 versantur,
830 995 860 1017 ut
886 991 956 1018 idem
976 993 1009 1019 ad
1025 1001 1055 1020 ea

268 1036 409 1070 capienda,
423 1044 484 1070 qua:
502 1036 528 1062 in
544 1035 603 1070 ipso
620 1035 697 1068 ﬁunt,
727 1036 844 1070 aliquam
860 1037 977 1072 partium
994 1046 1057 1065 sua—

269 1089 329 1108 rum
354 1081 516 1108 divisionem
539 1081 658 1116 patiatur
674 1089 680 1106 :
695 1089 728 1108 an
752 1082 853 1116 potius,
871 1087 998 1117 tanquam
1029 1084 1055 1111 in

268 1127 338 1160 loco,
357 1127 407 1154 hoc
418 1132 468 1158 est,
486 1131 515 1153 ut
530 1134 601 1161 aqua
614 1127 640 1153 in
660 1132 732 1154 terra
741 1128 900 1155 collocatur.
916 1128 943 1155 Si
962 1137 1056 1164 quem-

269 1174 415 1200 admodum
431 1173 457 1199 in
471 1180 544 1205 aere,
561 1172 644 1200 Deum
663 1173 717 1207 jam
734 1174 876 1206 habemus,
892 1175 937 1208 qui
957 1175 982 1201 in
995 1183 1057 1209 par—

268 1223 309 1246 tes
326 1219 441 1246 distrahi
458 1219 600 1253 secarique
616 1220 712 1253 possit.
732 1219 780 1246 Sin
808 1225 837 1247 ut
855 1229 924 1255 aqua
940 1221 966 1248 iu
983 1226 1056 1248 terra

268 1269 319 1296 est,
336 1264 450 1292 materia
468 1272 531 1291 vero
548 1269 703 1299 perturbata
720 1271 801 1300 atque
826 1267 958 1301 indigesta
986 1272 1054 1301 erat,

267 1311 390 1345 adeoque
407 1311 477 1337 mala
492 1310 595 1345 gremio
608 1319 658 1338 suo
669 1311 841 1339 continebat:
861 1319 986 1347 superest
998 1307 1056 1341 om-

269 1355 346 1386 uino.
362 1359 391 1382 ut
405 1355 493 1389 ipsum
508 1363 618 1390 quoque
635 1355 730 1388 Deum,
741 1360 767 1383 et
780 1365 869 1384 rerum
887 1358 1056 1393 imperfecta-

268 1408 330 1427 rum
358 1404 384 1427 et
414 1402 547 1427 malorum
578 1401 668 1427 sedem
686 1410 718 1428 ac
736 1402 825 1429 locum
847 1410 908 1430 esse
921 1403 1054 1432 dicamus.

268 1445 345 1479 Quod
362 1446 428 1472 mihi
445 1445 553 1480 quidem
569 1454 630 1474 cum
645 1447 735 1474 minus
757 1447 883 1482 religiose
906 1449 971 1480 dici,
998 1454 1055 1477 tum

268 1493 317 1521 abs
340 1497 365 1521 te
393 1494 573 1528 periculosius
597 1495 756 1529 responderi
781 1496 929 1524 videretur.
950 1497 1055 1533 Quippe
1075 1517 1078 1520 -

268 1539 410 1565 materiam
436 1539 508 1566 enim
538 1547 597 1567 esse
624 1540 676 1572 vis,
695 1548 728 1567 ne
756 1541 889 1568 malorum
916 1547 1053 1570 auctorem
1069 1554 1089 1582 ρ

269 1583 354 1610 Deum
365 1592 425 1612 esse
437 1584 548 1612 fatearis
564 1595 570 1611 :
587 1585 657 1612 idem
673 1590 772 1618 tamen,
798 1592 827 1614 ut
842 1588 894 1615 hoc
911 1588 998 1622 ipsum
1013 1589 1054 1616 ρι’-

269 1629 368 1664 fugias,
381 1630 515 1657 malorutn
532 1639 594 1657 eum
619 1632 819 1666 receptaculum
836 1641 984 1668 agnoscere
1009 1643 1055 1662 co-

269 1676 352 1710 geris.
364 1675 395 1702 Et
410 1683 476 1702 sane
493 1676 515 1702 si
531 1683 563 1703 ex
590 1684 680 1703 rerum
705 1678 858 1710 genitarum
889 1684 950 1706 ortu
975 1685 1056 1715 atque

269 1725 365 1747 natura
379 1721 474 1747 ineant
493 1727 519 1747 te
536 1726 652 1748 mentetu
675 1722 821 1750 adductttm
845 1732 906 1751 esse
921 1725 1001 1760 339
1015 1726 1056 1752 di-

268 1774 355 1798 ceres,
372 1771 400 1793 ul.
417 1771 478 1793 ()l‘lll
504 1775 599 1794 carere
624 1769 766 1796 materiam
796 1775 923 1805 putares,
942 1771 978 1798 ita
999 1780 1055 1799 rem

269 1811 369 1839 habere
400 1821 452 1839 non
477 1821 579 1847 posse,
606 1814 730 1848 pluribus
758 1817 881 1850 equidem
906 1817 1056 1845 rationibus

268 1855 449 1882 ostenderem.
460 1855 537 1883 Nunc
551 1858 679 1891 quoniam
691 1859 825 1887 malorum
839 1862 1054 1896 procreationem

268 1900 339 1928 hanc
353 1901 401 1928 tibi
421 1902 604 1936 suspicionem
619 1905 736 1933 movisse
749 1906 801 1938 ais,
818 1907 983 1942 singularem
995 1916 1056 1943 pro-

267 1951 358 1981 pterea
376 1947 409 1974 de
430 1948 483 1975 illis
498 1948 712 1983 disputationem
742 1951 937 1980 instituendam
951 1954 1054 1988 putavi.

267 1991 334 2019 Nam
347 1993 391 2020 ubi
401 1995 485 2021 semel
502 1995 668 2022 intellectum
684 1997 746 2030 erit,
763 1999 992 2032 quemadmodum
1009 2008 1056 2027 ex-

267 2037 350 2066 istant
375 2040 455 2072 mala,
481 2048 513 2067 ac
541 2041 623 2068 simul
638 2043 684 2076 qui
708 2043 793 2071 Deum
820 2046 933 2072 materia
974 2054 1055 2072 usum

267 2093 327 2112 esse
344 2085 426 2118 dicat,
455 2086 480 2113 ei
505 2094 615 2122 quoque
645 2088 730 2116 Denm
756 2091 890 2118 malorum
915 2097 1054 2119 auctorem

269 2131 422 2158 habendum
448 2140 509 2159 esse
531 2135 695 2168 constiterit,
712 2140 769 2162 tum
789 2145 842 2163 una
870 2138 1054 2171 suspicionem

268 2177 347 2203 istam
363 2177 484 2205 funditus
500 2179 638 2206 sublatum
662 2181 693 2207 iri
709 2182 847 2209 existimo.
863 2181 903 2209 Tu
917 2191 980 2218 ergo
995 2191 1054 2210 ma-

1108 258 1244 291 ὲξετάζειν
1264 259 1314 289 δεῖ,
1334 258 1446 293 πότερον
1474 256 1511 286 ὡς
1539 255 1710 290 διισταμένου
1742 253 1823 280 αὑτοῦ
1849 254 1894 288 ἀφ’

1107 303 1214 335 ἑαυτοῦ,
1229 304 1276 330 καὶ
1289 304 1383 339 ὥσπερ
1399 304 1427 328 ὲν
1438 302 1498 338 ἀέρι
1514 300 1590 333 ζώων
1607 301 1722 336 ὑπάρχει
1735 300 1810 335 γένη,
1826 299 1894 326 διαι-

1109 351 1238 386 ρουμένου
1256 350 1302 377 καὶ
1324 350 1500 385 μεριζομένου
1517 347 1599 374 αὑτοῦ
1623 348 1662 378 εἰς
1679 345 1812 380 ὑποδοχὴν
1839 345 1894 371 τῶν

1107 396 1257 432 γινομένων
1272 395 1345 431 αὑτῷ
1362 396 1427 431 (97),
1443 395 1459 430 ἧ
1474 395 1511 426 ὡς
1527 395 1555 420 ὲν
1577 393 1661 427 τόπῳ,
1687 391 1824 419 τουτέστιν
1840 390 1893 416 ὦσ-

1107 452 1160 478 περ
1173 444 1200 470 ἐν
1213 444 1248 478 γῇ
1265 441 1348 477 ὕδωρ.
1372 442 1404 468 Et
1433 440 1481 476 μὲν
1496 439 1551 475 γὰρ
1569 438 1704 473 εἴποιμεν,
1728 437 1765 468 ὡς
1777 437 1806 463 ὲν
1821 437 1892 472 ἀέρι,

1109 489 1236 524 μεριστὸν
1251 488 1358 522 ἀνάγκη
1373 487 1419 513 τὸν
1444 485 1511 512 Θεὸν
1540 485 1636 511 είπεῖψ
1669 484 1692 510 εἰ
1720 482 1741 508 δ’
1757 482 1851 516 ὥσπερ
1865 483 1894 509 ὲν

1107 536 1141 570 γῇ
1159 534 1190 560 τὸ
1210 533 1293 569 ὕδωρ,
1312 531 1346 568 ἦν
1360 533 1387 558 δὲ
1403 532 1519 563 ἄτακτος
1541 531 1558 566 ἡ
1583 529 1632 565 ὕλη
1656 529 1703 556 καὶ
1729 528 1894 563 ἀκόσμητος,

1108 580 1176 616 πρὸς
1188 579 1220 614 δὴ
1234 579 1339 610 τούτοις
1361 577 1461 609 ἔχουσα
1485 576 1532 602 καὶ
1551 575 1635 607 κακὰ,
1660 575 1705 601 τὸν
1727 573 1791 600 Θεὸν
1807 573 1896 607 λέγειν

1107 627 1213 661 ἀνάγκη
1227 625 1309 651 τόπον
1327 622 1396 650 εἶναι
1415 623 1469 649 τῶν
1481 622 1643 657 ἀκοσμήτων
1657 621 1704 647 καὶ
1719 619 1772 647 τῶν
1790 619 1895 646 κακῶν.

1109 673 1196 708 Ὂπερ
1207 672 1257 698 οὑκ
1285 670 1407 706 εὔφημον
1432 667 1500 696 εἶναί
1529 677 1572 704 μοι
1596 668 1678 698 δοκεῖ,
1708 665 1897 700 ὲπισφαλὲςδὲ

1109 719 1219 754 μᾶλλον.
1239 717 1325 753 Ὕλην
1340 716 1394 752 γὰρ
1413 713 1483 742 εἶναι
1512 714 1599 746 θέλεις
1625 712 1691 748 (98),
1720 713 1764 739 ἴνα
1791 711 1828 747 μὴ
1842 710 1896 737 τῶν

1108 764 1199 792 κακῶν
1215 763 1327 800 ποιητὴν
1353 763 1434 797 εἴπῃς
1459 761 1505 788 τὸν
1530 760 1606 793 Θεὸν,
1619 760 1667 786 καὶ
1687 758 1766 785 τοῦτο
1787 757 1898 792 φεύγειν

1109 810 1333 846 προαιρούμενος,
1358 808 1460 843 δοχεῖον
1483 806 1563 834 αὑτὸν
1582 806 1636 832 τῶν
1658 805 1750 832 κακῶν
1771 802 1896 830 εἷναιλὲ-

1108 865 1176 890 γεις.
1189 857 1219 882 Εἰ
1241 855 1290 891 μὲν
1303 854 1348 881 οὖν
1365 854 1413 889 τὴν
1428 853 1492 889 ὓλην
1509 854 1541 879 ὲκ
1550 851 1603 882 τῶν
1616 851 1790 878 ὑποστάντων
1801 858 1896 885 γεννη-

1107 902 1160 928 τῶν
1181 901 1304 928 ὑπονοεῖν
1319 900 1463 934 ἀγέννητον
1487 898 1617 933 ὑπάρχειν
1638 896 1739 930 ἔλεγες,
1766 895 1848 921 πολὺν
1864 894 1897 921 ἂν

1109 947 1171 981 περ).
1186 945 1269 980 αὐτῆς
1282 943 1452 979 ἐποιησάμην
1474 942 1562 976 λόγον,
1576 942 1615 973 εἰς
1630 939 1764 972 ἀπόδειξιν
1783 940 1841 971 τοῦ,
1856 940 1897 966 ὅτι

1107 991 1235 1018 ἀδύνατον
1249 990 1380 1025 ὑπάρχειν
1392 989 1486 1024 αὑτήν⁸
1502 988 1562 1014 ἐπεὶ
1576 987 1603 1014 δὲ
1620 987 1668 1022 τὴν
1682 987 1736 1013 τῶν
1747 986 1839 1013 κακῶν
1854 986 1899 1020 γέ-

1107 1045 1180 1064 νεσιν
1193 1036 1282 1063 αἰτίαν
1299 1036 1404 1071 ἔφησθα
1420 1033 1489 1061 εἶναι
1501 1034 1550 1068 τῆς
1564 1033 1691 1068 τοιαύτης
1706 1033 1842 1064 ὑπονοίας,
1853 1032 1897 1059 διὰ

1107 1083 1177 1110 τοῦτ’
1191 1084 1236 1110 ἐπὶ
1251 1082 1300 1117 τὴν
1314 1082 1436 1115 ἐξέτασιν
1447 1080 1547 1107 τούτων
1560 1079 1668 1115 ἔχεσθαί
1690 1079 1745 1114 (99)
1760 1087 1804 1114 μοι
1814 1077 1894 1104 δοκῶ,

1106 1130 1226 1165 Φανεροῦ
1241 1130 1295 1166 γὰρ
1315 1128 1462 1164 γενομένου
1492 1127 1538 1155 τοῦ
1553 1128 1643 1163 λόγου,
1671 1127 1731 1154 καθ’
1743 1127 1772 1153 δν
1798 1127 1897 1162 τρόπον

1107 1176 1166 1202 ἐστὶ
1182 1176 1216 1202 τὰ
1226 1175 1308 1206 κακὰ,
1324 1175 1371 1201 καὶ
1384 1176 1425 1201 ὅτι
1435 1175 1484 1209 οὐχ
1494 1171 1549 1200 οἷόν
1568 1183 1597 1200 τε
1618 1174 1691 1200 ἐστὶν
1711 1173 1831 1200 ἀναίτιον
1843 1172 1897 1198 τῶν

1107 1219 1200 1246 κακῶν
1213 1220 1298 1245 εἰπεῖν
1323 1218 1368 1245 τὸν
1391 1218 1466 1249 Θεὸν,
1482 1219 1514 1244 ὲκ
1530 1218 1575 1244 τοῦ
1596 1217 1661 1253 ὕλην
1676 1217 1755 1244 αὑτὸν
1774 1217 1896 1243 ὑποτιθέ-

1106 1274 1160 1295 ναι,
1175 1266 1223 1301 τὴν
1238 1264 1364 1300 τοιαύτην
1393 1264 1519 1291 ὑπόνοιαν
1548 1263 1717 1299 ἀναιρεῖσθαί
1739 1272 1783 1299 μοι
1812 1263 1894 1290 δοκεῖ.

1106 1311 1159 1345 Φῂς
1173 1310 1262 1336 τοίνυν
1277 1310 1369 1337 ἄποιον
1395 1309 1460 1343 ὕλην
1488 1309 1669 1344 συνυπάρχειν
1683 1308 1721 1343 τῷ
1732 1309 1800 1344 Θεῷ,
1819 1309 1849 1342 ἐξ
1863 1306 1896 1343 ἧς

1105 1355 1183 1390 τήνδε
1193 1355 1240 1382 τοῦ
1257 1356 1359 1390 κόσμου
1379 1354 1485 1388 γένεσιν
1513 1354 1739 1390 ἐδημιούργησεν.
1755 1353 1833 1380 Οὕτω
1851 1362 1895 1388 μοι

1106 1401 1187 1427 δοκεῖ.
1206 1400 1310 1427 Οὐκοῦν
1330 1401 1354 1426 εἰ
1368 1400 1462 1432 ἄποιος
1484 1399 1630 1435 ἐτύγχανεν
1655 1401 1671 1435 ἡ
1685 1399 1745 1436 ὕλη,
1762 1400 1856 1433 γέγονε
1867 1399 1896 1426 δὲ

1106 1447 1206 1481 κόσμος
1223 1446 1290 1481 πρὸς
1305 1445 1350 1472 τοῦ
1361 1445 1439 1478 Θεοῦ,
1453 1446 1481 1471 ἐν
1498 1445 1526 1472 δὲ
1540 1445 1578 1481 τῷ
1592 1447 1687 1480 κόσμῳ
1701 1446 1729 1471 αἱ
1744 1446 1894 1480 ποιότητες,

1106 1492 1159 1518 τῶν
1176 1493 1325 1526 ποιοτήτων
1350 1491 1460 1526 ποιότης
1488 1490 1525 1526 (1)
1543 1491 1652 1526 γέγονεν
1671 1492 1685 1517 ὁ
1706 1491 1780 1523 Θεός.
1803 1491 1895 1523 υῦτως

1107 1537 1171 1573 ἔχει.
1191 1537 1266 1564 Ἐπεὶ
1283 1537 1311 1563 δέ
1324 1545 1369 1563 σου
1382 1537 1428 1563 καὶ
1436 1537 1559 1571 λέγοντος
1571 1536 1724 1572 ἔμπροσθεν
1735 1537 1843 1572 ἤκουον,
1857 1536 1895 1568 ὠς

1106 1583 1233 1610 ἀδύνατον
1245 1583 1274 1615 ἐξ
1287 1583 1336 1609 οὐκ
1349 1582 1432 1609 ὄντων
1450 1582 1570 1617 γίνεσθαί
1592 1591 1628 1615 τι,
1647 1581 1712 1618 πρὸς
1724 1582 1772 1618 τὴν
1790 1582 1894 1618 ἐρώτη-

1107 1637 1148 1656 σιν
1163 1630 1307 1665 ἀπόκριναι
1318 1629 1366 1664 τὴν
1379 1629 1458 1664 ἐμήν.
1480 1629 1572 1660 Δοκεῖς
1589 1637 1632 1664 μοι
1647 1629 1697 1660 τὰς
1726 1629 1772 1655 τοῦ
1792 1629 1894 1664 κόσμου

1106 1674 1249 1710 ποιότητας
1267 1674 1303 1710 μὴ
1332 1674 1362 1706 ἐξ
1378 1675 1565 1709 ὑποκειμένων
1583 1676 1731 1710 ποιοτήτων
1756 1675 1895 1708 γεγονέναι

1105 1721 1202 1752 δοκεῖν,
1225 1720 1319 1756 ἓτερον
1341 1721 1369 1747 δέ
1381 1730 1407 1747 τι
1423 1722 1498 1757 παρὰ
1524 1721 1573 1753 τὰς
1596 1721 1688 1752 οὐσίας
1704 1721 1835 1756 ὑπάρχειν
1847 1721 1895 1747 αὑ-

1105 1767 1163 1798 τάς.
1177 1766 1269 1798 Οὕτως
1285 1766 1351 1801 ἔχει.
1365 1767 1395 1793 Εἰ
1411 1767 1459 1802 μὲν
1472 1765 1518 1793 οὖν
1530 1767 1566 1802 μὴ
1582 1767 1611 1800 ἐξ
1625 1767 1809 1802 ὑποκειμένων
1823 1776 1895 1793 ποιο-

1105 1812 1194 1847 τήτων
1228 1812 1276 1843 τὰς
1302 1813 1447 1848 ποιότητας
1465 1812 1679 1848 ἐδημιούργησεν
1697 1812 1712 1838 ὁ
1734 1811 1809 1843 Θεὸς,
1827 1812 1894 1847 μήτε

1106 1857 1199 1884 ἐκτῶν
1213 1858 1322 1888 οὐσιῶν.
1337 1857 1374 1893 τῷ
1391 1858 1456 1893 μηδὲ
1470 1858 1562 1889 οὐσίας
1591 1858 1675 1889 αὑτὰς
1696 1856 1764 1884 εἶναι
1800 1858 1832 1883 ἐκ
1858 1857 1894 1893 μὴ

1105 1902 1188 1928 ὄντων
1197 1902 1279 1934 αὐτὰς
1288 1903 1340 1930 ὑπὸ
1354 1903 1400 1929 τοῦ
1411 1902 1478 1929 Θεοῦ
1486 1902 1624 1937 γεγονέναι
1637 1903 1722 1928 εἰπεῖν
1736 1903 1893 1936 ἀναγκαῖον.

1108 1948 1186 1975 Ὅθεν
1202 1949 1335 1984 περιττῶς
1351 1949 1454 1980 ἐδόκεις
1468 1957 1512 1983 μοι
1523 1948 1622 1982 λέγειν⁸
1643 1948 1844 1982 σολλελόγισται
1858 1948 1896 1980 ὼς

1105 1994 1155 2020 οὑκ
1167 1994 1296 2021 ἀδύνατον
1312 1995 1348 2029 (2)
1367 1993 1434 2021 εἶναι
1446 1994 1567 2027 δοξάζειν
1584 1994 1613 2027 ἐξ
1629 1994 1679 2020 οὑκ
1692 1994 1776 2020 ὅντων
1785 1993 1895 2028 γεγονέ-

1105 2048 1148 2066 vat
1164 2048 1188 2066 τι
1212 2040 1279 2076 πρὸς
1295 2039 1341 2067 τοῦ
1368 2039 1445 2066 Θεοῦ.
1469 2040 1538 2066 ’Λλλ“
1562 2041 1576 2066 ὁ
1594 2039 1643 2074 μὲν
1669 2039 1706 2074 (5)
1723 2039 1787 2074 περὶ
1800 2039 1894 2065 τούτου

1105 2085 1183 2119 λόγος
1203 2083 1254 2112 ὧδε
1268 2087 1363 2121 ἐχέτω.
1386 2087 1441 2113 Καὶ
1460 2086 1513 2122 γὰρ
1530 2086 1594 2122 παρ’
1611 2087 1676 2121 ἡμῖν
1688 2085 1724 2121 (ιι)
1740 2085 1894 2121 θεωροῦμεν

1106 2131 1264 2166 ἀνθρώπους
1281 2132 1310 2164 ἐξ
1325 2133 1374 2158 οὐκ
1387 2132 1471 2159 ὄντων
1484 2131 1626 2163 ποιοῦντας
1654 2140 1725 2164 τινα,
1746 2132 1769 2158 εί
1793 2131 1840 2157 καὶ
1852 2132 1894 2157 ὅτι

1109 2177 1223 2211 μάλιστα
1239 2177 1344 2204 δοκοῦσι
1361 2179 1448 2204 ποιεῖν
1475 2177 1504 2203 ἐν
1525 2186 1587 2209 τινι,
1602 2175 1657 2203 οἷον
1678 2177 1724 2203 ἐπὶ
1748 2177 1802 2203 τῶν
1816 2177 1894 2212 ἁρχι-

268 2223 364 2248 teriam
392 2223 426 2249 ab
445 2224 520 2250 omni
546 2226 677 2259 qualitate
705 2235 830 2260 vacuam,
858 2237 889 2255 ex
917 2237 970 2263 qua
986 2229 1055 2257 Deus

1107 2224 1238 2250 τεκτόνων
1253 2225 1282 2250 τὸ
1303 2225 1476 2260 παράδειγμα
1492 2224 1628 2259 λάΰωμεν.
1658 2223 1711 2249 Καὶ
1737 2223 1790 2259 γὰρ
1821 2222 1893 2250 οὗτοι

268 2268 399 2295 ntumlum
418 2269 490 2296 hunc
509 2272 669 2304 procrearit,
682 2280 744 2299 cum
761 2281 793 2300 eo
807 2274 889 2301 simul
913 2282 974 2301 esse
989 2283 1054 2302 eon-

268 2314 368 2341 tendis.
388 2314 425 2341 lta
439 2315 503 2342 mihi
524 2317 632 2350 quidem
657 2317 776 2346 videtur.
803 2318 872 2354 Ergo
887 2319 910 2346 si
930 2320 964 2346 ah
980 2320 1054 2347 omni

268 2361 399 2395 qualitate
411 2370 494 2389 vacua
514 2363 627 2390 materia
650 2363 712 2397 fuit,
743 2370 768 2391 et
786 2369 946 2399 procreatus
968 2373 982 2392 a
1000 2365 1055 2392 Deo

376 2438 556 2478 Ξενομέιςων
567 2439 670 2478 ἀύτῷ..
724 2440 873 2478 γινομένων
891 2442 920 2467 ἐν
933 2442 1016 2478 αὑτῷ.

304 2473 360 2512 (9_8)
376 2473 466 2512 "mn?
481 2474 536 2509 γὰρ
551 2473 627 2512 εἶναι
639 2475 745 2508 θέλεις.
762 2473 957 2510 Disputationis
974 2473 1054 2512 hujus

270 2508 352 2534 cardo
369 2509 495 2547 postulat,
508 2515 537 2536 ut
553 2510 708 2547 ἀγέννητον
718 2508 867 2544 inseratur;
882 2520 996 2547 eamque
1009 2508 1056 2540 ἱ-ο-

270 2550 328 2569 Cem
346 2544 469 2576 proxime
485 2546 680 2577 consequentia
694 2546 859 2573 drsirlerant.

307 2577 364 2615 (99)
391 2578 539 2612 Ἕχεσθαι.
569 2580 728 2615 Corrigend.
757 2589 789 2608 cx
820 2583 897 2610 alter.
927 2590 1052 2610 manusc.

270 2611 410 2652 ἔρχεσθαι,
422 2611 502 2652 quam
520 2611 718 2652 lec_tion.etiam
734 2616 849 2644 Montac.
867 2622 1053 2652 repraesentat.

290 2621 302 2648 ρ
321 2621 410 2643 εσοαι,
422 2622 502 2643 quam
520 2621 718 2642 teetton.ettam
734 2621 849 2644 Montac.
867 2622 1053 2652 repraesentat.

290 2621 344 2688 “)(l)
363 2648 519 2688 Hotdtntsq
533 2650 591 2676 τῶν
606 2651 771 2688 ποιοτήτων
789 2653 919 2685 ποιότης.
943 2653 1011 2688 Lege
1029 2658 1056 2681 et

270 2682 417 2723 distingue,
438 2684 591 2720 ποιότητες,
608 2685 662 2712 τῶν
678 2682 827 2722 ποιοτήτων
844 2682 1054 2723 ποιητής,”ριιιη

271 2717 320 2744 alt.
335 2725 458 2744 ntanusc.

272 2787 278 2793 ι
298 2751 343 2794 Δ(⁸2)
363 2753 704 2794 Ep.l..l£.1drlcr.raldi_g_obx
716 2757 802 2783 ἀδύν.
814 2766 842 2785 κ.
851 2766 876 2783 τ.
887 2759 910 2784 λ.
922 2758 1055 2794 Corrupta

271 2790 322 2828 ista
333 2792 478 2828 suntdl'tec
497 2790 603 2828 saniora
620 2791 664 2828 illa
691 2800 839 2828 manuser.,
855 2790 1055 2828 συλλελόγισται

270 2822 366 2863 diioui:
390 2821 522 2863 ἁδύγατοιί
534 2825 566 2863 ἐξ
575 2826 628 2863 ,οὑκ
643 2826 726 2863 ὄντων
736 2821 901 2863 δημιουργὸν
913 2829 957 2855 τὸν
971 2821 1054 2860 Θεὸν.

271 2856 400 2885 ἀδύνατον
422 2855 488 2884 εἶναι
508 2858 613 2893 δοξάζ.,
630 2867 679 2888 etc.
697 2855 785 2889 Facile
811 2855 900 2890 taitien
916 2855 1053 2892 emendari

1106 2270 1212 2297 ποιοῦσι
1225 2271 1316 2302 πόλεις
1328 2271 1377 2297 οὐκ
1390 2272 1421 2296 ὲκ
1436 2270 1548 2302 πόλεων,
1569 2270 1615 2296 καλ¹
1634 2270 1713 2301 ναοὺς
1728 2270 1828 2304 ὁμοίως
1844 2270 1894 2296 οὐκ

1105 2317 1136 2343 ὲκ
1150 2317 1230 2343 ναῶν.
1246 2318 1276 2343 Εἰ
1288 2317 1310 2343 δ’
1329 2318 1369 2344 ὅτι
1382 2317 1486 2348 τούτοις
1503 2317 1591 2343 οὐσίαι
1616 2316 1784 2346 ὑπόκεινται,
1799 2315 1849 2342 οἴει
1864 2316 1894 2348 ἐξ

1104 2363 1188 2389 ὄντων
1198 2363 1294 2394 αὐτοὺς
1306 2363 1392 2390 ταῦτα
1405 2365 1501 2395 ποιεῖν,
1515 2361 1618 2397 σφάλλῃ
1629 2361 1668 2397 τῷ
1681 2361 1762 2397 λόγῳ·
1772 2361 1894 2397 οὐδὲγὰρ

1104 2453 1267 2513 ἓὲμςέμηῐὲιὶἱ
1281 2452 1389 2488 legeris,
1405 2453 1442 2485 ὼς
1457 2452 1659 2486 συλλελόγισται
1676 2451 1806 2478 ἀδύνατον
1822 2450 1892 2478 εἶναι

1135 2499 1146 2513 ε
1169 2499 1205 2513 ι...
1258 2508 1271 2513 ..

1119 2488 1205 2520 οξάζ.,
1220 2492 1271 2514 etc.

1139 2522 1177 2557 (5)
1204 2523 1280 2549 Ἀλλ’
1298 2523 1314 2549 ό
1330 2521 1398 2557 μέν.
1415 2521 1564 2550 Concessio
1586 2529 1639 2550 non
1663 2526 1721 2556 est,
1742 2521 1790 2550 sed
1812 2522 1892 2557 quasi

1105 2558 1241 2584 transitio.

1141 2593 1179 2625 (4)
1197 2592 1250 2619 Kal
1268 2592 1322 2627 γὰρ
1337 2593 1406 2626 παρ’
1424 2592 1505 2627 ἡμῖν.
1529 2591 1678 2620 Subtiliora
1702 2596 1785 2625 sunt,
1807 2599 1890 2626 quam

1107 2628 1236 2655 solidiora
1247 2648 1254 2659 ,
1271 2635 1332 2662 quae
1348 2632 1509 2662 sequuntur.
1531 2627 1586 2655 Nec
1608 2628 1681 2655 enim
1698 2627 1809 2658 ὑλώδεις
1829 2627 1889 2658 isti.

1105 2663 1236 2690 mundum
1257 2670 1289 2689 ex
1312 2663 1365 2689 alio
1382 2662 1501 2694 mundo,
1526 2663 1572 2690 sed
1596 2670 1629 2690 ex
1658 2662 1770 2690 materia
1787 2662 1889 2689 factum

1106 2699 1248 2729 volebant;
1272 2702 1298 2724 et
1321 2698 1406 2728 satis,
1428 2699 1542 2732 opinor,
1566 2697 1711 2729 vidissent,
1736 2702 1809 2725 artes
1831 2697 1891 2724 illas

1107 2733 1259 2766 singulares
1281 2740 1313 2759 ac
1331 2733 1464 2767 proprias,
1485 2741 1540 2760 non
1564 2732 1619 2767 jam
1635 2740 1667 2759 ex
1683 2733 1767 2759 nihilo
1781 2737 1891 2766 repente

1107 2768 1199 2799 nasci,
1223 2767 1270 2795 sed
1284 2768 1340 2794 acri
1353 2768 1453 2799 studio,
1467 2768 1616 2795 continenti
1632 2775 1694 2799 usu,
1713 2767 1837 2802 improbo
1852 2768 1892 2795 la-

1106 2802 1182 2834 bore,
1201 2811 1232 2830 ac
1247 2803 1377 2830 similium
1394 2803 1494 2830 artium
1507 2803 1659 2831 imitatione
1672 2803 1804 2838 paulatim
1818 2803 1891 2830 exci-

1106 2837 1157 2864 tari
1172 2846 1202 2865 ac
1215 2838 1316 2873 perﬁci.
