2070 3206
176 161 211 188 73
773 161 933 191 PREPAR.
954 162 1081 192 EVANG.
1101 162 1166 193 LlB.
1188 163 1243 192 νη.

1742 167 1795 196 574

160 219 176 253 ἡ
191 218 271 245 οὐσία
289 219 365 245 ἐστὶν
381 219 397 255 ή
414 218 526 245 ποιοῦσα
538 218 587 255 τὴν
603 219 689 252 πόλιν,
707 220 724 256 ἢ
738 218 771 247 αὖ
785 222 848 253 τοὺς
865 222 951 254 ναοὺς,

1009 224 1126 249 mundus
1143 227 1198 255 est,
1210 226 1237 249 et
1255 221 1399 257 qualitates
1422 222 1449 249 in
1474 222 1576 250 mundo
1587 227 1660 257 sunt,
1681 224 1793 252 istarum

163 265 217 291 ἁλλ’
226 266 243 300 ἡ
257 265 322 301 περὶ
330 265 379 300 τὴν
390 265 482 292 οὐσίαν
490 265 580 301 τέχνη’
595 267 612 301 ή
623 266 651 293 δὲ
659 267 739 302 τέχνη
751 268 836 300 οὐκὲξ
846 268 956 294 ὑποκει-

163 311 246 346 μένης
257 310 332 342 τινὸς
349 311 378 336 ὲν
396 311 456 342 ταῖς
478 310 583 342 οὐσίαις
601 311 699 346 τέχνης
714 311 828 345 γίνεται,
853 313 912 339 ἀλλ’
927 313 956 346 ἐξ

163 358 212 383 οὐκ
226 356 311 391 οὕσης
326 357 356 382 ὲν
368 357 463 388 αὑταῖς
473 356 588 390 γίνεται.
614 357 791 393 Ἀπαντήσειν
809 357 838 384 δέ
853 367 897 394 μοι
911 359 956 385 δο-

163 403 221 434 κεῖς
242 401 314 428 οὕτω
331 401 370 437 τῷ
383 401 463 437 λόγῳ,
477 403 518 429 ὅτι
532 402 546 427 ὁ
556 403 681 438 τεχνίτης
694 403 723 436 ἐξ
738 401 772 439 ἦς
786 403 842 438 ἔχει
858 404 956 440 τέχνης

161 451 209 485 τὴν
227 451 256 477 ἐν
272 452 304 486 τῇ
317 451 397 486 οὐσίᾳ
409 450 506 486 τέχνην
517 452 599 478 ποιεῖ.
617 450 689 487 Πρὸς
700 451 728 477 δὲ
739 451 818 478 τοῦτο
828 451 956 486 λέγεσθαι

160 498 233 524 τοῦτ’
248 495 277 524 εὖ
292 497 363 532 ἔχειν
375 506 421 532 μοι
434 497 516 529 δοκεῖ,
532 498 573 524 ὅτι
599 498 658 524 οὐδὲ
673 498 702 523 ὲν
713 497 751 533 τῷ
776 498 911 534 ἀνθρώπῳ
925 499 956 526 ἐκ

160 551 233 574 τινος
249 543 430 578 ὑποκειμένης
457 542 555 578 τέχνης
577 543 691 577 γίνεται.
709 543 746 570 Οὐ
770 543 824 580 γὰρ
851 544 955 571 ἔνεστιν

160 591 245 626 αὐτὴν
257 591 300 626 ἐφ’
317 590 415 626 ἑαυτῆς
428 588 510 618 οὖσαν
527 590 618 617 δοῦναι
640 591 689 626 τὴν
710 591 815 626 τέχνην·
834 591 887 618 τῶν
900 591 955 628 γὰρ

161 636 373 672 συμϐεϐηκότων
388 637 456 669 ἐστὶ,
477 637 524 663 καὶ
552 637 605 663 τῶν
629 637 689 664 τότε
701 637 732 664 τὸ
755 635 824 664 εἶναι
846 638 954 673 λαμϐα-

158 682 270 713 νόντων,
291 682 390 709 ὁπόταν
403 683 431 708 ὲν
447 682 525 718 οὐσίᾳ
539 682 677 716 γίνωνται.
705 683 734 709 ’0
753 683 801 718 μὲν
826 683 881 718 γὰρ
906 684 954 710 άν-

159 727 270 763 θρωπος
283 728 330 754 καὶ
345 728 429 763 χωρὶς
440 728 492 763 τῆς
505 728 728 766 ἀρχιτεκτονικῆς
742 728 827 754 ἔσται·
838 729 855 764 ὴ
871 728 892 755 δ’
904 728 954 755 οὐκ

158 773 246 804 ἔσται,
259 773 305 800 ἐὰν
315 773 351 809 μὴ
366 773 496 809 πρότερον
511 773 654 809 ἄνθρωπος
670 771 782 810 ᾖ.”Ὀθεν
795 773 845 805 τὰς
857 773 953 808 τέχνας

158 817 188 850 ἐξ
204 817 254 844 οὐκ
271 817 355 844 ὄντων
371 818 411 850 είς
426 817 584 853 ἀνθρώπους
597 819 747 853 πεφυκέναι
762 819 883 853 γίνεσθαι
910 818 953 845 λέ-

156 871 217 897 γειν
229 864 388 898 ἀναγκαῖον.
405 864 435 891 Et
449 865 538 891 τοίνυν
564 864 644 891 τοῦτο
667 864 753 896 οὕτως
772 864 832 900 ἕχον
848 865 891 891 ἐπ’
905 866 952 892 ἀν-

1008 267 1130 302 profecto
1147 268 1308 302 qualitatum
1326 272 1422 295 auctor
1437 267 1508 296 Deus
1521 274 1572 297 est.
1587 268 1696 305 Utique.
1719 270 1793 304 Quo-

1008 314 1081 340 niam
1097 314 1179 349 igitur
1194 322 1226 340 ex
1244 318 1270 340 te
1288 314 1347 348 ipso
1361 314 1443 349 paulo
1456 320 1519 342 ante
1534 316 1687 350 audiebam,
1699 325 1732 344 ex
1756 318 1795 344 ni-

1007 360 1063 387 hilo
1075 360 1131 387 ﬁeri
1150 359 1220 386 nihil
1233 360 1346 387 omnino
1368 367 1459 394 posse,
1480 361 1531 388 hoc
1545 366 1572 388 tu
1595 362 1661 388 mihi
1683 370 1795 397 respon-

1006 405 1073 432 deas
1086 405 1178 431 velim.
1203 404 1361 437 Existimas,
1383 406 1409 431 ni
1425 405 1514 438 fallor,
1537 407 1630 434 mundi
1649 408 1793 442 qualitates

1006 459 1094 486 neque
1111 451 1242 486 subjectis
1255 459 1288 478 ex
1301 451 1476 486 qualitatibus
1489 453 1574 480 laetas
1586 461 1657 487 esse,
1669 459 1696 481 et
1704 459 1792 482 tamen

1006 497 1137 524 anaturis
1152 505 1214 524 esse
1229 497 1373 524 distinctas
1398 499 1518 525 omnino.
1542 498 1570 526 Si
1591 507 1655 534 ergo
1674 501 1792 535 qualita-

1006 547 1049 570 tes
1064 550 1079 570 a
1094 542 1159 575 Deo,
1185 550 1274 577 neque
1291 543 1424 577 subjectis
1440 551 1473 570 ex
1491 545 1678 578 qualitatibus,
1704 553 1793 580 neque

1007 589 1092 615 etiam
1106 596 1137 615 ex
1151 589 1260 615 naturis
1271 589 1411 623 productae
1437 589 1501 621 sint,
1519 590 1591 624 quod
1609 595 1714 617 natura:
1737 598 1792 618 non

1005 635 1070 667 sint,
1084 642 1131 662 eas
1145 643 1179 662 ex
1198 635 1286 663 nihilo
1297 641 1372 662 certe
1387 636 1496 671 quidem
1507 636 1653 671 productas
1669 645 1728 664 esse
1744 645 1792 664 no-

1004 689 1081 708 cesse
1094 686 1146 709 est.
1162 681 1263 714 Quare,
1280 681 1394 715 frustra,
1418 683 1524 717 opinor,
1539 683 1593 710 tuis
1606 684 1631 710 id
1645 691 1792 718 argumen-

1005 727 1039 753 tis
1053 727 1178 754 ell‘ectutn
1193 734 1254 754 esse
1266 727 1387 760 dicebas,
1404 729 1471 755 nihil
1495 733 1525 755 ut
1552 730 1664 756 omnino
1675 729 1746 757 Deus
1758 737 1791 756 ex

1004 773 1089 800 nihilo
1105 772 1210 801 ellicere
1223 774 1346 808 potuisse
1360 775 1525 802 crederetur.
1543 773 1704 810 Quanquam
1719 776 1794 803 hunc

1002 819 1084 845 etiam
1104 819 1130 845 in
1149 819 1260 846 modum
1275 820 1326 847 hac
1341 819 1399 854 ipsa
1411 820 1444 847 de
1465 828 1494 847 re
1508 820 1646 855 disputare
1662 821 1733 848 licet.
1750 822 1792 849 Ab

1004 864 1159 892 hominibus
1173 865 1310 892 interdum
1325 865 1458 898 videmus,
1484 873 1518 893 ex
1555 874 1599 897 eo,
1625 867 1698 901 quod
1726 875 1792 895 nus-

157 910 275 946 θρώπων
290 909 441 946 ἐδείξαμεν,
457 910 517 942 πῶς
536 910 596 945 οὐχ).
627 911 748 946 προσῆκε
768 910 814 937 τὸν
832 910 897 937 Θεὸν
912 911 949 946 μὴ

1002 917 1083 944 quam
1098 915 1152 942 est,
1168 910 1299 937 nonnulla
1314 911 1383 944 ﬁeri,
1399 915 1429 938 ut
1443 911 1468 937 iu
1486 911 1540 938 alio
1555 911 1684 946 quopiam
1699 920 1793 940 susce-

158 957 238 992 μόνον
252 957 398 992 ποιότητας
410 957 439 989 ἐξ
452 957 502 984 οὐκ
514 957 597 984 ὅντων
612 957 694 993 φάναι
707 957 836 985 δύνασθαι
851 959 948 989 ποιεῖν,

155 1002 224 1029 ἀλλὰ
239 1003 286 1028 καὶ
299 1003 392 1034 οὐσίας
404 1010 412 1034 ;
426 1003 462 1029 Τὸ
481 1003 536 1038 γὰρ
551 1003 663 1029 δυνατὸν
692 1003 809 1038 φανῆναι
828 1003 950 1037 γίνεσθαί

155 1057 182 1074 τι
209 1049 238 1081 ἐξ
255 1049 306 1076 οὐκ
333 1049 427 1080 ὄντων,
457 1049 488 1075 τὸ
515 1049 562 1075 καὶ
583 1048 632 1080 τὰς
653 1048 748 1080 οὐσίας
770 1049 857 1081 οὕτως
880 1049 950 1084 ἔχειν

154 1095 302 1122 δείκνυται.

1003 961 1078 990 ptum
1090 964 1160 991 opus
1177 956 1286 984 efﬁcere
1316 957 1437 984 maxime
1452 957 1604 984 videantur.
1620 956 1699 989 Nam,
1717 962 1746 985 ut
1764 958 1792 985 in

1004 1002 1160 1030 architectis
1176 1002 1329 1038 exemplum
1342 1008 1505 1036 statuamus,
1523 1004 1603 1031 urbes
1621 1004 1657 1030 illi
1670 1004 1791 1039 quidem,

1005 1056 1059 1076 non
1069 1053 1159 1075 tamen
1169 1056 1201 1075 ex
1216 1049 1346 1081 urbibus;
1358 1050 1458 1083 templa
1471 1057 1589 1084 quoque,
1607 1057 1661 1077 non
1677 1058 1709 1077 ex
1724 1055 1793 1077 tem-
1819 1074 1825 1079 .

1006 1095 1058 1129 plis
1073 1095 1218 1122 aadiﬁcant.
1244 1094 1272 1122 Si
1297 1095 1368 1122 enim
1384 1095 1456 1130 quod
1485 1096 1644 1123 substantiae
1667 1097 1791 1130 quaedam

154 1141 189 1167 iis
205 1141 335 1176 subjecta:
350 1140 414 1173 sint,
427 1141 488 1169 illos
512 1140 614 1168 ideirco
626 1148 657 1167 ex
675 1140 708 1168 iis
728 1148 789 1176 quae
799 1144 862 1168 ante
884 1140 939 1175 jam
964 1144 1067 1174 essent,
1086 1141 1137 1168 ista
1154 1141 1244 1168 moliri
1268 1142 1427 1175 existimes,
1462 1147 1538 1169 tuum
1556 1147 1582 1170 te
1604 1142 1672 1170 fallit
1709 1151 1791 1178 argu-

154 1194 289 1216 mentum.
306 1189 360 1218 Nec
374 1190 445 1217 enim
458 1189 593 1224 ejusmodi
609 1189 773 1221 substantia,
790 1189 828 1216 vel
840 1189 988 1220 urbem,vel
1005 1190 1147 1224 templum,
1173 1189 1265 1222 elﬁcit,
1293 1189 1339 1217 sed
1361 1197 1392 1217 ea
1421 1193 1526 1217 tantum
1556 1197 1600 1216 ars
1632 1197 1693 1224 qua:
1717 1190 1790 1217 circa

154 1236 339 1263 substantiam
354 1241 487 1263 versatur.
502 1235 554 1263 Ars
581 1236 632 1262 ista
649 1243 741 1270 porro,
760 1243 812 1262 non
827 1235 883 1270 jam
908 1243 941 1263 ex
975 1236 1056 1263 simili
1081 1237 1199 1271 quodam
1208 1237 1274 1264 artis
1285 1244 1393 1271 genere,
1418 1237 1492 1270 quod
1519 1236 1553 1264 iis
1576 1236 1735 1264 substantiis
1751 1237 1792 1264 in-

156 1282 297 1315 cludatur,
313 1282 417 1314 existit,
443 1282 488 1310 sed
505 1290 539 1309 ex
558 1282 630 1309 nulla
659 1289 771 1317 prorsus
785 1287 940 1316 antegressa
974 1282 1000 1309 in
1015 1283 1067 1310 illis
1083 1287 1142 1310 arte
1167 1283 1316 1318 perﬁcitur.
1346 1284 1381 1310 At
1403 1283 1476 1310 enim
1494 1291 1633 1316 occurres,
1660 1283 1791 1311 artiﬁcem

154 1336 186 1355 ex
201 1336 232 1355 ea
241 1329 353 1355 demum
368 1336 422 1363 qua
440 1329 568 1363 praeditus
592 1333 650 1356 arte
671 1333 723 1360 est,
752 1334 837 1356 artem
867 1329 892 1355 in
921 1329 1082 1356 substantiae
1111 1329 1248 1365 geminam
1276 1329 1391 1357 allicere.
1410 1330 1492 1364 Atqui
1518 1338 1551 1358 ne
1569 1330 1594 1356 in
1613 1330 1670 1364 ipso
1681 1330 1790 1365 quidem

154 1375 277 1407 homine,
291 1383 324 1402 ex
339 1380 496 1411 antegressa
514 1376 631 1410 quadam
657 1381 716 1403 arte
738 1383 784 1403 ars
804 1376 849 1402 illa
881 1375 1030 1410 perﬁcitur.
1058 1375 1113 1403 Nec
1140 1376 1213 1403 enim
1250 1375 1291 1403 fas
1305 1381 1347 1403 est
1364 1381 1450 1403 artem
1466 1384 1526 1411 quae
1548 1383 1595 1410 per
1619 1383 1648 1403 se
1674 1376 1731 1410 ipsa
1744 1376 1791 1410 sit,

153 1421 236 1448 ullam
257 1426 387 1455 statuere,
412 1429 473 1449 cum
501 1422 685 1449 accidentium
715 1422 838 1458 adeoque
856 1431 946 1449 rerum
963 1423 1070 1450 illarum
1099 1431 1139 1453 ex.
1162 1431 1260 1458 genere
1294 1424 1340 1456 sit,
1368 1431 1428 1458 quae
1454 1428 1511 1450 tum
1539 1423 1656 1457 primum
1680 1423 1792 1451 alterius

153 1467 288 1495 beneﬁcio
319 1475 379 1495 esse
406 1468 549 1503 incipiunt,
581 1477 643 1496 cum
660 1470 686 1496 in
718 1470 869 1497 substantia
895 1470 1093 1504 producuntur.
1125 1469 1207 1505 340
1244 1470 1360 1501 Etenim,
1389 1473 1419 1497 ut
1443 1469 1624 1496 architectura
1649 1469 1723 1496 nulla
1745 1470 1790 1503 sit,

153 1513 236 1541 homo
251 1519 342 1541 tamen
354 1515 421 1548 erit;
440 1516 544 1548 eadem,
560 1516 581 1543 si
595 1524 648 1543 non
663 1517 740 1551 prius
760 1517 842 1544 homo
864 1517 957 1548 fuerit,
992 1525 1053 1545 esse
1064 1517 1137 1543 nulla
1151 1517 1259 1551 poterit.
1276 1517 1313 1544 lta
1331 1516 1546 1544 concludendum
1572 1516 1726 1543 necessario
1738 1523 1789 1550 est,

153 1559 291 1594 ejusmodi
304 1561 403 1588 artium
418 1569 478 1589 esse
497 1566 634 1596 naturam,
649 1566 679 1589 ut
697 1563 724 1590 in
744 1563 902 1590 hominibus
913 1571 946 1589 ex
962 1570 995 1590 eo
1009 1563 1080 1598 quod
1104 1571 1238 1598 nusquam
1260 1568 1311 1594 est,
1331 1563 1465 1590 oriantur.
1498 1562 1575 1595 Quod
1601 1562 1623 1589 si
1649 1569 1741 1589 verum
1763 1563 1790 1590 in

154 1606 313 1634 hominibus
334 1614 395 1635 esse
413 1607 594 1641 ostendimus,
611 1609 794 1644 quisquamne
805 1617 887 1644 porro
903 1617 1003 1644 negare
1015 1609 1123 1641 audeat,
1135 1617 1168 1636 ex
1181 1610 1266 1637 nihilo
1299 1610 1342 1636 vel
1372 1609 1527 1644 qualitates,
1552 1609 1593 1636 vel
1626 1608 1700 1643 ipsas
1723 1616 1792 1643 quo-

153 1660 207 1686 que
223 1653 392 1681 substantias
407 1662 423 1681 a
439 1653 494 1681 Deo
511 1655 568 1682 ﬁeri
596 1655 695 1689 posse?
712 1655 780 1682 Nam
799 1664 860 1691 qua:
876 1656 945 1684 ratio
969 1656 1027 1683 ﬁeri
1044 1656 1158 1683 omnino
1174 1657 1322 1692 quidquam
1341 1663 1374 1683 ex
1405 1656 1490 1683 nihilo
1515 1663 1596 1691 posse
1611 1656 1790 1690 demonstrat,

154 1699 249 1726 eadem
269 1699 295 1726 in
310 1699 470 1727 substantiis
485 1708 593 1736 quoque
602 1702 690 1729 valere
709 1701 798 1730 debet.

193 1755 202 1770 ι
226 1745 302 1772 Ἐπεὶ
315 1746 343 1772 δὲ
373 1746 454 1778 πόθος
481 1747 538 1773 ἐστι
567 1757 606 1774 σοι
640 1748 705 1783 περὶ
731 1749 781 1784 τῆς
799 1749 865 1775 ’τῶν
897 1758 948 1775 κα-
965 1753 986 1781 C

155 1791 212 1818 κῶν
230 1792 364 1826 γενέσεως
377 1791 476 1828 ζητεῖν,
489 1794 536 1820 ἐπὶ
555 1794 601 1821 τὸν
624 1794 726 1821 τούτων
745 1795 889 1830 ἐλεύσομαι
904 1795 949 1821 λό-

155 1846 214 1872 γον.
231 1838 286 1865 Καί
301 1847 347 1864 σου
363 1839 464 1874 βραχέα
480 1839 613 1867 πυθέσθαι
642 1840 781 1876 βούλομαι.
810 1840 852 1867 Τὰ
876 1840 950 1867 κακὰ

156 1883 272 1919 πότερον
285 1884 373 1910 οὐσίαι
387 1894 427 1911 σοι
438 1885 561 1912 δοκοῦσιν
571 1884 639 1912 εἶναι
653 1886 670 1921 ἢ
686 1886 828 1922 ποιότητες
839 1887 948 1920 οὐσιῶν;

154 1929 306 1964 Ποιότητας
321 1930 419 1957 οὐσιῶν
436 1929 465 1958 εὖ
481 1931 552 1967 ἔχειν
578 1931 667 1966 λέγειν
684 1941 729 1968 μοι
758 1932 839 1959 δοκεῖ.
874 1933 906 1959 Ἦ
920 1932 950 1959 δὲ

155 1974 207 2010 ὕλη
221 1976 316 2007 ἄποιος
325 1973 357 2010 ἦν
371 1977 418 2003 καὶ⁴
431 1977 643 2012 ἀσχημάτιστος,
663 1977 735 2004 οὕτω
751 1978 894 2011 προλαϐὼν
910 1979 948 2015 (5)

155 2021 263 2053 ἐξεῖπον
274 2022 405 2057 τῷλόγῳ.
424 2023 528 2050 Οὐκοῦν
541 2025 565 2050 εἰ
577 2025 611 2051 τὰ
620 2024 692 2051 κακὰ
704 2025 846 2060 ποιότητες
862 2026 950 2061 ὑπάρ-

155 2075 251 2101 χουσιν
264 2067 372 2099 οὐσιῶν,
389 2069 404 2103 ἡ
422 2068 450 2095 δὲ
461 2069 511 2104 ὕλη
526 2069 620 2101 ἄποιος
628 2067 671 2105 ἦν,
686 2070 740 2096 τῶν
754 2070 782 2096 δὲ
800 2071 950 2106 ποιοτήτων

155 2113 271 2148 ποιητὴν
286 2111 365 2146 εἴπας
380 2115 424 2141 τὸν
447 2114 512 2141 Θεὸν
530 2113 610 2148 εἶναι,
627 2115 703 2142 ἔσται
727 2117 773 2142 καὶ
785 2116 839 2142 τῶν
856 2116 949 2143 κακῶν

154 2156 320 2193 δημιουργὸς
334 2160 347 2185 ὀ
363 2159 437 2191 θεός.
459 2160 522 2186 Ὅτε
540 2160 629 2186 τοίνυν
654 2161 710 2188 οὐδ’
730 2161 815 2192 οὕτως
831 2161 949 2188 ἀναίτιον

154 2203 211 2229 τῶν
242 2204 336 2230 κακῶν
361 2206 448 2232 εἰπεῖν
465 2206 577 2233 δυνατὸν
600 2206 646 2232 τὸν
674 2207 750 2239 Θεὸν,
780 2207 845 2242 ὕλην
876 2207 950 2244 αὐτῷ

154 2249 325 2285 προσάπτειν
340 2251 466 2286 περιττὸν
489 2250 559 2279 εἶναί
589 2261 632 2288 μοι
645 2253 726 2279 δοκεῖ.
746 2254 776 2280 Εἰ
794 2254 822 2279 δέ
838 2262 864 2280 τι
881 2254 950 2289 πρὸς

153 2294 242 2321 ταῦτα
257 2296 345 2330 λέγειν
359 2296 441 2332 ἔχεις,
466 2297 549 2334 ἄρχου
566 2299 612 2325 τοῦ
632 2299 722 2334 λόγου.
742 2300 772 2326 Εἰ
790 2300 839 2336 μὲν
855 2301 887 2326 ἐκ
904 2309 948 2334 φι-

153 2340 291 2374 λονεικίας
306 2344 371 2378 ἡμῖν
399 2345 415 2379 ὴ
435 2344 548 2380 ζήτησις
564 2346 678 2379 ἐγίνετο,
704 2347 755 2372 οὐκ
768 2346 800 2373 ἂν
824 2346 949 2382 δεύτερον

155 2388 287 2423 περὶτῶν
316 2390 410 2416 κακῶν
437 2391 528 2426 ἠξίουν
550 2391 697 2427 ὁρίζεσθαι·
726 2394 787 2419 ἐπεὶ
811 2393 839 2420 δὲ
859 2393 949 2427 φιλίας

1043 1756 1052 1772 ι
1073 1745 1125 1774 Sed
1139 1747 1268 1782 quoniam
1284 1747 1318 1774 de
1339 1747 1472 1774 malorum
1488 1746 1676 1782 procreatione
1689 1747 1790 1782 aliquid

1001 1793 1096 1820 audire
1107 1793 1201 1828 gestis,
1219 1793 1245 1820 in
1258 1801 1316 1820 eam
1331 1794 1459 1828 deinceps
1471 1793 1684 1828 disputationem
1701 1794 1792 1829 ingre-

1000 1840 1068 1868 diar.
1083 1839 1121 1867 Ae
1137 1840 1253 1874 primum
1271 1847 1356 1874 pauca
1365 1847 1398 1866 ex
1415 1844 1440 1866 te
1455 1840 1588 1867 sciscitari
1606 1841 1680 1867 libet.
1694 1841 1791 1868 Utrum

1000 1892 1065 1920 ergo
1073 1885 1143 1912 mala
1157 1885 1334 1917 substantias,
1353 1892 1387 1910 an
1413 1884 1630 1911 substantiarum
1646 1885 1791 1919 qualitates

1000 1937 1060 1957 esse
1072 1929 1172 1964 putas?
1185 1928 1404 1956 Substantiarum
1419 1928 1578 1963 qualitates,
1594 1929 1694 1963 inquis.
1709 1929 1790 1964 Atqui

1000 1975 1114 2002 materia
1127 1980 1157 2002 ut
1170 1974 1311 2009 qualitate,
1330 1973 1369 2000 sie
1381 1973 1466 2007 ﬁgura
1484 1974 1558 2000 omni
1589 1973 1704 2008 spoliata
1716 1979 1789 2007 erat;

1000 2021 1052 2049 hoc
1065 2022 1137 2048 enim
1153 2021 1210 2055 jam
1227 2020 1397 2054 anteposito,
1413 2020 1565 2046 institutam
1580 2020 1789 2054 disputationem

1000 2072 1161 2103 persecutus
1173 2074 1244 2094 sum.
1257 2066 1352 2102 Igitur,
1371 2066 1394 2092 si
1422 2070 1448 2092 et
1466 2065 1682 2092 substantiarum
1699 2065 1789 2100 quali-

1001 2119 1070 2141 tates
1086 2113 1158 2140 mala
1170 2117 1243 2145 sunt,
1257 2117 1283 2139 et
1301 2112 1412 2139 materia
1431 2111 1561 2146 qualitate
1575 2111 1649 2138 omni
1669 2113 1790 2141 carebat.

1000 2160 1084 2187 Deum
1099 2167 1181 2194 porro
1194 2159 1355 2194 qualitatum
1367 2163 1505 2185 auctorem
1519 2165 1578 2184 esse
1590 2157 1731 2185 confessus
1741 2165 1789 2192 es;

1000 2206 1051 2233 erit
1066 2206 1136 2232 idem
1150 2206 1284 2232 malorum
1314 2205 1396 2231 etiam
1420 2204 1597 2231 architectus.
1630 2203 1722 2238 Itaque
1734 2203 1791 2232 Deo

1000 2253 1142 2279 materiam
1174 2252 1322 2287 atljungcre
1343 2259 1575 2286 supervacaneum
1595 2255 1646 2284 est,
1668 2259 1730 2278 cum
1758 2259 1791 2278 ne

1001 2299 1040 2326 sic
1060 2299 1169 2333 quidem
1191 2298 1326 2324 malorum
1348 2299 1535 2332 procreatione
1552 2298 1670 2324 solutum
1687 2302 1714 2324 et
1738 2297 1789 2324 im-

1000 2352 1108 2371 munem
1126 2343 1211 2370 Deum
1222 2344 1321 2370 habere
1336 2345 1435 2378 possis.
1447 2342 1499 2376 Tu,
1515 2343 1536 2370 si
1549 2343 1613 2378 quid
1628 2344 1710 2370 habes
1719 2343 1790 2377 quod

1001 2391 1064 2417 huic
1080 2395 1242 2425 argumento
1254 2390 1428 2424 respondeas,
1446 2389 1534 2423 incipe
1549 2397 1622 2416 vero.
1637 2389 1670 2415 Et
1682 2389 1789 2424 quidem

155 2434 237 2461 ἕνεκα
252 2435 361 2470 μᾶλλον,
377 2437 424 2463 καὶ
442 2438 491 2472 τῆς
518 2438 585 2473 πρὸς
598 2438 642 2464 τὸν
671 2439 783 2474 πλησίον
815 2439 947 2473 ὠφελείας

1002 2437 1021 2463 si
1044 2435 1226 2463 contentionis
1236 2440 1263 2462 et
1278 2443 1375 2470 pugna
1386 2435 1486 2468 studio,
1507 2435 1564 2462 haec
1577 2443 1591 2462 a
1610 2435 1687 2462 nobis
1698 2443 1791 2462 susce-

155 2480 205 2515 τὴν
218 2480 340 2512 ἐξέτασιν
372 2483 522 2518 ποιούμεθα
547 2484 602 2510 τῶν
627 2485 724 2519 λόγων,
755 2485 856 2511 ἄνωθεν
884 2485 949 2521 περὶ

153 2526 260 2553 τούτων
273 2528 412 2563 ὁρίζεσθαι
426 2529 494 2561 ἀξιῶ
512 2532 671 2566 συγχωρεῖν.
688 2530 742 2566 Τὴν
755 2531 804 2566 μὲν
821 2531 950 2566 προαίρε-

156 2581 201 2598 σιν
212 2574 262 2608 τὴν
275 2574 345 2609 ἐμὴν
362 2575 393 2601 ἐκ
410 2575 507 2601 πολλοῦ
524 2585 564 2602 σοι
579 2576 698 2612 φανερὰν
714 2575 783 2603 εἶναι
808 2577 888 2608 δοκῷ,
902 2578 949 2604 καὶ

154 2619 205 2655 τὴν
219 2620 247 2646 ἐν
267 2622 324 2652 τοῖς
348 2621 438 2656 λόγοις
462 2623 590 2658 σπουδὴν,
604 2624 644 2649 ὅτι
674 2624 704 2649 οὐ
730 2624 849 2657 πιθανῶς
865 2625 949 2651 εἰπὼν

155 2664 254 2699 ψεῦδος
270 2666 380 2700 νικῆσαι
396 2666 474 2699 θέλω,
501 2667 568 2695 ἀλλὰ
586 2667 722 2704 δειχθῆναι
740 2669 787 2705 τὴν
820 2669 948 2704 ἀλήθειαν

158 2712 228 2746 μετὰ
245 2712 376 2747 ἀκριϐοῦς
389 2712 548 2745 ἐξετάσεως.
563 2713 616 2739 Καὶ
630 2714 659 2739 σὲ
672 2714 700 2740 δὲ
712 2714 783 2740 οὕτω
797 2714 948 2742 διακεῖσθαι

157 2755 251 2788 σαφῶς
265 2756 426 2791 ἐπίσταμαι.
443 2757 524 2784 Ὅθεν
540 2758 588 2792 οἴῳ
600 2758 693 2793 τρόπῳ
719 2758 859 2793 χρώμενος
874 2760 949 2794 νομί-

157 2799 214 2833 ζεις
227 2801 357 2828 δύνασθαι
373 2802 402 2829 τὸ
414 2803 512 2838 ἀληθὲς
527 2804 627 2839 εὑρεῖν,
641 2804 728 2839 τούτῳ
750 2805 849 2840 χρῆσαι
867 2807 948 2841 μηδὲν

999 2487 1044 2518 pta
1055 2482 1202 2516 disputatio
1219 2482 1298 2513 foret,
1313 2482 1446 2509 malorum
1465 2482 1596 2508 rationem
1619 2481 1645 2508 in
1661 2482 1790 2516 qumstio-

1001 2538 1061 2556 nem
1074 2529 1170 2556 iterum
1184 2529 1275 2556 vocari
1294 2537 1346 2556 non
1375 2533 1491 2564 paterer.
1512 2527 1563 2554 Sed
1580 2528 1708 2562 quoniam
1721 2528 1789 2555 ami-

1001 2575 1065 2602 citia
1080 2575 1179 2609 potius,
1203 2579 1229 2601 et
1248 2575 1364 2609 proximi
1392 2574 1497 2601 utilitas
1513 2574 1539 2600 in
1567 2574 1723 2609 hujusmodi
1742 2582 1792 2602 nos

1001 2629 1154 2648 sermonem
1171 2620 1293 2652 adduxit,
1309 2628 1369 2655 age,
1397 2621 1469 2648 hanc
1492 2621 1525 2647 de
1541 2622 1647 2656 integro
1661 2621 1791 2655 qumstin—
1817 2635 1821 2642 -

1003 2675 1063 2694 nem
1081 2667 1232 2701 disceptare
1249 2667 1336 2694 liceat.
1351 2667 1483 2701 Equidem
1506 2675 1615 2694 sensum
1630 2668 1677 2695 tibi
1688 2675 1789 2698 meum.

1002 2714 1100 2749 quidve
1113 2713 1163 2740 hac
1178 2714 1203 2740 in
1225 2714 1410 2748 disputatione
1435 2722 1545 2748 sequar,
1563 2719 1658 2741 notum
1685 2714 1793 2742 abunde

1002 2760 1050 2788 tibi
1066 2764 1093 2787 et
1108 2760 1275 2794 exploratum
1290 2767 1351 2787 esse
1366 2768 1420 2787 nou
1443 2760 1557 2787 dubito:
1575 2760 1628 2787 hoc
1655 2768 1697 2787 me
1712 2760 1792 2787 uimi-

1002 2815 1062 2835 rum
1079 2815 1168 2842 agere.
1184 2814 1238 2834 non
1252 2811 1280 2833 ut
1291 2806 1485 2834 verisimilibus
1513 2806 1682 2841 argumentis
1694 2806 1791 2834 falsum

196 2902 231 2937 (5)
254 2903 337 2930 Οῡτω
363 2905 529 2938 προλαϐών.
553 2905 660 2933 Clarius
687 2910 778 2940 esset,
801 2906 872 2934 οὕτω
897 2907 950 2942 γὰρ

1002 2908 1082 2936 πολαό.
1098 2909 1230 2937 Caeterum
1248 2908 1300 2935 hor.
1318 2912 1507 2943 argumentum
1526 2908 1630 2936 ﬁrmius
1648 2911 1700 2936 est.
