2070 3206
177 159 230 188 επ

759 157 919 186 ΡΒᾹΞΡΑΒ.
939 157 1066 185 EVANG.
1089 158 1153 185 LIB.
1177 157 1231 185 VII.

1015 56 1027 69 1

1756 159 1808 188 573

179 217 236 252 σία,
253 216 334 244 ἅτινα
345 217 394 244 οὐκ
406 217 477 243 ἔστιν
497 218 512 252 ή
535 216 628 248 οὐσία,
642 217 680 248 ὡς
704 217 758 244 ἀπὸ
778 217 827 253 τῆς
845 216 970 253 ἰατρικῆς

1023 224 1141 250 quoque,
1157 217 1230 251 quod
1248 216 1382 243 malorum
1395 221 1491 244 auctor
1508 217 1565 252 ipse
1580 217 1616 244 sit
1634 224 1714 252 ;qua:
1727 225 1809 252 porro

181 263 283 299 ἰατρόν,
298 264 329 289 Εἰ
344 263 372 289 δὲ
385 263 415 295 ἐξ
433 260 470 289 ὧν
483 264 598 298 ἐνεργεῖ,
611 263 697 298 ἀρχὴν
712 263 758 289 τοῦ
776 261 843 289 εἶναι
865 263 970 297 λαμϐά-

178 317 228 338 νει,
246 308 349 344 ἤρξατο
363 309 486 340 κάκεῖνος
500 306 567 335 εἶναι
581 309 676 340 κακὸς,
688 309 789 344 ἤρξατο
796 308 825 335 δὲ
837 309 884 336 καὶ
893 309 970 335 ταυτὶ

179 355 212 380 τὰ
225 354 309 381 κακά.
327 355 357 380 Ei
366 354 394 380 δὲ
408 354 494 386 οὕτως
505 354 572 390 ἔχει,
588 356 638 382 οὐκ
655 355 728 382 ἔσται
738 355 863 390 ἀνάρχως
874 354 968 387 κακὸς,

178 399 239 426 οὑδὲ
251 399 388 435 ἀγέννητα
401 399 436 426 τὰ
448 399 531 431 κακὰ,
546 400 584 436 τῷ
596 401 713 436 γεννητὰ
727 401 796 436 πρὸς
807 401 889 428 αὑτοῦ
901 399 970 428 εἶναι

179 445 274 479 (ρὰναι.
294 444 346 471 Τὸν
365 445 413 480 μὲν
426 445 495 480 πρὸς
511 446 557 472 τὸν
572 446 677 482 ἕτερον,
695 444 717 472 ὧ
731 446 801 480 φίλε,
816 447 893 481 λόγον
912 449 971 474 ἱκα-

179 489 232 521 νῶς
249 498 294 524 μοι
306 489 470 526 πεποιῆσθαι
481 490 584 523 δοκεῖς·
598 491 627 523 ὲξ
639 488 676 518 ὧν
692 491 746 527 γὰρ
763 491 914 527 προῦλαὸες
932 491 971 527 τῷ

178 535 262 570 λόγῳ,
276 536 308 562 ὲκ
320 535 421 562 τούτων
438 536 565 570 συνάγειν
578 536 670 569 ἔδοξας
682 537 781 569 καλῶς.
804 538 847 569 Ὡς
864 537 970 574 ἀληθῶς

177 580 245 616 γὰρ,
259 581 283 606 εἰ
308 581 400 612 ἄποιος
413 580 561 616 ἐτύγχανεν
578 583 594 618 ἡ
619 581 685 618 ὕλη,
702 583 756 609 τῶν
776 583 804 609 δὲ
821 584 970 619 ποιοτήτων

177 625 343 661 δημιουργὸς
358 627 474 663 ὑπάρχει
489 629 503 654 6
518 628 601 659 Θεὸς,
618 630 760 664 ποιὸτητες
782 629 811 656 δὲ
828 629 862 656 τὰ
880 629 969 660 κακὰ,

175 671 234 699 τῶν
256 672 349 699 κακῶν
375 674 432 700 ἐστι
454 674 569 710 ποιητὴς
589 675 604 701 6
622 674 697 706 Θεός.
726 673 809 707 Οὗτος
831 676 880 711 μὲν
895 673 941 702 οὖν
956 677 971 702 6

178 715 258 751 λόγος
271 718 340 753 πρὸς
353 719 456 745 ἐκεῖνον
476 719 595 755 εἰρήσθω
615 720 722 752 καλῶς·
745 722 806 756 ἐμοὶ
823 721 852 747 δὲ
873 721 971 756 ψεῦδος

178 763 254 789 δοκεί
264 763 313 798 τὴν
324 763 390 800 ὕλην
403 764 499 791 ἄποιον
513 763 580 791 εἶναι
594 765 693 800 λέγειν.
707 766 774 793 Οὐδὲ
791 767 846 802 γὰρ
867 767 971 794 ἔνεστιν

178 809 267 835 εἰπεῖν
281 809 345 845 περὶ
355 810 512 845 ἡστινοσοῦν
533 808 621 842 αἰτίας
631 816 643 830 ι
665 811 703 843 ὡς
716 811 788 838 ἐστιν
801 811 909 844 ἄποιος·
924 813 970 840 καὶ

178 853 234 889 γὰρ
250 855 279 881 ὲν
292 852 315 888 ᾧ
330 854 424 882 ἄποιον
439 853 508 882 εἶναι
522 855 605 890 λέγει,
618 855 667 892 τὴν
679 856 810 892 ποιότητα
823 858 907 893 αὐτῆς
917 867 969 894 μη-

179 898 255 932 νύει,
275 899 354 927 ὁποία
373 901 431 927 ἐστὶ
454 901 470 936 ή
497 901 546 937 ὕλη
565 901 792 937 διαγραφόμενος,
805 903 873 938 ὅπερ
896 903 969 929 ἐστὶν

182 945 326 981 ποιότητος
348 944 425 978 εἶδος.
446 947 526 973 Ὅθεν
548 948 575 974 εἴ
592 956 633 974 σοι
657 948 734 983 φίλον
760 949 844 978 ἐστὶν.
868 946 971 976 ἄνωθεν

182 991 246 1028 ἔχου
263 993 332 1028 πρὸς
347 993 396 1028 ἐμὲ
409 993 456 1019 τοῦ
470 993 559 1028 λόγου.
584 994 661 1029 Ἐμοὶ
675 993 731 1030 γὰρ
744 995 761 1031 ἡ
777 994 826 1030 ὕλη
846 995 971 1031 ανὰρχως

182 1039 328 1075 ποιότητας
340 1039 411 1075 ἔχειν
424 1040 511 1067 δοκεῖ·
541 1040 612 1067 οὕτω
623 1040 676 1076 γὰρ
693 1041 739 1068 καὶ
752 1041 786 1067 τὰ
798 1041 872 1068 κακὰ
883 1043 915 1068 ὲκ
922 1042 971 1076 τῆς

179 1085 332 1121 ἀπορροίας
347 1086 433 1120 αὐτῆς
448 1083 516 1113 εἶναι
530 1086 611 1120 λέγω,
631 1086 675 1113 ἵνα
695 1086 750 1113 τῶν
773 1086 866 1113 κακῶν
884 1087 898 1113 6
922 1087 971 1122 μὲν

179 1130 246 1162 Θεὸς
269 1130 390 1161 ἀναίτιος
411 1128 448 1167 ᾖ,
464 1129 566 1156 τούτων
583 1130 611 1156 δὲ
635 1129 793 1165 ἁπάντωνή
812 1129 861 1165 ὕλη
885 1129 969 1156 αἰτία.

179 1176 235 1212 Τὴν
254 1176 303 1211 μὲν
314 1175 467 1211 προθυμίαν
481 1175 530 1211 τήν
547 1175 596 1211 σὴν
611 1175 789 1211 ἀποδέχομαι,
807 1173 829 1202 ὦ
843 1175 913 1209 φίλε,
924 1175 971 1202 καὶ

180 1222 227 1249 σοῦ
241 1222 291 1257 τὴν
305 1223 335 1248 ὲν
349 1222 404 1253 τοῖς
417 1221 506 1255 λόγοις
516 1221 633 1257 σπουδὴν
648 1220 760 1247 ἐπαινῶ.
780 1221 905 1256 [lpos-ﬁxe
916 1220 971 1256 γὰρ

178 1268 218 1298 ὡς
231 1268 340 1303 ἀληθῶς
353 1268 470 1294 ἕκαστον
485 1267 540 1294 τῶν
551 1267 709 1302 φιλομαθῶν
733 1267 770 1302 μὴ
797 1260 889 1298 ἁπλῶς
899 1287 906 1298 ,
924 1266 971 1293 καὶ

176 1313 218 1346 ὡς
240 1313 319 1349 ἔτυχε
349 1313 597 1348 συγκατατίθεσθαι
624 1315 680 1345 τοῖς
709 1313 886 1348 λεγομένοις,
913 1313 970 1339 ἀλλ’

178 1359 283 1396 ἀκριϐῆ
298 1359 434 1386 ποιεῖσθαι
446 1359 495 1395 τὴν
511 1359 633 1392 ἐξέτασιν
648 1359 701 1386 τῶν
716 1359 812 1393 λόγων.
833 1359 900 1385 Οὐδὲ
917 1359 971 1394 γὰρ

179 1407 204 1432 εί
217 1407 232 1432 6
245 1405 416 1442 προσξητῶν,
430 1405 584 1440 παράλογον
598 1405 759 1440 ὁρισάμενος
777 1405 904 1440 ἀφορμὴν
922 1404 969 1439 (9),

180 1450 304 1486 παρέσχε
320 1449 359 1485 τῷ
376 1449 629 1485 προσδιαλεγομὲνῳ
654 1448 782 1482 συνάγειν
809 1447 846 1479 ὼς
873 1447 969 1477 ὲοὲλει,

179 1495 259 1523 τοῦτο
273 1495 320 1522 καὶ
335 1495 381 1522 τὸν
396 1494 533 1531 ἀκροατὴν
550 1494 655 1520 πείσει·
668 1493 726 1521 ἀλλ’
740 1492 766 1518 εἴ
781 1501 807 1518 τι
823 1493 878 1527 (l0)
899 1492 972 1518 δοκεί

179 1541 291 1569 δυνατὸν
309 1540 378 1568 εἶναι
395 1541 519 1576 λέγεσθαι
535 1540 635 1572 καλῶς,
649 1539 728 1565 τοῦτο
746 1538 830 1570 λέξει·
851 1538 913 1573 παρ⁴
933 1535 970 1564 ὧν

178 1587 252 1615 δυοῖν
269 1587 381 1624 θάτερον
405 1587 494 1615 ἔσται’
521 1587 537 1622 ἦ
560 1586 614 1622 γὰρ
631 1586 699 1621 πρὸς
712 1585 725 1611 ὃ
743 1583 876 1611 κινεῖσθαι
900 1584 972 1610 δοκεῖ

178 1633 300 1665 ἀκούσας
316 1633 408 1660 τέλεον
421 1633 638 1668 ὠφεληθήσεται,
651 1632 667 1666 ῆ
685 1631 730 1657 τὸν
741 1629 970 1666 προσδιαλεγόμε-

179 1688 226 1706 νον
239 1679 342 1713 ἐλέγξει
356 1679 386 1705 οὐ
402 1678 505 1714 τάληθῆ
520 1678 641 1712 λέγοντα.
656 1677 692 1703 Οὐ
704 1677 791 1707 δοκεῖς
805 1675 832 1702 δέ
845 1684 889 1710 μοι
900 1675 972 1701 δεόν-

179 1733 235 1757 τως
247 1725 388 1761 εἰρηκέναι
401 1725 449 1760 τὴν
462 1724 528 1760 ὕλην
544 1723 647 1751 ἄνωθεν
664 1723 809 1757 ποιότητας
829 1722 911 1757 ἔχειν.
940 1722 971 1747 El

179 1771 236 1808 γὰρ
258 1771 332 1798 τοῦθ’
350 1771 436 1803 οὕτως
458 1771 532 1806 ἕχει,
553 1770 624 1801 τίνος
636 1769 710 1796 ἔσται
729 1768 842 1804 ποιητὴς
856 1769 869 1794 6
883 1767 948 1799 Θεός
963 1775 969 1800 ;

179 1818 236 1845 εἴτε
249 1817 304 1853 γὰρ
319 1818 413 1849 οὐσίας
436 1817 553 1852 ἐροῦμεν
564 1836 571 1848 ,
596 1817 718 1851 προεῖναι
741 1815 844 1846 ταύτας
863 1814 952 1849 φαμέν
963 1822 969 1829 ·

179 1864 232 1891 εἴτ’
247 1862 280 1892 αὖ
296 1865 375 1892 πάλιν
389 1864 544 1900 ποιότητας,
562 1863 609 1890 καὶ
623 1863 723 1894 ταύτας
741 1861 885 1897 ὑπάρχειν.
899 1862 971 1888 Οὐκ-

180 1910 228 1937 οὖν
243 1910 336 1941 οὐσίας
351 1919 380 1936 τε
402 1909 485 1944 οὔσης
500 1908 548 1936 καὶ
568 1909 735 1943 ποιοτήτων,
756 1907 881 1943 περιττὸν
902 1905 970 1934 εῐναί

182 1965 227 1991 μοι
244 1955 317 1982 δοκεῖ
333 1955 496 1991 δημιουργὸν
507 1955 597 1989 λέγειν
610 1954 655 1980 τὸν
669 1953 747 1982 Θεόν.
761 1953 819 1979 Ἵνα
831 1953 858 1979 δὲ
872 1953 918 1979 καὶ
933 1952 970 1988 μὴ

179 2001 396 2034 κατασκευάζειν
409 2001 469 2028 τινὰ
483 2001 550 2033 δόξω
566 2000 654 2034 λόγον,
666 2000 812 2035 ἀπόκριναι
835 1998 882 2026 νῦν
903 1999 971 2034 ἐρω-

179 2047 313 2083 τώμενος,
329 2047 382 2073 τίνι
398 2047 489 2082 τρόπῳ
503 2045 666 2082 δημιουργὸν
683 2043 752 2071 εἶναι
765 2045 818 2080 φῂς
832 2044 876 2071 τὸν
889 2045 969 2076 Θεόν;

180 2094 300 2129 Πότερον
315 2095 354 2120 ὅτι
370 2093 419 2124 τὰς
433 2093 525 2124 οὐσίας
541 2092 654 2128 ἔτρεψεν
671 2092 711 2123 εἰς
726 2091 755 2117 τὺ
774 2090 871 2126 μηκέθ’
886 2090 972 2126 ὑπάρ-

180 2149 240 2175 χειν
253 2141 370 2171 ὲκεῐνας,
384 2140 467 2174 αἵπερ
482 2136 551 2174 ἦσαν
565 2146 640 2170 ποτε,
658 2137 715 2164 ἀλλ’
727 2137 822 2172 ἑτέρας
839 2136 903 2172 παρ’
923 2136 970 2162 αὺ-

179 2186 232 2218 τὰς
246 2185 381 2221 γενέσθαι,
396 2185 411 2220 ἣ
424 2185 465 2211 ὅτι
481 2184 529 2215 τὰς
540 2184 588 2219 μὲν
603 2183 696 2214 οὐσίας
711 2180 841 2216 ἐφύλαξεν
853 2181 969 2212 ὲκείνας,

181 2233 265 2267 αἴπερ
281 2230 351 2267 ἦσαν
367 2231 421 2266 πρὸ
437 2231 532 2257 τούτου
545 2231 569 2266 (i
579 2230 613 2263 l),
627 2229 676 2260 τὰς
689 2228 717 2255 δὲ
734 2228 881 2263 ποιότητας
893 2227 970 2263 ἕτρε-
987 2244 1008 2271 D

180 2280 232 2315 ψεν
248 2279 354 2311 uersu;
372 2278 410 2305 Οῦ
425 2287 452 2304 τι
470 2286 514 2312 μοι
528 2277 602 2304 δοκεῖ
614 2276 734 2312 ἀλλαγήν
759 2275 815 2311 (12)
841 2284 902 2302 τινα
923 2276 969 2302 οὑ-

182 2325 250 2352 σιῶν
261 2325 414 2359 γεγονέναι·
427 2323 473 2350 καὶ
483 2327 536 2358 γάρ
548 2323 646 2350 ἄτοπον
655 2321 733 2348 τοῦτο
745 2321 834 2356 λέγειν
850 2330 894 2356 μοι
909 2321 971 2356 φαι-

181 2380 267 2398 νεται.
286 2370 396 2407 Τροπὴν
416 2370 471 2404 (15)
482 2370 510 2395 δέ
522 2377 583 2395 τινα
595 2369 648 2395 τῶν
667 2369 816 2404 ποιοτήτων
831 2367 971 2402 γεγονέναι

183 2418 264 2452 φημὶ,
282 2417 344 2444 καθ’
360 2416 393 2447 ἃς
405 2415 570 2450 δημιουργὸν
581 2412 649 2441 εἷναι
667 2414 739 2448 λέγω
760 2414 805 2440 τὸν
824 2414 899 2441 Θεόν.
916 2413 971 2440 Καὶ

183 2462 278 2498 ὥσπερ
294 2463 318 2488 εί
328 2460 405 2497 τύχοι
420 2460 510 2494 λέγειν
525 2461 556 2486 ὲκ
571 2459 651 2486 λίθων
665 2459 752 2486 οἰκίαν
762 2458 913 2492 γεγονέναι,
929 2459 971 2492 ἐφ’

184 2504 266 2542 ᾧοὺκ
278 2507 352 2534 ἐστιν
367 2506 464 2537 εἰπεῖν,
478 2505 515 2537 ὡς
528 2505 578 2532 οὐκ
594 2504 634 2530 ἐτι
658 2504 726 2530 λίθοι
749 2503 858 2538 μένουσι
873 2505 907 2539 τῇ
928 2503 973 2529 οὑ-

186 2553 241 2589 aia,
253 2553 327 2581 οἰκία
337 2553 478 2588 γενόμενοι
502 2552 527 2578 οἱ
550 2551 636 2577 λίθοι·
655 2551 687 2586 τῇ
702 2550 756 2585 γὰρ
778 2550 900 2585 ποιότητι
923 2549 972 2584 τῆς

239 2605 251 2619 ι
264 2607 310 2633 γρ.
331 2597 435 2629 οὐσίας.

186 2644 194 2654 '
221 2644 258 2680 (9)
274 2641 640 2680 Hapdtlororoptqtiusvoc
658 2640 811 2680 ἀφορμήν-ῖ-
824 2639 873 2666 llic
887 2640 972 2680 ἀφορ-

186 2676 366 2734 μήνβτὰεο
392 2676 463 2705 sumi
490 2678 622 2708 arbitror,
648 2677 719 2710 quod
743 2676 863 2702 medium
891 2677 972 2710 vulgo

198 2715 265 2734 ηιιίρῑ
280 2714 421 2734 ηηιηὶηιιηι
451 2712 565 2734 pit-mue
589 2717 643 2734 tam
668 2718 693 2734 tn
718 2711 813 2734 maiori
839 2717 921 2734 uuam
946 2711 972 2734 itt

187 2711 433 2749 logicinotninant,
451 2712 565 2747 ejusque
589 2717 643 2749 tam
668 2718 693 2736 tu
718 2711 814 2744 majori
839 2711 973 2749 quam-in

187 2745 285 2778 minori
301 2745 506 2776 collocationem
522 2745 534 2772 7:
554 2745 708 2782 παράλογον
729 2751 818 2782 autem
833 2745 971 2782 ἀφορμήν,

187 2785 363 2819 sophisticam
379 2788 405 2810 et
420 2780 812 2819 dzaaqttxﬁv‘argumentandi
829 2780 973 2819 rationem,

187 2814 240 2854 qua
257 2820 319 2854 quis
336 2814 528 2853 νοιυιὰφοριίῇ
547 2814 674 2854 quadam,
691 2816 723 2841 ad
734 2814 973 2854 [aciliusalterutn

188 2850 214 2881 in
229 2850 350 2881 errorem
369 2850 563 2880 inducendum»
575 2852 712 2878 abutatur.
731 2850 830 2883 Quales
846 2850 974 2886 ἀφορμάς

190 2890 322 2918 bocratici
337 2895 446 2923 captare
461 2887 631 2916 videbantur.

1023 261 1084 296 quis
1103 262 1169 296 agit,
1187 269 1219 288 ea
1241 270 1294 288 tton
1307 261 1364 296 jam
1393 262 1468 295 ipse,
1483 263 1529 289 sed
1545 262 1629 296 ipsius
1643 266 1748 289 tantum
1763 270 1809 289 ac-

1021 308 1109 334 tiones
1120 307 1243 341 qmedam
1257 312 1330 338 sunt,
1344 307 1416 334 unde
1429 307 1600 334 maliuomen
1619 307 1809 344 haurit.342

1021 353 1166 380 Enimvero
1192 354 1285 388 siqua:
1299 361 1313 380 a
1325 361 1432 388 quoque
1443 353 1521 385 ﬁunt,
1535 353 1629 382 eadem
1643 355 1730 388 ipsum
1749 362 1809 382 esse

1020 398 1184 429 diceremus.
1199 407 1262 426 cum
1281 400 1378 432 caules,
1402 400 1547 432 adulteria,
1564 400 1634 427 furta
1647 399 1757 435 aliaque
1781 401 1808 428 id

1020 451 1106 479 genus
1134 444 1238 472 scelera
1253 445 1287 472 ab
1313 445 1404 480 aliquo
1427 451 1619 480 patrarentur,
1635 446 1691 473 haec
1717 447 1809 474 omnia

1021 490 1101 518 simul
1118 498 1189 517 unus
1204 491 1331 524 idemque
1345 491 1425 518 foret.
1443 491 1582 526 Ejusmodi
1599 499 1680 526 porro
1697 492 1719 518 si
1736 492 1807 519 erit:

1020 544 1082 564 cum
1099 536 1192 564 isthaec
1214 536 1306 563 omnia
1325 540 1381 563 tum
1405 538 1525 564 existant
1554 538 1635 565 modo
1652 542 1713 564 eum
1729 537 1808 570 ﬁunt,

1021 589 1053 608 ac
1078 581 1159 609 simul
1176 588 1238 609 esse
1250 581 1377 609 desittant
1393 601 1400 611 .
1420 589 1481 608 cum
1498 582 1555 609 fieri
1581 582 1721 615 desinunt,
1743 582 1809 610 ﬁant

1020 632 1110 654 autem
1126 627 1160 653 ab
1178 626 1335 653 hominibus
1352 634 1359 653 :
1395 627 1520 655 homines
1544 633 1617 654 certe
1636 628 1763 663 quidem,
1780 632 1810 656 ut

1020 680 1114 700 eorum
1132 673 1260 705 artilices,
1278 673 1318 700 sic
1339 678 1366 700 et
1381 673 1558 708 quamobrem
1579 673 1623 700 illa
1638 675 1718 701 modo
1743 673 1808 706 sitit,

1020 719 1102 746 modo
1115 727 1168 746 nou
1184 720 1248 752 sint,
1264 726 1354 746 causae
1367 719 1476 754 ipsimet
1496 725 1584 746 erunt.
1605 720 1682 752 Quod
1700 720 1723 746 si
1736 720 1809 754 ejus-

1021 765 1080 791 dem
1100 764 1222 791 actiones
1239 784 1248 797 ,
1271 763 1323 791 ista
1339 772 1400 792 esse
1417 765 1544 792 concedis
1561 773 1569 796 ;
1587 772 1619 791 ex
1635 765 1668 791 iis
1692 769 1807 798 tantum,

1020 818 1080 844 qute
1093 810 1199 841 fecerit.
1225 817 1280 838 non
1296 818 1330 837 ex
1351 810 1386 838 iis
1402 810 1502 844 quibus
1517 810 1669 837 substantia
1690 815 1807 840 constat.

1021 855 1045 883 is
1056 855 1146 888 habet,
1161 862 1189 883 ut
1203 855 1291 883 malus
1308 855 1354 883 sit.
1369 854 1431 882 Mali
1448 855 1520 882 enim
1540 855 1757 890 appellationem,
1774 864 1809 883 ex

1021 901 1055 929 iis
1069 909 1130 936 quae
1145 901 1305 929 substantia:
1321 901 1497 936 contingunt,
1519 909 1635 936 quaeque
1656 902 1808 929 substantia

1020 947 1078 982 ipsa
1091 955 1145 974 non
1161 954 1235 979 sunt,
1250 948 1397 982 petendum
1414 955 1475 974 esse
1487 946 1618 979 diximus,
1629 948 1810 981 quemadmo-

1021 993 1086 1020 dum
1102 1001 1116 1020 a
1130 993 1265 1021 medicina
1278 993 1414 1020 medicum
1430 993 1612 1019 nominamus.
1635 992 1713 1020 Nunc
1732 1001 1808 1026 vero,

1021 1039 1043 1067 si
1060 1047 1109 1074 pro
1124 1047 1216 1067 rerum
1243 1047 1304 1074 qua:
1315 1039 1350 1066 ab
1363 1047 1396 1066 eo
1416 1038 1494 1070 tinut,
1520 1039 1687 1071 conditione,
1708 1039 1810 1068 cuicui-

1021 1086 1094 1113 modi
1119 1093 1180 1113 esse
1193 1085 1310 1120 primum
1325 1084 1439 1120 incipiat
1454 1094 1461 1111 :
1487 1084 1558 1111 idem
1574 1093 1685 1119 quoque
1711 1093 1809 1113 manus

1021 1137 1082 1158 esse
1093 1130 1185 1164 coepit,
1200 1130 1313 1165 ipsaque
1322 1129 1389 1156 adeo
1403 1129 1474 1156 mala
1486 1129 1567 1156 simul
1580 1137 1641 1156 esse
1653 1135 1807 1165 emperunt.

1021 1177 1048 1205 Id
1059 1179 1130 1213 quod
1141 1179 1163 1206 si
1175 1186 1268 1205 verum
1281 1182 1332 1209 est.
1345 1185 1433 1212 neque
1443 1185 1541 1204 manus
1555 1177 1663 1204 malitia:
1671 1186 1727 1205 suae
1735 1178 1809 1213 prin-

1020 1224 1103 1259 cipio,
1120 1231 1208 1259 neque
1227 1223 1297 1251 mala
1311 1223 1369 1258 ipsa
1398 1228 1459 1250 ortu
1474 1223 1615 1254 carebunt,
1630 1230 1692 1250 cum
1711 1223 1746 1249 ab
1762 1222 1808 1250 illo

1022 1271 1141 1305 profecta
1150 1277 1210 1297 esse
1219 1270 1354 1297 dicantur.
1365 1269 1497 1296 Praeclare
1509 1274 1536 1296 tu
1548 1269 1657 1304 quidem
1668 1273 1695 1296 et
1702 1269 1809 1297 abunde

1021 1316 1171 1351 superioris
1196 1315 1335 1350 opinionis
1351 1323 1490 1347 errorem,
1509 1322 1525 1342 ο
1541 1314 1639 1347 amice,
1658 1319 1712 1341 tam
1730 1314 1808 1342 lucu-

1021 1361 1091 1388 lenta
1107 1361 1292 1395 disputatione
1300 1360 1448 1386 confutasti
1461 1367 1468 1385 :
1483 1367 1516 1386 ex
1531 1359 1565 1387 iis
1578 1360 1663 1392 enim,
1677 1367 1739 1394 qua;
1747 1365 1809 1388 ante

1021 1414 1154 1442 posueras
1168 1427 1179 1438 ν
1203 1406 1311 1441 egregie
1329 1405 1453 1432 confecta
1471 1413 1514 1432 res
1540 1410 1591 1432 est.
1610 1405 1768 1437 Enimvero,
1786 1406 1808 1432 si

1020 1453 1152 1488 qualitate
1166 1453 1242 1480 omni
1259 1452 1373 1487 spoliata
1391 1452 1503 1478 materia
1526 1456 1585 1478 erat
1603 1461 1610 1478 :
1640 1451 1810 1486 proindeque

1021 1499 1044 1525 si
1060 1503 1086 1525 et
1100 1498 1263 1533 qualitatum
1276 1502 1373 1524 auctor
1389 1497 1459 1524 Deus
1472 1501 1529 1529 est,
1547 1502 1574 1524 ct
1590 1497 1736 1532 qualitates
1751 1497 1810 1524 ista:

1023 1544 1094 1571 mala
1111 1549 1185 1576 sunt,
1219 1543 1303 1570 Deum
1331 1544 1410 1577 plane
1425 1543 1559 1569 maloruttt
1586 1547 1726 1569 auctorem
1748 1550 1810 1570 esse

1024 1589 1212 1624 consequitur.
1227 1588 1318 1622 Quare
1331 1588 1404 1623 quod
1420 1589 1539 1623 priorem
1556 1588 1629 1615 illaut
1643 1588 1807 1615 sententiam

1022 1636 1130 1668 attinet,
1148 1636 1183 1663 ab
1198 1643 1230 1662 ea
1244 1643 1305 1662 sum
1320 1639 1364 1662 tua
1381 1635 1432 1661 hac
1448 1634 1554 1661 ratione
1571 1634 1715 1661 deductus.
1733 1634 1808 1661 Esto.

1023 1681 1102 1709 Nunc
1119 1686 1209 1709 autem
1227 1681 1326 1708 falsum
1344 1681 1409 1707 illud
1436 1681 1502 1707 mihi
1520 1681 1637 1712 videtur,
1667 1680 1808 1707 materiam

1021 1728 1197 1764 qualitatibus
1226 1735 1339 1755 vacuam
1356 1727 1449 1754 fuisse.
1468 1727 1534 1754 Nam
1563 1727 1715 1754 substantia
1734 1728 1808 1754 nulla

1021 1775 1151 1809 qualitate
1175 1773 1249 1800 omni
1267 1781 1361 1800 carere
1377 1773 1430 1799 dici
1456 1776 1545 1807 potest
1562 1782 1568 1799 :
1600 1780 1663 1800 cuin
1681 1780 1713 1800 eo
1736 1773 1808 1807 ipso.

1021 1827 1076 1854 quo
1100 1819 1242 1846 materiam
1259 1819 1321 1854 quis
1333 1819 1408 1846 omni
1424 1819 1555 1853 qualitate
1579 1819 1722 1852 spoliatam
1748 1826 1810 1846 esse

1021 1865 1132 1897 diceret,
1152 1865 1289 1899 propriam
1307 1865 1367 1899 ejus
1379 1864 1538 1899 qualitatem
1556 1864 1709 1896 indicaret,
1731 1864 1809 1896 dum,

1021 1912 1109 1946 qualis
1126 1911 1239 1938 materia
1255 1913 1301 1942 sit,
1317 1911 1475 1946 explicaret,
1494 1911 1567 1945 quod
1599 1910 1687 1945 ipsum
1716 1911 1810 1944 utique

1022 1956 1166 1990 singularis
1194 1956 1320 1991 quaedam
1349 1956 1420 1982 ratio
1440 1955 1581 1990 qualitatis
1608 1960 1658 1983 est.
1678 1955 1809 1989 Deinceps

1022 2009 1099 2036 ergo,
1116 2002 1170 2029 nisi
1190 2002 1335 2029 molestum
1351 2005 1403 2033 est,
1417 2002 1487 2028 banc
1505 2001 1572 2028 mihi
1588 2008 1684 2028 rursus
1696 2009 1710 2028 a
1724 2002 1810 2035 capite

1021 2048 1233 2082 disputationem
1246 2055 1366 2075 arcesse.
1380 2047 1440 2074 Jam
1452 2048 1523 2074 enim
1540 2048 1683 2074 materiam
1693 2047 1811 2082 qualita-

1022 2093 1095 2121 tibus
1109 2101 1141 2120 ex
1160 2093 1233 2120 omni
1248 2093 1399 2120 aeternitate
1414 2093 1566 2128 praeditam,
1587 2092 1712 2126 malaque
1727 2092 1810 2119 simul

1021 2139 1115 2165 omnia
1132 2146 1166 2166 ex
1178 2139 1296 2173 quodatn
1321 2139 1380 2174 ejus
1398 2138 1505 2166 deﬂuxu
1524 2143 1585 2166 nata
1600 2146 1660 2166 esse
1682 2138 1807 2171 defendo,

1022 2193 1055 2212 ne
1066 2184 1121 2212 Deo
1137 2192 1220 2212 causa
1243 2185 1376 2212 malorum
1395 2185 1549 2220 assignetur
1562 2206 1570 2218 ,
1595 2192 1656 2219 quae
1674 2184 1759 2211 solam
1783 2184 1810 2211 iu

1022 2231 1165 2259 materiam
1194 2231 1359 2259 conferenda
1374 2231 1420 2258 sit.
1435 2230 1500 2258 Mihi
1516 2238 1580 2258 vero
1607 2235 1670 2258 tuus
1689 2230 1733 2257 hic
1749 2231 1809 2257 aui-

1023 2284 1094 2310 tnus,
1110 2285 1126 2304 o
1141 2276 1238 2309 amice,
1255 2277 1400 2304 admodum
1418 2277 1551 2311 probatur
1569 2285 1576 2308 ;
1598 2276 1685 2310 placet
1705 2276 1758 2303 hoc
1782 2276 1809 2302 in

1022 2323 1233 2350 concertationis
1249 2330 1347 2357 genere
1359 2327 1414 2349 tam
1430 2322 1554 2350 studiosa
1569 2321 1811 2356 contentio/itque

1022 2369 1093 2396 idem
1114 2368 1235 2403 profecto
1254 2376 1350 2396 eorum
1367 2369 1509 2400 omnium,
1522 2368 1568 2402 qui
1583 2376 1612 2394 se
1628 2367 1749 2395 discendi
1766 2376 1810 2393 cu-

1024 2414 1102 2447 pidus
1117 2414 1288 2449 proﬁtentur,
1303 2414 1447 2441 consilium
1470 2421 1530 2440 esse
1545 2417 1691 2446 oporteret,
1710 2418 1738 2438 ιιι
1755 2420 1811 2438 nou

1024 2459 1181 2493 simpliciter
1197 2467 1228 2487 ac
1243 2464 1355 2490 temere.
1369 2459 1501 2494 quidquid
1518 2458 1551 2485 ab
1567 2458 1628 2485 aliis
1642 2458 1753 2491 dicitur,
1766 2465 1812 2484 ar‘

1024 2505 1143 2540 riperent
1154 2526 1160 2538 ,
1175 2506 1221 2532 sed
1237 2506 1373 2533 rationum
1389 2505 1443 2531 vim
1461 2509 1542 2538 atque
1557 2503 1664 2539 pondus
1687 2504 1744 2530 suis
1763 2510 1810 2530 ac-

1023 2557 1113 2580 curate
1126 2560 1158 2580 ac
1170 2552 1313 2586 diligenter
1326 2551 1471 2578 momentis
1478 2551 1655 2577 aestimarent.
1666 2549 1747 2586 343
1756 2548 1811 2577 Nec

1060 2640 1115 2676 (10)
1138 2640 1218 2666 Ἀλλ’
1240 2639 1268 2666 εἴ
1283 2648 1319 2666 τι.
1341 2638 1410 2666 Ante
1431 2637 1499 2676 ᾁλλά
1522 2637 1620 2664 minori
1639 2636 1812 2676 “tantumm-

1024 2672 1170 2703 stiitctione
1185 2682 1252 2709 opus
1274 2679 1396 2709 cst;pro
1420 2673 1484 2699 εἴτι
1504 2680 1578 2704 vero,
1593 2673 1685 2709 malim
1707 2673 1731 2698 ει
1745 2672 1810 2709 ότι.

1061 2710 1114 2746 (Η)
1132 2709 1191 2743 Πρὸ
1203 2707 1331 2746 imiimi).
1344 2707 1597 2746 Yit‘gttlamApuucti
1613 2707 1682 2746 ioco
1707 2707 1811 2746 struice.

1061 2743 1116 2781 (ιὲ)
1134 2743 1389 2781 Δοκεῖέἀλλατνήν.
1408 2744 1472 2771 Post
1489 2743 1699 2781 6o>t:-.E_tollenda
1717 2743 1812 2781 distur-

1025 2777 1079 2808 ctio
1102 2777 1153 2808 est.
1183 2777 1426 2815 ’Λλλαγήντιυιριη
1449 2778 1656 2812 rescripsimus,
1678 2785 1727 2812 pro
1743 2777 1812 2804 ἀλλὰ

1025 2816 1087 2851 γῆν,
1105 2815 1176 2850 quod
1195 2815 1338 2851 titanit'este
1354 2814 1479 2851 vitiosum
1493 2819 1562 2851 erat.

1061 2848 1255 2887 (tSpromir.
1271 2849 1339 2878 Male
1356 2850 1455 2885 τρόπον
1468 2854 1530 2876 ante
1545 2848 1692 2881 legebatur.
