  <div class='ocr_page' id='page_1' title='image "/cluster/home/n/w/nwhite01/storage/ocr_20150623/21/njp.32101077772489/323.png"; bbox 0 0 2070 3206; ppageno 0'>
   <div class='ocr_carea' id='block_1_1' title="bbox 266 151 318 180">
    <p class='ocr_par' dir='ltr' id='par_1_1' title="bbox 266 151 318 180">
     <span class='ocr_line' id='line_1_1' title="bbox 266 151 318 180; baseline -0.019 -1"><span class='ocrx_word' id='word_1_1' title='bbox 266 151 318 180; x_wconf 79' lang='lat'><strong>579</strong></span> 
     </span>
    </p>
   </div>
   <div class='ocr_carea' id='block_1_2' title="bbox 579 152 1563 186">
    <p class='ocr_par' dir='ltr' id='par_1_2' title="bbox 579 152 1563 186">
     <span class='ocr_line' id='line_1_2' title="bbox 579 152 1563 186; baseline -0.005 -2"><span class='ocrx_word' id='word_1_2' title='bbox 579 156 715 186; x_wconf 81' lang='lat' dir='ltr'><strong>EUSEBII</strong></span> <span class='ocrx_word' id='word_1_3' title='bbox 733 153 979 184; x_wconf 63' lang='lat' dir='ltr'><strong>CAESARIENSIS</strong></span> <span class='ocrx_word' id='word_1_4' title='bbox 996 153 1071 182; x_wconf 87' lang='lat' dir='ltr'><strong>OPP.</strong></span> <span class='ocrx_word' id='word_1_5' title='bbox 1093 152 1184 180; x_wconf 76' lang='lat' dir='ltr'><strong>PARS</strong></span> <span class='ocrx_word' id='word_1_6' title='bbox 1202 152 1234 180; x_wconf 86' lang='lat' dir='ltr'><strong>ll.</strong></span> <span class='ocrx_word' id='word_1_7' title='bbox 1256 168 1291 173; x_wconf 87' lang='lat'><strong>———</strong></span> <span class='ocrx_word' id='word_1_8' title='bbox 1311 152 1563 180; x_wconf 79' lang='lat' dir='ltr'><strong>APOLOGETICA.</strong></span> 
     </span>
    </p>
   </div>
   <div class='ocr_carea' id='block_1_3' title="bbox 1843 151 1897 180">
    <p class='ocr_par' dir='ltr' id='par_1_3' title="bbox 1843 151 1897 180">
     <span class='ocr_line' id='line_1_3' title="bbox 1843 151 1897 180; baseline -0.037 0"><span class='ocrx_word' id='word_1_9' title='bbox 1843 151 1897 180; x_wconf 81' lang='lat'><strong>580</strong></span> 
     </span>
    </p>
   </div>
   <div class='ocr_carea' id='block_1_4' title="bbox 264 211 1053 250">
    <p class='ocr_par' dir='ltr' id='par_1_4' title="bbox 264 213 1052 250">
     <span class='ocr_line' id='line_1_4' title="bbox 264 213 1052 250; baseline -0.003 -8"><span class='ocrx_word' id='word_1_10' title='bbox 264 222 349 246; x_wconf 81' lang='lat' dir='ltr'><strong>enim,</strong></span> <span class='ocrx_word' id='word_1_11' title='bbox 374 215 394 243; x_wconf 95' lang='lat' dir='ltr'><strong>si</strong></span> <span class='ocrx_word' id='word_1_12' title='bbox 409 216 455 250; x_wconf 88' lang='lat' dir='ltr'><strong>qui</strong></span> <span class='ocrx_word' id='word_1_13' title='bbox 472 223 533 242; x_wconf 90' lang='lat' dir='ltr'><strong>cum</strong></span> <span class='ocrx_word' id='word_1_14' title='bbox 549 215 635 242; x_wconf 86' lang='lat' dir='ltr'><strong>altero</strong></span> <span class='ocrx_word' id='word_1_15' title='bbox 656 214 777 247; x_wconf 90' lang='lat' dir='ltr'><strong>disserit,</strong></span> <span class='ocrx_word' id='word_1_16' title='bbox 796 214 989 241; x_wconf 85' lang='lat' dir='ltr'><strong>concinnatum</strong></span> <span class='ocrx_word' id='word_1_17' title='bbox 1003 213 1052 240; x_wconf 88' lang='lat' dir='ltr'><strong>abs</strong></span> 
     </span>
    </p>
   </div>
   <div class='ocr_carea' id='block_1_5' title="bbox 1103 211 1899 250">
    <p class='ocr_par' dir='ltr' id='par_1_5' title="bbox 1105 211 1899 248">
     <span class='ocr_line' id='line_1_5' title="bbox 1105 211 1899 248; baseline 0.001 -11"><span class='ocrx_word' id='word_1_18' title='bbox 1105 211 1256 243; x_wconf 75' lang='grc' dir='ltr'><strong>συνθέσεως</strong></span> <span class='ocrx_word' id='word_1_19' title='bbox 1272 213 1320 248; x_wconf 80' lang='grc' dir='ltr'>τὴν</span> <span class='ocrx_word' id='word_1_20' title='bbox 1334 213 1423 240; x_wconf 85' lang='grc' dir='ltr'>οἰκίαν</span> <span class='ocrx_word' id='word_1_21' title='bbox 1437 213 1578 247; x_wconf 83' lang='grc' dir='ltr'>γεγονέναι</span> <span class='ocrx_word' id='word_1_22' title='bbox 1592 213 1672 247; x_wconf 76' lang='grc' dir='ltr'>φημὶ,</span> <span class='ocrx_word' id='word_1_23' title='bbox 1688 211 1841 248; x_wconf 80' lang='grc' dir='ltr'><strong>τραπείσης</strong></span> <span class='ocrx_word' id='word_1_24' title='bbox 1854 213 1899 247; x_wconf 70' lang='grc' dir='ltr'><strong>δη-</strong></span> 
     </span>
    </p>
   </div>
   <div class='ocr_carea' id='block_1_6' title="bbox 264 260 1050 297">
    <p class='ocr_par' dir='ltr' id='par_1_6' title="bbox 264 260 1050 297">
     <span class='ocr_line' id='line_1_6' title="bbox 264 260 1050 297; baseline -0.005 -7"><span class='ocrx_word' id='word_1_25' title='bbox 264 270 325 290; x_wconf 84' lang='lat' dir='ltr'><strong>sese</strong></span> <span class='ocrx_word' id='word_1_26' title='bbox 340 261 422 290; x_wconf 79' lang='lat' dir='ltr'><strong>fallax</strong></span> <span class='ocrx_word' id='word_1_27' title='bbox 436 262 544 297; x_wconf 78' lang='lat' dir='ltr'><strong>aliquod</strong></span> <span class='ocrx_word' id='word_1_28' title='bbox 560 265 588 288; x_wconf 90' lang='lat' dir='ltr'><strong>et</strong></span> <span class='ocrx_word' id='word_1_29' title='bbox 603 261 756 294; x_wconf 87' lang='lat' dir='ltr'><strong>captiosum</strong></span> <span class='ocrx_word' id='word_1_30' title='bbox 776 260 930 295; x_wconf 83' lang='lat' dir='ltr'><strong>argumenti</strong></span> <span class='ocrx_word' id='word_1_31' title='bbox 954 267 1050 295; x_wconf 80' lang='lat' dir='ltr'><strong>genus,</strong></span> 
     </span>
    </p>
   </div>
   <div class='ocr_carea' id='block_1_7' title="bbox 264 305 1052 341">
    <p class='ocr_par' dir='ltr' id='par_1_7' title="bbox 264 305 1052 341">
     <span class='ocr_line' id='line_1_7' title="bbox 264 305 1052 341; baseline -0.004 -6"><span class='ocrx_word' id='word_1_32' title='bbox 264 316 314 336; x_wconf 84' lang='lat' dir='ltr'><strong>sua</strong></span> <span class='ocrx_word' id='word_1_33' title='bbox 330 308 366 334; x_wconf 85' lang='lat' dir='ltr'><strong>illi</strong></span> <span class='ocrx_word' id='word_1_34' title='bbox 378 316 411 335; x_wconf 84' lang='lat' dir='ltr'><strong>ex</strong></span> <span class='ocrx_word' id='word_1_35' title='bbox 425 312 515 335; x_wconf 89' lang='lat' dir='ltr'><strong>mente</strong></span> <span class='ocrx_word' id='word_1_36' title='bbox 530 314 669 341; x_wconf 85' lang='lat' dir='ltr'><strong>sensuque</strong></span> <span class='ocrx_word' id='word_1_37' title='bbox 679 305 898 334; x_wconf 87' lang='lat' dir='ltr'><strong>concludendum</strong></span> <span class='ocrx_word' id='word_1_38' title='bbox 913 306 1052 338; x_wconf 85' lang='lat' dir='ltr'><strong>obtrudet,</strong></span> 
     </span>
    </p>
   </div>
   <div class='ocr_carea' id='block_1_8' title="bbox 264 352 1053 389">
    <p class='ocr_par' dir='ltr' id='par_1_8' title="bbox 264 352 1053 389">
     <span class='ocr_line' id='line_1_8' title="bbox 264 352 1053 389; baseline -0.004 -8"><span class='ocrx_word' id='word_1_39' title='bbox 264 354 381 381; x_wconf 78' lang='lat' dir='ltr'><strong>auditori</strong></span> <span class='ocrx_word' id='word_1_40' title='bbox 407 358 557 389; x_wconf 82' lang='lat' dir='ltr'><strong>propterea,</strong></span> <span class='ocrx_word' id='word_1_41' title='bbox 584 353 656 387; x_wconf 89' lang='lat' dir='ltr'><strong>quod</strong></span> <span class='ocrx_word' id='word_1_42' title='bbox 670 353 752 384; x_wconf 88' lang='lat' dir='ltr'><strong>volet,</strong></span> <span class='ocrx_word' id='word_1_43' title='bbox 776 352 828 379; x_wconf 87' lang='lat' dir='ltr'><strong>hac</strong></span> <span class='ocrx_word' id='word_1_44' title='bbox 842 356 900 379; x_wconf 91' lang='lat' dir='ltr'><strong>arte</strong></span> <span class='ocrx_word' id='word_1_45' title='bbox 911 359 1053 386; x_wconf 87' lang='lat' dir='ltr'><strong>persuase-</strong></span> 
     </span>
    </p>
   </div>
   <div class='ocr_carea' id='block_1_9' title="bbox 265 397 1053 434">
    <p class='ocr_par' dir='ltr' id='par_1_9' title="bbox 265 397 1053 434">
     <span class='ocr_line' id='line_1_9' title="bbox 265 397 1053 434; baseline -0.003 -7"><span class='ocrx_word' id='word_1_46' title='bbox 265 401 300 427; x_wconf 89' lang='lat' dir='ltr'><strong>rit</strong></span> <span class='ocrx_word' id='word_1_47' title='bbox 314 410 320 427; x_wconf 91' lang='lat'>:</span> <span class='ocrx_word' id='word_1_48' title='bbox 336 400 383 428; x_wconf 91' lang='lat' dir='ltr'><strong>sed</strong></span> <span class='ocrx_word' id='word_1_49' title='bbox 406 399 508 434; x_wconf 91' lang='lat' dir='ltr'><strong>aliquid</strong></span> <span class='ocrx_word' id='word_1_50' title='bbox 525 404 582 425; x_wconf 92' lang='lat' dir='ltr'><strong>tum</strong></span> <span class='ocrx_word' id='word_1_51' title='bbox 596 398 708 426; x_wconf 92' lang='lat' dir='ltr'><strong>demum</strong></span> <span class='ocrx_word' id='word_1_52' title='bbox 723 398 746 426; x_wconf 90' lang='lat' dir='ltr'><strong>is</strong></span> <span class='ocrx_word' id='word_1_53' title='bbox 764 399 860 433; x_wconf 82' lang='lat' dir='ltr'><strong>egerit,</strong></span> <span class='ocrx_word' id='word_1_54' title='bbox 879 398 901 425; x_wconf 92' lang='lat' dir='ltr'><strong>si</strong></span> <span class='ocrx_word' id='word_1_55' title='bbox 919 398 993 432; x_wconf 88' lang='lat' dir='ltr'><strong>quod</strong></span> <span class='ocrx_word' id='word_1_56' title='bbox 1005 397 1053 425; x_wconf 87' lang='lat' dir='ltr'><strong>abs</strong></span> 
     </span>
    </p>
   </div>
   <div class='ocr_carea' id='block_1_10' title="bbox 262 444 1052 480">
    <p class='ocr_par' dir='ltr' id='par_1_10' title="bbox 262 444 1052 480">
     <span class='ocr_line' id='line_1_10' title="bbox 262 444 1052 480; baseline -0.004 -7"><span class='ocrx_word' id='word_1_57' title='bbox 262 453 292 473; x_wconf 85' lang='lat' dir='ltr'><strong>se</strong></span> <span class='ocrx_word' id='word_1_58' title='bbox 305 454 366 473; x_wconf 87' lang='lat' dir='ltr'><strong>cum</strong></span> <span class='ocrx_word' id='word_1_59' title='bbox 382 446 488 473; x_wconf 90' lang='lat' dir='ltr'><strong>ratione</strong></span> <span class='ocrx_word' id='word_1_60' title='bbox 508 445 564 472; x_wconf 90' lang='lat' dir='ltr'><strong>dici</strong></span> <span class='ocrx_word' id='word_1_61' title='bbox 583 452 662 480; x_wconf 86' lang='lat' dir='ltr'><strong>posse</strong></span> <span class='ocrx_word' id='word_1_62' title='bbox 684 445 830 476; x_wconf 70' lang='lat' dir='ltr'><strong>videbitur,</strong></span> <span class='ocrx_word' id='word_1_63' title='bbox 845 444 871 470; x_wconf 94' lang='lat' dir='ltr'><strong>id</strong></span> <span class='ocrx_word' id='word_1_64' title='bbox 888 444 915 470; x_wconf 88' lang='lat' dir='ltr'><strong>in</strong></span> <span class='ocrx_word' id='word_1_65' title='bbox 933 444 1052 471; x_wconf 88' lang='lat' dir='ltr'><strong>medium</strong></span> 
     </span>
    </p>
   </div>
   <div class='ocr_carea' id='block_1_11' title="bbox 262 490 1051 527">
    <p class='ocr_par' dir='ltr' id='par_1_11' title="bbox 262 490 1051 527">
     <span class='ocr_line' id='line_1_11' title="bbox 262 490 1051 527; baseline -0.003 -9"><span class='ocrx_word' id='word_1_66' title='bbox 262 491 391 527; x_wconf 84' lang='lat' dir='ltr'><strong>proferet.</strong></span> <span class='ocrx_word' id='word_1_67' title='bbox 404 490 470 517; x_wconf 85' lang='lat' dir='ltr'><strong>Nam</strong></span> <span class='ocrx_word' id='word_1_68' title='bbox 489 495 545 518; x_wconf 92' lang='lat' dir='ltr'><strong>tum</strong></span> <span class='ocrx_word' id='word_1_69' title='bbox 563 498 578 518; x_wconf 88' lang='lat' dir='ltr'><strong>e</strong></span> <span class='ocrx_word' id='word_1_70' title='bbox 593 491 701 517; x_wconf 76' lang='lat' dir='ltr'><strong>duobus</strong></span> <span class='ocrx_word' id='word_1_71' title='bbox 723 491 840 517; x_wconf 86' lang='lat' dir='ltr'><strong>alterum</strong></span> <span class='ocrx_word' id='word_1_72' title='bbox 857 494 1051 524; x_wconf 83' lang='lat' dir='ltr'><strong>consequetur.</strong></span> 
     </span>
    </p>
   </div>
   <div class='ocr_carea' id='block_1_12' title="bbox 261 536 1053 572">
    <p class='ocr_par' dir='ltr' id='par_1_12' title="bbox 261 536 1053 572">
     <span class='ocr_line' id='line_1_12' title="bbox 261 536 1053 572; baseline -0.003 -8"><span class='ocrx_word' id='word_1_73' title='bbox 261 537 315 564; x_wconf 81' lang='lat' dir='ltr'><strong>Aut</strong></span> <span class='ocrx_word' id='word_1_74' title='bbox 329 538 400 564; x_wconf 92' lang='lat' dir='ltr'><strong>enim</strong></span> <span class='ocrx_word' id='word_1_75' title='bbox 416 537 463 572; x_wconf 92' lang='lat' dir='ltr'><strong>qui</strong></span> <span class='ocrx_word' id='word_1_76' title='bbox 479 537 580 569; x_wconf 79' lang='lat' dir='ltr'><strong>audiet,</strong></span> <span class='ocrx_word' id='word_1_77' title='bbox 593 543 649 571; x_wconf 87' lang='lat' dir='ltr'><strong>quo</strong></span> <span class='ocrx_word' id='word_1_78' title='bbox 665 536 767 571; x_wconf 87' lang='lat' dir='ltr'><strong>impelli</strong></span> <span class='ocrx_word' id='word_1_79' title='bbox 782 543 843 563; x_wconf 88' lang='lat' dir='ltr'><strong>sese</strong></span> <span class='ocrx_word' id='word_1_80' title='bbox 860 536 980 570; x_wconf 79' lang='lat' dir='ltr'><strong>ferrique</strong></span> <span class='ocrx_word' id='word_1_81' title='bbox 988 543 1053 562; x_wconf 89' lang='lat' dir='ltr'><strong>sen-</strong></span> 
     </span>
    </p>
   </div>
   <div class='ocr_carea' id='block_1_13' title="bbox 261 581 1053 617">
    <p class='ocr_par' dir='ltr' id='par_1_13' title="bbox 261 581 1053 617">
     <span class='ocr_line' id='line_1_13' title="bbox 261 581 1053 617; baseline -0.003 -7"><span class='ocrx_word' id='word_1_82' title='bbox 261 583 337 616; x_wconf 88' lang='lat' dir='ltr'><strong>serit,</strong></span> <span class='ocrx_word' id='word_1_83' title='bbox 356 583 382 609; x_wconf 90' lang='lat' dir='ltr'><strong>in</strong></span> <span class='ocrx_word' id='word_1_84' title='bbox 395 590 428 610; x_wconf 89' lang='lat' dir='ltr'><strong>eo</strong></span> <span class='ocrx_word' id='word_1_85' title='bbox 448 582 555 610; x_wconf 91' lang='lat' dir='ltr'><strong>tandem</strong></span> <span class='ocrx_word' id='word_1_86' title='bbox 573 590 673 617; x_wconf 79' lang='lat' dir='ltr'><strong>magno</strong></span> <span class='ocrx_word' id='word_1_87' title='bbox 689 590 751 609; x_wconf 86' lang='lat' dir='ltr'><strong>eum</strong></span> <span class='ocrx_word' id='word_1_88' title='bbox 765 589 815 609; x_wconf 89' lang='lat' dir='ltr'><strong>suo</strong></span> <span class='ocrx_word' id='word_1_89' title='bbox 828 582 916 609; x_wconf 82' lang='lat' dir='ltr'><strong>fructu</strong></span> <span class='ocrx_word' id='word_1_90' title='bbox 943 581 1053 616; x_wconf 89' lang='lat' dir='ltr'><strong>acquie-</strong></span> 
     </span>
    </p>
   </div>
   <div class='ocr_carea' id='block_1_14' title="bbox 261 626 1054 662">
    <p class='ocr_par' dir='ltr' id='par_1_14' title="bbox 261 626 1054 662">
     <span class='ocr_line' id='line_1_14' title="bbox 261 626 1054 662; baseline -0.005 -5"><span class='ocrx_word' id='word_1_91' title='bbox 261 635 329 661; x_wconf 88' lang='lat' dir='ltr'><strong>scet,</strong></span> <span class='ocrx_word' id='word_1_92' title='bbox 346 634 392 656; x_wconf 89' lang='lat' dir='ltr'><strong>aut</strong></span> <span class='ocrx_word' id='word_1_93' title='bbox 406 628 593 658; x_wconf 79' lang='lat' dir='ltr'><strong>adversarium</strong></span> <span class='ocrx_word' id='word_1_94' title='bbox 623 628 680 662; x_wconf 90' lang='lat' dir='ltr'><strong>ipse</strong></span> <span class='ocrx_word' id='word_1_95' title='bbox 704 635 784 655; x_wconf 93' lang='lat' dir='ltr'><strong>suum</strong></span> <span class='ocrx_word' id='word_1_96' title='bbox 812 628 915 655; x_wconf 88' lang='lat' dir='ltr'><strong>erroris</strong></span> <span class='ocrx_word' id='word_1_97' title='bbox 937 626 1054 662; x_wconf 80' lang='lat' dir='ltr'><strong>falsique</strong></span> 
     </span>
    </p>
   </div>
   <div class='ocr_carea' id='block_1_15' title="bbox 263 673 1054 709">
    <p class='ocr_par' dir='ltr' id='par_1_15' title="bbox 263 673 1054 709">
     <span class='ocr_line' id='line_1_15' title="bbox 263 673 1054 709; baseline -0.003 -6"><span class='ocrx_word' id='word_1_98' title='bbox 263 676 415 703; x_wconf 82' lang='lat' dir='ltr'><strong>convineet.</strong></span> <span class='ocrx_word' id='word_1_99' title='bbox 445 674 526 709; x_wconf 79' lang='lat' dir='ltr'><strong>Ergo,</strong></span> <span class='ocrx_word' id='word_1_100' title='bbox 546 679 576 701; x_wconf 86' lang='lat' dir='ltr'><strong>ut</strong></span> <span class='ocrx_word' id='word_1_101' title='bbox 591 674 624 701; x_wconf 88' lang='lat' dir='ltr'><strong>ad</strong></span> <span class='ocrx_word' id='word_1_102' title='bbox 646 681 702 701; x_wconf 91' lang='lat' dir='ltr'><strong>rem</strong></span> <span class='ocrx_word' id='word_1_103' title='bbox 728 674 846 705; x_wconf 82' lang='lat' dir='ltr'><strong>veniam,</strong></span> <span class='ocrx_word' id='word_1_104' title='bbox 870 673 997 709; x_wconf 88' lang='lat' dir='ltr'><strong>equidem</strong></span> <span class='ocrx_word' id='word_1_105' title='bbox 1013 673 1054 701; x_wconf 90' lang='lat' dir='ltr'><strong>sic</strong></span> 
     </span>
    </p>
   </div>
   <div class='ocr_carea' id='block_1_16' title="bbox 259 718 1053 753">
    <p class='ocr_par' dir='ltr' id='par_1_16' title="bbox 259 718 1053 753">
     <span class='ocr_line' id='line_1_16' title="bbox 259 718 1053 753; baseline -0.006 -4"><span class='ocrx_word' id='word_1_106' title='bbox 259 721 399 753; x_wconf 76' lang='lat' dir='ltr'><strong>existimo,</strong></span> <span class='ocrx_word' id='word_1_107' title='bbox 422 721 513 747; x_wconf 87' lang='lat' dir='ltr'><strong>minus</strong></span> <span class='ocrx_word' id='word_1_108' title='bbox 548 720 598 746; x_wconf 90' lang='lat' dir='ltr'><strong>abs</strong></span> <span class='ocrx_word' id='word_1_109' title='bbox 612 724 637 746; x_wconf 94' lang='lat' dir='ltr'><strong>te</strong></span> <span class='ocrx_word' id='word_1_110' title='bbox 650 727 713 745; x_wconf 89' lang='lat' dir='ltr'><strong>vere</strong></span> <span class='ocrx_word' id='word_1_111' title='bbox 731 718 909 753; x_wconf 80' lang='lat' dir='ltr'><strong>qualitatibus</strong></span> <span class='ocrx_word' id='word_1_112' title='bbox 928 718 963 744; x_wconf 90' lang='lat' dir='ltr'><strong>ab</strong></span> <span class='ocrx_word' id='word_1_113' title='bbox 978 718 1053 745; x_wconf 93' lang='lat' dir='ltr'><strong>omni</strong></span> 
     </span>
    </p>
   </div>
   <div class='ocr_carea' id='block_1_17' title="bbox 260 764 1053 799">
    <p class='ocr_par' dir='ltr' id='par_1_17' title="bbox 260 764 1053 799">
     <span class='ocr_line' id='line_1_17' title="bbox 260 764 1053 799; baseline -0.005 -4"><span class='ocrx_word' id='word_1_114' title='bbox 260 775 318 795; x_wconf 62' lang='lat' dir='ltr'><strong>arvo</strong></span> <span class='ocrx_word' id='word_1_115' title='bbox 331 767 471 794; x_wconf 84' lang='lat' dir='ltr'><strong>materiam</strong></span> <span class='ocrx_word' id='word_1_116' title='bbox 487 766 596 793; x_wconf 88' lang='lat' dir='ltr'><strong>instrui.</strong></span> <span class='ocrx_word' id='word_1_117' title='bbox 608 764 746 798; x_wconf 78' lang='lat' dir='ltr'><strong>llocenim</strong></span> <span class='ocrx_word' id='word_1_118' title='bbox 762 764 785 791; x_wconf 80' lang='lat' dir='ltr'><strong>si</strong></span> <span class='ocrx_word' id='word_1_119' title='bbox 801 772 894 791; x_wconf 88' lang='lat' dir='ltr'><strong>verum</strong></span> <span class='ocrx_word' id='word_1_120' title='bbox 909 769 961 796; x_wconf 81' lang='lat' dir='ltr'><strong>est,</strong></span> <span class='ocrx_word' id='word_1_121' title='bbox 974 765 1053 799; x_wconf 84' lang='lat' dir='ltr'><strong>cujus</strong></span> 
     </span>
    </p>
   </div>
   <div class='ocr_carea' id='block_1_18' title="bbox 262 811 1055 840">
    <p class='ocr_par' dir='ltr' id='par_1_18' title="bbox 262 811 1055 840">
     <span class='ocr_line' id='line_1_18' title="bbox 262 811 1055 840; baseline -0.004 0"><span class='ocrx_word' id='word_1_122' title='bbox 262 813 371 840; x_wconf 86' lang='lat' dir='ltr'><strong>tandem</strong></span> <span class='ocrx_word' id='word_1_123' title='bbox 385 813 422 840; x_wconf 93' lang='lat' dir='ltr'><strong>rei</strong></span> <span class='ocrx_word' id='word_1_124' title='bbox 442 812 527 840; x_wconf 90' lang='lat' dir='ltr'><strong>Deum</strong></span> <span class='ocrx_word' id='word_1_125' title='bbox 554 816 693 839; x_wconf 83' lang='lat' dir='ltr'><strong>auctorem</strong></span> <span class='ocrx_word' id='word_1_126' title='bbox 708 811 871 838; x_wconf 87' lang='lat' dir='ltr'><strong>habebimus</strong></span> <span class='ocrx_word' id='word_1_127' title='bbox 885 811 897 837; x_wconf 67' lang='grc' dir='ltr'>ἲ</span> <span class='ocrx_word' id='word_1_128' title='bbox 920 811 1055 838; x_wconf 86' lang='lat' dir='ltr'><strong>Substan-</strong></span> 
     </span>
    </p>
   </div>
   <div class='ocr_carea' id='block_1_19' title="bbox 261 857 1053 892">
    <p class='ocr_par' dir='ltr' id='par_1_19' title="bbox 261 857 1053 892">
     <span class='ocr_line' id='line_1_19' title="bbox 261 857 1053 892; baseline -0.004 -6"><span class='ocrx_word' id='word_1_129' title='bbox 261 858 359 886; x_wconf 89' lang='lat' dir='ltr'><strong>tiarum</strong></span> <span class='ocrx_word' id='word_1_130' title='bbox 376 858 388 884; x_wconf 85' lang='lat'><strong>?</strong></span> <span class='ocrx_word' id='word_1_131' title='bbox 409 859 441 885; x_wconf 81' lang='lat' dir='ltr'><strong>At</strong></span> <span class='ocrx_word' id='word_1_132' title='bbox 458 866 504 886; x_wconf 88' lang='lat' dir='ltr'><strong>eas</strong></span> <span class='ocrx_word' id='word_1_133' title='bbox 514 858 569 892; x_wconf 85' lang='lat' dir='ltr'><strong>jam</strong></span> <span class='ocrx_word' id='word_1_134' title='bbox 581 858 656 892; x_wconf 89' lang='lat' dir='ltr'><strong>prius</strong></span> <span class='ocrx_word' id='word_1_135' title='bbox 669 857 807 885; x_wconf 83' lang='lat' dir='ltr'><strong>exstitisse</strong></span> <span class='ocrx_word' id='word_1_136' title='bbox 819 857 947 884; x_wconf 85' lang='lat' dir='ltr'><strong>dicimus.</strong></span> <span class='ocrx_word' id='word_1_137' title='bbox 959 857 1053 889; x_wconf 65' lang='lat' dir='ltr'><strong>Quali~</strong></span> 
     </span>
    </p>
   </div>
   <div class='ocr_carea' id='block_1_20' title="bbox 262 893 1088 940">
    <p class='ocr_par' dir='ltr' id='par_1_20' title="bbox 262 893 1088 940">
     <span class='ocr_line' id='line_1_20' title="bbox 262 893 1088 940; baseline 0 -9"><span class='ocrx_word' id='word_1_138' title='bbox 262 909 346 931; x_wconf 89' lang='lat' dir='ltr'><strong>latum</strong></span> <span class='ocrx_word' id='word_1_139' title='bbox 363 905 421 931; x_wconf 65' lang='grc' dir='ltr'><strong>ΞΜ</strong></span> <span class='ocrx_word' id='word_1_140' title='bbox 434 905 494 932; x_wconf 88' lang='lat' dir='ltr'><strong>illas</strong></span> <span class='ocrx_word' id='word_1_141' title='bbox 507 904 681 940; x_wconf 86' lang='lat' dir='ltr'><strong>quoquejam</strong></span> <span class='ocrx_word' id='word_1_142' title='bbox 694 904 850 931; x_wconf 86' lang='lat' dir='ltr'><strong>anteluisse</strong></span> <span class='ocrx_word' id='word_1_143' title='bbox 864 904 1050 939; x_wconf 83' lang='lat' dir='ltr'><strong>agnoscimus.</strong></span> <span class='ocrx_word' id='word_1_144' title='bbox 1068 893 1088 920; x_wconf 75' lang='grc' dir='ltr'>Β</span> 
     </span>
    </p>
   </div>
   <div class='ocr_carea' id='block_1_21' title="bbox 260 949 1052 986">
    <p class='ocr_par' dir='ltr' id='par_1_21' title="bbox 260 949 1052 986">
     <span class='ocr_line' id='line_1_21' title="bbox 260 949 1052 986; baseline 0 -10"><span class='ocrx_word' id='word_1_145' title='bbox 260 949 328 977; x_wconf 84' lang='lat' dir='ltr'><strong>Cum</strong></span> <span class='ocrx_word' id='word_1_146' title='bbox 344 950 427 986; x_wconf 80' lang='lat' dir='ltr'><strong>igitur</strong></span> <span class='ocrx_word' id='word_1_147' title='bbox 441 956 467 977; x_wconf 85' lang='lat' dir='ltr'><strong>et</strong></span> <span class='ocrx_word' id='word_1_148' title='bbox 479 949 632 977; x_wconf 85' lang='lat' dir='ltr'><strong>substantia</strong></span> <span class='ocrx_word' id='word_1_149' title='bbox 648 957 695 984; x_wconf 89' lang='lat' dir='ltr'><strong>per</strong></span> <span class='ocrx_word' id='word_1_150' title='bbox 710 957 771 977; x_wconf 85' lang='lat' dir='ltr'><strong>sese</strong></span> <span class='ocrx_word' id='word_1_151' title='bbox 783 950 849 984; x_wconf 74' lang='lat' dir='ltr'><strong>iam,</strong></span> <span class='ocrx_word' id='word_1_152' title='bbox 865 956 892 977; x_wconf 89' lang='lat' dir='ltr'><strong>et</strong></span> <span class='ocrx_word' id='word_1_153' title='bbox 903 950 1052 985; x_wconf 82' lang='lat' dir='ltr'><strong>qualitates</strong></span> 
     </span>
    </p>
   </div>
   <div class='ocr_carea' id='block_1_22' title="bbox 260 995 1053 1032">
    <p class='ocr_par' dir='ltr' id='par_1_22' title="bbox 260 995 1053 1032">
     <span class='ocr_line' id='line_1_22' title="bbox 260 995 1053 1032; baseline -0.003 -8"><span class='ocrx_word' id='word_1_154' title='bbox 260 998 394 1029; x_wconf 78' lang='lat' dir='ltr'><strong>existant,</strong></span> <span class='ocrx_word' id='word_1_155' title='bbox 423 997 602 1032; x_wconf 85' lang='lat' dir='ltr'><strong>quamobrem</strong></span> <span class='ocrx_word' id='word_1_156' title='bbox 630 995 714 1023; x_wconf 87' lang='lat' dir='ltr'><strong>Deum</strong></span> <span class='ocrx_word' id='word_1_157' title='bbox 743 995 914 1023; x_wconf 86' lang='lat' dir='ltr'><strong>conditorem</strong></span> <span class='ocrx_word' id='word_1_158' title='bbox 935 996 1053 1030; x_wconf 87' lang='lat' dir='ltr'><strong>appelle-</strong></span> 
     </span>
    </p>
   </div>
   <div class='ocr_carea' id='block_1_23' title="bbox 261 1039 1053 1077">
    <p class='ocr_par' dir='ltr' id='par_1_23' title="bbox 261 1039 1053 1077">
     <span class='ocr_line' id='line_1_23' title="bbox 261 1039 1053 1077; baseline -0.004 -7"><span class='ocrx_word' id='word_1_159' title='bbox 261 1051 334 1075; x_wconf 88' lang='lat' dir='ltr'><strong>mus,</strong></span> <span class='ocrx_word' id='word_1_160' title='bbox 350 1047 475 1077; x_wconf 83' lang='lat' dir='ltr'><strong>superest</strong></span> <span class='ocrx_word' id='word_1_161' title='bbox 482 1041 602 1077; x_wconf 81' lang='lat' dir='ltr'><strong>profecto</strong></span> <span class='ocrx_word' id='word_1_162' title='bbox 615 1041 696 1068; x_wconf 86' lang='lat' dir='ltr'><strong>nihil.</strong></span> <span class='ocrx_word' id='word_1_163' title='bbox 712 1039 810 1067; x_wconf 81' lang='lat' dir='ltr'><strong>Verum</strong></span> <span class='ocrx_word' id='word_1_164' title='bbox 824 1048 858 1066; x_wconf 91' lang='lat' dir='ltr'><strong>ne</strong></span> <span class='ocrx_word' id='word_1_165' title='bbox 872 1041 960 1075; x_wconf 79' lang='lat' dir='ltr'><strong>arguti</strong></span> <span class='ocrx_word' id='word_1_166' title='bbox 973 1041 1053 1075; x_wconf 88' lang='lat' dir='ltr'><strong>quid-</strong></span> 
     </span>
    </p>
   </div>
   <div class='ocr_carea' id='block_1_24' title="bbox 261 1089 1051 1126">
    <p class='ocr_par' dir='ltr' id='par_1_24' title="bbox 261 1089 1051 1126">
     <span class='ocr_line' id='line_1_24' title="bbox 261 1089 1051 1126; baseline -0.001 -8"><span class='ocrx_word' id='word_1_167' title='bbox 261 1091 333 1126; x_wconf 88' lang='lat' dir='ltr'><strong>piam</strong></span> <span class='ocrx_word' id='word_1_168' title='bbox 349 1091 406 1125; x_wconf 83' lang='lat' dir='ltr'><strong>ipse</strong></span> <span class='ocrx_word' id='word_1_169' title='bbox 422 1091 512 1117; x_wconf 86' lang='lat' dir='ltr'><strong>moliri</strong></span> <span class='ocrx_word' id='word_1_170' title='bbox 534 1090 601 1117; x_wconf 86' lang='lat' dir='ltr'><strong>velle</strong></span> <span class='ocrx_word' id='word_1_171' title='bbox 617 1090 722 1122; x_wconf 87' lang='lat' dir='ltr'><strong>videar,</strong></span> <span class='ocrx_word' id='word_1_172' title='bbox 754 1089 797 1116; x_wconf 89' lang='lat' dir='ltr'><strong>dic</strong></span> <span class='ocrx_word' id='word_1_173' title='bbox 825 1089 956 1124; x_wconf 84' lang='lat' dir='ltr'><strong>ipsemet,</strong></span> <span class='ocrx_word' id='word_1_174' title='bbox 973 1089 1051 1117; x_wconf 79' lang='lat' dir='ltr'><strong>obse-</strong></span> 
     </span>
    </p>
   </div>
   <div class='ocr_carea' id='block_1_25' title="bbox 263 1135 1051 1172">
    <p class='ocr_par' dir='ltr' id='par_1_25' title="bbox 263 1135 1051 1172">
     <span class='ocr_line' id='line_1_25' title="bbox 263 1135 1051 1172; baseline -0.003 -7"><span class='ocrx_word' id='word_1_175' title='bbox 263 1146 323 1168; x_wconf 83' lang='lat' dir='ltr'><strong>cro,</strong></span> <span class='ocrx_word' id='word_1_176' title='bbox 347 1145 401 1172; x_wconf 91' lang='lat' dir='ltr'><strong>qua</strong></span> <span class='ocrx_word' id='word_1_177' title='bbox 417 1142 445 1164; x_wconf 89' lang='lat' dir='ltr'><strong>tu</strong></span> <span class='ocrx_word' id='word_1_178' title='bbox 461 1137 566 1164; x_wconf 87' lang='lat' dir='ltr'><strong>ratione</strong></span> <span class='ocrx_word' id='word_1_179' title='bbox 581 1136 749 1163; x_wconf 85' lang='lat' dir='ltr'><strong>conditorem</strong></span> <span class='ocrx_word' id='word_1_180' title='bbox 776 1135 858 1162; x_wconf 86' lang='lat' dir='ltr'><strong>Deum</strong></span> <span class='ocrx_word' id='word_1_181' title='bbox 885 1143 945 1163; x_wconf 85' lang='lat' dir='ltr'><strong>esse</strong></span> <span class='ocrx_word' id='word_1_182' title='bbox 960 1141 1051 1170; x_wconf 87' lang='lat' dir='ltr'><strong>putes.</strong></span> 
     </span>
    </p>
   </div>
   <div class='ocr_carea' id='block_1_26' title="bbox 262 1182 1052 1219">
    <p class='ocr_par' dir='ltr' id='par_1_26' title="bbox 262 1182 1052 1219">
     <span class='ocr_line' id='line_1_26' title="bbox 262 1182 1052 1219; baseline -0.003 -8"><span class='ocrx_word' id='word_1_183' title='bbox 262 1185 304 1211; x_wconf 79' lang='lat' dir='ltr'><strong>An</strong></span> <span class='ocrx_word' id='word_1_184' title='bbox 329 1184 402 1219; x_wconf 86' lang='lat' dir='ltr'><strong>quod</strong></span> <span class='ocrx_word' id='word_1_185' title='bbox 433 1183 647 1211; x_wconf 85' lang='lat' dir='ltr'><strong>substantiarum</strong></span> <span class='ocrx_word' id='word_1_186' title='bbox 680 1186 807 1208; x_wconf 92' lang='lat' dir='ltr'><strong>naturam</strong></span> <span class='ocrx_word' id='word_1_187' title='bbox 837 1182 997 1215; x_wconf 83' lang='lat' dir='ltr'><strong>immutarit,</strong></span> <span class='ocrx_word' id='word_1_188' title='bbox 1023 1186 1052 1209; x_wconf 93' lang='lat' dir='ltr'><strong>ut</strong></span> 
     </span>
    </p>
   </div>
   <div class='ocr_carea' id='block_1_27' title="bbox 262 1227 1052 1264">
    <p class='ocr_par' dir='ltr' id='par_1_27' title="bbox 262 1227 1052 1264">
     <span class='ocr_line' id='line_1_27' title="bbox 262 1227 1052 1264; baseline -0.003 -8"><span class='ocrx_word' id='word_1_189' title='bbox 262 1237 344 1264; x_wconf 88' lang='lat' dir='ltr'><strong>quam</strong></span> <span class='ocrx_word' id='word_1_190' title='bbox 361 1233 446 1256; x_wconf 68' lang='lat' dir='ltr'><strong>nacta:</strong></span> <span class='ocrx_word' id='word_1_191' title='bbox 461 1228 536 1262; x_wconf 88' lang='lat' dir='ltr'><strong>prius</strong></span> <span class='ocrx_word' id='word_1_192' title='bbox 562 1227 671 1254; x_wconf 80' lang='lat' dir='ltr'><strong>fuerant</strong></span> <span class='ocrx_word' id='word_1_193' title='bbox 697 1231 839 1259; x_wconf 63' lang='lat' dir='ltr'><strong>exuentrs,</strong></span> <span class='ocrx_word' id='word_1_194' title='bbox 872 1235 970 1253; x_wconf 81' lang='lat' dir='ltr'><strong>noram</strong></span> <span class='ocrx_word' id='word_1_195' title='bbox 988 1227 1052 1262; x_wconf 66' lang='lat' dir='ltr'><strong>ipsa:</strong></span> 
     </span>
    </p>
   </div>
   <div class='ocr_carea' id='block_1_28' title="bbox 261 1273 1051 1310">
    <p class='ocr_par' dir='ltr' id='par_1_28' title="bbox 261 1273 1051 1310">
     <span class='ocr_line' id='line_1_28' title="bbox 261 1273 1051 1310; baseline -0.003 -8"><span class='ocrx_word' id='word_1_196' title='bbox 261 1275 408 1310; x_wconf 81' lang='lat' dir='ltr'><strong>quamdam</strong></span> <span class='ocrx_word' id='word_1_197' title='bbox 419 1279 446 1302; x_wconf 88' lang='lat' dir='ltr'><strong>et</strong></span> <span class='ocrx_word' id='word_1_198' title='bbox 462 1275 579 1302; x_wconf 87' lang='lat' dir='ltr'><strong>alienam</strong></span> <span class='ocrx_word' id='word_1_199' title='bbox 606 1274 750 1300; x_wconf 85' lang='lat' dir='ltr'><strong>induerent</strong></span> <span class='ocrx_word' id='word_1_200' title='bbox 765 1273 777 1299; x_wconf 68' lang='grc' dir='ltr'>ἲ</span> <span class='ocrx_word' id='word_1_201' title='bbox 799 1273 840 1299; x_wconf 81' lang='lat' dir='ltr'><strong>An</strong></span> <span class='ocrx_word' id='word_1_202' title='bbox 853 1273 954 1308; x_wconf 85' lang='lat' dir='ltr'><strong>potius,</strong></span> <span class='ocrx_word' id='word_1_203' title='bbox 978 1273 1051 1308; x_wconf 88' lang='lat' dir='ltr'><strong>quod</strong></span> 
     </span>
    </p>
   </div>
   <div class='ocr_carea' id='block_1_29' title="bbox 261 1318 1051 1355">
    <p class='ocr_par' dir='ltr' id='par_1_29' title="bbox 261 1318 1051 1355">
     <span class='ocr_line' id='line_1_29' title="bbox 261 1318 1051 1355; baseline -0.006 -6"><span class='ocrx_word' id='word_1_204' title='bbox 261 1321 422 1349; x_wconf 83' lang='lat' dir='ltr'><strong>substantiis</strong></span> <span class='ocrx_word' id='word_1_205' title='bbox 434 1321 459 1346; x_wconf 94' lang='lat' dir='ltr'><strong>in</strong></span> <span class='ocrx_word' id='word_1_206' title='bbox 478 1321 587 1355; x_wconf 89' lang='lat' dir='ltr'><strong>propria</strong></span> <span class='ocrx_word' id='word_1_207' title='bbox 602 1323 705 1346; x_wconf 76' lang='lat' dir='ltr'><strong>naturae</strong></span> <span class='ocrx_word' id='word_1_208' title='bbox 720 1326 776 1345; x_wconf 62' lang='lat' dir='ltr'><strong>sua:</strong></span> <span class='ocrx_word' id='word_1_209' title='bbox 783 1318 888 1346; x_wconf 84' lang='lat' dir='ltr'><strong>ratione</strong></span> <span class='ocrx_word' id='word_1_210' title='bbox 901 1326 1051 1346; x_wconf 86' lang='lat' dir='ltr'><strong>conserva-</strong></span> 
     </span>
    </p>
   </div>
   <div class='ocr_carea' id='block_1_30' title="bbox 262 1363 1049 1400">
    <p class='ocr_par' dir='ltr' id='par_1_30' title="bbox 262 1363 1049 1400">
     <span class='ocr_line' id='line_1_30' title="bbox 262 1363 1049 1400; baseline -0.003 -8"><span class='ocrx_word' id='word_1_211' title='bbox 262 1367 308 1399; x_wconf 87' lang='lat' dir='ltr'><strong>tis,</strong></span> <span class='ocrx_word' id='word_1_212' title='bbox 323 1374 417 1393; x_wconf 88' lang='lat' dir='ltr'><strong>earum</strong></span> <span class='ocrx_word' id='word_1_213' title='bbox 430 1370 520 1392; x_wconf 88' lang='lat' dir='ltr'><strong>tamen</strong></span> <span class='ocrx_word' id='word_1_214' title='bbox 536 1364 682 1400; x_wconf 84' lang='lat' dir='ltr'><strong>qualitates</strong></span> <span class='ocrx_word' id='word_1_215' title='bbox 695 1363 829 1391; x_wconf 86' lang='lat' dir='ltr'><strong>mutarit?</strong></span> <span class='ocrx_word' id='word_1_216' title='bbox 842 1365 897 1399; x_wconf 79' lang='lat' dir='ltr'><strong>Ego</strong></span> <span class='ocrx_word' id='word_1_217' title='bbox 907 1372 971 1391; x_wconf 85' lang='lat' dir='ltr'><strong>vero</strong></span> <span class='ocrx_word' id='word_1_218' title='bbox 986 1364 1049 1391; x_wconf 92' lang='lat' dir='ltr'><strong>nul-</strong></span> 
     </span>
    </p>
   </div>
   <div class='ocr_carea' id='block_1_31' title="bbox 262 1410 1050 1442">
    <p class='ocr_par' dir='ltr' id='par_1_31' title="bbox 262 1410 1050 1442">
     <span class='ocr_line' id='line_1_31' title="bbox 262 1410 1050 1442; baseline -0.003 -3"><span class='ocrx_word' id='word_1_219' title='bbox 262 1412 315 1439; x_wconf 88' lang='lat' dir='ltr'><strong>lam</strong></span> <span class='ocrx_word' id='word_1_220' title='bbox 330 1413 358 1439; x_wconf 90' lang='lat' dir='ltr'><strong>in</strong></span> <span class='ocrx_word' id='word_1_221' title='bbox 375 1411 535 1439; x_wconf 84' lang='lat' dir='ltr'><strong>substantiis</strong></span> <span class='ocrx_word' id='word_1_222' title='bbox 552 1411 729 1438; x_wconf 83' lang='lat' dir='ltr'><strong>mutationem</strong></span> <span class='ocrx_word' id='word_1_223' title='bbox 754 1410 904 1442; x_wconf 77' lang='lat' dir='ltr'><strong>contigisse</strong></span> <span class='ocrx_word' id='word_1_224' title='bbox 920 1410 1050 1437; x_wconf 86' lang='lat' dir='ltr'><strong>arbitror.</strong></span> 
     </span>
    </p>
   </div>
   <div class='ocr_carea' id='block_1_32' title="bbox 262 1455 1052 1492">
    <p class='ocr_par' dir='ltr' id='par_1_32' title="bbox 262 1455 1052 1492">
     <span class='ocr_line' id='line_1_32' title="bbox 262 1455 1052 1492; baseline -0.004 -6"><span class='ocrx_word' id='word_1_225' title='bbox 262 1459 418 1486; x_wconf 80' lang='lat' dir='ltr'><strong>Absurdum</strong></span> <span class='ocrx_word' id='word_1_226' title='bbox 447 1458 519 1485; x_wconf 88' lang='lat' dir='ltr'><strong>enim</strong></span> <span class='ocrx_word' id='word_1_227' title='bbox 535 1458 561 1484; x_wconf 92' lang='lat' dir='ltr'><strong>id</strong></span> <span class='ocrx_word' id='word_1_228' title='bbox 577 1458 670 1492; x_wconf 87' lang='lat' dir='ltr'><strong>utique</strong></span> <span class='ocrx_word' id='word_1_229' title='bbox 688 1456 778 1484; x_wconf 77' lang='lat' dir='ltr'><strong>fuerit.</strong></span> <span class='ocrx_word' id='word_1_230' title='bbox 804 1455 956 1489; x_wconf 81' lang='lat' dir='ltr'><strong>Qualitates</strong></span> <span class='ocrx_word' id='word_1_231' title='bbox 985 1464 1052 1492; x_wconf 82' lang='lat' dir='ltr'><strong>ergo</strong></span> 
     </span>
    </p>
   </div>
   <div class='ocr_carea' id='block_1_33' title="bbox 262 1502 1052 1538">
    <p class='ocr_par' dir='ltr' id='par_1_33' title="bbox 262 1502 1052 1538">
     <span class='ocr_line' id='line_1_33' title="bbox 262 1502 1052 1538; baseline -0.004 -6"><span class='ocrx_word' id='word_1_232' title='bbox 262 1509 382 1532; x_wconf 84' lang='lat' dir='ltr'><strong>mutatas</strong></span> <span class='ocrx_word' id='word_1_233' title='bbox 406 1503 491 1531; x_wconf 77' lang='lat' dir='ltr'><strong>fuisse</strong></span> <span class='ocrx_word' id='word_1_234' title='bbox 506 1503 560 1536; x_wconf 89' lang='lat' dir='ltr'><strong>aio,</strong></span> <span class='ocrx_word' id='word_1_235' title='bbox 584 1502 656 1538; x_wconf 89' lang='lat' dir='ltr'><strong>quod</strong></span> <span class='ocrx_word' id='word_1_236' title='bbox 675 1503 837 1530; x_wconf 84' lang='lat' dir='ltr'><strong>mutationis</strong></span> <span class='ocrx_word' id='word_1_237' title='bbox 856 1510 944 1537; x_wconf 77' lang='lat' dir='ltr'><strong>genus</strong></span> <span class='ocrx_word' id='word_1_238' title='bbox 955 1503 1052 1530; x_wconf 85' lang='lat' dir='ltr'><strong>condi-</strong></span> 
     </span>
    </p>
   </div>
   <div class='ocr_carea' id='block_1_34' title="bbox 261 1548 1050 1581">
    <p class='ocr_par' dir='ltr' id='par_1_34' title="bbox 261 1548 1050 1581">
     <span class='ocr_line' id='line_1_34' title="bbox 261 1548 1050 1581; baseline -0.005 -3"><span class='ocrx_word' id='word_1_239' title='bbox 261 1551 330 1578; x_wconf 86' lang='lat' dir='ltr'><strong>toris</strong></span> <span class='ocrx_word' id='word_1_240' title='bbox 346 1550 401 1577; x_wconf 89' lang='lat' dir='ltr'><strong>Deo</strong></span> <span class='ocrx_word' id='word_1_241' title='bbox 417 1557 517 1577; x_wconf 91' lang='lat' dir='ltr'><strong>nomen</strong></span> <span class='ocrx_word' id='word_1_242' title='bbox 547 1549 686 1576; x_wconf 84' lang='lat' dir='ltr'><strong>indiderit.</strong></span> <span class='ocrx_word' id='word_1_243' title='bbox 711 1548 948 1581; x_wconf 88' lang='lat' dir='ltr'><strong>Quemadmodum</strong></span> <span class='ocrx_word' id='word_1_244' title='bbox 977 1549 1050 1575; x_wconf 92' lang='lat' dir='ltr'><strong>enim</strong></span> 
     </span>
    </p>
   </div>
   <div class='ocr_carea' id='block_1_35' title="bbox 262 1593 1050 1630">
    <p class='ocr_par' dir='ltr' id='par_1_35' title="bbox 262 1593 1050 1630">
     <span class='ocr_line' id='line_1_35' title="bbox 262 1593 1050 1630; baseline -0.003 -7"><span class='ocrx_word' id='word_1_245' title='bbox 262 1597 286 1624; x_wconf 87' lang='lat' dir='ltr'><strong>si</strong></span> <span class='ocrx_word' id='word_1_246' title='bbox 303 1596 413 1623; x_wconf 92' lang='lat' dir='ltr'><strong>domum</strong></span> <span class='ocrx_word' id='word_1_247' title='bbox 431 1595 550 1630; x_wconf 89' lang='lat' dir='ltr'><strong>aliquam</strong></span> <span class='ocrx_word' id='word_1_248' title='bbox 576 1603 591 1621; x_wconf 90' lang='lat' dir='ltr'><strong>e</strong></span> <span class='ocrx_word' id='word_1_249' title='bbox 608 1595 743 1629; x_wconf 88' lang='lat' dir='ltr'><strong>lapidibus</strong></span> <span class='ocrx_word' id='word_1_250' title='bbox 769 1594 869 1621; x_wconf 81' lang='lat' dir='ltr'><strong>factam</strong></span> <span class='ocrx_word' id='word_1_251' title='bbox 896 1601 957 1621; x_wconf 88' lang='lat' dir='ltr'><strong>esse</strong></span> <span class='ocrx_word' id='word_1_252' title='bbox 973 1593 1050 1622; x_wconf 83' lang='lat' dir='ltr'><strong>dica-</strong></span> 
     </span>
    </p>
   </div>
   <div class='ocr_carea' id='block_1_36' title="bbox 262 1640 1052 1676">
    <p class='ocr_par' dir='ltr' id='par_1_36' title="bbox 262 1640 1052 1676">
     <span class='ocr_line' id='line_1_36' title="bbox 262 1640 1052 1676; baseline 0 -7"><span class='ocrx_word' id='word_1_253' title='bbox 262 1650 336 1676; x_wconf 87' lang='lat' dir='ltr'><strong>mus,</strong></span> <span class='ocrx_word' id='word_1_254' title='bbox 351 1650 405 1669; x_wconf 91' lang='lat' dir='ltr'><strong>non</strong></span> <span class='ocrx_word' id='word_1_255' title='bbox 421 1647 512 1668; x_wconf 90' lang='lat' dir='ltr'><strong>tamen</strong></span> <span class='ocrx_word' id='word_1_256' title='bbox 527 1641 658 1669; x_wconf 86' lang='lat' dir='ltr'><strong>continuo</strong></span> <span class='ocrx_word' id='word_1_257' title='bbox 671 1649 766 1668; x_wconf 90' lang='lat' dir='ltr'><strong>verum</strong></span> <span class='ocrx_word' id='word_1_258' title='bbox 777 1640 824 1673; x_wconf 91' lang='lat' dir='ltr'><strong>sit,</strong></span> <span class='ocrx_word' id='word_1_259' title='bbox 840 1640 954 1675; x_wconf 80' lang='lat' dir='ltr'><strong>lapidesl</strong></span> <span class='ocrx_word' id='word_1_260' title='bbox 969 1646 1052 1669; x_wconf 79' lang='lat' dir='ltr'><strong>exuta</strong></span> 
     </span>
    </p>
   </div>
   <div class='ocr_carea' id='block_1_37' title="bbox 263 1687 1049 1724">
    <p class='ocr_par' dir='ltr' id='par_1_37' title="bbox 263 1687 1049 1724">
     <span class='ocr_line' id='line_1_37' title="bbox 263 1687 1049 1724; baseline 0 -9"><span class='ocrx_word' id='word_1_261' title='bbox 263 1688 354 1724; x_wconf 87' lang='lat' dir='ltr'><strong>priore</strong></span> <span class='ocrx_word' id='word_1_262' title='bbox 378 1687 542 1719; x_wconf 82' lang='lat' dir='ltr'><strong>substantia,</strong></span> <span class='ocrx_word' id='word_1_263' title='bbox 557 1695 616 1714; x_wconf 86' lang='lat' dir='ltr'><strong>eam</strong></span> <span class='ocrx_word' id='word_1_264' title='bbox 636 1687 662 1714; x_wconf 91' lang='lat' dir='ltr'><strong>in</strong></span> <span class='ocrx_word' id='word_1_265' title='bbox 675 1687 786 1714; x_wconf 89' lang='lat' dir='ltr'><strong>domum</strong></span> <span class='ocrx_word' id='word_1_266' title='bbox 802 1695 864 1714; x_wconf 86' lang='lat' dir='ltr'><strong>esse</strong></span> <span class='ocrx_word' id='word_1_267' title='bbox 878 1695 1025 1715; x_wconf 87' lang='lat' dir='ltr'><strong>conversos</strong></span> <span class='ocrx_word' id='word_1_268' title='bbox 1043 1697 1049 1715; x_wconf 87' lang='lat'>:</span> 
     </span>
    </p>
   </div>
   <div class='ocr_carea' id='block_1_38' title="bbox 263 1732 1053 1769">
    <p class='ocr_par' dir='ltr' id='par_1_38' title="bbox 263 1732 1053 1769">
     <span class='ocr_line' id='line_1_38' title="bbox 263 1732 1053 1769; baseline 0.004 -10"><span class='ocrx_word' id='word_1_269' title='bbox 263 1734 364 1769; x_wconf 86' lang='lat' dir='ltr'><strong>quippe</strong></span> <span class='ocrx_word' id='word_1_270' title='bbox 389 1738 465 1760; x_wconf 88' lang='lat' dir='ltr'><strong>certo</strong></span> <span class='ocrx_word' id='word_1_271' title='bbox 481 1732 601 1767; x_wconf 87' lang='lat' dir='ltr'><strong>quodam</strong></span> <span class='ocrx_word' id='word_1_272' title='bbox 617 1740 650 1760; x_wconf 86' lang='lat' dir='ltr'><strong>ex</strong></span> <span class='ocrx_word' id='word_1_273' title='bbox 663 1734 873 1768; x_wconf 89' lang='lat' dir='ltr'><strong>compositionis</strong></span> <span class='ocrx_word' id='word_1_274' title='bbox 894 1742 992 1769; x_wconf 81' lang='lat' dir='ltr'><strong>genere</strong></span> <span class='ocrx_word' id='word_1_275' title='bbox 1004 1735 1053 1762; x_wconf 90' lang='lat' dir='ltr'><strong>do-</strong></span> 
     </span>
    </p>
   </div>
   <div class='ocr_carea' id='block_1_39' title="bbox 263 1779 1052 1816">
    <p class='ocr_par' dir='ltr' id='par_1_39' title="bbox 263 1779 1052 1816">
     <span class='ocr_line' id='line_1_39' title="bbox 263 1779 1052 1816; baseline 0.001 -9"><span class='ocrx_word' id='word_1_276' title='bbox 263 1788 339 1807; x_wconf 91' lang='lat' dir='ltr'><strong>mum</strong></span> <span class='ocrx_word' id='word_1_277' title='bbox 362 1779 501 1807; x_wconf 81' lang='lat' dir='ltr'><strong>exstitisse</strong></span> <span class='ocrx_word' id='word_1_278' title='bbox 516 1780 662 1812; x_wconf 86' lang='lat' dir='ltr'><strong>contendo,</strong></span> <span class='ocrx_word' id='word_1_279' title='bbox 682 1780 765 1814; x_wconf 88' lang='lat' dir='ltr'><strong>priori</strong></span> <span class='ocrx_word' id='word_1_280' title='bbox 782 1780 902 1816; x_wconf 88' lang='lat' dir='ltr'><strong>lapidum</strong></span> <span class='ocrx_word' id='word_1_281' title='bbox 921 1781 1052 1815; x_wconf 87' lang='lat' dir='ltr'><strong>qualitate</strong></span> 
     </span>
    </p>
   </div>
   <div class='ocr_carea' id='block_1_40' title="bbox 263 1824 1053 1862">
    <p class='ocr_par' dir='ltr' id='par_1_40' title="bbox 263 1824 1053 1862">
     <span class='ocr_line' id='line_1_40' title="bbox 263 1824 1053 1862; baseline 0.001 -9"><span class='ocrx_word' id='word_1_282' title='bbox 263 1830 378 1853; x_wconf 89' lang='lat' dir='ltr'><strong>mutata.</strong></span> <span class='ocrx_word' id='word_1_283' title='bbox 404 1824 450 1853; x_wconf 87' lang='lat' dir='ltr'><strong>Sic</strong></span> <span class='ocrx_word' id='word_1_284' title='bbox 474 1825 580 1852; x_wconf 84' lang='lat' dir='ltr'><strong>videtur</strong></span> <span class='ocrx_word' id='word_1_285' title='bbox 595 1825 661 1852; x_wconf 92' lang='lat' dir='ltr'><strong>mihi</strong></span> <span class='ocrx_word' id='word_1_286' title='bbox 679 1825 751 1853; x_wconf 72' lang='lat' dir='ltr'><strong>Deus</strong></span> <span class='ocrx_word' id='word_1_287' title='bbox 766 1846 774 1859; x_wconf 92' lang='lat'><strong>,</strong></span> <span class='ocrx_word' id='word_1_288' title='bbox 793 1826 898 1862; x_wconf 82' lang='lat' dir='ltr'><strong>integra</strong></span> <span class='ocrx_word' id='word_1_289' title='bbox 926 1833 1053 1855; x_wconf 84' lang='lat' dir='ltr'><strong>manente</strong></span> 
     </span>
    </p>
   </div>
   <div class='ocr_carea' id='block_1_41' title="bbox 263 1872 1050 1908">
    <p class='ocr_par' dir='ltr' id='par_1_41' title="bbox 263 1872 1050 1908">
     <span class='ocr_line' id='line_1_41' title="bbox 263 1872 1050 1908; baseline 0.001 -8"><span class='ocrx_word' id='word_1_290' title='bbox 263 1872 427 1904; x_wconf 83' lang='lat' dir='ltr'><strong>substantia,</strong></span> <span class='ocrx_word' id='word_1_291' title='bbox 437 1872 584 1907; x_wconf 86' lang='lat' dir='ltr'><strong>quamdam</strong></span> <span class='ocrx_word' id='word_1_292' title='bbox 599 1872 685 1906; x_wconf 83' lang='lat' dir='ltr'><strong>ipsius</strong></span> <span class='ocrx_word' id='word_1_293' title='bbox 693 1873 856 1908; x_wconf 86' lang='lat' dir='ltr'><strong>qualitatum</strong></span> <span class='ocrx_word' id='word_1_294' title='bbox 871 1875 1050 1901; x_wconf 89' lang='lat' dir='ltr'><strong>mutationem</strong></span> 
     </span>
    </p>
   </div>
   <div class='ocr_carea' id='block_1_42' title="bbox 263 1917 1052 1953">
    <p class='ocr_par' dir='ltr' id='par_1_42' title="bbox 263 1917 1052 1953">
     <span class='ocr_line' id='line_1_42' title="bbox 263 1917 1052 1953; baseline 0.001 -7"><span class='ocrx_word' id='word_1_295' title='bbox 263 1919 396 1951; x_wconf 75' lang='lat' dir='ltr'><strong>ell&#39;ecisse,</strong></span> <span class='ocrx_word' id='word_1_296' title='bbox 410 1927 441 1946; x_wconf 83' lang='lat' dir='ltr'><strong>ex</strong></span> <span class='ocrx_word' id='word_1_297' title='bbox 457 1926 510 1953; x_wconf 91' lang='lat' dir='ltr'><strong>qua</strong></span> <span class='ocrx_word' id='word_1_298' title='bbox 525 1917 644 1945; x_wconf 84' lang='lat' dir='ltr'><strong>mundus</strong></span> <span class='ocrx_word' id='word_1_299' title='bbox 662 1918 713 1946; x_wconf 78' lang='lat' dir='ltr'><strong>iste</strong></span> <span class='ocrx_word' id='word_1_300' title='bbox 724 1919 775 1946; x_wconf 87' lang='lat' dir='ltr'><strong>hoc</strong></span> <span class='ocrx_word' id='word_1_301' title='bbox 786 1919 895 1950; x_wconf 86' lang='lat' dir='ltr'><strong>haheat,</strong></span> <span class='ocrx_word' id='word_1_302' title='bbox 913 1925 943 1947; x_wconf 92' lang='lat' dir='ltr'><strong>ut</strong></span> <span class='ocrx_word' id='word_1_303' title='bbox 966 1928 980 1946; x_wconf 93' lang='lat' dir='ltr'><strong>a</strong></span> <span class='ocrx_word' id='word_1_304' title='bbox 997 1920 1052 1947; x_wconf 84' lang='lat' dir='ltr'><strong>Deo</strong></span> 
     </span>
    </p>
   </div>
   <div class='ocr_carea' id='block_1_43' title="bbox 263 1963 1053 2000">
    <p class='ocr_par' dir='ltr' id='par_1_43' title="bbox 263 1963 1053 2000">
     <span class='ocr_line' id='line_1_43' title="bbox 263 1963 1053 2000; baseline -0.001 -8"><span class='ocrx_word' id='word_1_305' title='bbox 263 1965 390 1993; x_wconf 89' lang='lat' dir='ltr'><strong>conditus</strong></span> <span class='ocrx_word' id='word_1_306' title='bbox 413 1971 475 1992; x_wconf 78' lang='lat' dir='ltr'><strong>esse</strong></span> <span class='ocrx_word' id='word_1_307' title='bbox 489 1964 608 1991; x_wconf 85' lang='lat' dir='ltr'><strong>dicatur.</strong></span> <span class='ocrx_word' id='word_1_308' title='bbox 624 1963 724 1991; x_wconf 89' lang='lat' dir='ltr'><strong>Audio.</strong></span> <span class='ocrx_word' id='word_1_309' title='bbox 744 1963 811 1991; x_wconf 86' lang='lat' dir='ltr'><strong>Cum</strong></span> <span class='ocrx_word' id='word_1_310' title='bbox 830 1965 912 2000; x_wconf 81' lang='lat' dir='ltr'><strong>igitur</strong></span> <span class='ocrx_word' id='word_1_311' title='bbox 933 1966 1053 1999; x_wconf 80' lang='lat' dir='ltr'><strong>peculia-</strong></span> 
     </span>
    </p>
   </div>
   <div class='ocr_carea' id='block_1_44' title="bbox 263 2011 1052 2046">
    <p class='ocr_par' dir='ltr' id='par_1_44' title="bbox 263 2011 1052 2046">
     <span class='ocr_line' id='line_1_44' title="bbox 263 2011 1052 2046; baseline -0.003 -6"><span class='ocrx_word' id='word_1_312' title='bbox 263 2020 320 2040; x_wconf 88' lang='lat' dir='ltr'><strong>rem</strong></span> <span class='ocrx_word' id='word_1_313' title='bbox 333 2012 479 2046; x_wconf 86' lang='lat' dir='ltr'><strong>quamdam</strong></span> <span class='ocrx_word' id='word_1_314' title='bbox 496 2011 631 2046; x_wconf 84' lang='lat' dir='ltr'><strong>ejusmodi</strong></span> <span class='ocrx_word' id='word_1_315' title='bbox 642 2011 804 2045; x_wconf 87' lang='lat' dir='ltr'><strong>qualitatum</strong></span> <span class='ocrx_word' id='word_1_316' title='bbox 817 2011 949 2038; x_wconf 88' lang='lat' dir='ltr'><strong>rationem</strong></span> <span class='ocrx_word' id='word_1_317' title='bbox 964 2019 979 2038; x_wconf 92' lang='lat' dir='ltr'><strong>a</strong></span> <span class='ocrx_word' id='word_1_318' title='bbox 997 2011 1052 2039; x_wconf 92' lang='lat' dir='ltr'><strong>Deo</strong></span> 
     </span>
    </p>
   </div>
   <div class='ocr_carea' id='block_1_45' title="bbox 263 2057 1052 2094">
    <p class='ocr_par' dir='ltr' id='par_1_45' title="bbox 263 2057 1052 2094">
     <span class='ocr_line' id='line_1_45' title="bbox 263 2057 1052 2094; baseline -0.001 -9"><span class='ocrx_word' id='word_1_319' title='bbox 263 2058 412 2094; x_wconf 76' lang='lat' dir='ltr'><strong>profectam</strong></span> <span class='ocrx_word' id='word_1_320' title='bbox 434 2064 494 2084; x_wconf 84' lang='lat' dir='ltr'><strong>esse</strong></span> <span class='ocrx_word' id='word_1_321' title='bbox 508 2060 624 2088; x_wconf 87' lang='lat' dir='ltr'><strong>statuas,</strong></span> <span class='ocrx_word' id='word_1_322' title='bbox 651 2064 736 2091; x_wconf 88' lang='lat' dir='ltr'><strong>pauca</strong></span> <span class='ocrx_word' id='word_1_323' title='bbox 753 2057 819 2083; x_wconf 89' lang='lat' dir='ltr'><strong>mihi</strong></span> <span class='ocrx_word' id='word_1_324' title='bbox 838 2061 945 2084; x_wconf 89' lang='lat' dir='ltr'><strong>tantum</strong></span> <span class='ocrx_word' id='word_1_325' title='bbox 962 2057 1011 2084; x_wconf 87' lang='lat' dir='ltr'><strong>abs</strong></span> <span class='ocrx_word' id='word_1_326' title='bbox 1026 2062 1052 2084; x_wconf 90' lang='lat' dir='ltr'><strong>te</strong></span> 
     </span>
    </p>
   </div>
   <div class='ocr_carea' id='block_1_46' title="bbox 264 2102 1053 2140">
    <p class='ocr_par' dir='ltr' id='par_1_46' title="bbox 264 2102 1053 2140">
     <span class='ocr_line' id='line_1_46' title="bbox 264 2102 1053 2140; baseline -0.003 -8"><span class='ocrx_word' id='word_1_327' title='bbox 264 2104 423 2140; x_wconf 84' lang='lat' dir='ltr'><strong>responderi</strong></span> <span class='ocrx_word' id='word_1_328' title='bbox 446 2103 537 2130; x_wconf 85' lang='lat' dir='ltr'><strong>velim.</strong></span> <span class='ocrx_word' id='word_1_329' title='bbox 568 2103 635 2135; x_wconf 87' lang='lat' dir='ltr'><strong>Dic,</strong></span> <span class='ocrx_word' id='word_1_330' title='bbox 659 2103 767 2130; x_wconf 85' lang='lat' dir='ltr'><strong>amabo.</strong></span> <span class='ocrx_word' id='word_1_331' title='bbox 793 2102 861 2130; x_wconf 82' lang='lat' dir='ltr'><strong>Num</strong></span> <span class='ocrx_word' id='word_1_332' title='bbox 880 2108 909 2130; x_wconf 90' lang='lat' dir='ltr'><strong>tu</strong></span> <span class='ocrx_word' id='word_1_333' title='bbox 927 2104 1053 2131; x_wconf 90' lang='lat' dir='ltr'><strong>similiter</strong></span> 
     </span>
    </p>
   </div>
   <div class='ocr_carea' id='block_1_47' title="bbox 264 2149 1053 2185">
    <p class='ocr_par' dir='ltr' id='par_1_47' title="bbox 264 2149 1053 2185">
     <span class='ocr_line' id='line_1_47' title="bbox 264 2149 1053 2185; baseline 0 -9"><span class='ocrx_word' id='word_1_334' title='bbox 264 2150 409 2185; x_wconf 77' lang='lat' dir='ltr'><strong>qualitates</strong></span> <span class='ocrx_word' id='word_1_335' title='bbox 434 2149 501 2175; x_wconf 89' lang='lat' dir='ltr'><strong>istas</strong></span> <span class='ocrx_word' id='word_1_336' title='bbox 519 2149 734 2176; x_wconf 89' lang='lat' dir='ltr'><strong>substantiarum</strong></span> <span class='ocrx_word' id='word_1_337' title='bbox 761 2149 830 2175; x_wconf 83' lang='lat' dir='ltr'><strong>mala</strong></span> <span class='ocrx_word' id='word_1_338' title='bbox 846 2149 971 2183; x_wconf 83' lang='lat' dir='ltr'><strong>quaedam</strong></span> <span class='ocrx_word' id='word_1_339' title='bbox 992 2157 1053 2176; x_wconf 78' lang='lat' dir='ltr'><strong>esse</strong></span> 
     </span>
    </p>
   </div>
   <div class='ocr_carea' id='block_1_48' title="bbox 264 2192 1052 2230">
    <p class='ocr_par' dir='ltr' id='par_1_48' title="bbox 264 2192 1052 2230">
     <span class='ocr_line' id='line_1_48' title="bbox 264 2192 1052 2230; baseline -0.001 -9"><span class='ocrx_word' id='word_1_340' title='bbox 264 2194 404 2230; x_wconf 84' lang='lat' dir='ltr'><strong>opinaris?</strong></span> <span class='ocrx_word' id='word_1_341' title='bbox 419 2193 548 2221; x_wconf 90' lang='lat' dir='ltr'><strong>Omnino.</strong></span> <span class='ocrx_word' id='word_1_342' title='bbox 565 2192 660 2220; x_wconf 86' lang='lat' dir='ltr'><strong>Utrum</strong></span> <span class='ocrx_word' id='word_1_343' title='bbox 682 2193 916 2228; x_wconf 76' lang='lat' dir='ltr'><strong>igiturqualitates</strong></span> <span class='ocrx_word' id='word_1_344' title='bbox 930 2193 981 2219; x_wconf 70' lang='lat' dir='ltr'><strong>ill;e</strong></span> <span class='ocrx_word' id='word_1_345' title='bbox 995 2193 1052 2226; x_wconf 81' lang='lat' dir='ltr'><strong>jam</strong></span> 
     </span>
    </p>
   </div>
   <div class='ocr_carea' id='block_1_49' title="bbox 1104 257 1898 294">
    <p class='ocr_par' dir='ltr' id='par_1_49' title="bbox 1104 257 1898 294">
     <span class='ocr_line' id='line_1_49' title="bbox 1104 257 1898 294; baseline 0.001 -11"><span class='ocrx_word' id='word_1_346' title='bbox 1104 257 1189 284; x_wconf 85' lang='grc' dir='ltr'>λονότι</span> <span class='ocrx_word' id='word_1_347' title='bbox 1201 259 1250 293; x_wconf 79' lang='grc' dir='ltr'>τῆς</span> <span class='ocrx_word' id='word_1_348' title='bbox 1263 259 1398 294; x_wconf 76' lang='grc' dir='ltr'><strong>προτέρας</strong></span> <span class='ocrx_word' id='word_1_349' title='bbox 1410 259 1464 285; x_wconf 90' lang='grc' dir='ltr'><strong>τῶν</strong></span> <span class='ocrx_word' id='word_1_350' title='bbox 1477 258 1559 285; x_wconf 84' lang='grc' dir='ltr'>λίθων</span> <span class='ocrx_word' id='word_1_351' title='bbox 1578 258 1720 294; x_wconf 79' lang='grc' dir='ltr'><strong>ποιότητος</strong></span> <span class='ocrx_word' id='word_1_352' title='bbox 1731 266 1738 273; x_wconf 94' lang='grc'><strong>·</strong></span> <span class='ocrx_word' id='word_1_353' title='bbox 1758 257 1831 285; x_wconf 76' lang='grc' dir='ltr'>οὕτω</span> <span class='ocrx_word' id='word_1_354' title='bbox 1852 266 1898 292; x_wconf 84' lang='grc' dir='ltr'><strong>μοι</strong></span> 
     </span>
    </p>
   </div>
   <div class='ocr_carea' id='block_1_50' title="bbox 1103 304 1899 340">
    <p class='ocr_par' dir='ltr' id='par_1_50' title="bbox 1103 304 1899 340">
     <span class='ocr_line' id='line_1_50' title="bbox 1103 304 1899 340; baseline 0.001 -10"><span class='ocrx_word' id='word_1_355' title='bbox 1103 304 1176 330; x_wconf 87' lang='grc' dir='ltr'>δοκεῖ</span> <span class='ocrx_word' id='word_1_356' title='bbox 1191 305 1237 331; x_wconf 77' lang='grc' dir='ltr'>καὶ</span> <span class='ocrx_word' id='word_1_357' title='bbox 1250 306 1296 331; x_wconf 89' lang='grc' dir='ltr'>τὸν</span> <span class='ocrx_word' id='word_1_358' title='bbox 1307 305 1385 337; x_wconf 86' lang='grc' dir='ltr'><strong>Θεὸν,</strong></span> <span class='ocrx_word' id='word_1_359' title='bbox 1400 305 1588 340; x_wconf 77' lang='grc' dir='ltr'><strong>ὑπομενούσης</strong></span> <span class='ocrx_word' id='word_1_360' title='bbox 1601 305 1649 340; x_wconf 83' lang='grc' dir='ltr'>τῆς</span> <span class='ocrx_word' id='word_1_361' title='bbox 1667 305 1761 337; x_wconf 76' lang='grc' dir='ltr'>οὐσίας</span> <span class='ocrx_word' id='word_1_362' title='bbox 1770 325 1778 337; x_wconf 94' lang='lat'><strong>,</strong></span> <span class='ocrx_word' id='word_1_363' title='bbox 1792 307 1899 340; x_wconf 82' lang='grc' dir='ltr'>τροπήν</span> 
     </span>
    </p>
   </div>
   <div class='ocr_carea' id='block_1_51' title="bbox 1103 351 1898 387">
    <p class='ocr_par' dir='ltr' id='par_1_51' title="bbox 1103 351 1898 387">
     <span class='ocr_line' id='line_1_51' title="bbox 1103 351 1898 387; baseline 0.003 -11"><span class='ocrx_word' id='word_1_364' title='bbox 1103 359 1164 376; x_wconf 85' lang='grc' dir='ltr'>τινα</span> <span class='ocrx_word' id='word_1_365' title='bbox 1179 351 1235 377; x_wconf 84' lang='grc' dir='ltr'><strong>τῶν</strong></span> <span class='ocrx_word' id='word_1_366' title='bbox 1252 352 1403 387; x_wconf 78' lang='grc' dir='ltr'><strong>ποιοτήτων</strong></span> <span class='ocrx_word' id='word_1_367' title='bbox 1418 352 1503 387; x_wconf 79' lang='grc' dir='ltr'>αὐτῆς</span> <span class='ocrx_word' id='word_1_368' title='bbox 1521 351 1711 387; x_wconf 77' lang='grc' dir='ltr'><strong>πεποιηκέναι,</strong></span> <span class='ocrx_word' id='word_1_369' title='bbox 1725 352 1786 378; x_wconf 79' lang='grc' dir='ltr'>καθ’</span> <span class='ocrx_word' id='word_1_370' title='bbox 1803 352 1837 387; x_wconf 83' lang='grc' dir='ltr'><strong>ἣν</strong></span> <span class='ocrx_word' id='word_1_371' title='bbox 1847 351 1898 387; x_wconf 82' lang='grc' dir='ltr'>τὴν</span> 
     </span>
    </p>
   </div>
   <div class='ocr_carea' id='block_1_52' title="bbox 1103 396 1899 433">
    <p class='ocr_par' dir='ltr' id='par_1_52' title="bbox 1103 396 1899 433">
     <span class='ocr_line' id='line_1_52' title="bbox 1103 396 1899 433; baseline 0.004 -11"><span class='ocrx_word' id='word_1_372' title='bbox 1103 396 1180 422; x_wconf 82' lang='grc' dir='ltr'>τοῦδε</span> <span class='ocrx_word' id='word_1_373' title='bbox 1194 396 1240 423; x_wconf 79' lang='grc' dir='ltr'>τοῦ</span> <span class='ocrx_word' id='word_1_374' title='bbox 1264 397 1367 432; x_wconf 81' lang='grc' dir='ltr'><strong>κόσμου</strong></span> <span class='ocrx_word' id='word_1_375' title='bbox 1387 398 1495 431; x_wconf 82' lang='grc' dir='ltr'>γένεσιν</span> <span class='ocrx_word' id='word_1_376' title='bbox 1521 398 1589 433; x_wconf 82' lang='grc' dir='ltr'>πρὸς</span> <span class='ocrx_word' id='word_1_377' title='bbox 1602 397 1650 424; x_wconf 82' lang='grc' dir='ltr'>τοῦ</span> <span class='ocrx_word' id='word_1_378' title='bbox 1671 397 1738 423; x_wconf 73' lang='grc' dir='ltr'>Θεοῦ</span> <span class='ocrx_word' id='word_1_379' title='bbox 1755 398 1899 432; x_wconf 83' lang='grc' dir='ltr'>γεγονέναι</span> 
     </span>
    </p>
   </div>
   <div class='ocr_carea' id='block_1_53' title="bbox 1103 443 1900 481">
    <p class='ocr_par' dir='ltr' id='par_1_53' title="bbox 1103 443 1900 481">
     <span class='ocr_line' id='line_1_53' title="bbox 1103 443 1900 481; baseline 0.003 -12"><span class='ocrx_word' id='word_1_380' title='bbox 1103 443 1185 477; x_wconf 82' lang='grc' dir='ltr'>λέγω.</span> <span class='ocrx_word' id='word_1_381' title='bbox 1212 444 1288 470; x_wconf 86' lang='grc' dir='ltr'>Ἐπεὶ</span> <span class='ocrx_word' id='word_1_382' title='bbox 1301 444 1390 471; x_wconf 78' lang='grc' dir='ltr'>τοίνυν</span> <span class='ocrx_word' id='word_1_383' title='bbox 1401 446 1504 480; x_wconf 83' lang='grc' dir='ltr'>τροπήν</span> <span class='ocrx_word' id='word_1_384' title='bbox 1520 453 1581 471; x_wconf 83' lang='grc' dir='ltr'>τινα</span> <span class='ocrx_word' id='word_1_385' title='bbox 1596 444 1650 471; x_wconf 85' lang='grc' dir='ltr'><strong>τῶν</strong></span> <span class='ocrx_word' id='word_1_386' title='bbox 1664 446 1814 480; x_wconf 82' lang='grc' dir='ltr'><strong>ποιοτήτων</strong></span> <span class='ocrx_word' id='word_1_387' title='bbox 1828 445 1900 481; x_wconf 76' lang='grc' dir='ltr'>πρὸς</span> 
     </span>
    </p>
   </div>
   <div class='ocr_carea' id='block_1_54' title="bbox 1103 489 1900 526">
    <p class='ocr_par' dir='ltr' id='par_1_54' title="bbox 1103 489 1900 526">
     <span class='ocr_line' id='line_1_54' title="bbox 1103 489 1900 526; baseline 0.003 -11"><span class='ocrx_word' id='word_1_388' title='bbox 1103 489 1150 515; x_wconf 86' lang='grc' dir='ltr'><strong>τοῦ</strong></span> <span class='ocrx_word' id='word_1_389' title='bbox 1164 489 1231 516; x_wconf 74' lang='grc' dir='ltr'>Θεοῦ</span> <span class='ocrx_word' id='word_1_390' title='bbox 1249 490 1391 524; x_wconf 88' lang='grc' dir='ltr'>γεγονέναι</span> <span class='ocrx_word' id='word_1_391' title='bbox 1408 491 1470 526; x_wconf 74' lang='grc' dir='ltr'>φὴς,</span> <span class='ocrx_word' id='word_1_392' title='bbox 1485 491 1632 526; x_wconf 81' lang='grc' dir='ltr'>ἀπόκριναί</span> <span class='ocrx_word' id='word_1_393' title='bbox 1650 500 1695 526; x_wconf 91' lang='grc' dir='ltr'><strong>μοι</strong></span> <span class='ocrx_word' id='word_1_394' title='bbox 1722 491 1825 526; x_wconf 78' lang='grc' dir='ltr'><strong>βραχέα</strong></span> <span class='ocrx_word' id='word_1_395' title='bbox 1847 500 1900 517; x_wconf 83' lang='grc' dir='ltr'><strong>πυ-</strong></span> 
     </span>
    </p>
   </div>
   <div class='ocr_carea' id='block_1_55' title="bbox 1104 534 1899 573">
    <p class='ocr_par' dir='ltr' id='par_1_55' title="bbox 1104 534 1899 573">
     <span class='ocr_line' id='line_1_55' title="bbox 1104 534 1899 573; baseline 0.006 -13"><span class='ocrx_word' id='word_1_396' title='bbox 1104 534 1198 561; x_wconf 79' lang='grc' dir='ltr'>θέσθαι</span> <span class='ocrx_word' id='word_1_397' title='bbox 1216 536 1435 571; x_wconf 79' lang='grc' dir='ltr'><strong>προαιρουμένῳ.</strong></span> <span class='ocrx_word' id='word_1_398' title='bbox 1459 537 1529 572; x_wconf 83' lang='grc' dir='ltr'>Λέγε</span> <span class='ocrx_word' id='word_1_399' title='bbox 1542 537 1589 572; x_wconf 81' lang='grc' dir='ltr'><strong>δὴ,</strong></span> <span class='ocrx_word' id='word_1_400' title='bbox 1612 538 1636 564; x_wconf 85' lang='grc' dir='ltr'><strong>εἰ</strong></span> <span class='ocrx_word' id='word_1_401' title='bbox 1659 538 1759 573; x_wconf 81' lang='grc' dir='ltr'>ὁμοίως</span> <span class='ocrx_word' id='word_1_402' title='bbox 1780 538 1828 565; x_wconf 71' lang='grc' dir='ltr'><strong>καὶ</strong></span> <span class='ocrx_word' id='word_1_403' title='bbox 1855 539 1899 565; x_wconf 80' lang='grc' dir='ltr'><strong>σοὶ</strong></span> 
     </span>
    </p>
   </div>
   <div class='ocr_carea' id='block_1_56' title="bbox 1102 579 1895 616">
    <p class='ocr_par' dir='ltr' id='par_1_56' title="bbox 1102 579 1895 616">
     <span class='ocr_line' id='line_1_56' title="bbox 1102 579 1895 616; baseline 0.003 -10"><span class='ocrx_word' id='word_1_404' title='bbox 1102 580 1221 607; x_wconf 79' lang='grc' dir='ltr'>δοκεῖτὰ</span> <span class='ocrx_word' id='word_1_405' title='bbox 1243 581 1315 607; x_wconf 76' lang='grc' dir='ltr'>κακᾶ</span> <span class='ocrx_word' id='word_1_406' title='bbox 1334 581 1479 616; x_wconf 77' lang='grc' dir='ltr'>ποιότητας</span> <span class='ocrx_word' id='word_1_407' title='bbox 1504 579 1573 608; x_wconf 86' lang='grc' dir='ltr'>εἶναι</span> <span class='ocrx_word' id='word_1_408' title='bbox 1596 581 1650 609; x_wconf 86' lang='grc' dir='ltr'><strong>τῶν</strong></span> <span class='ocrx_word' id='word_1_409' title='bbox 1667 583 1782 614; x_wconf 75' lang='grc' dir='ltr'>οὐσιῶνς</span> <span class='ocrx_word' id='word_1_410' title='bbox 1805 583 1895 609; x_wconf 79' lang='grc' dir='ltr'><strong>Δοκεῖ.</strong></span> 
     </span>
    </p>
   </div>
   <div class='ocr_carea' id='block_1_57' title="bbox 1105 624 1900 664">
    <p class='ocr_par' dir='ltr' id='par_1_57' title="bbox 1105 624 1900 664">
     <span class='ocr_line' id='line_1_57' title="bbox 1105 624 1900 664; baseline 0.003 -12"><span class='ocrx_word' id='word_1_411' title='bbox 1105 626 1225 653; x_wconf 79' lang='grc' dir='ltr'><strong>Ἀνωθεν</strong></span> <span class='ocrx_word' id='word_1_412' title='bbox 1238 627 1265 652; x_wconf 81' lang='grc' dir='ltr'><strong>δὲ</strong></span> <span class='ocrx_word' id='word_1_413' title='bbox 1281 624 1350 662; x_wconf 79' lang='grc' dir='ltr'>ἦσαν</span> <span class='ocrx_word' id='word_1_414' title='bbox 1362 627 1388 653; x_wconf 74' lang='grc' dir='ltr'>αἱ</span> <span class='ocrx_word' id='word_1_415' title='bbox 1405 628 1547 662; x_wconf 75' lang='grc' dir='ltr'><strong>ποιότητες</strong></span> <span class='ocrx_word' id='word_1_416' title='bbox 1561 625 1641 654; x_wconf 72' lang='grc' dir='ltr'>αὗται</span> <span class='ocrx_word' id='word_1_417' title='bbox 1653 629 1682 655; x_wconf 81' lang='grc' dir='ltr'>ὲν</span> <span class='ocrx_word' id='word_1_418' title='bbox 1692 629 1726 663; x_wconf 81' lang='grc' dir='ltr'><strong>τῇ</strong></span> <span class='ocrx_word' id='word_1_419' title='bbox 1737 627 1799 664; x_wconf 73' lang='grc' dir='ltr'>ὕλῃ,</span> <span class='ocrx_word' id='word_1_420' title='bbox 1816 628 1832 663; x_wconf 88' lang='grc' dir='ltr'><strong>ἢ</strong></span> <span class='ocrx_word' id='word_1_421' title='bbox 1848 629 1900 663; x_wconf 84' lang='grc' dir='ltr'><strong>ἁρ-</strong></span> 
     </span>
    </p>
   </div>
   <div class='ocr_carea' id='block_1_58' title="bbox 1104 670 1898 709">
    <p class='ocr_par' dir='ltr' id='par_1_58' title="bbox 1104 670 1898 709">
     <span class='ocr_line' id='line_1_58' title="bbox 1104 670 1898 709; baseline 0 -11"><span class='ocrx_word' id='word_1_422' title='bbox 1104 671 1153 707; x_wconf 85' lang='grc' dir='ltr'>χὴν</span> <span class='ocrx_word' id='word_1_423' title='bbox 1169 671 1246 707; x_wconf 80' lang='grc' dir='ltr'>ἔσχον</span> <span class='ocrx_word' id='word_1_424' title='bbox 1263 672 1309 698; x_wconf 77' lang='grc' dir='ltr'><strong>τοῦ</strong></span> <span class='ocrx_word' id='word_1_425' title='bbox 1336 670 1420 704; x_wconf 77' lang='grc' dir='ltr'>εἷναι;</span> <span class='ocrx_word' id='word_1_426' title='bbox 1448 673 1570 699; x_wconf 86' lang='grc' dir='ltr'>Συνείναί</span> <span class='ocrx_word' id='word_1_427' title='bbox 1591 682 1662 708; x_wconf 80' lang='grc' dir='ltr'>φημι</span> <span class='ocrx_word' id='word_1_428' title='bbox 1679 673 1834 708; x_wconf 81' lang='grc' dir='ltr'>ἀγεννήτως</span> <span class='ocrx_word' id='word_1_429' title='bbox 1862 674 1898 709; x_wconf 78' lang='grc' dir='ltr'><strong>τῇ</strong></span> 
     </span>
    </p>
   </div>
   <div class='ocr_carea' id='block_1_59' title="bbox 1104 718 1900 755">
    <p class='ocr_par' dir='ltr' id='par_1_59' title="bbox 1104 718 1900 755">
     <span class='ocr_line' id='line_1_59' title="bbox 1104 718 1900 755; baseline 0.001 -10"><span class='ocrx_word' id='word_1_430' title='bbox 1104 718 1154 755; x_wconf 74' lang='grc' dir='ltr'><strong>ὕλῃ</strong></span> <span class='ocrx_word' id='word_1_431' title='bbox 1174 719 1289 745; x_wconf 79' lang='grc' dir='ltr'>ταυτασὶ</span> <span class='ocrx_word' id='word_1_432' title='bbox 1308 718 1358 750; x_wconf 78' lang='grc' dir='ltr'><strong>τὰς</strong></span> <span class='ocrx_word' id='word_1_433' title='bbox 1377 719 1533 753; x_wconf 84' lang='grc' dir='ltr'>ποιότητας.</span> <span class='ocrx_word' id='word_1_434' title='bbox 1559 720 1627 754; x_wconf 73' lang='grc' dir='ltr'>Οὐχὶ</span> <span class='ocrx_word' id='word_1_435' title='bbox 1647 719 1675 745; x_wconf 76' lang='grc' dir='ltr'><strong>δὲ</strong></span> <span class='ocrx_word' id='word_1_436' title='bbox 1700 719 1744 746; x_wconf 77' lang='grc' dir='ltr'>τὸν</span> <span class='ocrx_word' id='word_1_437' title='bbox 1760 719 1825 746; x_wconf 83' lang='grc' dir='ltr'><strong>Θεὸν</strong></span> <span class='ocrx_word' id='word_1_438' title='bbox 1843 719 1900 755; x_wconf 78' lang='grc' dir='ltr'><strong>φῂς</strong></span> 
     </span>
    </p>
   </div>
   <div class='ocr_carea' id='block_1_60' title="bbox 1103 765 1900 800">
    <p class='ocr_par' dir='ltr' id='par_1_60' title="bbox 1103 765 1900 800">
     <span class='ocr_line' id='line_1_60' title="bbox 1103 765 1900 800; baseline 0 -9"><span class='ocrx_word' id='word_1_439' title='bbox 1103 765 1208 800; x_wconf 83' lang='grc' dir='ltr'>τροπήν</span> <span class='ocrx_word' id='word_1_440' title='bbox 1233 774 1294 791; x_wconf 89' lang='grc' dir='ltr'>τινα</span> <span class='ocrx_word' id='word_1_441' title='bbox 1318 765 1372 792; x_wconf 82' lang='grc' dir='ltr'><strong>τῶν</strong></span> <span class='ocrx_word' id='word_1_442' title='bbox 1401 766 1552 800; x_wconf 82' lang='grc' dir='ltr'><strong>ποιοτήτων</strong></span> <span class='ocrx_word' id='word_1_443' title='bbox 1576 765 1776 800; x_wconf 80' lang='grc' dir='ltr'>πεποιηκέναι;</span> <span class='ocrx_word' id='word_1_444' title='bbox 1810 765 1900 791; x_wconf 75' lang='grc' dir='ltr'>Τοῦτό</span> 
     </span>
    </p>
   </div>
   <div class='ocr_carea' id='block_1_61' title="bbox 1104 810 1898 847">
    <p class='ocr_par' dir='ltr' id='par_1_61' title="bbox 1104 810 1898 847">
     <span class='ocr_line' id='line_1_61' title="bbox 1104 810 1898 847; baseline -0.001 -9"><span class='ocrx_word' id='word_1_445' title='bbox 1104 820 1185 846; x_wconf 77' lang='grc' dir='ltr'>φημι.</span> <span class='ocrx_word' id='word_1_446' title='bbox 1202 812 1319 847; x_wconf 79' lang='grc' dir='ltr'>Πότερον</span> <span class='ocrx_word' id='word_1_447' title='bbox 1333 810 1379 838; x_wconf 80' lang='grc' dir='ltr'><strong>οὖν</strong></span> <span class='ocrx_word' id='word_1_448' title='bbox 1395 813 1435 843; x_wconf 74' lang='grc' dir='ltr'>εἰς</span> <span class='ocrx_word' id='word_1_449' title='bbox 1452 812 1481 838; x_wconf 87' lang='grc' dir='ltr'>τὸ</span> <span class='ocrx_word' id='word_1_450' title='bbox 1493 813 1616 847; x_wconf 83' lang='grc' dir='ltr'>κρεῖττον</span> <span class='ocrx_word' id='word_1_451' title='bbox 1639 812 1655 847; x_wconf 81' lang='grc' dir='ltr'>ἦ</span> <span class='ocrx_word' id='word_1_452' title='bbox 1678 813 1718 842; x_wconf 85' lang='grc' dir='ltr'><strong>εἰς</strong></span> <span class='ocrx_word' id='word_1_453' title='bbox 1732 812 1762 838; x_wconf 87' lang='grc' dir='ltr'>τὸ</span> <span class='ocrx_word' id='word_1_454' title='bbox 1786 813 1898 847; x_wconf 84' lang='grc' dir='ltr'>χεῖρον;</span> 
     </span>
    </p>
   </div>
   <div class='ocr_carea' id='block_1_62' title="bbox 1130 857 1899 894">
    <p class='ocr_par' dir='ltr' id='par_1_62' title="bbox 1130 857 1899 894">
     <span class='ocr_line' id='line_1_62' title="bbox 1130 857 1899 894; baseline -0.001 -10"><span class='ocrx_word' id='word_1_455' title='bbox 1130 860 1152 890; x_wconf 83' lang='grc' dir='ltr'>ἱς</span> <span class='ocrx_word' id='word_1_456' title='bbox 1168 857 1198 884; x_wconf 81' lang='grc' dir='ltr'>τὸ</span> <span class='ocrx_word' id='word_1_457' title='bbox 1214 860 1336 893; x_wconf 87' lang='grc' dir='ltr'>κρεῖττον</span> <span class='ocrx_word' id='word_1_458' title='bbox 1348 858 1436 893; x_wconf 82' lang='grc' dir='ltr'>λέγειν</span> <span class='ocrx_word' id='word_1_459' title='bbox 1456 866 1500 894; x_wconf 89' lang='grc' dir='ltr'><strong>μοι</strong></span> <span class='ocrx_word' id='word_1_460' title='bbox 1517 858 1600 885; x_wconf 85' lang='grc' dir='ltr'>δοκεῖ.</span> <span class='ocrx_word' id='word_1_461' title='bbox 1624 857 1728 884; x_wconf 77' lang='grc' dir='ltr'><strong>Οὐκοῦν</strong></span> <span class='ocrx_word' id='word_1_462' title='bbox 1747 859 1770 884; x_wconf 79' lang='grc' dir='ltr'><strong>εἰ</strong></span> <span class='ocrx_word' id='word_1_463' title='bbox 1787 859 1899 893; x_wconf 82' lang='grc' dir='ltr'>ποιότη-</span> 
     </span>
    </p>
   </div>
   <div class='ocr_carea' id='block_1_63' title="bbox 1101 905 1898 940">
    <p class='ocr_par' dir='ltr' id='par_1_63' title="bbox 1101 905 1898 940">
     <span class='ocr_line' id='line_1_63' title="bbox 1101 905 1898 940; baseline -0.001 -9"><span class='ocrx_word' id='word_1_464' title='bbox 1101 913 1148 936; x_wconf 83' lang='grc' dir='ltr'><strong>τες</strong></span> <span class='ocrx_word' id='word_1_465' title='bbox 1161 905 1209 940; x_wconf 80' lang='grc' dir='ltr'>τῆς</span> <span class='ocrx_word' id='word_1_466' title='bbox 1222 905 1288 940; x_wconf 71' lang='grc' dir='ltr'>ὕλης</span> <span class='ocrx_word' id='word_1_467' title='bbox 1303 905 1336 932; x_wconf 83' lang='grc' dir='ltr'><strong>τὰ</strong></span> <span class='ocrx_word' id='word_1_468' title='bbox 1349 906 1431 937; x_wconf 74' lang='grc' dir='ltr'>κακὰ,</span> <span class='ocrx_word' id='word_1_469' title='bbox 1445 905 1496 937; x_wconf 78' lang='grc' dir='ltr'>τὰς</span> <span class='ocrx_word' id='word_1_470' title='bbox 1505 905 1533 931; x_wconf 83' lang='grc' dir='ltr'>δὲ</span> <span class='ocrx_word' id='word_1_471' title='bbox 1546 905 1691 940; x_wconf 77' lang='grc' dir='ltr'><strong>ποιότητας</strong></span> <span class='ocrx_word' id='word_1_472' title='bbox 1704 905 1786 939; x_wconf 81' lang='grc' dir='ltr'>αὐτῆς</span> <span class='ocrx_word' id='word_1_473' title='bbox 1803 906 1843 937; x_wconf 84' lang='grc' dir='ltr'><strong>εἰς</strong></span> <span class='ocrx_word' id='word_1_474' title='bbox 1867 905 1898 931; x_wconf 67' lang='grc' dir='ltr'>τὸ</span> 
     </span>
    </p>
   </div>
   <div class='ocr_carea' id='block_1_64' title="bbox 1102 944 1897 988">
    <p class='ocr_par' dir='ltr' id='par_1_64' title="bbox 1102 944 1897 988">
     <span class='ocr_line' id='line_1_64' title="bbox 1102 944 1897 988; baseline 0.001 -12"><span class='ocrx_word' id='word_1_475' title='bbox 1102 944 1225 986; x_wconf 67' lang='grc' dir='ltr'>κρεῖὲτον</span> <span class='ocrx_word' id='word_1_476' title='bbox 1253 951 1349 987; x_wconf 73' lang='grc' dir='ltr'>ἔτρεψε</span> <span class='ocrx_word' id='word_1_477' title='bbox 1369 953 1383 978; x_wconf 82' lang='grc' dir='ltr'><strong>ὁ</strong></span> <span class='ocrx_word' id='word_1_478' title='bbox 1403 951 1515 988; x_wconf 80' lang='grc' dir='ltr'>Κύριος,</span> <span class='ocrx_word' id='word_1_479' title='bbox 1533 951 1614 977; x_wconf 77' lang='grc' dir='ltr'>πόῦεν</span> <span class='ocrx_word' id='word_1_480' title='bbox 1637 951 1672 977; x_wconf 70' lang='grc' dir='ltr'>τὰ</span> <span class='ocrx_word' id='word_1_481' title='bbox 1688 950 1778 983; x_wconf 76' lang='grc' dir='ltr'>κακὰ,</span> <span class='ocrx_word' id='word_1_482' title='bbox 1802 951 1897 985; x_wconf 79' lang='grc' dir='ltr'>ζητεῖν</span> 
     </span>
    </p>
   </div>
   <div class='ocr_carea' id='block_1_65' title="bbox 1102 995 1897 1033">
    <p class='ocr_par' dir='ltr' id='par_1_65' title="bbox 1102 995 1897 1033">
     <span class='ocr_line' id='line_1_65' title="bbox 1102 995 1897 1033; baseline 0 -10"><span class='ocrx_word' id='word_1_483' title='bbox 1102 997 1218 1032; x_wconf 82' lang='grc' dir='ltr'>ἀνάγκη.</span> <span class='ocrx_word' id='word_1_484' title='bbox 1230 997 1265 1023; x_wconf 88' lang='grc' dir='ltr'>Ἣ</span> <span class='ocrx_word' id='word_1_485' title='bbox 1278 998 1332 1033; x_wconf 83' lang='grc' dir='ltr'><strong>γὰρ</strong></span> <span class='ocrx_word' id='word_1_486' title='bbox 1344 998 1454 1033; x_wconf 74' lang='grc' dir='ltr'>ἔμειναν</span> <span class='ocrx_word' id='word_1_487' title='bbox 1465 998 1493 1024; x_wconf 84' lang='grc' dir='ltr'>αἱ</span> <span class='ocrx_word' id='word_1_488' title='bbox 1506 997 1647 1032; x_wconf 80' lang='grc' dir='ltr'><strong>ποιότητες</strong></span> <span class='ocrx_word' id='word_1_489' title='bbox 1656 997 1746 1023; x_wconf 79' lang='grc' dir='ltr'>ὁποῖαί</span> <span class='ocrx_word' id='word_1_490' title='bbox 1759 995 1897 1032; x_wconf 75' lang='grc' dir='ltr'>ποτ’ἧςαν</span> 
     </span>
    </p>
   </div>
   <div class='ocr_carea' id='block_1_66' title="bbox 1102 1041 1897 1079">
    <p class='ocr_par' dir='ltr' id='par_1_66' title="bbox 1102 1041 1897 1079">
     <span class='ocr_line' id='line_1_66' title="bbox 1102 1041 1897 1079; baseline 0.003 -11"><span class='ocrx_word' id='word_1_491' title='bbox 1102 1043 1134 1077; x_wconf 83' lang='grc' dir='ltr'>τῇ</span> <span class='ocrx_word' id='word_1_492' title='bbox 1151 1042 1242 1076; x_wconf 76' lang='grc' dir='ltr'>φύσει,</span> <span class='ocrx_word' id='word_1_493' title='bbox 1255 1043 1270 1078; x_wconf 83' lang='grc' dir='ltr'>ἦ</span> <span class='ocrx_word' id='word_1_494' title='bbox 1285 1044 1308 1069; x_wconf 89' lang='grc' dir='ltr'><strong>εὶ</strong></span> <span class='ocrx_word' id='word_1_495' title='bbox 1325 1043 1374 1078; x_wconf 82' lang='grc' dir='ltr'>μὲν</span> <span class='ocrx_word' id='word_1_496' title='bbox 1391 1044 1522 1079; x_wconf 81' lang='grc' dir='ltr'>πρότερον</span> <span class='ocrx_word' id='word_1_497' title='bbox 1533 1044 1583 1069; x_wconf 83' lang='grc' dir='ltr'>οὑκ</span> <span class='ocrx_word' id='word_1_498' title='bbox 1596 1041 1665 1078; x_wconf 78' lang='grc' dir='ltr'>ἦσαν</span> <span class='ocrx_word' id='word_1_499' title='bbox 1683 1044 1784 1074; x_wconf 75' lang='grc' dir='ltr'>κακαὶ,</span> <span class='ocrx_word' id='word_1_500' title='bbox 1806 1045 1839 1070; x_wconf 87' lang='grc' dir='ltr'><strong>ὲκ</strong></span> <span class='ocrx_word' id='word_1_501' title='bbox 1868 1043 1897 1069; x_wconf 77' lang='grc' dir='ltr'><strong>δὲ</strong></span> 
     </span>
    </p>
   </div>
   <div class='ocr_carea' id='block_1_67' title="bbox 1102 1086 1897 1125">
    <p class='ocr_par' dir='ltr' id='par_1_67' title="bbox 1102 1086 1897 1125">
     <span class='ocr_line' id='line_1_67' title="bbox 1102 1086 1897 1125; baseline 0.004 -12"><span class='ocrx_word' id='word_1_502' title='bbox 1102 1086 1148 1113; x_wconf 78' lang='grc' dir='ltr'><strong>τοῦ</strong></span> <span class='ocrx_word' id='word_1_503' title='bbox 1157 1088 1294 1124; x_wconf 83' lang='grc' dir='ltr'>τραπῆναι</span> <span class='ocrx_word' id='word_1_504' title='bbox 1315 1089 1382 1125; x_wconf 87' lang='grc' dir='ltr'>πρὸς</span> <span class='ocrx_word' id='word_1_505' title='bbox 1397 1089 1444 1116; x_wconf 73' lang='grc' dir='ltr'><strong>τοῦ</strong></span> <span class='ocrx_word' id='word_1_506' title='bbox 1462 1089 1530 1116; x_wconf 85' lang='grc' dir='ltr'><strong>Θεοῦ</strong></span> <span class='ocrx_word' id='word_1_507' title='bbox 1556 1089 1606 1121; x_wconf 81' lang='grc' dir='ltr'>τὰς</span> <span class='ocrx_word' id='word_1_508' title='bbox 1631 1089 1742 1125; x_wconf 81' lang='grc' dir='ltr'><strong>πρώτας</strong></span> <span class='ocrx_word' id='word_1_509' title='bbox 1768 1089 1897 1121; x_wconf 74' lang='grc' dir='ltr'>τοιαύτας</span> 
     </span>
    </p>
   </div>
   <div class='ocr_carea' id='block_1_68' title="bbox 1102 1134 1897 1172">
    <p class='ocr_par' dir='ltr' id='par_1_68' title="bbox 1102 1134 1897 1172">
     <span class='ocr_line' id='line_1_68' title="bbox 1102 1134 1897 1172; baseline 0.003 -12"><span class='ocrx_word' id='word_1_510' title='bbox 1102 1134 1167 1169; x_wconf 77' lang='grc' dir='ltr'>περὶ</span> <span class='ocrx_word' id='word_1_511' title='bbox 1177 1134 1227 1170; x_wconf 84' lang='grc' dir='ltr'>τὴν</span> <span class='ocrx_word' id='word_1_512' title='bbox 1237 1134 1303 1170; x_wconf 76' lang='grc' dir='ltr'><strong>ὓλην</strong></span> <span class='ocrx_word' id='word_1_513' title='bbox 1319 1136 1460 1170; x_wconf 80' lang='grc' dir='ltr'>γεγονέναι</span> <span class='ocrx_word' id='word_1_514' title='bbox 1476 1136 1621 1172; x_wconf 80' lang='grc' dir='ltr'>ποιότητας</span> <span class='ocrx_word' id='word_1_515' title='bbox 1632 1136 1696 1171; x_wconf 76' lang='grc' dir='ltr'>φῂς,</span> <span class='ocrx_word' id='word_1_516' title='bbox 1714 1136 1799 1167; x_wconf 81' lang='grc' dir='ltr'>αἴτιος</span> <span class='ocrx_word' id='word_1_517' title='bbox 1819 1135 1897 1162; x_wconf 73' lang='grc' dir='ltr'>ἔσται</span> 
     </span>
    </p>
   </div>
   <div class='ocr_carea' id='block_1_69' title="bbox 1101 1180 1897 1218">
    <p class='ocr_par' dir='ltr' id='par_1_69' title="bbox 1101 1180 1897 1218">
     <span class='ocr_line' id='line_1_69' title="bbox 1101 1180 1897 1218; baseline 0.004 -12"><span class='ocrx_word' id='word_1_518' title='bbox 1101 1180 1155 1206; x_wconf 89' lang='grc' dir='ltr'><strong>τῶν</strong></span> <span class='ocrx_word' id='word_1_519' title='bbox 1168 1181 1261 1208; x_wconf 81' lang='grc' dir='ltr'>κακῶν</span> <span class='ocrx_word' id='word_1_520' title='bbox 1271 1183 1285 1208; x_wconf 83' lang='grc' dir='ltr'>ὁ</span> <span class='ocrx_word' id='word_1_521' title='bbox 1299 1181 1375 1215; x_wconf 84' lang='grc' dir='ltr'>Θεὸς,</span> <span class='ocrx_word' id='word_1_522' title='bbox 1393 1182 1496 1218; x_wconf 69' lang='grc' dir='ltr'>τρέψας</span> <span class='ocrx_word' id='word_1_523' title='bbox 1507 1182 1556 1214; x_wconf 82' lang='grc' dir='ltr'><strong>τὰς</strong></span> <span class='ocrx_word' id='word_1_524' title='bbox 1579 1182 1628 1209; x_wconf 80' lang='grc' dir='ltr'><strong>οὑκ</strong></span> <span class='ocrx_word' id='word_1_525' title='bbox 1652 1182 1736 1214; x_wconf 74' lang='grc' dir='ltr'>οὓσας</span> <span class='ocrx_word' id='word_1_526' title='bbox 1748 1183 1897 1218; x_wconf 79' lang='grc' dir='ltr'>ποιότητας</span> 
     </span>
    </p>
   </div>
   <div class='ocr_carea' id='block_1_70' title="bbox 1101 1226 1897 1265">
    <p class='ocr_par' dir='ltr' id='par_1_70' title="bbox 1101 1226 1897 1265">
     <span class='ocr_line' id='line_1_70' title="bbox 1101 1226 1897 1265; baseline 0.006 -13"><span class='ocrx_word' id='word_1_527' title='bbox 1101 1227 1190 1259; x_wconf 79' lang='grc' dir='ltr'>κακὰς</span> <span class='ocrx_word' id='word_1_528' title='bbox 1204 1228 1244 1259; x_wconf 82' lang='grc' dir='ltr'>εἰς</span> <span class='ocrx_word' id='word_1_529' title='bbox 1257 1228 1288 1254; x_wconf 84' lang='grc' dir='ltr'>τὸ</span> <span class='ocrx_word' id='word_1_530' title='bbox 1299 1226 1370 1255; x_wconf 81' lang='grc' dir='ltr'>εἶναι</span> <span class='ocrx_word' id='word_1_531' title='bbox 1385 1230 1484 1261; x_wconf 82' lang='grc' dir='ltr'>κακὰς.</span> <span class='ocrx_word' id='word_1_532' title='bbox 1499 1230 1534 1256; x_wconf 85' lang='grc' dir='ltr'><strong>’Ἡ</strong></span> <span class='ocrx_word' id='word_1_533' title='bbox 1547 1230 1596 1261; x_wconf 85' lang='grc' dir='ltr'><strong>τὰς</strong></span> <span class='ocrx_word' id='word_1_534' title='bbox 1613 1230 1661 1265; x_wconf 82' lang='grc' dir='ltr'>μὲν</span> <span class='ocrx_word' id='word_1_535' title='bbox 1681 1230 1769 1261; x_wconf 79' lang='grc' dir='ltr'>κακὰς</span> <span class='ocrx_word' id='word_1_536' title='bbox 1788 1231 1897 1265; x_wconf 78' lang='grc' dir='ltr'>ποιότη-</span> 
     </span>
    </p>
   </div>
   <div class='ocr_carea' id='block_1_71' title="bbox 1101 1274 1897 1312">
    <p class='ocr_par' dir='ltr' id='par_1_71' title="bbox 1101 1274 1897 1312">
     <span class='ocr_line' id='line_1_71' title="bbox 1101 1274 1897 1312; baseline 0.005 -13"><span class='ocrx_word' id='word_1_537' title='bbox 1101 1282 1160 1305; x_wconf 89' lang='grc' dir='ltr'>τας,</span> <span class='ocrx_word' id='word_1_538' title='bbox 1175 1274 1215 1305; x_wconf 80' lang='grc' dir='ltr'>εἰς</span> <span class='ocrx_word' id='word_1_539' title='bbox 1227 1274 1257 1300; x_wconf 88' lang='grc' dir='ltr'>τὸ</span> <span class='ocrx_word' id='word_1_540' title='bbox 1271 1276 1395 1311; x_wconf 81' lang='grc' dir='ltr'>κρεῖττον</span> <span class='ocrx_word' id='word_1_541' title='bbox 1405 1276 1436 1302; x_wconf 80' lang='grc' dir='ltr'>οὑ</span> <span class='ocrx_word' id='word_1_542' title='bbox 1450 1276 1524 1302; x_wconf 86' lang='grc' dir='ltr'>δοκεῖ</span> <span class='ocrx_word' id='word_1_543' title='bbox 1537 1285 1578 1303; x_wconf 91' lang='grc' dir='ltr'><strong>σοι</strong></span> <span class='ocrx_word' id='word_1_544' title='bbox 1591 1276 1687 1312; x_wconf 75' lang='grc' dir='ltr'>τρέψαι</span> <span class='ocrx_word' id='word_1_545' title='bbox 1700 1276 1745 1303; x_wconf 82' lang='grc' dir='ltr'>τὸν</span> <span class='ocrx_word' id='word_1_546' title='bbox 1757 1277 1835 1309; x_wconf 81' lang='grc' dir='ltr'>Θεὸν,</span> <span class='ocrx_word' id='word_1_547' title='bbox 1846 1277 1897 1309; x_wconf 77' lang='grc' dir='ltr'>τὰς</span> 
     </span>
    </p>
   </div>
   <div class='ocr_carea' id='block_1_72' title="bbox 1101 1318 1896 1358">
    <p class='ocr_par' dir='ltr' id='par_1_72' title="bbox 1101 1318 1896 1358">
     <span class='ocr_line' id='line_1_72' title="bbox 1101 1318 1896 1358; baseline 0.006 -14"><span class='ocrx_word' id='word_1_548' title='bbox 1101 1318 1129 1344; x_wconf 73' lang='grc' dir='ltr'>δὲ</span> <span class='ocrx_word' id='word_1_549' title='bbox 1149 1319 1246 1351; x_wconf 83' lang='grc' dir='ltr'>λοιπὰς</span> <span class='ocrx_word' id='word_1_550' title='bbox 1267 1321 1313 1347; x_wconf 80' lang='grc' dir='ltr'>καὶ</span> <span class='ocrx_word' id='word_1_551' title='bbox 1335 1321 1435 1356; x_wconf 70' lang='grc' dir='ltr'>μόνας,</span> <span class='ocrx_word' id='word_1_552' title='bbox 1451 1322 1511 1349; x_wconf 81' lang='grc' dir='ltr'>ὅσαι</span> <span class='ocrx_word' id='word_1_553' title='bbox 1531 1322 1672 1358; x_wconf 65' lang='grc' dir='ltr'>ἀδιάφοροι</span> <span class='ocrx_word' id='word_1_554' title='bbox 1688 1322 1834 1358; x_wconf 83' lang='grc' dir='ltr'><strong>ἐτύγχανον</strong></span> <span class='ocrx_word' id='word_1_555' title='bbox 1848 1323 1896 1358; x_wconf 76' lang='grc' dir='ltr'>τῆς</span> 
     </span>
    </p>
   </div>
   <div class='ocr_carea' id='block_1_73' title="bbox 1101 1364 1896 1404">
    <p class='ocr_par' dir='ltr' id='par_1_73' title="bbox 1101 1364 1896 1404">
     <span class='ocr_line' id='line_1_73' title="bbox 1101 1364 1896 1404; baseline 0.008 -15"><span class='ocrx_word' id='word_1_556' title='bbox 1101 1364 1307 1401; x_wconf 73' lang='grc' dir='ltr'><strong>διακοσμήσεως</strong></span> <span class='ocrx_word' id='word_1_557' title='bbox 1315 1366 1407 1398; x_wconf 72' lang='grc' dir='ltr'>ἕνεκα,</span> <span class='ocrx_word' id='word_1_558' title='bbox 1421 1367 1489 1402; x_wconf 87' lang='grc' dir='ltr'>πρὸς</span> <span class='ocrx_word' id='word_1_559' title='bbox 1501 1367 1546 1394; x_wconf 80' lang='grc' dir='ltr'><strong>τοῦ</strong></span> <span class='ocrx_word' id='word_1_560' title='bbox 1557 1367 1624 1394; x_wconf 81' lang='grc' dir='ltr'><strong>Θεοῦ</strong></span> <span class='ocrx_word' id='word_1_561' title='bbox 1635 1368 1783 1404; x_wconf 63' lang='grc' dir='ltr'>τετράφθαι</span> <span class='ocrx_word' id='word_1_562' title='bbox 1794 1368 1896 1402; x_wconf 83' lang='grc' dir='ltr'>λέγεις.</span> 
     </span>
    </p>
   </div>
   <div class='ocr_carea' id='block_1_74' title="bbox 1102 1409 1896 1447">
    <p class='ocr_par' dir='ltr' id='par_1_74' title="bbox 1102 1409 1896 1447">
     <span class='ocr_line' id='line_1_74' title="bbox 1102 1409 1896 1447; baseline 0.006 -11"><span class='ocrx_word' id='word_1_563' title='bbox 1102 1409 1196 1442; x_wconf 72' lang='grc' dir='ltr'>Οὕτως</span> <span class='ocrx_word' id='word_1_564' title='bbox 1210 1410 1313 1438; x_wconf 77' lang='grc' dir='ltr'>ἄνωῦεν</span> <span class='ocrx_word' id='word_1_565' title='bbox 1328 1411 1405 1447; x_wconf 74' lang='grc' dir='ltr'>ἔσχον</span> <span class='ocrx_word' id='word_1_566' title='bbox 1420 1413 1483 1447; x_wconf 70' lang='grc' dir='ltr'><strong>ἐγώ.</strong></span> <span class='ocrx_word' id='word_1_567' title='bbox 1502 1413 1564 1445; x_wconf 89' lang='grc' dir='ltr'>Πῶς</span> <span class='ocrx_word' id='word_1_568' title='bbox 1581 1413 1669 1441; x_wconf 86' lang='grc' dir='ltr'>τοίνυν</span> <span class='ocrx_word' id='word_1_569' title='bbox 1688 1414 1768 1441; x_wconf 80' lang='grc' dir='ltr'>αὑτὸν</span> <span class='ocrx_word' id='word_1_570' title='bbox 1779 1414 1830 1446; x_wconf 84' lang='grc' dir='ltr'><strong>τὰς</strong></span> <span class='ocrx_word' id='word_1_571' title='bbox 1842 1415 1896 1441; x_wconf 85' lang='grc' dir='ltr'><strong>τῶν</strong></span> 
     </span>
    </p>
   </div>
   <div class='ocr_carea' id='block_1_75' title="bbox 1102 1456 1895 1495">
    <p class='ocr_par' dir='ltr' id='par_1_75' title="bbox 1102 1456 1895 1495">
     <span class='ocr_line' id='line_1_75' title="bbox 1102 1456 1895 1495; baseline 0.006 -12"><span class='ocrx_word' id='word_1_572' title='bbox 1102 1456 1212 1490; x_wconf 74' lang='grc' dir='ltr'>φαύλων</span> <span class='ocrx_word' id='word_1_573' title='bbox 1224 1459 1428 1494; x_wconf 83' lang='grc' dir='ltr'>ποιότητας,ὼς</span> <span class='ocrx_word' id='word_1_574' title='bbox 1441 1458 1513 1495; x_wconf 79' lang='grc' dir='ltr'>εἶχον</span> <span class='ocrx_word' id='word_1_575' title='bbox 1523 1480 1530 1492; x_wconf 84' lang='grc'>,</span> <span class='ocrx_word' id='word_1_576' title='bbox 1546 1461 1770 1488; x_wconf 79' lang='grc' dir='ltr'>καταλελοιπέναι</span> <span class='ocrx_word' id='word_1_577' title='bbox 1787 1461 1895 1495; x_wconf 79' lang='grc' dir='ltr'>λέγεις;</span> 
     </span>
    </p>
   </div>
   <div class='ocr_carea' id='block_1_76' title="bbox 1104 1504 1897 1545">
    <p class='ocr_par' dir='ltr' id='par_1_76' title="bbox 1104 1504 1897 1545">
     <span class='ocr_line' id='line_1_76' title="bbox 1104 1504 1897 1545; baseline 0.008 -16"><span class='ocrx_word' id='word_1_578' title='bbox 1104 1504 1221 1540; x_wconf 74' lang='grc' dir='ltr'>Πότερον</span> <span class='ocrx_word' id='word_1_579' title='bbox 1232 1505 1380 1541; x_wconf 79' lang='grc' dir='ltr'><strong>δυνάμενον</strong></span> <span class='ocrx_word' id='word_1_580' title='bbox 1397 1507 1445 1541; x_wconf 69' lang='grc' dir='ltr'>μὲν</span> <span class='ocrx_word' id='word_1_581' title='bbox 1461 1508 1590 1539; x_wconf 74' lang='grc' dir='ltr'>κάκείνας</span> <span class='ocrx_word' id='word_1_582' title='bbox 1607 1508 1721 1539; x_wconf 85' lang='grc' dir='ltr'><strong>ἀνελεῖν,</strong></span> <span class='ocrx_word' id='word_1_583' title='bbox 1745 1509 1774 1535; x_wconf 79' lang='grc' dir='ltr'><strong>οὑ</strong></span> <span class='ocrx_word' id='word_1_584' title='bbox 1799 1508 1897 1545; x_wconf 79' lang='grc' dir='ltr'>βουλη-</span> 
     </span>
    </p>
   </div>
   <div class='ocr_carea' id='block_1_77' title="bbox 1103 1549 1897 1591">
    <p class='ocr_par' dir='ltr' id='par_1_77' title="bbox 1103 1549 1897 1591">
     <span class='ocr_line' id='line_1_77' title="bbox 1103 1549 1897 1591; baseline 0.009 -16"><span class='ocrx_word' id='word_1_585' title='bbox 1103 1549 1183 1576; x_wconf 84' lang='grc' dir='ltr'>θέντα</span> <span class='ocrx_word' id='word_1_586' title='bbox 1193 1550 1231 1582; x_wconf 83' lang='grc' dir='ltr'><strong>δὲ,</strong></span> <span class='ocrx_word' id='word_1_587' title='bbox 1246 1551 1262 1586; x_wconf 84' lang='grc' dir='ltr'>ἦ</span> <span class='ocrx_word' id='word_1_588' title='bbox 1280 1551 1309 1577; x_wconf 84' lang='grc' dir='ltr'>τὸ</span> <span class='ocrx_word' id='word_1_589' title='bbox 1323 1552 1452 1579; x_wconf 72' lang='grc' dir='ltr'>δύνασθαι</span> <span class='ocrx_word' id='word_1_590' title='bbox 1466 1554 1503 1589; x_wconf 80' lang='grc' dir='ltr'>μὴ</span> <span class='ocrx_word' id='word_1_591' title='bbox 1517 1554 1626 1589; x_wconf 80' lang='grc' dir='ltr'>ἔχοντα;</span> <span class='ocrx_word' id='word_1_592' title='bbox 1641 1555 1672 1581; x_wconf 80' lang='grc' dir='ltr'>Εἰ</span> <span class='ocrx_word' id='word_1_593' title='bbox 1687 1555 1735 1590; x_wconf 81' lang='grc' dir='ltr'>μὲν</span> <span class='ocrx_word' id='word_1_594' title='bbox 1747 1555 1802 1591; x_wconf 75' lang='grc' dir='ltr'>γὰρ</span> <span class='ocrx_word' id='word_1_595' title='bbox 1816 1556 1897 1583; x_wconf 77' lang='grc' dir='ltr'>δυνά-</span> 
     </span>
    </p>
   </div>
   <div class='ocr_carea' id='block_1_78' title="bbox 1107 1597 1896 1635">
    <p class='ocr_par' dir='ltr' id='par_1_78' title="bbox 1107 1597 1896 1635">
     <span class='ocr_line' id='line_1_78' title="bbox 1107 1597 1896 1635; baseline 0.008 -13"><span class='ocrx_word' id='word_1_596' title='bbox 1107 1605 1186 1632; x_wconf 83' lang='grc' dir='ltr'>μενον</span> <span class='ocrx_word' id='word_1_597' title='bbox 1202 1597 1298 1630; x_wconf 82' lang='grc' dir='ltr'><strong>λέξεις,</strong></span> <span class='ocrx_word' id='word_1_598' title='bbox 1317 1599 1347 1624; x_wconf 82' lang='grc' dir='ltr'>οὑ</span> <span class='ocrx_word' id='word_1_599' title='bbox 1365 1598 1530 1635; x_wconf 79' lang='grc' dir='ltr'>βουληθέντα</span> <span class='ocrx_word' id='word_1_600' title='bbox 1541 1600 1570 1626; x_wconf 84' lang='grc' dir='ltr'>δὲ</span> <span class='ocrx_word' id='word_1_601' title='bbox 1588 1600 1679 1632; x_wconf 78' lang='grc' dir='ltr'>αὐτὸν,</span> <span class='ocrx_word' id='word_1_602' title='bbox 1695 1601 1779 1627; x_wconf 73' lang='grc' dir='ltr'>αἴτιον</span> <span class='ocrx_word' id='word_1_603' title='bbox 1792 1601 1896 1628; x_wconf 77' lang='grc' dir='ltr'>τούτων</span> 
     </span>
    </p>
   </div>
   <div class='ocr_carea' id='block_1_79' title="bbox 1105 1642 1895 1681">
    <p class='ocr_par' dir='ltr' id='par_1_79' title="bbox 1105 1642 1895 1681">
     <span class='ocr_line' id='line_1_79' title="bbox 1105 1642 1895 1681; baseline 0.006 -13"><span class='ocrx_word' id='word_1_604' title='bbox 1105 1643 1192 1668; x_wconf 84' lang='grc' dir='ltr'>εἰπεῖν</span> <span class='ocrx_word' id='word_1_605' title='bbox 1207 1642 1325 1678; x_wconf 84' lang='grc' dir='ltr'><strong>ἀνάγκη,</strong></span> <span class='ocrx_word' id='word_1_606' title='bbox 1338 1643 1389 1675; x_wconf 82' lang='grc' dir='ltr'>ὅτι,</span> <span class='ocrx_word' id='word_1_607' title='bbox 1403 1643 1550 1679; x_wconf 79' lang='grc' dir='ltr'>δυνάμενος</span> <span class='ocrx_word' id='word_1_608' title='bbox 1562 1645 1672 1680; x_wconf 80' lang='grc' dir='ltr'>ποιῆσαι</span> <span class='ocrx_word' id='word_1_609' title='bbox 1683 1645 1720 1681; x_wconf 86' lang='grc' dir='ltr'>μὴ</span> <span class='ocrx_word' id='word_1_610' title='bbox 1732 1644 1800 1672; x_wconf 83' lang='grc' dir='ltr'>εἶναι</span> <span class='ocrx_word' id='word_1_611' title='bbox 1813 1647 1895 1678; x_wconf 80' lang='grc' dir='ltr'>κακὰ,</span> 
     </span>
    </p>
   </div>
   <div class='ocr_carea' id='block_1_80' title="bbox 1107 1687 1898 1728">
    <p class='ocr_par' dir='ltr' id='par_1_80' title="bbox 1107 1687 1898 1728">
     <span class='ocr_line' id='line_1_80' title="bbox 1107 1687 1898 1728; baseline 0.006 -14"><span class='ocrx_word' id='word_1_612' title='bbox 1107 1687 1295 1724; x_wconf 82' lang='grc' dir='ltr'><strong>συνεχώρησεν</strong></span> <span class='ocrx_word' id='word_1_613' title='bbox 1309 1690 1379 1716; x_wconf 86' lang='grc' dir='ltr'>αὐτὰ</span> <span class='ocrx_word' id='word_1_614' title='bbox 1394 1690 1483 1724; x_wconf 80' lang='grc' dir='ltr'>μένειν</span> <span class='ocrx_word' id='word_1_615' title='bbox 1493 1690 1530 1722; x_wconf 81' lang='grc' dir='ltr'>ὡς</span> <span class='ocrx_word' id='word_1_616' title='bbox 1543 1689 1588 1726; x_wconf 80' lang='grc' dir='ltr'><strong>ἦν,</strong></span> <span class='ocrx_word' id='word_1_617' title='bbox 1605 1691 1652 1718; x_wconf 72' lang='grc' dir='ltr'>καὶ</span> <span class='ocrx_word' id='word_1_618' title='bbox 1665 1691 1782 1727; x_wconf 81' lang='grc' dir='ltr'>μάλιστα</span> <span class='ocrx_word' id='word_1_619' title='bbox 1794 1693 1838 1719; x_wconf 73' lang='grc' dir='ltr'>ὅτε</span> <span class='ocrx_word' id='word_1_620' title='bbox 1851 1693 1898 1728; x_wconf 82' lang='grc' dir='ltr'><strong>δη-</strong></span> 
     </span>
    </p>
   </div>
   <div class='ocr_carea' id='block_1_81' title="bbox 1107 1735 1897 1774">
    <p class='ocr_par' dir='ltr' id='par_1_81' title="bbox 1107 1735 1897 1774">
     <span class='ocr_line' id='line_1_81' title="bbox 1107 1735 1897 1774; baseline 0.005 -13"><span class='ocrx_word' id='word_1_621' title='bbox 1107 1736 1247 1770; x_wconf 85' lang='grc' dir='ltr'>μιουργεῖν</span> <span class='ocrx_word' id='word_1_622' title='bbox 1259 1736 1307 1771; x_wconf 83' lang='grc' dir='ltr'>τὴν</span> <span class='ocrx_word' id='word_1_623' title='bbox 1318 1735 1385 1772; x_wconf 76' lang='grc' dir='ltr'>ὓλην</span> <span class='ocrx_word' id='word_1_624' title='bbox 1402 1736 1513 1772; x_wconf 71' lang='grc' dir='ltr'>ἤρξατο.</span> <span class='ocrx_word' id='word_1_625' title='bbox 1531 1737 1562 1763; x_wconf 73' lang='lat' dir='ltr'><strong>Et</strong></span> <span class='ocrx_word' id='word_1_626' title='bbox 1573 1738 1628 1774; x_wconf 85' lang='grc' dir='ltr'>γὰρ</span> <span class='ocrx_word' id='word_1_627' title='bbox 1646 1738 1707 1773; x_wconf 78' lang='grc' dir='ltr'>μηδ’</span> <span class='ocrx_word' id='word_1_628' title='bbox 1721 1738 1789 1771; x_wconf 77' lang='grc' dir='ltr'><strong>ὅλως</strong></span> <span class='ocrx_word' id='word_1_629' title='bbox 1801 1739 1897 1769; x_wconf 79' lang='grc' dir='ltr'>ἔμελεν</span> 
     </span>
    </p>
   </div>
   <div class='ocr_carea' id='block_1_82' title="bbox 1106 1780 1898 1819">
    <p class='ocr_par' dir='ltr' id='par_1_82' title="bbox 1106 1780 1898 1819">
     <span class='ocr_line' id='line_1_82' title="bbox 1106 1780 1898 1819; baseline 0.004 -12"><span class='ocrx_word' id='word_1_630' title='bbox 1106 1780 1180 1815; x_wconf 77' lang='grc' dir='ltr'>αὺτῴ</span> <span class='ocrx_word' id='word_1_631' title='bbox 1191 1782 1241 1816; x_wconf 84' lang='grc' dir='ltr'>τῆς</span> <span class='ocrx_word' id='word_1_632' title='bbox 1260 1781 1335 1816; x_wconf 78' lang='grc' dir='ltr'>ὕλης,</span> <span class='ocrx_word' id='word_1_633' title='bbox 1352 1782 1402 1807; x_wconf 76' lang='grc' dir='ltr'><strong>οὐκ</strong></span> <span class='ocrx_word' id='word_1_634' title='bbox 1419 1781 1452 1808; x_wconf 84' lang='grc' dir='ltr'><strong>ἂν</strong></span> <span class='ocrx_word' id='word_1_635' title='bbox 1466 1782 1552 1814; x_wconf 59' lang='lat' dir='ltr'><strong>mitto;</strong></span> <span class='ocrx_word' id='word_1_636' title='bbox 1567 1780 1601 1818; x_wconf 83' lang='grc' dir='ltr'><strong>ἦν</strong></span> <span class='ocrx_word' id='word_1_637' title='bbox 1613 1780 1650 1810; x_wconf 87' lang='grc' dir='ltr'><strong>ὧν</strong></span> <span class='ocrx_word' id='word_1_638' title='bbox 1676 1784 1825 1819; x_wconf 81' lang='grc' dir='ltr'>συνεχώρει</span> <span class='ocrx_word' id='word_1_639' title='bbox 1849 1785 1898 1819; x_wconf 84' lang='grc' dir='ltr'>μέ-</span> 
     </span>
    </p>
   </div>
   <div class='ocr_carea' id='block_1_83' title="bbox 1106 1826 1898 1866">
    <p class='ocr_par' dir='ltr' id='par_1_83' title="bbox 1106 1826 1898 1866">
     <span class='ocr_line' id='line_1_83' title="bbox 1106 1826 1898 1866; baseline 0.006 -15"><span class='ocrx_word' id='word_1_640' title='bbox 1106 1834 1171 1852; x_wconf 88' lang='grc' dir='ltr'>νειν.</span> <span class='ocrx_word' id='word_1_641' title='bbox 1193 1826 1269 1852; x_wconf 74' lang='grc' dir='ltr'><strong>Ἐπεὶ</strong></span> <span class='ocrx_word' id='word_1_642' title='bbox 1283 1826 1311 1852; x_wconf 80' lang='grc' dir='ltr'><strong>δὲ</strong></span> <span class='ocrx_word' id='word_1_643' title='bbox 1321 1827 1404 1862; x_wconf 82' lang='grc' dir='ltr'>μέρος</span> <span class='ocrx_word' id='word_1_644' title='bbox 1420 1828 1469 1862; x_wconf 88' lang='grc' dir='ltr'><strong>μέν</strong></span> <span class='ocrx_word' id='word_1_645' title='bbox 1481 1836 1506 1854; x_wconf 90' lang='grc' dir='ltr'><strong>τι</strong></span> <span class='ocrx_word' id='word_1_646' title='bbox 1517 1828 1602 1863; x_wconf 81' lang='grc' dir='ltr'>αὐτῆς</span> <span class='ocrx_word' id='word_1_647' title='bbox 1618 1828 1802 1865; x_wconf 82' lang='grc' dir='ltr'>ἐδημιούργει,</span> <span class='ocrx_word' id='word_1_648' title='bbox 1814 1830 1898 1866; x_wconf 82' lang='grc' dir='ltr'>μέρος</span> 
     </span>
    </p>
   </div>
   <div class='ocr_carea' id='block_1_84' title="bbox 1105 1871 1898 1910">
    <p class='ocr_par' dir='ltr' id='par_1_84' title="bbox 1105 1871 1898 1910">
     <span class='ocr_line' id='line_1_84' title="bbox 1105 1871 1898 1910; baseline 0.005 -12"><span class='ocrx_word' id='word_1_649' title='bbox 1105 1872 1134 1898; x_wconf 84' lang='grc' dir='ltr'>δέ</span> <span class='ocrx_word' id='word_1_650' title='bbox 1152 1881 1176 1898; x_wconf 88' lang='grc' dir='ltr'><strong>τι</strong></span> <span class='ocrx_word' id='word_1_651' title='bbox 1189 1871 1276 1904; x_wconf 74' lang='grc' dir='ltr'>οὕτως</span> <span class='ocrx_word' id='word_1_652' title='bbox 1294 1873 1351 1904; x_wconf 76' lang='grc' dir='ltr'>εἴα,</span> <span class='ocrx_word' id='word_1_653' title='bbox 1367 1872 1514 1908; x_wconf 82' lang='grc' dir='ltr'>δυνάμενος</span> <span class='ocrx_word' id='word_1_654' title='bbox 1535 1874 1648 1900; x_wconf 83' lang='grc' dir='ltr'>κάκεῖνα</span> <span class='ocrx_word' id='word_1_655' title='bbox 1669 1875 1780 1910; x_wconf 82' lang='grc' dir='ltr'>τρέπειν</span> <span class='ocrx_word' id='word_1_656' title='bbox 1805 1877 1844 1907; x_wconf 84' lang='grc' dir='ltr'><strong>εἰς</strong></span> <span class='ocrx_word' id='word_1_657' title='bbox 1867 1876 1898 1903; x_wconf 89' lang='grc' dir='ltr'>τὸ</span> 
     </span>
    </p>
   </div>
   <div class='ocr_carea' id='block_1_85' title="bbox 1105 1919 1896 1957">
    <p class='ocr_par' dir='ltr' id='par_1_85' title="bbox 1105 1919 1896 1957">
     <span class='ocr_line' id='line_1_85' title="bbox 1105 1919 1896 1957; baseline 0.006 -13"><span class='ocrx_word' id='word_1_658' title='bbox 1105 1920 1246 1953; x_wconf 84' lang='grc' dir='ltr'>κρεῖττον,</span> <span class='ocrx_word' id='word_1_659' title='bbox 1270 1919 1359 1946; x_wconf 78' lang='grc' dir='ltr'>αἰτίαν</span> <span class='ocrx_word' id='word_1_660' title='bbox 1373 1919 1546 1954; x_wconf 63' lang='grc' dir='ltr'>ὸῳλισκάνειν</span> <span class='ocrx_word' id='word_1_661' title='bbox 1566 1920 1640 1954; x_wconf 81' lang='grc' dir='ltr'>ἄξιος</span> <span class='ocrx_word' id='word_1_662' title='bbox 1661 1919 1730 1947; x_wconf 82' lang='grc' dir='ltr'>εἷναί</span> <span class='ocrx_word' id='word_1_663' title='bbox 1745 1930 1791 1957; x_wconf 86' lang='grc' dir='ltr'><strong>μοι</strong></span> <span class='ocrx_word' id='word_1_664' title='bbox 1812 1922 1896 1955; x_wconf 78' lang='grc' dir='ltr'><strong>δοκεῖ,</strong></span> 
     </span>
    </p>
   </div>
   <div class='ocr_carea' id='block_1_86' title="bbox 1106 1964 1897 2005">
    <p class='ocr_par' dir='ltr' id='par_1_86' title="bbox 1106 1964 1897 2005">
     <span class='ocr_line' id='line_1_86' title="bbox 1106 1964 1897 2005; baseline 0.006 -15"><span class='ocrx_word' id='word_1_665' title='bbox 1106 1964 1263 1991; x_wconf 82' lang='grc' dir='ltr'>καταλιπὼν</span> <span class='ocrx_word' id='word_1_666' title='bbox 1280 1965 1363 2001; x_wconf 83' lang='grc' dir='ltr'>μέρος</span> <span class='ocrx_word' id='word_1_667' title='bbox 1376 1966 1442 2002; x_wconf 83' lang='grc' dir='ltr'>ὕλης</span> <span class='ocrx_word' id='word_1_668' title='bbox 1454 1964 1523 1993; x_wconf 83' lang='grc' dir='ltr'>εἶναι</span> <span class='ocrx_word' id='word_1_669' title='bbox 1541 1968 1656 2003; x_wconf 83' lang='grc' dir='ltr'>πονηρὸν</span> <span class='ocrx_word' id='word_1_670' title='bbox 1673 1968 1716 1994; x_wconf 81' lang='grc' dir='ltr'><strong>ἐπ’</strong></span> <span class='ocrx_word' id='word_1_671' title='bbox 1736 1968 1851 2005; x_wconf 77' lang='grc' dir='ltr'>ὀλέθρῳ,</span> <span class='ocrx_word' id='word_1_672' title='bbox 1867 1966 1897 1996; x_wconf 73' lang='grc' dir='ltr'>οὗ</span> 
     </span>
    </p>
   </div>
   <div class='ocr_carea' id='block_1_87' title="bbox 1106 2011 1897 2049">
    <p class='ocr_par' dir='ltr' id='par_1_87' title="bbox 1106 2011 1897 2049">
     <span class='ocr_line' id='line_1_87' title="bbox 1106 2011 1897 2049; baseline 0.005 -12"><span class='ocrx_word' id='word_1_673' title='bbox 1106 2011 1303 2046; x_wconf 74' lang='grc' dir='ltr'><strong>ἐδημιούργησε</strong></span> <span class='ocrx_word' id='word_1_674' title='bbox 1317 2012 1425 2047; x_wconf 81' lang='grc' dir='ltr'>μέρους.</span> <span class='ocrx_word' id='word_1_675' title='bbox 1447 2013 1526 2039; x_wconf 82' lang='grc' dir='ltr'><strong>Ἀλλά</strong></span> <span class='ocrx_word' id='word_1_676' title='bbox 1539 2013 1591 2048; x_wconf 83' lang='grc' dir='ltr'>μὴν</span> <span class='ocrx_word' id='word_1_677' title='bbox 1599 2013 1689 2040; x_wconf 80' lang='grc' dir='ltr'>καὶτὰ</span> <span class='ocrx_word' id='word_1_678' title='bbox 1700 2014 1814 2049; x_wconf 80' lang='grc' dir='ltr'>μέγιστα</span> <span class='ocrx_word' id='word_1_679' title='bbox 1826 2015 1897 2041; x_wconf 72' lang='grc' dir='ltr'>κατὰ</span> 
     </span>
    </p>
   </div>
   <div class='ocr_carea' id='block_1_88' title="bbox 1104 2055 1897 2096">
    <p class='ocr_par' dir='ltr' id='par_1_88' title="bbox 1104 2055 1897 2096">
     <span class='ocr_line' id='line_1_88' title="bbox 1104 2055 1897 2096; baseline 0.006 -14"><span class='ocrx_word' id='word_1_680' title='bbox 1104 2055 1182 2082; x_wconf 80' lang='grc' dir='ltr'>τοῦτο</span> <span class='ocrx_word' id='word_1_681' title='bbox 1195 2056 1225 2082; x_wconf 86' lang='grc' dir='ltr'>τὸ</span> <span class='ocrx_word' id='word_1_682' title='bbox 1241 2057 1322 2092; x_wconf 85' lang='grc' dir='ltr'>μέρος</span> <span class='ocrx_word' id='word_1_683' title='bbox 1333 2057 1478 2093; x_wconf 69' lang='grc' dir='ltr'>ἠδικῆσθαί</span> <span class='ocrx_word' id='word_1_684' title='bbox 1492 2068 1536 2094; x_wconf 91' lang='grc' dir='ltr'><strong>μοι</strong></span> <span class='ocrx_word' id='word_1_685' title='bbox 1549 2059 1639 2091; x_wconf 83' lang='grc' dir='ltr'>δοκεῖ,</span> <span class='ocrx_word' id='word_1_686' title='bbox 1656 2059 1733 2087; x_wconf 69' lang='grc' dir='ltr'>τοῦθ’</span> <span class='ocrx_word' id='word_1_687' title='bbox 1746 2061 1815 2096; x_wconf 85' lang='grc' dir='ltr'>ὅπερ</span> <span class='ocrx_word' id='word_1_688' title='bbox 1829 2069 1897 2087; x_wconf 79' lang='grc' dir='ltr'>κατ‹</span> 
     </span>
    </p>
   </div>
   <div class='ocr_carea' id='block_1_89' title="bbox 1105 2103 1897 2141">
    <p class='ocr_par' dir='ltr' id='par_1_89' title="bbox 1105 2103 1897 2141">
     <span class='ocr_line' id='line_1_89' title="bbox 1105 2103 1897 2141; baseline 0.006 -13"><span class='ocrx_word' id='word_1_689' title='bbox 1105 2103 1237 2129; x_wconf 80' lang='grc' dir='ltr'>εσκεύασε</span> <span class='ocrx_word' id='word_1_690' title='bbox 1259 2103 1309 2138; x_wconf 85' lang='grc' dir='ltr'>τῆς</span> <span class='ocrx_word' id='word_1_691' title='bbox 1340 2103 1405 2138; x_wconf 76' lang='grc' dir='ltr'>ὕλης</span> <span class='ocrx_word' id='word_1_692' title='bbox 1428 2105 1509 2140; x_wconf 75' lang='grc' dir='ltr'>μέρος</span> <span class='ocrx_word' id='word_1_693' title='bbox 1529 2105 1793 2141; x_wconf 75' lang='grc' dir='ltr'>ἀντιλαμϐανόμενον</span> <span class='ocrx_word' id='word_1_694' title='bbox 1812 2107 1897 2133; x_wconf 72' lang='grc' dir='ltr'>τανῦν</span> 
     </span>
    </p>
   </div>
   <div class='ocr_carea' id='block_1_90' title="bbox 1105 2147 1897 2188">
    <p class='ocr_par' dir='ltr' id='par_1_90' title="bbox 1105 2147 1897 2188">
     <span class='ocr_line' id='line_1_90' title="bbox 1105 2147 1897 2188; baseline 0.006 -14"><span class='ocrx_word' id='word_1_695' title='bbox 1105 2148 1158 2174; x_wconf 79' lang='grc' dir='ltr'><strong>τῶν</strong></span> <span class='ocrx_word' id='word_1_696' title='bbox 1174 2148 1276 2174; x_wconf 82' lang='grc' dir='ltr'>κακῶν.</span> <span class='ocrx_word' id='word_1_697' title='bbox 1291 2147 1321 2175; x_wconf 81' lang='grc' dir='ltr'><strong>Εἰ</strong></span> <span class='ocrx_word' id='word_1_698' title='bbox 1338 2149 1392 2185; x_wconf 82' lang='grc' dir='ltr'><strong>γάρ</strong></span> <span class='ocrx_word' id='word_1_699' title='bbox 1402 2158 1444 2181; x_wconf 87' lang='grc' dir='ltr'><strong>τις</strong></span> <span class='ocrx_word' id='word_1_700' title='bbox 1457 2150 1578 2183; x_wconf 76' lang='grc' dir='ltr'><strong>ἐξετάζοι</strong></span> <span class='ocrx_word' id='word_1_701' title='bbox 1595 2151 1640 2178; x_wconf 76' lang='grc' dir='ltr'><strong>ἐπ’</strong></span> <span class='ocrx_word' id='word_1_702' title='bbox 1652 2152 1764 2187; x_wconf 72' lang='grc' dir='ltr'>ἀκριϐὲς</span> <span class='ocrx_word' id='word_1_703' title='bbox 1782 2153 1817 2179; x_wconf 82' lang='grc' dir='ltr'>τὰ</span> <span class='ocrx_word' id='word_1_704' title='bbox 1826 2153 1897 2188; x_wconf 83' lang='grc' dir='ltr'><strong>πρά-</strong></span> 
     </span>
    </p>
   </div>
   <div class='ocr_carea' id='block_1_91' title="bbox 1105 2194 1894 2233">
    <p class='ocr_par' dir='ltr' id='par_1_91' title="bbox 1105 2194 1894 2233">
     <span class='ocr_line' id='line_1_91' title="bbox 1105 2194 1894 2233; baseline 0.008 -14"><span class='ocrx_word' id='word_1_705' title='bbox 1105 2201 1208 2228; x_wconf 77' lang='grc' dir='ltr'>γματα,</span> <span class='ocrx_word' id='word_1_706' title='bbox 1219 2194 1408 2229; x_wconf 81' lang='grc' dir='ltr'>χαλεπώτερον</span> <span class='ocrx_word' id='word_1_707' title='bbox 1420 2195 1466 2222; x_wconf 83' lang='grc' dir='ltr'><strong>νῦν</strong></span> <span class='ocrx_word' id='word_1_708' title='bbox 1475 2197 1584 2232; x_wconf 70' lang='grc' dir='ltr'>εὑρήσει</span> <span class='ocrx_word' id='word_1_709' title='bbox 1594 2197 1644 2233; x_wconf 80' lang='grc' dir='ltr'>τὴν</span> <span class='ocrx_word' id='word_1_710' title='bbox 1654 2197 1719 2233; x_wconf 76' lang='grc' dir='ltr'>ὓλην</span> <span class='ocrx_word' id='word_1_711' title='bbox 1731 2199 1894 2225; x_wconf 80' lang='grc' dir='ltr'>πεπονθυῖαν</span> 
     </span>
    </p>
   </div>
   <div class='ocr_carea' id='block_1_92' title="bbox 263 2239 1053 2281">
    <p class='ocr_par' dir='ltr' id='par_1_92' title="bbox 263 2241 1052 2273">
     <span class='ocr_line' id='line_1_92' title="bbox 263 2241 1052 2273; baseline -0.003 -3"><span class='ocrx_word' id='word_1_712' title='bbox 263 2243 326 2270; x_wconf 88' lang='lat' dir='ltr'><strong>inde</strong></span> <span class='ocrx_word' id='word_1_713' title='bbox 341 2243 376 2270; x_wconf 88' lang='lat' dir='ltr'><strong>ab</strong></span> <span class='ocrx_word' id='word_1_714' title='bbox 390 2242 465 2270; x_wconf 86' lang='lat' dir='ltr'><strong>omni</strong></span> <span class='ocrx_word' id='word_1_715' title='bbox 489 2249 546 2269; x_wconf 66' lang='lat' dir='ltr'><strong>aevo</strong></span> <span class='ocrx_word' id='word_1_716' title='bbox 570 2243 690 2269; x_wconf 81' lang='lat' dir='ltr'><strong>materiae</strong></span> <span class='ocrx_word' id='word_1_717' title='bbox 717 2242 833 2273; x_wconf 89' lang='lat' dir='ltr'><strong>inerant,</strong></span> <span class='ocrx_word' id='word_1_718' title='bbox 870 2241 1052 2268; x_wconf 83' lang='lat' dir='ltr'><strong>anexistendi</strong></span> 
     </span>
    </p>
   </div>
   <div class='ocr_carea' id='block_1_93' title="bbox 1103 2239 1897 2281">
    <p class='ocr_par' dir='ltr' id='par_1_93' title="bbox 1105 2239 1897 2281">
     <span class='ocr_line' id='line_1_93' title="bbox 1105 2239 1897 2281; baseline 0.011 -17"><span class='ocrx_word' id='word_1_719' title='bbox 1105 2239 1156 2273; x_wconf 78' lang='grc' dir='ltr'>τῆς</span> <span class='ocrx_word' id='word_1_720' title='bbox 1170 2239 1306 2275; x_wconf 85' lang='grc' dir='ltr'>προτέρας</span> <span class='ocrx_word' id='word_1_721' title='bbox 1317 2240 1460 2275; x_wconf 79' lang='grc' dir='ltr'>ἀκοσμίας.</span> <span class='ocrx_word' id='word_1_722' title='bbox 1480 2242 1548 2278; x_wconf 75' lang='grc' dir='ltr'>Πρὶν</span> <span class='ocrx_word' id='word_1_723' title='bbox 1571 2243 1626 2279; x_wconf 82' lang='grc' dir='ltr'>γὰρ</span> <span class='ocrx_word' id='word_1_724' title='bbox 1647 2244 1731 2280; x_wconf 78' lang='grc' dir='ltr'>αὐτὴν</span> <span class='ocrx_word' id='word_1_725' title='bbox 1754 2245 1897 2281; x_wconf 75' lang='grc' dir='ltr'>διακριΟῆ-</span> 
     </span>
    </p>
   </div>
   <div class='ocr_carea' id='block_1_94' title="bbox 262 2287 1053 2325">
    <p class='ocr_par' dir='ltr' id='par_1_94' title="bbox 262 2287 1053 2325">
     <span class='ocr_line' id='line_1_94' title="bbox 262 2287 1053 2325; baseline -0.003 -10"><span class='ocrx_word' id='word_1_726' title='bbox 262 2290 427 2325; x_wconf 84' lang='lat' dir='ltr'><strong>principium</strong></span> <span class='ocrx_word' id='word_1_727' title='bbox 450 2288 559 2324; x_wconf 85' lang='lat' dir='ltr'><strong>aliquod</strong></span> <span class='ocrx_word' id='word_1_728' title='bbox 586 2288 729 2316; x_wconf 83' lang='lat' dir='ltr'><strong>habuere?</strong></span> <span class='ocrx_word' id='word_1_729' title='bbox 754 2288 862 2315; x_wconf 83' lang='lat' dir='ltr'><strong>Inerant</strong></span> <span class='ocrx_word' id='word_1_730' title='bbox 887 2295 953 2314; x_wconf 85' lang='lat' dir='ltr'><strong>vero</strong></span> <span class='ocrx_word' id='word_1_731' title='bbox 984 2287 1053 2314; x_wconf 89' lang='lat' dir='ltr'><strong>citra</strong></span> 
     </span>
    </p>
   </div>
   <div class='ocr_carea' id='block_1_95' title="bbox 263 2333 1053 2370">
    <p class='ocr_par' dir='ltr' id='par_1_95' title="bbox 263 2333 1053 2370">
     <span class='ocr_line' id='line_1_95' title="bbox 263 2333 1053 2370; baseline -0.005 -6"><span class='ocrx_word' id='word_1_732' title='bbox 263 2337 348 2364; x_wconf 92' lang='lat' dir='ltr'><strong>ullum</strong></span> <span class='ocrx_word' id='word_1_733' title='bbox 363 2341 440 2364; x_wconf 79' lang='lat' dir='ltr'><strong>ortus</strong></span> <span class='ocrx_word' id='word_1_734' title='bbox 451 2336 492 2363; x_wconf 90' lang='lat' dir='ltr'><strong>sui</strong></span> <span class='ocrx_word' id='word_1_735' title='bbox 510 2335 684 2370; x_wconf 86' lang='lat' dir='ltr'><strong>principium.</strong></span> <span class='ocrx_word' id='word_1_736' title='bbox 699 2335 769 2368; x_wconf 83' lang='lat' dir='ltr'><strong>Quid</strong></span> <span class='ocrx_word' id='word_1_737' title='bbox 782 2334 873 2361; x_wconf 87' lang='lat' dir='ltr'><strong>?Num</strong></span> <span class='ocrx_word' id='word_1_738' title='bbox 893 2339 920 2361; x_wconf 89' lang='lat' dir='ltr'><strong>tu</strong></span> <span class='ocrx_word' id='word_1_739' title='bbox 933 2333 1053 2368; x_wconf 90' lang='lat' dir='ltr'><strong>aliquam</strong></span> 
     </span>
    </p>
   </div>
   <div class='ocr_carea' id='block_1_96' title="bbox 264 2380 1054 2416">
    <p class='ocr_par' dir='ltr' id='par_1_96' title="bbox 264 2380 1054 2416">
     <span class='ocr_line' id='line_1_96' title="bbox 264 2380 1054 2416; baseline -0.004 -7"><span class='ocrx_word' id='word_1_740' title='bbox 264 2390 279 2410; x_wconf 90' lang='lat' dir='ltr'><strong>a</strong></span> <span class='ocrx_word' id='word_1_741' title='bbox 294 2382 349 2409; x_wconf 88' lang='lat' dir='ltr'><strong>Deo</strong></span> <span class='ocrx_word' id='word_1_742' title='bbox 362 2381 709 2416; x_wconf 80' lang='lat' dir='ltr'><strong>mutationemqualitatum</strong></span> <span class='ocrx_word' id='word_1_743' title='bbox 725 2382 840 2408; x_wconf 76' lang='lat' dir='ltr'><strong>istarum</strong></span> <span class='ocrx_word' id='word_1_744' title='bbox 857 2380 980 2407; x_wconf 79' lang='lat' dir='ltr'><strong>eﬁ&#39;ectam</strong></span> <span class='ocrx_word' id='word_1_745' title='bbox 993 2387 1054 2406; x_wconf 85' lang='lat' dir='ltr'><strong>esse</strong></span> 
     </span>
    </p>
   </div>
   <div class='ocr_carea' id='block_1_97' title="bbox 264 2425 1054 2459">
    <p class='ocr_par' dir='ltr' id='par_1_97' title="bbox 264 2425 1054 2459">
     <span class='ocr_line' id='line_1_97' title="bbox 264 2425 1054 2459; baseline -0.005 -4"><span class='ocrx_word' id='word_1_746' title='bbox 264 2429 430 2456; x_wconf 86' lang='lat' dir='ltr'><strong>contendis?</strong></span> <span class='ocrx_word' id='word_1_747' title='bbox 445 2428 537 2455; x_wconf 83' lang='lat' dir='ltr'><strong>Plane.</strong></span> <span class='ocrx_word' id='word_1_748' title='bbox 556 2425 653 2454; x_wconf 90' lang='lat' dir='ltr'><strong>Utrum</strong></span> <span class='ocrx_word' id='word_1_749' title='bbox 680 2435 739 2455; x_wconf 89' lang='lat' dir='ltr'><strong>eam</strong></span> <span class='ocrx_word' id='word_1_750' title='bbox 760 2427 786 2454; x_wconf 92' lang='lat' dir='ltr'><strong>in</strong></span> <span class='ocrx_word' id='word_1_751' title='bbox 813 2427 921 2459; x_wconf 86' lang='lat' dir='ltr'><strong>melius,</strong></span> <span class='ocrx_word' id='word_1_752' title='bbox 939 2434 972 2453; x_wconf 88' lang='lat' dir='ltr'><strong>an</strong></span> <span class='ocrx_word' id='word_1_753' title='bbox 989 2433 1054 2452; x_wconf 90' lang='lat' dir='ltr'><strong>vero</strong></span> 
     </span>
    </p>
   </div>
   <div class='ocr_carea' id='block_1_98' title="bbox 265 2472 1055 2506">
    <p class='ocr_par' dir='ltr' id='par_1_98' title="bbox 265 2472 1055 2506">
     <span class='ocr_line' id='line_1_98' title="bbox 265 2472 1055 2506; baseline -0.004 -5"><span class='ocrx_word' id='word_1_754' title='bbox 265 2475 292 2501; x_wconf 91' lang='lat' dir='ltr'><strong>in</strong></span> <span class='ocrx_word' id='word_1_755' title='bbox 305 2475 423 2501; x_wconf 86' lang='lat' dir='ltr'><strong>deterius</strong></span> <span class='ocrx_word' id='word_1_756' title='bbox 442 2474 540 2501; x_wconf 79' lang='lat' dir='ltr'><strong>factam</strong></span> <span class='ocrx_word' id='word_1_757' title='bbox 554 2474 718 2502; x_wconf 76' lang='lat' dir='ltr'><strong>arbitraris?</strong></span> <span class='ocrx_word' id='word_1_758' title='bbox 746 2474 774 2500; x_wconf 90' lang='lat' dir='ltr'><strong>In</strong></span> <span class='ocrx_word' id='word_1_759' title='bbox 800 2473 897 2500; x_wconf 90' lang='lat' dir='ltr'><strong>melius</strong></span> <span class='ocrx_word' id='word_1_760' title='bbox 913 2477 985 2500; x_wconf 88' lang='lat' dir='ltr'><strong>certe</strong></span> <span class='ocrx_word' id='word_1_761' title='bbox 993 2472 1055 2506; x_wconf 88' lang='lat' dir='ltr'><strong>qui-</strong></span> 
     </span>
    </p>
   </div>
   <div class='ocr_carea' id='block_1_99' title="bbox 265 2519 1053 2556">
    <p class='ocr_par' dir='ltr' id='par_1_99' title="bbox 265 2519 1053 2556">
     <span class='ocr_line' id='line_1_99' title="bbox 265 2519 1053 2556; baseline -0.001 -10"><span class='ocrx_word' id='word_1_762' title='bbox 265 2520 337 2547; x_wconf 86' lang='lat' dir='ltr'><strong>dem.</strong></span> <span class='ocrx_word' id='word_1_763' title='bbox 359 2520 440 2556; x_wconf 62' lang='grc'><strong>344</strong></span> <span class='ocrx_word' id='word_1_764' title='bbox 455 2519 484 2546; x_wconf 87' lang='lat' dir='ltr'><strong>Si</strong></span> <span class='ocrx_word' id='word_1_765' title='bbox 498 2528 562 2555; x_wconf 82' lang='lat' dir='ltr'><strong>ergo</strong></span> <span class='ocrx_word' id='word_1_766' title='bbox 588 2520 732 2555; x_wconf 84' lang='lat' dir='ltr'><strong>qualitates</strong></span> <span class='ocrx_word' id='word_1_767' title='bbox 746 2520 864 2546; x_wconf 71' lang='lat' dir='ltr'><strong>materiae</strong></span> <span class='ocrx_word' id='word_1_768' title='bbox 893 2519 964 2546; x_wconf 86' lang='lat' dir='ltr'><strong>mala</strong></span> <span class='ocrx_word' id='word_1_769' title='bbox 979 2523 1053 2551; x_wconf 89' lang='lat' dir='ltr'><strong>sunt,</strong></span> 
     </span>
    </p>
   </div>
   <div class='ocr_carea' id='block_1_100' title="bbox 264 2565 1055 2601">
    <p class='ocr_par' dir='ltr' id='par_1_100' title="bbox 264 2565 1055 2601">
     <span class='ocr_line' id='line_1_100' title="bbox 264 2565 1055 2601; baseline -0.001 -8"><span class='ocrx_word' id='word_1_770' title='bbox 264 2567 419 2601; x_wconf 55' lang='lat' dir='ltr'><strong>aedemque</strong></span> <span class='ocrx_word' id='word_1_771' title='bbox 436 2575 497 2594; x_wconf 85' lang='lat' dir='ltr'><strong>cum</strong></span> <span class='ocrx_word' id='word_1_772' title='bbox 519 2567 676 2594; x_wconf 67' lang='lat' dir='ltr'><strong>melioribus</strong></span> <span class='ocrx_word' id='word_1_773' title='bbox 690 2575 705 2594; x_wconf 89' lang='lat' dir='ltr'><strong>a</strong></span> <span class='ocrx_word' id='word_1_774' title='bbox 722 2566 775 2593; x_wconf 89' lang='lat' dir='ltr'><strong>Deo</strong></span> <span class='ocrx_word' id='word_1_775' title='bbox 798 2571 972 2593; x_wconf 70' lang='lat' dir='ltr'><strong>commutata:</strong></span> <span class='ocrx_word' id='word_1_776' title='bbox 995 2565 1055 2593; x_wconf 87' lang='lat' dir='ltr'><strong>fue-</strong></span> 
     </span>
    </p>
   </div>
   <div class='ocr_carea' id='block_1_101' title="bbox 266 2613 1055 2647">
    <p class='ocr_par' dir='ltr' id='par_1_101' title="bbox 266 2613 1055 2647">
     <span class='ocr_line' id='line_1_101' title="bbox 266 2613 1055 2647; baseline 0.001 -9"><span class='ocrx_word' id='word_1_777' title='bbox 266 2617 340 2644; x_wconf 91' lang='lat' dir='ltr'><strong>runt,</strong></span> <span class='ocrx_word' id='word_1_778' title='bbox 357 2613 428 2639; x_wconf 86' lang='lat' dir='ltr'><strong>unde</strong></span> <span class='ocrx_word' id='word_1_779' title='bbox 440 2613 511 2639; x_wconf 85' lang='lat' dir='ltr'><strong>mala</strong></span> <span class='ocrx_word' id='word_1_780' title='bbox 529 2613 717 2647; x_wconf 85' lang='lat' dir='ltr'><strong>proﬂuxermt,</strong></span> <span class='ocrx_word' id='word_1_781' title='bbox 735 2616 912 2647; x_wconf 64' lang='lat' dir='ltr'><strong>quaerendum</strong></span> <span class='ocrx_word' id='word_1_782' title='bbox 931 2620 1055 2639; x_wconf 85' lang='lat' dir='ltr'><strong>necessa-</strong></span> 
     </span>
    </p>
   </div>
   <div class='ocr_carea' id='block_1_102' title="bbox 266 2658 1054 2694">
    <p class='ocr_par' dir='ltr' id='par_1_102' title="bbox 266 2658 1054 2694">
     <span class='ocr_line' id='line_1_102' title="bbox 266 2658 1054 2694; baseline 0.001 -9"><span class='ocrx_word' id='word_1_783' title='bbox 266 2659 307 2685; x_wconf 90' lang='lat' dir='ltr'><strong>rio</strong></span> <span class='ocrx_word' id='word_1_784' title='bbox 319 2663 369 2685; x_wconf 83' lang='lat' dir='ltr'><strong>est.</strong></span> <span class='ocrx_word' id='word_1_785' title='bbox 381 2658 434 2685; x_wconf 89' lang='lat' dir='ltr'><strong>Aut</strong></span> <span class='ocrx_word' id='word_1_786' title='bbox 451 2659 521 2686; x_wconf 85' lang='lat' dir='ltr'><strong>enim</strong></span> <span class='ocrx_word' id='word_1_787' title='bbox 535 2660 679 2694; x_wconf 84' lang='lat' dir='ltr'><strong>qualitates</strong></span> <span class='ocrx_word' id='word_1_788' title='bbox 699 2659 757 2686; x_wconf 80' lang='lat' dir='ltr'><strong>ista:</strong></span> <span class='ocrx_word' id='word_1_789' title='bbox 771 2659 979 2694; x_wconf 82' lang='lat' dir='ltr'><strong>priorisnaturae</strong></span> <span class='ocrx_word' id='word_1_790' title='bbox 990 2666 1054 2686; x_wconf 87' lang='lat' dir='ltr'><strong>con-</strong></span> 
     </span>
    </p>
   </div>
   <div class='ocr_carea' id='block_1_103' title="bbox 266 2704 1054 2740">
    <p class='ocr_par' dir='ltr' id='par_1_103' title="bbox 266 2704 1054 2740">
     <span class='ocr_line' id='line_1_103' title="bbox 266 2704 1054 2740; baseline 0.001 -9"><span class='ocrx_word' id='word_1_791' title='bbox 266 2704 397 2731; x_wconf 85' lang='lat' dir='ltr'><strong>ditionem</strong></span> <span class='ocrx_word' id='word_1_792' title='bbox 416 2712 468 2731; x_wconf 86' lang='lat' dir='ltr'><strong>non</strong></span> <span class='ocrx_word' id='word_1_793' title='bbox 485 2709 640 2732; x_wconf 83' lang='lat' dir='ltr'><strong>exuerunt:</strong></span> <span class='ocrx_word' id='word_1_794' title='bbox 671 2709 717 2732; x_wconf 90' lang='lat' dir='ltr'><strong>aut</strong></span> <span class='ocrx_word' id='word_1_795' title='bbox 734 2705 769 2735; x_wconf 87' lang='lat' dir='ltr'><strong>si.</strong></span> <span class='ocrx_word' id='word_1_796' title='bbox 790 2713 852 2732; x_wconf 91' lang='lat' dir='ltr'><strong>cum</strong></span> <span class='ocrx_word' id='word_1_797' title='bbox 870 2705 947 2740; x_wconf 90' lang='lat' dir='ltr'><strong>prius</strong></span> <span class='ocrx_word' id='word_1_798' title='bbox 975 2705 1054 2732; x_wconf 65' lang='lat' dir='ltr'><strong>malm</strong></span> 
     </span>
    </p>
   </div>
   <div class='ocr_carea' id='block_1_104' title="bbox 267 2749 1052 2782">
    <p class='ocr_par' dir='ltr' id='par_1_104' title="bbox 267 2749 1052 2782">
     <span class='ocr_line' id='line_1_104' title="bbox 267 2749 1052 2782; baseline 0 -6"><span class='ocrx_word' id='word_1_799' title='bbox 267 2757 320 2776; x_wconf 92' lang='lat' dir='ltr'><strong>non</strong></span> <span class='ocrx_word' id='word_1_800' title='bbox 336 2754 437 2781; x_wconf 88' lang='lat' dir='ltr'><strong>essent,</strong></span> <span class='ocrx_word' id='word_1_801' title='bbox 465 2749 509 2776; x_wconf 91' lang='lat' dir='ltr'><strong>illa</strong></span> <span class='ocrx_word' id='word_1_802' title='bbox 522 2753 611 2777; x_wconf 88' lang='lat' dir='ltr'><strong>tamen</strong></span> <span class='ocrx_word' id='word_1_803' title='bbox 631 2750 762 2778; x_wconf 89' lang='lat' dir='ltr'><strong>divinitus</strong></span> <span class='ocrx_word' id='word_1_804' title='bbox 785 2750 856 2778; x_wconf 79' lang='lat' dir='ltr'><strong>facta</strong></span> <span class='ocrx_word' id='word_1_805' title='bbox 881 2750 1052 2782; x_wconf 80' lang='lat' dir='ltr'><strong>mutatione,</strong></span> 
     </span>
    </p>
   </div>
   <div class='ocr_carea' id='block_1_105' title="bbox 304 2848 1054 2886">
    <p class='ocr_par' dir='ltr' id='par_1_105' title="bbox 304 2848 1054 2886">
     <span class='ocr_line' id='line_1_105' title="bbox 304 2848 1054 2886; baseline 0.005 -12"><span class='ocrx_word' id='word_1_806' title='bbox 304 2848 359 2886; x_wconf 71' lang='grc' dir='ltr'><strong>(Η)</strong></span> <span class='ocrx_word' id='word_1_807' title='bbox 374 2849 442 2875; x_wconf 78' lang='grc' dir='ltr'><strong>Μεθ’</strong></span> <span class='ocrx_word' id='word_1_808' title='bbox 456 2848 533 2886; x_wconf 59' lang='grc' dir='ltr'><strong>ἐνοίς.</strong></span> <span class='ocrx_word' id='word_1_809' title='bbox 550 2848 704 2886; x_wconf 73' lang='lat' dir='ltr'><strong>Legendum</strong></span> <span class='ocrx_word' id='word_1_810' title='bbox 719 2850 825 2878; x_wconf 87' lang='lat' dir='ltr'><strong>videtur</strong></span> <span class='ocrx_word' id='word_1_811' title='bbox 844 2850 907 2886; x_wconf 74' lang='grc' dir='ltr'>μήθ’</span> <span class='ocrx_word' id='word_1_812' title='bbox 931 2850 999 2884; x_wconf 77' lang='grc' dir='ltr'>ἑνός,</span> <span class='ocrx_word' id='word_1_813' title='bbox 1013 2849 1054 2878; x_wconf 87' lang='lat' dir='ltr'><strong>vel</strong></span> 
     </span>
    </p>
   </div>
   <div class='ocr_carea' id='block_1_106' title="bbox 269 2884 586 2919">
    <p class='ocr_par' dir='ltr' id='par_1_106' title="bbox 269 2884 586 2919">
     <span class='ocr_line' id='line_1_106' title="bbox 269 2884 586 2919; baseline 0.003 -9"><span class='ocrx_word' id='word_1_814' title='bbox 269 2884 348 2911; x_wconf 90' lang='lat' dir='ltr'><strong>unico</strong></span> <span class='ocrx_word' id='word_1_815' title='bbox 362 2886 443 2912; x_wconf 72' lang='lat' dir='ltr'><strong>verbo</strong></span> <span class='ocrx_word' id='word_1_816' title='bbox 462 2884 586 2919; x_wconf 78' lang='grc' dir='ltr'>μηθενός.</span> 
     </span>
    </p>
   </div>
   <div class='ocr_carea' id='block_1_107' title="bbox 1104 2285 1897 2326">
    <p class='ocr_par' dir='ltr' id='par_1_107' title="bbox 1104 2285 1897 2326">
     <span class='ocr_line' id='line_1_107' title="bbox 1104 2285 1897 2326; baseline 0.01 -16"><span class='ocrx_word' id='word_1_817' title='bbox 1104 2294 1158 2316; x_wconf 84' lang='grc' dir='ltr'>ναι,</span> <span class='ocrx_word' id='word_1_818' title='bbox 1171 2285 1202 2311; x_wconf 90' lang='grc' dir='ltr'>τὸ</span> <span class='ocrx_word' id='word_1_819' title='bbox 1217 2285 1284 2320; x_wconf 82' lang='grc' dir='ltr'>μηδὲ</span> <span class='ocrx_word' id='word_1_820' title='bbox 1296 2286 1437 2313; x_wconf 79' lang='grc' dir='ltr'>αἰσθέσθαι</span> <span class='ocrx_word' id='word_1_821' title='bbox 1449 2288 1503 2314; x_wconf 83' lang='grc' dir='ltr'><strong>τῶν</strong></span> <span class='ocrx_word' id='word_1_822' title='bbox 1516 2288 1609 2316; x_wconf 86' lang='grc' dir='ltr'>κακῶν</span> <span class='ocrx_word' id='word_1_823' title='bbox 1626 2290 1718 2326; x_wconf 80' lang='grc' dir='ltr'>παρῆν</span> <span class='ocrx_word' id='word_1_824' title='bbox 1741 2291 1808 2326; x_wconf 80' lang='grc' dir='ltr'>αὐτῇ</span> <span class='ocrx_word' id='word_1_825' title='bbox 1818 2300 1824 2306; x_wconf 92' lang='grc'><strong>-</strong></span> <span class='ocrx_word' id='word_1_826' title='bbox 1838 2292 1897 2318; x_wconf 75' lang='grc' dir='ltr'>νυνὶ</span> 
     </span>
    </p>
   </div>
   <div class='ocr_carea' id='block_1_108' title="bbox 1104 2332 1897 2372">
    <p class='ocr_par' dir='ltr' id='par_1_108' title="bbox 1104 2332 1897 2372">
     <span class='ocr_line' id='line_1_108' title="bbox 1104 2332 1897 2372; baseline 0.005 -14"><span class='ocrx_word' id='word_1_827' title='bbox 1104 2332 1132 2358; x_wconf 81' lang='grc' dir='ltr'><strong>δὲ</strong></span> <span class='ocrx_word' id='word_1_828' title='bbox 1144 2332 1258 2360; x_wconf 72' lang='grc' dir='ltr'>ἕκαστον</span> <span class='ocrx_word' id='word_1_829' title='bbox 1267 2333 1321 2359; x_wconf 86' lang='grc' dir='ltr'><strong>τῶν</strong></span> <span class='ocrx_word' id='word_1_830' title='bbox 1335 2333 1426 2370; x_wconf 83' lang='grc' dir='ltr'>μερῶν</span> <span class='ocrx_word' id='word_1_831' title='bbox 1439 2334 1524 2370; x_wconf 76' lang='grc' dir='ltr'>αὐτῆς</span> <span class='ocrx_word' id='word_1_832' title='bbox 1541 2335 1665 2371; x_wconf 78' lang='grc' dir='ltr'>αἴσθησιν</span> <span class='ocrx_word' id='word_1_833' title='bbox 1689 2337 1821 2372; x_wconf 72' lang='grc' dir='ltr'>λαμϐάνει</span> <span class='ocrx_word' id='word_1_834' title='bbox 1842 2338 1897 2364; x_wconf 83' lang='grc' dir='ltr'><strong>τῶν</strong></span> 
     </span>
    </p>
   </div>
   <div class='ocr_carea' id='block_1_109' title="bbox 1105 2377 1895 2418">
    <p class='ocr_par' dir='ltr' id='par_1_109' title="bbox 1105 2377 1895 2418">
     <span class='ocr_line' id='line_1_109' title="bbox 1105 2377 1895 2418; baseline 0.009 -15"><span class='ocrx_word' id='word_1_835' title='bbox 1105 2377 1207 2404; x_wconf 87' lang='grc' dir='ltr'>κακῶν.</span> <span class='ocrx_word' id='word_1_836' title='bbox 1227 2379 1282 2404; x_wconf 75' lang='grc' dir='ltr'>Καὶ</span> <span class='ocrx_word' id='word_1_837' title='bbox 1298 2379 1342 2414; x_wconf 61' lang='grc' dir='ltr'><strong>μοὶ⁴</strong></span> <span class='ocrx_word' id='word_1_838' title='bbox 1359 2380 1402 2405; x_wconf 78' lang='grc' dir='ltr'><strong>ἐπ’</strong></span> <span class='ocrx_word' id='word_1_839' title='bbox 1418 2379 1561 2416; x_wconf 83' lang='grc' dir='ltr'>ἀνθρώπου</span> <span class='ocrx_word' id='word_1_840' title='bbox 1578 2382 1609 2408; x_wconf 85' lang='grc' dir='ltr'>τὸ</span> <span class='ocrx_word' id='word_1_841' title='bbox 1623 2382 1794 2418; x_wconf 82' lang='grc' dir='ltr'>παράδειγμα</span> <span class='ocrx_word' id='word_1_842' title='bbox 1818 2383 1895 2411; x_wconf 72' lang='grc' dir='ltr'>λαϐέ.</span> 
     </span>
    </p>
   </div>
   <div class='ocr_carea' id='block_1_110' title="bbox 1104 2424 1897 2465">
    <p class='ocr_par' dir='ltr' id='par_1_110' title="bbox 1104 2424 1897 2465">
     <span class='ocr_line' id='line_1_110' title="bbox 1104 2424 1897 2465; baseline 0.008 -15"><span class='ocrx_word' id='word_1_843' title='bbox 1104 2424 1173 2460; x_wconf 75' lang='grc' dir='ltr'>Πρὶν</span> <span class='ocrx_word' id='word_1_844' title='bbox 1185 2424 1239 2460; x_wconf 78' lang='grc' dir='ltr'>γὰρ</span> <span class='ocrx_word' id='word_1_845' title='bbox 1252 2425 1388 2461; x_wconf 75' lang='grc' dir='ltr'>εἰκονισθῇ</span> <span class='ocrx_word' id='word_1_846' title='bbox 1400 2427 1447 2452; x_wconf 76' lang='grc' dir='ltr'>καὶ</span> <span class='ocrx_word' id='word_1_847' title='bbox 1458 2426 1527 2458; x_wconf 79' lang='grc' dir='ltr'>ζῶον</span> <span class='ocrx_word' id='word_1_848' title='bbox 1536 2427 1687 2464; x_wconf 79' lang='grc' dir='ltr'>γένηταιτῇ</span> <span class='ocrx_word' id='word_1_849' title='bbox 1702 2429 1748 2455; x_wconf 70' lang='grc' dir='ltr'><strong>τοῦ</strong></span> <span class='ocrx_word' id='word_1_850' title='bbox 1761 2430 1897 2465; x_wconf 87' lang='grc' dir='ltr'>Δημιουρ-</span> 
     </span>
    </p>
   </div>
   <div class='ocr_carea' id='block_1_111' title="bbox 1104 2469 1897 2510">
    <p class='ocr_par' dir='ltr' id='par_1_111' title="bbox 1104 2469 1897 2510">
     <span class='ocr_line' id='line_1_111' title="bbox 1104 2469 1897 2510; baseline 0.009 -14"><span class='ocrx_word' id='word_1_851' title='bbox 1104 2469 1153 2505; x_wconf 80' lang='grc' dir='ltr'>γοῦ</span> <span class='ocrx_word' id='word_1_852' title='bbox 1170 2471 1262 2506; x_wconf 81' lang='grc' dir='ltr'>τέχνῃ,</span> <span class='ocrx_word' id='word_1_853' title='bbox 1284 2471 1314 2497; x_wconf 84' lang='grc' dir='ltr'>τὸ</span> <span class='ocrx_word' id='word_1_854' title='bbox 1334 2471 1392 2507; x_wconf 81' lang='grc' dir='ltr'>μεθ’</span> <span class='ocrx_word' id='word_1_855' title='bbox 1411 2472 1469 2504; x_wconf 83' lang='grc' dir='ltr'>ἑνὸς</span> <span class='ocrx_word' id='word_1_856' title='bbox 1490 2473 1545 2509; x_wconf 75' lang='grc'><strong>(14)</strong></span> <span class='ocrx_word' id='word_1_857' title='bbox 1569 2474 1818 2510; x_wconf 74' lang='grc' dir='ltr'>ἀντιλαμϐάνεσθαι</span> <span class='ocrx_word' id='word_1_858' title='bbox 1843 2477 1897 2503; x_wconf 85' lang='grc' dir='ltr'><strong>τῶν</strong></span> 
     </span>
    </p>
   </div>
   <div class='ocr_carea' id='block_1_112' title="bbox 1105 2517 1897 2558">
    <p class='ocr_par' dir='ltr' id='par_1_112' title="bbox 1105 2517 1897 2558">
     <span class='ocr_line' id='line_1_112' title="bbox 1105 2517 1897 2558; baseline 0.008 -15"><span class='ocrx_word' id='word_1_859' title='bbox 1105 2517 1198 2544; x_wconf 82' lang='grc' dir='ltr'>κακῶν</span> <span class='ocrx_word' id='word_1_860' title='bbox 1214 2517 1289 2553; x_wconf 79' lang='grc' dir='ltr'>παρὰ</span> <span class='ocrx_word' id='word_1_861' title='bbox 1310 2518 1360 2553; x_wconf 83' lang='grc' dir='ltr'>τῆς</span> <span class='ocrx_word' id='word_1_862' title='bbox 1374 2518 1480 2553; x_wconf 76' lang='grc' dir='ltr'>φύσεως</span> <span class='ocrx_word' id='word_1_863' title='bbox 1503 2517 1575 2555; x_wconf 83' lang='grc' dir='ltr'>εἶχεν</span> <span class='ocrx_word' id='word_1_864' title='bbox 1588 2529 1595 2535; x_wconf 89' lang='grc'>·</span> <span class='ocrx_word' id='word_1_865' title='bbox 1613 2521 1659 2554; x_wconf 75' lang='grc' dir='ltr'><strong>ἀφ’</strong></span> <span class='ocrx_word' id='word_1_866' title='bbox 1673 2519 1704 2548; x_wconf 72' lang='grc' dir='ltr'><strong>οὗ</strong></span> <span class='ocrx_word' id='word_1_867' title='bbox 1716 2521 1744 2548; x_wconf 75' lang='grc' dir='ltr'><strong>δὲ</strong></span> <span class='ocrx_word' id='word_1_868' title='bbox 1765 2522 1835 2558; x_wconf 78' lang='grc' dir='ltr'>πρὸς</span> <span class='ocrx_word' id='word_1_869' title='bbox 1850 2523 1897 2549; x_wconf 80' lang='grc' dir='ltr'><strong>τοῦ</strong></span> 
     </span>
    </p>
   </div>
   <div class='ocr_carea' id='block_1_113' title="bbox 1104 2562 1896 2604">
    <p class='ocr_par' dir='ltr' id='par_1_113' title="bbox 1104 2562 1896 2604">
     <span class='ocr_line' id='line_1_113' title="bbox 1104 2562 1896 2604; baseline 0.009 -16"><span class='ocrx_word' id='word_1_870' title='bbox 1104 2562 1172 2589; x_wconf 81' lang='grc' dir='ltr'>Θεοῦ</span> <span class='ocrx_word' id='word_1_871' title='bbox 1188 2563 1329 2599; x_wconf 80' lang='grc' dir='ltr'><strong>ἄνθρωπος</strong></span> <span class='ocrx_word' id='word_1_872' title='bbox 1337 2565 1442 2598; x_wconf 86' lang='grc' dir='ltr'>γίνεται</span> <span class='ocrx_word' id='word_1_873' title='bbox 1456 2566 1503 2592; x_wconf 69' lang='grc' dir='ltr'>καὶ</span> <span class='ocrx_word' id='word_1_874' title='bbox 1514 2567 1564 2601; x_wconf 86' lang='grc' dir='ltr'>τὴν</span> <span class='ocrx_word' id='word_1_875' title='bbox 1577 2566 1702 2601; x_wconf 78' lang='grc' dir='ltr'>αἴσθησιν</span> <span class='ocrx_word' id='word_1_876' title='bbox 1713 2567 1760 2594; x_wconf 81' lang='grc' dir='ltr'><strong>τοῦ</strong></span> <span class='ocrx_word' id='word_1_877' title='bbox 1774 2575 1896 2604; x_wconf 71' lang='grc' dir='ltr'>προσπε-</span> 
     </span>
    </p>
   </div>
   <div class='ocr_carea' id='block_1_114' title="bbox 1104 2609 1896 2650">
    <p class='ocr_par' dir='ltr' id='par_1_114' title="bbox 1104 2609 1896 2650">
     <span class='ocr_line' id='line_1_114' title="bbox 1104 2609 1896 2650; baseline 0.009 -15"><span class='ocrx_word' id='word_1_878' title='bbox 1104 2609 1231 2642; x_wconf 80' lang='grc' dir='ltr'>λάζοντος</span> <span class='ocrx_word' id='word_1_879' title='bbox 1241 2610 1327 2637; x_wconf 77' lang='grc' dir='ltr'>κακοῦ</span> <span class='ocrx_word' id='word_1_880' title='bbox 1345 2611 1550 2647; x_wconf 81' lang='grc' dir='ltr'>προσλαμϐάνει</span> <span class='ocrx_word' id='word_1_881' title='bbox 1561 2621 1568 2628; x_wconf 87' lang='grc'><strong>·</strong></span> <span class='ocrx_word' id='word_1_882' title='bbox 1590 2613 1636 2639; x_wconf 77' lang='grc' dir='ltr'><strong>καλ</strong></span> <span class='ocrx_word' id='word_1_883' title='bbox 1649 2613 1721 2640; x_wconf 78' lang='grc' dir='ltr'>τοῦθ’</span> <span class='ocrx_word' id='word_1_884' title='bbox 1738 2615 1807 2650; x_wconf 81' lang='grc' dir='ltr'>ὅπερ</span> <span class='ocrx_word' id='word_1_885' title='bbox 1824 2617 1896 2642; x_wconf 73' lang='grc' dir='ltr'>ἐστὶν</span> 
     </span>
    </p>
   </div>
   <div class='ocr_carea' id='block_1_115' title="bbox 1105 2654 1895 2695">
    <p class='ocr_par' dir='ltr' id='par_1_115' title="bbox 1105 2654 1895 2695">
     <span class='ocr_line' id='line_1_115' title="bbox 1105 2654 1895 2695; baseline 0.008 -14"><span class='ocrx_word' id='word_1_886' title='bbox 1105 2654 1249 2691; x_wconf 80' lang='grc' dir='ltr'>εὐεργεσία</span> <span class='ocrx_word' id='word_1_887' title='bbox 1271 2656 1325 2691; x_wconf 83' lang='grc'><strong>(15)</strong></span> <span class='ocrx_word' id='word_1_888' title='bbox 1349 2657 1400 2692; x_wconf 78' lang='grc' dir='ltr'>τῆς</span> <span class='ocrx_word' id='word_1_889' title='bbox 1421 2657 1486 2692; x_wconf 79' lang='grc' dir='ltr'>ὕλης</span> <span class='ocrx_word' id='word_1_890' title='bbox 1497 2677 1504 2689; x_wconf 85' lang='grc'>,</span> <span class='ocrx_word' id='word_1_891' title='bbox 1519 2658 1588 2694; x_wconf 86' lang='grc' dir='ltr'>πρὸς</span> <span class='ocrx_word' id='word_1_892' title='bbox 1611 2658 1658 2685; x_wconf 80' lang='grc' dir='ltr'><strong>τοῦ</strong></span> <span class='ocrx_word' id='word_1_893' title='bbox 1673 2659 1741 2686; x_wconf 78' lang='grc' dir='ltr'><strong>Θεοῦ</strong></span> <span class='ocrx_word' id='word_1_894' title='bbox 1755 2661 1895 2695; x_wconf 82' lang='grc' dir='ltr'>γεγονέναι</span> 
     </span>
    </p>
   </div>
   <div class='ocr_carea' id='block_1_116' title="bbox 1105 2700 1895 2741">
    <p class='ocr_par' dir='ltr' id='par_1_116' title="bbox 1105 2700 1895 2741">
     <span class='ocr_line' id='line_1_116' title="bbox 1105 2700 1895 2741; baseline 0.006 -14"><span class='ocrx_word' id='word_1_895' title='bbox 1105 2700 1204 2735; x_wconf 83' lang='grc' dir='ltr'>λέγεις,</span> <span class='ocrx_word' id='word_1_896' title='bbox 1218 2702 1375 2737; x_wconf 82' lang='grc' dir='ltr'>εὑρίσκεται</span> <span class='ocrx_word' id='word_1_897' title='bbox 1389 2702 1489 2738; x_wconf 81' lang='grc' dir='ltr'>μᾶλλον</span> <span class='ocrx_word' id='word_1_898' title='bbox 1503 2704 1549 2730; x_wconf 74' lang='grc' dir='ltr'><strong>ἐπὶ</strong></span> <span class='ocrx_word' id='word_1_899' title='bbox 1567 2703 1606 2738; x_wconf 83' lang='grc' dir='ltr'><strong>τῷ</strong></span> <span class='ocrx_word' id='word_1_900' title='bbox 1625 2705 1724 2741; x_wconf 76' lang='grc' dir='ltr'>χείρονι</span> <span class='ocrx_word' id='word_1_901' title='bbox 1747 2706 1895 2741; x_wconf 79' lang='grc' dir='ltr'>προσγενό-</span> 
     </span>
    </p>
   </div>
   <div class='ocr_carea' id='block_1_117' title="bbox 1107 2748 1894 2785">
    <p class='ocr_par' dir='ltr' id='par_1_117' title="bbox 1107 2748 1894 2785">
     <span class='ocr_line' id='line_1_117' title="bbox 1107 2748 1894 2785; baseline 0.008 -12"><span class='ocrx_word' id='word_1_902' title='bbox 1107 2756 1186 2782; x_wconf 81' lang='grc' dir='ltr'>μενον</span> <span class='ocrx_word' id='word_1_903' title='bbox 1202 2749 1281 2784; x_wconf 78' lang='grc' dir='ltr'>αὐτῇ.</span> <span class='ocrx_word' id='word_1_904' title='bbox 1299 2749 1331 2774; x_wconf 82' lang='lat' dir='ltr'><strong>El</strong></span> <span class='ocrx_word' id='word_1_905' title='bbox 1343 2748 1366 2774; x_wconf 74' lang='grc' dir='ltr'><strong>δ’</strong></span> <span class='ocrx_word' id='word_1_906' title='bbox 1378 2750 1410 2775; x_wconf 78' lang='grc' dir='ltr'><strong>ἐκ</strong></span> <span class='ocrx_word' id='word_1_907' title='bbox 1424 2749 1471 2776; x_wconf 86' lang='grc' dir='ltr'>τοῦ</span> <span class='ocrx_word' id='word_1_908' title='bbox 1490 2749 1527 2785; x_wconf 85' lang='grc' dir='ltr'>μὴ</span> <span class='ocrx_word' id='word_1_909' title='bbox 1550 2750 1677 2777; x_wconf 82' lang='grc' dir='ltr'>δύνασθαι</span> <span class='ocrx_word' id='word_1_910' title='bbox 1690 2751 1734 2778; x_wconf 86' lang='grc' dir='ltr'>τὸν</span> <span class='ocrx_word' id='word_1_911' title='bbox 1759 2751 1827 2778; x_wconf 85' lang='grc' dir='ltr'>Θεὸν</span> <span class='ocrx_word' id='word_1_912' title='bbox 1847 2753 1894 2779; x_wconf 81' lang='grc' dir='ltr'><strong>ἀν-</strong></span> 
     </span>
    </p>
   </div>
   <div class='ocr_carea' id='block_1_118' title="bbox 1141 2845 1894 2887">
    <p class='ocr_par' dir='ltr' id='par_1_118' title="bbox 1141 2845 1894 2887">
     <span class='ocr_line' id='line_1_118' title="bbox 1141 2845 1894 2887; baseline 0.005 -14"><span class='ocrx_word' id='word_1_913' title='bbox 1141 2847 1198 2887; x_wconf 83' lang='grc'><strong>(1</strong></span> <span class='ocrx_word' id='word_1_914' title='bbox 1218 2847 1321 2887; x_wconf 55' lang='grc' dir='ltr'><strong>Ἔστὶγ</strong></span> <span class='ocrx_word' id='word_1_915' title='bbox 1336 2848 1502 2881; x_wconf 74' lang='grc' dir='ltr'>εὐεργεσία.</span> <span class='ocrx_word' id='word_1_916' title='bbox 1520 2845 1623 2887; x_wconf 75' lang='lat' dir='ltr'><strong>Sensus</strong></span> <span class='ocrx_word' id='word_1_917' title='bbox 1640 2848 1768 2887; x_wconf 71' lang='lat' dir='ltr'><strong>postqlal.</strong></span> <span class='ocrx_word' id='word_1_918' title='bbox 1790 2849 1833 2876; x_wconf 72' lang='grc' dir='ltr'><strong>ἐπ’</strong></span> <span class='ocrx_word' id='word_1_919' title='bbox 1850 2850 1894 2876; x_wconf 49' lang='lat' dir='ltr'><strong>ab.</strong></span> 
     </span>
    </p>
   </div>
   <div class='ocr_carea' id='block_1_119' title="bbox 1106 2882 1784 2919">
    <p class='ocr_par' dir='ltr' id='par_1_119' title="bbox 1106 2882 1784 2919">
     <span class='ocr_line' id='line_1_119' title="bbox 1106 2882 1784 2919; baseline 0.003 -9"><span class='ocrx_word' id='word_1_920' title='bbox 1106 2882 1227 2919; x_wconf 74' lang='grc' dir='ltr'>εργεσίᾳ,</span> <span class='ocrx_word' id='word_1_921' title='bbox 1245 2882 1362 2910; x_wconf 83' lang='lat' dir='ltr'><strong>maxime</strong></span> <span class='ocrx_word' id='word_1_922' title='bbox 1377 2891 1440 2912; x_wconf 90' lang='lat' dir='ltr'><strong>cum</strong></span> <span class='ocrx_word' id='word_1_923' title='bbox 1455 2888 1593 2919; x_wconf 79' lang='lat' dir='ltr'><strong>sequatur,</strong></span> <span class='ocrx_word' id='word_1_924' title='bbox 1609 2884 1654 2910; x_wconf 77' lang='grc' dir='ltr'>ἐπὶ</span> <span class='ocrx_word' id='word_1_925' title='bbox 1672 2884 1784 2919; x_wconf 74' lang='grc' dir='ltr'>χείρονι.</span> 
     </span>
    </p>
   </div>
  </div>
