2070 3206
206 170 252 197 581
775 163 935 192 ΡΒᾸΞΡᾹΒ.
957 163 990 190 EI

1041 161 1084 189 ἐϋ.
1107 160 1169 188 LIB.
1193 160 1246 187 VII.

806 232 935 259 ἀδύνατον
946 231 990 257 τὸν

1047 226 1106 252 quze
1120 217 1236 252 priorem
1264 220 1388 242 naturam
1415 215 1560 249 expuli-rit,
1589 213 1739 249 ejusmodi,
1757 222 1826 246 qttas

204 239 273 265 ελεῖν
288 237 321 264 τὰ
332 236 405 264 κακὰ
420 236 450 263 τὸ
468 235 504 271 μὴ
517 234 672 261 πεπαῦσθαι
691 233 790 267 λέγεις,

203 284 269 310 Θεὸν
285 284 381 318 φήσεις
393 276 535 317 ὑπάρχειν.
548 281 585 307 Τὸ
599 280 626 307 δὲ
644 279 771 306 ἀδύνατον
788 280 847 314 ἢτοι
857 278 895 313 τῷ
911 277 989 312 φύσει

203 331 302 365 ἀσθενῆ
318 322 450 365 ὑίιτάρχειν
459 328 538 355 αὐτὸν
550 327 637 358 ἔσται,
652 326 668 361 ἢ
681 325 720 361 τῷ
730 325 855 352 νικᾶσθαι
865 324 903 359 τῷ
917 324 990 358 φόϐῳ

176 379 181 389 ¹
203 375 409 411 δεδουλωμένων
423 375 491 410 πρός
503 382 576 405 τινος
589 373 751 408 κρείττονος.
768 372 799 398 Εἰ
813 371 863 407 μὲν
887 369 932 397 οὖν
946 370 990 397 τὸν

203 423 268 450 Θεὸν
283 423 364 456 φύσει
379 421 479 456 ἀσθενῆ
494 420 559 447 ὂντα
570 419 714 455 τολμήσεις
740 418 826 443 εἰπεῖν
836 437 843 449 ,
862 417 926 452 περὶ
941 415 991 451 τῆς

203 468 340 503 σωτηρίας
353 466 437 501 αὐτῆς
450 465 611 492 κινδυνεύειν
627 473 670 500 μοι
681 464 768 495 δοκεῖς
778 471 784 478 ·
806 463 829 489 εἱ
853 462 881 488 δὲ
894 462 933 497 τῷ
949 470 990 487 νι-

203 512 303 540 κᾶσθαι
321 511 394 547 φόϐῳ
409 511 476 546 πρὸς
487 510 532 537 τοῦ
550 509 688 545 μείζονος,
711 507 821 543 μείζονα
846 506 922 532 ἔσται
943 504 990 531 τοῦ

202 558 270 585 Θεοῦ
284 558 319 585 τὰ
332 557 418 589 κακὰ,
441 556 558 583 νικῶντα
575 555 625 589 τῆς
639 553 824 590 προαιρέσεως
841 551 922 578 αὐτοῦ
943 551 990 586 τὴν

201 605 306 640 ὁρμήν·
332 604 401 638 ὅπερ
417 603 515 630 ἄτοπον
529 599 598 627 εἷναί
617 609 661 635 μοι
678 599 765 633 λέγειν
779 598 843 633 περὶ
865 596 932 623 Θεοῦ
950 595 991 622 δο-

201 652 253 677 κεῖ.
271 649 319 676 Δίὰ
331 649 357 675 τί
372 648 425 684 γὰρ
439 647 498 682 οὐχὶ
512 646 609 682 μᾶλλον
622 645 697 672 ταῦτ’
706 644 814 680 ,ἔσονται
832 642 896 674 θεοὶ,
913 641 990 676 νικᾷν

201 696 272 722 κατὰ
289 695 332 720 τὸν
349 693 426 727 λόγον
449 692 493 718 σὺν
508 691 650 726 δυνάμενοι
673 689 726 723 (I6)
749 687 793 715 τὸν
813 687 894 718 Θεὸν,
912 686 990 721 εἴπερ

201 741 267 767 Θεὸν
280 740 368 767 ὲκεῖνό
389 746 495 774 φαμεν,
518 737 532 763 ὃ
552 737 600 772 τὴν
617 736 744 762 ἁπάντων
771 733 894 767 ἐξουσίαν
914 731 988 766 ἔχει;

202 787 310 822 Βραχέα
326 786 354 812 δέ
377 793 423 811 σου
439 783 486 810 καὶ
503 782 567 818 περὶ
589 782 638 816 τῆς
667 781 733 815 ὕλης
751 780 844 814 αὐτῆς,
859 777 990 805 πυθέσθαι

203 833 342 868 βούλομαι.
360 831 415 858 Καὶ
436 830 481 866 μοὶ
499 829 587 864 φέρων
603 827 675 860 λέγε,
692 826 804 861 πότερον
822 824 894 859 ἁπλῆ
903 832 943 855 τις
957 822 990 858 ἦν

202 880 219 914 ἡ
234 878 284 913 ὕλη
300 877 316 913 ἣ
329 876 472 907 σύνθετος;
489 876 505 910 ἡ
519 874 574 909 γὰρ
591 872 706 908 διαφορὰ
720 871 772 897 τῶν
788 870 936 904 γεγονότων
950 870 989 900 εἰς

201 924 328 959 τοιαύτην
352 931 383 958 με
400 921 570 957 περιίστησιν
593 918 713 951 ἐξέτασιν
729 917 805 943 τοῦδε
827 915 874 942 τοῦ

201 970 233 998 EE
246 970 301 1006 γὰρ
316 969 388 1004 ἁπλῆ
414 977 456 999 τις
484 966 631 1001 ἐτύγχανεν
656 963 735 999 ἡῦλη
759 963 805 989 καὶ
833 961 986 997 μονοειδής·

203 1016 328 1047 σύνθετος
344 1015 372 1042 δὲ
389 1016 403 1042 ὁ
420 1014 521 1048 κόσμος
535 1013 602 1047 (I7),
616 1011 663 1038 καὶ
685 1011 716 1037 ἐκ
734 1009 869 1044 διαφόρων
891 1007 989 1034 οὐσιῶν

201 1073 231 1091 τε
247 1063 294 1090 καὶ
305 1063 429 1098 κράσεων
442 1060 490 1096 τὴν
499 1059 626 1085 σύστασιν
638 1057 692 1092 ἔχει
703 1065 710 1088 ;
727 1056 778 1082 Τὸν
791 1054 844 1090 γὰρ
862 1054 916 1089 (l8)
930 1053 990 1079 σύν-

202 1111 277 1138 θετον
289 1108 381 1136 ἁπλῶν
398 1115 477 1134 τινων
491 1106 562 1142 μίξιν
579 1104 683 1140 μηνύει.
700 1103 731 1129 Εἰ
745 1102 767 1128 δ’
781 1100 814 1128 αὖ
841 1101 921 1128 πάλιν
940 1099 990 1135 τὴν

201 1157 267 1192 ὓλην
281 1155 406 1182 σύνθετον
419 1153 506 1187 λέγειν
520 1151 631 1182 ἐθέλοις,
644 1150 753 1180 πάντως
765 1148 793 1182 ἐξ
805 1147 898 1174 ἁπλῶν
910 1155 990 1173 τινων

202 1202 388 1230 συντεθεῖσθαι
405 1201 510 1236 φήσεις.
534 1199 566 1225 Εἰ
582 1197 611 1224 δὲ
635 1197 664 1229 ἐξ
683 1195 774 1223 ἁπλῶν
796 1194 934 1228 συνετέθη,
955 1191 990 1229 ἦν

201 1259 266 1277 ποτε
283 1248 344 1276 καθ’
357 1247 442 1275 ἑαυτὰ
457 1246 510 1283 (I9)
522 1245 556 1272 τὰ
573 1244 655 1273 ἁπλᾶ,
674 1239 710 1269 ὧν
725 1241 906 1268 συντεθέντων
917 1259 925 1270 ,
944 1239 990 1274 γέ-

200 1296 301 1330 γονενὴ
317 1293 378 1328 ὕλη,
394 1292 422 1325 ἐξ
434 1288 519 1326 οὕπερ
529 1288 576 1316 καὶ
589 1286 706 1322 γεννητὴ
719 1284 786 1313 οὖσα
797 1285 941 1311 δείκνυται.
959 1284 990 1309 Et

200 1328 256 1378 γὰρ
272 1328 397 1371 σύνθετος
412 1340 429 1374 ἡ
444 1338 504 1373 ὕλη,
523 1336 556 1363 τὰ
567 1335 594 1362 δὲ
606 1334 720 1361 σύνθετα
733 1331 762 1364 ὲξ
778 1330 870 1358 ἁπλῶν
881 1329 930 1364 τὴν
944 1328 991 1354 σύ-

201 1396 295 1414 στασιν
312 1386 378 1421 ἔχει,
389 1383 423 1420 ἦν
438 1391 503 1410 ποτε
517 1381 619 1416 καιρὸς,
633 1380 675 1406 ὅτε
685 1378 734 1413 ὕλη
744 1378 794 1404 οὐκ
807 1374 851 1411 ἦν,
867 1374 990 1401 τουτέστι

201 1433 266 1469 πρὶν
282 1432 315 1458 τὰ
328 1419 406 1458 ’ἁπλει
423 1427 570 1456 συνελθεῖν.
582 1426 614 1452 El.
627 1424 656 1450 δὲ
669 1422 702 1459 ἦν
720 1430 783 1449 ποτε
806 1420 902 1455 καιρὸς
914 1439 921 1451 ,
945 1419 989 1444 ὅτε

201 1464 251 1514 ὕλη
265 1479 315 1504 οὐκ
326 1475 369 1512 ἦν,
385 1476 435 1502 οὐκ
449 1472 483 1510 ἦν
495 1473 523 1500 δέ
540 1480 604 1498 ποτε
619 1469 725 1505 καιρὸς,
742 1468 785 1494 ὅτε
802 1466 832 1492 τὸ
845 1464 989 1499 ἀγέννητον

201 1509 251 1551 οὐκ
262 1522 311 1559 ἦν·
326 1509 376 1548 οὐκ
392 1509 467 1547 ἔσται
481 1519 626 1553 ἀγὲννητος
642 1517 658 1551 ἠ
682 1514 742 1549 ὕλη.
766 1512 803 1538 Τὸ
821 1511 842 1538 δ’
865 1509 990 1536 ἐντεῦθεν

201 1556 281 1598 ἔσται
302 1568 385 1596 πολλὰ
411 1567 445 1594 τὰ
467 1565 613 1600 ἀγέννητα.
644 1562 675 1588 Εἰ
696 1561 750 1595 γὰρ
770 1557 804 1594 ἦν
820 1556 989 1592 ἁγέννητοςὸ

201 1618 278 1648 Θεὸς,
293 1617 340 1643 καί
350 1615 384 1642 τὰ
398 1614 480 1644 ἁπλᾶ,
499 1612 528 1644 ἐξ
541 1608 578 1637 ὧν
594 1610 610 1645 ὴ
625 1609 673 1643 ὕλη
688 1605 827 1639 συνετέθη,
844 1603 894 1630 οὐκ
915 1602 990 1628 ἔσται
1005 1605 1025 1632 c

200 1660 248 1687 δύο
258 1661 327 1696 μόνα.
338 1659 371 1685 τὰ
388 1657 534 1692 ἀγέννητοι,
551 1655 629 1680 Δοκεῖ
643 1652 671 1678 δέ
688 1660 728 1678 σοι
745 1650 827 1685 μηδὲν
840 1648 892 1674 τῶν
906 1647 989 1673 ὀντων

201 1707 269 1734 αὐτὸ
292 1705 380 1740 ἐαυτῷ
398 1700 581 1732 ἁντικεῖσθαι;
609 1699 696 1725 Δοκεῖ.
728 1695 889 1722 Ἀντικειται
910 1691 990 1727 δὲτῴ

202 1753 269 1788 πυρὶ
281 1751 312 1778 τὺ
328 1738 420 1785 ὕδωρ;
447 1744 627 1774 ’Δντικεῖσθαί
649 1751 694 1779 μοι
716 1742 850 1776 φαίνεται.
874 1738 989 1773 Ὁμοίως

201 1800 229 1825 δὲ
240 1783 287 1824 καὶ
299 1796 337 1831 τῷ
349 1783 418 1830 φφτι
430 1793 460 1820 τὸ
472 1791 577 1823 σκότος,
591 1790 638 1816 καὶ
652 1788 690 1824 τῷ
707 1786 803 1822 ψυχρῷ
826 1785 857 1812 τὺ
878 1783 988 1819 θερμὸν,

193 1845 271 1880 ππρὸς
283 1843 314 1878 δὴ
324 1829 432 1871 τούτοις
445 1839 492 1866 καὶ
505 1836 543 1872 τῷ
557 1835 630 1872 ξηρῷ
640 1835 670 1861 τὸ
690 1833 788 1869 ὑγρόν;
806 1831 900 1861 Οὕτως
918 1829 989 1864 ἔχειν

204 1874 249 1926 μοι
260 1874 342 1916 δοκεῖ.
357 1885 460 1914 Οὐκοῦν
472 1883 558 1920 (20)ει
571 1882 654 1918 μηδὲν
661 1880 715 1907 τῶν
728 1879 811 1905 όντων
824 1877 888 1904 αὐτὸ
901 1874 989 1910 ἐαυτῷ

201 1921 366 1967 αντίκειται,
387 1934 437 1960 οὐκ
456 1932 561 1958 ἔσονται
576 1929 624 1964 ὕλη
638 1927 703 1963 μία.
729 1925 789 1952 οὐδὲ
811 1923 864 1959 μὴν
882 1922 910 1955 ἐξ
923 1921 989 1956 ὕλης

204 1983 278 2017 μιᾶς.
305 1981 416 2015 Ὅμοιον
434 1977 462 2004 δέ
479 1985 540 2003 τινα
557 1974 645 2008 τούτῳ
667 1973 745 2006 λόγον
760 1969 841 1997 πάλιν
857 1967 989 1995 πυθέσθαι

203 2013 251 2054 σου
266 2013 404 2062 βούλομαι.
419 2023 498 2050 Δοκεῖ
508 2030 549 2048 σοι
561 2019 595 2046 τὰ
610 2019 680 2054 μέρη
696 2017 733 2052 μὴ
753 2013 913 2049 ἀναιρετικὰ
928 2019 990 2045 τυγ-

202 2058 294 2108 χάνειν
307 2058 428 2106 ἀλλήλων
440 2077 447 2101 ;
464 2069 549 2095 Δοκεῖ.
563 2064 640 2092 Εἶναι
652 2063 681 2089 δὲ
693 2063 742 2096 τῆς
755 2061 820 2095 ὕλης
835 2059 905 2095 μέρη
917 2058 946 2084 τό
959 2066 989 2083 τε

203 2104 260 2154 στῧρ
269 2118 316 2144 καὶ
331 2104 414 2151 ὕδωρ,
427 2114 556 2144 ὡσαύτως
567 2112 595 2138 δὲ
608 2110 654 2137 καὶ
667 2106 804 2154 τὰλοιπέις
819 2105 911 2136 Οὕτως
921 2104 987 2139 ἔχει.

203 2164 236 2190 Τί
245 2148 287 2195 οὲ,
300 2162 330 2188 ού
341 2161 414 2187 δοκεῖ
427 2167 467 2185 σοι
478 2154 674 2192 ἁνατρεπτικὺν
691 2153 738 2188 μὲν
757 2148 826 2177 εἶναι
839 2149 885 2176 τοῦ
905 2148 989 2184 πυρὸς

202 2210 233 2238 τὸ
243 2210 325 2245 ὕδωρ,
338 2207 385 2234 τοῦ
398 2206 426 2233 δὲ
440 2204 553 2234 σκότους
566 2202 596 2228 τὸ
608 2199 676 2235 φῶς,
690 2198 737 2224 καὶ
753 2196 837 2228 τᾶλλα
862 2195 913 2222 ὅσα
931 2194 989 2221 τού-

202 2265 260 2288 ⁵ιοις
273 2239 449 2290 παραπλήσια
459 2259 466 2283 ;
477 2250 564 2276 Δοκεῖ.
574 2245 676 2273 Οὐκοῦν
688 2245 712 2270 εἰ
724 2243 757 2269 τὰ
772 2241 840 2278 μέρη
853 2241 902 2267 οὐκ
915 2239 988 2266 ἔστιν

204 2285 652 2337 enatat}avat'pama,osxtmt
670 2289 791 2324 ἀλλήλων
815 2287 895 2323 μέρη.
917 2286 948 2312 Et
961 2285 989 2312 δὲ
1006 2285 1025 2311 ι)

203 2349 254 2375 οὑκ
265 2331 337 2373 ἐστιν
347 2331 467 2378 ἀλλήλων
479 2340 560 2377 μέρη,
570 2337 732 2365 οὺκὲσονται
743 2334 808 2369 ὕλης
822 2334 895 2369 μιᾶς.
912 2331 992 2378 ξΑλλὰ

206 2395 258 2430 μὴν
277 2392 331 2419 οὐδ’
354 2377 423 2418 αὕτᾶ
444 2389 550 2415 ἔσονται
563 2385 612 2420 ὕλη
630 2383 669 2418 τῷ
682 2381 764 2418 μηδέν
785 2389 811 2406 τι
831 2378 885 2404 τῶν
904 2377 988 2403 ὄντων

203 2439 269 2466 αὐτὸ
282 2436 378 2464 ἑαυτοῦ
389 2432 560 2470 ἀναιρετικὸν
572 2430 714 2465 ὑπάρχειν,
725 2425 796 2453 κατὰ
804 2424 848 2450 τὸν
858 2423 903 2449 τοῦ
916 2423 989 2448 ἀντι-

204 2485 330 2520 κειμένου
342 2483 431 2516 λόγον.
451 2469 517 2507 Οὐδὲ
529 2478 583 2513 γάρ
597 2478 655 2502 ἐστι
667 2474 694 2500 τὶ
706 2472 780 2507 αὑτῷ
793 2469 986 2503 ἀντικείμενον⁸

204 2531 240 2558 τὰ
251 2515 314 2565 ’γὰρ
331 2515 505 2562 ἀντικείμενα
515 2545 522 2557 ,
541 2523 644 2558 ἑτέροις
656 2517 824 2546 ἀντικεῖσθαι
849 2515 968 2548 πέφυκεν
981 2521 987 2527 ·

204 2558 303 2604 οἷον-τό
314 2574 409 2601 λευκὸν
422 2558 488 2598 abab
499 2568 587 2603 ἐαυτῷ
597 2568 647 2594 οὐκ
658 2565 823 2593 ἀντίκειται,
836 2560 903 2596 πρὸς
920 2559 948 2585 δὲ
960 2558 990 2584 τὸ

207 2622 291 2657 μέλαν
301 2618 486 2653 ἀντικείμενον
495 2615 602 2649 λέγεται
612 2622 618 2627 -
633 2612 680 2639 καὶ
692 2611 723 2636 τὸ
736 2609 793 2644 φῶς
804 2607 903 2642 ὁμοίως
922 2605 990 2657 ,εαυ-

206 2649 245 2703 τῷ
257 2668 294 2703 μὴ
308 2649 473 2693 ἀντικεῖσθαι
485 2661 628 2691 δείκνυται,
642 2657 709 2693 πρὸς
717 2656 745 2682 δὲ
756 2655 786 2681 τὸ
799 2653 893 2682 σκότος
906 2649 991 2680 οὕτως

255 2736 297 2771 l6)
321 2734 492 2771 Δυνὰμεῖοι.
515 2726 762 2771 Prmstatnomuiuo
787 2722 933 2758 δυνάμενα,
960 2722 989 2746 ιιι

238 2738 297 2800 ἕιϐ)
321 2738 492 2768 Δυνάμενοι.
517 2738 628 2757 rrmsrat
650 2738 699 2754 om

207 2782 237 2802 re
249 2778 340 2799 eratnr
351 2771 383 2797 ad
398 2768 494 2798 ταῦτα,
510 2774 562 2793 tton
576 2763 699 2802 ad_0éov.

243 2791 555 2843 i'i'ti"5v'"r‘bé?éé'3é"d
580 2799 704 2843 κέεηέοξς
719 2791 991 2843 λρξξξέξλξιξὶξξῡελ

207 2823 564 2872 (ὶολίιὲύίῖιέιεῖέηῖξχῇιεθξ,
580 2823 650 2864 Eo;
673 2823 705 2867 έὴ
732 2827 858 2858 σύνθετός
881 2827 955 2853 ἐστιν
974 2823 989 2849 ὁ

209 2879 317 2912 κόσμος.
332 2874 387 2907 καί,
402 2878 453 2912 etc.

244 2902 443 2948 ἶνίέίάϊινγιὶρ.
461 2905 588 2935 Rescribe
603 2903 634 2931 τδ
645 2902 709 2938 γάρ.

1775 157 1827 186 589

1040 271 1113 290 nunc
1125 263 1214 295 habet,
1227 262 1331 288 inustas
1348 261 1467 287 materiai
1479 260 1622 295 qualitates
1637 267 1697 287 esse
1711 260 1828 290 arbitra-

1040 310 1079 337 ris
1098 319 1103 336 :
1121 308 1254 335 maiorum
1284 306 1406 342 profecto
1418 314 1501 333 causa
1530 306 1602 333 Deus
1615 306 1676 337 erit,
1687 306 1733 340 qui
1747 326 1754 337 ,
1766 314 1828 340 quae
1872 335 1873 338 η

1041 355 1118 382 malua
1138 362 1184 389 per
1196 361 1256 380 sese
1273 357 1422 384 nouerant,
1438 360 1484 379 eas
1496 351 1521 378 itt
1540 352 1627 378 maias
1638 352 1825 378 commutat-it.

1040 401 1074 427 At
1090 400 1158 427 forte
1178 407 1211 426 ne
1229 399 1315 426 malas
1330 398 1438 433 quidem
1450 397 1593 432 qualitates
1603 397 1708 423 Deusin
1728 397 1826 423 melio—

1041 453 1084 472 res
1101 445 1244 474 convertit.
1261 445 1307 472 sed
1325 444 1443 477 reliquas
1472 447 1597 473 tantum,
1624 441 1677 468 hoc
1701 448 1742 468 est
1767 449 1826 474 eas,

1041 492 1140 526 quibus
1153 490 1221 517 nihil
1234 494 1307 518 esset
1322 497 1381 516 cum
1395 488 1473 516 bonis
1493 488 1606 515 malisve
1620 495 1777 520 commune,
1795 491 1825 514 ut

1041 537 1128 571 major
1142 545 1174 564 ex
1197 544 1228 563 ea
1243 530 1402 563 mutatione
1427 539 1539 562 ornatus
1561 534 1698 561 existeret.
1714 533 1751 561 Ita
1766 534 1836 568 qui-'

1041 583 1103 609 dem
1127 583 1184 617 jam
1197 581 1261 608 inde
1275 583 1309 608 ab
1324 581 1401 608 initio
1416 580 1574 608 sentiebam.
1590 579 1731 612 Quomodo
1745 580 1827 613 igitur

1041 637 1101 663 qua:
1119 629 1195 655 malae
1207 636 1253 662 per
1274 635 1335 654 sese
1355 630 1433 653 erant
1447 647 1454 659 ,
1469 634 1516 653 eas
1529 626 1589 652 sine
1604 625 1657 652 ulla
1676 626 1826 652 mutatione

1041 675 1150 702 relictas
1168 675 1201 701 ab
1224 681 1257 701 eo
1277 673 1361 700 fuisse
1375 672 1439 700 ais?
1453 672 1492 698 Au
1509 671 1581 706 quod
1597 671 1657 698 illas
1683 676 1713 698 ut
1730 671 1825 698 tollere

1041 722 1165 749 similiter
1180 729 1211 748 ac
1226 721 1316 748 delete
1333 720 1466 755 potuisset
1480 739 1487 751 ,
1516 719 1633 746 noluerit
1653 723 1742 745 tamen
1754 737 1762 748 ,
1790 724 1824 744 an

1041 768 1142 802 potius,
1168 767 1241 802 quod
1266 766 1294 793 id
1309 766 1438 800 perlicere
1451 765 1524 791 nullo
1536 764 1616 791 modo
1629 764 1746 798 potuerit
1764 763 1775 789 ?
1795 762 1825 789 Si

1040 813 1162 847 potuisse
1195 811 1332 844 concedis,
1358 818 1439 845 negas
1459 810 1595 837 voluisse:
1625 809 1733 836 illarum
1757 816 1826 836 cau-

1041 865 1099 885 sam
1113 858 1140 884 in
1152 857 1236 884 Deum
1250 855 1374 883 conferas
1386 863 1497 883 necesse
1514 860 1567 886 est,
1581 856 1628 890 qui
1643 862 1704 882 cum
1719 862 1764 881 eas
1782 855 1826 881 in-

897 916 987 949 λόγου-
1006 915 1025 942 Β
1041 908 1102 931 nata
1119 904 1222 931 malitia
1245 902 1362 930 liberare
1378 906 1480 937 posset,
1498 909 1576 928 suam
1603 906 1693 928 tamen
1710 901 1744 928 iis
1760 908 1827 928 cou-

1040 949 1171 977 ditionem
1188 949 1339 983 reIiuquere
1349 948 1484 979 maluerit,
1504 955 1560 982 quo
1572 947 1744 981 potissimum
1758 951 1826 973 tem-

1040 1001 1106 1029 pore
1140 994 1282 1021 materiam
1319 993 1512 1020 ciaborandam
1546 991 1826 1025 conl‘ormandamque

1040 1040 1197 1075 susciperet.
1216 1039 1282 1066 Nam
1295 1039 1317 1066 si
1341 1038 1480 1065 materiam
1500 1046 1601 1072 susque
1616 1037 1703 1072 deque
1715 1037 1826 1064 habuis-

1041 1091 1093 1118 set,
1125 1094 1179 1112 non
1191 1085 1245 1119 jam
1258 1085 1420 1119 qualitatum
1437 1091 1542 1114 earum,
1559 1083 1755 1117 quasintegras
1767 1089 1826 1108 ma-

1039 1139 1104 1159 nere
1126 1131 1254 1163 sinebat,
1283 1137 1365 1156 causa
1390 1130 1535 1156 diceretur.
1559 1127 1636 1155 Nunc
1662 1136 1744 1159 vero,
1761 1136 1824 1155 cutn

1039 1177 1161 1212 ejusdem
1177 1177 1295 1203 materia:
1311 1180 1413 1210 partem
1441 1175 1585 1209 expoliret,
1603 1178 1705 1208 partem
1721 1173 1826 1208 indige-

1040 1229 1108 1250 stam
1125 1230 1156 1249 ac
1172 1222 1276 1254 rudem,
1297 1221 1334 1248 uti
1361 1226 1418 1248 erat
1431 1240 1438 1252 ,
1458 1220 1625 1253 relinqueret
1647 1228 1654 1245 :
1681 1218 1728 1252 qui
1750 1217 1824 1252 quod

1040 1269 1176 1296 malorum
1199 1272 1351 1303 supererat,
1380 1267 1478 1293 melius
1502 1265 1606 1292 clﬁcere
1628 1265 1772 1299 potuisset,
1799 1265 1823 1291 is

1040 1314 1105 1340 milti
1124 1313 1232 1347 quidem
1250 1311 1335 1345 culpa:
1350 1310 1465 1344 alicujus
1493 1309 1580 1336 amnis
1608 1308 1715 1335 videtur
1727 1307 1823 1339 fuisse,

1040 1361 1104 1388 dum
1122 1360 1149 1386 itt
1177 1359 1261 1386 altera
1277 1357 1397 1385 materia:
1421 1361 1497 1391 parte
1521 1355 1640 1382 nativam
1665 1354 1747 1381 etiam
1766 1359 1824 1380 tum

1041 1406 1172 1433 malitiam
1188 1405 1214 1432 itt
1230 1405 1289 1440 ejus
1306 1412 1386 1439 quatit
1404 1403 1566 1433 elaboraret,
1583 1401 1696 1428 exitium
1721 1400 1825 1427 haerere

1040 1456 1187 1487 pateretur.
1202 1449 1234 1476 Et
1245 1450 1354 1484 quidem
1369 1450 1458 1483 gravis
1474 1455 1586 1482 prorsus
1603 1448 1653 1473 hoc
1667 1447 1693 1473 in
1705 1453 1819 1480 genere,

1042 1498 1115 1530 huic,
1134 1505 1215 1532 qttatn
1237 1496 1396 1527 elaboravit,
1423 1495 1544 1521 malet-ite
1562 1494 1629 1528 parti
1645 1513 1653 1526 ,
1668 1500 1701 1520 eo
1715 1492 1824 1519 nomine

1041 1545 1111 1572 facta
1123 1545 1230 1571 videtur
1242 1542 1426 1578 iujuria,quod
1439 1546 1539 1568 tantatn
1552 1540 1682 1567 maiorum
1691 1540 1745 1565 vim
1760 1539 1824 1566 sub-

1043 1594 1080 1619 ire
1102 1599 1133 1618 ac
1156 1591 1293 1618 sustinere
1316 1593 1440 1623 cogatur.
1458 1587 1589 1621 Quisquis
1601 1586 1672 1612 enim
1700 1590 1824 1612 accurate

1043 1645 1098 1665 rem
1122 1637 1259 1664 aestimare
1275 1635 1356 1666 volet,
1375 1634 1398 1661 is
1415 1634 1495 1667 longe
1512 1632 1672 1659 deteriorem
1692 1631 1743 1657 hoc
1758 1636 1825 1657 tem-

1041 1692 1117 1719 pore,
1127 1691 1207 1718 quam
1218 1681 1338 1716 impolita
1353 1681 1418 1707 dum
1428 1677 1632 1710 esset,materiat
1642 1676 1824 1704 conditionem

1041 1739 1100 1758 esse
1118 1729 1242 1764 reperiet.
1259 1728 1324 1754 Nam
1338 1730 1482 1760 antequam
1494 1724 1582 1751 varias
1605 1722 1772 1757 digererctur
1797 1723 1822 1750 in

1041 1782 1142 1811 partes,
1175 1775 1277 1801 nullum
1292 1781 1324 1800 ea
1344 1772 1478 1799 malorum
1492 1777 1602 1797 suorum
1627 1769 1743 1796 habebat
1763 1776 1820 1794 sem

1042 1830 1114 1854 sum,
1141 1829 1196 1856 quo
1211 1827 1283 1847 nunc
1297 1823 1387 1853 partes
1400 1817 1459 1852 ejus
1471 1816 1585 1850 singula:
1599 1815 1771 1842 vehementer
1785 1813 1826 1840 Ia-

1041 1869 1148 1895 borant.
1173 1867 1262 1901 Atque
1285 1870 1313 1892 ut
1331 1865 1365 1891 ab
1392 1864 1502 1891 homine
1517 1867 1640 1890 sumatur
1658 1860 1824 1895 exemplum,

1041 1915 1199 1949 priusquam
1217 1912 1317 1940 animal
1336 1910 1442 1945 opiﬁcis
1455 1913 1513 1935 arte
1529 1907 1726 1935 conformatum
1741 1911 1826 1937 esset,

1040 1969 1055 1987 a
1072 1966 1167 1986 natura
1195 1958 1246 1985 hoc
1266 1957 1390 1988 habebat,
1409 1954 1474 1981 nihil
1488 1958 1518 1980 ut
1536 1953 1648 1980 omnino
1669 1951 1732 1979 mali
1751 1956 1826 1986 patr-

1040 2012 1124 2033 retur.
1146 2004 1185 2031 Ex
1214 2011 1268 2038 quo
1285 2006 1374 2029 atttem
1392 2009 1407 2028 a
1425 2000 1478 2027 Deo
1493 2004 1650 2034 procreatus
1676 1998 1757 2024 ltomo
1773 2002 1824 2028 est,

1041 2052 1104 2079 mali
1117 2051 1197 2078 etiam
1213 2048 1378 2076 imminentis
1392 2054 1472 2074 sensu
1490 2045 1613 2072 allicitur.
1641 2043 1689 2075 Ita,
1705 2043 1776 2077 quod
1797 2048 1826 2068 tu

1040 2098 1124 2125 divini
1148 2104 1212 2131 erga
1239 2094 1379 2122 materiam
1408 2091 1532 2118 Numinis
1555 2089 1716 2117 benelicium
1743 2088 1827 2114 inter-

1040 2143 1167 2179 pretaris,
1184 2142 1236 2169 hoc
1250 2140 1301 2175 ipsi
1315 2139 1371 2174 jam
1388 2139 1414 2165 in
1426 2137 1546 2165 deterius
1559 2135 1674 2163 cessisse
1697 2133 1824 2168 reperies.

1040 2175 1120 2225 345
1135 2188 1193 2215 Jam
1206 2194 1279 2219 vero,
1296 2186 1317 2213 si
1334 2185 1410 2220 qttod.
1422 2183 1492 2210 mala
1506 2182 1577 2209 Deus
1589 2181 1681 2208 tollere
1696 2175 1750 2206 n'on
1778 2186 1827 2213 po-

1044 2236 1137 2267 tuerit,
1156 2234 1251 2261 eadem
1266 2232 1416 2268 perstitisse
1431 2230 1515 2262 voles,
1537 2228 1621 2255 Deum
1652 2233 1716 2260 ergo
1738 2225 1825 2258 impo-
1842 2232 1848 2238 ~

1041 2286 1139 2309 tentem
1152 2280 1228 2307 facis.
1246 2278 1382 2313 Impotens
1403 2281 1492 2303 autem
1517 2275 1538 2302 si
1570 2273 1632 2304 erit,
1656 2276 1702 2299 aut.
1718 2274 1825 2305 propter

1048 2326 1165 2353 nativam
1181 2323 1393 2350 imbecillitatem
1409 2321 1470 2352 erit,
1488 2323 1534 2346 aut
1557 2318 1629 2353 quod
1656 2315 1781 2344 servilem
1799 2313 1826 2340 in

1043 2372 1165 2404 modum,
1182 2368 1341 2404 potentioris
1355 2366 1469 2400 alicujus
1479 2369 1582 2391 terrore
1598 2365 1751 2396 superetur.
1777 2358 1828 2385 Na-

1043 2421 1104 2444 tttra
1119 2415 1296 2446 imbecillum,
1320 2414 1388 2440 citra
1412 2410 1585 2439 manifestum
1604 2407 1700 2435 salutis
1716 2406 1825 2440 pericu-

1043 2463 1110 2494 lum,
1124 2461 1258 2489 allirmare
1272 2459 1384 2486 audebis
1398 2463 1548 2490 nunquam.
1572 2453 1621 2480 Sin
1641 2451 1754 2486 majoris
1771 2450 1826 2477 for-

1043 2509 1145 2536 tuidine
1158 2507 1260 2534 victum
1274 2512 1333 2532 esse
1346 2504 1431 2534 dices,
1447 2501 1516 2528 mala
1536 2499 1590 2526 Deo
1610 2497 1693 2525 simul
1708 2501 1820 2530 antepo-

1043 2562 1102 2587 nes,
1120 2561 1181 2588 qute
1203 2552 1257 2578 vim
1280 2550 1338 2584 ejus
1366 2549 1552 2582 impetumque
1573 2543 1722 2572 voluntatis
1739 2542 1826 2576 impe-

1044 2601 1129 2627 diunt.
1145 2597 1223 2631 Quod
1245 2604 1310 2625 sane
1327 2595 1360 2622 de
1374 2598 1470 2620 natura
1494 2592 1587 2619 divina
1603 2588 1744 2625 praedicari
1770 2596 1825 2615 non

1044 2645 1096 2672 nisi
1114 2643 1232 2671 absurde
1252 2644 1350 2676 potest.
1366 2638 1465 2672 Quidni
1480 2637 1553 2665 ettim
1577 2636 1649 2663 mala
1664 2634 1722 2670 ipsa
1737 2633 1827 2669 potius

1079 2714 1136 2754 (I9)
1147 2713 1202 2754 ῖΗν
1215 2710 1367 2754 ποτελκαθ
1384 2708 1485 2754 ἑαυτά.
1502 2705 1600 2742 Negari
1623 2704 1702 2732 facile
1722 2706 1826 2739 posset,

1043 2747 1118 2787 quod?
1127 2747 1173 2787 hic
1180 2747 1347 2787 _assttmitttr,

1080 2775 1136 2819 (ibi
1151 2775 1276 2819 (λύκοῦν.
1291 2781 1327 2819 _Et
1343 2782 1402 2819 haec
1418 2777 1614 2819 consequentia
1628 2775 1732 2819 oppido.
1743 2780 1826 2819 quam

1043 2807 1326 2849 enim
1343 2807 1400 2843 hinc
1416 2807 1606 2850 ἀπιμᾶχησις,
1622 2807 1732 2840 (ιὰ-κατ’
1747 2807 1827 2843 εἶδος,

1043 2864 1098 2885 non
1112 2855 1174 2882 καθ’
1189 2853 1264 2889 ὕλην.
