2070 3206
283 210 330 237 59!

599 208 731 237 EUSEBII
750 207 984 237 C£SARIENSIS
1003 209 1078 239 OPP.
1098 209 1187 238 PARS
1206 211 1237 238 ιι.
1255 227 1290 232 --
1307 212 1553 242 APOLUGETICA.

1847 218 1899 246 592

283 275 362 303 quem
381 268 407 295 in
425 275 533 295 sensum
549 267 641 302 plures
657 267 831 300 convenisse,
860 267 982 303 diligenti
996 276 1046 296 exa

1114 270 1169 305 Τῆς
1183 271 1211 297 δὲ
1223 271 1354 302 ἐκδόσεως
1367 271 1468 307 ταύτης
1484 270 1640 308 γενομένης,
1651 271 1791 300 ἐκέλευσεν
1799 273 1897 309 ὸβασι-

284 315 355 341 mine
366 313 535 345 constiterit,
554 321 615 340 cum
632 313 789 348 scligamus,
805 318 832 340 et
847 319 1002 341 accuratam
1013 322 1060 342 eo-

282 369 342 388 rum
355 361 486 387 librorum
502 360 750 394 interpretationem
765 379 772 392 ,
789 364 869 395 prout
889 368 932 387 res
948 361 1006 395 ipsa
1033 366 1061 388 et

281 407 428 434 voluntatis
441 410 492 433 tuze
507 406 575 433 ratio
592 407 710 440 postulat
724 427 731 440 ,
752 407 866 434 honesto
878 412 904 434 ct
920 407 1017 434 illustri
1034 407 1061 434 iu

281 453 340 479 looo
352 459 525 486 reponamus.
541 451 617 484 Vale,
633 460 664 479 ac
678 453 760 480 rebus
772 453 798 479 in
812 453 940 480 omnibus
951 452 1060 480 fortuna

281 498 397 524 secunda
413 503 497 524 utere.
516 507 525 524 ι
539 497 643 531 Quibus
658 499 775 533 acceptis
795 507 810 526 a
838 498 974 526 Demetrio
988 499 1060 526 litte-

279 542 507 576 ris,Ptolemaaus
532 551 594 570 cum
614 544 648 570 ad
685 543 844 571 Eleazarum
872 552 931 572 eam
958 545 985 571 iu
1004 552 1060 571 rem

278 588 370 619 scribi.
390 593 446 616 tum
459 589 539 615 etiam
549 589 582 616 de
594 590 706 624 captivis
723 591 755 616 ad
770 598 830 617 sese
842 590 966 617 libertate
974 589 1060 617 dona-

278 633 313 660 tis
327 635 491 660 mentionem
508 633 564 661 ﬁeri
581 634 674 668 jussit.
693 634 764 661 Idem
776 635 939 668 crateribus,
951 635 1058 670 pliialis,

277 685 389 710 mensae,
399 679 526 714 vasisque
539 679 695 706 libaminum
706 680 886 714 perﬁciendis,
901 681 959 708 auri
969 679 1059 715 pondo

277 724 376 751 talenta
392 725 598 760 quinquaginta,
615 726 719 760 argenti
737 727 924 761 septuaginta,
949 727 1059 761 vimque

277 770 393 804 lapidum
407 778 461 798 non
470 772 593 806 exiguam
601 772 734 798 attribuit.
750 771 848 799 ΑἰγοΓῆ
860 772 976 807 denique
991 780 1059 806 prte-

277 815 364 844 lectos
383 817 486 850 voluit,
500 822 527 844 et
541 818 630 852 operis
651 826 744 846 eorum
758 839 765 850 ,
783 827 846 854 quae
871 819 982 846 mallent
998 825 1058 845 om-

1110 315 1313 351 λεὺςγραφῆναι
1322 316 1389 351 πρὸς
1400 317 1444 343 τδν
1451 317 1611 354 Ἐλεάζαρον
1619 319 1798 354 περὶτούτων,
1811 321 1896 355 σημάι

1112 371 1207 393 ναντας
1219 363 1266 389 καὶ
1277 363 1326 398 τὴν
1341 364 1488 400 γενομένην
1499 364 1682 400 ἀπολύτρωσιν
1694 366 1747 392 τῶν
1759 366 1896 401 αἰχμαλώ-

1112 416 1175 434 των.
1180 407 1283 434 ’ἰεῖδωκε
1289 408 1317 434 δὲ
1323 408 1370 434 καὶ
1376 409 1414 440 εἰς
1421 418 1470 435 κατ
1474 409 1590 445 ασκευὴν
1595 410 1680 446 κρατή
1684 419 1737 446 ρων
1743 419 1771 437 τε
1778 412 1824 438 καὶ
1834 420 1895 446 φια-

1116 452 1179 485 λῶν,
1197 453 1244 479 καὶ
1257 453 1406 489 τραπέζης,
1416 454 1462 481 καὶ
1470 455 1624 488 σπονδείων,
1633 456 1743 491 χρυσίου
1757 456 1806 491 μὲν
1815 457 1895 491 ὁλκῆς

1112 498 1229 525 τάλαντα
1242 500 1424 534 πεντήκονπα,
1438 501 1485 527 καὶ
1499 501 1628 537 ἀργυρίου
1643 502 1762 530 τάλαντα
1780 503 1895 539 ἐϐδομή-

1112 553 1202 577 κοντα,
1217 545 1263 571 καὶ
1273 545 1353 571 λίθων
1366 546 1458 572 ἱκανόν
1470 555 1497 572 τι
1512 547 1622 582 πλῆοος.
1641 547 1781 574 Ἑκέλευσε
1793 549 1820 574 δὲ
1832 549 1895 581 τοὺς

1111 589 1358 624 χρηματοφύλακας
1378 591 1432 621 τοῖς
1454 590 1589 624 τεχνίταις
1609 586 1645 616 ὧν
1664 590 1696 617 ἂν
1709 592 1895 626 προαιρῶνται

1109 634 1159 669 τὴν
1171 634 1285 669 ἐκλογὴν
1297 635 1405 667 διδόναι,
1419 635 1466 661 καὶ
1478 635 1642 670 νομίσματος
1661 637 1700 667 εἰς
1720 636 1829 668 θυσίας,
1848 636 1894 662 καὶ

1110 679 1144 706 τὰ
1158 680 1223 707 ἄλλα
1235 680 1302 716 πρὸς
1314 681 1430 707 τάλαντα
1445 682 1551 708 ἑκατόν.
1565 680 1724 717 Δηλώσομεν
1733 682 1760 708 δέ
1776 690 1816 708 σοι
1828 683 1893 716 περὶ

1111 729 1160 763 τῆς
1176 727 1357 762 κατασκευῆς,
1375 727 1413 759 ὡς
1428 727 1460 754 ἃν
1473 727 1507 754 τὰ
1516 727 1569 753 τῶν
1582 727 1728 754 ὲπιττολῶν
1738 727 1894 763 ἀντίγραφα

1110 773 1269 808 διέλθωμεν.
1284 772 1337 800 Ἶὶν
1353 774 1381 800 δὲ
1395 775 1411 808 ἡ
1429 773 1474 800 τοῦ
1492 773 1621 808 βασιλέως
1640 772 1767 808 ἐπιστολὴ
1783 773 1828 800 τὸν
1845 773 1894 800 τύ-

1112 826 1161 844 πον
1176 817 1273 852 ἔχουσα
1290 817 1392 844 τοῦτον.

275 862 352 889 uium
384 863 520 897 optionem
543 865 710 900 relinquere,
727 869 754 892 ct
780 865 806 892 in
837 864 1051 896 sacriﬁciorum,
1071 863 1152 898 352
1169 863 1340 898 aliarumque
1364 871 1454 890 rerum
1487 871 1635 898 expensas,
1665 865 1697 891 ad
1715 869 1823 893 centum
1838 872 1887 898 pe-

275 910 362 936 cunia:
387 911 487 938 talenta
508 913 655 939 numerari.
686 911 806 945 Quorum
839 912 885 939 tibi
920 919 1031 946 operum
1057 910 1223 937 molitionem
1240 917 1423 944 exponemus,
1448 911 1557 945 siprius
1571 911 1746 946 epistularum
1768 911 1888 946 ipsarum

273 957 396 991 exempla
416 957 629 986 recitaret-imus.
658 959 696 985 Ac
717 959 788 993 regis
814 958 922 993 quidem
943 957 1056 993 epistola
1079 957 1151 984 hunc
1166 957 1193 984 in
1211 957 1320 985 modum
1337 965 1365 984 se
1380 957 1468 984 habet.

581 1014 694 1041 CAPUT
712 1014 755 1040 IV.

309 1069 429 1104 Epistola
449 1069 585 1104 Ptolcma'i
600 1070 666 1104 regis
674 1070 707 1096 ad
719 1069 878 1096 Eleazarum
896 1077 1028 1096 summum

456 1102 699 1139 Hierosolymorum
710 1105 872 1139 pontiﬁcem.

313 1169 322 1185 ι
343 1159 501 1187 Ριυιεηιιυυς
525 1167 570 1187 rex
592 1159 720 1187 Eleazaro
745 1167 852 1187 summo
875 1160 994 1194 pontiﬁci
1008 1166 1054 1187 sa-

272 1205 366 1233 lutem.
384 1205 519 1238 Quoniam
542 1205 579 1233 ita
594 1214 659 1233 casu
676 1205 780 1233 factum
805 1211 880 1238 erat,
898 1211 928 1233 ut
943 1206 1053 1240 plurimi

272 1251 427 1279 Iudaeorum
441 1273 448 1283 ,
464 1259 533 1286 quos
544 1251 634 1278 Persa:
645 1271 652 1284 ,
669 1259 724 1286 quo
746 1257 868 1287 tempore
893 1259 983 1279 rerum
1007 1259 1054 1286 po-

272 1298 409 1324 tiebantur
420 1316 428 1328 ,
444 1297 636 1333 Hierosolymis
647 1298 769 1332 captivos
801 1297 978 1330 abduxerant,
992 1305 1054 1332 par-

271 1344 319 1370 tim
332 1343 433 1370 nostris
443 1343 470 1370 in
479 1343 635 1378 regionibus
646 1343 785 1371 constituti
796 1348 897 1376 essent,
915 1344 1011 1379 partim
1026 1344 1052 1371 in

271 1387 417 1424 Egyptum
434 1396 486 1416 una
501 1397 562 1416 cum
575 1395 685 1424 parente
697 1394 791 1416 nostro
807 1390 1051 1425 commigrassent;

270 1443 422 1470 eorumque
433 1435 583 1470 permultos
595 1435 652 1470 ipse
663 1455 670 1467 ,
688 1443 750 1463 cum
768 1435 794 1462 in
821 1443 965 1462 numerum
977 1434 1053 1462 ordi-

270 1489 387 1515 nemque
415 1481 532 1508 militum
553 1481 731 1515 amplioribus
758 1481 899 1516 stipendiis
917 1481 1052 1512 ascripse-

271 1532 326 1558 rat,
343 1532 400 1554 tum
416 1528 499 1554 etiam
512 1531 629 1561 quorum
643 1527 695 1554 sibi
710 1527 776 1554 ﬁdes
788 1527 965 1562 probatajam
980 1527 1050 1554 luis-

269 1577 325 1605 set,
337 1580 431 1599 eorum
448 1573 552 1607 aliquot
565 1573 591 1599 in
605 1572 714 1600 arcibus
729 1581 790 1600 eum
807 1573 833 1599 in
849 1573 928 1600 ﬁnem
943 1579 1050 1600 exstru-

270 1619 332 1648 ctis,
344 1619 376 1645 ad
389 1618 577 1653 IEgyptiorum
593 1621 724 1646 terrorem
742 1619 866 1653 prazsidia
879 1619 1048 1645 collocasst-t.

271 1662 325 1691 Nos
341 1668 467 1698 suscepto
485 1671 586 1698 regno,
614 1663 711 1698 majori
731 1664 813 1691 etiam
841 1671 901 1691 cum
929 1664 1048 1698 reliquos
1064 1680 1084 1707 ε

269 1717 382 1742 omnes,
400 1713 457 1735 tum
469 1709 542 1736 cives
558 1709 584 1735 in
600 1708 696 1743 primis
707 1713 767 1736 tuos
795 1708 962 1735 humanitate
974 1716 1049 1735 com-

269 1755 358 1789 plexi,
375 1755 500 1789 captivos
518 1762 601 1789 supra
618 1759 725 1781 centum
742 1754 826 1781 millia
848 1755 874 1781 in
898 1754 1048 1781 libertatem

270 1801 455 1831 asset-nimus,
469 1799 543 1834 justo
559 1799 678 1826 dominis
694 1799 779 1834 pretio
802 1799 956 1834 persoluto,
979 1804 1007 1826 et
1026 1799 1048 1826 si

269 1846 333 1880 quid
346 1845 414 1872 forte
430 1845 612 1872 multitudinis
630 1845 730 1880 impetu
745 1853 822 1873 secus
849 1850 938 1872 actum
957 1849 1047 1877 esset,

269 1892 422 1919 emendato.
437 1891 494 1925 Qua
510 1892 536 1918 in
551 1900 596 1924 rc,
618 1891 760 1926 prazcipuae
786 1892 926 1927 cujusdam
951 1897 1049 1920 nostra:

267 1938 392 1972 pictatis,
407 1942 434 1965 et
448 1942 530 1972 grata:
546 1937 676 1965 adversus
693 1937 775 1964 Deum
793 1941 985 1972 prtepotentem
1000 1945 1048 1964 vo—

268 1985 379 2011 luntatis
390 1984 586 2011 monimentum
600 1990 707 2012 cxsmre
715 1984 859 2016 voluimus,
874 1983 920 2018 qui
935 1991 1047 2017 regnum

267 2029 358 2057 adhuc
381 2035 504 2056 nostrum
523 2038 584 2057 cum
599 2030 652 2057 alta
681 2037 748 2064 pace
770 2029 1026 2063 tranquillissimum
1039 2049 1046 2061 ,

266 2079 322 2101 tum
340 2075 457 2102 maxima
470 2075 680 2109 peruniversum
695 2074 787 2102 orbem
804 2074 890 2108 gloria
904 2073 1047 2100 celeberri-

266 2129 340 2147 mum
357 2120 537 2148 conservavit.
551 2120 591 2147 Ad
601 2121 657 2146 bzec
667 2127 719 2147 non
737 2123 843 2146 tantum
860 2123 938 2146 aetate
950 2119 1047 2146 ﬂoren-

266 2167 340 2193 tibus
359 2173 439 2193 suum
455 2166 481 2192 in
497 2165 617 2193 exercitu
646 2165 734 2192 locum
761 2163 976 2199 assignavimus,
1000 2164 1047 2191 sed

265 2211 346 2238 etiam
360 2215 493 2245 quotquot
506 2210 644 2245 explorata
662 2214 859 2244 perspectaque
870 2209 936 2236 ﬁdes
949 2216 982 2236 eo
1005 2209 1047 2236 di-

265 2257 443 2292 guosbonore
459 2256 620 2288 reddiderat,
634 2256 826 2283 incomitatum
835 2256 981 2290 aulamque
995 2263 1046 2282 no-

265 2308 350 2342 stram
363 2302 515 2337 allegimus.
526 2302 660 2329 Caeterum
671 2309 721 2336 pro
729 2306 822 2329 nostro
834 2309 897 2336 erga
912 2305 948 2334 te,
956 2300 1046 2328 Judae-

1061 2352 1084 2380 D

298 2392 352 2426 (56)
370 2391 518 2423 Βασιλεὺς
534 2392 669 2425 Πτολεμ..
685 2395 737 2418 etc.
753 2389 786 2417 Et
806 2391 876 2418 hanc
900 2390 1042 2425 epistolam

262 2423 395 2457 Iosephus
410 2427 476 2455 suis.
493 2434 544 2452 non
560 2423 678 2452 Aristum
691 2426 780 2452 verbis
797 2423 980 2460 repraesentat.

298 2460 352 2495 (ὅῖ)
369 2462 562 2494 Κατῳκίσίιαι.
580 2461 616 2487 Eo
633 2461 771 2491 nimirum,
788 2461 828 2487 vel
843 2461 970 2495 opinione
983 2468 1041 2493 sua,

264 2496 306 2522 vel
323 2496 407 2529 ipsius
421 2497 530 2524 victoris
544 2496 690 2527 voluntate,
707 2496 747 2523 vel
763 2496 934 2523 dominorum
950 2496 1043 2523 vendi-

263 2531 336 2557 tione
352 2531 464 2558 delatos.

298 2565 353 2599 (58)
377 2565 606 2599 Ἀναρπάστους.
630 2564 729 2594 Excus.
755 2565 901 2598 Aristeas,
925 2566 1042 2592 ἀναστά-

261 2607 335 2630 τους.

297 2634 351 2695 359)
371 2633 437 2660 Ὑπὸ
451 2636 580 2669 Περσῶν.
599 2636 626 2663 lu
644 2636 731 2663 edicto
747 2643 801 2670 quo
815 2635 885 2670 apud
899 2634 1040 2662 Aristteam

314 2669 443 2695 osenhum
459 2671 696 2695 lilterlaslmlmisa
716 2670 858 2695 Plolenmm
872 2671 1039 2695 conceditur.

261 2669 443 2702 etJosephum
459 2671 696 2698 libertasludatisa
716 2669 858 2697 Ptulemaéo
872 2671 1039 2703 conceditur,

263 2704 296 2730 de
309 2703 400 2742 Persis
419 2705 485 2739 μηδὲ
496 2707 545 2740 χρύ
555 2706 586 2742 μ’.
596 2706 670 2742 γρὺ].
692 2705 863 2742 Nunctamen
875 2705 907 2732 ad
915 2704 1038 2742 Judaeum

263 2739 395 2775 scribens,
409 2735 525 2773 paterni-Ie
543 2735 660 2769 iitvidiae‘
670 2746 772 2775 partem
796 2741 914 2774 aliquam
931 2740 956 2766 in
973 2740 1034 2767 Per-

263 2780 308 2799 sas
324 2773 462 2833 dleoucrat,
477 2776 602 2811 quodque
620 2773 682 2803 vere
696 2780 810 2810 poterat,
823 2773 904 2802 etiam
920 2775 1037 2809 pruden-

263 2813 303 2833 ter
317 2815 339 2833 ai
353 2813 446 2833 tuum.

263 2813 303 2834 ter
317 2809 446 2835 adiungit.

298 2816 613 2880 (ξ’ὁῗυὲῗίἷὲληλυοέναι
678 2844 891 2880 αἰχμαλώτους.
908 2843 986 2872 Molle
1010 2845 1036 2871 id

262 2878 380 2914 quidem,
395 2879 442 2914 sed
459 2878 592 2912 Josephus
614 2879 691 2914 longe
711 2878 800 2907 adhuc
814 2879 930 2910 mollius.
946 2884 972 2905 et
989 2887 1037 2914 pa-

261 2911 310 2938 tris
326 2913 351 2938 in
366 2913 477 2946 gratiam
498 2911 780 2948 ὑποκοριστικώτερον,
794 2915 855 2945 τοὺς
874 2911 1036 2948 αἰχμαλώτι-

1072 1016 1094 1043 Β

1368 1013 1562 1040 ΚΕΦΑΛΑΙΟΝ
1589 1014 1624 1039 Δ’.

1114 1067 1276 1102 Ἐπιστολὴ
1286 1068 1439 1100 ,ϐασιλέως
1453 1070 1635 1102 Πτολεμαίου
1659 1069 1735 1102 πρὸς
1757 1067 1891 1099 Ἐλεάζα-

1274 1111 1331 1137 ρον
1345 1103 1482 1136 ἀρχιερέα
1497 1104 1716 1138 Ἰεροσολύμων.

1143 1170 1152 1185 ι
1169 1160 1298 1191 Βασιλεὺς
1326 1159 1490 1195 Πτολεμαῖος
1515 1159 1569 1195 (56)
1586 1160 1708 1195 ἀρχιερεῖ
1733 1159 1890 1195 Ἐλεαζάρῳ

1105 1207 1210 1243 χαίρειν
1226 1206 1273 1232 καὶ
1287 1205 1430 1241 ἐρρῶσθαι.
1450 1206 1525 1232 Ἐπεὶ
1538 1206 1679 1241 συμϐαίνει
1693 1205 1818 1237 πλείονας
1832 1206 1888 1232 τῶν

1111 1252 1243 1279 Ἰουδαίων
1259 1253 1298 1284 εἰς
1308 1252 1356 1287 τὴν
1370 1252 1505 1288 ἡμετέραν
1520 1251 1611 1288 χώραν
1635 1251 1801 1287 κατῳκίσθαι
1818 1252 1886 1285 (57),

1104 1297 1266 1333 γενηθέντας
1280 1298 1470 1333 ἀναρπάστους
1486 1298 1540 1333 (58)
1558 1299 1590 1324 ὲκ
1615 1297 1669 1324 τῶν
1694 1297 1888 1332 Ἰεροσολύμων

1104 1343 1156 1370 ὑπὸ
1171 1343 1282 1379 Περσῶν
1299 1344 1364 1379 (39),
1380 1343 1441 1370 καθ’
1457 1344 1486 1370 ὃν
1501 1343 1668 1379 ἐπεκράτουν
1681 1344 1775 1379 χρόνον
1785 1352 1791 1358 ’
1803 1343 1843 1370 ἔτι
1857 1343 1886 1370 δὲ

1104 1390 1149 1417 καὶ
1167 1390 1370 1426 συνεληλυθέναι
1459 1391 1542 1426 πατρὶ
1565 1390 1643 1425 ἡμῶν
1666 1391 1705 1421 εἰς
1726 1390 1776 1424 τὴν
1801 1390 1887 1424 Αἰγυ-

1104 1442 1170 1462 πτον
1188 1435 1373 1471 αἰχμαλώτους
1390 1435 1455 1470 (40)·
1470 1436 1516 1469 ἀφ’
1530 1432 1567 1462 ὧν
1583 1435 1629 1462 καὶ
1655 1435 1778 1466 πλείονας
1801 1436 1841 1466 εἰς
1855 1433 1885 1460 τὸ

1104 1480 1297 1517 στρατιωτικὸν
1308 1481 1448 1515 σύνταγμα
1463 1480 1646 1516 κατεχώρισεν
1662 1479 1707 1506 ἐπὶ
1721 1480 1825 1514 μεὶζοσι
1842 1488 1885 1514 μι-

1103 1525 1257 1561 σθοφοριαις
1267 1534 1274 1540 ·
1299 1526 1398 1560 ὁμοίως
1412 1525 1440 1552 δὲ
1453 1527 1499 1552 καὶ⁸
1519 1526 1581 1557 τοὺς
1594 1525 1725 1560 προόντας
1735 1525 1830 1560 κρίνας
1842 1533 1886 1552 πι·

1103 1571 1191 1603 στοὺς,
1209 1570 1325 1606 φρούρια
1341 1572 1435 1603 κτίσας
1447 1592 1453 1603 ,
1470 1571 1609 1598 ἀπέδωκεν
1635 1570 1726 1602 αὐτοῖς
1739 1590 1747 1602 ,
1758 1570 1832 1600 ὅπως
1854 1569 1884 1596 τὸ

1101 1616 1155 1642 τῶν
1170 1617 1324 1650 Αἰγυπτίων
1335 1617 1409 1648 ἔθνος
1421 1616 1501 1650 φόϐον
1516 1616 1563 1652 ἔχῃ
1580 1616 1635 1651 (41)
1649 1616 1693 1644 διὰ
1704 1615 1815 1642 τούτων.
1829 1617 1885 1643 Καὶ

1103 1663 1181 1696 ἡμεῖς
1195 1661 1232 1692 δὲ,
1250 1662 1452 1697 παραλαϐόντες
1468 1662 1517 1697 τὴν
1533 1661 1679 1696 βασιλείαν,
1702 1662 1883 1698 φιλανθρωπζκ

1102 1715 1178 1742 τερον
1201 1707 1364 1742 ἁπαντῶμεν
1387 1709 1442 1738 τοῖς
1465 1708 1548 1737 πᾶσι,
1564 1707 1630 1733 πολὺ
1651 1707 1679 1733 δὲ
1701 1707 1800 1741 μᾶλλον
1825 1709 1883 1739 τοῖς

1102 1753 1157 1783 σοῖς
1171 1752 1292 1784 πολίταις
1300 1761 1306 1767 ·
1321 1753 1391 1788 ὑπὲρ
1398 1753 1462 1779 δέκα
1474 1753 1605 1788 μυριάδας
1617 1752 1794 1787 αἰχμαλώτων
1804 1753 1883 1787 ἠλευ-

1101 1797 1270 1832 θερώκαμεν,
1288 1798 1431 1829 ἀποδόντες
1444 1800 1499 1829 τοῖς
1517 1799 1646 1834 κρατοῦσι
1659 1797 1707 1834 τὴν
1724 1801 1782 1826 κατ’
1803 1799 1882 1832 ἀξίαν

1099 1842 1250 1878 ἀργυρικὴν
1261 1843 1354 1877 τιμὴν,
1366 1843 1548 1878 διορθούμενοι
1566 1845 1612 1870 καὶ
1620 1843 1680 1870 εἴτι
1691 1845 1782 1876 κακὼ
1796 1845 1882 1880 ἐπρά-

1100 1887 1149 1922 χθη
1166 1887 1209 1913 διὰ
1223 1887 1272 1918 τὰς
1287 1887 1339 1914 τῶν
1349 1887 1435 1923 δχλων
1451 1888 1548 1923 ὁρμὰς,
1571 1888 1738 1923 διειληφότες
1763 1889 1882 1921 5136566»;

1099 1933 1176 1959 τοῦτο
1188 1933 1329 1967 πράσσειν,
1344 1934 1391 1960 καὶ
1400 1933 1439 1968 τῷ
1448 1933 1566 1968 μεγίστῳ
1578 1934 1636 1969 Θεῷ
1653 1935 1808 1970 χαριστικὸν
1820 1936 1882 1962 ἁνα-

1099 1978 1201 2010 θέντες,
1215 1978 1244 2010 ὃς
1259 1979 1323 2014 ἡμῖν
1336 1978 1385 2014 τὴν
1402 1979 1539 2013 βασιλείαν
1548 1980 1577 2005 ὲν
1590 1980 1685 2016 εἰρήνῃ
1706 1981 1753 2007 καὶ
1771 1980 1833 2016 δόξῃ
1847 1983 1880 2017 τῇ

1099 2024 1231 2060 κρατίστῃ
1255 2025 1318 2060 παρ’
1347 2024 1411 2059 ὅλην
1425 2024 1474 2059 τὴν
1493 2025 1654 2060 οἰκουμένην
1673 2025 1880 2062 διατετήρηκεν·

1099 2070 1138 2102 εἵς
1156 2079 1185 2096 τε
1197 2070 1227 2097 τὸ
1239 2070 1395 2105 στράτευμα
1406 2071 1468 2102 τοὺς
1484 2071 1681 2106 ἀκμαιοτάτους
1693 2073 1752 2103 ταῖς
1762 2071 1882 2107 ἡλικίαις

1098 2115 1260 2151 τετάχαμεν,
1269 2117 1332 2148 τοὺς
1344 2116 1372 2142 δὲ
1385 2116 1550 2151 δυναμένους
1565 2117 1610 2143 καὶ
1623 2118 1687 2152 περὶ
1705 2118 1779 2153 ἡμᾶς
1799 2115 1879 2150 εἶναι,

1098 2161 1144 2187 καὶ
1156 2162 1218 2193 τοὺς
1229 2161 1292 2197 περὶ
1310 2161 1359 2197 τὴν
1377 2161 1460 2197 αὐλὴν
1486 2162 1602 2193 πίστεως
1619 2162 1710 2196 ἀξίους
1733 2163 1880 2198 ἐπικρίνων

1098 2206 1261 2241 κατέστησα.
1276 2207 1447 2242 Βουλομένων
1457 2207 1485 2233 δὲ
1498 2207 1575 2242 ἡμῶν
1589 2208 1635 2234 καὶ
1652 2207 1692 2234 σοὶ
1707 2208 1878 2243 χαρίζεσθαι,

1098 2252 1143 2278 καὶ
1157 2253 1223 2278 πᾶσι
1238 2253 1294 2283 τοῖς
1313 2252 1383 2279 κατά
1404 2253 1452 2288 τὴν
1471 2253 1634 2288 οἰκουμένην
1662 2253 1806 2286 Ἰουδαίοις,
1832 2253 1880 2280 καὶ

1096 2299 1151 2330 τοῖς
1162 2298 1318 2334 μετέπειτα,
1334 2297 1514 2334 προῃρήμεθα
1527 2298 1573 2325 τὸν
1589 2298 1670 2333 νόμον
1681 2299 1757 2334 ὑμῶν
1779 2299 1878 2334 μεθερ-

1095 2397 1206 2435 σθέντας
1223 2398 1276 2435 ὑπὸ
1291 2398 1411 2435 Περσῶν,
1425 2399 1439 2424 ὁ
1452 2399 1516 2434 ἐμὸς
1532 2399 1622 2435 πατὴρ
1635 2399 1757 2434 ἐτίμησε.

1130 2433 1184 2468 (Μ)
1200 2434 1296 2469 φόϐον
1306 2434 1370 2469 ἔχη.
1384 2433 1525 2461 Consentit
1535 2433 1655 2468 Joseph.,
1671 2433 1713 2461 ἵνα
1728 2436 1782 2466 τοῖς
1795 2434 1878 2469 Αἰγυ-

1095 2466 1183 2499 πτίοις
1196 2466 1247 2494 ὦσι
1262 2466 1382 2503 φοϐεροί.
1407 2468 1504 2496 Excus.
1525 2466 1614 2496 tamen
1634 2470 1773 2501 Aristazas,
1790 2466 1877 2497 inter-

1094 2503 1182 2537 posita
1196 2504 1348 2539 negatione,
1363 2503 1443 2538 φόϐον
1465 2504 1501 2539 μὴ
1525 2504 1573 2539 ἔχῃ
1584 2524 1592 2535 ,
1609 2504 1774 2531 contrarium
1797 2505 1878 2539 plane

1094 2545 1204 2565 sensum
1221 2537 1315 2573 elliciti
1325 2537 1418 2572 parum
1433 2537 1605 2573 meo'judi'cio
1617 2537 1877 2573 probabilemfNam

1094 2572 1140 2609 qui
1157 2573 1263 2609 tandem
1285 2572 1426 2609 Egyptios
1445 2574 1518 2600 omni
1541 2572 1695 2601 Judaeiirum
1719 2579 1791 2600 metu
1809 2574 1876 2600 libe-

1094 2607 1254 2639 rabat,dnm
1264 2615 1311 2635 eos
1328 2607 1354 2634 iu
1371 2608 1436 2634 locis
1452 2616 1533 2642 opere
1548 2609 1655 2643 situque
1673 2608 1874 2640 munitissimis,

1093 2646 1120 2668 et
1142 2647 1217 2669 tanto
1243 2650 1355 2670 numero
1377 2643 1542 2670 collocaret?
1565 2643 1726 2670 Credibilius
1748 2643 1873 2674 omnino.

1093 2676 1265 2712 Ptolemaeum
1282 2677 1476 2712 Lagidem,qui
1501 2678 1536 2704 ab
1560 2678 1703 2705 Alexandri
1729 2677 1804 2705 obitu
1820 2678 1874 2709 pri-

1092 2719 1153 2738 tnus
1167 2711 1312 2746 [Egyptum
1324 2711 1485 2747 occupabat,
1500 2712 1571 2747 quod
1587 2721 1602 2740 a
1619 2713 1794 2740 Macedonum
1809 2713 1874 2740 viri-

1092 2747 1142 2773 bus
1158 2747 1224 2774 satis
1241 2747 1356 2774 fortasse
1369 2751 1479 2781 paratus
1496 2755 1549 2774 non
1570 2753 1652 2779 esset.
1668 2747 1875 2782 Egyptiostne

1091 2781 1154 2816 quid
1173 2787 1299 2808 nascente
1320 2789 1402 2817 regno
1418 2782 1557 2809 turbarum
1573 2781 1808 2817 excitarentfboc
1822 2781 1876 2816 ιιι-γ

1091 2817 1210 2843 dteorum
1236 2821 1307 2844 metu
1333 2816 1459 2844 celtibere
1483 2817 1610 2844 voluisse.
1629 2816 1694 2845 Utut
1710 2817 1874 2851 sit,quam-

1090 2853 1183 2887 obrem
1206 2851 1232 2878 id
1254 2851 1324 2886 apud
1344 2851 1466 2887 Judaeum
1479 2852 1632 2887 pontiﬁcem
1647 2856 1767 2886 negaret,
1782 2859 1875 2880 causa

1090 2886 1155 2912 nihil
1169 2891 1241 2920 erat;
1259 2894 1310 2914 cur
1333 2886 1486 2919 allirmaret,
1500 2894 1564 2914 sane
1575 2887 1732 2922 plurimum.
