  <div class='ocr_page' id='page_1' title='image "/cluster/home/n/w/nwhite01/storage/ocr_20150623/21/njp.32101077772489/330.png"; bbox 0 0 2070 3206; ppageno 0'>
   <div class='ocr_carea' id='block_1_1' title="bbox 209 182 259 209">
    <p class='ocr_par' dir='ltr' id='par_1_1' title="bbox 209 182 259 209">
     <span class='ocr_line' id='line_1_1' title="bbox 209 182 259 209; baseline -0.04 0"><span class='ocrx_word' id='word_1_1' title='bbox 209 182 259 209; x_wconf 72' lang='grc'><strong>593</strong></span> 
     </span>
    </p>
   </div>
   <div class='ocr_carea' id='block_1_2' title="bbox 775 177 1258 207">
    <p class='ocr_par' dir='ltr' id='par_1_2' title="bbox 775 177 1258 207">
     <span class='ocr_line' id='line_1_2' title="bbox 775 177 1258 207; baseline -0.004 -1"><span class='ocrx_word' id='word_1_2' title='bbox 775 178 939 206; x_wconf 67' lang='lat' dir='ltr'><strong>PR/EPAR.</strong></span> <span class='ocrx_word' id='word_1_3' title='bbox 961 178 1086 207; x_wconf 72' lang='lat' dir='ltr'><strong>EVA‘NG.</strong></span> <span class='ocrx_word' id='word_1_4' title='bbox 1108 177 1171 205; x_wconf 84' lang='lat' dir='ltr'><strong>LIB.</strong></span> <span class='ocrx_word' id='word_1_5' title='bbox 1193 177 1258 205; x_wconf 82' lang='lat' dir='ltr'><strong>Vlll.</strong></span> 
     </span>
    </p>
   </div>
   <div class='ocr_carea' id='block_1_3' title="bbox 1783 175 1833 203">
    <p class='ocr_par' dir='ltr' id='par_1_3' title="bbox 1783 175 1833 203">
     <span class='ocr_line' id='line_1_3' title="bbox 1783 175 1833 203; baseline -0.02 0"><span class='ocrx_word' id='word_1_6' title='bbox 1783 175 1833 203; x_wconf 67' lang='grc' dir='ltr'><strong>ὅθί</strong></span> 
     </span>
    </p>
   </div>
   <div class='ocr_carea' id='block_1_4' title="bbox 208 232 999 275">
    <p class='ocr_par' dir='ltr' id='par_1_4' title="bbox 208 236 994 275">
     <span class='ocr_line' id='line_1_4' title="bbox 208 236 994 275; baseline -0.004 -9"><span class='ocrx_word' id='word_1_7' title='bbox 208 238 373 275; x_wconf 79' lang='grc' dir='ltr'>μηνευθῆναι</span> <span class='ocrx_word' id='word_1_8' title='bbox 387 238 546 274; x_wconf 75' lang='grc' dir='ltr'>γράμμασιν</span> <span class='ocrx_word' id='word_1_9' title='bbox 563 236 727 272; x_wconf 50' lang='grc' dir='ltr'>Ἐηηνικοῖς</span> <span class='ocrx_word' id='word_1_10' title='bbox 740 237 771 263; x_wconf 80' lang='grc' dir='ltr'>ὲκ</span> <span class='ocrx_word' id='word_1_11' title='bbox 788 237 842 264; x_wconf 86' lang='grc' dir='ltr'>τῶν</span> <span class='ocrx_word' id='word_1_12' title='bbox 856 238 917 272; x_wconf 79' lang='grc' dir='ltr'>παρ’</span> <span class='ocrx_word' id='word_1_13' title='bbox 931 237 994 272; x_wconf 83' lang='grc' dir='ltr'>ὑμῖν</span> 
     </span>
    </p>
   </div>
   <div class='ocr_carea' id='block_1_5' title="bbox 1049 232 1834 275">
    <p class='ocr_par' dir='ltr' id='par_1_5' title="bbox 1049 232 1834 272">
     <span class='ocr_line' id='line_1_5' title="bbox 1049 232 1834 272; baseline -0.005 -9"><span class='ocrx_word' id='word_1_14' title='bbox 1049 245 1133 272; x_wconf 86' lang='lat' dir='ltr'><strong>osque</strong></span> <span class='ocrx_word' id='word_1_15' title='bbox 1152 237 1234 264; x_wconf 88' lang='lat' dir='ltr'><strong>simul</strong></span> <span class='ocrx_word' id='word_1_16' title='bbox 1249 244 1359 270; x_wconf 84' lang='lat' dir='ltr'><strong>omnes,</strong></span> <span class='ocrx_word' id='word_1_17' title='bbox 1376 243 1432 264; x_wconf 88' lang='lat' dir='ltr'><strong>tum</strong></span> <span class='ocrx_word' id='word_1_18' title='bbox 1442 236 1488 271; x_wconf 88' lang='lat' dir='ltr'><strong>qui</strong></span> <span class='ocrx_word' id='word_1_19' title='bbox 1503 239 1558 263; x_wconf 86' lang='lat' dir='ltr'><strong>toto</strong></span> <span class='ocrx_word' id='word_1_20' title='bbox 1580 242 1653 262; x_wconf 88' lang='lat' dir='ltr'><strong>nunc</strong></span> <span class='ocrx_word' id='word_1_21' title='bbox 1666 233 1732 260; x_wconf 83' lang='lat' dir='ltr'><strong>orbe</strong></span> <span class='ocrx_word' id='word_1_22' title='bbox 1742 232 1834 260; x_wconf 79' lang='lat' dir='ltr'><strong>diﬂ‘usi</strong></span> 
     </span>
    </p>
   </div>
   <div class='ocr_carea' id='block_1_6' title="bbox 211 282 994 320">
    <p class='ocr_par' dir='ltr' id='par_1_6' title="bbox 211 282 994 320">
     <span class='ocr_line' id='line_1_6' title="bbox 211 282 994 320; baseline -0.003 -9"><span class='ocrx_word' id='word_1_23' title='bbox 211 284 364 320; x_wconf 76' lang='grc' dir='ltr'>Ἑϐραϊκῶν</span> <span class='ocrx_word' id='word_1_24' title='bbox 389 283 542 319; x_wconf 81' lang='grc' dir='ltr'>λεγομένων</span> <span class='ocrx_word' id='word_1_25' title='bbox 563 282 745 318; x_wconf 79' lang='grc' dir='ltr'><strong>γραμμάτων,</strong></span> <span class='ocrx_word' id='word_1_26' title='bbox 769 283 800 309; x_wconf 84' lang='grc' dir='ltr'><strong>ἶν’</strong></span> <span class='ocrx_word' id='word_1_27' title='bbox 816 282 925 319; x_wconf 75' lang='grc' dir='ltr'>ὑπάρχῃ</span> <span class='ocrx_word' id='word_1_28' title='bbox 947 283 994 309; x_wconf 63' lang='grc' dir='ltr'><strong>κοιλ⁵</strong></span> 
     </span>
    </p>
   </div>
   <div class='ocr_carea' id='block_1_7' title="bbox 205 327 994 365">
    <p class='ocr_par' dir='ltr' id='par_1_7' title="bbox 205 327 994 365">
     <span class='ocr_line' id='line_1_7' title="bbox 205 327 994 365; baseline -0.004 -8"><span class='ocrx_word' id='word_1_29' title='bbox 205 329 291 358; x_wconf 77' lang='grc' dir='ltr'>ταῦτα</span> <span class='ocrx_word' id='word_1_30' title='bbox 304 329 368 365; x_wconf 82' lang='grc' dir='ltr'>παρ’</span> <span class='ocrx_word' id='word_1_31' title='bbox 385 330 450 365; x_wconf 84' lang='grc' dir='ltr'>ἡμῖν</span> <span class='ocrx_word' id='word_1_32' title='bbox 462 329 491 356; x_wconf 82' lang='grc' dir='ltr'>ὲν</span> <span class='ocrx_word' id='word_1_33' title='bbox 511 327 670 364; x_wconf 75' lang='grc' dir='ltr'>βιϐλιοθήκῃ</span> <span class='ocrx_word' id='word_1_34' title='bbox 683 328 731 355; x_wconf 69' lang='grc' dir='ltr'><strong>σὺν</strong></span> <span class='ocrx_word' id='word_1_35' title='bbox 742 330 797 360; x_wconf 76' lang='grc' dir='ltr'>τοῖς</span> <span class='ocrx_word' id='word_1_36' title='bbox 810 329 899 360; x_wconf 81' lang='grc' dir='ltr'>ἄλλοις</span> <span class='ocrx_word' id='word_1_37' title='bbox 916 328 994 364; x_wconf 89' lang='grc' dir='ltr'>βασι-</span> 
     </span>
    </p>
   </div>
   <div class='ocr_carea' id='block_1_8' title="bbox 205 373 994 411">
    <p class='ocr_par' dir='ltr' id='par_1_8' title="bbox 205 373 994 411">
     <span class='ocr_line' id='line_1_8' title="bbox 205 373 994 411; baseline -0.003 -8"><span class='ocrx_word' id='word_1_38' title='bbox 205 376 290 408; x_wconf 86' lang='grc' dir='ltr'>λικοῖς</span> <span class='ocrx_word' id='word_1_39' title='bbox 309 375 432 411; x_wconf 76' lang='grc' dir='ltr'>βιϐλίοις.</span> <span class='ocrx_word' id='word_1_40' title='bbox 447 375 544 406; x_wconf 81' lang='grc' dir='ltr'>Καλῶς</span> <span class='ocrx_word' id='word_1_41' title='bbox 557 373 604 402; x_wconf 84' lang='grc' dir='ltr'>οὖν</span> <span class='ocrx_word' id='word_1_42' title='bbox 620 375 751 410; x_wconf 79' lang='grc' dir='ltr'><strong>ποιήσεις,</strong></span> <span class='ocrx_word' id='word_1_43' title='bbox 767 376 812 402; x_wconf 79' lang='grc' dir='ltr'><strong>καὶ</strong></span> <span class='ocrx_word' id='word_1_44' title='bbox 826 375 876 410; x_wconf 81' lang='grc' dir='ltr'>τῆς</span> <span class='ocrx_word' id='word_1_45' title='bbox 894 375 994 411; x_wconf 82' lang='grc' dir='ltr'>ἡμετέ-</span> 
     </span>
    </p>
   </div>
   <div class='ocr_carea' id='block_1_9' title="bbox 207 420 996 460">
    <p class='ocr_par' dir='ltr' id='par_1_9' title="bbox 207 420 996 460">
     <span class='ocr_line' id='line_1_9' title="bbox 207 420 996 460; baseline 0 -12"><span class='ocrx_word' id='word_1_46' title='bbox 207 431 258 460; x_wconf 79' lang='grc' dir='ltr'><strong>ρας</strong></span> <span class='ocrx_word' id='word_1_47' title='bbox 271 422 389 457; x_wconf 78' lang='grc' dir='ltr'><strong>σπουδῆς</strong></span> <span class='ocrx_word' id='word_1_48' title='bbox 402 421 494 454; x_wconf 79' lang='grc' dir='ltr'>ἀξίως,</span> <span class='ocrx_word' id='word_1_49' title='bbox 509 420 635 454; x_wconf 75' lang='grc' dir='ltr'><strong>ἐπιλέξας</strong></span> <span class='ocrx_word' id='word_1_50' title='bbox 647 421 746 457; x_wconf 83' lang='grc' dir='ltr'>ἄνδρας</span> <span class='ocrx_word' id='word_1_51' title='bbox 760 421 849 452; x_wconf 80' lang='grc' dir='ltr'>καλῶς</span> <span class='ocrx_word' id='word_1_52' title='bbox 868 421 996 456; x_wconf 80' lang='grc' dir='ltr'>βεϐιωκό-</span> 
     </span>
    </p>
   </div>
   <div class='ocr_carea' id='block_1_10' title="bbox 205 466 996 505">
    <p class='ocr_par' dir='ltr' id='par_1_10' title="bbox 205 466 996 505">
     <span class='ocr_line' id='line_1_10' title="bbox 205 466 996 505; baseline -0.004 -9"><span class='ocrx_word' id='word_1_53' title='bbox 205 477 265 502; x_wconf 83' lang='grc' dir='ltr'>τας,</span> <span class='ocrx_word' id='word_1_54' title='bbox 279 467 489 505; x_wconf 79' lang='grc' dir='ltr'>πρεσῦυτέρους,</span> <span class='ocrx_word' id='word_1_55' title='bbox 503 467 648 503; x_wconf 79' lang='grc' dir='ltr'><strong>ἐμπειρίαν</strong></span> <span class='ocrx_word' id='word_1_56' title='bbox 660 466 770 502; x_wconf 77' lang='grc' dir='ltr'>ἔχοντας</span> <span class='ocrx_word' id='word_1_57' title='bbox 782 467 828 493; x_wconf 81' lang='grc' dir='ltr'>τοῦ</span> <span class='ocrx_word' id='word_1_58' title='bbox 842 467 934 502; x_wconf 83' lang='grc' dir='ltr'>νόμου,</span> <span class='ocrx_word' id='word_1_59' title='bbox 949 467 996 494; x_wconf 77' lang='grc' dir='ltr'>καὶ</span> 
     </span>
    </p>
   </div>
   <div class='ocr_carea' id='block_1_11' title="bbox 202 513 995 550">
    <p class='ocr_par' dir='ltr' id='par_1_11' title="bbox 202 513 995 550">
     <span class='ocr_line' id='line_1_11' title="bbox 202 513 995 550; baseline -0.004 -8"><span class='ocrx_word' id='word_1_60' title='bbox 202 515 334 546; x_wconf 75' lang='grc' dir='ltr'>δυνατοὺς</span> <span class='ocrx_word' id='word_1_61' title='bbox 358 513 543 550; x_wconf 73' lang='grc' dir='ltr'>ἑρμηνεῦσαι,</span> <span class='ocrx_word' id='word_1_62' title='bbox 563 514 610 548; x_wconf 76' lang='grc' dir='ltr'><strong>ἀφ’</strong></span> <span class='ocrx_word' id='word_1_63' title='bbox 628 513 745 549; x_wconf 79' lang='grc' dir='ltr'>ἑκάστης</span> <span class='ocrx_word' id='word_1_64' title='bbox 758 513 844 549; x_wconf 75' lang='grc' dir='ltr'>φυλῆς</span> <span class='ocrx_word' id='word_1_65' title='bbox 856 513 896 547; x_wconf 79' lang='grc' dir='ltr'><strong>ἓξ,</strong></span> <span class='ocrx_word' id='word_1_66' title='bbox 921 514 995 545; x_wconf 75' lang='grc' dir='ltr'>ὅπως</span> 
     </span>
    </p>
   </div>
   <div class='ocr_carea' id='block_1_12' title="bbox 205 559 995 596">
    <p class='ocr_par' dir='ltr' id='par_1_12' title="bbox 205 559 995 596">
     <span class='ocr_line' id='line_1_12' title="bbox 205 559 995 596; baseline -0.003 -8"><span class='ocrx_word' id='word_1_67' title='bbox 205 563 236 588; x_wconf 79' lang='grc' dir='ltr'>ἐκ</span> <span class='ocrx_word' id='word_1_68' title='bbox 256 561 311 588; x_wconf 86' lang='grc' dir='ltr'><strong>τῶν</strong></span> <span class='ocrx_word' id='word_1_69' title='bbox 330 560 460 587; x_wconf 86' lang='grc' dir='ltr'>πλειόνων</span> <span class='ocrx_word' id='word_1_70' title='bbox 481 560 511 587; x_wconf 83' lang='grc' dir='ltr'>τὸ</span> <span class='ocrx_word' id='word_1_71' title='bbox 536 559 680 595; x_wconf 81' lang='grc' dir='ltr'><strong>σύμφωνον</strong></span> <span class='ocrx_word' id='word_1_72' title='bbox 694 560 802 596; x_wconf 63' lang='grc' dir='ltr'>εὑρεθῇ,</span> <span class='ocrx_word' id='word_1_73' title='bbox 816 559 861 586; x_wconf 79' lang='grc' dir='ltr'><strong>διὰ</strong></span> <span class='ocrx_word' id='word_1_74' title='bbox 885 560 915 586; x_wconf 80' lang='grc' dir='ltr'>τὸ</span> <span class='ocrx_word' id='word_1_75' title='bbox 932 560 995 595; x_wconf 78' lang='grc' dir='ltr'>περὶ</span> 
     </span>
    </p>
   </div>
   <div class='ocr_carea' id='block_1_13' title="bbox 206 605 996 643">
    <p class='ocr_par' dir='ltr' id='par_1_13' title="bbox 206 605 996 643">
     <span class='ocr_line' id='line_1_13' title="bbox 206 605 996 643; baseline -0.003 -9"><span class='ocrx_word' id='word_1_76' title='bbox 206 607 337 643; x_wconf 77' lang='grc' dir='ltr'>μειζόνων</span> <span class='ocrx_word' id='word_1_77' title='bbox 347 605 415 633; x_wconf 78' lang='grc' dir='ltr'>εἶναι</span> <span class='ocrx_word' id='word_1_78' title='bbox 428 606 476 642; x_wconf 83' lang='grc' dir='ltr'>τὴν</span> <span class='ocrx_word' id='word_1_79' title='bbox 487 606 592 641; x_wconf 68' lang='grc' dir='ltr'>σκέψιν.</span> <span class='ocrx_word' id='word_1_80' title='bbox 604 605 724 641; x_wconf 82' lang='grc' dir='ltr'>Οίόμεοα</span> <span class='ocrx_word' id='word_1_81' title='bbox 735 607 800 642; x_wconf 72' lang='grc' dir='ltr'>γὰρ,</span> <span class='ocrx_word' id='word_1_82' title='bbox 812 605 996 633; x_wconf 75' lang='grc' dir='ltr'>ἐπιτελεσθέν-</span> 
     </span>
    </p>
   </div>
   <div class='ocr_carea' id='block_1_14' title="bbox 203 651 996 688">
    <p class='ocr_par' dir='ltr' id='par_1_14' title="bbox 203 651 996 688">
     <span class='ocr_line' id='line_1_14' title="bbox 203 651 996 688; baseline -0.003 -8"><span class='ocrx_word' id='word_1_83' title='bbox 203 662 250 685; x_wconf 79' lang='grc' dir='ltr'><strong>τος</strong></span> <span class='ocrx_word' id='word_1_84' title='bbox 265 652 370 685; x_wconf 77' lang='grc' dir='ltr'>τούτου,</span> <span class='ocrx_word' id='word_1_85' title='bbox 391 652 510 688; x_wconf 81' lang='grc' dir='ltr'><strong>μεγάλην</strong></span> <span class='ocrx_word' id='word_1_86' title='bbox 525 651 686 679; x_wconf 67' lang='grc' dir='ltr'><strong>ἀποίσεσθαι</strong></span> <span class='ocrx_word' id='word_1_87' title='bbox 702 652 789 684; x_wconf 81' lang='grc' dir='ltr'>δόξαν.</span> <span class='ocrx_word' id='word_1_88' title='bbox 811 652 996 678; x_wconf 80' lang='grc' dir='ltr'>Ἀπεστάλκα-</span> 
     </span>
    </p>
   </div>
   <div class='ocr_carea' id='block_1_15' title="bbox 205 697 994 734">
    <p class='ocr_par' dir='ltr' id='par_1_15' title="bbox 205 697 994 734">
     <span class='ocr_line' id='line_1_15' title="bbox 205 697 994 734; baseline -0.001 -9"><span class='ocrx_word' id='word_1_89' title='bbox 205 708 254 734; x_wconf 83' lang='grc' dir='ltr'><strong>μεν</strong></span> <span class='ocrx_word' id='word_1_90' title='bbox 269 699 298 725; x_wconf 84' lang='grc' dir='ltr'><strong>δὲ</strong></span> <span class='ocrx_word' id='word_1_91' title='bbox 310 699 374 734; x_wconf 75' lang='grc' dir='ltr'>περὶ</span> <span class='ocrx_word' id='word_1_92' title='bbox 387 698 490 724; x_wconf 82' lang='grc' dir='ltr'>τούτων</span> <span class='ocrx_word' id='word_1_93' title='bbox 514 698 641 734; x_wconf 81' lang='grc' dir='ltr'>Ἀνδρέαν</span> <span class='ocrx_word' id='word_1_94' title='bbox 657 697 711 724; x_wconf 83' lang='grc' dir='ltr'>τῶν</span> <span class='ocrx_word' id='word_1_95' title='bbox 732 697 994 734; x_wconf 78' lang='grc' dir='ltr'>ἀρχισωματοφυλά-</span> 
     </span>
    </p>
   </div>
   <div class='ocr_carea' id='block_1_16' title="bbox 204 743 994 780">
    <p class='ocr_par' dir='ltr' id='par_1_16' title="bbox 204 743 994 780">
     <span class='ocr_line' id='line_1_16' title="bbox 204 743 994 780; baseline 0 -9"><span class='ocrx_word' id='word_1_96' title='bbox 204 753 260 771; x_wconf 85' lang='grc' dir='ltr'><strong>κων</strong></span> <span class='ocrx_word' id='word_1_97' title='bbox 281 744 335 780; x_wconf 68' lang='grc'><strong>(42)</strong></span> <span class='ocrx_word' id='word_1_98' title='bbox 353 744 401 770; x_wconf 78' lang='grc' dir='ltr'><strong>καὶ</strong></span> <span class='ocrx_word' id='word_1_99' title='bbox 424 744 576 780; x_wconf 82' lang='grc' dir='ltr'>’Δρισταῖον</span> <span class='ocrx_word' id='word_1_100' title='bbox 591 763 598 776; x_wconf 83' lang='grc'><em>,</em></span> <span class='ocrx_word' id='word_1_101' title='bbox 630 743 802 779; x_wconf 79' lang='grc' dir='ltr'><strong>τιμωμένους</strong></span> <span class='ocrx_word' id='word_1_102' title='bbox 825 745 890 779; x_wconf 82' lang='grc' dir='ltr'>παρ’</span> <span class='ocrx_word' id='word_1_103' title='bbox 919 745 994 780; x_wconf 76' lang='grc' dir='ltr'>ἡμῖν,</span> 
     </span>
    </p>
   </div>
   <div class='ocr_carea' id='block_1_17' title="bbox 203 790 996 826">
    <p class='ocr_par' dir='ltr' id='par_1_17' title="bbox 203 790 996 826">
     <span class='ocr_line' id='line_1_17' title="bbox 203 790 996 826; baseline 0 -8"><span class='ocrx_word' id='word_1_104' title='bbox 203 790 408 826; x_wconf 80' lang='grc' dir='ltr'>διαλεξομένους</span> <span class='ocrx_word' id='word_1_105' title='bbox 424 799 482 822; x_wconf 87' lang='grc' dir='ltr'>σοι,</span> <span class='ocrx_word' id='word_1_106' title='bbox 506 791 554 818; x_wconf 60' lang='grc' dir='ltr'><strong>καὶ¹</strong></span> <span class='ocrx_word' id='word_1_107' title='bbox 576 790 739 826; x_wconf 77' lang='grc' dir='ltr'>κομίζοντας</span> <span class='ocrx_word' id='word_1_108' title='bbox 760 791 886 826; x_wconf 73' lang='grc' dir='ltr'>ἀπαρχὰς</span> <span class='ocrx_word' id='word_1_109' title='bbox 913 792 953 822; x_wconf 77' lang='grc' dir='ltr'><strong>εἰς</strong></span> <span class='ocrx_word' id='word_1_110' title='bbox 965 792 996 818; x_wconf 82' lang='grc' dir='ltr'>τὸ</span> 
     </span>
    </p>
   </div>
   <div class='ocr_carea' id='block_1_18' title="bbox 203 836 995 873">
    <p class='ocr_par' dir='ltr' id='par_1_18' title="bbox 203 836 995 873">
     <span class='ocr_line' id='line_1_18' title="bbox 203 836 995 873; baseline -0.001 -10"><span class='ocrx_word' id='word_1_111' title='bbox 203 837 277 873; x_wconf 73' lang='grc' dir='ltr'>ἱερὸν</span> <span class='ocrx_word' id='word_1_112' title='bbox 291 837 483 872; x_wconf 79' lang='grc' dir='ltr'>ἀναθημάτων,</span> <span class='ocrx_word' id='word_1_113' title='bbox 495 837 541 864; x_wconf 74' lang='grc' dir='ltr'>καὶ</span> <span class='ocrx_word' id='word_1_114' title='bbox 555 838 594 869; x_wconf 81' lang='grc' dir='ltr'><strong>εἰς</strong></span> <span class='ocrx_word' id='word_1_115' title='bbox 605 837 700 868; x_wconf 78' lang='grc' dir='ltr'>θυσίας</span> <span class='ocrx_word' id='word_1_116' title='bbox 714 836 761 863; x_wconf 82' lang='grc' dir='ltr'><strong>καί</strong></span> <span class='ocrx_word' id='word_1_117' title='bbox 773 837 807 863; x_wconf 78' lang='grc' dir='ltr'>τὰ</span> <span class='ocrx_word' id='word_1_118' title='bbox 819 837 897 870; x_wconf 71' lang='grc' dir='ltr'>ἄλλα,</span> <span class='ocrx_word' id='word_1_119' title='bbox 911 837 995 872; x_wconf 79' lang='grc' dir='ltr'>ἀργυ-</span> 
     </span>
    </p>
   </div>
   <div class='ocr_carea' id='block_1_19' title="bbox 205 883 996 920">
    <p class='ocr_par' dir='ltr' id='par_1_19' title="bbox 205 883 996 920">
     <span class='ocr_line' id='line_1_19' title="bbox 205 883 996 920; baseline 0.001 -10"><span class='ocrx_word' id='word_1_120' title='bbox 205 884 264 920; x_wconf 79' lang='grc' dir='ltr'>ρίου</span> <span class='ocrx_word' id='word_1_121' title='bbox 276 884 394 911; x_wconf 84' lang='grc' dir='ltr'>τάλαντα</span> <span class='ocrx_word' id='word_1_122' title='bbox 404 884 510 910; x_wconf 77' lang='grc' dir='ltr'>ἑκατόν.</span> <span class='ocrx_word' id='word_1_123' title='bbox 527 884 618 919; x_wconf 76' lang='grc' dir='ltr'>Γράφε</span> <span class='ocrx_word' id='word_1_124' title='bbox 632 884 678 910; x_wconf 75' lang='grc' dir='ltr'>καὶ</span> <span class='ocrx_word' id='word_1_125' title='bbox 696 884 727 910; x_wconf 71' lang='grc' dir='ltr'>σὺ</span> <span class='ocrx_word' id='word_1_126' title='bbox 752 883 820 920; x_wconf 82' lang='grc' dir='ltr'>πρὸς</span> <span class='ocrx_word' id='word_1_127' title='bbox 844 885 917 919; x_wconf 75' lang='grc' dir='ltr'>ἡμᾶς</span> <span class='ocrx_word' id='word_1_128' title='bbox 932 885 996 920; x_wconf 73' lang='grc' dir='ltr'>περὶ</span> 
     </span>
    </p>
   </div>
   <div class='ocr_carea' id='block_1_20' title="bbox 203 928 996 967">
    <p class='ocr_par' dir='ltr' id='par_1_20' title="bbox 203 928 996 967">
     <span class='ocr_line' id='line_1_20' title="bbox 203 928 996 967; baseline 0 -9"><span class='ocrx_word' id='word_1_129' title='bbox 203 928 242 958; x_wconf 84' lang='grc' dir='ltr'>ὧν</span> <span class='ocrx_word' id='word_1_130' title='bbox 258 931 291 957; x_wconf 86' lang='grc' dir='ltr'>ἂν</span> <span class='ocrx_word' id='word_1_131' title='bbox 304 929 400 967; x_wconf 73' lang='grc' dir='ltr'>βούλῃο</span> <span class='ocrx_word' id='word_1_132' title='bbox 418 930 614 966; x_wconf 77' lang='grc' dir='ltr'>κεχαρισμένος</span> <span class='ocrx_word' id='word_1_133' title='bbox 625 930 747 967; x_wconf 73' lang='grc' dir='ltr'>γὰρὲσῃ,</span> <span class='ocrx_word' id='word_1_134' title='bbox 758 930 806 957; x_wconf 77' lang='grc' dir='ltr'>καὶ</span> <span class='ocrx_word' id='word_1_135' title='bbox 819 930 909 965; x_wconf 80' lang='grc' dir='ltr'>φιλίας</span> <span class='ocrx_word' id='word_1_136' title='bbox 923 930 996 963; x_wconf 79' lang='grc' dir='ltr'>ἄξιόν</span> 
     </span>
    </p>
   </div>
   <div class='ocr_carea' id='block_1_21' title="bbox 205 975 997 1012">
    <p class='ocr_par' dir='ltr' id='par_1_21' title="bbox 205 975 997 1012">
     <span class='ocr_line' id='line_1_21' title="bbox 205 975 997 1012; baseline -0.001 -9"><span class='ocrx_word' id='word_1_137' title='bbox 205 985 229 1004; x_wconf 82' lang='grc' dir='ltr'><strong>τι</strong></span> <span class='ocrx_word' id='word_1_138' title='bbox 247 976 359 1012; x_wconf 80' lang='grc' dir='ltr'>πράξεις</span> <span class='ocrx_word' id='word_1_139' title='bbox 369 984 375 991; x_wconf 94' lang='grc'><strong>·</strong></span> <span class='ocrx_word' id='word_1_140' title='bbox 389 976 427 1007; x_wconf 79' lang='grc' dir='ltr'>ὡς</span> <span class='ocrx_word' id='word_1_141' title='bbox 436 975 721 1011; x_wconf 68' lang='grc' dir='ltr'>ἐπιτελεσθησομένων</span> <span class='ocrx_word' id='word_1_142' title='bbox 734 975 784 1011; x_wconf 79' lang='grc' dir='ltr'>τὴν</span> <span class='ocrx_word' id='word_1_143' title='bbox 795 975 925 1011; x_wconf 78' lang='grc' dir='ltr'><strong>ταχίστην</strong></span> <span class='ocrx_word' id='word_1_144' title='bbox 933 977 997 1012; x_wconf 78' lang='grc' dir='ltr'>περὶ</span> 
     </span>
    </p>
   </div>
   <div class='ocr_carea' id='block_1_22' title="bbox 204 1019 998 1059">
    <p class='ocr_par' dir='ltr' id='par_1_22' title="bbox 204 1019 998 1059">
     <span class='ocr_line' id='line_1_22' title="bbox 204 1019 998 1059; baseline -0.003 -9"><span class='ocrx_word' id='word_1_145' title='bbox 204 1019 242 1050; x_wconf 62' lang='grc' dir='ltr'>ὧν</span> <span class='ocrx_word' id='word_1_146' title='bbox 249 1023 282 1050; x_wconf 80' lang='grc' dir='ltr'>ἂν</span> <span class='ocrx_word' id='word_1_147' title='bbox 293 1024 368 1059; x_wconf 82' lang='grc' dir='ltr'>αἱρῇ.</span> <span class='ocrx_word' id='word_1_148' title='bbox 379 1024 513 1059; x_wconf 73' lang='grc' dir='ltr'>Ἔρρωσθ.</span> <span class='ocrx_word' id='word_1_149' title='bbox 521 1033 530 1049; x_wconf 70' lang='grc' dir='ltr'><strong>ι</strong></span> <span class='ocrx_word' id='word_1_150' title='bbox 543 1023 613 1058; x_wconf 79' lang='grc' dir='ltr'>Πρὸς</span> <span class='ocrx_word' id='word_1_151' title='bbox 621 1022 706 1049; x_wconf 76' lang='grc' dir='ltr'>ταῦτα</span> <span class='ocrx_word' id='word_1_152' title='bbox 720 1021 888 1058; x_wconf 78' lang='grc' dir='ltr'>ἀντέγραψεν</span> <span class='ocrx_word' id='word_1_153' title='bbox 895 1022 998 1057; x_wconf 77' lang='grc' dir='ltr'>ἐνδεχο-</span> 
     </span>
    </p>
   </div>
   <div class='ocr_carea' id='block_1_23' title="bbox 205 1069 686 1105">
    <p class='ocr_par' dir='ltr' id='par_1_23' title="bbox 205 1069 686 1105">
     <span class='ocr_line' id='line_1_23' title="bbox 205 1069 686 1105; baseline -0.002 -9"><span class='ocrx_word' id='word_1_154' title='bbox 205 1069 295 1104; x_wconf 86' lang='grc' dir='ltr'>μένως</span> <span class='ocrx_word' id='word_1_155' title='bbox 315 1069 371 1104; x_wconf 70' lang='grc'>(45)</span> <span class='ocrx_word' id='word_1_156' title='bbox 383 1071 398 1096; x_wconf 84' lang='grc' dir='ltr'>ὁ</span> <span class='ocrx_word' id='word_1_157' title='bbox 419 1069 577 1105; x_wconf 77' lang='grc' dir='ltr'>Ἐλεάζαρος</span> <span class='ocrx_word' id='word_1_158' title='bbox 590 1069 686 1100; x_wconf 75' lang='grc' dir='ltr'>οὕτως.</span> 
     </span>
    </p>
   </div>
   <div class='ocr_carea' id='block_1_24' title="bbox 1046 279 1835 317">
    <p class='ocr_par' dir='ltr' id='par_1_24' title="bbox 1046 279 1835 317">
     <span class='ocr_line' id='line_1_24' title="bbox 1046 279 1835 317; baseline -0.006 -7"><span class='ocrx_word' id='word_1_159' title='bbox 1046 283 1156 316; x_wconf 82' lang='lat' dir='ltr'><strong>vivunt,</strong></span> <span class='ocrx_word' id='word_1_160' title='bbox 1170 286 1227 310; x_wconf 89' lang='lat' dir='ltr'><strong>tum</strong></span> <span class='ocrx_word' id='word_1_161' title='bbox 1255 282 1302 317; x_wconf 88' lang='lat' dir='ltr'><strong>qui</strong></span> <span class='ocrx_word' id='word_1_162' title='bbox 1327 282 1457 317; x_wconf 81' lang='lat' dir='ltr'><strong>deinceps</strong></span> <span class='ocrx_word' id='word_1_163' title='bbox 1477 281 1562 308; x_wconf 88' lang='lat' dir='ltr'><strong>futuri</strong></span> <span class='ocrx_word' id='word_1_164' title='bbox 1582 285 1663 313; x_wconf 87' lang='lat' dir='ltr'><strong>sunt,</strong></span> <span class='ocrx_word' id='word_1_165' title='bbox 1682 279 1774 307; x_wconf 84' lang='lat' dir='ltr'><strong>animo</strong></span> <span class='ocrx_word' id='word_1_166' title='bbox 1803 287 1835 306; x_wconf 85' lang='lat' dir='ltr'><strong>ac</strong></span> 
     </span>
    </p>
   </div>
   <div class='ocr_carea' id='block_1_25' title="bbox 1047 325 1834 363">
    <p class='ocr_par' dir='ltr' id='par_1_25' title="bbox 1047 325 1834 363">
     <span class='ocr_line' id='line_1_25' title="bbox 1047 325 1834 363; baseline -0.005 -7"><span class='ocrx_word' id='word_1_167' title='bbox 1047 329 1145 361; x_wconf 85' lang='lat' dir='ltr'><strong>studio,</strong></span> <span class='ocrx_word' id='word_1_168' title='bbox 1159 329 1311 356; x_wconf 87' lang='lat' dir='ltr'><strong>curandum</strong></span> <span class='ocrx_word' id='word_1_169' title='bbox 1322 329 1348 356; x_wconf 90' lang='lat' dir='ltr'><strong>id</strong></span> <span class='ocrx_word' id='word_1_170' title='bbox 1358 329 1436 357; x_wconf 90' lang='lat' dir='ltr'><strong>nobis</strong></span> <span class='ocrx_word' id='word_1_171' title='bbox 1463 327 1651 363; x_wconf 78' lang='lat' dir='ltr'><strong>agendutnque</strong></span> <span class='ocrx_word' id='word_1_172' title='bbox 1671 325 1834 358; x_wconf 83' lang='lat' dir='ltr'><strong>statuimus,</strong></span> 
     </span>
    </p>
   </div>
   <div class='ocr_carea' id='block_1_26' title="bbox 1046 371 1834 410">
    <p class='ocr_par' dir='ltr' id='par_1_26' title="bbox 1046 371 1834 410">
     <span class='ocr_line' id='line_1_26' title="bbox 1046 371 1834 410; baseline -0.006 -7"><span class='ocrx_word' id='word_1_173' title='bbox 1046 375 1086 403; x_wconf 86' lang='lat' dir='ltr'><strong>uti</strong></span> <span class='ocrx_word' id='word_1_174' title='bbox 1097 376 1139 402; x_wconf 82' lang='lat' dir='ltr'><strong>lex</strong></span> <span class='ocrx_word' id='word_1_175' title='bbox 1151 379 1240 402; x_wconf 86' lang='lat' dir='ltr'><strong>vestra</strong></span> <span class='ocrx_word' id='word_1_176' title='bbox 1253 395 1260 407; x_wconf 89' lang='lat'><strong>,</strong></span> <span class='ocrx_word' id='word_1_177' title='bbox 1275 382 1308 402; x_wconf 79' lang='lat' dir='ltr'><strong>ex</strong></span> <span class='ocrx_word' id='word_1_178' title='bbox 1319 383 1351 402; x_wconf 90' lang='lat' dir='ltr'><strong>ea</strong></span> <span class='ocrx_word' id='word_1_179' title='bbox 1364 395 1370 408; x_wconf 94' lang='lat'><strong>,</strong></span> <span class='ocrx_word' id='word_1_180' title='bbox 1390 382 1473 410; x_wconf 87' lang='lat' dir='ltr'><strong>quam</strong></span> <span class='ocrx_word' id='word_1_181' title='bbox 1490 373 1650 401; x_wconf 77' lang='lat' dir='ltr'><strong>llebraicatn</strong></span> <span class='ocrx_word' id='word_1_182' title='bbox 1673 371 1814 407; x_wconf 75' lang='lat' dir='ltr'><strong>appellatis</strong></span> <span class='ocrx_word' id='word_1_183' title='bbox 1827 391 1834 404; x_wconf 89' lang='lat'><strong>,</strong></span> 
     </span>
    </p>
   </div>
   <div class='ocr_carea' id='block_1_27' title="bbox 1046 419 1834 457">
    <p class='ocr_par' dir='ltr' id='par_1_27' title="bbox 1046 419 1834 457">
     <span class='ocr_line' id='line_1_27' title="bbox 1046 419 1834 457; baseline -0.006 -8"><span class='ocrx_word' id='word_1_184' title='bbox 1046 422 1168 450; x_wconf 61' lang='lat' dir='ltr'><strong>Graecam</strong></span> <span class='ocrx_word' id='word_1_185' title='bbox 1182 421 1208 448; x_wconf 92' lang='lat' dir='ltr'><strong>in</strong></span> <span class='ocrx_word' id='word_1_186' title='bbox 1223 421 1342 457; x_wconf 79' lang='lat' dir='ltr'><strong>linguam</strong></span> <span class='ocrx_word' id='word_1_187' title='bbox 1358 425 1547 452; x_wconf 84' lang='lat' dir='ltr'><strong>convertatur,</strong></span> <span class='ocrx_word' id='word_1_188' title='bbox 1564 419 1645 446; x_wconf 92' lang='lat' dir='ltr'><strong>utilla</strong></span> <span class='ocrx_word' id='word_1_189' title='bbox 1658 426 1720 445; x_wconf 89' lang='lat' dir='ltr'><strong>cum</strong></span> <span class='ocrx_word' id='word_1_190' title='bbox 1730 419 1834 445; x_wconf 68' lang='lat' dir='ltr'><strong>caeteris</strong></span> 
     </span>
    </p>
   </div>
   <div class='ocr_carea' id='block_1_28' title="bbox 1046 463 1834 502">
    <p class='ocr_par' dir='ltr' id='par_1_28' title="bbox 1046 463 1834 502">
     <span class='ocr_line' id='line_1_28' title="bbox 1046 463 1834 502; baseline -0.006 -8"><span class='ocrx_word' id='word_1_191' title='bbox 1046 466 1230 495; x_wconf 88' lang='lat' dir='ltr'><strong>voluminibus</strong></span> <span class='ocrx_word' id='word_1_192' title='bbox 1246 467 1330 502; x_wconf 75' lang='lat' dir='ltr'><strong>regiis</strong></span> <span class='ocrx_word' id='word_1_193' title='bbox 1341 471 1434 494; x_wconf 86' lang='lat' dir='ltr'><strong>nostra</strong></span> <span class='ocrx_word' id='word_1_194' title='bbox 1451 467 1477 493; x_wconf 83' lang='lat' dir='ltr'><strong>in</strong></span> <span class='ocrx_word' id='word_1_195' title='bbox 1498 464 1662 492; x_wconf 82' lang='lat' dir='ltr'><strong>bibliotheca</strong></span> <span class='ocrx_word' id='word_1_196' title='bbox 1675 463 1834 491; x_wconf 79' lang='lat' dir='ltr'><strong>collocetur.</strong></span> 
     </span>
    </p>
   </div>
   <div class='ocr_carea' id='block_1_29' title="bbox 1047 510 1836 549">
    <p class='ocr_par' dir='ltr' id='par_1_29' title="bbox 1047 510 1836 549">
     <span class='ocr_line' id='line_1_29' title="bbox 1047 510 1836 549; baseline -0.005 -9"><span class='ocrx_word' id='word_1_197' title='bbox 1047 513 1113 541; x_wconf 77' lang='lat' dir='ltr'><strong>Rem</strong></span> <span class='ocrx_word' id='word_1_198' title='bbox 1125 521 1189 549; x_wconf 77' lang='lat' dir='ltr'><strong>ergo</strong></span> <span class='ocrx_word' id='word_1_199' title='bbox 1200 521 1262 540; x_wconf 91' lang='lat' dir='ltr'><strong>cum</strong></span> <span class='ocrx_word' id='word_1_200' title='bbox 1280 513 1327 540; x_wconf 87' lang='lat' dir='ltr'><strong>tibi</strong></span> <span class='ocrx_word' id='word_1_201' title='bbox 1344 513 1496 544; x_wconf 81' lang='lat' dir='ltr'><strong>honestam,</strong></span> <span class='ocrx_word' id='word_1_202' title='bbox 1506 517 1562 538; x_wconf 89' lang='lat' dir='ltr'><strong>tum</strong></span> <span class='ocrx_word' id='word_1_203' title='bbox 1576 510 1764 538; x_wconf 79' lang='lat' dir='ltr'><strong>benevolentia</strong></span> <span class='ocrx_word' id='word_1_204' title='bbox 1774 516 1836 537; x_wconf 83' lang='lat' dir='ltr'><strong>mea</strong></span> 
     </span>
    </p>
   </div>
   <div class='ocr_carea' id='block_1_30' title="bbox 1047 555 1836 594">
    <p class='ocr_par' dir='ltr' id='par_1_30' title="bbox 1047 555 1836 594">
     <span class='ocr_line' id='line_1_30' title="bbox 1047 555 1836 594; baseline -0.004 -9"><span class='ocrx_word' id='word_1_205' title='bbox 1047 558 1153 594; x_wconf 79' lang='lat' dir='ltr'><strong>dignam</strong></span> <span class='ocrx_word' id='word_1_206' title='bbox 1169 558 1265 586; x_wconf 80' lang='lat' dir='ltr'><strong>feceris</strong></span> <span class='ocrx_word' id='word_1_207' title='bbox 1275 579 1282 591; x_wconf 93' lang='lat'><strong>,</strong></span> <span class='ocrx_word' id='word_1_208' title='bbox 1301 559 1323 586; x_wconf 88' lang='lat' dir='ltr'><strong>si</strong></span> <span class='ocrx_word' id='word_1_209' title='bbox 1338 559 1412 585; x_wconf 80' lang='lat' dir='ltr'><strong>viros</strong></span> <span class='ocrx_word' id='word_1_210' title='bbox 1425 561 1583 585; x_wconf 72' lang='lat' dir='ltr'><strong>contestata:</strong></span> <span class='ocrx_word' id='word_1_211' title='bbox 1599 555 1755 591; x_wconf 75' lang='lat' dir='ltr'><strong>probitatis,</strong></span> <span class='ocrx_word' id='word_1_212' title='bbox 1770 560 1836 583; x_wconf 65' lang='lat' dir='ltr'><strong>atta-</strong></span> 
     </span>
    </p>
   </div>
   <div class='ocr_carea' id='block_1_31' title="bbox 1047 600 1834 639">
    <p class='ocr_par' dir='ltr' id='par_1_31' title="bbox 1047 600 1834 639">
     <span class='ocr_line' id='line_1_31' title="bbox 1047 600 1834 639; baseline -0.005 -8"><span class='ocrx_word' id='word_1_213' title='bbox 1047 605 1136 639; x_wconf 88' lang='lat' dir='ltr'><strong>tisque</strong></span> <span class='ocrx_word' id='word_1_214' title='bbox 1150 608 1275 636; x_wconf 68' lang='lat' dir='ltr'><strong>maturae,</strong></span> <span class='ocrx_word' id='word_1_215' title='bbox 1288 604 1410 638; x_wconf 80' lang='lat' dir='ltr'><strong>legisque</strong></span> <span class='ocrx_word' id='word_1_216' title='bbox 1421 604 1502 631; x_wconf 88' lang='lat' dir='ltr'><strong>simul</strong></span> <span class='ocrx_word' id='word_1_217' title='bbox 1521 603 1634 638; x_wconf 82' lang='lat' dir='ltr'><strong>peritos,</strong></span> <span class='ocrx_word' id='word_1_218' title='bbox 1644 607 1724 636; x_wconf 89' lang='lat' dir='ltr'><strong>atque</strong></span> <span class='ocrx_word' id='word_1_219' title='bbox 1732 600 1766 628; x_wconf 89' lang='lat' dir='ltr'><strong>ad</strong></span> <span class='ocrx_word' id='word_1_220' title='bbox 1775 608 1834 628; x_wconf 90' lang='lat' dir='ltr'><strong>eam</strong></span> 
     </span>
    </p>
   </div>
   <div class='ocr_carea' id='block_1_32' title="bbox 1047 647 1836 686">
    <p class='ocr_par' dir='ltr' id='par_1_32' title="bbox 1047 647 1836 686">
     <span class='ocr_line' id='line_1_32' title="bbox 1047 647 1836 686; baseline -0.003 -10"><span class='ocrx_word' id='word_1_221' title='bbox 1047 650 1279 685; x_wconf 81' lang='lat' dir='ltr'><strong>interpretandam</strong></span> <span class='ocrx_word' id='word_1_222' title='bbox 1295 650 1488 686; x_wconf 76' lang='lat' dir='ltr'><strong>idoneos,&#39;_scx</strong></span> <span class='ocrx_word' id='word_1_223' title='bbox 1504 650 1649 677; x_wconf 87' lang='lat' dir='ltr'><strong>tribubuse</strong></span> <span class='ocrx_word' id='word_1_224' title='bbox 1664 648 1780 684; x_wconf 79' lang='lat' dir='ltr'><strong>singulis</strong></span> <span class='ocrx_word' id='word_1_225' title='bbox 1788 647 1836 675; x_wconf 89' lang='lat' dir='ltr'><strong>de-</strong></span> 
     </span>
    </p>
   </div>
   <div class='ocr_carea' id='block_1_33' title="bbox 1047 695 1837 732">
    <p class='ocr_par' dir='ltr' id='par_1_33' title="bbox 1047 695 1837 732">
     <span class='ocr_line' id='line_1_33' title="bbox 1047 695 1837 732; baseline -0.004 -8"><span class='ocrx_word' id='word_1_226' title='bbox 1047 697 1132 724; x_wconf 85' lang='lat' dir='ltr'><strong>lectos</strong></span> <span class='ocrx_word' id='word_1_227' title='bbox 1151 697 1185 724; x_wconf 79' lang='lat' dir='ltr'><strong>atl</strong></span> <span class='ocrx_word' id='word_1_228' title='bbox 1195 705 1238 724; x_wconf 91' lang='lat' dir='ltr'><strong>me</strong></span> <span class='ocrx_word' id='word_1_229' title='bbox 1251 697 1360 724; x_wconf 86' lang='lat' dir='ltr'><strong>miseris</strong></span> <span class='ocrx_word' id='word_1_230' title='bbox 1370 718 1377 728; x_wconf 85' lang='lat'><strong><em>.</em></strong></span> <span class='ocrx_word' id='word_1_231' title='bbox 1395 701 1424 724; x_wconf 88' lang='lat' dir='ltr'><strong>ut</strong></span> <span class='ocrx_word' id='word_1_232' title='bbox 1436 696 1568 732; x_wconf 88' lang='lat' dir='ltr'><strong>quoniam</strong></span> <span class='ocrx_word' id='word_1_233' title='bbox 1583 696 1616 724; x_wconf 86' lang='lat' dir='ltr'><strong>de</strong></span> <span class='ocrx_word' id='word_1_234' title='bbox 1629 695 1712 723; x_wconf 85' lang='lat' dir='ltr'><strong>rebus</strong></span> <span class='ocrx_word' id='word_1_235' title='bbox 1728 695 1837 730; x_wconf 77' lang='lat' dir='ltr'><strong>gravio-</strong></span> 
     </span>
    </p>
   </div>
   <div class='ocr_carea' id='block_1_34' title="bbox 1047 743 1836 779">
    <p class='ocr_par' dir='ltr' id='par_1_34' title="bbox 1047 743 1836 779">
     <span class='ocr_line' id='line_1_34' title="bbox 1047 743 1836 779; baseline -0.004 -7"><span class='ocrx_word' id='word_1_236' title='bbox 1047 744 1123 772; x_wconf 82' lang='lat' dir='ltr'><strong>ribus</strong></span> <span class='ocrx_word' id='word_1_237' title='bbox 1149 744 1247 779; x_wconf 78' lang='lat' dir='ltr'><strong>agitur,</strong></span> <span class='ocrx_word' id='word_1_238' title='bbox 1274 744 1418 771; x_wconf 81' lang='lat' dir='ltr'><strong>certiorem</strong></span> <span class='ocrx_word' id='word_1_239' title='bbox 1445 744 1496 770; x_wconf 91' lang='lat' dir='ltr'><strong>hoc</strong></span> <span class='ocrx_word' id='word_1_240' title='bbox 1524 743 1553 771; x_wconf 92' lang='lat' dir='ltr'><strong>in</strong></span> <span class='ocrx_word' id='word_1_241' title='bbox 1589 750 1687 777; x_wconf 73' lang='lat' dir='ltr'><strong>genere</strong></span> <span class='ocrx_word' id='word_1_242' title='bbox 1719 749 1836 770; x_wconf 85' lang='lat' dir='ltr'><strong>consen-</strong></span> 
     </span>
    </p>
   </div>
   <div class='ocr_carea' id='block_1_35' title="bbox 1046 787 1836 825">
    <p class='ocr_par' dir='ltr' id='par_1_35' title="bbox 1046 787 1836 825">
     <span class='ocr_line' id='line_1_35' title="bbox 1046 787 1836 825; baseline -0.003 -7"><span class='ocrx_word' id='word_1_243' title='bbox 1046 791 1152 818; x_wconf 82' lang='lat' dir='ltr'><strong>sionem</strong></span> <span class='ocrx_word' id='word_1_244' title='bbox 1182 798 1215 818; x_wconf 82' lang='lat' dir='ltr'><strong>ex</strong></span> <span class='ocrx_word' id='word_1_245' title='bbox 1242 790 1363 825; x_wconf 90' lang='lat' dir='ltr'><strong>plurium</strong></span> <span class='ocrx_word' id='word_1_246' title='bbox 1394 798 1530 817; x_wconf 81' lang='lat' dir='ltr'><strong>concursu</strong></span> <span class='ocrx_word' id='word_1_247' title='bbox 1566 789 1725 817; x_wconf 89' lang='lat' dir='ltr'><strong>habeamus.</strong></span> <span class='ocrx_word' id='word_1_248' title='bbox 1756 787 1836 823; x_wconf 82' lang='lat'><strong>353</strong></span> 
     </span>
    </p>
   </div>
   <div class='ocr_carea' id='block_1_36' title="bbox 1046 834 1837 871">
    <p class='ocr_par' dir='ltr' id='par_1_36' title="bbox 1046 834 1837 871">
     <span class='ocr_line' id='line_1_36' title="bbox 1046 834 1837 871; baseline -0.003 -8"><span class='ocrx_word' id='word_1_249' title='bbox 1046 836 1134 870; x_wconf 83' lang='lat' dir='ltr'><strong>Atque</strong></span> <span class='ocrx_word' id='word_1_250' title='bbox 1157 837 1194 871; x_wconf 87' lang='lat' dir='ltr'><strong>id,</strong></span> <span class='ocrx_word' id='word_1_251' title='bbox 1218 837 1241 865; x_wconf 83' lang='lat' dir='ltr'><strong>si</strong></span> <span class='ocrx_word' id='word_1_252' title='bbox 1265 837 1334 864; x_wconf 89' lang='lat' dir='ltr'><strong>bene</strong></span> <span class='ocrx_word' id='word_1_253' title='bbox 1359 836 1526 871; x_wconf 78' lang='lat' dir='ltr'><strong>feliciterque</strong></span> <span class='ocrx_word' id='word_1_254' title='bbox 1547 835 1670 867; x_wconf 83' lang='lat' dir='ltr'><strong>cesserit,</strong></span> <span class='ocrx_word' id='word_1_255' title='bbox 1693 843 1746 862; x_wconf 91' lang='lat' dir='ltr'><strong>non</strong></span> <span class='ocrx_word' id='word_1_256' title='bbox 1775 834 1837 862; x_wconf 79' lang='lat' dir='ltr'><strong>vul-</strong></span> 
     </span>
    </p>
   </div>
   <div class='ocr_carea' id='block_1_37' title="bbox 1047 881 1837 919">
    <p class='ocr_par' dir='ltr' id='par_1_37' title="bbox 1047 881 1837 919">
     <span class='ocr_line' id='line_1_37' title="bbox 1047 881 1837 919; baseline -0.004 -8"><span class='ocrx_word' id='word_1_257' title='bbox 1047 885 1104 919; x_wconf 82' lang='lat' dir='ltr'><strong>gari</strong></span> <span class='ocrx_word' id='word_1_258' title='bbox 1112 885 1191 912; x_wconf 90' lang='lat' dir='ltr'><strong>nobis</strong></span> <span class='ocrx_word' id='word_1_259' title='bbox 1200 883 1293 919; x_wconf 68' lang='lat' dir='ltr'><strong>gloriae</strong></span> <span class='ocrx_word' id='word_1_260' title='bbox 1304 884 1425 911; x_wconf 85' lang='lat' dir='ltr'><strong>futurum</strong></span> <span class='ocrx_word' id='word_1_261' title='bbox 1442 883 1620 910; x_wconf 78' lang='lat' dir='ltr'><strong>arbitramur.</strong></span> <span class='ocrx_word' id='word_1_262' title='bbox 1635 882 1702 909; x_wconf 84' lang='lat' dir='ltr'><strong>Eum</strong></span> <span class='ocrx_word' id='word_1_263' title='bbox 1719 883 1745 910; x_wconf 92' lang='lat' dir='ltr'><strong>in</strong></span> <span class='ocrx_word' id='word_1_264' title='bbox 1756 881 1837 910; x_wconf 83' lang='lat' dir='ltr'><strong>linem</strong></span> 
     </span>
    </p>
   </div>
   <div class='ocr_carea' id='block_1_38' title="bbox 1013 917 1835 964">
    <p class='ocr_par' dir='ltr' id='par_1_38' title="bbox 1013 917 1835 964">
     <span class='ocr_line' id='line_1_38' title="bbox 1013 917 1835 964; baseline -0.006 -5"><span class='ocrx_word' id='word_1_265' title='bbox 1013 917 1033 945; x_wconf 72' lang='grc' dir='ltr'>Β</span> <span class='ocrx_word' id='word_1_266' title='bbox 1050 931 1084 959; x_wconf 87' lang='lat' dir='ltr'><strong>ad</strong></span> <span class='ocrx_word' id='word_1_267' title='bbox 1100 936 1125 959; x_wconf 90' lang='lat' dir='ltr'><strong>te</strong></span> <span class='ocrx_word' id='word_1_268' title='bbox 1140 931 1267 958; x_wconf 83' lang='lat' dir='ltr'><strong>misimus</strong></span> <span class='ocrx_word' id='word_1_269' title='bbox 1286 932 1434 964; x_wconf 80' lang='lat' dir='ltr'><strong>Andream,</strong></span> <span class='ocrx_word' id='word_1_270' title='bbox 1460 931 1544 957; x_wconf 80' lang='lat' dir='ltr'><strong>unum</strong></span> <span class='ocrx_word' id='word_1_271' title='bbox 1557 937 1590 957; x_wconf 89' lang='lat' dir='ltr'><strong>ex</strong></span> <span class='ocrx_word' id='word_1_272' title='bbox 1605 928 1835 964; x_wconf 75' lang='lat' dir='ltr'><strong>przesidiariorum</strong></span> 
     </span>
    </p>
   </div>
   <div class='ocr_carea' id='block_1_39' title="bbox 1051 973 1838 1018">
    <p class='ocr_par' dir='ltr' id='par_1_39' title="bbox 1051 973 1838 1018">
     <span class='ocr_line' id='line_1_39' title="bbox 1051 973 1838 1018; baseline -0.006 -13"><span class='ocrx_word' id='word_1_273' title='bbox 1051 977 1167 1005; x_wconf 85' lang='lat' dir='ltr'><strong>militum</strong></span> <span class='ocrx_word' id='word_1_274' title='bbox 1188 976 1332 1018; x_wconf 57' lang='lat' dir='ltr'><strong>prafectis,</strong></span> <span class='ocrx_word' id='word_1_275' title='bbox 1344 982 1371 1004; x_wconf 83' lang='lat' dir='ltr'><strong>et</strong></span> <span class='ocrx_word' id='word_1_276' title='bbox 1380 977 1535 1009; x_wconf 70' lang='lat' dir='ltr'><strong>Aristteum,</strong></span> <span class='ocrx_word' id='word_1_277' title='bbox 1547 976 1627 1003; x_wconf 87' lang='lat' dir='ltr'><strong>ambo</strong></span> <span class='ocrx_word' id='word_1_278' title='bbox 1645 982 1759 1003; x_wconf 82' lang='lat' dir='ltr'><strong>summae</strong></span> <span class='ocrx_word' id='word_1_279' title='bbox 1767 973 1838 1008; x_wconf 90' lang='lat' dir='ltr'><strong>apud</strong></span> 
     </span>
    </p>
   </div>
   <div class='ocr_carea' id='block_1_40' title="bbox 1051 1021 1837 1058">
    <p class='ocr_par' dir='ltr' id='par_1_40' title="bbox 1051 1021 1837 1058">
     <span class='ocr_line' id='line_1_40' title="bbox 1051 1021 1837 1058; baseline -0.005 -8"><span class='ocrx_word' id='word_1_280' title='bbox 1051 1031 1102 1051; x_wconf 86' lang='lat' dir='ltr'><strong>nos</strong></span> <span class='ocrx_word' id='word_1_281' title='bbox 1119 1023 1301 1056; x_wconf 80' lang='lat' dir='ltr'><strong>auctoritatis,</strong></span> <span class='ocrx_word' id='word_1_282' title='bbox 1321 1024 1366 1058; x_wconf 91' lang='lat' dir='ltr'><strong>qui</strong></span> <span class='ocrx_word' id='word_1_283' title='bbox 1385 1027 1474 1050; x_wconf 85' lang='lat' dir='ltr'><strong>tecum</strong></span> <span class='ocrx_word' id='word_1_284' title='bbox 1489 1030 1521 1049; x_wconf 89' lang='lat' dir='ltr'><strong>ea</strong></span> <span class='ocrx_word' id='word_1_285' title='bbox 1536 1023 1569 1050; x_wconf 87' lang='lat' dir='ltr'><strong>de</strong></span> <span class='ocrx_word' id='word_1_286' title='bbox 1587 1029 1617 1049; x_wconf 87' lang='lat' dir='ltr'><strong>re</strong></span> <span class='ocrx_word' id='word_1_287' title='bbox 1633 1021 1837 1056; x_wconf 79' lang='lat' dir='ltr'><strong>colloquantur,</strong></span> 
     </span>
    </p>
   </div>
   <div class='ocr_carea' id='block_1_41' title="bbox 1054 1066 1838 1104">
    <p class='ocr_par' dir='ltr' id='par_1_41' title="bbox 1054 1066 1838 1104">
     <span class='ocr_line' id='line_1_41' title="bbox 1054 1066 1838 1104; baseline -0.003 -8"><span class='ocrx_word' id='word_1_288' title='bbox 1054 1072 1081 1096; x_wconf 87' lang='lat' dir='ltr'><strong>et</strong></span> <span class='ocrx_word' id='word_1_289' title='bbox 1100 1069 1279 1096; x_wconf 89' lang='lat' dir='ltr'><strong>donariorum</strong></span> <span class='ocrx_word' id='word_1_290' title='bbox 1302 1074 1459 1096; x_wconf 83' lang='lat' dir='ltr'><strong>nostrorum</strong></span> <span class='ocrx_word' id='word_1_291' title='bbox 1483 1068 1636 1104; x_wconf 85' lang='lat' dir='ltr'><strong>primitias,</strong></span> <span class='ocrx_word' id='word_1_292' title='bbox 1653 1075 1715 1095; x_wconf 87' lang='lat' dir='ltr'><strong>cum</strong></span> <span class='ocrx_word' id='word_1_293' title='bbox 1732 1066 1838 1095; x_wconf 82' lang='lat' dir='ltr'><strong>talentis</strong></span> 
     </span>
    </p>
   </div>
   <div class='ocr_carea' id='block_1_42' title="bbox 203 1114 1839 1151">
    <p class='ocr_par' dir='ltr' id='par_1_42' title="bbox 203 1114 1839 1151">
     <span class='ocr_line' id='line_1_42' title="bbox 203 1114 1839 1151; baseline -0.001 -9"><span class='ocrx_word' id='word_1_294' title='bbox 203 1115 309 1150; x_wconf 78' lang='lat' dir='ltr'><strong>argenti</strong></span> <span class='ocrx_word' id='word_1_295' title='bbox 324 1119 433 1143; x_wconf 82' lang='lat' dir='ltr'><strong>centum</strong></span> <span class='ocrx_word' id='word_1_296' title='bbox 445 1115 473 1142; x_wconf 92' lang='lat' dir='ltr'><strong>in</strong></span> <span class='ocrx_word' id='word_1_297' title='bbox 488 1115 621 1143; x_wconf 80' lang='lat' dir='ltr'><strong>sacrificia</strong></span> <span class='ocrx_word' id='word_1_298' title='bbox 634 1123 666 1143; x_wconf 86' lang='lat' dir='ltr'><strong>ac</strong></span> <span class='ocrx_word' id='word_1_299' title='bbox 678 1115 783 1150; x_wconf 86' lang='lat' dir='ltr'><strong>reliqua</strong></span> <span class='ocrx_word' id='word_1_300' title='bbox 796 1114 823 1142; x_wconf 93' lang='lat' dir='ltr'><strong>id</strong></span> <span class='ocrx_word' id='word_1_301' title='bbox 839 1122 925 1151; x_wconf 70' lang='lat' dir='ltr'><strong>genus</strong></span> <span class='ocrx_word' id='word_1_302' title='bbox 949 1115 1145 1150; x_wconf 80' lang='lat' dir='ltr'><strong>expendcndis,</strong></span> <span class='ocrx_word' id='word_1_303' title='bbox 1171 1116 1200 1143; x_wconf 90' lang='lat' dir='ltr'><strong>in</strong></span> <span class='ocrx_word' id='word_1_304' title='bbox 1219 1117 1350 1151; x_wconf 88' lang='lat' dir='ltr'><strong>templum</strong></span> <span class='ocrx_word' id='word_1_305' title='bbox 1377 1115 1525 1151; x_wconf 81' lang='lat' dir='ltr'><strong>perferant.</strong></span> <span class='ocrx_word' id='word_1_306' title='bbox 1541 1115 1583 1143; x_wconf 91' lang='lat' dir='ltr'><strong>Tu</strong></span> <span class='ocrx_word' id='word_1_307' title='bbox 1607 1115 1738 1148; x_wconf 90' lang='lat' dir='ltr'><strong>vicissim,</strong></span> <span class='ocrx_word' id='word_1_308' title='bbox 1770 1121 1839 1148; x_wconf 86' lang='lat' dir='ltr'><strong>qua-</strong></span> 
     </span>
    </p>
   </div>
   <div class='ocr_carea' id='block_1_43' title="bbox 204 1161 1837 1198">
    <p class='ocr_par' dir='ltr' id='par_1_43' title="bbox 204 1161 1837 1198">
     <span class='ocr_line' id='line_1_43' title="bbox 204 1161 1837 1198; baseline -0.002 -9"><span class='ocrx_word' id='word_1_309' title='bbox 204 1169 314 1196; x_wconf 86' lang='lat' dir='ltr'><strong>cunque</strong></span> <span class='ocrx_word' id='word_1_310' title='bbox 337 1163 370 1189; x_wconf 91' lang='lat' dir='ltr'><strong>de</strong></span> <span class='ocrx_word' id='word_1_311' title='bbox 397 1169 428 1190; x_wconf 87' lang='lat' dir='ltr'><strong>re</strong></span> <span class='ocrx_word' id='word_1_312' title='bbox 452 1162 574 1196; x_wconf 82' lang='lat' dir='ltr'><strong>libuerit,</strong></span> <span class='ocrx_word' id='word_1_313' title='bbox 590 1163 624 1190; x_wconf 83' lang='lat' dir='ltr'><strong>ad</strong></span> <span class='ocrx_word' id='word_1_314' title='bbox 640 1170 690 1190; x_wconf 85' lang='lat' dir='ltr'><strong>nos</strong></span> <span class='ocrx_word' id='word_1_315' title='bbox 716 1162 822 1190; x_wconf 82' lang='lat' dir='ltr'><strong>scribas</strong></span> <span class='ocrx_word' id='word_1_316' title='bbox 847 1162 937 1190; x_wconf 83' lang='lat' dir='ltr'><strong>velim.</strong></span> <span class='ocrx_word' id='word_1_317' title='bbox 963 1161 1029 1190; x_wconf 78' lang='lat' dir='ltr'><strong>Rem</strong></span> <span class='ocrx_word' id='word_1_318' title='bbox 1049 1162 1122 1189; x_wconf 91' lang='lat' dir='ltr'><strong>enim</strong></span> <span class='ocrx_word' id='word_1_319' title='bbox 1139 1167 1165 1190; x_wconf 86' lang='lat' dir='ltr'><strong>et</strong></span> <span class='ocrx_word' id='word_1_320' title='bbox 1177 1163 1243 1190; x_wconf 88' lang='lat' dir='ltr'><strong>mihi</strong></span> <span class='ocrx_word' id='word_1_321' title='bbox 1260 1167 1424 1198; x_wconf 76' lang='lat' dir='ltr'><strong>pergratam,</strong></span> <span class='ocrx_word' id='word_1_322' title='bbox 1437 1167 1465 1190; x_wconf 88' lang='lat' dir='ltr'><strong>et</strong></span> <span class='ocrx_word' id='word_1_323' title='bbox 1487 1161 1605 1190; x_wconf 83' lang='lat' dir='ltr'><strong>amicitia</strong></span> <span class='ocrx_word' id='word_1_324' title='bbox 1617 1165 1709 1189; x_wconf 82' lang='lat' dir='ltr'><strong>ucstra</strong></span> <span class='ocrx_word' id='word_1_325' title='bbox 1727 1161 1837 1195; x_wconf 81' lang='lat' dir='ltr'><strong>dignam</strong></span> 
     </span>
    </p>
   </div>
   <div class='ocr_carea' id='block_1_44' title="bbox 204 1207 1838 1244">
    <p class='ocr_par' dir='ltr' id='par_1_44' title="bbox 204 1207 1838 1244">
     <span class='ocr_line' id='line_1_44' title="bbox 204 1207 1838 1244; baseline -0.001 -9"><span class='ocrx_word' id='word_1_326' title='bbox 204 1207 303 1235; x_wconf 71' lang='lat' dir='ltr'><strong>feceris</strong></span> <span class='ocrx_word' id='word_1_327' title='bbox 320 1218 327 1235; x_wconf 91' lang='lat'><strong><em>:</em></strong></span> <span class='ocrx_word' id='word_1_328' title='bbox 343 1212 370 1235; x_wconf 89' lang='lat' dir='ltr'><strong>et</strong></span> <span class='ocrx_word' id='word_1_329' title='bbox 385 1208 516 1243; x_wconf 81' lang='lat' dir='ltr'><strong>quidquid</strong></span> <span class='ocrx_word' id='word_1_330' title='bbox 525 1209 683 1244; x_wconf 87' lang='lat' dir='ltr'><strong>postularis,</strong></span> <span class='ocrx_word' id='word_1_331' title='bbox 703 1209 729 1236; x_wconf 93' lang='lat' dir='ltr'><strong>id</strong></span> <span class='ocrx_word' id='word_1_332' title='bbox 746 1212 775 1236; x_wconf 89' lang='lat' dir='ltr'><strong>ut</strong></span> <span class='ocrx_word' id='word_1_333' title='bbox 790 1208 992 1243; x_wconf 89' lang='lat' dir='ltr'><strong>quamprimum</strong></span> <span class='ocrx_word' id='word_1_334' title='bbox 1010 1208 1065 1242; x_wconf 86' lang='lat' dir='ltr'><strong>fiat,</strong></span> <span class='ocrx_word' id='word_1_335' title='bbox 1080 1216 1192 1244; x_wconf 85' lang='lat' dir='ltr'><strong>operam</strong></span> <span class='ocrx_word' id='word_1_336' title='bbox 1210 1209 1345 1238; x_wconf 84' lang='lat' dir='ltr'><strong>dabimus.</strong></span> <span class='ocrx_word' id='word_1_337' title='bbox 1367 1208 1440 1236; x_wconf 74' lang='lat' dir='ltr'><strong>Vale.</strong></span> <span class='ocrx_word' id='word_1_338' title='bbox 1461 1219 1470 1234; x_wconf 81' lang='grc' dir='ltr'><strong>ι</strong></span> <span class='ocrx_word' id='word_1_339' title='bbox 1489 1209 1530 1237; x_wconf 85' lang='lat' dir='ltr'><strong>Ad</strong></span> <span class='ocrx_word' id='word_1_340' title='bbox 1554 1209 1611 1236; x_wconf 80' lang='lat' dir='ltr'><strong>haec</strong></span> <span class='ocrx_word' id='word_1_341' title='bbox 1627 1208 1772 1235; x_wconf 82' lang='lat' dir='ltr'><strong>Eleazarus</strong></span> <span class='ocrx_word' id='word_1_342' title='bbox 1783 1227 1790 1240; x_wconf 93' lang='lat'><strong>,</strong></span> <span class='ocrx_word' id='word_1_343' title='bbox 1809 1211 1838 1234; x_wconf 88' lang='lat' dir='ltr'><strong>ut</strong></span> 
     </span>
    </p>
   </div>
   <div class='ocr_carea' id='block_1_45' title="bbox 206 1254 960 1290">
    <p class='ocr_par' dir='ltr' id='par_1_45' title="bbox 206 1254 960 1290">
     <span class='ocr_line' id='line_1_45' title="bbox 206 1254 960 1290; baseline 0 -8"><span class='ocrx_word' id='word_1_344' title='bbox 206 1261 255 1289; x_wconf 85' lang='lat' dir='ltr'><strong>par</strong></span> <span class='ocrx_word' id='word_1_345' title='bbox 273 1258 341 1286; x_wconf 86' lang='lat' dir='ltr'><strong>erat,</strong></span> <span class='ocrx_word' id='word_1_346' title='bbox 357 1254 383 1281; x_wconf 91' lang='lat' dir='ltr'><strong>in</strong></span> <span class='ocrx_word' id='word_1_347' title='bbox 391 1262 454 1282; x_wconf 83' lang='lat' dir='ltr'><strong>eum</strong></span> <span class='ocrx_word' id='word_1_348' title='bbox 466 1255 513 1290; x_wconf 90' lang='lat' dir='ltr'><strong>qui</strong></span> <span class='ocrx_word' id='word_1_349' title='bbox 532 1256 655 1290; x_wconf 86' lang='lat' dir='ltr'><strong>sequitur</strong></span> <span class='ocrx_word' id='word_1_350' title='bbox 678 1255 790 1283; x_wconf 83' lang='lat' dir='ltr'><strong>modum</strong></span> <span class='ocrx_word' id='word_1_351' title='bbox 810 1254 960 1290; x_wconf 83' lang='lat' dir='ltr'><strong>rescripsit.</strong></span> 
     </span>
    </p>
   </div>
   <div class='ocr_carea' id='block_1_46' title="bbox 472 1310 733 1339">
    <p class='ocr_par' dir='ltr' id='par_1_46' title="bbox 472 1310 733 1339">
     <span class='ocr_line' id='line_1_46' title="bbox 472 1310 733 1339; baseline 0.004 -1"><span class='ocrx_word' id='word_1_352' title='bbox 472 1311 671 1339; x_wconf 79' lang='grc' dir='ltr'><strong>ΚΕΦΑΛΑῙΟΝ</strong></span> <span class='ocrx_word' id='word_1_353' title='bbox 694 1310 733 1339; x_wconf 85' lang='grc' dir='ltr'><strong>Ε’.</strong></span> 
     </span>
    </p>
   </div>
   <div class='ocr_carea' id='block_1_47' title="bbox 211 1367 999 1403">
    <p class='ocr_par' dir='ltr' id='par_1_47' title="bbox 211 1367 999 1403">
     <span class='ocr_line' id='line_1_47' title="bbox 211 1367 999 1403; baseline -0.001 -7"><span class='ocrx_word' id='word_1_354' title='bbox 211 1368 375 1403; x_wconf 69' lang='grc' dir='ltr'>Ἐπιστολὴ</span> <span class='ocrx_word' id='word_1_355' title='bbox 406 1367 578 1402; x_wconf 76' lang='grc' dir='ltr'><strong>Ἐλεαζάρου</strong></span> <span class='ocrx_word' id='word_1_356' title='bbox 604 1367 763 1402; x_wconf 79' lang='grc' dir='ltr'>ἀρχιερέως</span> <span class='ocrx_word' id='word_1_357' title='bbox 795 1367 870 1402; x_wconf 81' lang='grc' dir='ltr'>πρὸς</span> <span class='ocrx_word' id='word_1_358' title='bbox 888 1369 999 1395; x_wconf 79' lang='grc' dir='ltr'>Πτολε-</span> 
     </span>
    </p>
   </div>
   <div class='ocr_carea' id='block_1_48' title="bbox 470 1403 729 1438">
    <p class='ocr_par' dir='ltr' id='par_1_48' title="bbox 470 1403 729 1438">
     <span class='ocr_line' id='line_1_48' title="bbox 470 1403 729 1438; baseline 0 -8"><span class='ocrx_word' id='word_1_359' title='bbox 470 1403 561 1438; x_wconf 75' lang='grc' dir='ltr'>μαῖον</span> <span class='ocrx_word' id='word_1_360' title='bbox 584 1403 729 1435; x_wconf 75' lang='grc' dir='ltr'>βασιλέα.</span> 
     </span>
    </p>
   </div>
   <div class='ocr_carea' id='block_1_49' title="bbox 245 1458 999 1495">
    <p class='ocr_par' dir='ltr' id='par_1_49' title="bbox 245 1458 999 1495">
     <span class='ocr_line' id='line_1_49' title="bbox 245 1458 999 1495; baseline 0 -10"><span class='ocrx_word' id='word_1_361' title='bbox 245 1467 255 1485; x_wconf 75' lang='grc' dir='ltr'><strong>ι</strong></span> <span class='ocrx_word' id='word_1_362' title='bbox 282 1458 442 1494; x_wconf 82' lang='grc' dir='ltr'>Ἐλεάζαρος</span> <span class='ocrx_word' id='word_1_363' title='bbox 460 1458 605 1495; x_wconf 78' lang='grc' dir='ltr'>ἀρχιερεὺς</span> <span class='ocrx_word' id='word_1_364' title='bbox 622 1458 726 1494; x_wconf 83' lang='grc' dir='ltr'>βασιλεῖ</span> <span class='ocrx_word' id='word_1_365' title='bbox 742 1459 912 1495; x_wconf 82' lang='grc' dir='ltr'>Πτολεμαίῳ,</span> <span class='ocrx_word' id='word_1_366' title='bbox 930 1459 999 1495; x_wconf 86' lang='grc' dir='ltr'>φίλῳ</span> 
     </span>
    </p>
   </div>
   <div class='ocr_carea' id='block_1_50' title="bbox 211 1504 1000 1541">
    <p class='ocr_par' dir='ltr' id='par_1_50' title="bbox 211 1504 1000 1541">
     <span class='ocr_line' id='line_1_50' title="bbox 211 1504 1000 1541; baseline 0 -10"><span class='ocrx_word' id='word_1_367' title='bbox 211 1504 319 1540; x_wconf 60' lang='grc' dir='ltr'>γνησίῳ,</span> <span class='ocrx_word' id='word_1_368' title='bbox 333 1504 448 1541; x_wconf 81' lang='grc' dir='ltr'>χαίρειν.</span> <span class='ocrx_word' id='word_1_369' title='bbox 461 1505 492 1531; x_wconf 73' lang='lat' dir='ltr'><strong>Et</strong></span> <span class='ocrx_word' id='word_1_370' title='bbox 507 1504 587 1537; x_wconf 79' lang='grc' dir='ltr'>αὐτός</span> <span class='ocrx_word' id='word_1_371' title='bbox 605 1513 635 1531; x_wconf 86' lang='grc' dir='ltr'><strong>τε</strong></span> <span class='ocrx_word' id='word_1_372' title='bbox 653 1504 773 1540; x_wconf 72' lang='grc' dir='ltr'>ἔρρωσαι</span> <span class='ocrx_word' id='word_1_373' title='bbox 793 1504 840 1531; x_wconf 83' lang='grc' dir='ltr'>καὶ</span> <span class='ocrx_word' id='word_1_374' title='bbox 850 1506 867 1540; x_wconf 85' lang='grc' dir='ltr'>ἡ</span> <span class='ocrx_word' id='word_1_375' title='bbox 881 1504 1000 1540; x_wconf 84' lang='grc' dir='ltr'>βασίλισ-</span> 
     </span>
    </p>
   </div>
   <div class='ocr_carea' id='block_1_51' title="bbox 208 1549 1000 1587">
    <p class='ocr_par' dir='ltr' id='par_1_51' title="bbox 208 1549 1000 1587">
     <span class='ocr_line' id='line_1_51' title="bbox 208 1549 1000 1587; baseline 0.001 -10"><span class='ocrx_word' id='word_1_376' title='bbox 208 1560 242 1578; x_wconf 88' lang='grc' dir='ltr'><strong>σα</strong></span> <span class='ocrx_word' id='word_1_377' title='bbox 265 1550 388 1587; x_wconf 74' lang='grc' dir='ltr'>’Δρσινόη</span> <span class='ocrx_word' id='word_1_378' title='bbox 399 1571 405 1583; x_wconf 86' lang='grc'><strong>,</strong></span> <span class='ocrx_word' id='word_1_379' title='bbox 423 1551 440 1586; x_wconf 81' lang='grc' dir='ltr'>ἡ</span> <span class='ocrx_word' id='word_1_380' title='bbox 457 1550 559 1586; x_wconf 81' lang='grc' dir='ltr'>ἀδελφὴ</span> <span class='ocrx_word' id='word_1_381' title='bbox 570 1571 577 1582; x_wconf 82' lang='grc'><strong>,</strong></span> <span class='ocrx_word' id='word_1_382' title='bbox 598 1550 644 1579; x_wconf 74' lang='grc' dir='ltr'>καὶ</span> <span class='ocrx_word' id='word_1_383' title='bbox 671 1549 705 1577; x_wconf 75' lang='grc' dir='ltr'>τὰ</span> <span class='ocrx_word' id='word_1_384' title='bbox 725 1550 807 1577; x_wconf 76' lang='grc' dir='ltr'>τέκνα</span> <span class='ocrx_word' id='word_1_385' title='bbox 825 1570 832 1583; x_wconf 84' lang='grc'>,</span> <span class='ocrx_word' id='word_1_386' title='bbox 861 1550 951 1583; x_wconf 82' lang='grc' dir='ltr'>καλῶς</span> <span class='ocrx_word' id='word_1_387' title='bbox 966 1550 1000 1578; x_wconf 80' lang='grc' dir='ltr'>ἂν</span> 
     </span>
    </p>
   </div>
   <div class='ocr_carea' id='block_1_52' title="bbox 207 1585 1033 1633">
    <p class='ocr_par' dir='ltr' id='par_1_52' title="bbox 207 1585 1033 1633">
     <span class='ocr_line' id='line_1_52' title="bbox 207 1585 1033 1633; baseline -0.001 -9"><span class='ocrx_word' id='word_1_388' title='bbox 207 1597 274 1633; x_wconf 78' lang='grc' dir='ltr'>εχοι,</span> <span class='ocrx_word' id='word_1_389' title='bbox 297 1585 345 1624; x_wconf 54' lang='grc' dir='ltr'>καὶ</span> <span class='ocrx_word' id='word_1_390' title='bbox 360 1585 398 1629; x_wconf 57' lang='grc' dir='ltr'>ὡς</span> <span class='ocrx_word' id='word_1_391' title='bbox 420 1585 585 1633; x_wconf 81' lang='grc' dir='ltr'>βουλόμεθα·</span> <span class='ocrx_word' id='word_1_392' title='bbox 614 1597 661 1624; x_wconf 73' lang='grc' dir='ltr'>καὶ</span> <span class='ocrx_word' id='word_1_393' title='bbox 680 1597 758 1624; x_wconf 70' lang='grc' dir='ltr'>αὐτοὶ</span> <span class='ocrx_word' id='word_1_394' title='bbox 775 1597 802 1624; x_wconf 85' lang='grc' dir='ltr'>δὲ</span> <span class='ocrx_word' id='word_1_395' title='bbox 827 1597 995 1633; x_wconf 86' lang='grc' dir='ltr'>ὑγιαίνομεν.</span> <span class='ocrx_word' id='word_1_396' title='bbox 1013 1585 1033 1614; x_wconf 82' lang='lat' dir='ltr'><strong><em>C</em></strong></span> 
     </span>
    </p>
   </div>
   <div class='ocr_carea' id='block_1_53' title="bbox 208 1643 998 1680">
    <p class='ocr_par' dir='ltr' id='par_1_53' title="bbox 208 1643 998 1680">
     <span class='ocr_line' id='line_1_53' title="bbox 208 1643 998 1680; baseline -0.003 -9"><span class='ocrx_word' id='word_1_397' title='bbox 208 1645 343 1677; x_wconf 77' lang='grc' dir='ltr'>Λαϐόντες</span> <span class='ocrx_word' id='word_1_398' title='bbox 359 1645 408 1680; x_wconf 82' lang='grc' dir='ltr'>τὴν</span> <span class='ocrx_word' id='word_1_399' title='bbox 425 1643 499 1680; x_wconf 79' lang='grc' dir='ltr'>παρὰ</span> <span class='ocrx_word' id='word_1_400' title='bbox 515 1643 561 1670; x_wconf 80' lang='grc' dir='ltr'>σοῦ</span> <span class='ocrx_word' id='word_1_401' title='bbox 579 1643 722 1678; x_wconf 79' lang='grc' dir='ltr'>ἐπιστολὴν</span> <span class='ocrx_word' id='word_1_402' title='bbox 733 1663 739 1675; x_wconf 86' lang='grc'>,</span> <span class='ocrx_word' id='word_1_403' title='bbox 758 1643 883 1678; x_wconf 76' lang='grc' dir='ltr'>μεγάλως</span> <span class='ocrx_word' id='word_1_404' title='bbox 898 1643 998 1679; x_wconf 69' lang='grc' dir='ltr'>ἐχάρη-</span> 
     </span>
    </p>
   </div>
   <div class='ocr_carea' id='block_1_54' title="bbox 209 1688 997 1726">
    <p class='ocr_par' dir='ltr' id='par_1_54' title="bbox 209 1688 997 1726">
     <span class='ocr_line' id='line_1_54' title="bbox 209 1688 997 1726; baseline -0.003 -8"><span class='ocrx_word' id='word_1_405' title='bbox 209 1699 259 1726; x_wconf 84' lang='grc' dir='ltr'><strong>μεν</strong></span> <span class='ocrx_word' id='word_1_406' title='bbox 273 1690 319 1718; x_wconf 81' lang='grc' dir='ltr'><strong>διὰ</strong></span> <span class='ocrx_word' id='word_1_407' title='bbox 331 1690 381 1726; x_wconf 82' lang='grc' dir='ltr'>τὴν</span> <span class='ocrx_word' id='word_1_408' title='bbox 393 1689 552 1725; x_wconf 79' lang='grc' dir='ltr'>προαίρεσίν</span> <span class='ocrx_word' id='word_1_409' title='bbox 565 1697 624 1719; x_wconf 85' lang='grc' dir='ltr'>σου,</span> <span class='ocrx_word' id='word_1_410' title='bbox 639 1689 686 1715; x_wconf 68' lang='grc' dir='ltr'><strong>καὶ</strong></span> <span class='ocrx_word' id='word_1_411' title='bbox 697 1688 745 1724; x_wconf 82' lang='grc' dir='ltr'>τὴν</span> <span class='ocrx_word' id='word_1_412' title='bbox 769 1689 915 1725; x_wconf 80' lang='grc' dir='ltr'>καλλίστην</span> <span class='ocrx_word' id='word_1_413' title='bbox 935 1689 997 1724; x_wconf 78' lang='grc' dir='ltr'>βου-</span> 
     </span>
    </p>
   </div>
   <div class='ocr_carea' id='block_1_55' title="bbox 208 1733 998 1772">
    <p class='ocr_par' dir='ltr' id='par_1_55' title="bbox 208 1733 998 1772">
     <span class='ocr_line' id='line_1_55' title="bbox 208 1733 998 1772; baseline -0.001 -10"><span class='ocrx_word' id='word_1_414' title='bbox 208 1736 268 1772; x_wconf 80' lang='grc' dir='ltr'>λὴν,</span> <span class='ocrx_word' id='word_1_415' title='bbox 279 1736 327 1763; x_wconf 74' lang='grc' dir='ltr'>καὶ</span> <span class='ocrx_word' id='word_1_416' title='bbox 340 1735 537 1769; x_wconf 80' lang='grc' dir='ltr'>συναγαγόντες</span> <span class='ocrx_word' id='word_1_417' title='bbox 548 1735 577 1761; x_wconf 82' lang='grc' dir='ltr'>τὸ</span> <span class='ocrx_word' id='word_1_418' title='bbox 589 1734 643 1761; x_wconf 81' lang='grc' dir='ltr'><strong>πᾶν</strong></span> <span class='ocrx_word' id='word_1_419' title='bbox 657 1733 768 1770; x_wconf 78' lang='grc' dir='ltr'>πλῆθος,</span> <span class='ocrx_word' id='word_1_420' title='bbox 783 1734 998 1770; x_wconf 79' lang='grc' dir='ltr'>παρανέγνωμεν</span> 
     </span>
    </p>
   </div>
   <div class='ocr_carea' id='block_1_56' title="bbox 209 1780 998 1819">
    <p class='ocr_par' dir='ltr' id='par_1_56' title="bbox 209 1780 998 1819">
     <span class='ocr_line' id='line_1_56' title="bbox 209 1780 998 1819; baseline -0.003 -10"><span class='ocrx_word' id='word_1_421' title='bbox 209 1783 294 1819; x_wconf 78' lang='grc' dir='ltr'>αὐτὴν</span> <span class='ocrx_word' id='word_1_422' title='bbox 304 1782 404 1814; x_wconf 73' lang='grc' dir='ltr'>αὐτοῖς,</span> <span class='ocrx_word' id='word_1_423' title='bbox 432 1781 465 1808; x_wconf 85' lang='lat' dir='ltr'><strong>&#39;t&#39;v&#39;</strong></span> <span class='ocrx_word' id='word_1_424' title='bbox 481 1780 604 1813; x_wconf 74' lang='grc' dir='ltr'>εἰδῶσιν,</span> <span class='ocrx_word' id='word_1_425' title='bbox 626 1781 657 1816; x_wconf 77' lang='grc' dir='ltr'>ἦν</span> <span class='ocrx_word' id='word_1_426' title='bbox 680 1780 752 1816; x_wconf 74' lang='grc' dir='ltr'>ἔχεις</span> <span class='ocrx_word' id='word_1_427' title='bbox 772 1781 840 1816; x_wconf 83' lang='grc' dir='ltr'>πρὸς</span> <span class='ocrx_word' id='word_1_428' title='bbox 866 1781 909 1807; x_wconf 81' lang='grc' dir='ltr'>τὸν</span> <span class='ocrx_word' id='word_1_429' title='bbox 931 1781 998 1807; x_wconf 83' lang='grc' dir='ltr'>Θεὸν</span> 
     </span>
    </p>
   </div>
   <div class='ocr_carea' id='block_1_57' title="bbox 207 1826 998 1863">
    <p class='ocr_par' dir='ltr' id='par_1_57' title="bbox 207 1826 998 1863">
     <span class='ocr_line' id='line_1_57' title="bbox 207 1826 998 1863; baseline -0.004 -8"><span class='ocrx_word' id='word_1_430' title='bbox 207 1827 287 1863; x_wconf 75' lang='grc' dir='ltr'>ἡμῶν</span> <span class='ocrx_word' id='word_1_431' title='bbox 302 1827 451 1854; x_wconf 76' lang='grc' dir='ltr'>εὐσέϐειαν.</span> <span class='ocrx_word' id='word_1_432' title='bbox 472 1826 664 1861; x_wconf 76' lang='grc' dir='ltr'>Ἀπεδείξαμεν</span> <span class='ocrx_word' id='word_1_433' title='bbox 678 1826 705 1852; x_wconf 80' lang='grc' dir='ltr'><strong>δὲ</strong></span> <span class='ocrx_word' id='word_1_434' title='bbox 723 1826 769 1853; x_wconf 71' lang='grc' dir='ltr'><strong>καὶ</strong></span> <span class='ocrx_word' id='word_1_435' title='bbox 782 1826 831 1858; x_wconf 79' lang='grc' dir='ltr'><strong>τὰς</strong></span> <span class='ocrx_word' id='word_1_436' title='bbox 846 1826 952 1860; x_wconf 79' lang='grc' dir='ltr'>φιάλας,</span> <span class='ocrx_word' id='word_1_437' title='bbox 965 1826 998 1858; x_wconf 82' lang='grc' dir='ltr'><strong>ἃς</strong></span> 
     </span>
    </p>
   </div>
   <div class='ocr_carea' id='block_1_58' title="bbox 209 1872 997 1909">
    <p class='ocr_par' dir='ltr' id='par_1_58' title="bbox 209 1872 997 1909">
     <span class='ocr_line' id='line_1_58' title="bbox 209 1872 997 1909; baseline -0.003 -8"><span class='ocrx_word' id='word_1_438' title='bbox 209 1873 369 1904; x_wconf 76' lang='grc' dir='ltr'>ἀπέστειλας</span> <span class='ocrx_word' id='word_1_439' title='bbox 389 1874 492 1909; x_wconf 79' lang='grc' dir='ltr'>χρυσᾶς</span> <span class='ocrx_word' id='word_1_440' title='bbox 511 1872 616 1905; x_wconf 80' lang='grc' dir='ltr'>εἴκοσι,</span> <span class='ocrx_word' id='word_1_441' title='bbox 633 1873 680 1899; x_wconf 75' lang='grc' dir='ltr'>καὶ</span> <span class='ocrx_word' id='word_1_442' title='bbox 697 1873 821 1908; x_wconf 80' lang='grc' dir='ltr'>ἀργυρᾶς</span> <span class='ocrx_word' id='word_1_443' title='bbox 841 1872 997 1908; x_wconf 84' lang='grc' dir='ltr'>τριάκοντα,</span> 
     </span>
    </p>
   </div>
   <div class='ocr_carea' id='block_1_59' title="bbox 209 1919 999 1955">
    <p class='ocr_par' dir='ltr' id='par_1_59' title="bbox 209 1919 999 1955">
     <span class='ocr_line' id='line_1_59' title="bbox 209 1919 999 1955; baseline -0.001 -8"><span class='ocrx_word' id='word_1_444' title='bbox 209 1919 349 1955; x_wconf 73' lang='grc' dir='ltr'>κρατῆρας</span> <span class='ocrx_word' id='word_1_445' title='bbox 363 1919 453 1950; x_wconf 78' lang='grc' dir='ltr'>πέντε,</span> <span class='ocrx_word' id='word_1_446' title='bbox 467 1920 513 1946; x_wconf 69' lang='grc' dir='ltr'>καὶ</span> <span class='ocrx_word' id='word_1_447' title='bbox 524 1919 663 1955; x_wconf 73' lang='grc' dir='ltr'>τράπεζαν</span> <span class='ocrx_word' id='word_1_448' title='bbox 677 1920 716 1952; x_wconf 84' lang='grc' dir='ltr'><strong>είς</strong></span> <span class='ocrx_word' id='word_1_449' title='bbox 733 1919 860 1947; x_wconf 84' lang='grc' dir='ltr'>ἀνάθεσιν</span> <span class='ocrx_word' id='word_1_450' title='bbox 873 1939 880 1951; x_wconf 87' lang='lat'><strong>,</strong></span> <span class='ocrx_word' id='word_1_451' title='bbox 897 1920 943 1946; x_wconf 83' lang='grc' dir='ltr'>καὶ</span> <span class='ocrx_word' id='word_1_452' title='bbox 960 1921 999 1951; x_wconf 84' lang='grc' dir='ltr'><strong>είς</strong></span> 
     </span>
    </p>
   </div>
   <div class='ocr_carea' id='block_1_60' title="bbox 211 1961 1000 2002">
    <p class='ocr_par' dir='ltr' id='par_1_60' title="bbox 211 1961 1000 2002">
     <span class='ocr_line' id='line_1_60' title="bbox 211 1961 1000 2002; baseline 0 -10"><span class='ocrx_word' id='word_1_453' title='bbox 211 1965 391 2002; x_wconf 80' lang='grc' dir='ltr'>προσαγωγὴν</span> <span class='ocrx_word' id='word_1_454' title='bbox 406 1965 517 1997; x_wconf 83' lang='grc' dir='ltr'>θυσιῶν,</span> <span class='ocrx_word' id='word_1_455' title='bbox 531 1966 578 1992; x_wconf 74' lang='grc' dir='ltr'>καὶ</span> <span class='ocrx_word' id='word_1_456' title='bbox 595 1966 634 1997; x_wconf 84' lang='grc' dir='ltr'><strong>είς</strong></span> <span class='ocrx_word' id='word_1_457' title='bbox 647 1966 803 1998; x_wconf 77' lang='grc' dir='ltr'>ἐπισκευὰς,</span> <span class='ocrx_word' id='word_1_458' title='bbox 816 1961 854 1992; x_wconf 82' lang='grc' dir='ltr'>ὧν</span> <span class='ocrx_word' id='word_1_459' title='bbox 868 1966 1000 2002; x_wconf 80' lang='grc' dir='ltr'>προσδέη-</span> 
     </span>
    </p>
   </div>
   <div class='ocr_carea' id='block_1_61' title="bbox 210 2010 998 2048">
    <p class='ocr_par' dir='ltr' id='par_1_61' title="bbox 210 2010 998 2048">
     <span class='ocr_line' id='line_1_61' title="bbox 210 2010 998 2048; baseline 0.003 -11"><span class='ocrx_word' id='word_1_460' title='bbox 210 2019 254 2037; x_wconf 86' lang='grc' dir='ltr'><strong>ται</strong></span> <span class='ocrx_word' id='word_1_461' title='bbox 264 2010 294 2037; x_wconf 71' lang='grc' dir='ltr'>τδ</span> <span class='ocrx_word' id='word_1_462' title='bbox 311 2011 394 2047; x_wconf 78' lang='grc' dir='ltr'>ἱερὸν,</span> <span class='ocrx_word' id='word_1_463' title='bbox 406 2011 537 2047; x_wconf 76' lang='grc' dir='ltr'>ἀργυρίου</span> <span class='ocrx_word' id='word_1_464' title='bbox 551 2011 669 2038; x_wconf 78' lang='grc' dir='ltr'>τάλαντα</span> <span class='ocrx_word' id='word_1_465' title='bbox 684 2012 790 2044; x_wconf 75' lang='grc' dir='ltr'>ἑκατὸν,</span> <span class='ocrx_word' id='word_1_466' title='bbox 819 2012 890 2048; x_wconf 75' lang='grc' dir='ltr'>ἅπερ</span> <span class='ocrx_word' id='word_1_467' title='bbox 905 2013 998 2048; x_wconf 78' lang='grc' dir='ltr'>ἐκόμι-</span> 
     </span>
    </p>
   </div>
   <div class='ocr_carea' id='block_1_62' title="bbox 211 2056 999 2094">
    <p class='ocr_par' dir='ltr' id='par_1_62' title="bbox 211 2056 999 2094">
     <span class='ocr_line' id='line_1_62' title="bbox 211 2056 999 2094; baseline 0.003 -12"><span class='ocrx_word' id='word_1_468' title='bbox 211 2064 257 2083; x_wconf 86' lang='grc' dir='ltr'><strong>σεν</strong></span> <span class='ocrx_word' id='word_1_469' title='bbox 277 2056 403 2092; x_wconf 74' lang='grc' dir='ltr'>Ἀνδρέας</span> <span class='ocrx_word' id='word_1_470' title='bbox 420 2057 474 2083; x_wconf 78' lang='grc' dir='ltr'><strong>τῶν</strong></span> <span class='ocrx_word' id='word_1_471' title='bbox 487 2057 674 2092; x_wconf 80' lang='grc' dir='ltr'>τετιμημένων</span> <span class='ocrx_word' id='word_1_472' title='bbox 689 2058 762 2093; x_wconf 80' lang='grc' dir='ltr'>παρὰ</span> <span class='ocrx_word' id='word_1_473' title='bbox 781 2058 832 2091; x_wconf 84' lang='grc' dir='ltr'>σοὶ,</span> <span class='ocrx_word' id='word_1_474' title='bbox 855 2058 901 2086; x_wconf 77' lang='grc' dir='ltr'>καὶ</span> <span class='ocrx_word' id='word_1_475' title='bbox 927 2059 999 2094; x_wconf 80' lang='grc' dir='ltr'>Ἀρι-</span> 
     </span>
    </p>
   </div>
   <div class='ocr_carea' id='block_1_63' title="bbox 213 2102 1000 2140">
    <p class='ocr_par' dir='ltr' id='par_1_63' title="bbox 213 2102 1000 2140">
     <span class='ocr_line' id='line_1_63' title="bbox 213 2102 1000 2140; baseline 0.004 -11"><span class='ocrx_word' id='word_1_476' title='bbox 213 2104 313 2134; x_wconf 78' lang='grc' dir='ltr'>σταῖος,</span> <span class='ocrx_word' id='word_1_477' title='bbox 328 2102 423 2138; x_wconf 75' lang='grc' dir='ltr'>ἄνδρες</span> <span class='ocrx_word' id='word_1_478' title='bbox 433 2103 510 2130; x_wconf 69' lang='grc' dir='ltr'>καλοὶ</span> <span class='ocrx_word' id='word_1_479' title='bbox 527 2103 574 2130; x_wconf 69' lang='grc' dir='ltr'>καὶ</span> <span class='ocrx_word' id='word_1_480' title='bbox 586 2103 693 2138; x_wconf 67' lang='grc' dir='ltr'>ἀγαθοὶ,</span> <span class='ocrx_word' id='word_1_481' title='bbox 710 2104 756 2130; x_wconf 74' lang='grc' dir='ltr'>καὶ</span> <span class='ocrx_word' id='word_1_482' title='bbox 780 2104 889 2140; x_wconf 78' lang='grc' dir='ltr'>παιδείᾳ</span> <span class='ocrx_word' id='word_1_483' title='bbox 907 2105 1000 2139; x_wconf 81' lang='grc' dir='ltr'>διαφέ-</span> 
     </span>
    </p>
   </div>
   <div class='ocr_carea' id='block_1_64' title="bbox 213 2149 999 2186">
    <p class='ocr_par' dir='ltr' id='par_1_64' title="bbox 213 2149 999 2186">
     <span class='ocr_line' id='line_1_64' title="bbox 213 2149 999 2186; baseline 0.004 -12"><span class='ocrx_word' id='word_1_484' title='bbox 213 2157 319 2184; x_wconf 83' lang='grc' dir='ltr'>ροντες,</span> <span class='ocrx_word' id='word_1_485' title='bbox 341 2149 388 2175; x_wconf 73' lang='grc' dir='ltr'>καὶ</span> <span class='ocrx_word' id='word_1_486' title='bbox 410 2149 460 2184; x_wconf 85' lang='grc' dir='ltr'>τῆς</span> <span class='ocrx_word' id='word_1_487' title='bbox 480 2149 530 2184; x_wconf 79' lang='grc' dir='ltr'>σῆς</span> <span class='ocrx_word' id='word_1_488' title='bbox 554 2149 665 2186; x_wconf 79' lang='grc' dir='ltr'>ἀγωγῆς</span> <span class='ocrx_word' id='word_1_489' title='bbox 679 2150 727 2177; x_wconf 73' lang='grc' dir='ltr'>καὶ</span> <span class='ocrx_word' id='word_1_490' title='bbox 747 2150 918 2186; x_wconf 74' lang='grc' dir='ltr'>δικαιοσύνης</span> <span class='ocrx_word' id='word_1_491' title='bbox 930 2151 999 2183; x_wconf 79' lang='grc' dir='ltr'>ἄξιοι</span> 
     </span>
    </p>
   </div>
   <div class='ocr_carea' id='block_1_65' title="bbox 213 2193 998 2232">
    <p class='ocr_par' dir='ltr' id='par_1_65' title="bbox 213 2193 998 2232">
     <span class='ocr_line' id='line_1_65' title="bbox 213 2193 998 2232; baseline 0.004 -12"><span class='ocrx_word' id='word_1_492' title='bbox 213 2194 284 2221; x_wconf 74' lang='grc' dir='ltr'>κατὰ.</span> <span class='ocrx_word' id='word_1_493' title='bbox 296 2194 393 2221; x_wconf 77' lang='grc' dir='ltr'>πάντα.</span> <span class='ocrx_word' id='word_1_494' title='bbox 411 2193 443 2222; x_wconf 83' lang='grc' dir='ltr'><strong>Οἳ</strong></span> <span class='ocrx_word' id='word_1_495' title='bbox 466 2195 512 2223; x_wconf 71' lang='grc' dir='ltr'>καὶ</span> <span class='ocrx_word' id='word_1_496' title='bbox 528 2196 683 2231; x_wconf 70' lang='grc' dir='ltr'>μετέδωκαν</span> <span class='ocrx_word' id='word_1_497' title='bbox 700 2197 766 2232; x_wconf 80' lang='grc' dir='ltr'>ἡμῖν</span> <span class='ocrx_word' id='word_1_498' title='bbox 790 2196 823 2224; x_wconf 79' lang='grc' dir='ltr'><strong>τὰ</strong></span> <span class='ocrx_word' id='word_1_499' title='bbox 844 2197 919 2232; x_wconf 74' lang='grc' dir='ltr'>παρὰ</span> <span class='ocrx_word' id='word_1_500' title='bbox 941 2197 998 2229; x_wconf 72' lang='grc' dir='ltr'>σοῦ,</span> 
     </span>
    </p>
   </div>
   <div class='ocr_carea' id='block_1_66' title="bbox 212 2240 1038 2290">
    <p class='ocr_par' dir='ltr' id='par_1_66' title="bbox 212 2240 1038 2290">
     <span class='ocr_line' id='line_1_66' title="bbox 212 2240 1038 2290; baseline 0.004 -24"><span class='ocrx_word' id='word_1_501' title='bbox 212 2240 280 2290; x_wconf 64' lang='grc' dir='ltr'>πρὸς</span> <span class='ocrx_word' id='word_1_502' title='bbox 306 2240 323 2267; x_wconf 80' lang='grc' dir='ltr'><strong>ἃ.</strong></span> <span class='ocrx_word' id='word_1_503' title='bbox 338 2241 384 2268; x_wconf 80' lang='grc' dir='ltr'>καὶ</span> <span class='ocrx_word' id='word_1_504' title='bbox 408 2240 472 2276; x_wconf 83' lang='grc' dir='ltr'>παρ’</span> <span class='ocrx_word' id='word_1_505' title='bbox 488 2241 568 2276; x_wconf 75' lang='grc' dir='ltr'>ἡμῶν</span> <span class='ocrx_word' id='word_1_506' title='bbox 600 2242 750 2278; x_wconf 83' lang='grc' dir='ltr'>ἀκηκόασιν</span> <span class='ocrx_word' id='word_1_507' title='bbox 775 2241 928 2279; x_wconf 80' lang='grc' dir='ltr'>ἁρμόζοντα</span> <span class='ocrx_word' id='word_1_508' title='bbox 944 2245 999 2275; x_wconf 79' lang='grc' dir='ltr'>τοῖς</span> <span class='ocrx_word' id='word_1_509' title='bbox 1017 2263 1038 2290; x_wconf 74' lang='lat' dir='ltr'><strong>D</strong></span> 
     </span>
    </p>
   </div>
   <div class='ocr_carea' id='block_1_67' title="bbox 214 2287 1000 2325">
    <p class='ocr_par' dir='ltr' id='par_1_67' title="bbox 214 2287 1000 2325">
     <span class='ocr_line' id='line_1_67' title="bbox 214 2287 1000 2325; baseline 0.004 -13"><span class='ocrx_word' id='word_1_510' title='bbox 214 2287 269 2318; x_wconf 84' lang='grc' dir='ltr'>σοῖς</span> <span class='ocrx_word' id='word_1_511' title='bbox 280 2287 432 2322; x_wconf 81' lang='grc' dir='ltr'>πράγμασι.</span> <span class='ocrx_word' id='word_1_512' title='bbox 448 2287 540 2314; x_wconf 84' lang='grc' dir='ltr'>Πάντα</span> <span class='ocrx_word' id='word_1_513' title='bbox 554 2288 607 2324; x_wconf 74' lang='grc' dir='ltr'><strong>γὰρ</strong></span> <span class='ocrx_word' id='word_1_514' title='bbox 623 2288 673 2314; x_wconf 87' lang='grc' dir='ltr'>ὃσα</span> <span class='ocrx_word' id='word_1_515' title='bbox 687 2297 728 2315; x_wconf 89' lang='grc' dir='ltr'><strong>σοι</strong></span> <span class='ocrx_word' id='word_1_516' title='bbox 742 2289 874 2325; x_wconf 84' lang='grc' dir='ltr'>συμφέρει</span> <span class='ocrx_word' id='word_1_517' title='bbox 886 2309 893 2322; x_wconf 83' lang='grc'><em>,</em></span> <span class='ocrx_word' id='word_1_518' title='bbox 911 2289 957 2316; x_wconf 75' lang='grc' dir='ltr'>καὶ</span> <span class='ocrx_word' id='word_1_519' title='bbox 976 2290 1000 2315; x_wconf 84' lang='grc' dir='ltr'>εἰ</span> 
     </span>
    </p>
   </div>
   <div class='ocr_carea' id='block_1_68' title="bbox 213 2332 1001 2370">
    <p class='ocr_par' dir='ltr' id='par_1_68' title="bbox 213 2332 1001 2370">
     <span class='ocr_line' id='line_1_68' title="bbox 213 2332 1001 2370; baseline 0.004 -12"><span class='ocrx_word' id='word_1_520' title='bbox 213 2332 288 2368; x_wconf 73' lang='grc' dir='ltr'>παρὰ</span> <span class='ocrx_word' id='word_1_521' title='bbox 305 2332 385 2367; x_wconf 82' lang='grc' dir='ltr'>φύσιν</span> <span class='ocrx_word' id='word_1_522' title='bbox 400 2333 473 2360; x_wconf 71' lang='grc' dir='ltr'>ἐστὶν</span> <span class='ocrx_word' id='word_1_523' title='bbox 483 2333 588 2368; x_wconf 65' lang='grc' dir='ltr'><strong>(Ην-45)</strong></span> <span class='ocrx_word' id='word_1_524' title='bbox 600 2353 606 2365; x_wconf 89' lang='grc'>,</span> <span class='ocrx_word' id='word_1_525' title='bbox 623 2334 842 2370; x_wconf 82' lang='grc' dir='ltr'>ὑπακουσόμεθα.</span> <span class='ocrx_word' id='word_1_526' title='bbox 854 2335 939 2362; x_wconf 82' lang='grc' dir='ltr'>Τοῦτο</span> <span class='ocrx_word' id='word_1_527' title='bbox 948 2335 1001 2370; x_wconf 75' lang='grc' dir='ltr'><strong>γὰρ</strong></span> 
     </span>
    </p>
   </div>
   <div class='ocr_carea' id='block_1_69' title="bbox 214 2378 1002 2417">
    <p class='ocr_par' dir='ltr' id='par_1_69' title="bbox 214 2378 1002 2417">
     <span class='ocr_line' id='line_1_69' title="bbox 214 2378 1002 2417; baseline 0.003 -13"><span class='ocrx_word' id='word_1_528' title='bbox 214 2378 304 2412; x_wconf 82' lang='grc' dir='ltr'>φιλίας</span> <span class='ocrx_word' id='word_1_529' title='bbox 315 2379 361 2405; x_wconf 75' lang='grc' dir='ltr'>καὶ</span> <span class='ocrx_word' id='word_1_530' title='bbox 372 2378 538 2415; x_wconf 79' lang='grc' dir='ltr'>ἀγαπήσεώς</span> <span class='ocrx_word' id='word_1_531' title='bbox 552 2380 610 2405; x_wconf 79' lang='grc' dir='ltr'>ἐστι</span> <span class='ocrx_word' id='word_1_532' title='bbox 626 2381 746 2416; x_wconf 83' lang='grc' dir='ltr'>σημεῖον.</span> <span class='ocrx_word' id='word_1_533' title='bbox 760 2380 873 2417; x_wconf 84' lang='grc' dir='ltr'>Μεγάλα</span> <span class='ocrx_word' id='word_1_534' title='bbox 885 2381 939 2416; x_wconf 79' lang='grc' dir='ltr'>γὰρ</span> <span class='ocrx_word' id='word_1_535' title='bbox 955 2381 1002 2408; x_wconf 80' lang='grc' dir='ltr'>καὶ</span> 
     </span>
    </p>
   </div>
   <div class='ocr_carea' id='block_1_70' title="bbox 211 2424 1002 2468">
    <p class='ocr_par' dir='ltr' id='par_1_70' title="bbox 211 2424 1002 2468">
     <span class='ocr_line' id='line_1_70' title="bbox 211 2424 1002 2468; baseline 0.005 -18"><span class='ocrx_word' id='word_1_536' title='bbox 211 2424 380 2460; x_wconf 76' lang='grc' dir='ltr'>ὰνεπίληστα</span> <span class='ocrx_word' id='word_1_537' title='bbox 391 2425 454 2457; x_wconf 79' lang='grc' dir='ltr'>τοὺς</span> <span class='ocrx_word' id='word_1_538' title='bbox 467 2425 579 2456; x_wconf 81' lang='grc' dir='ltr'>πολίτας</span> <span class='ocrx_word' id='word_1_539' title='bbox 591 2425 669 2468; x_wconf 67' lang='grc' dir='ltr'>ἡμῶν</span> <span class='ocrx_word' id='word_1_540' title='bbox 679 2427 749 2454; x_wconf 81' lang='grc' dir='ltr'>κατὰ</span> <span class='ocrx_word' id='word_1_541' title='bbox 762 2427 876 2459; x_wconf 86' lang='grc' dir='ltr'>πολλοὺς</span> <span class='ocrx_word' id='word_1_542' title='bbox 886 2426 1002 2463; x_wconf 85' lang='grc' dir='ltr'>τρόπους</span> 
     </span>
    </p>
   </div>
   <div class='ocr_carea' id='block_1_71' title="bbox 211 2469 1001 2509">
    <p class='ocr_par' dir='ltr' id='par_1_71' title="bbox 211 2469 1001 2509">
     <span class='ocr_line' id='line_1_71' title="bbox 211 2469 1001 2509; baseline 0.003 -12"><span class='ocrx_word' id='word_1_543' title='bbox 211 2470 414 2506; x_wconf 78' lang='grc' dir='ltr'>εὖεργέτηκας·</span> <span class='ocrx_word' id='word_1_544' title='bbox 441 2470 542 2502; x_wconf 80' lang='grc' dir='ltr'>εὐθέως</span> <span class='ocrx_word' id='word_1_545' title='bbox 562 2469 612 2498; x_wconf 73' lang='grc' dir='ltr'>οὖν</span> <span class='ocrx_word' id='word_1_546' title='bbox 634 2472 845 2509; x_wconf 79' lang='grc' dir='ltr'>προσηγάγομεν</span> <span class='ocrx_word' id='word_1_547' title='bbox 866 2473 936 2509; x_wconf 82' lang='grc' dir='ltr'>ὑπὲρ</span> <span class='ocrx_word' id='word_1_548' title='bbox 954 2472 1001 2499; x_wconf 81' lang='grc' dir='ltr'>σοῦ</span> 
     </span>
    </p>
   </div>
   <div class='ocr_carea' id='block_1_72' title="bbox 211 2515 1003 2554">
    <p class='ocr_par' dir='ltr' id='par_1_72' title="bbox 211 2515 1003 2554">
     <span class='ocr_line' id='line_1_72' title="bbox 211 2515 1003 2554; baseline 0.003 -11"><span class='ocrx_word' id='word_1_549' title='bbox 211 2515 242 2543; x_wconf 86' lang='grc' dir='ltr'><strong>ου</strong></span> <span class='ocrx_word' id='word_1_550' title='bbox 249 2516 319 2548; x_wconf 80' lang='grc' dir='ltr'>σίας,</span> <span class='ocrx_word' id='word_1_551' title='bbox 337 2517 447 2553; x_wconf 75' lang='grc' dir='ltr'>καὶτῆς</span> <span class='ocrx_word' id='word_1_552' title='bbox 460 2517 576 2553; x_wconf 82' lang='grc' dir='ltr'>ἀδελφῆς</span> <span class='ocrx_word' id='word_1_553' title='bbox 590 2517 644 2554; x_wconf 74' lang='grc'><strong>(46)</strong></span> <span class='ocrx_word' id='word_1_554' title='bbox 663 2519 710 2545; x_wconf 75' lang='grc' dir='ltr'>καὶ</span> <span class='ocrx_word' id='word_1_555' title='bbox 733 2518 787 2545; x_wconf 83' lang='grc' dir='ltr'>τῶν</span> <span class='ocrx_word' id='word_1_556' title='bbox 810 2518 931 2551; x_wconf 76' lang='grc' dir='ltr'>τέκνων,</span> <span class='ocrx_word' id='word_1_557' title='bbox 956 2520 1003 2545; x_wconf 81' lang='grc' dir='ltr'>καὶ</span> 
     </span>
    </p>
   </div>
   <div class='ocr_carea' id='block_1_73' title="bbox 210 2561 1003 2601">
    <p class='ocr_par' dir='ltr' id='par_1_73' title="bbox 210 2561 1003 2601">
     <span class='ocr_line' id='line_1_73' title="bbox 210 2561 1003 2601; baseline 0.005 -12"><span class='ocrx_word' id='word_1_558' title='bbox 210 2561 268 2589; x_wconf 84' lang='grc' dir='ltr'>τῶν</span> <span class='ocrx_word' id='word_1_559' title='bbox 283 2562 381 2598; x_wconf 81' lang='grc' dir='ltr'>φίλων·</span> <span class='ocrx_word' id='word_1_560' title='bbox 399 2563 445 2590; x_wconf 77' lang='grc' dir='ltr'>καὶ</span> <span class='ocrx_word' id='word_1_561' title='bbox 461 2563 564 2599; x_wconf 66' lang='grc' dir='ltr'>ηὔξατο</span> <span class='ocrx_word' id='word_1_562' title='bbox 578 2564 630 2592; x_wconf 80' lang='grc' dir='ltr'><strong>πᾶν</strong></span> <span class='ocrx_word' id='word_1_563' title='bbox 640 2564 671 2592; x_wconf 79' lang='grc' dir='ltr'>τὸ</span> <span class='ocrx_word' id='word_1_564' title='bbox 685 2565 797 2601; x_wconf 81' lang='grc' dir='ltr'>πλῆθος,</span> <span class='ocrx_word' id='word_1_565' title='bbox 812 2565 855 2592; x_wconf 84' lang='grc' dir='ltr'><strong>ἴνα</strong></span> <span class='ocrx_word' id='word_1_566' title='bbox 870 2574 910 2592; x_wconf 88' lang='grc' dir='ltr'><strong>σοι</strong></span> <span class='ocrx_word' id='word_1_567' title='bbox 923 2565 1003 2601; x_wconf 83' lang='grc' dir='ltr'>γένη-</span> 
     </span>
    </p>
   </div>
   <div class='ocr_carea' id='block_1_74' title="bbox 210 2608 1002 2648">
    <p class='ocr_par' dir='ltr' id='par_1_74' title="bbox 210 2608 1002 2648">
     <span class='ocr_line' id='line_1_74' title="bbox 210 2608 1002 2648; baseline 0.003 -12"><span class='ocrx_word' id='word_1_568' title='bbox 210 2617 255 2636; x_wconf 85' lang='grc' dir='ltr'><strong>ται</strong></span> <span class='ocrx_word' id='word_1_569' title='bbox 270 2608 362 2641; x_wconf 80' lang='grc' dir='ltr'>καθὼς</span> <span class='ocrx_word' id='word_1_570' title='bbox 377 2612 496 2646; x_wconf 81' lang='grc' dir='ltr'>προαιρῇ</span> <span class='ocrx_word' id='word_1_571' title='bbox 513 2610 557 2637; x_wconf 76' lang='grc' dir='ltr'>διὰ</span> <span class='ocrx_word' id='word_1_572' title='bbox 568 2611 677 2644; x_wconf 76' lang='grc' dir='ltr'>παντὸς,</span> <span class='ocrx_word' id='word_1_573' title='bbox 691 2611 738 2639; x_wconf 78' lang='grc' dir='ltr'>καὶ</span> <span class='ocrx_word' id='word_1_574' title='bbox 752 2611 872 2648; x_wconf 83' lang='grc' dir='ltr'>διασώζῃ</span> <span class='ocrx_word' id='word_1_575' title='bbox 897 2620 937 2638; x_wconf 88' lang='grc' dir='ltr'><strong>σοι</strong></span> <span class='ocrx_word' id='word_1_576' title='bbox 953 2612 1002 2647; x_wconf 85' lang='grc' dir='ltr'>τὴν</span> 
     </span>
    </p>
   </div>
   <div class='ocr_carea' id='block_1_75' title="bbox 214 2654 1002 2694">
    <p class='ocr_par' dir='ltr' id='par_1_75' title="bbox 214 2654 1002 2694">
     <span class='ocr_line' id='line_1_75' title="bbox 214 2654 1002 2694; baseline 0.005 -13"><span class='ocrx_word' id='word_1_577' title='bbox 214 2654 352 2689; x_wconf 71' lang='grc' dir='ltr'>βασιλείαν</span> <span class='ocrx_word' id='word_1_578' title='bbox 367 2656 396 2684; x_wconf 79' lang='grc' dir='ltr'>ὲν</span> <span class='ocrx_word' id='word_1_579' title='bbox 410 2655 506 2692; x_wconf 83' lang='grc' dir='ltr'>εἰρήνῃ</span> <span class='ocrx_word' id='word_1_580' title='bbox 524 2656 592 2692; x_wconf 82' lang='grc' dir='ltr'>μετὰ</span> <span class='ocrx_word' id='word_1_581' title='bbox 607 2656 686 2694; x_wconf 77' lang='grc' dir='ltr'>δόξης</span> <span class='ocrx_word' id='word_1_582' title='bbox 698 2658 712 2684; x_wconf 85' lang='grc' dir='ltr'><strong>ό</strong></span> <span class='ocrx_word' id='word_1_583' title='bbox 726 2657 860 2694; x_wconf 83' lang='grc' dir='ltr'>κυριεύων</span> <span class='ocrx_word' id='word_1_584' title='bbox 874 2658 1002 2685; x_wconf 73' lang='grc' dir='ltr'>ἁπάντων</span> 
     </span>
    </p>
   </div>
   <div class='ocr_carea' id='block_1_76' title="bbox 251 2721 1003 2785">
    <p class='ocr_par' dir='ltr' id='par_1_76' title="bbox 251 2721 1003 2785">
     <span class='ocr_line' id='line_1_76' title="bbox 251 2721 1003 2785; baseline 0.005 -36"><span class='ocrx_word' id='word_1_585' title='bbox 251 2721 308 2785; x_wconf 49' lang='grc' dir='ltr'><strong>(4η</strong></span> <span class='ocrx_word' id='word_1_586' title='bbox 324 2722 385 2750; x_wconf 76' lang='grc' dir='ltr'><strong>Τῶν</strong></span> <span class='ocrx_word' id='word_1_587' title='bbox 397 2723 738 2759; x_wconf 74' lang='grc' dir='ltr'>ἁρχισωματοφυλάκων.</span> <span class='ocrx_word' id='word_1_588' title='bbox 760 2724 860 2753; x_wconf 83' lang='lat' dir='ltr'><strong>Excus.</strong></span> <span class='ocrx_word' id='word_1_589' title='bbox 875 2725 958 2753; x_wconf 77' lang='lat' dir='ltr'><strong>Arist.</strong></span> <span class='ocrx_word' id='word_1_590' title='bbox 975 2730 1003 2753; x_wconf 88' lang='lat' dir='ltr'><strong>et</strong></span> 
     </span>
     <span class='ocr_line' id='line_1_77' title="bbox 251 2758 1003 2785; baseline 0 0"><span class='ocrx_word' id='word_1_591' title='bbox 251 2766 296 2785; x_wconf 79' lang='lat' dir='ltr'><strong>set)</strong></span> <span class='ocrx_word' id='word_1_592' title='bbox 307 2766 338 2785; x_wconf 78' lang='grc' dir='ltr'><strong>ι..</strong></span> <span class='ocrx_word' id='word_1_593' title='bbox 356 2758 400 2784; x_wconf 75' lang='grc' dir='ltr'>τὸν</span> <span class='ocrx_word' id='word_1_594' title='bbox 423 2759 717 2785; x_wconf 71' lang='grc' dir='ltr'>ἀογισωιιατοιούλακα.</span> <span class='ocrx_word' id='word_1_595' title='bbox 731 2760 797 2785; x_wconf 72' lang='lat' dir='ltr'><strong>Ome</strong></span> <span class='ocrx_word' id='word_1_596' title='bbox 813 2761 892 2785; x_wconf 58' lang='lat' dir='ltr'><strong>lectio</strong></span> <span class='ocrx_word' id='word_1_597' title='bbox 916 2761 1003 2785; x_wconf 79' lang='lat' dir='ltr'><strong>lmini-</strong></span> 
     </span>
    </p>
   </div>
   <div class='ocr_carea' id='block_1_77' title="bbox 215 2756 1003 2798">
    <p class='ocr_par' dir='ltr' id='par_1_77' title="bbox 215 2756 1003 2798">
     <span class='ocr_line' id='line_1_78' title="bbox 215 2756 1003 2798; baseline 0.005 -14"><span class='ocrx_word' id='word_1_598' title='bbox 215 2756 400 2798; x_wconf 51' lang='grc' dir='ltr'>«Ιοέερίιητὸν</span> <span class='ocrx_word' id='word_1_599' title='bbox 415 2756 717 2798; x_wconf 24' lang='grc' dir='ltr'>ᾉᾶρχισωματόφύλακα.</span> <span class='ocrx_word' id='word_1_600' title='bbox 731 2760 797 2798; x_wconf 74' lang='lat' dir='ltr'><strong>Qua:</strong></span> <span class='ocrx_word' id='word_1_601' title='bbox 813 2761 892 2788; x_wconf 81' lang='lat' dir='ltr'><strong>lectio</strong></span> <span class='ocrx_word' id='word_1_602' title='bbox 915 2761 1003 2788; x_wconf 78' lang='lat' dir='ltr'><strong>horni-</strong></span> 
     </span>
    </p>
   </div>
   <div class='ocr_carea' id='block_1_78' title="bbox 218 2793 1001 2829">
    <p class='ocr_par' dir='ltr' id='par_1_78' title="bbox 218 2793 1001 2829">
     <span class='ocr_line' id='line_1_79' title="bbox 218 2793 1001 2829; baseline 0.008 -11"><span class='ocrx_word' id='word_1_603' title='bbox 218 2793 260 2819; x_wconf 87' lang='lat' dir='ltr'><strong>nis</strong></span> <span class='ocrx_word' id='word_1_604' title='bbox 276 2793 402 2828; x_wconf 74' lang='lat' dir='ltr'><strong>dignitati</strong></span> <span class='ocrx_word' id='word_1_605' title='bbox 416 2793 496 2826; x_wconf 67' lang='lat' dir='ltr'><strong>favet,</strong></span> <span class='ocrx_word' id='word_1_606' title='bbox 513 2793 556 2822; x_wconf 81' lang='lat' dir='ltr'><strong>cui</strong></span> <span class='ocrx_word' id='word_1_607' title='bbox 571 2793 674 2822; x_wconf 87' lang='lat' dir='ltr'><strong>tantum</strong></span> <span class='ocrx_word' id='word_1_608' title='bbox 691 2796 801 2823; x_wconf 82' lang='lat' dir='ltr'><strong>accedat</strong></span> <span class='ocrx_word' id='word_1_609' title='bbox 823 2804 935 2824; x_wconf 85' lang='lat' dir='ltr'><strong>necesse</strong></span> <span class='ocrx_word' id='word_1_610' title='bbox 949 2802 1001 2829; x_wconf 84' lang='lat' dir='ltr'><strong>est,</strong></span> 
     </span>
    </p>
   </div>
   <div class='ocr_carea' id='block_1_79' title="bbox 220 2829 674 2862">
    <p class='ocr_par' dir='ltr' id='par_1_79' title="bbox 220 2829 674 2862">
     <span class='ocr_line' id='line_1_80' title="bbox 220 2829 674 2862; baseline 0.009 -8"><span class='ocrx_word' id='word_1_611' title='bbox 220 2833 350 2862; x_wconf 81' lang='lat' dir='ltr'><strong>quantum</strong></span> <span class='ocrx_word' id='word_1_612' title='bbox 371 2829 522 2856; x_wconf 82' lang='lat' dir='ltr'><strong>detrahitur</strong></span> <span class='ocrx_word' id='word_1_613' title='bbox 535 2838 567 2858; x_wconf 74' lang='lat' dir='ltr'><strong>ex</strong></span> <span class='ocrx_word' id='word_1_614' title='bbox 583 2831 674 2858; x_wconf 90' lang='lat' dir='ltr'><strong>sociis.</strong></span> 
     </span>
    </p>
   </div>
   <div class='ocr_carea' id='block_1_80' title="bbox 253 2862 1002 2904">
    <p class='ocr_par' dir='ltr' id='par_1_80' title="bbox 253 2862 1002 2904">
     <span class='ocr_line' id='line_1_81' title="bbox 253 2862 1002 2904; baseline 0.009 -15"><span class='ocrx_word' id='word_1_615' title='bbox 253 2862 308 2904; x_wconf 69' lang='grc' dir='ltr'><strong>μδ)</strong></span> <span class='ocrx_word' id='word_1_616' title='bbox 324 2863 555 2904; x_wconf 41' lang='lat' dir='ltr'><strong>praelegam.</strong></span> <span class='ocrx_word' id='word_1_617' title='bbox 575 2863 672 2894; x_wconf 82' lang='lat' dir='ltr'><strong>Vocem</strong></span> <span class='ocrx_word' id='word_1_618' title='bbox 687 2866 802 2902; x_wconf 84' lang='lat' dir='ltr'><strong>explicat</strong></span> <span class='ocrx_word' id='word_1_619' title='bbox 816 2866 950 2903; x_wconf 84' lang='lat' dir='ltr'><strong>Josephus</strong></span> <span class='ocrx_word' id='word_1_620' title='bbox 965 2868 1002 2900; x_wconf 88' lang='grc' dir='ltr'><strong>ὡς</strong></span> 
     </span>
    </p>
   </div>
   <div class='ocr_carea' id='block_1_81' title="bbox 218 2897 586 2935">
    <p class='ocr_par' dir='ltr' id='par_1_81' title="bbox 218 2897 586 2935">
     <span class='ocr_line' id='line_1_82' title="bbox 218 2897 586 2935; baseline 0.011 -12"><span class='ocrx_word' id='word_1_621' title='bbox 218 2897 280 2931; x_wconf 73' lang='grc' dir='ltr'>ὲνῇν</span> <span class='ocrx_word' id='word_1_622' title='bbox 294 2898 411 2933; x_wconf 62' lang='grc' dir='ltr'>μάλιστα</span> <span class='ocrx_word' id='word_1_623' title='bbox 429 2897 586 2935; x_wconf 72' lang='grc' dir='ltr'>φιλοτίμως.</span> 
     </span>
    </p>
   </div>
   <div class='ocr_carea' id='block_1_82' title="bbox 1363 1308 1526 1337">
    <p class='ocr_par' dir='ltr' id='par_1_82' title="bbox 1363 1308 1526 1337">
     <span class='ocr_line' id='line_1_83' title="bbox 1363 1308 1526 1337; baseline 0 -1"><span class='ocrx_word' id='word_1_624' title='bbox 1363 1308 1478 1337; x_wconf 85' lang='lat' dir='ltr'><strong>CAPUT</strong></span> <span class='ocrx_word' id='word_1_625' title='bbox 1496 1308 1526 1336; x_wconf 87' lang='lat' dir='ltr'><strong>V.</strong></span> 
     </span>
    </p>
   </div>
   <div class='ocr_carea' id='block_1_83' title="bbox 1085 1365 1802 1402">
    <p class='ocr_par' dir='ltr' id='par_1_83' title="bbox 1085 1365 1802 1402">
     <span class='ocr_line' id='line_1_84' title="bbox 1085 1365 1802 1402; baseline -0.004 -8"><span class='ocrx_word' id='word_1_626' title='bbox 1085 1366 1206 1402; x_wconf 71' lang='grc' dir='ltr'>Ερὶειοία</span> <span class='ocrx_word' id='word_1_627' title='bbox 1221 1366 1346 1393; x_wconf 73' lang='lat' dir='ltr'><strong>Eleazart‘</strong></span> <span class='ocrx_word' id='word_1_628' title='bbox 1362 1366 1458 1392; x_wconf 74' lang='lat' dir='ltr'><strong>summi</strong></span> <span class='ocrx_word' id='word_1_629' title='bbox 1480 1365 1625 1393; x_wconf 66' lang='lat' dir='ltr'><strong>sacerdotia</strong></span> <span class='ocrx_word' id='word_1_630' title='bbox 1653 1365 1688 1393; x_wconf 82' lang='lat' dir='ltr'><strong>ad</strong></span> <span class='ocrx_word' id='word_1_631' title='bbox 1714 1365 1802 1392; x_wconf 79' lang='lat' dir='ltr'><strong>Ptole-</strong></span> 
     </span>
    </p>
   </div>
   <div class='ocr_carea' id='block_1_84' title="bbox 1346 1409 1553 1436">
    <p class='ocr_par' dir='ltr' id='par_1_84' title="bbox 1346 1409 1553 1436">
     <span class='ocr_line' id='line_1_85' title="bbox 1346 1409 1553 1436; baseline -0.005 -8"><span class='ocrx_word' id='word_1_632' title='bbox 1346 1409 1442 1428; x_wconf 78' lang='lat' dir='ltr'><strong>mwum</strong></span> <span class='ocrx_word' id='word_1_633' title='bbox 1458 1409 1553 1436; x_wconf 82' lang='lat' dir='ltr'><strong>regem.</strong></span> 
     </span>
    </p>
   </div>
   <div class='ocr_carea' id='block_1_85' title="bbox 1088 1457 1837 1493">
    <p class='ocr_par' dir='ltr' id='par_1_85' title="bbox 1088 1457 1837 1493">
     <span class='ocr_line' id='line_1_86' title="bbox 1088 1457 1837 1493; baseline 0.001 -8"><span class='ocrx_word' id='word_1_634' title='bbox 1088 1468 1097 1485; x_wconf 75' lang='grc' dir='ltr'><strong>ι</strong></span> <span class='ocrx_word' id='word_1_635' title='bbox 1109 1458 1255 1487; x_wconf 86' lang='lat' dir='ltr'><strong>Eleazarus</strong></span> <span class='ocrx_word' id='word_1_636' title='bbox 1267 1465 1392 1485; x_wconf 86' lang='lat' dir='ltr'><strong>summus</strong></span> <span class='ocrx_word' id='word_1_637' title='bbox 1402 1457 1524 1493; x_wconf 74' lang='lat' dir='ltr'><strong>pontifex</strong></span> <span class='ocrx_word' id='word_1_638' title='bbox 1535 1457 1682 1485; x_wconf 63' lang='lat' dir='ltr'><strong>Ptolemaeo</strong></span> <span class='ocrx_word' id='word_1_639' title='bbox 1699 1458 1764 1492; x_wconf 77' lang='lat' dir='ltr'><strong>regi,</strong></span> <span class='ocrx_word' id='word_1_640' title='bbox 1773 1466 1837 1486; x_wconf 89' lang='lat' dir='ltr'><strong>vero</strong></span> 
     </span>
    </p>
   </div>
   <div class='ocr_carea' id='block_1_86' title="bbox 1051 1504 1837 1541">
    <p class='ocr_par' dir='ltr' id='par_1_86' title="bbox 1051 1504 1837 1541">
     <span class='ocr_line' id='line_1_87' title="bbox 1051 1504 1837 1541; baseline -0.001 -8"><span class='ocrx_word' id='word_1_641' title='bbox 1051 1513 1083 1534; x_wconf 86' lang='lat' dir='ltr'><strong>ac</strong></span> <span class='ocrx_word' id='word_1_642' title='bbox 1102 1506 1209 1534; x_wconf 89' lang='lat' dir='ltr'><strong>sincero</strong></span> <span class='ocrx_word' id='word_1_643' title='bbox 1230 1505 1331 1539; x_wconf 85' lang='lat' dir='ltr'><strong>amico,</strong></span> <span class='ocrx_word' id='word_1_644' title='bbox 1346 1505 1474 1533; x_wconf 89' lang='lat' dir='ltr'><strong>salutem.</strong></span> <span class='ocrx_word' id='word_1_645' title='bbox 1496 1504 1524 1531; x_wconf 89' lang='lat' dir='ltr'><strong>Si</strong></span> <span class='ocrx_word' id='word_1_646' title='bbox 1539 1505 1612 1532; x_wconf 83' lang='lat' dir='ltr'><strong>vales</strong></span> <span class='ocrx_word' id='word_1_647' title='bbox 1632 1511 1671 1537; x_wconf 90' lang='lat' dir='ltr'><strong>tu,</strong></span> <span class='ocrx_word' id='word_1_648' title='bbox 1689 1505 1837 1541; x_wconf 75' lang='lat' dir='ltr'><strong>reginaque</strong></span> 
     </span>
    </p>
   </div>
   <div class='ocr_carea' id='block_1_87' title="bbox 1051 1551 1835 1586">
    <p class='ocr_par' dir='ltr' id='par_1_87' title="bbox 1051 1551 1835 1586">
     <span class='ocr_line' id='line_1_88' title="bbox 1051 1551 1835 1586; baseline -0.004 -6"><span class='ocrx_word' id='word_1_649' title='bbox 1051 1552 1179 1585; x_wconf 83' lang='lat' dir='ltr'><strong>Arsinoe,</strong></span> <span class='ocrx_word' id='word_1_650' title='bbox 1193 1559 1282 1585; x_wconf 83' lang='lat' dir='ltr'><strong>soror,</strong></span> <span class='ocrx_word' id='word_1_651' title='bbox 1298 1551 1432 1586; x_wconf 87' lang='lat' dir='ltr'><strong>liberique</strong></span> <span class='ocrx_word' id='word_1_652' title='bbox 1443 1551 1545 1583; x_wconf 88' lang='lat' dir='ltr'><strong>valent,</strong></span> <span class='ocrx_word' id='word_1_653' title='bbox 1560 1551 1629 1578; x_wconf 87' lang='lat' dir='ltr'><strong>bene</strong></span> <span class='ocrx_word' id='word_1_654' title='bbox 1645 1555 1696 1582; x_wconf 78' lang='lat' dir='ltr'><strong>est.</strong></span> <span class='ocrx_word' id='word_1_655' title='bbox 1707 1555 1788 1585; x_wconf 89' lang='lat' dir='ltr'><strong>atque</strong></span> <span class='ocrx_word' id='word_1_656' title='bbox 1803 1559 1835 1578; x_wconf 83' lang='lat' dir='ltr'><strong>ex</strong></span> 
     </span>
    </p>
   </div>
   <div class='ocr_carea' id='block_1_88' title="bbox 1051 1597 1836 1632">
    <p class='ocr_par' dir='ltr' id='par_1_88' title="bbox 1051 1597 1836 1632">
     <span class='ocr_line' id='line_1_89' title="bbox 1051 1597 1836 1632; baseline -0.003 -6"><span class='ocrx_word' id='word_1_657' title='bbox 1051 1604 1114 1626; x_wconf 79' lang='lat' dir='ltr'><strong>voto</strong></span> <span class='ocrx_word' id='word_1_658' title='bbox 1126 1602 1220 1626; x_wconf 91' lang='lat' dir='ltr'><strong>nostro</strong></span> <span class='ocrx_word' id='word_1_659' title='bbox 1237 1606 1243 1624; x_wconf 85' lang='lat'>:</span> <span class='ocrx_word' id='word_1_660' title='bbox 1262 1604 1312 1624; x_wconf 90' lang='lat' dir='ltr'><strong>nos</strong></span> <span class='ocrx_word' id='word_1_661' title='bbox 1325 1597 1435 1632; x_wconf 84' lang='lat' dir='ltr'><strong>quidem</strong></span> <span class='ocrx_word' id='word_1_662' title='bbox 1450 1597 1582 1624; x_wconf 75' lang='lat' dir='ltr'><strong>valemus.</strong></span> <span class='ocrx_word' id='word_1_663' title='bbox 1600 1597 1726 1632; x_wconf 83' lang='lat' dir='ltr'><strong>Acceptis</strong></span> <span class='ocrx_word' id='word_1_664' title='bbox 1739 1597 1836 1624; x_wconf 82' lang='lat' dir='ltr'><strong>litteris</strong></span> 
     </span>
    </p>
   </div>
   <div class='ocr_carea' id='block_1_89' title="bbox 1052 1643 1839 1678">
    <p class='ocr_par' dir='ltr' id='par_1_89' title="bbox 1052 1643 1839 1678">
     <span class='ocr_line' id='line_1_90' title="bbox 1052 1643 1839 1678; baseline -0.003 -6"><span class='ocrx_word' id='word_1_665' title='bbox 1052 1645 1116 1678; x_wconf 88' lang='lat' dir='ltr'><strong>tuis,</strong></span> <span class='ocrx_word' id='word_1_666' title='bbox 1129 1651 1254 1678; x_wconf 77' lang='lat' dir='ltr'><strong>magnam</strong></span> <span class='ocrx_word' id='word_1_667' title='bbox 1269 1651 1303 1670; x_wconf 78' lang='lat' dir='ltr'><strong>ex</strong></span> <span class='ocrx_word' id='word_1_668' title='bbox 1316 1647 1360 1670; x_wconf 86' lang='lat' dir='ltr'><strong>tua</strong></span> <span class='ocrx_word' id='word_1_669' title='bbox 1372 1644 1510 1671; x_wconf 75' lang='lat' dir='ltr'><strong>voluntate</strong></span> <span class='ocrx_word' id='word_1_670' title='bbox 1521 1643 1690 1678; x_wconf 90' lang='lat' dir='ltr'><strong>consilioque</strong></span> <span class='ocrx_word' id='word_1_671' title='bbox 1699 1643 1839 1671; x_wconf 76' lang='lat' dir='ltr'><strong>sanctissi—</strong></span> 
     </span>
    </p>
   </div>
   <div class='ocr_carea' id='block_1_90' title="bbox 1051 1689 1840 1724">
    <p class='ocr_par' dir='ltr' id='par_1_90' title="bbox 1051 1689 1840 1724">
     <span class='ocr_line' id='line_1_91' title="bbox 1051 1689 1840 1724; baseline -0.003 -6"><span class='ocrx_word' id='word_1_672' title='bbox 1051 1699 1096 1718; x_wconf 92' lang='lat' dir='ltr'><strong>mo</strong></span> <span class='ocrx_word' id='word_1_673' title='bbox 1110 1690 1229 1718; x_wconf 77' lang='lat' dir='ltr'><strong>laetitiam</strong></span> <span class='ocrx_word' id='word_1_674' title='bbox 1243 1689 1584 1724; x_wconf 78' lang='lat' dir='ltr'><strong>cepimus,convocataque</strong></span> <span class='ocrx_word' id='word_1_675' title='bbox 1595 1689 1768 1717; x_wconf 87' lang='lat' dir='ltr'><strong>multitudine</strong></span> <span class='ocrx_word' id='word_1_676' title='bbox 1779 1690 1840 1716; x_wconf 88' lang='lat' dir='ltr'><strong>uni-</strong></span> 
     </span>
    </p>
   </div>
   <div class='ocr_carea' id='block_1_91' title="bbox 1051 1735 1838 1770">
    <p class='ocr_par' dir='ltr' id='par_1_91' title="bbox 1051 1735 1838 1770">
     <span class='ocr_line' id='line_1_92' title="bbox 1051 1735 1838 1770; baseline 0 -8"><span class='ocrx_word' id='word_1_677' title='bbox 1051 1743 1141 1768; x_wconf 76' lang='lat' dir='ltr'><strong>versa,</strong></span> <span class='ocrx_word' id='word_1_678' title='bbox 1154 1735 1241 1770; x_wconf 86' lang='lat' dir='ltr'><strong>palam</strong></span> <span class='ocrx_word' id='word_1_679' title='bbox 1254 1743 1301 1762; x_wconf 75' lang='lat' dir='ltr'><strong>eas</strong></span> <span class='ocrx_word' id='word_1_680' title='bbox 1316 1735 1504 1769; x_wconf 85' lang='lat' dir='ltr'><strong>recitavimus,</strong></span> <span class='ocrx_word' id='word_1_681' title='bbox 1521 1739 1551 1762; x_wconf 91' lang='lat' dir='ltr'><strong>ut</strong></span> <span class='ocrx_word' id='word_1_682' title='bbox 1567 1742 1662 1762; x_wconf 83' lang='lat' dir='ltr'><strong>omnes</strong></span> <span class='ocrx_word' id='word_1_683' title='bbox 1672 1738 1727 1762; x_wconf 61' lang='lat' dir='ltr'><strong>tua</strong></span> <span class='ocrx_word' id='word_1_684' title='bbox 1744 1735 1838 1762; x_wconf 84' lang='lat' dir='ltr'><strong>adver-</strong></span> 
     </span>
    </p>
   </div>
   <div class='ocr_carea' id='block_1_92' title="bbox 1052 1780 1837 1817">
    <p class='ocr_par' dir='ltr' id='par_1_92' title="bbox 1052 1780 1837 1817">
     <span class='ocr_line' id='line_1_93' title="bbox 1052 1780 1837 1817; baseline -0.001 -8"><span class='ocrx_word' id='word_1_685' title='bbox 1052 1790 1100 1809; x_wconf 87' lang='lat' dir='ltr'><strong>sus</strong></span> <span class='ocrx_word' id='word_1_686' title='bbox 1118 1780 1203 1808; x_wconf 90' lang='lat' dir='ltr'><strong>Deum</strong></span> <span class='ocrx_word' id='word_1_687' title='bbox 1233 1785 1358 1808; x_wconf 90' lang='lat' dir='ltr'><strong>nostrum</strong></span> <span class='ocrx_word' id='word_1_688' title='bbox 1385 1780 1494 1815; x_wconf 82' lang='lat' dir='ltr'><strong>pietatis</strong></span> <span class='ocrx_word' id='word_1_689' title='bbox 1519 1788 1629 1809; x_wconf 88' lang='lat' dir='ltr'><strong>sensum</strong></span> <span class='ocrx_word' id='word_1_690' title='bbox 1645 1781 1837 1817; x_wconf 77' lang='lat' dir='ltr'><strong>intelligerent.</strong></span> 
     </span>
    </p>
   </div>
   <div class='ocr_carea' id='block_1_93' title="bbox 1050 1827 1839 1861">
    <p class='ocr_par' dir='ltr' id='par_1_93' title="bbox 1050 1827 1839 1861">
     <span class='ocr_line' id='line_1_94' title="bbox 1050 1827 1839 1861; baseline 0 -7"><span class='ocrx_word' id='word_1_691' title='bbox 1050 1827 1160 1855; x_wconf 81' lang='lat' dir='ltr'><strong>Phialas</strong></span> <span class='ocrx_word' id='word_1_692' title='bbox 1174 1827 1256 1854; x_wconf 87' lang='lat' dir='ltr'><strong>etiam</strong></span> <span class='ocrx_word' id='word_1_693' title='bbox 1276 1827 1324 1854; x_wconf 87' lang='lat' dir='ltr'><strong>abs</strong></span> <span class='ocrx_word' id='word_1_694' title='bbox 1335 1831 1360 1853; x_wconf 92' lang='lat' dir='ltr'><strong>te</strong></span> <span class='ocrx_word' id='word_1_695' title='bbox 1376 1827 1474 1854; x_wconf 78' lang='lat' dir='ltr'><strong>missas</strong></span> <span class='ocrx_word' id='word_1_696' title='bbox 1490 1827 1654 1861; x_wconf 88' lang='lat' dir='ltr'><strong>protulimus</strong></span> <span class='ocrx_word' id='word_1_697' title='bbox 1664 1847 1671 1860; x_wconf 90' lang='lat'><strong>,</strong></span> <span class='ocrx_word' id='word_1_698' title='bbox 1685 1835 1782 1855; x_wconf 84' lang='lat' dir='ltr'><strong>aureas</strong></span> <span class='ocrx_word' id='word_1_699' title='bbox 1800 1828 1839 1854; x_wconf 83' lang='lat' dir='ltr'><strong>vi-</strong></span> 
     </span>
    </p>
   </div>
   <div class='ocr_carea' id='block_1_94' title="bbox 1052 1872 1836 1909">
    <p class='ocr_par' dir='ltr' id='par_1_94' title="bbox 1052 1872 1836 1909">
     <span class='ocr_line' id='line_1_95' title="bbox 1052 1872 1836 1909; baseline 0.001 -10"><span class='ocrx_word' id='word_1_700' title='bbox 1052 1873 1132 1909; x_wconf 80' lang='lat' dir='ltr'><strong>ginti,</strong></span> <span class='ocrx_word' id='word_1_701' title='bbox 1146 1880 1178 1900; x_wconf 88' lang='lat' dir='ltr'><strong>ac</strong></span> <span class='ocrx_word' id='word_1_702' title='bbox 1195 1872 1306 1907; x_wconf 80' lang='lat' dir='ltr'><strong>triginta</strong></span> <span class='ocrx_word' id='word_1_703' title='bbox 1324 1877 1479 1907; x_wconf 81' lang='lat' dir='ltr'><strong>argenteas,</strong></span> <span class='ocrx_word' id='word_1_704' title='bbox 1489 1876 1608 1899; x_wconf 86' lang='lat' dir='ltr'><strong>crateres</strong></span> <span class='ocrx_word' id='word_1_705' title='bbox 1623 1872 1688 1900; x_wconf 83' lang='lat' dir='ltr'><strong>item</strong></span> <span class='ocrx_word' id='word_1_706' title='bbox 1704 1874 1836 1908; x_wconf 76' lang='lat' dir='ltr'><strong>quinque,</strong></span> 
     </span>
    </p>
   </div>
   <div class='ocr_carea' id='block_1_95' title="bbox 1052 1917 1839 1953">
    <p class='ocr_par' dir='ltr' id='par_1_95' title="bbox 1052 1917 1839 1953">
     <span class='ocr_line' id='line_1_96' title="bbox 1052 1917 1839 1953; baseline 0 -7"><span class='ocrx_word' id='word_1_707' title='bbox 1052 1926 1176 1946; x_wconf 87' lang='lat' dir='ltr'><strong>mensam</strong></span> <span class='ocrx_word' id='word_1_708' title='bbox 1195 1917 1363 1946; x_wconf 86' lang='lat' dir='ltr'><strong>consecratis</strong></span> <span class='ocrx_word' id='word_1_709' title='bbox 1395 1917 1554 1945; x_wconf 85' lang='lat' dir='ltr'><strong>muneribus</strong></span> <span class='ocrx_word' id='word_1_710' title='bbox 1577 1918 1743 1953; x_wconf 82' lang='lat' dir='ltr'><strong>excipiendis</strong></span> <span class='ocrx_word' id='word_1_711' title='bbox 1762 1919 1839 1946; x_wconf 84' lang='lat' dir='ltr'><strong>addi—</strong></span> 
     </span>
    </p>
   </div>
   <div class='ocr_carea' id='block_1_96' title="bbox 1052 1963 1838 1997">
    <p class='ocr_par' dir='ltr' id='par_1_96' title="bbox 1052 1963 1838 1997">
     <span class='ocr_line' id='line_1_97' title="bbox 1052 1963 1838 1997; baseline 0 -5"><span class='ocrx_word' id='word_1_712' title='bbox 1052 1969 1134 1997; x_wconf 91' lang='lat' dir='ltr'><strong>ctam,</strong></span> <span class='ocrx_word' id='word_1_713' title='bbox 1155 1969 1181 1992; x_wconf 86' lang='lat' dir='ltr'><strong>et</strong></span> <span class='ocrx_word' id='word_1_714' title='bbox 1197 1964 1341 1992; x_wconf 71' lang='lat' dir='ltr'><strong>sacrificiis</strong></span> <span class='ocrx_word' id='word_1_715' title='bbox 1367 1963 1508 1995; x_wconf 82' lang='lat' dir='ltr'><strong>faciendis,</strong></span> <span class='ocrx_word' id='word_1_716' title='bbox 1532 1971 1564 1991; x_wconf 87' lang='lat' dir='ltr'><strong>ac</strong></span> <span class='ocrx_word' id='word_1_717' title='bbox 1578 1965 1683 1992; x_wconf 68' lang='lat' dir='ltr'><strong>caeteris</strong></span> <span class='ocrx_word' id='word_1_718' title='bbox 1700 1965 1838 1996; x_wconf 86' lang='lat' dir='ltr'><strong>omnibus,</strong></span> 
     </span>
    </p>
   </div>
   <div class='ocr_carea' id='block_1_97' title="bbox 1051 2009 1838 2046">
    <p class='ocr_par' dir='ltr' id='par_1_97' title="bbox 1051 2009 1838 2046">
     <span class='ocr_line' id='line_1_98' title="bbox 1051 2009 1838 2046; baseline -0.003 -8"><span class='ocrx_word' id='word_1_719' title='bbox 1051 2019 1112 2046; x_wconf 80' lang='lat' dir='ltr'><strong>qua:</strong></span> <span class='ocrx_word' id='word_1_720' title='bbox 1127 2018 1196 2045; x_wconf 90' lang='lat' dir='ltr'><strong>opus</strong></span> <span class='ocrx_word' id='word_1_721' title='bbox 1210 2009 1309 2044; x_wconf 87' lang='lat' dir='ltr'><strong>templo</strong></span> <span class='ocrx_word' id='word_1_722' title='bbox 1325 2009 1440 2040; x_wconf 83' lang='lat' dir='ltr'><strong>fuerint,</strong></span> <span class='ocrx_word' id='word_1_723' title='bbox 1457 2010 1650 2044; x_wconf 79' lang='lat' dir='ltr'><strong>comparandis</strong></span> <span class='ocrx_word' id='word_1_724' title='bbox 1670 2011 1774 2044; x_wconf 76' lang='lat' dir='ltr'><strong>argenti</strong></span> <span class='ocrx_word' id='word_1_725' title='bbox 1796 2015 1838 2037; x_wconf 83' lang='lat' dir='ltr'><strong>ta-</strong></span> 
     </span>
    </p>
   </div>
   <div class='ocr_carea' id='block_1_98' title="bbox 1053 2055 1839 2089">
    <p class='ocr_par' dir='ltr' id='par_1_98' title="bbox 1053 2055 1839 2089">
     <span class='ocr_line' id='line_1_99' title="bbox 1053 2055 1839 2089; baseline 0 -5"><span class='ocrx_word' id='word_1_726' title='bbox 1053 2057 1126 2084; x_wconf 84' lang='lat' dir='ltr'><strong>lenta</strong></span> <span class='ocrx_word' id='word_1_727' title='bbox 1147 2060 1256 2083; x_wconf 86' lang='lat' dir='ltr'><strong>centum</strong></span> <span class='ocrx_word' id='word_1_728' title='bbox 1272 2076 1278 2088; x_wconf 90' lang='lat'><strong>,</strong></span> <span class='ocrx_word' id='word_1_729' title='bbox 1302 2062 1362 2089; x_wconf 67' lang='lat' dir='ltr'><strong>qua:</strong></span> <span class='ocrx_word' id='word_1_730' title='bbox 1379 2055 1502 2082; x_wconf 80' lang='lat' dir='ltr'><strong>Andreas</strong></span> <span class='ocrx_word' id='word_1_731' title='bbox 1515 2063 1587 2082; x_wconf 90' lang='lat' dir='ltr'><strong>unus</strong></span> <span class='ocrx_word' id='word_1_732' title='bbox 1607 2063 1638 2082; x_wconf 86' lang='lat' dir='ltr'><strong>ex</strong></span> <span class='ocrx_word' id='word_1_733' title='bbox 1656 2055 1766 2083; x_wconf 66' lang='lat' dir='ltr'><strong>familiae</strong></span> <span class='ocrx_word' id='word_1_734' title='bbox 1787 2062 1839 2084; x_wconf 72' lang='lat' dir='ltr'><strong>tuae</strong></span> 
     </span>
    </p>
   </div>
   <div class='ocr_carea' id='block_1_99' title="bbox 1052 2101 1839 2137">
    <p class='ocr_par' dir='ltr' id='par_1_99' title="bbox 1052 2101 1839 2137">
     <span class='ocr_line' id='line_1_100' title="bbox 1052 2101 1839 2137; baseline -0.001 -7"><span class='ocrx_word' id='word_1_735' title='bbox 1052 2102 1224 2134; x_wconf 82' lang='lat' dir='ltr'><strong>clarissimis,</strong></span> <span class='ocrx_word' id='word_1_736' title='bbox 1243 2105 1269 2128; x_wconf 89' lang='lat' dir='ltr'><strong>et</strong></span> <span class='ocrx_word' id='word_1_737' title='bbox 1285 2101 1426 2133; x_wconf 75' lang='lat' dir='ltr'><strong>Aristaeus,</strong></span> <span class='ocrx_word' id='word_1_738' title='bbox 1439 2101 1489 2127; x_wconf 81' lang='lat' dir='ltr'><strong>viri</strong></span> <span class='ocrx_word' id='word_1_739' title='bbox 1506 2102 1691 2129; x_wconf 86' lang='lat' dir='ltr'><strong>honestissimi</strong></span> <span class='ocrx_word' id='word_1_740' title='bbox 1704 2106 1785 2137; x_wconf 83' lang='lat' dir='ltr'><strong>atque</strong></span> <span class='ocrx_word' id='word_1_741' title='bbox 1797 2102 1839 2129; x_wconf 93' lang='lat' dir='ltr'><strong>in-</strong></span> 
     </span>
    </p>
   </div>
   <div class='ocr_carea' id='block_1_100' title="bbox 1054 2147 1838 2184">
    <p class='ocr_par' dir='ltr' id='par_1_100' title="bbox 1054 2147 1838 2184">
     <span class='ocr_line' id='line_1_101' title="bbox 1054 2147 1838 2184; baseline -0.001 -8"><span class='ocrx_word' id='word_1_742' title='bbox 1054 2147 1560 2184; x_wconf 61' lang='lat' dir='ltr'><strong>tegerrimi,‘summaaqueeruditionis,</strong></span> <span class='ocrx_word' id='word_1_743' title='bbox 1576 2153 1676 2182; x_wconf 87' lang='lat' dir='ltr'><strong>tuaque</strong></span> <span class='ocrx_word' id='word_1_744' title='bbox 1686 2148 1767 2175; x_wconf 83' lang='lat' dir='ltr'><strong>simul</strong></span> <span class='ocrx_word' id='word_1_745' title='bbox 1777 2156 1838 2176; x_wconf 88' lang='lat' dir='ltr'><strong>cum</strong></span> 
     </span>
    </p>
   </div>
   <div class='ocr_carea' id='block_1_101' title="bbox 1053 2193 1839 2230">
    <p class='ocr_par' dir='ltr' id='par_1_101' title="bbox 1053 2193 1839 2230">
     <span class='ocr_line' id='line_1_102' title="bbox 1053 2193 1839 2230; baseline 0 -8"><span class='ocrx_word' id='word_1_746' title='bbox 1053 2193 1208 2229; x_wconf 69' lang='lat' dir='ltr'><strong>disciplina,</strong></span> <span class='ocrx_word' id='word_1_747' title='bbox 1225 2198 1281 2220; x_wconf 92' lang='lat' dir='ltr'><strong>tum</strong></span> <span class='ocrx_word' id='word_1_748' title='bbox 1294 2193 1422 2228; x_wconf 61' lang='lat' dir='ltr'><strong>a‘quitate</strong></span> <span class='ocrx_word' id='word_1_749' title='bbox 1438 2193 1519 2221; x_wconf 85' lang='lat' dir='ltr'><strong>rebus</strong></span> <span class='ocrx_word' id='word_1_750' title='bbox 1538 2193 1564 2220; x_wconf 92' lang='lat' dir='ltr'><strong>in</strong></span> <span class='ocrx_word' id='word_1_751' title='bbox 1588 2193 1716 2222; x_wconf 88' lang='lat' dir='ltr'><strong>omnibus</strong></span> <span class='ocrx_word' id='word_1_752' title='bbox 1736 2194 1839 2230; x_wconf 76' lang='lat' dir='ltr'><strong>dignis-</strong></span> 
     </span>
    </p>
   </div>
   <div class='ocr_carea' id='block_1_102' title="bbox 1053 2239 1840 2274">
    <p class='ocr_par' dir='ltr' id='par_1_102' title="bbox 1053 2239 1840 2274">
     <span class='ocr_line' id='line_1_103' title="bbox 1053 2239 1840 2274; baseline 0.001 -7"><span class='ocrx_word' id='word_1_753' title='bbox 1053 2240 1116 2268; x_wconf 88' lang='lat' dir='ltr'><strong>simi</strong></span> <span class='ocrx_word' id='word_1_754' title='bbox 1144 2240 1303 2266; x_wconf 68' lang='lat' dir='ltr'><strong>attultrunt.</strong></span> <span class='ocrx_word' id='word_1_755' title='bbox 1321 2239 1342 2266; x_wconf 94' lang='lat' dir='ltr'><strong>li</strong></span> <span class='ocrx_word' id='word_1_756' title='bbox 1363 2243 1408 2266; x_wconf 82' lang='lat' dir='ltr'><strong>tua</strong></span> <span class='ocrx_word' id='word_1_757' title='bbox 1422 2247 1532 2274; x_wconf 86' lang='lat' dir='ltr'><strong>quoque</strong></span> <span class='ocrx_word' id='word_1_758' title='bbox 1555 2239 1682 2267; x_wconf 87' lang='lat' dir='ltr'><strong>mandata</strong></span> <span class='ocrx_word' id='word_1_759' title='bbox 1696 2240 1774 2268; x_wconf 87' lang='lat' dir='ltr'><strong>nobis</strong></span> <span class='ocrx_word' id='word_1_760' title='bbox 1794 2249 1840 2268; x_wconf 74' lang='lat' dir='ltr'><strong>ex-</strong></span> 
     </span>
    </p>
   </div>
   <div class='ocr_carea' id='block_1_103' title="bbox 1053 2278 1839 2320">
    <p class='ocr_par' dir='ltr' id='par_1_103' title="bbox 1053 2278 1839 2320">
     <span class='ocr_line' id='line_1_104' title="bbox 1053 2278 1839 2320; baseline 0.001 -8"><span class='ocrx_word' id='word_1_761' title='bbox 1053 2278 1213 2320; x_wconf 61' lang='lat' dir='ltr'><strong>poSuerunt,</strong></span> <span class='ocrx_word' id='word_1_762' title='bbox 1230 2285 1367 2320; x_wconf 83' lang='lat' dir='ltr'><strong>rebusque</strong></span> <span class='ocrx_word' id='word_1_763' title='bbox 1381 2285 1434 2312; x_wconf 89' lang='lat' dir='ltr'><strong>tuis</strong></span> <span class='ocrx_word' id='word_1_764' title='bbox 1450 2290 1542 2319; x_wconf 87' lang='lat' dir='ltr'><strong>aptum</strong></span> <span class='ocrx_word' id='word_1_765' title='bbox 1555 2293 1570 2312; x_wconf 84' lang='lat' dir='ltr'><strong>a</strong></span> <span class='ocrx_word' id='word_1_766' title='bbox 1583 2285 1660 2313; x_wconf 87' lang='lat' dir='ltr'><strong>nobis</strong></span> <span class='ocrx_word' id='word_1_767' title='bbox 1671 2290 1697 2313; x_wconf 89' lang='lat' dir='ltr'><strong>et</strong></span> <span class='ocrx_word' id='word_1_768' title='bbox 1712 2293 1839 2314; x_wconf 88' lang='lat' dir='ltr'><strong>commo-</strong></span> 
     </span>
    </p>
   </div>
   <div class='ocr_carea' id='block_1_104' title="bbox 1052 2330 1839 2366">
    <p class='ocr_par' dir='ltr' id='par_1_104' title="bbox 1052 2330 1839 2366">
     <span class='ocr_line' id='line_1_105' title="bbox 1052 2330 1839 2366; baseline -0.004 -6"><span class='ocrx_word' id='word_1_769' title='bbox 1052 2332 1115 2360; x_wconf 90' lang='lat' dir='ltr'><strong>dum</strong></span> <span class='ocrx_word' id='word_1_770' title='bbox 1135 2339 1296 2366; x_wconf 89' lang='lat' dir='ltr'><strong>responsum</strong></span> <span class='ocrx_word' id='word_1_771' title='bbox 1314 2334 1442 2358; x_wconf 91' lang='lat' dir='ltr'><strong>tulerunt.</strong></span> <span class='ocrx_word' id='word_1_772' title='bbox 1464 2330 1601 2365; x_wconf 84' lang='lat' dir='ltr'><strong>Quidquid</strong></span> <span class='ocrx_word' id='word_1_773' title='bbox 1616 2331 1688 2358; x_wconf 88' lang='lat' dir='ltr'><strong>enim</strong></span> <span class='ocrx_word' id='word_1_774' title='bbox 1714 2338 1730 2358; x_wconf 93' lang='lat' dir='ltr'><strong>e</strong></span> <span class='ocrx_word' id='word_1_775' title='bbox 1749 2331 1839 2366; x_wconf 68' lang='lat' dir='ltr'><strong>digni-</strong></span> 
     </span>
    </p>
   </div>
   <div class='ocr_carea' id='block_1_105' title="bbox 1053 2376 1838 2413">
    <p class='ocr_par' dir='ltr' id='par_1_105' title="bbox 1053 2376 1838 2413">
     <span class='ocr_line' id='line_1_106' title="bbox 1053 2376 1838 2413; baseline -0.003 -7"><span class='ocrx_word' id='word_1_776' title='bbox 1053 2382 1108 2406; x_wconf 87' lang='lat' dir='ltr'><strong>tate</strong></span> <span class='ocrx_word' id='word_1_777' title='bbox 1123 2385 1228 2413; x_wconf 87' lang='lat' dir='ltr'><strong>usuque</strong></span> <span class='ocrx_word' id='word_1_778' title='bbox 1242 2382 1289 2404; x_wconf 92' lang='lat' dir='ltr'><strong>tuo</strong></span> <span class='ocrx_word' id='word_1_779' title='bbox 1311 2376 1402 2409; x_wconf 88' lang='lat' dir='ltr'><strong>fuerit,</strong></span> <span class='ocrx_word' id='word_1_780' title='bbox 1419 2377 1447 2404; x_wconf 89' lang='lat' dir='ltr'><strong>in</strong></span> <span class='ocrx_word' id='word_1_781' title='bbox 1459 2385 1503 2409; x_wconf 86' lang='lat' dir='ltr'><strong>eo,</strong></span> <span class='ocrx_word' id='word_1_782' title='bbox 1519 2381 1548 2404; x_wconf 85' lang='lat' dir='ltr'><strong>ut</strong></span> <span class='ocrx_word' id='word_1_783' title='bbox 1570 2377 1661 2404; x_wconf 86' lang='lat' dir='ltr'><strong>minus</strong></span> <span class='ocrx_word' id='word_1_784' title='bbox 1676 2377 1758 2404; x_wconf 89' lang='lat' dir='ltr'><strong>etiam</strong></span> <span class='ocrx_word' id='word_1_785' title='bbox 1776 2386 1838 2405; x_wconf 85' lang='lat' dir='ltr'><strong>cum</strong></span> 
     </span>
    </p>
   </div>
   <div class='ocr_carea' id='block_1_106' title="bbox 1053 2423 1838 2459">
    <p class='ocr_par' dir='ltr' id='par_1_106' title="bbox 1053 2423 1838 2459">
     <span class='ocr_line' id='line_1_107' title="bbox 1053 2423 1838 2459; baseline -0.003 -6"><span class='ocrx_word' id='word_1_786' title='bbox 1053 2430 1150 2453; x_wconf 89' lang='lat' dir='ltr'><strong>natura</strong></span> <span class='ocrx_word' id='word_1_787' title='bbox 1173 2429 1266 2452; x_wconf 89' lang='lat' dir='ltr'><strong>nostra</strong></span> <span class='ocrx_word' id='word_1_788' title='bbox 1294 2431 1433 2459; x_wconf 85' lang='lat' dir='ltr'><strong>sensuque</strong></span> <span class='ocrx_word' id='word_1_789' title='bbox 1458 2423 1635 2459; x_wconf 86' lang='lat' dir='ltr'><strong>conjunctum</strong></span> <span class='ocrx_word' id='word_1_790' title='bbox 1661 2425 1708 2457; x_wconf 81' lang='lat' dir='ltr'><strong>sit,</strong></span> <span class='ocrx_word' id='word_1_791' title='bbox 1736 2432 1838 2451; x_wconf 88' lang='lat' dir='ltr'><strong>morem</strong></span> 
     </span>
    </p>
   </div>
   <div class='ocr_carea' id='block_1_107' title="bbox 1053 2469 1840 2506">
    <p class='ocr_par' dir='ltr' id='par_1_107' title="bbox 1053 2469 1840 2506">
     <span class='ocr_line' id='line_1_108' title="bbox 1053 2469 1840 2506; baseline -0.003 -8"><span class='ocrx_word' id='word_1_792' title='bbox 1053 2478 1188 2506; x_wconf 81' lang='lat' dir='ltr'><strong>geremus.</strong></span> <span class='ocrx_word' id='word_1_793' title='bbox 1202 2469 1259 2497; x_wconf 81' lang='lat' dir='ltr'><strong>Hoc</strong></span> <span class='ocrx_word' id='word_1_794' title='bbox 1275 2469 1347 2497; x_wconf 90' lang='lat' dir='ltr'><strong>enim</strong></span> <span class='ocrx_word' id='word_1_795' title='bbox 1358 2469 1485 2498; x_wconf 68' lang='lat' dir='ltr'><strong>amicitiae</strong></span> <span class='ocrx_word' id='word_1_796' title='bbox 1498 2473 1525 2496; x_wconf 90' lang='lat' dir='ltr'><strong>et</strong></span> <span class='ocrx_word' id='word_1_797' title='bbox 1539 2469 1681 2496; x_wconf 86' lang='lat' dir='ltr'><strong>charilatis</strong></span> <span class='ocrx_word' id='word_1_798' title='bbox 1695 2477 1840 2505; x_wconf 80' lang='lat' dir='ltr'><strong>argumen—</strong></span> 
     </span>
    </p>
   </div>
   <div class='ocr_carea' id='block_1_108' title="bbox 1055 2515 1839 2552">
    <p class='ocr_par' dir='ltr' id='par_1_108' title="bbox 1055 2515 1839 2552">
     <span class='ocr_line' id='line_1_109' title="bbox 1055 2515 1839 2552; baseline 0 -8"><span class='ocrx_word' id='word_1_799' title='bbox 1055 2521 1112 2544; x_wconf 88' lang='lat' dir='ltr'><strong>tum</strong></span> <span class='ocrx_word' id='word_1_800' title='bbox 1134 2521 1186 2544; x_wconf 86' lang='lat' dir='ltr'><strong>est.</strong></span> <span class='ocrx_word' id='word_1_801' title='bbox 1208 2515 1240 2544; x_wconf 89' lang='lat' dir='ltr'><strong>Et</strong></span> <span class='ocrx_word' id='word_1_802' title='bbox 1260 2524 1326 2546; x_wconf 87' lang='lat' dir='ltr'><strong>sane</strong></span> <span class='ocrx_word' id='word_1_803' title='bbox 1343 2524 1441 2551; x_wconf 82' lang='lat' dir='ltr'><strong>magna</strong></span> <span class='ocrx_word' id='word_1_804' title='bbox 1459 2516 1486 2543; x_wconf 93' lang='lat' dir='ltr'><strong>in</strong></span> <span class='ocrx_word' id='word_1_805' title='bbox 1511 2516 1624 2551; x_wconf 86' lang='lat' dir='ltr'><strong>primis,</strong></span> <span class='ocrx_word' id='word_1_806' title='bbox 1645 2516 1774 2552; x_wconf 79' lang='lat' dir='ltr'><strong>nullaque</strong></span> <span class='ocrx_word' id='word_1_807' title='bbox 1790 2525 1839 2544; x_wconf 95' lang='lat' dir='ltr'><strong>un-</strong></span> 
     </span>
    </p>
   </div>
   <div class='ocr_carea' id='block_1_109' title="bbox 1053 2561 1841 2597">
    <p class='ocr_par' dir='ltr' id='par_1_109' title="bbox 1053 2561 1841 2597">
     <span class='ocr_line' id='line_1_110' title="bbox 1053 2561 1841 2597; baseline 0.001 -7"><span class='ocrx_word' id='word_1_808' title='bbox 1053 2570 1135 2597; x_wconf 87' lang='lat' dir='ltr'><strong>quam</strong></span> <span class='ocrx_word' id='word_1_809' title='bbox 1152 2562 1288 2591; x_wconf 86' lang='lat' dir='ltr'><strong>oblivione</strong></span> <span class='ocrx_word' id='word_1_810' title='bbox 1297 2562 1411 2589; x_wconf 87' lang='lat' dir='ltr'><strong>delenda</strong></span> <span class='ocrx_word' id='word_1_811' title='bbox 1422 2561 1511 2588; x_wconf 89' lang='lat' dir='ltr'><strong>onmis</strong></span> <span class='ocrx_word' id='word_1_812' title='bbox 1523 2562 1630 2597; x_wconf 79' lang='lat' dir='ltr'><strong>generis</strong></span> <span class='ocrx_word' id='word_1_813' title='bbox 1638 2562 1769 2591; x_wconf 84' lang='lat' dir='ltr'><strong>benelicia</strong></span> <span class='ocrx_word' id='word_1_814' title='bbox 1780 2571 1841 2591; x_wconf 86' lang='lat' dir='ltr'><strong>nos-</strong></span> 
     </span>
    </p>
   </div>
   <div class='ocr_carea' id='block_1_110' title="bbox 1054 2607 1841 2642">
    <p class='ocr_par' dir='ltr' id='par_1_110' title="bbox 1054 2607 1841 2642">
     <span class='ocr_line' id='line_1_111' title="bbox 1054 2607 1841 2642; baseline 0.001 -6"><span class='ocrx_word' id='word_1_815' title='bbox 1054 2613 1111 2636; x_wconf 88' lang='lat' dir='ltr'><strong>tros</strong></span> <span class='ocrx_word' id='word_1_816' title='bbox 1127 2609 1153 2636; x_wconf 91' lang='lat' dir='ltr'><strong>in</strong></span> <span class='ocrx_word' id='word_1_817' title='bbox 1170 2609 1243 2636; x_wconf 87' lang='lat' dir='ltr'><strong>cives</strong></span> <span class='ocrx_word' id='word_1_818' title='bbox 1255 2607 1407 2635; x_wconf 85' lang='lat' dir='ltr'><strong>contulisti.</strong></span> <span class='ocrx_word' id='word_1_819' title='bbox 1419 2607 1510 2640; x_wconf 81' lang='lat' dir='ltr'><strong>Quare</strong></span> <span class='ocrx_word' id='word_1_820' title='bbox 1525 2608 1629 2635; x_wconf 83' lang='lat' dir='ltr'><strong>hostias</strong></span> <span class='ocrx_word' id='word_1_821' title='bbox 1645 2616 1695 2636; x_wconf 82' lang='lat' dir='ltr'><strong>con</strong></span> <span class='ocrx_word' id='word_1_822' title='bbox 1702 2608 1841 2642; x_wconf 76' lang='lat' dir='ltr'><strong>festin1,et</strong></span> 
     </span>
    </p>
   </div>
   <div class='ocr_carea' id='block_1_111' title="bbox 1054 2655 1840 2690">
    <p class='ocr_par' dir='ltr' id='par_1_111' title="bbox 1054 2655 1840 2690">
     <span class='ocr_line' id='line_1_112' title="bbox 1054 2655 1840 2690; baseline -0.001 -6"><span class='ocrx_word' id='word_1_823' title='bbox 1054 2662 1110 2690; x_wconf 87' lang='lat' dir='ltr'><strong>tua,</strong></span> <span class='ocrx_word' id='word_1_824' title='bbox 1127 2661 1155 2684; x_wconf 87' lang='lat' dir='ltr'><strong>et</strong></span> <span class='ocrx_word' id='word_1_825' title='bbox 1168 2655 1285 2688; x_wconf 83' lang='lat' dir='ltr'><strong>sororis,</strong></span> <span class='ocrx_word' id='word_1_826' title='bbox 1299 2655 1460 2687; x_wconf 86' lang='lat' dir='ltr'><strong>liberorum,</strong></span> <span class='ocrx_word' id='word_1_827' title='bbox 1472 2656 1679 2690; x_wconf 86' lang='lat' dir='ltr'><strong>amicorumque</strong></span> <span class='ocrx_word' id='word_1_828' title='bbox 1693 2664 1775 2684; x_wconf 85' lang='lat' dir='ltr'><strong>causa</strong></span> <span class='ocrx_word' id='word_1_829' title='bbox 1790 2657 1840 2684; x_wconf 91' lang='lat' dir='ltr'><strong>im-</strong></span> 
     </span>
    </p>
   </div>
   <div class='ocr_carea' id='block_1_112' title="bbox 1089 2722 1839 2760">
    <p class='ocr_par' dir='ltr' id='par_1_112' title="bbox 1089 2722 1839 2760">
     <span class='ocr_line' id='line_1_113' title="bbox 1089 2722 1839 2760; baseline -0.001 -9"><span class='ocrx_word' id='word_1_830' title='bbox 1089 2723 1192 2760; x_wconf 57' lang='grc' dir='ltr'><strong>(4ῥ-45)</strong></span> <span class='ocrx_word' id='word_1_831' title='bbox 1205 2722 1259 2760; x_wconf 75' lang='grc' dir='ltr'><strong>Καὶ</strong></span> <span class='ocrx_word' id='word_1_832' title='bbox 1272 2723 1300 2760; x_wconf 66' lang='grc' dir='ltr'>εἰ</span> <span class='ocrx_word' id='word_1_833' title='bbox 1321 2722 1401 2760; x_wconf 70' lang='grc' dir='ltr'>παρὰ</span> <span class='ocrx_word' id='word_1_834' title='bbox 1417 2723 1510 2757; x_wconf 70' lang='grc' dir='ltr'>φύσιν</span> <span class='ocrx_word' id='word_1_835' title='bbox 1527 2723 1628 2760; x_wconf 66' lang='grc' dir='ltr'>ἐστίν.</span> <span class='ocrx_word' id='word_1_836' title='bbox 1659 2723 1691 2753; x_wconf 83' lang='lat' dir='ltr'><strong>Et</strong></span> <span class='ocrx_word' id='word_1_837' title='bbox 1717 2723 1839 2758; x_wconf 84' lang='lat' dir='ltr'><strong>Joseph.,</strong></span> 
     </span>
    </p>
   </div>
   <div class='ocr_carea' id='block_1_113' title="bbox 1054 2757 1839 2795">
    <p class='ocr_par' dir='ltr' id='par_1_113' title="bbox 1054 2757 1839 2795">
     <span class='ocr_line' id='line_1_114' title="bbox 1054 2757 1839 2795; baseline -0.003 -9"><span class='ocrx_word' id='word_1_838' title='bbox 1054 2757 1105 2787; x_wconf 77' lang='grc' dir='ltr'><strong>κᾶν</strong></span> <span class='ocrx_word' id='word_1_839' title='bbox 1156 2758 1231 2794; x_wconf 82' lang='grc' dir='ltr'>παρὰ</span> <span class='ocrx_word' id='word_1_840' title='bbox 1244 2758 1334 2792; x_wconf 86' lang='grc' dir='ltr'>φύσιν,</span> <span class='ocrx_word' id='word_1_841' title='bbox 1347 2759 1372 2785; x_wconf 91' lang='lat' dir='ltr'><strong>id</strong></span> <span class='ocrx_word' id='word_1_842' title='bbox 1384 2765 1434 2789; x_wconf 86' lang='lat' dir='ltr'><strong>est,</strong></span> <span class='ocrx_word' id='word_1_843' title='bbox 1449 2763 1478 2785; x_wconf 88' lang='lat' dir='ltr'><strong>ut</strong></span> <span class='ocrx_word' id='word_1_844' title='bbox 1497 2759 1587 2786; x_wconf 87' lang='lat' dir='ltr'><strong>minus</strong></span> <span class='ocrx_word' id='word_1_845' title='bbox 1599 2759 1624 2785; x_wconf 90' lang='lat' dir='ltr'><strong>id</strong></span> <span class='ocrx_word' id='word_1_846' title='bbox 1640 2767 1701 2786; x_wconf 81' lang='lat' dir='ltr'><strong>cuin</strong></span> <span class='ocrx_word' id='word_1_847' title='bbox 1721 2757 1839 2794; x_wconf 68' lang='lat' dir='ltr'><strong>ingenio.</strong></span> 
     </span>
    </p>
   </div>
   <div class='ocr_carea' id='block_1_114' title="bbox 1054 2794 1840 2829">
    <p class='ocr_par' dir='ltr' id='par_1_114' title="bbox 1054 2794 1840 2829">
     <span class='ocr_line' id='line_1_115' title="bbox 1054 2794 1840 2829; baseline -0.003 -7"><span class='ocrx_word' id='word_1_848' title='bbox 1054 2794 1155 2827; x_wconf 80' lang='lat' dir='ltr'><strong>sensu,</strong></span> <span class='ocrx_word' id='word_1_849' title='bbox 1186 2794 1308 2821; x_wconf 89' lang='lat' dir='ltr'><strong>moribus</strong></span> <span class='ocrx_word' id='word_1_850' title='bbox 1347 2794 1447 2820; x_wconf 79' lang='lat' dir='ltr'><strong>nostris</strong></span> <span class='ocrx_word' id='word_1_851' title='bbox 1476 2799 1656 2828; x_wconf 65' lang='lat' dir='ltr'><strong>congrueret,</strong></span> <span class='ocrx_word' id='word_1_852' title='bbox 1687 2794 1840 2829; x_wconf 78' lang='lat' dir='ltr'><strong>cujusniodi</strong></span> 
     </span>
    </p>
   </div>
   <div class='ocr_carea' id='block_1_115' title="bbox 1054 2829 1739 2858">
    <p class='ocr_par' dir='ltr' id='par_1_115' title="bbox 1054 2829 1739 2858">
     <span class='ocr_line' id='line_1_116' title="bbox 1054 2829 1739 2858; baseline -0.004 0"><span class='ocrx_word' id='word_1_853' title='bbox 1054 2831 1135 2858; x_wconf 88' lang='lat' dir='ltr'><strong>etiam</strong></span> <span class='ocrx_word' id='word_1_854' title='bbox 1153 2834 1194 2857; x_wconf 84' lang='lat' dir='ltr'><strong>est</strong></span> <span class='ocrx_word' id='word_1_855' title='bbox 1210 2837 1350 2857; x_wconf 88' lang='lat' dir='ltr'><strong>sacrorum</strong></span> <span class='ocrx_word' id='word_1_856' title='bbox 1366 2829 1496 2857; x_wconf 89' lang='lat' dir='ltr'><strong>librorum</strong></span> <span class='ocrx_word' id='word_1_857' title='bbox 1514 2830 1739 2857; x_wconf 82' lang='lat' dir='ltr'><strong>communicatio.</strong></span> 
     </span>
    </p>
   </div>
   <div class='ocr_carea' id='block_1_116' title="bbox 1090 2863 1841 2901">
    <p class='ocr_par' dir='ltr' id='par_1_116' title="bbox 1090 2863 1841 2901">
     <span class='ocr_line' id='line_1_117' title="bbox 1090 2863 1841 2901; baseline -0.003 -9"><span class='ocrx_word' id='word_1_858' title='bbox 1090 2866 1144 2901; x_wconf 62' lang='lat' dir='ltr'><strong>(d6)</strong></span> <span class='ocrx_word' id='word_1_859' title='bbox 1163 2865 1219 2898; x_wconf 86' lang='grc' dir='ltr'><strong>Τῆς</strong></span> <span class='ocrx_word' id='word_1_860' title='bbox 1232 2863 1450 2901; x_wconf 22' lang='grc' dir='ltr'><strong>ᾲᾷελλξῆςνηριρ.</strong></span> <span class='ocrx_word' id='word_1_861' title='bbox 1476 2864 1592 2893; x_wconf 78' lang='lat' dir='ltr'><strong>Montac.</strong></span> <span class='ocrx_word' id='word_1_862' title='bbox 1604 2886 1613 2900; x_wconf 55' lang='grc' dir='ltr'><strong><em>ο</em></strong></span> <span class='ocrx_word' id='word_1_863' title='bbox 1629 2866 1674 2892; x_wconf 78' lang='grc' dir='ltr'>καὶ</span> <span class='ocrx_word' id='word_1_864' title='bbox 1698 2865 1746 2900; x_wconf 82' lang='grc' dir='ltr'>τῆς</span> <span class='ocrx_word' id='word_1_865' title='bbox 1764 2865 1841 2900; x_wconf 66' lang='grc' dir='ltr'>βασι-</span> 
     </span>
    </p>
   </div>
   <div class='ocr_carea' id='block_1_117' title="bbox 1054 2899 1522 2937">
    <p class='ocr_par' dir='ltr' id='par_1_117' title="bbox 1054 2899 1522 2937">
     <span class='ocr_line' id='line_1_118' title="bbox 1054 2899 1522 2937; baseline -0.004 -8"><span class='ocrx_word' id='word_1_866' title='bbox 1054 2899 1158 2937; x_wconf 72' lang='grc' dir='ltr'>λίσσης,</span> <span class='ocrx_word' id='word_1_867' title='bbox 1176 2900 1223 2927; x_wconf 68' lang='grc' dir='ltr'>καὶ</span> <span class='ocrx_word' id='word_1_868' title='bbox 1236 2899 1352 2936; x_wconf 77' lang='grc' dir='ltr'>ἀδελφῆς</span> <span class='ocrx_word' id='word_1_869' title='bbox 1373 2900 1522 2936; x_wconf 73' lang='grc' dir='ltr'>’Δρτι-ιόης.</span> 
     </span>
    </p>
   </div>
  </div>
