  <div class='ocr_page' id='page_1' title='image "/cluster/home/n/w/nwhite01/storage/ocr_20150623/21/njp.32101077772489/333.png"; bbox 0 0 2070 3206; ppageno 0'>
   <div class='ocr_carea' id='block_1_1' title="bbox 301 185 354 213">
    <p class='ocr_par' dir='ltr' id='par_1_1' title="bbox 301 185 354 213">
     <span class='ocr_line' id='line_1_1' title="bbox 301 185 354 213; baseline 0 0"><span class='ocrx_word' id='word_1_1' title='bbox 301 185 354 213; x_wconf 85' lang='lat'><strong>599</strong></span> 
     </span>
    </p>
   </div>
   <div class='ocr_carea' id='block_1_2' title="bbox 300 243 1115 278">
    <p class='ocr_par' dir='ltr' id='par_1_2' title="bbox 300 243 1115 278">
     <span class='ocr_line' id='line_1_2' title="bbox 300 243 1115 278; baseline 0.004 -8"><span class='ocrx_word' id='word_1_2' title='bbox 300 243 438 271; x_wconf 85' lang='lat' dir='ltr'><strong>cuuditate</strong></span> <span class='ocrx_word' id='word_1_3' title='bbox 453 244 556 272; x_wconf 86' lang='lat' dir='ltr'><strong>sobolis</strong></span> <span class='ocrx_word' id='word_1_4' title='bbox 563 244 892 278; x_wconf 67' lang='lat' dir='ltr'><strong>admirabilipullularit.»</strong></span> <span class='ocrx_word' id='word_1_5' title='bbox 903 243 971 271; x_wconf 88' lang='lat' dir='ltr'><strong>Tum</strong></span> <span class='ocrx_word' id='word_1_6' title='bbox 985 244 1077 278; x_wconf 80' lang='lat' dir='ltr'><strong>paucis</strong></span> <span class='ocrx_word' id='word_1_7' title='bbox 1091 245 1115 273; x_wconf 77' lang='grc' dir='ltr'><strong>Δ</strong></span> 
     </span>
    </p>
   </div>
   <div class='ocr_carea' id='block_1_3' title="bbox 299 289 1078 325">
    <p class='ocr_par' dir='ltr' id='par_1_3' title="bbox 299 289 1078 325">
     <span class='ocr_line' id='line_1_3' title="bbox 299 289 1078 325; baseline 0.003 -10"><span class='ocrx_word' id='word_1_8' title='bbox 299 289 458 324; x_wconf 85' lang='lat' dir='ltr'><strong>interjectis,</strong></span> <span class='ocrx_word' id='word_1_9' title='bbox 474 300 483 316; x_wconf 78' lang='grc' dir='ltr'><strong>ι</strong></span> <span class='ocrx_word' id='word_1_10' title='bbox 495 290 534 318; x_wconf 83' lang='lat' dir='ltr'><strong>Ac</strong></span> <span class='ocrx_word' id='word_1_11' title='bbox 541 292 629 318; x_wconf 81' lang='lat' dir='ltr'><strong>virum</strong></span> <span class='ocrx_word' id='word_1_12' title='bbox 639 289 758 325; x_wconf 86' lang='lat' dir='ltr'><strong>quidem,</strong></span> <span class='ocrx_word' id='word_1_13' title='bbox 767 289 854 325; x_wconf 87' lang='lat' dir='ltr'><strong>inquit</strong></span> <span class='ocrx_word' id='word_1_14' title='bbox 865 289 919 321; x_wconf 83' lang='lat' dir='ltr'><strong>ille.</strong></span> <span class='ocrx_word' id='word_1_15' title='bbox 934 289 1078 324; x_wconf 80' lang='lat' dir='ltr'><strong>profectio-</strong></span> 
     </span>
    </p>
   </div>
   <div class='ocr_carea' id='block_1_4' title="bbox 303 335 1078 370">
    <p class='ocr_par' dir='ltr' id='par_1_4' title="bbox 303 335 1078 370">
     <span class='ocr_line' id='line_1_4' title="bbox 303 335 1078 370; baseline 0.001 -8"><span class='ocrx_word' id='word_1_16' title='bbox 303 335 346 363; x_wconf 86' lang='lat' dir='ltr'><strong>nis</strong></span> <span class='ocrx_word' id='word_1_17' title='bbox 358 336 439 363; x_wconf 82' lang='lat' dir='ltr'><strong>simul</strong></span> <span class='ocrx_word' id='word_1_18' title='bbox 456 335 614 370; x_wconf 91' lang='lat' dir='ltr'><strong>itinerisque</strong></span> <span class='ocrx_word' id='word_1_19' title='bbox 635 336 730 362; x_wconf 88' lang='lat' dir='ltr'><strong>ducem</strong></span> <span class='ocrx_word' id='word_1_20' title='bbox 752 335 881 367; x_wconf 78' lang='lat' dir='ltr'><strong>habuere,</strong></span> <span class='ocrx_word' id='word_1_21' title='bbox 896 335 963 362; x_wconf 90' lang='lat' dir='ltr'><strong>nihil</strong></span> <span class='ocrx_word' id='word_1_22' title='bbox 984 335 1078 363; x_wconf 78' lang='lat' dir='ltr'><strong>admo-</strong></span> 
     </span>
    </p>
   </div>
   <div class='ocr_carea' id='block_1_5' title="bbox 297 381 1074 416">
    <p class='ocr_par' dir='ltr' id='par_1_5' title="bbox 297 381 1074 416">
     <span class='ocr_line' id='line_1_5' title="bbox 297 381 1074 416; baseline -0.001 -7"><span class='ocrx_word' id='word_1_23' title='bbox 297 382 373 416; x_wconf 87' lang='lat' dir='ltr'><strong>dum,</strong></span> <span class='ocrx_word' id='word_1_24' title='bbox 391 382 414 409; x_wconf 88' lang='lat' dir='ltr'><strong>si</strong></span> <span class='ocrx_word' id='word_1_25' title='bbox 441 382 477 408; x_wconf 87' lang='lat' dir='ltr'><strong>ita</strong></span> <span class='ocrx_word' id='word_1_26' title='bbox 501 381 559 413; x_wconf 84' lang='lat' dir='ltr'><strong>vis,</strong></span> <span class='ocrx_word' id='word_1_27' title='bbox 577 381 716 408; x_wconf 88' lang='lat' dir='ltr'><strong>hominum</strong></span> <span class='ocrx_word' id='word_1_28' title='bbox 742 381 822 416; x_wconf 81' lang='lat' dir='ltr'><strong>vulgo</strong></span> <span class='ocrx_word' id='word_1_29' title='bbox 847 381 1074 409; x_wconf 82' lang='lat' dir='ltr'><strong>excellentiorem.</strong></span> 
     </span>
    </p>
   </div>
   <div class='ocr_carea' id='block_1_6' title="bbox 296 426 1076 461">
    <p class='ocr_par' dir='ltr' id='par_1_6' title="bbox 296 426 1076 461">
     <span class='ocr_line' id='line_1_6' title="bbox 296 426 1076 461; baseline 0 -7"><span class='ocrx_word' id='word_1_30' title='bbox 296 426 363 454; x_wconf 85' lang='lat' dir='ltr'><strong>Nam</strong></span> <span class='ocrx_word' id='word_1_31' title='bbox 380 435 441 454; x_wconf 88' lang='lat' dir='ltr'><strong>eum</strong></span> <span class='ocrx_word' id='word_1_32' title='bbox 460 427 656 461; x_wconf 63' lang='lat' dir='ltr'><strong>prastigiarum</strong></span> <span class='ocrx_word' id='word_1_33' title='bbox 669 434 788 461; x_wconf 87' lang='lat' dir='ltr'><strong>quoque,</strong></span> <span class='ocrx_word' id='word_1_34' title='bbox 799 434 831 454; x_wconf 92' lang='lat' dir='ltr'><strong>ac</strong></span> <span class='ocrx_word' id='word_1_35' title='bbox 841 427 1006 454; x_wconf 67' lang='lat' dir='ltr'><strong>vetcratoriae</strong></span> <span class='ocrx_word' id='word_1_36' title='bbox 1015 435 1076 454; x_wconf 87' lang='lat' dir='ltr'><strong>ora-</strong></span> 
     </span>
    </p>
   </div>
   <div class='ocr_carea' id='block_1_7' title="bbox 295 471 1076 506">
    <p class='ocr_par' dir='ltr' id='par_1_7' title="bbox 295 471 1076 506">
     <span class='ocr_line' id='line_1_7' title="bbox 295 471 1076 506; baseline 0 -7"><span class='ocrx_word' id='word_1_37' title='bbox 295 473 377 499; x_wconf 78' lang='lat' dir='ltr'><strong>tionis</strong></span> <span class='ocrx_word' id='word_1_38' title='bbox 393 472 594 499; x_wconf 90' lang='lat' dir='ltr'><strong>insimulabaut.</strong></span> <span class='ocrx_word' id='word_1_39' title='bbox 608 471 707 499; x_wconf 89' lang='lat' dir='ltr'><strong>Demus</strong></span> <span class='ocrx_word' id='word_1_40' title='bbox 724 472 749 499; x_wconf 90' lang='lat' dir='ltr'><strong>id</strong></span> <span class='ocrx_word' id='word_1_41' title='bbox 770 480 849 504; x_wconf 89' lang='lat' dir='ltr'><strong>vero,</strong></span> <span class='ocrx_word' id='word_1_42' title='bbox 866 473 912 499; x_wconf 91' lang='lat' dir='ltr'><strong>sed</strong></span> <span class='ocrx_word' id='word_1_43' title='bbox 928 471 1076 506; x_wconf 61' lang='lat' dir='ltr'><strong>praestigias</strong></span> 
     </span>
    </p>
   </div>
   <div class='ocr_carea' id='block_1_8' title="bbox 296 517 1075 554">
    <p class='ocr_par' dir='ltr' id='par_1_8' title="bbox 296 517 1075 554">
     <span class='ocr_line' id='line_1_8' title="bbox 296 517 1075 554; baseline 0 -10"><span class='ocrx_word' id='word_1_44' title='bbox 296 519 398 553; x_wconf 84' lang='lat' dir='ltr'><strong>accipe,</strong></span> <span class='ocrx_word' id='word_1_45' title='bbox 412 517 494 554; x_wconf 80' lang='lat'><strong>356</strong></span> <span class='ocrx_word' id='word_1_46' title='bbox 508 518 710 553; x_wconf 87' lang='lat' dir='ltr'><strong>vcrsntiamquc</strong></span> <span class='ocrx_word' id='word_1_47' title='bbox 732 518 907 550; x_wconf 79' lang='lat' dir='ltr'><strong>laudabilem,</strong></span> <span class='ocrx_word' id='word_1_48' title='bbox 923 526 977 553; x_wconf 88' lang='lat' dir='ltr'><strong>qua</strong></span> <span class='ocrx_word' id='word_1_49' title='bbox 991 526 1075 553; x_wconf 88' lang='lat' dir='ltr'><strong>popu-</strong></span> 
     </span>
    </p>
   </div>
   <div class='ocr_carea' id='block_1_9' title="bbox 294 563 1075 598">
    <p class='ocr_par' dir='ltr' id='par_1_9' title="bbox 294 563 1075 598">
     <span class='ocr_line' id='line_1_9' title="bbox 294 563 1075 598; baseline 0.001 -8"><span class='ocrx_word' id='word_1_50' title='bbox 294 563 350 590; x_wconf 87' lang='lat' dir='ltr'><strong>lum</strong></span> <span class='ocrx_word' id='word_1_51' title='bbox 366 564 601 597; x_wconf 86' lang='lat' dir='ltr'><strong>universum,siti,</strong></span> <span class='ocrx_word' id='word_1_52' title='bbox 624 563 706 596; x_wconf 87' lang='lat' dir='ltr'><strong>fame,</strong></span> <span class='ocrx_word' id='word_1_53' title='bbox 721 563 826 591; x_wconf 85' lang='lat' dir='ltr'><strong>viarum</strong></span> <span class='ocrx_word' id='word_1_54' title='bbox 846 564 1075 598; x_wconf 43' lang='lat' dir='ltr'><strong>ignarationeyac</strong></span> 
     </span>
    </p>
   </div>
   <div class='ocr_carea' id='block_1_10' title="bbox 294 607 1073 644">
    <p class='ocr_par' dir='ltr' id='par_1_10' title="bbox 294 607 1073 644">
     <span class='ocr_line' id='line_1_10' title="bbox 294 607 1073 644; baseline 0 -9"><span class='ocrx_word' id='word_1_55' title='bbox 294 616 384 636; x_wconf 89' lang='lat' dir='ltr'><strong>rerum</strong></span> <span class='ocrx_word' id='word_1_56' title='bbox 400 608 522 636; x_wconf 90' lang='lat' dir='ltr'><strong>omnium</strong></span> <span class='ocrx_word' id='word_1_57' title='bbox 543 609 656 644; x_wconf 87' lang='lat' dir='ltr'><strong>penuria</strong></span> <span class='ocrx_word' id='word_1_58' title='bbox 672 608 851 640; x_wconf 87' lang='lat' dir='ltr'><strong>laborantem,</strong></span> <span class='ocrx_word' id='word_1_59' title='bbox 868 607 979 643; x_wconf 84' lang='lat' dir='ltr'><strong>perinde</strong></span> <span class='ocrx_word' id='word_1_60' title='bbox 1003 613 1031 635; x_wconf 89' lang='lat' dir='ltr'><strong>ut</strong></span> <span class='ocrx_word' id='word_1_61' title='bbox 1046 608 1073 635; x_wconf 90' lang='lat' dir='ltr'><strong>in</strong></span> 
     </span>
    </p>
   </div>
   <div class='ocr_carea' id='block_1_11' title="bbox 293 654 1074 688">
    <p class='ocr_par' dir='ltr' id='par_1_11' title="bbox 293 654 1074 688">
     <span class='ocr_line' id='line_1_11' title="bbox 293 654 1074 688; baseline -0.003 -6"><span class='ocrx_word' id='word_1_62' title='bbox 293 663 399 682; x_wconf 75' lang='lat' dir='ltr'><strong>summa</strong></span> <span class='ocrx_word' id='word_1_63' title='bbox 414 658 574 682; x_wconf 88' lang='lat' dir='ltr'><strong>cunctorum</strong></span> <span class='ocrx_word' id='word_1_64' title='bbox 592 654 724 681; x_wconf 91' lang='lat' dir='ltr'><strong>bonorum</strong></span> <span class='ocrx_word' id='word_1_65' title='bbox 754 654 917 681; x_wconf 84' lang='lat' dir='ltr'><strong>abundantia</strong></span> <span class='ocrx_word' id='word_1_66' title='bbox 935 659 960 682; x_wconf 87' lang='lat' dir='ltr'><strong>et</strong></span> <span class='ocrx_word' id='word_1_67' title='bbox 976 661 1074 688; x_wconf 84' lang='lat' dir='ltr'><strong>suppe-</strong></span> 
     </span>
    </p>
   </div>
   <div class='ocr_carea' id='block_1_12' title="bbox 292 700 1072 735">
    <p class='ocr_par' dir='ltr' id='par_1_12' title="bbox 292 700 1072 735">
     <span class='ocr_line' id='line_1_12' title="bbox 292 700 1072 735; baseline 0 -8"><span class='ocrx_word' id='word_1_68' title='bbox 292 700 378 728; x_wconf 89' lang='lat' dir='ltr'><strong>ditato</strong></span> <span class='ocrx_word' id='word_1_69' title='bbox 392 700 427 727; x_wconf 87' lang='lat' dir='ltr'><strong>ab</strong></span> <span class='ocrx_word' id='word_1_70' title='bbox 439 700 588 735; x_wconf 86' lang='lat' dir='ltr'><strong>interjectis</strong></span> <span class='ocrx_word' id='word_1_71' title='bbox 607 700 762 727; x_wconf 87' lang='lat' dir='ltr'><strong>nationibus</strong></span> <span class='ocrx_word' id='word_1_72' title='bbox 776 704 931 727; x_wconf 86' lang='lat' dir='ltr'><strong>commeatu</strong></span> <span class='ocrx_word' id='word_1_73' title='bbox 942 720 949 732; x_wconf 91' lang='lat'><strong>,</strong></span> <span class='ocrx_word' id='word_1_74' title='bbox 968 700 1072 728; x_wconf 87' lang='lat' dir='ltr'><strong>salvum</strong></span> 
     </span>
    </p>
   </div>
   <div class='ocr_carea' id='block_1_13' title="bbox 292 746 1072 780">
    <p class='ocr_par' dir='ltr' id='par_1_13' title="bbox 292 746 1072 780">
     <span class='ocr_line' id='line_1_13' title="bbox 292 746 1072 780; baseline 0 -7"><span class='ocrx_word' id='word_1_75' title='bbox 292 746 490 773; x_wconf 81' lang='lat' dir='ltr'><strong>etiucolumem</strong></span> <span class='ocrx_word' id='word_1_76' title='bbox 516 746 658 780; x_wconf 65' lang='lat' dir='ltr'><strong>prmstitit;</strong></span> <span class='ocrx_word' id='word_1_77' title='bbox 680 753 774 773; x_wconf 85' lang='lat' dir='ltr'><strong>verum</strong></span> <span class='ocrx_word' id='word_1_78' title='bbox 797 747 877 773; x_wconf 84' lang='lat' dir='ltr'><strong>etiam</strong></span> <span class='ocrx_word' id='word_1_79' title='bbox 903 746 977 773; x_wconf 91' lang='lat' dir='ltr'><strong>illum</strong></span> <span class='ocrx_word' id='word_1_80' title='bbox 1004 751 1032 773; x_wconf 87' lang='lat' dir='ltr'><strong>ut</strong></span> <span class='ocrx_word' id='word_1_81' title='bbox 1057 754 1072 773; x_wconf 92' lang='lat' dir='ltr'><strong>a</strong></span> 
     </span>
    </p>
   </div>
   <div class='ocr_carea' id='block_1_14' title="bbox 291 792 1071 824">
    <p class='ocr_par' dir='ltr' id='par_1_14' title="bbox 291 792 1071 824">
     <span class='ocr_line' id='line_1_14' title="bbox 291 792 1071 824; baseline 0 -5"><span class='ocrx_word' id='word_1_82' title='bbox 291 793 394 820; x_wconf 80' lang='lat' dir='ltr'><strong>mutuis</strong></span> <span class='ocrx_word' id='word_1_83' title='bbox 409 792 562 819; x_wconf 90' lang='lat' dir='ltr'><strong>animorum</strong></span> <span class='ocrx_word' id='word_1_84' title='bbox 579 792 700 820; x_wconf 88' lang='lat' dir='ltr'><strong>dissidiis</strong></span> <span class='ocrx_word' id='word_1_85' title='bbox 713 793 827 820; x_wconf 89' lang='lat' dir='ltr'><strong>liberum</strong></span> <span class='ocrx_word' id='word_1_86' title='bbox 843 792 946 824; x_wconf 85' lang='lat' dir='ltr'><strong>habuit,</strong></span> <span class='ocrx_word' id='word_1_87' title='bbox 969 793 1004 819; x_wconf 91' lang='lat' dir='ltr'><strong>ita</strong></span> <span class='ocrx_word' id='word_1_88' title='bbox 1021 793 1071 820; x_wconf 91' lang='lat' dir='ltr'><strong>sibi</strong></span> 
     </span>
    </p>
   </div>
   <div class='ocr_carea' id='block_1_15' title="bbox 292 838 1070 873">
    <p class='ocr_par' dir='ltr' id='par_1_15' title="bbox 292 838 1070 873">
     <span class='ocr_line' id='line_1_15' title="bbox 292 838 1070 873; baseline 0 -8"><span class='ocrx_word' id='word_1_89' title='bbox 292 838 373 866; x_wconf 80' lang='lat' dir='ltr'><strong>rebus</strong></span> <span class='ocrx_word' id='word_1_90' title='bbox 390 838 416 865; x_wconf 92' lang='lat' dir='ltr'><strong>in</strong></span> <span class='ocrx_word' id='word_1_91' title='bbox 430 838 559 866; x_wconf 88' lang='lat' dir='ltr'><strong>omnibus</strong></span> <span class='ocrx_word' id='word_1_92' title='bbox 577 838 782 873; x_wconf 78' lang='lat' dir='ltr'><strong>obsequentem.</strong></span> <span class='ocrx_word' id='word_1_93' title='bbox 809 839 895 873; x_wconf 81' lang='lat' dir='ltr'><strong>Atque</strong></span> <span class='ocrx_word' id='word_1_94' title='bbox 914 838 940 865; x_wconf 88' lang='lat' dir='ltr'><strong>id</strong></span> <span class='ocrx_word' id='word_1_95' title='bbox 958 846 1011 866; x_wconf 85' lang='lat' dir='ltr'><strong>non</strong></span> <span class='ocrx_word' id='word_1_96' title='bbox 1038 839 1070 865; x_wconf 88' lang='lat' dir='ltr'><strong>ad</strong></span> 
     </span>
    </p>
   </div>
   <div class='ocr_carea' id='block_1_16' title="bbox 291 884 1067 920">
    <p class='ocr_par' dir='ltr' id='par_1_16' title="bbox 291 884 1067 920">
     <span class='ocr_line' id='line_1_16' title="bbox 291 884 1067 920; baseline 0 -9"><span class='ocrx_word' id='word_1_97' title='bbox 291 884 372 912; x_wconf 90' lang='lat' dir='ltr'><strong>breve</strong></span> <span class='ocrx_word' id='word_1_98' title='bbox 401 884 510 919; x_wconf 83' lang='lat' dir='ltr'><strong>aliquod</strong></span> <span class='ocrx_word' id='word_1_99' title='bbox 531 885 714 920; x_wconf 74' lang='lat' dir='ltr'><strong>exiguumque</strong></span> <span class='ocrx_word' id='word_1_100' title='bbox 743 889 849 919; x_wconf 82' lang='lat' dir='ltr'><strong>tempus</strong></span> <span class='ocrx_word' id='word_1_101' title='bbox 865 905 872 917; x_wconf 91' lang='lat'><strong>,</strong></span> <span class='ocrx_word' id='word_1_102' title='bbox 902 885 948 912; x_wconf 87' lang='lat' dir='ltr'><strong>sed</strong></span> <span class='ocrx_word' id='word_1_103' title='bbox 974 885 1067 912; x_wconf 83' lang='lat' dir='ltr'><strong>tandiu</strong></span> 
     </span>
    </p>
   </div>
   <div class='ocr_carea' id='block_1_17' title="bbox 290 930 1072 965">
    <p class='ocr_par' dir='ltr' id='par_1_17' title="bbox 290 930 1072 965">
     <span class='ocr_line' id='line_1_17' title="bbox 290 930 1072 965; baseline 0.004 -10"><span class='ocrx_word' id='word_1_104' title='bbox 290 935 362 958; x_wconf 77' lang='lat' dir='ltr'><strong>certe</strong></span> <span class='ocrx_word' id='word_1_105' title='bbox 378 930 498 965; x_wconf 81' lang='lat' dir='ltr'><strong>quidem,</strong></span> <span class='ocrx_word' id='word_1_106' title='bbox 512 930 632 965; x_wconf 89' lang='lat' dir='ltr'><strong>quandiu</strong></span> <span class='ocrx_word' id='word_1_107' title='bbox 645 931 671 957; x_wconf 92' lang='lat' dir='ltr'><strong>in</strong></span> <span class='ocrx_word' id='word_1_108' title='bbox 685 930 766 958; x_wconf 86' lang='lat' dir='ltr'><strong>simili</strong></span> <span class='ocrx_word' id='word_1_109' title='bbox 779 932 945 958; x_wconf 88' lang='lat' dir='ltr'><strong>voluntatum</strong></span> <span class='ocrx_word' id='word_1_110' title='bbox 958 939 1072 959; x_wconf 87' lang='lat' dir='ltr'><strong>concor-</strong></span> 
     </span>
    </p>
   </div>
   <div class='ocr_carea' id='block_1_18' title="bbox 289 975 1070 1013">
    <p class='ocr_par' dir='ltr' id='par_1_18' title="bbox 289 975 1070 1013">
     <span class='ocr_line' id='line_1_18' title="bbox 289 975 1070 1013; baseline 0.006 -12"><span class='ocrx_word' id='word_1_111' title='bbox 289 975 344 1007; x_wconf 88' lang='lat' dir='ltr'><strong>dia,</strong></span> <span class='ocrx_word' id='word_1_112' title='bbox 361 981 390 1003; x_wconf 88' lang='lat' dir='ltr'><strong>ut</strong></span> <span class='ocrx_word' id='word_1_113' title='bbox 404 977 505 1005; x_wconf 80' lang='lat' dir='ltr'><strong>affatim</strong></span> <span class='ocrx_word' id='word_1_114' title='bbox 525 982 621 1005; x_wconf 89' lang='lat' dir='ltr'><strong>cuncta</strong></span> <span class='ocrx_word' id='word_1_115' title='bbox 633 982 804 1012; x_wconf 87' lang='lat' dir='ltr'><strong>suppeterent</strong></span> <span class='ocrx_word' id='word_1_116' title='bbox 815 997 822 1010; x_wconf 88' lang='lat'><strong>,</strong></span> <span class='ocrx_word' id='word_1_117' title='bbox 834 986 943 1005; x_wconf 89' lang='lat' dir='ltr'><strong>manere</strong></span> <span class='ocrx_word' id='word_1_118' title='bbox 958 986 990 1006; x_wconf 88' lang='lat' dir='ltr'><strong>ac</strong></span> <span class='ocrx_word' id='word_1_119' title='bbox 1009 987 1070 1013; x_wconf 91' lang='lat' dir='ltr'><strong>per-</strong></span> 
     </span>
    </p>
   </div>
   <div class='ocr_carea' id='block_1_19' title="bbox 289 1023 1071 1059">
    <p class='ocr_par' dir='ltr' id='par_1_19' title="bbox 289 1023 1071 1059">
     <span class='ocr_line' id='line_1_19' title="bbox 289 1023 1071 1059; baseline 0.005 -12"><span class='ocrx_word' id='word_1_120' title='bbox 289 1023 385 1049; x_wconf 80' lang='lat' dir='ltr'><strong>sistere</strong></span> <span class='ocrx_word' id='word_1_121' title='bbox 400 1031 434 1050; x_wconf 90' lang='lat' dir='ltr'><strong>ne</strong></span> <span class='ocrx_word' id='word_1_122' title='bbox 447 1023 548 1051; x_wconf 82' lang='lat' dir='ltr'><strong>familia</strong></span> <span class='ocrx_word' id='word_1_123' title='bbox 564 1024 671 1059; x_wconf 86' lang='lat' dir='ltr'><strong>quidem</strong></span> <span class='ocrx_word' id='word_1_124' title='bbox 681 1031 733 1050; x_wconf 88' lang='lat' dir='ltr'><strong>una</strong></span> <span class='ocrx_word' id='word_1_125' title='bbox 742 1024 883 1058; x_wconf 89' lang='lat' dir='ltr'><strong>potuisset.</strong></span> <span class='ocrx_word' id='word_1_126' title='bbox 893 1024 930 1051; x_wconf 91' lang='lat' dir='ltr'><strong>lta</strong></span> <span class='ocrx_word' id='word_1_127' title='bbox 939 1032 1024 1058; x_wconf 88' lang='lat' dir='ltr'><strong>neque</strong></span> <span class='ocrx_word' id='word_1_128' title='bbox 1034 1024 1071 1052; x_wconf 87' lang='lat' dir='ltr'><strong>si-</strong></span> 
     </span>
    </p>
   </div>
   <div class='ocr_carea' id='block_1_20' title="bbox 288 1068 1070 1105">
    <p class='ocr_par' dir='ltr' id='par_1_20' title="bbox 288 1068 1070 1105">
     <span class='ocr_line' id='line_1_20' title="bbox 288 1068 1070 1105; baseline 0.004 -11"><span class='ocrx_word' id='word_1_129' title='bbox 288 1068 333 1098; x_wconf 86' lang='lat' dir='ltr'><strong>tis.</strong></span> <span class='ocrx_word' id='word_1_130' title='bbox 345 1076 433 1104; x_wconf 89' lang='lat' dir='ltr'><strong>neque</strong></span> <span class='ocrx_word' id='word_1_131' title='bbox 447 1069 543 1102; x_wconf 83' lang='lat' dir='ltr'><strong>fames,</strong></span> <span class='ocrx_word' id='word_1_132' title='bbox 552 1077 605 1097; x_wconf 89' lang='lat' dir='ltr'><strong>non</strong></span> <span class='ocrx_word' id='word_1_133' title='bbox 619 1071 678 1098; x_wconf 85' lang='lat' dir='ltr'><strong>lues</strong></span> <span class='ocrx_word' id='word_1_134' title='bbox 691 1078 847 1105; x_wconf 85' lang='lat' dir='ltr'><strong>corporum,</strong></span> <span class='ocrx_word' id='word_1_135' title='bbox 857 1078 910 1097; x_wconf 92' lang='lat' dir='ltr'><strong>non</strong></span> <span class='ocrx_word' id='word_1_136' title='bbox 927 1071 1070 1097; x_wconf 78' lang='lat' dir='ltr'><strong>immitten-</strong></span> 
     </span>
    </p>
   </div>
   <div class='ocr_carea' id='block_1_21' title="bbox 288 1113 1069 1151">
    <p class='ocr_par' dir='ltr' id='par_1_21' title="bbox 288 1113 1069 1151">
     <span class='ocr_line' id='line_1_21' title="bbox 288 1113 1069 1151; baseline 0.003 -11"><span class='ocrx_word' id='word_1_137' title='bbox 288 1113 354 1140; x_wconf 93' lang='lat' dir='ltr'><strong>tium</strong></span> <span class='ocrx_word' id='word_1_138' title='bbox 366 1115 546 1149; x_wconf 74' lang='lat' dir='ltr'><strong>periculorum</strong></span> <span class='ocrx_word' id='word_1_139' title='bbox 561 1120 659 1148; x_wconf 85' lang='lat' dir='ltr'><strong>metus,</strong></span> <span class='ocrx_word' id='word_1_140' title='bbox 669 1124 720 1143; x_wconf 92' lang='lat' dir='ltr'><strong>non</strong></span> <span class='ocrx_word' id='word_1_141' title='bbox 730 1124 842 1143; x_wconf 85' lang='lat' dir='ltr'><strong>casuum</strong></span> <span class='ocrx_word' id='word_1_142' title='bbox 853 1116 985 1151; x_wconf 83' lang='lat' dir='ltr'><strong>ignoratio</strong></span> <span class='ocrx_word' id='word_1_143' title='bbox 997 1115 1069 1143; x_wconf 89' lang='lat' dir='ltr'><strong>futu-</strong></span> 
     </span>
    </p>
   </div>
   <div class='ocr_carea' id='block_1_22' title="bbox 287 1161 1068 1198">
    <p class='ocr_par' dir='ltr' id='par_1_22' title="bbox 287 1161 1068 1198">
     <span class='ocr_line' id='line_1_22' title="bbox 287 1161 1068 1198; baseline 0.005 -12"><span class='ocrx_word' id='word_1_144' title='bbox 287 1167 391 1194; x_wconf 88' lang='lat' dir='ltr'><strong>rorum,</strong></span> <span class='ocrx_word' id='word_1_145' title='bbox 404 1161 534 1190; x_wconf 84' lang='lat' dir='ltr'><strong>adversus</strong></span> <span class='ocrx_word' id='word_1_146' title='bbox 541 1163 763 1197; x_wconf 60' lang='lat' dir='ltr'><strong>praestigiatorem</strong></span> <span class='ocrx_word' id='word_1_147' title='bbox 773 1162 858 1193; x_wconf 83' lang='lat' dir='ltr'><strong>illum,</strong></span> <span class='ocrx_word' id='word_1_148' title='bbox 866 1167 966 1190; x_wconf 87' lang='lat' dir='ltr'><strong>tantam</strong></span> <span class='ocrx_word' id='word_1_149' title='bbox 978 1163 1068 1198; x_wconf 89' lang='lat' dir='ltr'><strong>populi</strong></span> 
     </span>
    </p>
   </div>
   <div class='ocr_carea' id='block_1_23' title="bbox 286 1206 1066 1244">
    <p class='ocr_par' dir='ltr' id='par_1_23' title="bbox 286 1206 1066 1244">
     <span class='ocr_line' id='line_1_23' title="bbox 286 1206 1066 1244; baseline 0.005 -12"><span class='ocrx_word' id='word_1_150' title='bbox 286 1206 495 1239; x_wconf 87' lang='lat' dir='ltr'><strong>multitudinem,</strong></span> <span class='ocrx_word' id='word_1_151' title='bbox 509 1213 535 1235; x_wconf 90' lang='lat' dir='ltr'><strong>ct</strong></span> <span class='ocrx_word' id='word_1_152' title='bbox 558 1208 632 1236; x_wconf 89' lang='lat' dir='ltr'><strong>illius</strong></span> <span class='ocrx_word' id='word_1_153' title='bbox 651 1208 794 1236; x_wconf 78' lang='lat' dir='ltr'><strong>fraudibus</strong></span> <span class='ocrx_word' id='word_1_154' title='bbox 813 1209 935 1244; x_wconf 88' lang='lat' dir='ltr'><strong>dolisque</strong></span> <span class='ocrx_word' id='word_1_155' title='bbox 949 1209 1066 1236; x_wconf 90' lang='lat' dir='ltr'><strong>circum-</strong></span> 
     </span>
    </p>
   </div>
   <div class='ocr_carea' id='block_1_24' title="bbox 285 1254 1065 1289">
    <p class='ocr_par' dir='ltr' id='par_1_24' title="bbox 285 1254 1065 1289">
     <span class='ocr_line' id='line_1_24' title="bbox 285 1254 1065 1289; baseline 0.008 -12"><span class='ocrx_word' id='word_1_156' title='bbox 285 1256 404 1285; x_wconf 84' lang='lat' dir='ltr'><strong>ventam,</strong></span> <span class='ocrx_word' id='word_1_157' title='bbox 424 1254 559 1288; x_wconf 86' lang='lat' dir='ltr'><strong>etpassim</strong></span> <span class='ocrx_word' id='word_1_158' title='bbox 575 1254 720 1289; x_wconf 89' lang='lat' dir='ltr'><strong>aliquando</strong></span> <span class='ocrx_word' id='word_1_159' title='bbox 738 1260 892 1289; x_wconf 87' lang='lat' dir='ltr'><strong>pereuntem</strong></span> <span class='ocrx_word' id='word_1_160' title='bbox 910 1255 1065 1283; x_wconf 75' lang='lat' dir='ltr'><strong>concitavit.</strong></span> 
     </span>
    </p>
   </div>
   <div class='ocr_carea' id='block_1_25' title="bbox 285 1296 1065 1335">
    <p class='ocr_par' dir='ltr' id='par_1_25' title="bbox 285 1296 1065 1335">
     <span class='ocr_line' id='line_1_25' title="bbox 285 1296 1065 1335; baseline 0.008 -12"><span class='ocrx_word' id='word_1_161' title='bbox 285 1296 398 1329; x_wconf 84' lang='lat' dir='ltr'><strong>Qualem</strong></span> <span class='ocrx_word' id='word_1_162' title='bbox 406 1298 519 1326; x_wconf 88' lang='lat' dir='ltr'><strong>obsecro</strong></span> <span class='ocrx_word' id='word_1_163' title='bbox 530 1304 565 1331; x_wconf 85' lang='lat' dir='ltr'><strong>te,</strong></span> <span class='ocrx_word' id='word_1_164' title='bbox 574 1299 691 1327; x_wconf 88' lang='lat' dir='ltr'><strong>hominis</strong></span> <span class='ocrx_word' id='word_1_165' title='bbox 700 1300 781 1334; x_wconf 88' lang='lat' dir='ltr'><strong>hujus</strong></span> <span class='ocrx_word' id='word_1_166' title='bbox 791 1305 891 1328; x_wconf 84' lang='lat' dir='ltr'><strong>tantam</strong></span> <span class='ocrx_word' id='word_1_167' title='bbox 905 1302 961 1329; x_wconf 86' lang='lat' dir='ltr'><strong>sive</strong></span> <span class='ocrx_word' id='word_1_168' title='bbox 969 1307 1065 1335; x_wconf 87' lang='lat' dir='ltr'><strong>artem,</strong></span> 
     </span>
    </p>
   </div>
   <div class='ocr_carea' id='block_1_26' title="bbox 285 1341 1066 1382">
    <p class='ocr_par' dir='ltr' id='par_1_26' title="bbox 285 1341 1066 1382">
     <span class='ocr_line' id='line_1_26' title="bbox 285 1341 1066 1382; baseline 0.008 -14"><span class='ocrx_word' id='word_1_169' title='bbox 285 1341 342 1369; x_wconf 86' lang='lat' dir='ltr'><strong>sive</strong></span> <span class='ocrx_word' id='word_1_170' title='bbox 348 1343 477 1371; x_wconf 88' lang='lat' dir='ltr'><strong>orationis</strong></span> <span class='ocrx_word' id='word_1_171' title='bbox 485 1344 548 1375; x_wconf 89' lang='lat' dir='ltr'><strong>vim,</strong></span> <span class='ocrx_word' id='word_1_172' title='bbox 557 1343 613 1371; x_wconf 82' lang='lat' dir='ltr'><strong>sive</strong></span> <span class='ocrx_word' id='word_1_173' title='bbox 619 1344 777 1379; x_wconf 86' lang='lat' dir='ltr'><strong>sapientiam</strong></span> <span class='ocrx_word' id='word_1_174' title='bbox 785 1345 1066 1382; x_wconf 80' lang='lat' dir='ltr'><strong>fuissedieemus,quat</strong></span> 
     </span>
    </p>
   </div>
   <div class='ocr_carea' id='block_1_27' title="bbox 284 1390 1066 1427">
    <p class='ocr_par' dir='ltr' id='par_1_27' title="bbox 284 1390 1066 1427">
     <span class='ocr_line' id='line_1_27' title="bbox 284 1390 1066 1427; baseline 0.008 -13"><span class='ocrx_word' id='word_1_175' title='bbox 284 1391 362 1416; x_wconf 86' lang='lat' dir='ltr'><strong>totae</strong></span> <span class='ocrx_word' id='word_1_176' title='bbox 369 1393 421 1415; x_wconf 87' lang='lat' dir='ltr'><strong>tam</strong></span> <span class='ocrx_word' id='word_1_177' title='bbox 430 1390 519 1417; x_wconf 88' lang='lat' dir='ltr'><strong>varias</strong></span> <span class='ocrx_word' id='word_1_178' title='bbox 525 1390 712 1418; x_wconf 91' lang='lat' dir='ltr'><strong>discriminum</strong></span> <span class='ocrx_word' id='word_1_179' title='bbox 720 1398 957 1427; x_wconf 88' lang='lat' dir='ltr'><strong>monstrorumque</strong></span> <span class='ocrx_word' id='word_1_180' title='bbox 964 1392 1066 1421; x_wconf 77' lang='lat' dir='ltr'><strong>formas</strong></span> 
     </span>
    </p>
   </div>
   <div class='ocr_carea' id='block_1_28' title="bbox 283 1436 1062 1472">
    <p class='ocr_par' dir='ltr' id='par_1_28' title="bbox 283 1436 1062 1472">
     <span class='ocr_line' id='line_1_28' title="bbox 283 1436 1062 1472; baseline 0.006 -12"><span class='ocrx_word' id='word_1_181' title='bbox 283 1442 456 1470; x_wconf 74' lang='lat' dir='ltr'><strong>praesensque</strong></span> <span class='ocrx_word' id='word_1_182' title='bbox 462 1436 588 1464; x_wconf 90' lang='lat' dir='ltr'><strong>omnibus</strong></span> <span class='ocrx_word' id='word_1_183' title='bbox 597 1437 708 1464; x_wconf 79' lang='lat' dir='ltr'><strong>exitium</strong></span> <span class='ocrx_word' id='word_1_184' title='bbox 718 1445 788 1472; x_wconf 72' lang='lat' dir='ltr'><strong>smpe</strong></span> <span class='ocrx_word' id='word_1_185' title='bbox 796 1438 953 1465; x_wconf 87' lang='lat' dir='ltr'><strong>minitantes</strong></span> <span class='ocrx_word' id='word_1_186' title='bbox 961 1446 1011 1465; x_wconf 89' lang='lat' dir='ltr'><strong>una</strong></span> <span class='ocrx_word' id='word_1_187' title='bbox 1019 1446 1062 1466; x_wconf 84' lang='lat' dir='ltr'><strong>su-</strong></span> 
     </span>
    </p>
   </div>
   <div class='ocr_carea' id='block_1_29' title="bbox 284 1480 1065 1519">
    <p class='ocr_par' dir='ltr' id='par_1_29' title="bbox 284 1480 1065 1519">
     <span class='ocr_line' id='line_1_29' title="bbox 284 1480 1065 1519; baseline 0.005 -12"><span class='ocrx_word' id='word_1_188' title='bbox 284 1481 407 1514; x_wconf 84' lang='lat' dir='ltr'><strong>pcraret?</strong></span> <span class='ocrx_word' id='word_1_189' title='bbox 417 1480 681 1516; x_wconf 81' lang='lat' dir='ltr'><strong>Oportuitvidelicet,</strong></span> <span class='ocrx_word' id='word_1_190' title='bbox 691 1489 738 1510; x_wconf 90' lang='lat' dir='ltr'><strong>aut</strong></span> <span class='ocrx_word' id='word_1_191' title='bbox 752 1491 857 1516; x_wconf 88' lang='lat' dir='ltr'><strong>eorum,</strong></span> <span class='ocrx_word' id='word_1_192' title='bbox 866 1484 965 1518; x_wconf 90' lang='lat' dir='ltr'><strong>quibus</strong></span> <span class='ocrx_word' id='word_1_193' title='bbox 980 1484 1065 1519; x_wconf 88' lang='lat' dir='ltr'><strong>impe-</strong></span> 
     </span>
    </p>
   </div>
   <div class='ocr_carea' id='block_1_30' title="bbox 283 1526 1063 1565">
    <p class='ocr_par' dir='ltr' id='par_1_30' title="bbox 283 1526 1063 1565">
     <span class='ocr_line' id='line_1_30' title="bbox 283 1526 1063 1565; baseline 0.006 -13"><span class='ocrx_word' id='word_1_194' title='bbox 283 1526 370 1559; x_wconf 84' lang='lat' dir='ltr'><strong>rabat,</strong></span> <span class='ocrx_word' id='word_1_195' title='bbox 381 1527 616 1563; x_wconf 70' lang='lat' dir='ltr'><strong>ingeniamoujam</strong></span> <span class='ocrx_word' id='word_1_196' title='bbox 626 1529 750 1563; x_wconf 89' lang='lat' dir='ltr'><strong>imperita</strong></span> <span class='ocrx_word' id='word_1_197' title='bbox 758 1536 847 1556; x_wconf 92' lang='lat' dir='ltr'><strong>rerum</strong></span> <span class='ocrx_word' id='word_1_198' title='bbox 855 1530 1063 1565; x_wconf 75' lang='lat' dir='ltr'><strong>esse,ductuque</strong></span> 
     </span>
    </p>
   </div>
   <div class='ocr_carea' id='block_1_31' title="bbox 282 1571 1064 1610">
    <p class='ocr_par' dir='ltr' id='par_1_31' title="bbox 282 1571 1064 1610">
     <span class='ocr_line' id='line_1_31' title="bbox 282 1571 1064 1610; baseline 0.005 -12"><span class='ocrx_word' id='word_1_199' title='bbox 282 1571 400 1599; x_wconf 79' lang='lat' dir='ltr'><strong>difﬁcilia</strong></span> <span class='ocrx_word' id='word_1_200' title='bbox 410 1581 417 1605; x_wconf 88' lang='lat'><strong>;</strong></span> <span class='ocrx_word' id='word_1_201' title='bbox 427 1573 472 1600; x_wconf 89' lang='lat' dir='ltr'><strong>sed</strong></span> <span class='ocrx_word' id='word_1_202' title='bbox 479 1581 540 1601; x_wconf 89' lang='lat' dir='ltr'><strong>cum</strong></span> <span class='ocrx_word' id='word_1_203' title='bbox 554 1574 587 1601; x_wconf 89' lang='lat' dir='ltr'><strong>ad</strong></span> <span class='ocrx_word' id='word_1_204' title='bbox 606 1574 844 1609; x_wconf 73' lang='lat' dir='ltr'><strong>obtemperantium</strong></span> <span class='ocrx_word' id='word_1_205' title='bbox 859 1583 891 1602; x_wconf 84' lang='lat' dir='ltr'><strong>ex</strong></span> <span class='ocrx_word' id='word_1_206' title='bbox 903 1583 962 1602; x_wconf 86' lang='lat' dir='ltr'><strong>sese</strong></span> <span class='ocrx_word' id='word_1_207' title='bbox 971 1583 1064 1610; x_wconf 84' lang='lat' dir='ltr'><strong>prom-</strong></span> 
     </span>
    </p>
   </div>
   <div class='ocr_carea' id='block_1_32' title="bbox 284 1619 1065 1655">
    <p class='ocr_par' dir='ltr' id='par_1_32' title="bbox 284 1619 1065 1655">
     <span class='ocr_line' id='line_1_32' title="bbox 284 1619 1065 1655; baseline 0.006 -11"><span class='ocrx_word' id='word_1_208' title='bbox 284 1622 340 1652; x_wconf 85' lang='lat' dir='ltr'><strong>pta.</strong></span> <span class='ocrx_word' id='word_1_209' title='bbox 350 1623 406 1645; x_wconf 82' lang='lat' dir='ltr'><strong>tum</strong></span> <span class='ocrx_word' id='word_1_210' title='bbox 419 1627 483 1646; x_wconf 87' lang='lat' dir='ltr'><strong>vero</strong></span> <span class='ocrx_word' id='word_1_211' title='bbox 496 1627 530 1646; x_wconf 91' lang='lat' dir='ltr'><strong>ne</strong></span> <span class='ocrx_word' id='word_1_212' title='bbox 542 1619 627 1646; x_wconf 87' lang='lat' dir='ltr'><strong>futuri</strong></span> <span class='ocrx_word' id='word_1_213' title='bbox 645 1620 751 1654; x_wconf 84' lang='lat' dir='ltr'><strong>quidem</strong></span> <span class='ocrx_word' id='word_1_214' title='bbox 763 1621 924 1655; x_wconf 87' lang='lat' dir='ltr'><strong>improvida,</strong></span> <span class='ocrx_word' id='word_1_215' title='bbox 939 1621 1065 1654; x_wconf 88' lang='lat' dir='ltr'><strong>aut,licet</strong></span> 
     </span>
    </p>
   </div>
   <div class='ocr_carea' id='block_1_33' title="bbox 283 1663 1064 1700">
    <p class='ocr_par' dir='ltr' id='par_1_33' title="bbox 283 1663 1064 1700">
     <span class='ocr_line' id='line_1_33' title="bbox 283 1663 1064 1700; baseline 0.006 -11"><span class='ocrx_word' id='word_1_216' title='bbox 283 1663 382 1698; x_wconf 82' lang='lat' dir='ltr'><strong>insigni</strong></span> <span class='ocrx_word' id='word_1_217' title='bbox 395 1672 500 1691; x_wconf 92' lang='lat' dir='ltr'><strong>morum</strong></span> <span class='ocrx_word' id='word_1_218' title='bbox 511 1665 683 1700; x_wconf 86' lang='lat' dir='ltr'><strong>improbitate</strong></span> <span class='ocrx_word' id='word_1_219' title='bbox 698 1665 797 1699; x_wconf 81' lang='lat' dir='ltr'><strong>forent,</strong></span> <span class='ocrx_word' id='word_1_220' title='bbox 812 1666 895 1693; x_wconf 88' lang='lat' dir='ltr'><strong>Deum</strong></span> <span class='ocrx_word' id='word_1_221' title='bbox 910 1671 999 1694; x_wconf 90' lang='lat' dir='ltr'><strong>tamen</strong></span> <span class='ocrx_word' id='word_1_222' title='bbox 1013 1668 1064 1695; x_wconf 92' lang='lat' dir='ltr'><strong>hoc</strong></span> 
     </span>
    </p>
   </div>
   <div class='ocr_carea' id='block_1_34' title="bbox 282 1710 1064 1747">
    <p class='ocr_par' dir='ltr' id='par_1_34' title="bbox 282 1710 1064 1747">
     <span class='ocr_line' id='line_1_34' title="bbox 282 1710 1064 1747; baseline 0.005 -11"><span class='ocrx_word' id='word_1_223' title='bbox 282 1710 349 1743; x_wconf 89' lang='lat' dir='ltr'><strong>ipsis</strong></span> <span class='ocrx_word' id='word_1_224' title='bbox 359 1715 462 1737; x_wconf 70' lang='lat' dir='ltr'><strong>naturae</strong></span> <span class='ocrx_word' id='word_1_225' title='bbox 469 1711 562 1738; x_wconf 89' lang='lat' dir='ltr'><strong>vitium</strong></span> <span class='ocrx_word' id='word_1_226' title='bbox 571 1712 900 1746; x_wconf 81' lang='lat' dir='ltr'><strong>aspcritatemquelcnire,</strong></span> <span class='ocrx_word' id='word_1_227' title='bbox 913 1718 939 1740; x_wconf 88' lang='lat' dir='ltr'><strong>et</strong></span> <span class='ocrx_word' id='word_1_228' title='bbox 947 1721 1064 1747; x_wconf 71' lang='lat' dir='ltr'><strong>prmsen-</strong></span> 
     </span>
    </p>
   </div>
   <div class='ocr_carea' id='block_1_35' title="bbox 281 1756 1063 1792">
    <p class='ocr_par' dir='ltr' id='par_1_35' title="bbox 281 1756 1063 1792">
     <span class='ocr_line' id='line_1_35' title="bbox 281 1756 1063 1792; baseline 0.005 -10"><span class='ocrx_word' id='word_1_229' title='bbox 281 1757 316 1784; x_wconf 93' lang='lat' dir='ltr'><strong>tis</strong></span> <span class='ocrx_word' id='word_1_230' title='bbox 330 1756 410 1783; x_wconf 88' lang='lat' dir='ltr'><strong>simul</strong></span> <span class='ocrx_word' id='word_1_231' title='bbox 425 1756 564 1791; x_wconf 77' lang='lat' dir='ltr'><strong>futurique</strong></span> <span class='ocrx_word' id='word_1_232' title='bbox 574 1757 693 1785; x_wconf 87' lang='lat' dir='ltr'><strong>rationes</strong></span> <span class='ocrx_word' id='word_1_233' title='bbox 700 1757 874 1792; x_wconf 74' lang='lat' dir='ltr'><strong>providentia:</strong></span> <span class='ocrx_word' id='word_1_234' title='bbox 885 1766 939 1786; x_wconf 82' lang='lat' dir='ltr'><strong>suae</strong></span> <span class='ocrx_word' id='word_1_235' title='bbox 949 1759 1063 1786; x_wconf 89' lang='lat' dir='ltr'><strong>consilio</strong></span> 
     </span>
    </p>
   </div>
   <div class='ocr_carea' id='block_1_36' title="bbox 282 1801 1063 1838">
    <p class='ocr_par' dir='ltr' id='par_1_36' title="bbox 282 1801 1063 1838">
     <span class='ocr_line' id='line_1_36' title="bbox 282 1801 1063 1838; baseline 0.005 -10"><span class='ocrx_word' id='word_1_236' title='bbox 282 1802 428 1829; x_wconf 86' lang='lat' dir='ltr'><strong>moderari.</strong></span> <span class='ocrx_word' id='word_1_237' title='bbox 444 1801 542 1830; x_wconf 88' lang='lat' dir='ltr'><strong>Utrum</strong></span> <span class='ocrx_word' id='word_1_238' title='bbox 562 1807 652 1830; x_wconf 88' lang='lat' dir='ltr'><strong>autem</strong></span> <span class='ocrx_word' id='word_1_239' title='bbox 678 1803 801 1835; x_wconf 82' lang='lat' dir='ltr'><strong>dederis,</strong></span> <span class='ocrx_word' id='word_1_240' title='bbox 819 1803 845 1830; x_wconf 92' lang='lat' dir='ltr'><strong>id</strong></span> <span class='ocrx_word' id='word_1_241' title='bbox 869 1803 989 1838; x_wconf 82' lang='lat' dir='ltr'><strong>profecto</strong></span> <span class='ocrx_word' id='word_1_242' title='bbox 1012 1805 1063 1832; x_wconf 87' lang='lat' dir='ltr'><strong>erit</strong></span> 
     </span>
    </p>
   </div>
   <div class='ocr_carea' id='block_1_37' title="bbox 281 1846 1062 1883">
    <p class='ocr_par' dir='ltr' id='par_1_37' title="bbox 281 1846 1062 1883">
     <span class='ocr_line' id='line_1_37' title="bbox 281 1846 1062 1883; baseline 0.005 -10"><span class='ocrx_word' id='word_1_243' title='bbox 281 1846 425 1880; x_wconf 88' lang='lat' dir='ltr'><strong>ejusmodi,</strong></span> <span class='ocrx_word' id='word_1_244' title='bbox 436 1847 508 1882; x_wconf 90' lang='lat' dir='ltr'><strong>quod</strong></span> <span class='ocrx_word' id='word_1_245' title='bbox 525 1847 559 1874; x_wconf 90' lang='lat' dir='ltr'><strong>ad</strong></span> <span class='ocrx_word' id='word_1_246' title='bbox 579 1847 742 1882; x_wconf 66' lang='lat' dir='ltr'><strong>praecipuam</strong></span> <span class='ocrx_word' id='word_1_247' title='bbox 755 1848 901 1883; x_wconf 84' lang='lat' dir='ltr'><strong>quamdam</strong></span> <span class='ocrx_word' id='word_1_248' title='bbox 922 1848 1062 1878; x_wconf 80' lang='lat' dir='ltr'><strong>universo-</strong></span> 
     </span>
    </p>
   </div>
   <div class='ocr_carea' id='block_1_38' title="bbox 281 1892 1061 1930">
    <p class='ocr_par' dir='ltr' id='par_1_38' title="bbox 281 1892 1061 1930">
     <span class='ocr_line' id='line_1_38' title="bbox 281 1892 1061 1930; baseline 0.009 -12"><span class='ocrx_word' id='word_1_249' title='bbox 281 1900 341 1919; x_wconf 92' lang='lat' dir='ltr'><strong>rum</strong></span> <span class='ocrx_word' id='word_1_250' title='bbox 364 1892 470 1920; x_wconf 86' lang='lat' dir='ltr'><strong>laudem</strong></span> <span class='ocrx_word' id='word_1_251' title='bbox 491 1898 574 1928; x_wconf 83' lang='lat' dir='ltr'><strong>atque</strong></span> <span class='ocrx_word' id='word_1_252' title='bbox 599 1894 757 1929; x_wconf 83' lang='lat' dir='ltr'><strong>dignitatem</strong></span> <span class='ocrx_word' id='word_1_253' title='bbox 780 1895 914 1930; x_wconf 88' lang='lat' dir='ltr'><strong>pertinere</strong></span> <span class='ocrx_word' id='word_1_254' title='bbox 930 1896 1061 1925; x_wconf 83' lang='lat' dir='ltr'><strong>videatur.</strong></span> 
     </span>
    </p>
   </div>
   <div class='ocr_carea' id='block_1_39' title="bbox 282 1938 1061 1975">
    <p class='ocr_par' dir='ltr' id='par_1_39' title="bbox 282 1938 1061 1975">
     <span class='ocr_line' id='line_1_39' title="bbox 282 1938 1061 1975; baseline 0.006 -10"><span class='ocrx_word' id='word_1_255' title='bbox 282 1938 313 1965; x_wconf 86' lang='lat' dir='ltr'><strong>Et</strong></span> <span class='ocrx_word' id='word_1_256' title='bbox 326 1938 500 1973; x_wconf 85' lang='lat' dir='ltr'><strong>profectionis</strong></span> <span class='ocrx_word' id='word_1_257' title='bbox 515 1940 625 1975; x_wconf 83' lang='lat' dir='ltr'><strong>quidem</strong></span> <span class='ocrx_word' id='word_1_258' title='bbox 640 1941 697 1968; x_wconf 64' lang='lat' dir='ltr'><strong>haec</strong></span> <span class='ocrx_word' id='word_1_259' title='bbox 713 1941 781 1968; x_wconf 84' lang='lat' dir='ltr'><strong>ratio</strong></span> <span class='ocrx_word' id='word_1_260' title='bbox 794 1941 855 1969; x_wconf 87' lang='lat' dir='ltr'><strong>fuit.</strong></span> <span class='ocrx_word' id='word_1_261' title='bbox 873 1941 932 1969; x_wconf 85' lang='lat' dir='ltr'><strong>.Iam</strong></span> <span class='ocrx_word' id='word_1_262' title='bbox 951 1943 996 1970; x_wconf 87' lang='lat' dir='ltr'><strong>ubi</strong></span> <span class='ocrx_word' id='word_1_263' title='bbox 1007 1949 1061 1971; x_wconf 87' lang='lat' dir='ltr'><strong>ter—</strong></span> 
     </span>
    </p>
   </div>
   <div class='ocr_carea' id='block_1_40' title="bbox 280 1985 1060 2021">
    <p class='ocr_par' dir='ltr' id='par_1_40' title="bbox 280 1985 1060 2021">
     <span class='ocr_line' id='line_1_40' title="bbox 280 1985 1060 2021; baseline 0.008 -11"><span class='ocrx_word' id='word_1_264' title='bbox 280 1992 337 2011; x_wconf 89' lang='lat' dir='ltr'><strong>ram</strong></span> <span class='ocrx_word' id='word_1_265' title='bbox 353 1985 426 2011; x_wconf 90' lang='lat' dir='ltr'><strong>illam</strong></span> <span class='ocrx_word' id='word_1_266' title='bbox 450 1985 615 2020; x_wconf 72' lang='lat' dir='ltr'><strong>attigissent.</strong></span> <span class='ocrx_word' id='word_1_267' title='bbox 639 1987 866 2021; x_wconf 80' lang='lat' dir='ltr'><strong>quemadmodum</strong></span> <span class='ocrx_word' id='word_1_268' title='bbox 893 1996 1003 2016; x_wconf 87' lang='lat' dir='ltr'><strong>suarum</strong></span> <span class='ocrx_word' id='word_1_269' title='bbox 1024 1990 1060 2016; x_wconf 87' lang='lat' dir='ltr'><strong>ibi</strong></span> 
     </span>
    </p>
   </div>
   <div class='ocr_carea' id='block_1_41' title="bbox 279 2030 1061 2070">
    <p class='ocr_par' dir='ltr' id='par_1_41' title="bbox 279 2030 1061 2070">
     <span class='ocr_line' id='line_1_41' title="bbox 279 2030 1061 2070; baseline 0.009 -15"><span class='ocrx_word' id='word_1_270' title='bbox 279 2037 370 2056; x_wconf 88' lang='lat' dir='ltr'><strong>rerum</strong></span> <span class='ocrx_word' id='word_1_271' title='bbox 390 2030 525 2058; x_wconf 82' lang='lat' dir='ltr'><strong>domicilia</strong></span> <span class='ocrx_word' id='word_1_272' title='bbox 539 2033 713 2066; x_wconf 86' lang='lat' dir='ltr'><strong>collocarint,</strong></span> <span class='ocrx_word' id='word_1_273' title='bbox 737 2041 851 2068; x_wconf 88' lang='lat' dir='ltr'><strong>eamque</strong></span> <span class='ocrx_word' id='word_1_274' title='bbox 866 2035 1003 2070; x_wconf 77' lang='lat' dir='ltr'><strong>regionem</strong></span> <span class='ocrx_word' id='word_1_275' title='bbox 1021 2041 1061 2062; x_wconf 86' lang='lat' dir='ltr'><strong>te-</strong></span> 
     </span>
    </p>
   </div>
   <div class='ocr_carea' id='block_1_42' title="bbox 280 2077 1059 2114">
    <p class='ocr_par' dir='ltr' id='par_1_42' title="bbox 280 2077 1059 2114">
     <span class='ocr_line' id='line_1_42' title="bbox 280 2077 1059 2114; baseline 0.006 -12"><span class='ocrx_word' id='word_1_276' title='bbox 280 2077 400 2108; x_wconf 89' lang='lat' dir='ltr'><strong>nuerint,</strong></span> <span class='ocrx_word' id='word_1_277' title='bbox 421 2084 506 2104; x_wconf 74' lang='lat' dir='ltr'><strong>sacrze</strong></span> <span class='ocrx_word' id='word_1_278' title='bbox 522 2079 630 2113; x_wconf 88' lang='lat' dir='ltr'><strong>quidem</strong></span> <span class='ocrx_word' id='word_1_279' title='bbox 648 2086 742 2106; x_wconf 89' lang='lat' dir='ltr'><strong>eorum</strong></span> <span class='ocrx_word' id='word_1_280' title='bbox 773 2079 867 2106; x_wconf 66' lang='lat' dir='ltr'><strong>littera:</strong></span> <span class='ocrx_word' id='word_1_281' title='bbox 888 2080 1036 2114; x_wconf 86' lang='lat' dir='ltr'><strong>loquuntur</strong></span> <span class='ocrx_word' id='word_1_282' title='bbox 1053 2091 1059 2107; x_wconf 93' lang='lat'>:</span> 
     </span>
    </p>
   </div>
   <div class='ocr_carea' id='block_1_43' title="bbox 279 2123 1058 2160">
    <p class='ocr_par' dir='ltr' id='par_1_43' title="bbox 279 2123 1058 2160">
     <span class='ocr_line' id='line_1_43' title="bbox 279 2123 1058 2160; baseline 0.006 -12"><span class='ocrx_word' id='word_1_283' title='bbox 279 2123 349 2150; x_wconf 89' lang='lat' dir='ltr'><strong>malo</strong></span> <span class='ocrx_word' id='word_1_284' title='bbox 365 2127 454 2150; x_wconf 90' lang='lat' dir='ltr'><strong>tamen</strong></span> <span class='ocrx_word' id='word_1_285' title='bbox 471 2124 521 2151; x_wconf 90' lang='lat' dir='ltr'><strong>hoc</strong></span> <span class='ocrx_word' id='word_1_286' title='bbox 534 2125 605 2157; x_wconf 90' lang='lat' dir='ltr'><strong>loco,</strong></span> <span class='ocrx_word' id='word_1_287' title='bbox 620 2132 674 2152; x_wconf 90' lang='lat' dir='ltr'><strong>non</strong></span> <span class='ocrx_word' id='word_1_288' title='bbox 688 2130 741 2152; x_wconf 89' lang='lat' dir='ltr'><strong>tam</strong></span> <span class='ocrx_word' id='word_1_289' title='bbox 761 2125 798 2152; x_wconf 89' lang='lat' dir='ltr'><strong>rei</strong></span> <span class='ocrx_word' id='word_1_290' title='bbox 814 2130 895 2160; x_wconf 73' lang='lat' dir='ltr'><strong>gesta:</strong></span> <span class='ocrx_word' id='word_1_291' title='bbox 907 2126 1058 2158; x_wconf 87' lang='lat' dir='ltr'><strong>historiam,</strong></span> 
     </span>
    </p>
   </div>
   <div class='ocr_carea' id='block_1_44' title="bbox 277 2168 1059 2205">
    <p class='ocr_par' dir='ltr' id='par_1_44' title="bbox 277 2168 1059 2205">
     <span class='ocr_line' id='line_1_44' title="bbox 277 2168 1059 2205; baseline 0.005 -12"><span class='ocrx_word' id='word_1_292' title='bbox 277 2175 358 2202; x_wconf 80' lang='lat' dir='ltr'><strong>qtiam</strong></span> <span class='ocrx_word' id='word_1_293' title='bbox 384 2168 573 2196; x_wconf 83' lang='lat' dir='ltr'><strong>ratiocinando</strong></span> <span class='ocrx_word' id='word_1_294' title='bbox 584 2189 591 2200; x_wconf 87' lang='lat'><strong>,</strong></span> <span class='ocrx_word' id='word_1_295' title='bbox 606 2169 677 2203; x_wconf 90' lang='lat' dir='ltr'><strong>quod</strong></span> <span class='ocrx_word' id='word_1_296' title='bbox 695 2170 843 2197; x_wconf 85' lang='lat' dir='ltr'><strong>verisimile</strong></span> <span class='ocrx_word' id='word_1_297' title='bbox 857 2170 947 2202; x_wconf 85' lang='lat' dir='ltr'><strong>fuerit,</strong></span> <span class='ocrx_word' id='word_1_298' title='bbox 966 2179 1059 2205; x_wconf 81' lang='lat' dir='ltr'><strong>perse-</strong></span> 
     </span>
    </p>
   </div>
   <div class='ocr_carea' id='block_1_45' title="bbox 277 2211 1059 2246">
    <p class='ocr_par' dir='ltr' id='par_1_45' title="bbox 277 2211 1059 2246">
     <span class='ocr_line' id='line_1_45' title="bbox 277 2211 1059 2246; baseline 0.004 -8"><span class='ocrx_word' id='word_1_299' title='bbox 277 2212 334 2246; x_wconf 89' lang='lat' dir='ltr'><strong>qui.</strong></span> <span class='ocrx_word' id='word_1_300' title='bbox 361 2211 456 2239; x_wconf 87' lang='lat' dir='ltr'><strong>Utrum</strong></span> <span class='ocrx_word' id='word_1_301' title='bbox 474 2214 546 2240; x_wconf 87' lang='lat' dir='ltr'><strong>enim</strong></span> <span class='ocrx_word' id='word_1_302' title='bbox 572 2221 620 2241; x_wconf 88' lang='lat' dir='ltr'><strong>eos</strong></span> <span class='ocrx_word' id='word_1_303' title='bbox 637 2214 732 2246; x_wconf 81' lang='lat' dir='ltr'><strong>mavis,</strong></span> <span class='ocrx_word' id='word_1_304' title='bbox 749 2214 890 2241; x_wconf 90' lang='lat' dir='ltr'><strong>hominum</strong></span> <span class='ocrx_word' id='word_1_305' title='bbox 907 2215 996 2242; x_wconf 88' lang='lat' dir='ltr'><strong>adhuc</strong></span> <span class='ocrx_word' id='word_1_306' title='bbox 1013 2222 1059 2241; x_wconf 86' lang='lat' dir='ltr'><strong>va-</strong></span> 
     </span>
    </p>
   </div>
   <div class='ocr_carea' id='block_1_46' title="bbox 1087 916 1107 943">
    <p class='ocr_par' dir='ltr' id='par_1_46' title="bbox 1087 916 1107 943">
     <span class='ocr_line' id='line_1_46' title="bbox 1087 916 1107 943; baseline 0 0"><span class='ocrx_word' id='word_1_307' title='bbox 1087 916 1107 943; x_wconf 84' lang='grc' dir='ltr'><strong><em>Β</em></strong></span> 
     </span>
    </p>
   </div>
   <div class='ocr_carea' id='block_1_47' title="bbox 1078 1587 1099 1615">
    <p class='ocr_par' dir='ltr' id='par_1_47' title="bbox 1078 1587 1099 1615">
     <span class='ocr_line' id='line_1_47' title="bbox 1078 1587 1099 1615; baseline 0 0"><span class='ocrx_word' id='word_1_308' title='bbox 1078 1587 1099 1615; x_wconf 88' lang='lat' dir='ltr'><strong><em>C</em></strong></span> 
     </span>
    </p>
   </div>
   <div class='ocr_carea' id='block_1_48' title="bbox 617 180 1584 216">
    <p class='ocr_par' dir='ltr' id='par_1_48' title="bbox 617 180 1584 216">
     <span class='ocr_line' id='line_1_48' title="bbox 617 180 1584 216; baseline -0.004 0"><span class='ocrx_word' id='word_1_309' title='bbox 617 187 752 216; x_wconf 83' lang='lat' dir='ltr'><strong>EUSEBll</strong></span> <span class='ocrx_word' id='word_1_310' title='bbox 771 185 1012 214; x_wconf 61' lang='lat' dir='ltr'><strong>CESARIENSIS</strong></span> <span class='ocrx_word' id='word_1_311' title='bbox 1029 184 1103 213; x_wconf 84' lang='lat' dir='ltr'><strong>OPP.</strong></span> <span class='ocrx_word' id='word_1_312' title='bbox 1124 184 1214 212; x_wconf 78' lang='lat' dir='ltr'><strong>PARS</strong></span> <span class='ocrx_word' id='word_1_313' title='bbox 1232 180 1321 212; x_wconf 29' lang='lat' dir='ltr'><strong>III;</strong></span> <span class='ocrx_word' id='word_1_314' title='bbox 1335 185 1584 213; x_wconf 69' lang='lat' dir='ltr'><strong>APOLOGE&#39;I&#39;ICA.</strong></span> 
     </span>
    </p>
   </div>
   <div class='ocr_carea' id='block_1_49' title="bbox 1857 185 1909 212">
    <p class='ocr_par' dir='ltr' id='par_1_49' title="bbox 1857 185 1909 212">
     <span class='ocr_line' id='line_1_49' title="bbox 1857 185 1909 212; baseline 0 0"><span class='ocrx_word' id='word_1_315' title='bbox 1857 185 1909 212; x_wconf 80' lang='grc' dir='ltr'><strong>σου</strong></span> 
     </span>
    </p>
   </div>
   <div class='ocr_carea' id='block_1_50' title="bbox 1129 243 1908 279">
    <p class='ocr_par' dir='ltr' id='par_1_50' title="bbox 1129 243 1908 279">
     <span class='ocr_line' id='line_1_50' title="bbox 1129 243 1908 279; baseline 0.001 -9"><span class='ocrx_word' id='word_1_316' title='bbox 1129 252 1189 279; x_wconf 86' lang='grc' dir='ltr'>ρος·</span> <span class='ocrx_word' id='word_1_317' title='bbox 1203 243 1274 270; x_wconf 79' lang='grc' dir='ltr'>οὕτω</span> <span class='ocrx_word' id='word_1_318' title='bbox 1290 243 1336 270; x_wconf 77' lang='grc' dir='ltr'>καὶ</span> <span class='ocrx_word' id='word_1_319' title='bbox 1353 243 1500 278; x_wconf 74' lang='grc' dir='ltr'><strong>ἐλοιδόρουν</strong></span> <span class='ocrx_word' id='word_1_320' title='bbox 1511 244 1595 278; x_wconf 78' lang='grc' dir='ltr'>γόητα</span> <span class='ocrx_word' id='word_1_321' title='bbox 1610 243 1657 270; x_wconf 84' lang='grc' dir='ltr'>καὶ</span> <span class='ocrx_word' id='word_1_322' title='bbox 1673 243 1802 279; x_wconf 63' lang='grc' dir='ltr'>κέρκωπα</span> <span class='ocrx_word' id='word_1_323' title='bbox 1814 243 1908 278; x_wconf 75' lang='grc' dir='ltr'>λόγων.</span> 
     </span>
    </p>
   </div>
   <div class='ocr_carea' id='block_1_51' title="bbox 1128 287 1910 326">
    <p class='ocr_par' dir='ltr' id='par_1_51' title="bbox 1128 287 1910 326">
     <span class='ocr_line' id='line_1_51' title="bbox 1128 287 1910 326; baseline 0 -10"><span class='ocrx_word' id='word_1_324' title='bbox 1128 289 1221 324; x_wconf 84' lang='grc' dir='ltr'><strong>Καλῆς</strong></span> <span class='ocrx_word' id='word_1_325' title='bbox 1234 289 1324 325; x_wconf 78' lang='grc' dir='ltr'>μέντοι</span> <span class='ocrx_word' id='word_1_326' title='bbox 1340 289 1466 325; x_wconf 78' lang='grc' dir='ltr'><strong>γοητείας</strong></span> <span class='ocrx_word' id='word_1_327' title='bbox 1479 289 1712 325; x_wconf 72' lang='grc' dir='ltr'>καὶιπανουργίας,</span> <span class='ocrx_word' id='word_1_328' title='bbox 1728 288 1758 321; x_wconf 79' lang='grc' dir='ltr'>ἐξ</span> <span class='ocrx_word' id='word_1_329' title='bbox 1772 287 1806 326; x_wconf 74' lang='grc' dir='ltr'>ἧς</span> <span class='ocrx_word' id='word_1_330' title='bbox 1821 289 1866 316; x_wconf 84' lang='grc' dir='ltr'><strong>τόν</strong></span> <span class='ocrx_word' id='word_1_331' title='bbox 1877 298 1910 323; x_wconf 82' lang='grc' dir='ltr'><strong>γε</strong></span> 
     </span>
    </p>
   </div>
   <div class='ocr_carea' id='block_1_52' title="bbox 1126 335 1908 372">
    <p class='ocr_par' dir='ltr' id='par_1_52' title="bbox 1126 335 1908 372">
     <span class='ocr_line' id='line_1_52' title="bbox 1126 335 1908 372; baseline -0.001 -10"><span class='ocrx_word' id='word_1_332' title='bbox 1126 335 1188 362; x_wconf 81' lang='grc' dir='ltr'>λαὸν</span> <span class='ocrx_word' id='word_1_333' title='bbox 1208 335 1314 362; x_wconf 71' lang='grc' dir='ltr'>ἅπαντα</span> <span class='ocrx_word' id='word_1_334' title='bbox 1337 337 1365 362; x_wconf 85' lang='grc' dir='ltr'>ὲν</span> <span class='ocrx_word' id='word_1_335' title='bbox 1393 336 1508 372; x_wconf 80' lang='grc' dir='ltr'>ἀνυδρίᾳ</span> <span class='ocrx_word' id='word_1_336' title='bbox 1532 336 1577 362; x_wconf 78' lang='grc' dir='ltr'>καὶ</span> <span class='ocrx_word' id='word_1_337' title='bbox 1600 335 1681 371; x_wconf 80' lang='grc' dir='ltr'>λιμῷ,</span> <span class='ocrx_word' id='word_1_338' title='bbox 1695 335 1741 362; x_wconf 74' lang='grc' dir='ltr'>καὶ</span> <span class='ocrx_word' id='word_1_339' title='bbox 1765 335 1818 361; x_wconf 82' lang='grc' dir='ltr'><strong>τῶν</strong></span> <span class='ocrx_word' id='word_1_340' title='bbox 1841 335 1908 361; x_wconf 86' lang='grc' dir='ltr'><strong>όδὼν</strong></span> 
     </span>
    </p>
   </div>
   <div class='ocr_carea' id='block_1_53' title="bbox 1126 381 1909 417">
    <p class='ocr_par' dir='ltr' id='par_1_53' title="bbox 1126 381 1909 417">
     <span class='ocr_line' id='line_1_53' title="bbox 1126 381 1909 417; baseline -0.001 -9"><span class='ocrx_word' id='word_1_341' title='bbox 1126 381 1232 416; x_wconf 75' lang='grc' dir='ltr'>ἀγνοίᾳ,</span> <span class='ocrx_word' id='word_1_342' title='bbox 1249 381 1296 408; x_wconf 82' lang='grc' dir='ltr'>καὶ</span> <span class='ocrx_word' id='word_1_343' title='bbox 1312 381 1413 417; x_wconf 80' lang='grc' dir='ltr'>ἀπορίᾳ</span> <span class='ocrx_word' id='word_1_344' title='bbox 1426 381 1480 408; x_wconf 83' lang='grc' dir='ltr'><strong>τῶν</strong></span> <span class='ocrx_word' id='word_1_345' title='bbox 1498 382 1670 416; x_wconf 81' lang='grc' dir='ltr'>συμπάντων,</span> <span class='ocrx_word' id='word_1_346' title='bbox 1679 381 1709 408; x_wconf 87' lang='grc' dir='ltr'><strong>οὐ</strong></span> <span class='ocrx_word' id='word_1_347' title='bbox 1726 381 1804 416; x_wconf 87' lang='grc' dir='ltr'>μόνον</span> <span class='ocrx_word' id='word_1_348' title='bbox 1819 382 1858 412; x_wconf 84' lang='grc' dir='ltr'><strong>είς</strong></span> <span class='ocrx_word' id='word_1_349' title='bbox 1876 382 1909 407; x_wconf 83' lang='grc' dir='ltr'>τὸ</span> 
     </span>
    </p>
   </div>
   <div class='ocr_carea' id='block_1_54' title="bbox 1125 427 1907 462">
    <p class='ocr_par' dir='ltr' id='par_1_54' title="bbox 1125 427 1907 462">
     <span class='ocr_line' id='line_1_54' title="bbox 1125 427 1907 462; baseline 0 -9"><span class='ocrx_word' id='word_1_350' title='bbox 1125 427 1256 459; x_wconf 83' lang='grc' dir='ltr'>παντελὲς</span> <span class='ocrx_word' id='word_1_351' title='bbox 1267 427 1424 461; x_wconf 80' lang='grc' dir='ltr'><strong>διεσώσατο,</strong></span> <span class='ocrx_word' id='word_1_352' title='bbox 1437 428 1483 454; x_wconf 79' lang='grc' dir='ltr'>καὶ</span> <span class='ocrx_word' id='word_1_353' title='bbox 1499 428 1593 462; x_wconf 81' lang='grc' dir='ltr'>ὥσπερ</span> <span class='ocrx_word' id='word_1_354' title='bbox 1605 429 1633 454; x_wconf 84' lang='grc' dir='ltr'>ὲν</span> <span class='ocrx_word' id='word_1_355' title='bbox 1644 428 1755 462; x_wconf 78' lang='grc' dir='ltr'>εὐθηνίᾳ</span> <span class='ocrx_word' id='word_1_356' title='bbox 1767 428 1850 462; x_wconf 80' lang='grc' dir='ltr'>πάσῃ,</span> <span class='ocrx_word' id='word_1_357' title='bbox 1859 427 1907 454; x_wconf 79' lang='grc' dir='ltr'>καὶ</span> 
     </span>
    </p>
   </div>
   <div class='ocr_carea' id='block_1_55' title="bbox 1125 473 1908 510">
    <p class='ocr_par' dir='ltr' id='par_1_55' title="bbox 1125 473 1908 510">
     <span class='ocr_line' id='line_1_55' title="bbox 1125 473 1908 510; baseline -0.001 -11"><span class='ocrx_word' id='word_1_358' title='bbox 1125 475 1297 510; x_wconf 75' lang='grc' dir='ltr'>παραπομπῇ</span> <span class='ocrx_word' id='word_1_359' title='bbox 1314 473 1368 500; x_wconf 88' lang='grc' dir='ltr'><strong>τῶν</strong></span> <span class='ocrx_word' id='word_1_360' title='bbox 1385 473 1484 509; x_wconf 82' lang='grc' dir='ltr'>μεταξὺ</span> <span class='ocrx_word' id='word_1_361' title='bbox 1503 474 1634 508; x_wconf 76' lang='grc' dir='ltr'><strong>κειμένων</strong></span> <span class='ocrx_word' id='word_1_362' title='bbox 1655 473 1752 505; x_wconf 77' lang='grc' dir='ltr'>ἐθνῶν,</span> <span class='ocrx_word' id='word_1_363' title='bbox 1766 473 1833 500; x_wconf 80' lang='grc' dir='ltr'><strong>ἀλλά</strong></span> <span class='ocrx_word' id='word_1_364' title='bbox 1860 473 1908 499; x_wconf 70' lang='grc' dir='ltr'><strong>καὶ¹</strong></span> 
     </span>
    </p>
   </div>
   <div class='ocr_carea' id='block_1_56' title="bbox 1125 518 1906 554">
    <p class='ocr_par' dir='ltr' id='par_1_56' title="bbox 1125 518 1906 554">
     <span class='ocr_line' id='line_1_56' title="bbox 1125 518 1906 554; baseline 0 -10"><span class='ocrx_word' id='word_1_365' title='bbox 1125 519 1192 554; x_wconf 66' lang='grc' dir='ltr'>πρὸς</span> <span class='ocrx_word' id='word_1_366' title='bbox 1206 519 1335 554; x_wconf 77' lang='grc' dir='ltr'><strong>ἀλλήλους</strong></span> <span class='ocrx_word' id='word_1_367' title='bbox 1349 519 1544 550; x_wconf 79' lang='grc' dir='ltr'><strong>ἀστασιάστους</strong></span> <span class='ocrx_word' id='word_1_368' title='bbox 1557 520 1664 551; x_wconf 84' lang='grc' dir='ltr'>αὐτοὺς,</span> <span class='ocrx_word' id='word_1_369' title='bbox 1677 519 1723 546; x_wconf 77' lang='grc' dir='ltr'>καὶ</span> <span class='ocrx_word' id='word_1_370' title='bbox 1734 519 1800 554; x_wconf 80' lang='grc' dir='ltr'>πρὸς</span> <span class='ocrx_word' id='word_1_371' title='bbox 1811 518 1906 545; x_wconf 79' lang='grc' dir='ltr'>ἑαυτὸν</span> 
     </span>
    </p>
   </div>
   <div class='ocr_carea' id='block_1_57' title="bbox 1125 565 1906 601">
    <p class='ocr_par' dir='ltr' id='par_1_57' title="bbox 1125 565 1906 601">
     <span class='ocr_line' id='line_1_57' title="bbox 1125 565 1906 601; baseline 0 -10"><span class='ocrx_word' id='word_1_372' title='bbox 1125 565 1241 600; x_wconf 84' lang='grc' dir='ltr'>μάλιστα</span> <span class='ocrx_word' id='word_1_373' title='bbox 1270 565 1404 598; x_wconf 73' lang='grc' dir='ltr'><strong>εὐπειθεῖς</strong></span> <span class='ocrx_word' id='word_1_374' title='bbox 1428 566 1484 601; x_wconf 80' lang='grc'><strong>(55)</strong></span> <span class='ocrx_word' id='word_1_375' title='bbox 1509 565 1661 600; x_wconf 79' lang='grc' dir='ltr'>διεφύλαξε.</span> <span class='ocrx_word' id='word_1_376' title='bbox 1680 566 1735 592; x_wconf 80' lang='grc' dir='ltr'><strong>Καὶ</strong></span> <span class='ocrx_word' id='word_1_377' title='bbox 1749 565 1833 592; x_wconf 73' lang='grc' dir='ltr'>ταῦτα</span> <span class='ocrx_word' id='word_1_378' title='bbox 1855 566 1906 591; x_wconf 87' lang='grc' dir='ltr'><strong>οὐκ</strong></span> 
     </span>
    </p>
   </div>
   <div class='ocr_carea' id='block_1_58' title="bbox 1122 611 1907 646">
    <p class='ocr_par' dir='ltr' id='par_1_58' title="bbox 1122 611 1907 646">
     <span class='ocr_line' id='line_1_58' title="bbox 1122 611 1907 646; baseline -0.001 -9"><span class='ocrx_word' id='word_1_379' title='bbox 1122 611 1211 645; x_wconf 77' lang='grc' dir='ltr'>ὀλίγον</span> <span class='ocrx_word' id='word_1_380' title='bbox 1224 611 1308 646; x_wconf 81' lang='grc' dir='ltr'>δήπου</span> <span class='ocrx_word' id='word_1_381' title='bbox 1324 612 1428 646; x_wconf 85' lang='grc' dir='ltr'>χρόνον,</span> <span class='ocrx_word' id='word_1_382' title='bbox 1438 611 1496 638; x_wconf 85' lang='grc' dir='ltr'>ἀλλ’</span> <span class='ocrx_word' id='word_1_383' title='bbox 1509 612 1570 638; x_wconf 81' lang='grc' dir='ltr'>ὅσον</span> <span class='ocrx_word' id='word_1_384' title='bbox 1582 611 1635 637; x_wconf 74' lang='grc' dir='ltr'>οὐδ’</span> <span class='ocrx_word' id='word_1_385' title='bbox 1647 611 1734 637; x_wconf 82' lang='grc' dir='ltr'>οἰκίαν</span> <span class='ocrx_word' id='word_1_386' title='bbox 1748 612 1776 637; x_wconf 84' lang='grc' dir='ltr'>ὲν</span> <span class='ocrx_word' id='word_1_387' title='bbox 1788 612 1907 646; x_wconf 73' lang='grc' dir='ltr'>ὁμοφρο-</span> 
     </span>
    </p>
   </div>
   <div class='ocr_carea' id='block_1_59' title="bbox 1124 656 1903 693">
    <p class='ocr_par' dir='ltr' id='par_1_59' title="bbox 1124 656 1903 693">
     <span class='ocr_line' id='line_1_59' title="bbox 1124 656 1903 693; baseline -0.001 -10"><span class='ocrx_word' id='word_1_388' title='bbox 1124 657 1189 693; x_wconf 88' lang='grc' dir='ltr'>σύνῃ</span> <span class='ocrx_word' id='word_1_389' title='bbox 1208 659 1352 693; x_wconf 81' lang='grc' dir='ltr'>συμμεῖναι</span> <span class='ocrx_word' id='word_1_390' title='bbox 1381 657 1448 692; x_wconf 83' lang='grc' dir='ltr'>μετὰ</span> <span class='ocrx_word' id='word_1_391' title='bbox 1473 658 1562 693; x_wconf 80' lang='grc' dir='ltr'>πάσης</span> <span class='ocrx_word' id='word_1_392' title='bbox 1584 657 1710 692; x_wconf 75' lang='grc' dir='ltr'>εὐθηνίας</span> <span class='ocrx_word' id='word_1_393' title='bbox 1731 656 1804 688; x_wconf 85' lang='grc' dir='ltr'>είκός</span> <span class='ocrx_word' id='word_1_394' title='bbox 1819 657 1903 683; x_wconf 80' lang='grc' dir='ltr'>ἐστιν.</span> 
     </span>
    </p>
   </div>
   <div class='ocr_carea' id='block_1_60' title="bbox 1122 701 1906 737">
    <p class='ocr_par' dir='ltr' id='par_1_60' title="bbox 1122 701 1906 737">
     <span class='ocr_line' id='line_1_60' title="bbox 1122 701 1906 737; baseline -0.001 -9"><span class='ocrx_word' id='word_1_395' title='bbox 1122 703 1177 729; x_wconf 75' lang='grc' dir='ltr'><strong>Καὶ</strong></span> <span class='ocrx_word' id='word_1_396' title='bbox 1205 703 1234 728; x_wconf 83' lang='grc' dir='ltr'><strong>οὐ</strong></span> <span class='ocrx_word' id='word_1_397' title='bbox 1260 702 1347 737; x_wconf 75' lang='grc' dir='ltr'>δίψος,</span> <span class='ocrx_word' id='word_1_398' title='bbox 1362 703 1393 729; x_wconf 90' lang='grc' dir='ltr'><strong>οὐ</strong></span> <span class='ocrx_word' id='word_1_399' title='bbox 1409 702 1496 737; x_wconf 78' lang='grc' dir='ltr'>λιμὸς,</span> <span class='ocrx_word' id='word_1_400' title='bbox 1517 703 1546 729; x_wconf 83' lang='grc' dir='ltr'><strong>οὐ</strong></span> <span class='ocrx_word' id='word_1_401' title='bbox 1571 701 1660 737; x_wconf 77' lang='grc' dir='ltr'>φθορά</span> <span class='ocrx_word' id='word_1_402' title='bbox 1676 701 1819 737; x_wconf 73' lang='grc' dir='ltr'>σωμάτων,</span> <span class='ocrx_word' id='word_1_403' title='bbox 1844 701 1906 736; x_wconf 76' lang='grc' dir='ltr'>οὐχὶ</span> 
     </span>
    </p>
   </div>
   <div class='ocr_carea' id='block_1_61' title="bbox 1123 745 1906 783">
    <p class='ocr_par' dir='ltr' id='par_1_61' title="bbox 1123 745 1906 783">
     <span class='ocr_line' id='line_1_61' title="bbox 1123 745 1906 783; baseline -0.004 -9"><span class='ocrx_word' id='word_1_404' title='bbox 1123 748 1204 782; x_wconf 69' lang='grc' dir='ltr'>φόϐος</span> <span class='ocrx_word' id='word_1_405' title='bbox 1227 748 1291 783; x_wconf 78' lang='grc' dir='ltr'>περὶ</span> <span class='ocrx_word' id='word_1_406' title='bbox 1310 748 1363 774; x_wconf 88' lang='grc' dir='ltr'><strong>τῶν</strong></span> <span class='ocrx_word' id='word_1_407' title='bbox 1381 748 1544 782; x_wconf 86' lang='grc' dir='ltr'>μελλόντων,</span> <span class='ocrx_word' id='word_1_408' title='bbox 1558 748 1607 774; x_wconf 85' lang='grc' dir='ltr'><strong>οὐκ</strong></span> <span class='ocrx_word' id='word_1_409' title='bbox 1621 747 1716 781; x_wconf 81' lang='grc' dir='ltr'>ἄγνοια</span> <span class='ocrx_word' id='word_1_410' title='bbox 1730 745 1782 772; x_wconf 84' lang='grc' dir='ltr'><strong>τῶν</strong></span> <span class='ocrx_word' id='word_1_411' title='bbox 1799 746 1906 781; x_wconf 75' lang='grc' dir='ltr'>συμϐη-</span> 
     </span>
    </p>
   </div>
   <div class='ocr_carea' id='block_1_62' title="bbox 1123 791 1905 829">
    <p class='ocr_par' dir='ltr' id='par_1_62' title="bbox 1123 791 1905 829">
     <span class='ocr_line' id='line_1_62' title="bbox 1123 791 1905 829; baseline -0.004 -8"><span class='ocrx_word' id='word_1_412' title='bbox 1123 794 1254 829; x_wconf 83' lang='grc' dir='ltr'>σομένων,</span> <span class='ocrx_word' id='word_1_413' title='bbox 1271 794 1315 820; x_wconf 75' lang='grc' dir='ltr'><strong>ἐπὶ</strong></span> <span class='ocrx_word' id='word_1_414' title='bbox 1331 793 1377 820; x_wconf 84' lang='grc' dir='ltr'><strong>τόν</strong></span> <span class='ocrx_word' id='word_1_415' title='bbox 1392 793 1477 829; x_wconf 89' lang='grc' dir='ltr'>γόητα</span> <span class='ocrx_word' id='word_1_416' title='bbox 1491 794 1593 820; x_wconf 76' lang='grc' dir='ltr'>ἐκεῖνον</span> <span class='ocrx_word' id='word_1_417' title='bbox 1607 794 1692 828; x_wconf 74' lang='grc' dir='ltr'>ἐπῇρε</span> <span class='ocrx_word' id='word_1_418' title='bbox 1715 793 1778 823; x_wconf 65' lang='grc' dir='ltr'>τοὺς</span> <span class='ocrx_word' id='word_1_419' title='bbox 1800 791 1905 824; x_wconf 74' lang='grc' dir='ltr'>ἐξαπα-</span> 
     </span>
    </p>
   </div>
   <div class='ocr_carea' id='block_1_63' title="bbox 1121 838 1904 875">
    <p class='ocr_par' dir='ltr' id='par_1_63' title="bbox 1121 838 1904 875">
     <span class='ocr_line' id='line_1_63' title="bbox 1121 838 1904 875; baseline -0.004 -9"><span class='ocrx_word' id='word_1_420' title='bbox 1121 840 1260 875; x_wconf 77' lang='grc' dir='ltr'>τωμένους</span> <span class='ocrx_word' id='word_1_421' title='bbox 1289 840 1336 866; x_wconf 72' lang='grc' dir='ltr'>καὶ</span> <span class='ocrx_word' id='word_1_422' title='bbox 1359 840 1616 875; x_wconf 72' lang='grc' dir='ltr'><strong>περιφθειρομένους</strong></span> <span class='ocrx_word' id='word_1_423' title='bbox 1639 839 1729 870; x_wconf 88' lang='grc' dir='ltr'>λαούς.</span> <span class='ocrx_word' id='word_1_424' title='bbox 1755 839 1851 865; x_wconf 81' lang='grc' dir='ltr'>Καίτοι</span> <span class='ocrx_word' id='word_1_425' title='bbox 1877 838 1904 864; x_wconf 90' lang='grc' dir='ltr'><strong>τί</strong></span> 
     </span>
    </p>
   </div>
   <div class='ocr_carea' id='block_1_64' title="bbox 1123 883 1902 920">
    <p class='ocr_par' dir='ltr' id='par_1_64' title="bbox 1123 883 1902 920">
     <span class='ocr_line' id='line_1_64' title="bbox 1123 883 1902 920; baseline -0.003 -9"><span class='ocrx_word' id='word_1_426' title='bbox 1123 885 1221 920; x_wconf 72' lang='grc' dir='ltr'>βούλει,</span> <span class='ocrx_word' id='word_1_427' title='bbox 1239 885 1331 920; x_wconf 82' lang='grc' dir='ltr'>φῶμεν</span> <span class='ocrx_word' id='word_1_428' title='bbox 1343 885 1438 920; x_wconf 78' lang='grc' dir='ltr'>ἐκείνῳ</span> <span class='ocrx_word' id='word_1_429' title='bbox 1453 885 1511 911; x_wconf 79' lang='grc' dir='ltr'>τινὰ</span> <span class='ocrx_word' id='word_1_430' title='bbox 1530 884 1599 912; x_wconf 76' lang='grc' dir='ltr'>εἶναι</span> <span class='ocrx_word' id='word_1_431' title='bbox 1619 884 1752 920; x_wconf 80' lang='grc' dir='ltr'><strong>τοσαύτην</strong></span> <span class='ocrx_word' id='word_1_432' title='bbox 1767 884 1874 919; x_wconf 83' lang='grc' dir='ltr'>τέχνην,</span> <span class='ocrx_word' id='word_1_433' title='bbox 1885 883 1902 918; x_wconf 83' lang='grc' dir='ltr'>ἦ</span> 
     </span>
    </p>
   </div>
   <div class='ocr_carea' id='block_1_65' title="bbox 1123 930 1904 967">
    <p class='ocr_par' dir='ltr' id='par_1_65' title="bbox 1123 930 1904 967">
     <span class='ocr_line' id='line_1_65' title="bbox 1123 930 1904 967; baseline -0.001 -10"><span class='ocrx_word' id='word_1_434' title='bbox 1123 931 1261 966; x_wconf 77' lang='grc' dir='ltr'>δεινότητα</span> <span class='ocrx_word' id='word_1_435' title='bbox 1285 931 1381 966; x_wconf 85' lang='grc' dir='ltr'>λόγων,</span> <span class='ocrx_word' id='word_1_436' title='bbox 1407 931 1422 967; x_wconf 85' lang='grc' dir='ltr'>ῆ</span> <span class='ocrx_word' id='word_1_437' title='bbox 1439 931 1554 963; x_wconf 83' lang='grc' dir='ltr'>σύνεσιν,</span> <span class='ocrx_word' id='word_1_438' title='bbox 1571 931 1609 963; x_wconf 82' lang='grc' dir='ltr'><strong>ὡς</strong></span> <span class='ocrx_word' id='word_1_439' title='bbox 1629 931 1682 958; x_wconf 85' lang='grc' dir='ltr'><strong>τῶν</strong></span> <span class='ocrx_word' id='word_1_440' title='bbox 1701 930 1834 957; x_wconf 81' lang='grc' dir='ltr'><strong>τοσούτων</strong></span> <span class='ocrx_word' id='word_1_441' title='bbox 1856 930 1904 956; x_wconf 74' lang='grc' dir='ltr'>καὶ</span> 
     </span>
    </p>
   </div>
   <div class='ocr_carea' id='block_1_66' title="bbox 1122 977 1903 1014">
    <p class='ocr_par' dir='ltr' id='par_1_66' title="bbox 1122 977 1903 1014">
     <span class='ocr_line' id='line_1_66' title="bbox 1122 977 1903 1014; baseline 0.001 -11"><span class='ocrx_word' id='word_1_442' title='bbox 1122 977 1248 1004; x_wconf 83' lang='grc' dir='ltr'>τοιούτων</span> <span class='ocrx_word' id='word_1_443' title='bbox 1262 978 1379 1009; x_wconf 83' lang='grc' dir='ltr'>ἀτόπων,</span> <span class='ocrx_word' id='word_1_444' title='bbox 1396 978 1442 1004; x_wconf 73' lang='grc' dir='ltr'>καὶ</span> <span class='ocrx_word' id='word_1_445' title='bbox 1456 977 1523 1014; x_wconf 84' lang='grc' dir='ltr'>πρὸς</span> <span class='ocrx_word' id='word_1_446' title='bbox 1534 977 1642 1013; x_wconf 72' lang='grc' dir='ltr'>ὀλεθρον</span> <span class='ocrx_word' id='word_1_447' title='bbox 1652 977 1771 1008; x_wconf 75' lang='grc' dir='ltr'>ἅπαντας</span> <span class='ocrx_word' id='word_1_448' title='bbox 1781 977 1903 1011; x_wconf 80' lang='grc' dir='ltr'>ἀγόντων</span> 
     </span>
    </p>
   </div>
   <div class='ocr_carea' id='block_1_67' title="bbox 1123 1023 1903 1060">
    <p class='ocr_par' dir='ltr' id='par_1_67' title="bbox 1123 1023 1903 1060">
     <span class='ocr_line' id='line_1_67' title="bbox 1123 1023 1903 1060; baseline -0.003 -9"><span class='ocrx_word' id='word_1_449' title='bbox 1123 1025 1279 1060; x_wconf 72' lang='grc' dir='ltr'>ἐπικρατεῖν</span> <span class='ocrx_word' id='word_1_450' title='bbox 1291 1033 1297 1057; x_wconf 92' lang='grc'><strong>;</strong></span> <span class='ocrx_word' id='word_1_451' title='bbox 1311 1026 1344 1051; x_wconf 86' lang='grc' dir='ltr'><strong>Ἦ</strong></span> <span class='ocrx_word' id='word_1_452' title='bbox 1355 1026 1408 1060; x_wconf 81' lang='grc' dir='ltr'><strong>γὰρ</strong></span> <span class='ocrx_word' id='word_1_453' title='bbox 1420 1024 1470 1057; x_wconf 81' lang='grc' dir='ltr'><strong>τὰς</strong></span> <span class='ocrx_word' id='word_1_454' title='bbox 1482 1024 1576 1059; x_wconf 76' lang='grc' dir='ltr'>φύσεις</span> <span class='ocrx_word' id='word_1_455' title='bbox 1586 1024 1640 1051; x_wconf 85' lang='grc' dir='ltr'><strong>τῶν</strong></span> <span class='ocrx_word' id='word_1_456' title='bbox 1653 1025 1698 1050; x_wconf 82' lang='grc' dir='ltr'><strong>ὑπ’</strong></span> <span class='ocrx_word' id='word_1_457' title='bbox 1708 1024 1788 1050; x_wconf 84' lang='grc' dir='ltr'>αὐτὸν</span> <span class='ocrx_word' id='word_1_458' title='bbox 1798 1023 1903 1059; x_wconf 82' lang='grc' dir='ltr'>ἀνθρώ-</span> 
     </span>
    </p>
   </div>
   <div class='ocr_carea' id='block_1_68' title="bbox 1122 1069 1901 1105">
    <p class='ocr_par' dir='ltr' id='par_1_68' title="bbox 1122 1069 1901 1105">
     <span class='ocr_line' id='line_1_68' title="bbox 1122 1069 1901 1105; baseline -0.003 -9"><span class='ocrx_word' id='word_1_459' title='bbox 1122 1079 1179 1096; x_wconf 88' lang='grc' dir='ltr'>πων</span> <span class='ocrx_word' id='word_1_460' title='bbox 1196 1070 1245 1096; x_wconf 81' lang='grc' dir='ltr'>οὺκ</span> <span class='ocrx_word' id='word_1_461' title='bbox 1259 1069 1371 1105; x_wconf 79' lang='grc' dir='ltr'>ἀμαθῶς</span> <span class='ocrx_word' id='word_1_462' title='bbox 1393 1070 1453 1096; x_wconf 85' lang='grc' dir='ltr'>οὐδὲ</span> <span class='ocrx_word' id='word_1_463' title='bbox 1477 1070 1622 1101; x_wconf 79' lang='grc' dir='ltr'>δυσκόλως,</span> <span class='ocrx_word' id='word_1_464' title='bbox 1638 1070 1695 1096; x_wconf 80' lang='grc' dir='ltr'>ἀλλ’</span> <span class='ocrx_word' id='word_1_465' title='bbox 1707 1069 1839 1100; x_wconf 83' lang='grc' dir='ltr'>εὐπειθῶς</span> <span class='ocrx_word' id='word_1_466' title='bbox 1853 1069 1901 1095; x_wconf 76' lang='grc' dir='ltr'>καὶ</span> 
     </span>
    </p>
   </div>
   <div class='ocr_carea' id='block_1_69' title="bbox 1120 1114 1901 1150">
    <p class='ocr_par' dir='ltr' id='par_1_69' title="bbox 1120 1114 1901 1150">
     <span class='ocr_line' id='line_1_69' title="bbox 1120 1114 1901 1150; baseline 0 -9"><span class='ocrx_word' id='word_1_467' title='bbox 1120 1114 1166 1141; x_wconf 78' lang='grc' dir='ltr'>τοῦ</span> <span class='ocrx_word' id='word_1_468' title='bbox 1180 1115 1319 1150; x_wconf 81' lang='grc' dir='ltr'>μέλλοντος</span> <span class='ocrx_word' id='word_1_469' title='bbox 1334 1115 1382 1141; x_wconf 84' lang='grc' dir='ltr'><strong>οὐκ</strong></span> <span class='ocrx_word' id='word_1_470' title='bbox 1393 1115 1567 1150; x_wconf 80' lang='grc' dir='ltr'>ἀπρονοήτως</span> <span class='ocrx_word' id='word_1_471' title='bbox 1579 1114 1666 1150; x_wconf 76' lang='grc' dir='ltr'>ἔχειν·</span> <span class='ocrx_word' id='word_1_472' title='bbox 1684 1115 1700 1150; x_wconf 81' lang='grc' dir='ltr'><strong>ἢ</strong></span> <span class='ocrx_word' id='word_1_473' title='bbox 1726 1114 1836 1144; x_wconf 77' lang='grc' dir='ltr'>τούτους</span> <span class='ocrx_word' id='word_1_474' title='bbox 1851 1114 1901 1148; x_wconf 82' lang='grc' dir='ltr'>μὲν</span> 
     </span>
    </p>
   </div>
   <div class='ocr_carea' id='block_1_70' title="bbox 1120 1159 1900 1195">
    <p class='ocr_par' dir='ltr' id='par_1_70' title="bbox 1120 1159 1900 1195">
     <span class='ocr_line' id='line_1_70' title="bbox 1120 1159 1900 1195; baseline -0.001 -9"><span class='ocrx_word' id='word_1_475' title='bbox 1120 1161 1157 1192; x_wconf 86' lang='grc' dir='ltr'>ὼς</span> <span class='ocrx_word' id='word_1_476' title='bbox 1170 1160 1285 1195; x_wconf 83' lang='grc' dir='ltr'>μάλιστα</span> <span class='ocrx_word' id='word_1_477' title='bbox 1299 1161 1398 1192; x_wconf 76' lang='grc' dir='ltr'>κακοὺς</span> <span class='ocrx_word' id='word_1_478' title='bbox 1411 1159 1489 1192; x_wconf 76' lang='grc' dir='ltr'>εἶναι,</span> <span class='ocrx_word' id='word_1_479' title='bbox 1500 1161 1546 1187; x_wconf 73' lang='grc' dir='ltr'>τὸν</span> <span class='ocrx_word' id='word_1_480' title='bbox 1557 1160 1585 1186; x_wconf 78' lang='grc' dir='ltr'>δὲ</span> <span class='ocrx_word' id='word_1_481' title='bbox 1600 1160 1666 1186; x_wconf 87' lang='grc' dir='ltr'>Θεὸν</span> <span class='ocrx_word' id='word_1_482' title='bbox 1685 1161 1736 1191; x_wconf 83' lang='grc' dir='ltr'>τὰς</span> <span class='ocrx_word' id='word_1_483' title='bbox 1757 1159 1900 1191; x_wconf 73' lang='grc' dir='ltr'>δυσκολίας</span> 
     </span>
    </p>
   </div>
   <div class='ocr_carea' id='block_1_71' title="bbox 1120 1204 1902 1242">
    <p class='ocr_par' dir='ltr' id='par_1_71' title="bbox 1120 1204 1902 1242">
     <span class='ocr_line' id='line_1_71' title="bbox 1120 1204 1902 1242; baseline -0.001 -10"><span class='ocrx_word' id='word_1_484' title='bbox 1120 1205 1210 1233; x_wconf 78' lang='grc' dir='ltr'>αὐτῶν</span> <span class='ocrx_word' id='word_1_485' title='bbox 1223 1206 1364 1241; x_wconf 80' lang='grc' dir='ltr'>πραΰνειν,</span> <span class='ocrx_word' id='word_1_486' title='bbox 1378 1206 1425 1232; x_wconf 78' lang='grc' dir='ltr'>καὶ</span> <span class='ocrx_word' id='word_1_487' title='bbox 1439 1206 1486 1232; x_wconf 76' lang='grc' dir='ltr'><strong>τοῦ</strong></span> <span class='ocrx_word' id='word_1_488' title='bbox 1501 1206 1641 1242; x_wconf 75' lang='grc' dir='ltr'>παρόντος,</span> <span class='ocrx_word' id='word_1_489' title='bbox 1664 1205 1710 1232; x_wconf 70' lang='grc' dir='ltr'>καὶ</span> <span class='ocrx_word' id='word_1_490' title='bbox 1726 1205 1772 1231; x_wconf 79' lang='grc' dir='ltr'>τοῦ</span> <span class='ocrx_word' id='word_1_491' title='bbox 1791 1204 1902 1240; x_wconf 81' lang='grc' dir='ltr'>μέλλον-</span> 
     </span>
    </p>
   </div>
   <div class='ocr_carea' id='block_1_72' title="bbox 1119 1249 1900 1287">
    <p class='ocr_par' dir='ltr' id='par_1_72' title="bbox 1119 1249 1900 1287">
     <span class='ocr_line' id='line_1_72' title="bbox 1119 1249 1900 1287; baseline -0.001 -10"><span class='ocrx_word' id='word_1_492' title='bbox 1119 1259 1163 1282; x_wconf 87' lang='grc' dir='ltr'><strong>τος</strong></span> <span class='ocrx_word' id='word_1_493' title='bbox 1178 1250 1271 1287; x_wconf 81' lang='grc' dir='ltr'>ὥσπερ</span> <span class='ocrx_word' id='word_1_494' title='bbox 1285 1251 1449 1278; x_wconf 81' lang='grc' dir='ltr'>ἐπιστατεῖν.</span> <span class='ocrx_word' id='word_1_495' title='bbox 1465 1252 1552 1287; x_wconf 81' lang='grc' dir='ltr'>Ὅπερ</span> <span class='ocrx_word' id='word_1_496' title='bbox 1562 1251 1616 1286; x_wconf 82' lang='grc' dir='ltr'><strong>γάρ</strong></span> <span class='ocrx_word' id='word_1_497' title='bbox 1631 1259 1671 1277; x_wconf 88' lang='grc' dir='ltr'><strong>σοι</strong></span> <span class='ocrx_word' id='word_1_498' title='bbox 1688 1250 1804 1285; x_wconf 76' lang='grc' dir='ltr'>μάλιστα</span> <span class='ocrx_word' id='word_1_499' title='bbox 1819 1249 1853 1276; x_wconf 81' lang='grc' dir='ltr'>ἂν</span> <span class='ocrx_word' id='word_1_500' title='bbox 1866 1250 1900 1276; x_wconf 79' lang='grc' dir='ltr'>ὲκ</span> 
     </span>
    </p>
   </div>
   <div class='ocr_carea' id='block_1_73' title="bbox 1118 1294 1899 1333">
    <p class='ocr_par' dir='ltr' id='par_1_73' title="bbox 1118 1294 1899 1333">
     <span class='ocr_line' id='line_1_73' title="bbox 1118 1294 1899 1333; baseline 0 -11"><span class='ocrx_word' id='word_1_501' title='bbox 1118 1297 1218 1323; x_wconf 84' lang='grc' dir='ltr'>τούτων</span> <span class='ocrx_word' id='word_1_502' title='bbox 1241 1296 1338 1332; x_wconf 75' lang='grc' dir='ltr'>ἀληθὲς</span> <span class='ocrx_word' id='word_1_503' title='bbox 1356 1294 1425 1324; x_wconf 78' lang='grc' dir='ltr'>εἶναι</span> <span class='ocrx_word' id='word_1_504' title='bbox 1450 1297 1521 1333; x_wconf 75' lang='grc' dir='ltr'>δόξῃ,</span> <span class='ocrx_word' id='word_1_505' title='bbox 1540 1297 1607 1332; x_wconf 81' lang='grc' dir='ltr'>πρὸς</span> <span class='ocrx_word' id='word_1_506' title='bbox 1626 1297 1735 1323; x_wconf 74' lang='grc' dir='ltr'>ἐπαίνου</span> <span class='ocrx_word' id='word_1_507' title='bbox 1757 1297 1803 1323; x_wconf 68' lang='grc' dir='ltr'>καὶ</span> <span class='ocrx_word' id='word_1_508' title='bbox 1815 1298 1899 1332; x_wconf 80' lang='grc' dir='ltr'>τιμῆς</span> 
     </span>
    </p>
   </div>
   <div class='ocr_carea' id='block_1_74' title="bbox 1118 1342 1895 1379">
    <p class='ocr_par' dir='ltr' id='par_1_74' title="bbox 1118 1342 1895 1379">
     <span class='ocr_line' id='line_1_74' title="bbox 1118 1342 1895 1379; baseline -0.003 -9"><span class='ocrx_word' id='word_1_509' title='bbox 1118 1344 1165 1370; x_wconf 76' lang='grc' dir='ltr'>καὶ</span> <span class='ocrx_word' id='word_1_510' title='bbox 1189 1342 1269 1379; x_wconf 78' lang='grc' dir='ltr'>ζήλου</span> <span class='ocrx_word' id='word_1_511' title='bbox 1291 1344 1354 1379; x_wconf 77' lang='grc' dir='ltr'>περὶ</span> <span class='ocrx_word' id='word_1_512' title='bbox 1370 1343 1457 1370; x_wconf 82' lang='grc' dir='ltr'>αὐτῶν</span> <span class='ocrx_word' id='word_1_513' title='bbox 1471 1342 1633 1378; x_wconf 82' lang='grc' dir='ltr'>συμπάντων</span> <span class='ocrx_word' id='word_1_514' title='bbox 1646 1342 1746 1377; x_wconf 75' lang='grc' dir='ltr'>ἰσχύειν</span> <span class='ocrx_word' id='word_1_515' title='bbox 1763 1342 1895 1376; x_wconf 78' lang='grc' dir='ltr'>φαίνεται.</span> 
     </span>
    </p>
   </div>
   <div class='ocr_carea' id='block_1_75' title="bbox 1117 1387 1897 1425">
    <p class='ocr_par' dir='ltr' id='par_1_75' title="bbox 1117 1387 1897 1425">
     <span class='ocr_line' id='line_1_75' title="bbox 1117 1387 1897 1425; baseline -0.004 -9"><span class='ocrx_word' id='word_1_516' title='bbox 1117 1390 1172 1416; x_wconf 78' lang='grc' dir='ltr'><strong>Καὶ</strong></span> <span class='ocrx_word' id='word_1_517' title='bbox 1184 1389 1216 1416; x_wconf 79' lang='grc' dir='ltr'><strong>τὰ</strong></span> <span class='ocrx_word' id='word_1_518' title='bbox 1232 1390 1279 1425; x_wconf 77' lang='grc' dir='ltr'>μὲν</span> <span class='ocrx_word' id='word_1_519' title='bbox 1291 1389 1340 1424; x_wconf 79' lang='grc' dir='ltr'>τῆς</span> <span class='ocrx_word' id='word_1_520' title='bbox 1353 1388 1441 1422; x_wconf 77' lang='grc' dir='ltr'>ἐξόδου</span> <span class='ocrx_word' id='word_1_521' title='bbox 1455 1389 1486 1424; x_wconf 85' lang='grc' dir='ltr'>δὴ</span> <span class='ocrx_word' id='word_1_522' title='bbox 1506 1388 1600 1414; x_wconf 74' lang='grc' dir='ltr'>ταῦτα.</span> <span class='ocrx_word' id='word_1_523' title='bbox 1625 1387 1733 1424; x_wconf 81' lang='grc' dir='ltr'>Ἐπειδὴ</span> <span class='ocrx_word' id='word_1_524' title='bbox 1746 1387 1774 1414; x_wconf 82' lang='grc' dir='ltr'>δὲ</span> <span class='ocrx_word' id='word_1_525' title='bbox 1794 1388 1834 1419; x_wconf 86' lang='grc' dir='ltr'><strong>είς</strong></span> <span class='ocrx_word' id='word_1_526' title='bbox 1847 1387 1897 1422; x_wconf 79' lang='grc' dir='ltr'>τὴν</span> 
     </span>
    </p>
   </div>
   <div class='ocr_carea' id='block_1_76' title="bbox 1117 1433 1895 1470">
    <p class='ocr_par' dir='ltr' id='par_1_76' title="bbox 1117 1433 1895 1470">
     <span class='ocr_line' id='line_1_76' title="bbox 1117 1433 1895 1470; baseline -0.003 -9"><span class='ocrx_word' id='word_1_527' title='bbox 1117 1435 1168 1470; x_wconf 81' lang='grc' dir='ltr'>γῆν</span> <span class='ocrx_word' id='word_1_528' title='bbox 1179 1435 1279 1470; x_wconf 80' lang='grc' dir='ltr'>ταύτην</span> <span class='ocrx_word' id='word_1_529' title='bbox 1297 1433 1389 1470; x_wconf 78' lang='grc' dir='ltr'>ἦλθον,</span> <span class='ocrx_word' id='word_1_530' title='bbox 1412 1435 1485 1466; x_wconf 84' lang='grc' dir='ltr'>ὅπως</span> <span class='ocrx_word' id='word_1_531' title='bbox 1511 1434 1560 1469; x_wconf 82' lang='grc' dir='ltr'>μέν</span> <span class='ocrx_word' id='word_1_532' title='bbox 1581 1442 1644 1460; x_wconf 87' lang='grc' dir='ltr'>ποτε</span> <span class='ocrx_word' id='word_1_533' title='bbox 1665 1434 1718 1469; x_wconf 74' lang='grc' dir='ltr'>ἄρα</span> <span class='ocrx_word' id='word_1_534' title='bbox 1741 1433 1895 1469; x_wconf 77' lang='grc' dir='ltr'>ἱδρύθησαν,</span> 
     </span>
    </p>
   </div>
   <div class='ocr_carea' id='block_1_77' title="bbox 1117 1479 1897 1516">
    <p class='ocr_par' dir='ltr' id='par_1_77' title="bbox 1117 1479 1897 1516">
     <span class='ocr_line' id='line_1_77' title="bbox 1117 1479 1897 1516; baseline -0.003 -9"><span class='ocrx_word' id='word_1_535' title='bbox 1117 1481 1162 1507; x_wconf 79' lang='grc' dir='ltr'><strong>καὶ</strong></span> <span class='ocrx_word' id='word_1_536' title='bbox 1175 1480 1223 1516; x_wconf 74' lang='grc' dir='ltr'>τὴν</span> <span class='ocrx_word' id='word_1_537' title='bbox 1237 1480 1328 1516; x_wconf 88' lang='grc' dir='ltr'>χώραν</span> <span class='ocrx_word' id='word_1_538' title='bbox 1343 1480 1429 1516; x_wconf 81' lang='grc' dir='ltr'>ἔσχον,</span> <span class='ocrx_word' id='word_1_539' title='bbox 1444 1481 1473 1507; x_wconf 87' lang='grc' dir='ltr'>ὲν</span> <span class='ocrx_word' id='word_1_540' title='bbox 1492 1481 1552 1512; x_wconf 82' lang='grc' dir='ltr'>ταῖς</span> <span class='ocrx_word' id='word_1_541' title='bbox 1569 1481 1654 1515; x_wconf 79' lang='grc' dir='ltr'>ἱεραῖς</span> <span class='ocrx_word' id='word_1_542' title='bbox 1668 1480 1837 1514; x_wconf 80' lang='grc' dir='ltr'>ἀναγραφαῖς</span> <span class='ocrx_word' id='word_1_543' title='bbox 1848 1479 1897 1514; x_wconf 88' lang='grc' dir='ltr'>δη-</span> 
     </span>
    </p>
   </div>
   <div class='ocr_carea' id='block_1_78' title="bbox 1116 1525 1895 1563">
    <p class='ocr_par' dir='ltr' id='par_1_78' title="bbox 1116 1525 1895 1563">
     <span class='ocr_line' id='line_1_78' title="bbox 1116 1525 1895 1563; baseline -0.003 -10"><span class='ocrx_word' id='word_1_544' title='bbox 1116 1526 1220 1553; x_wconf 78' lang='grc' dir='ltr'>λοῦσιν”</span> <span class='ocrx_word' id='word_1_545' title='bbox 1239 1527 1268 1553; x_wconf 79' lang='grc' dir='ltr'><strong>οὐ</strong></span> <span class='ocrx_word' id='word_1_546' title='bbox 1286 1527 1339 1563; x_wconf 81' lang='grc' dir='ltr'>μὴν</span> <span class='ocrx_word' id='word_1_547' title='bbox 1359 1526 1446 1561; x_wconf 80' lang='grc' dir='ltr'>ἔγωγε</span> <span class='ocrx_word' id='word_1_548' title='bbox 1460 1526 1554 1553; x_wconf 82' lang='grc' dir='ltr'>δικαιῶ</span> <span class='ocrx_word' id='word_1_549' title='bbox 1573 1526 1670 1561; x_wconf 84' lang='grc' dir='ltr'>μᾶλλον</span> <span class='ocrx_word' id='word_1_550' title='bbox 1690 1526 1750 1552; x_wconf 79' lang='grc' dir='ltr'>καθ’</span> <span class='ocrx_word' id='word_1_551' title='bbox 1765 1525 1895 1560; x_wconf 66' lang='grc' dir='ltr'>ἱστορίαν,</span> 
     </span>
    </p>
   </div>
   <div class='ocr_carea' id='block_1_79' title="bbox 1116 1570 1897 1608">
    <p class='ocr_par' dir='ltr' id='par_1_79' title="bbox 1116 1570 1897 1608">
     <span class='ocr_line' id='line_1_79' title="bbox 1116 1570 1897 1608; baseline -0.004 -9"><span class='ocrx_word' id='word_1_552' title='bbox 1116 1573 1132 1608; x_wconf 81' lang='grc' dir='ltr'><strong>ἢ</strong></span> <span class='ocrx_word' id='word_1_553' title='bbox 1150 1573 1219 1599; x_wconf 80' lang='grc' dir='ltr'>κατά</span> <span class='ocrx_word' id='word_1_554' title='bbox 1229 1581 1289 1599; x_wconf 88' lang='grc' dir='ltr'>τινα</span> <span class='ocrx_word' id='word_1_555' title='bbox 1301 1572 1429 1607; x_wconf 76' lang='grc' dir='ltr'>λογισμὸν</span> <span class='ocrx_word' id='word_1_556' title='bbox 1445 1573 1508 1608; x_wconf 81' lang='grc' dir='ltr'>περὶ</span> <span class='ocrx_word' id='word_1_557' title='bbox 1525 1572 1613 1599; x_wconf 78' lang='grc' dir='ltr'>αὐτῶν</span> <span class='ocrx_word' id='word_1_558' title='bbox 1627 1572 1661 1598; x_wconf 74' lang='grc' dir='ltr'>τὰ</span> <span class='ocrx_word' id='word_1_559' title='bbox 1678 1572 1769 1598; x_wconf 88' lang='grc' dir='ltr'>είκότα</span> <span class='ocrx_word' id='word_1_560' title='bbox 1786 1570 1897 1602; x_wconf 79' lang='grc' dir='ltr'>ἐπεξελ-</span> 
     </span>
    </p>
   </div>
   <div class='ocr_carea' id='block_1_80' title="bbox 1116 1617 1896 1654">
    <p class='ocr_par' dir='ltr' id='par_1_80' title="bbox 1116 1617 1896 1654">
     <span class='ocr_line' id='line_1_80' title="bbox 1116 1617 1896 1654; baseline -0.003 -9"><span class='ocrx_word' id='word_1_561' title='bbox 1116 1619 1181 1645; x_wconf 86' lang='grc' dir='ltr'>θεῖν.</span> <span class='ocrx_word' id='word_1_562' title='bbox 1196 1619 1311 1654; x_wconf 81' lang='grc' dir='ltr'>Πότερον</span> <span class='ocrx_word' id='word_1_563' title='bbox 1323 1619 1376 1654; x_wconf 77' lang='grc' dir='ltr'><strong>γάρ</strong></span> <span class='ocrx_word' id='word_1_564' title='bbox 1394 1627 1456 1645; x_wconf 84' lang='grc' dir='ltr'>ποτε</span> <span class='ocrx_word' id='word_1_565' title='bbox 1469 1618 1567 1653; x_wconf 82' lang='grc' dir='ltr'>βούλει,</span> <span class='ocrx_word' id='word_1_566' title='bbox 1576 1618 1614 1653; x_wconf 86' lang='grc' dir='ltr'>τῷ</span> <span class='ocrx_word' id='word_1_567' title='bbox 1626 1618 1722 1654; x_wconf 83' lang='grc' dir='ltr'>πλήθει</span> <span class='ocrx_word' id='word_1_568' title='bbox 1735 1617 1790 1644; x_wconf 86' lang='grc' dir='ltr'><strong>τῶν</strong></span> <span class='ocrx_word' id='word_1_569' title='bbox 1803 1617 1896 1652; x_wconf 83' lang='grc' dir='ltr'>σωμά-</span> 
     </span>
    </p>
   </div>
   <div class='ocr_carea' id='block_1_81' title="bbox 1113 1663 1894 1701">
    <p class='ocr_par' dir='ltr' id='par_1_81' title="bbox 1113 1663 1894 1701">
     <span class='ocr_line' id='line_1_81' title="bbox 1113 1663 1894 1701; baseline -0.004 -9"><span class='ocrx_word' id='word_1_570' title='bbox 1113 1674 1167 1692; x_wconf 84' lang='grc' dir='ltr'><strong>των</strong></span> <span class='ocrx_word' id='word_1_571' title='bbox 1178 1665 1218 1691; x_wconf 82' lang='grc' dir='ltr'>ἔτι</span> <span class='ocrx_word' id='word_1_572' title='bbox 1234 1665 1392 1701; x_wconf 84' lang='grc' dir='ltr'>περιόντας,</span> <span class='ocrx_word' id='word_1_573' title='bbox 1409 1663 1508 1699; x_wconf 81' lang='grc' dir='ltr'>καίπερ</span> <span class='ocrx_word' id='word_1_574' title='bbox 1527 1665 1567 1695; x_wconf 82' lang='grc' dir='ltr'>εἰς</span> <span class='ocrx_word' id='word_1_575' title='bbox 1584 1663 1658 1696; x_wconf 83' lang='grc' dir='ltr'>τέλος</span> <span class='ocrx_word' id='word_1_576' title='bbox 1676 1663 1894 1698; x_wconf 84' lang='grc' dir='ltr'>κεκακωμένους,</span> 
     </span>
    </p>
   </div>
   <div class='ocr_carea' id='block_1_82' title="bbox 1114 1709 1892 1746">
    <p class='ocr_par' dir='ltr' id='par_1_82' title="bbox 1114 1709 1892 1746">
     <span class='ocr_line' id='line_1_82' title="bbox 1114 1709 1892 1746; baseline -0.005 -8"><span class='ocrx_word' id='word_1_577' title='bbox 1114 1712 1187 1746; x_wconf 73' lang='grc' dir='ltr'>ὅμως</span> <span class='ocrx_word' id='word_1_578' title='bbox 1202 1711 1230 1738; x_wconf 84' lang='grc' dir='ltr'>δὲ</span> <span class='ocrx_word' id='word_1_579' title='bbox 1256 1710 1433 1746; x_wconf 84' lang='grc' dir='ltr'>διισχύοντας,</span> <span class='ocrx_word' id='word_1_580' title='bbox 1448 1711 1494 1736; x_wconf 71' lang='grc' dir='ltr'>καὶ</span> <span class='ocrx_word' id='word_1_581' title='bbox 1504 1710 1538 1736; x_wconf 76' lang='grc' dir='ltr'><strong>τὰ</strong></span> <span class='ocrx_word' id='word_1_582' title='bbox 1552 1710 1620 1736; x_wconf 82' lang='grc' dir='ltr'>ὅπλα</span> <span class='ocrx_word' id='word_1_583' title='bbox 1628 1711 1656 1736; x_wconf 78' lang='grc' dir='ltr'>ὲν</span> <span class='ocrx_word' id='word_1_584' title='bbox 1668 1710 1759 1745; x_wconf 76' lang='grc' dir='ltr'>χερσὶν</span> <span class='ocrx_word' id='word_1_585' title='bbox 1772 1709 1892 1744; x_wconf 78' lang='grc' dir='ltr'>ἔχοντας,</span> 
     </span>
    </p>
   </div>
   <div class='ocr_carea' id='block_1_83' title="bbox 1114 1754 1893 1792">
    <p class='ocr_par' dir='ltr' id='par_1_83' title="bbox 1114 1754 1893 1792">
     <span class='ocr_line' id='line_1_83' title="bbox 1114 1754 1893 1792; baseline -0.004 -9"><span class='ocrx_word' id='word_1_586' title='bbox 1114 1755 1172 1783; x_wconf 80' lang='grc' dir='ltr'>εἶτα</span> <span class='ocrx_word' id='word_1_587' title='bbox 1188 1757 1257 1783; x_wconf 75' lang='grc' dir='ltr'>κατὰ</span> <span class='ocrx_word' id='word_1_588' title='bbox 1270 1756 1368 1792; x_wconf 83' lang='grc' dir='ltr'>κράτος</span> <span class='ocrx_word' id='word_1_589' title='bbox 1395 1756 1463 1782; x_wconf 79' lang='grc' dir='ltr'>ἑλεῖν</span> <span class='ocrx_word' id='word_1_590' title='bbox 1482 1756 1530 1791; x_wconf 76' lang='grc' dir='ltr'>τὴν</span> <span class='ocrx_word' id='word_1_591' title='bbox 1542 1755 1647 1791; x_wconf 83' lang='grc' dir='ltr'>χώραν,</span> <span class='ocrx_word' id='word_1_592' title='bbox 1662 1755 1762 1791; x_wconf 79' lang='grc' dir='ltr'>Σύρους</span> <span class='ocrx_word' id='word_1_593' title='bbox 1783 1763 1813 1781; x_wconf 87' lang='grc' dir='ltr'><strong>τε</strong></span> <span class='ocrx_word' id='word_1_594' title='bbox 1826 1754 1893 1790; x_wconf 78' lang='grc' dir='ltr'>ὁμοῦ</span> 
     </span>
    </p>
   </div>
   <div class='ocr_carea' id='block_1_84' title="bbox 1114 1799 1894 1837">
    <p class='ocr_par' dir='ltr' id='par_1_84' title="bbox 1114 1799 1894 1837">
     <span class='ocr_line' id='line_1_84' title="bbox 1114 1799 1894 1837; baseline -0.004 -9"><span class='ocrx_word' id='word_1_595' title='bbox 1114 1803 1160 1828; x_wconf 63' lang='grc' dir='ltr'>καὶ</span> <span class='ocrx_word' id='word_1_596' title='bbox 1174 1802 1298 1833; x_wconf 81' lang='grc' dir='ltr'>Φοίνικας</span> <span class='ocrx_word' id='word_1_597' title='bbox 1309 1803 1337 1828; x_wconf 83' lang='grc' dir='ltr'>ὲν</span> <span class='ocrx_word' id='word_1_598' title='bbox 1350 1802 1417 1837; x_wconf 82' lang='grc' dir='ltr'>αὐτῇ</span> <span class='ocrx_word' id='word_1_599' title='bbox 1428 1803 1460 1837; x_wconf 80' lang='grc' dir='ltr'><strong>τῇ</strong></span> <span class='ocrx_word' id='word_1_600' title='bbox 1479 1801 1589 1827; x_wconf 83' lang='grc' dir='ltr'>ἐκείνων</span> <span class='ocrx_word' id='word_1_601' title='bbox 1606 1802 1640 1836; x_wconf 78' lang='grc' dir='ltr'>γῇ</span> <span class='ocrx_word' id='word_1_602' title='bbox 1667 1799 1834 1835; x_wconf 82' lang='grc' dir='ltr'>μαχομένους</span> <span class='ocrx_word' id='word_1_603' title='bbox 1855 1808 1894 1826; x_wconf 91' lang='grc' dir='ltr'>νι-</span> 
     </span>
    </p>
   </div>
   <div class='ocr_carea' id='block_1_85' title="bbox 1114 1846 1894 1884">
    <p class='ocr_par' dir='ltr' id='par_1_85' title="bbox 1114 1846 1894 1884">
     <span class='ocr_line' id='line_1_85' title="bbox 1114 1846 1894 1884; baseline -0.003 -10"><span class='ocrx_word' id='word_1_604' title='bbox 1114 1847 1237 1880; x_wconf 69' lang='grc' dir='ltr'>κῶντας⁴</span> <span class='ocrx_word' id='word_1_605' title='bbox 1268 1848 1285 1884; x_wconf 85' lang='grc' dir='ltr'>ἢ</span> <span class='ocrx_word' id='word_1_606' title='bbox 1306 1848 1369 1880; x_wconf 71' lang='grc' dir='ltr'>τοὺς</span> <span class='ocrx_word' id='word_1_607' title='bbox 1392 1847 1440 1883; x_wconf 73' lang='grc' dir='ltr'>μὲν</span> <span class='ocrx_word' id='word_1_608' title='bbox 1455 1867 1463 1877; x_wconf 91' lang='grc'><strong><em>.</em></strong></span> <span class='ocrx_word' id='word_1_609' title='bbox 1490 1847 1642 1882; x_wconf 74' lang='grc' dir='ltr'>ἀπολέμους</span> <span class='ocrx_word' id='word_1_610' title='bbox 1675 1847 1721 1873; x_wconf 71' lang='grc' dir='ltr'>καὶ</span> <span class='ocrx_word' id='word_1_611' title='bbox 1748 1846 1894 1881; x_wconf 85' lang='grc' dir='ltr'>ἀνάνδρους</span> 
     </span>
    </p>
   </div>
   <div class='ocr_carea' id='block_1_86' title="bbox 1113 1891 1894 1927">
    <p class='ocr_par' dir='ltr' id='par_1_86' title="bbox 1113 1891 1894 1927">
     <span class='ocr_line' id='line_1_86' title="bbox 1113 1891 1894 1927; baseline -0.003 -8"><span class='ocrx_word' id='word_1_612' title='bbox 1113 1891 1190 1924; x_wconf 82' lang='grc' dir='ltr'>εἶναι,</span> <span class='ocrx_word' id='word_1_613' title='bbox 1205 1893 1252 1920; x_wconf 73' lang='grc' dir='ltr'>καὶ</span> <span class='ocrx_word' id='word_1_614' title='bbox 1264 1893 1401 1925; x_wconf 83' lang='grc' dir='ltr'>παντελῶς</span> <span class='ocrx_word' id='word_1_615' title='bbox 1415 1893 1518 1927; x_wconf 82' lang='grc' dir='ltr'>ὀλίγους</span> <span class='ocrx_word' id='word_1_616' title='bbox 1534 1891 1704 1927; x_wconf 82' lang='grc' dir='ltr'>ὑποθώμεθα,</span> <span class='ocrx_word' id='word_1_617' title='bbox 1719 1891 1764 1918; x_wconf 72' lang='grc' dir='ltr'>καὶ</span> <span class='ocrx_word' id='word_1_618' title='bbox 1777 1891 1831 1918; x_wconf 84' lang='grc' dir='ltr'><strong>τῶν</strong></span> <span class='ocrx_word' id='word_1_619' title='bbox 1854 1892 1894 1922; x_wconf 86' lang='grc' dir='ltr'><strong>είς</strong></span> 
     </span>
    </p>
   </div>
   <div class='ocr_carea' id='block_1_87' title="bbox 1113 1927 1895 1975">
    <p class='ocr_par' dir='ltr' id='par_1_87' title="bbox 1113 1927 1895 1975">
     <span class='ocr_line' id='line_1_87' title="bbox 1113 1927 1895 1975; baseline -0.003 -10"><span class='ocrx_word' id='word_1_620' title='bbox 1113 1939 1228 1974; x_wconf 79' lang='grc' dir='ltr'>πόλεμον</span> <span class='ocrx_word' id='word_1_621' title='bbox 1245 1927 1424 1975; x_wconf 74' lang='grc' dir='ltr'>παρασκευῶν</span> <span class='ocrx_word' id='word_1_622' title='bbox 1450 1938 1578 1974; x_wconf 61' lang='grc' dir='ltr'>ἀπόρους,</span> <span class='ocrx_word' id='word_1_623' title='bbox 1595 1938 1722 1969; x_wconf 74' lang='grc' dir='ltr'>αἰδέσεως</span> <span class='ocrx_word' id='word_1_624' title='bbox 1747 1937 1776 1963; x_wconf 83' lang='grc' dir='ltr'>δὲ</span> <span class='ocrx_word' id='word_1_625' title='bbox 1801 1939 1895 1972; x_wconf 78' lang='grc' dir='ltr'>τυχεῖν</span> 
     </span>
    </p>
   </div>
   <div class='ocr_carea' id='block_1_88' title="bbox 1113 1980 1892 2018">
    <p class='ocr_par' dir='ltr' id='par_1_88' title="bbox 1113 1980 1892 2018">
     <span class='ocr_line' id='line_1_88' title="bbox 1113 1980 1892 2018; baseline -0.005 -8"><span class='ocrx_word' id='word_1_626' title='bbox 1113 1983 1187 2018; x_wconf 82' lang='grc' dir='ltr'>παρὰ</span> <span class='ocrx_word' id='word_1_627' title='bbox 1213 1983 1326 2014; x_wconf 84' lang='grc' dir='ltr'>τούτοις.</span> <span class='ocrx_word' id='word_1_628' title='bbox 1350 1983 1397 2009; x_wconf 76' lang='grc' dir='ltr'>καὶ</span> <span class='ocrx_word' id='word_1_629' title='bbox 1425 1982 1473 2018; x_wconf 86' lang='grc' dir='ltr'>τὴν</span> <span class='ocrx_word' id='word_1_630' title='bbox 1492 1982 1544 2016; x_wconf 87' lang='grc' dir='ltr'>γῆν</span> <span class='ocrx_word' id='word_1_631' title='bbox 1563 1981 1652 2008; x_wconf 80' lang='grc' dir='ltr'>λαϐεῖν</span> <span class='ocrx_word' id='word_1_632' title='bbox 1676 1981 1740 2016; x_wconf 86' lang='grc' dir='ltr'>παρ’</span> <span class='ocrx_word' id='word_1_633' title='bbox 1757 1980 1892 2012; x_wconf 84' lang='grc' dir='ltr'>ἑκόντων;</span> 
     </span>
    </p>
   </div>
   <div class='ocr_carea' id='block_1_89' title="bbox 1112 2025 1892 2063">
    <p class='ocr_par' dir='ltr' id='par_1_89' title="bbox 1112 2025 1892 2063">
     <span class='ocr_line' id='line_1_89' title="bbox 1112 2025 1892 2063; baseline -0.005 -8"><span class='ocrx_word' id='word_1_634' title='bbox 1112 2029 1204 2055; x_wconf 74' lang='grc' dir='ltr'>ἔπειτα</span> <span class='ocrx_word' id='word_1_635' title='bbox 1229 2029 1250 2055; x_wconf 80' lang='grc' dir='ltr'>δ’</span> <span class='ocrx_word' id='word_1_636' title='bbox 1274 2028 1353 2060; x_wconf 78' lang='grc' dir='ltr'>εὐθὺς</span> <span class='ocrx_word' id='word_1_637' title='bbox 1369 2029 1418 2054; x_wconf 88' lang='grc' dir='ltr'><strong>οὐκ</strong></span> <span class='ocrx_word' id='word_1_638' title='bbox 1445 2029 1485 2059; x_wconf 85' lang='grc' dir='ltr'><strong>είς</strong></span> <span class='ocrx_word' id='word_1_639' title='bbox 1503 2027 1604 2063; x_wconf 80' lang='grc' dir='ltr'>μακρὸν</span> <span class='ocrx_word' id='word_1_640' title='bbox 1619 2027 1663 2053; x_wconf 85' lang='grc' dir='ltr'><strong>τόν</strong></span> <span class='ocrx_word' id='word_1_641' title='bbox 1680 2035 1709 2052; x_wconf 79' lang='grc' dir='ltr'><strong>τε</strong></span> <span class='ocrx_word' id='word_1_642' title='bbox 1731 2025 1797 2053; x_wconf 84' lang='grc' dir='ltr'>νεὼν</span> <span class='ocrx_word' id='word_1_643' title='bbox 1818 2026 1892 2052; x_wconf 83' lang='grc' dir='ltr'>ἀνοι-</span> 
     </span>
    </p>
   </div>
   <div class='ocr_carea' id='block_1_90' title="bbox 1112 2071 1893 2110">
    <p class='ocr_par' dir='ltr' id='par_1_90' title="bbox 1112 2071 1893 2110">
     <span class='ocr_line' id='line_1_90' title="bbox 1112 2071 1893 2110; baseline -0.006 -9"><span class='ocrx_word' id='word_1_644' title='bbox 1112 2075 1277 2110; x_wconf 76' lang='grc' dir='ltr'>κοδομῆσαι,</span> <span class='ocrx_word' id='word_1_645' title='bbox 1308 2074 1355 2101; x_wconf 80' lang='grc' dir='ltr'>καὶ</span> <span class='ocrx_word' id='word_1_646' title='bbox 1367 2074 1449 2101; x_wconf 81' lang='grc' dir='ltr'>τᾶλλα</span> <span class='ocrx_word' id='word_1_647' title='bbox 1474 2074 1513 2105; x_wconf 78' lang='grc' dir='ltr'><strong>είς</strong></span> <span class='ocrx_word' id='word_1_648' title='bbox 1538 2072 1676 2099; x_wconf 78' lang='grc' dir='ltr'>εὐσέϐειαν</span> <span class='ocrx_word' id='word_1_649' title='bbox 1688 2071 1734 2098; x_wconf 80' lang='grc' dir='ltr'>καὶ</span> <span class='ocrx_word' id='word_1_650' title='bbox 1753 2071 1893 2104; x_wconf 85' lang='grc' dir='ltr'>ἀγιστείαν</span> 
     </span>
    </p>
   </div>
   <div class='ocr_carea' id='block_1_91' title="bbox 1112 2117 1945 2155">
    <p class='ocr_par' dir='ltr' id='par_1_91' title="bbox 1112 2117 1945 2155">
     <span class='ocr_line' id='line_1_91' title="bbox 1112 2117 1945 2155; baseline -0.005 -9"><span class='ocrx_word' id='word_1_651' title='bbox 1112 2120 1348 2155; x_wconf 82' lang='grc' dir='ltr'>καταστήσασθαι;</span> <span class='ocrx_word' id='word_1_652' title='bbox 1366 2119 1445 2154; x_wconf 86' lang='grc' dir='ltr'>Δηλοί</span> <span class='ocrx_word' id='word_1_653' title='bbox 1473 2118 1537 2154; x_wconf 81' lang='grc' dir='ltr'>γὰρ,</span> <span class='ocrx_word' id='word_1_654' title='bbox 1565 2119 1602 2150; x_wconf 86' lang='grc' dir='ltr'>ὡς</span> <span class='ocrx_word' id='word_1_655' title='bbox 1626 2118 1707 2149; x_wconf 74' lang='grc' dir='ltr'>ἔοικε,</span> <span class='ocrx_word' id='word_1_656' title='bbox 1732 2119 1827 2148; x_wconf 79' lang='grc' dir='ltr'>ταῦτα,</span> <span class='ocrx_word' id='word_1_657' title='bbox 1847 2117 1893 2143; x_wconf 76' lang='grc' dir='ltr'>καὶ</span> <span class='ocrx_word' id='word_1_658' title='bbox 1941 2127 1945 2134; x_wconf 73' lang='grc' dir='ltr'><em>υ</em></span> 
     </span>
    </p>
   </div>
   <div class='ocr_carea' id='block_1_92' title="bbox 1111 2162 1892 2201">
    <p class='ocr_par' dir='ltr' id='par_1_92' title="bbox 1111 2162 1892 2201">
     <span class='ocr_line' id='line_1_92' title="bbox 1111 2162 1892 2201; baseline -0.006 -8"><span class='ocrx_word' id='word_1_659' title='bbox 1111 2166 1330 2201; x_wconf 68' lang='grc' dir='ltr'>θεοφιλεστάτους</span> <span class='ocrx_word' id='word_1_660' title='bbox 1346 2166 1442 2196; x_wconf 74' lang='grc' dir='ltr'>αὐτοὺς</span> <span class='ocrx_word' id='word_1_661' title='bbox 1456 2164 1675 2199; x_wconf 80' lang='grc' dir='ltr'>ἀνωμολογῆσθαι</span> <span class='ocrx_word' id='word_1_662' title='bbox 1685 2164 1731 2190; x_wconf 71' lang='grc' dir='ltr'>καὶ</span> <span class='ocrx_word' id='word_1_663' title='bbox 1746 2162 1820 2198; x_wconf 78' lang='grc' dir='ltr'>παρὰ</span> <span class='ocrx_word' id='word_1_664' title='bbox 1837 2163 1892 2193; x_wconf 79' lang='grc' dir='ltr'>τοῖς</span> 
     </span>
    </p>
   </div>
   <div class='ocr_carea' id='block_1_93' title="bbox 1111 2205 1893 2248">
    <p class='ocr_par' dir='ltr' id='par_1_93' title="bbox 1111 2205 1893 2248">
     <span class='ocr_line' id='line_1_93' title="bbox 1111 2205 1893 2248; baseline -0.008 -9"><span class='ocrx_word' id='word_1_665' title='bbox 1111 2213 1226 2248; x_wconf 63' lang='grc' dir='ltr'>ἐχθροῖς</span> <span class='ocrx_word' id='word_1_666' title='bbox 1240 2212 1331 2247; x_wconf 75' lang='grc' dir='ltr'>ἐχθροὶ</span> <span class='ocrx_word' id='word_1_667' title='bbox 1346 2211 1400 2246; x_wconf 84' lang='grc' dir='ltr'>γὰρ</span> <span class='ocrx_word' id='word_1_668' title='bbox 1415 2209 1483 2247; x_wconf 77' lang='grc' dir='ltr'>ἦσαν</span> <span class='ocrx_word' id='word_1_669' title='bbox 1509 2210 1537 2243; x_wconf 79' lang='grc' dir='ltr'>ἐξ</span> <span class='ocrx_word' id='word_1_670' title='bbox 1565 2210 1696 2245; x_wconf 80' lang='grc' dir='ltr'>ἀνάγκης,</span> <span class='ocrx_word' id='word_1_671' title='bbox 1719 2205 1755 2235; x_wconf 80' lang='grc' dir='ltr'><strong>ὧν</strong></span> <span class='ocrx_word' id='word_1_672' title='bbox 1779 2208 1825 2235; x_wconf 70' lang='grc' dir='ltr'><strong>ἐπὶ</strong></span> <span class='ocrx_word' id='word_1_673' title='bbox 1843 2208 1893 2243; x_wconf 81' lang='grc' dir='ltr'>τὴν</span> 
     </span>
    </p>
   </div>
   <div class='ocr_carea' id='block_1_94' title="bbox 277 2254 1065 2293">
    <p class='ocr_par' dir='ltr' id='par_1_94' title="bbox 277 2258 1060 2293">
     <span class='ocr_line' id='line_1_94' title="bbox 277 2258 1060 2293; baseline 0.003 -9"><span class='ocrx_word' id='word_1_674' title='bbox 277 2258 362 2284; x_wconf 86' lang='lat' dir='ltr'><strong>lentes</strong></span> <span class='ocrx_word' id='word_1_675' title='bbox 374 2265 498 2290; x_wconf 77' lang='lat' dir='ltr'><strong>numero,</strong></span> <span class='ocrx_word' id='word_1_676' title='bbox 516 2259 620 2285; x_wconf 84' lang='lat' dir='ltr'><strong>tametsi</strong></span> <span class='ocrx_word' id='word_1_677' title='bbox 634 2259 769 2293; x_wconf 83' lang='lat' dir='ltr'><strong>perpetuis</strong></span> <span class='ocrx_word' id='word_1_678' title='bbox 783 2258 884 2286; x_wconf 89' lang='lat' dir='ltr'><strong>fractos</strong></span> <span class='ocrx_word' id='word_1_679' title='bbox 893 2259 1060 2287; x_wconf 86' lang='lat' dir='ltr'><strong>debilitatos-</strong></span> 
     </span>
    </p>
   </div>
   <div class='ocr_carea' id='block_1_95' title="bbox 1117 2254 1892 2293">
    <p class='ocr_par' dir='ltr' id='par_1_95' title="bbox 1117 2254 1892 2293">
     <span class='ocr_line' id='line_1_95' title="bbox 1117 2254 1892 2293; baseline -0.008 -8"><span class='ocrx_word' id='word_1_680' title='bbox 1117 2259 1162 2293; x_wconf 72' lang='grc' dir='ltr'>γῆν</span> <span class='ocrx_word' id='word_1_681' title='bbox 1176 2258 1304 2293; x_wconf 75' lang='grc' dir='ltr'>ἐξαίφνης</span> <span class='ocrx_word' id='word_1_682' title='bbox 1316 2256 1396 2293; x_wconf 81' lang='grc' dir='ltr'>ἦλθον</span> <span class='ocrx_word' id='word_1_683' title='bbox 1411 2257 1447 2289; x_wconf 80' lang='grc' dir='ltr'>ὡς</span> <span class='ocrx_word' id='word_1_684' title='bbox 1460 2256 1681 2292; x_wconf 78' lang='grc' dir='ltr'>ἀφαιρησόμενοι.</span> <span class='ocrx_word' id='word_1_685' title='bbox 1697 2254 1775 2290; x_wconf 76' lang='grc' dir='ltr'>Παρὰ</span> <span class='ocrx_word' id='word_1_686' title='bbox 1787 2254 1892 2285; x_wconf 81' lang='grc' dir='ltr'>τούτοις</span> 
     </span>
    </p>
   </div>
   <div class='ocr_carea' id='block_1_96' title="bbox 276 2302 1057 2339">
    <p class='ocr_par' dir='ltr' id='par_1_96' title="bbox 276 2302 1057 2339">
     <span class='ocr_line' id='line_1_96' title="bbox 276 2302 1057 2339; baseline 0.003 -10"><span class='ocrx_word' id='word_1_687' title='bbox 276 2310 330 2336; x_wconf 88' lang='lat' dir='ltr'><strong>que</strong></span> <span class='ocrx_word' id='word_1_688' title='bbox 342 2302 491 2335; x_wconf 87' lang='lat' dir='ltr'><strong>laboribus,</strong></span> <span class='ocrx_word' id='word_1_689' title='bbox 504 2304 592 2331; x_wconf 83' lang='lat' dir='ltr'><strong>auctis</strong></span> <span class='ocrx_word' id='word_1_690' title='bbox 604 2309 693 2331; x_wconf 86' lang='lat' dir='ltr'><strong>tamen</strong></span> <span class='ocrx_word' id='word_1_691' title='bbox 709 2304 931 2339; x_wconf 84' lang='lat' dir='ltr'><strong>conﬁrmatisque</strong></span> <span class='ocrx_word' id='word_1_692' title='bbox 944 2304 1057 2338; x_wconf 86' lang='lat' dir='ltr'><strong>viribus,</strong></span> 
     </span>
    </p>
   </div>
   <div class='ocr_carea' id='block_1_97' title="bbox 275 2347 1058 2384">
    <p class='ocr_par' dir='ltr' id='par_1_97' title="bbox 275 2347 1058 2384">
     <span class='ocr_line' id='line_1_97' title="bbox 275 2347 1058 2384; baseline 0.004 -10"><span class='ocrx_word' id='word_1_693' title='bbox 275 2355 308 2374; x_wconf 86' lang='lat' dir='ltr'><strong>ea</strong></span> <span class='ocrx_word' id='word_1_694' title='bbox 325 2347 383 2375; x_wconf 72' lang='lat' dir='ltr'><strong>lota</strong></span> <span class='ocrx_word' id='word_1_695' title='bbox 402 2348 575 2382; x_wconf 89' lang='lat' dir='ltr'><strong>postmodum</strong></span> <span class='ocrx_word' id='word_1_696' title='bbox 593 2349 677 2376; x_wconf 88' lang='lat' dir='ltr'><strong>armis</strong></span> <span class='ocrx_word' id='word_1_697' title='bbox 689 2357 848 2384; x_wconf 83' lang='lat' dir='ltr'><strong>occupasse,</strong></span> <span class='ocrx_word' id='word_1_698' title='bbox 866 2349 1003 2384; x_wconf 75' lang='lat' dir='ltr'><strong>Syr-osque</strong></span> <span class='ocrx_word' id='word_1_699' title='bbox 1018 2351 1058 2377; x_wconf 90' lang='lat' dir='ltr'><strong>si-</strong></span> 
     </span>
    </p>
   </div>
   <div class='ocr_carea' id='block_1_98' title="bbox 275 2391 1058 2429">
    <p class='ocr_par' dir='ltr' id='par_1_98' title="bbox 275 2391 1058 2429">
     <span class='ocr_line' id='line_1_98' title="bbox 275 2391 1058 2429; baseline 0.004 -10"><span class='ocrx_word' id='word_1_700' title='bbox 275 2393 332 2419; x_wconf 74' lang='lat' dir='ltr'><strong>mul</strong></span> <span class='ocrx_word' id='word_1_701' title='bbox 344 2401 376 2420; x_wconf 87' lang='lat' dir='ltr'><strong>ac</strong></span> <span class='ocrx_word' id='word_1_702' title='bbox 387 2391 532 2421; x_wconf 70' lang='lat' dir='ltr'><strong>Phoenices</strong></span> <span class='ocrx_word' id='word_1_703' title='bbox 552 2394 609 2421; x_wconf 88' lang='lat' dir='ltr'><strong>suis</strong></span> <span class='ocrx_word' id='word_1_704' title='bbox 624 2394 650 2420; x_wconf 93' lang='lat' dir='ltr'><strong>in</strong></span> <span class='ocrx_word' id='word_1_705' title='bbox 665 2394 808 2427; x_wconf 87' lang='lat' dir='ltr'><strong>penatibus</strong></span> <span class='ocrx_word' id='word_1_706' title='bbox 823 2393 945 2428; x_wconf 86' lang='lat' dir='ltr'><strong>focisque</strong></span> <span class='ocrx_word' id='word_1_707' title='bbox 963 2395 1058 2429; x_wconf 85' lang='lat' dir='ltr'><strong>patriis</strong></span> 
     </span>
    </p>
   </div>
   <div class='ocr_carea' id='block_1_99' title="bbox 276 2437 1056 2475">
    <p class='ocr_par' dir='ltr' id='par_1_99' title="bbox 276 2437 1056 2475">
     <span class='ocr_line' id='line_1_99' title="bbox 276 2437 1056 2475; baseline 0.004 -11"><span class='ocrx_word' id='word_1_708' title='bbox 276 2437 437 2467; x_wconf 87' lang='lat' dir='ltr'><strong>dimicantes</strong></span> <span class='ocrx_word' id='word_1_709' title='bbox 454 2439 613 2475; x_wconf 75' lang='lat' dir='ltr'><strong>subegisse?</strong></span> <span class='ocrx_word' id='word_1_710' title='bbox 625 2440 665 2466; x_wconf 83' lang='lat' dir='ltr'><strong>An</strong></span> <span class='ocrx_word' id='word_1_711' title='bbox 693 2440 814 2467; x_wconf 85' lang='lat' dir='ltr'><strong>imbelles</strong></span> <span class='ocrx_word' id='word_1_712' title='bbox 825 2440 917 2474; x_wconf 86' lang='lat' dir='ltr'><strong>potius</strong></span> <span class='ocrx_word' id='word_1_713' title='bbox 927 2444 953 2467; x_wconf 89' lang='lat' dir='ltr'><strong>et</strong></span> <span class='ocrx_word' id='word_1_714' title='bbox 967 2441 1056 2475; x_wconf 79' lang='lat' dir='ltr'><strong>ignavi</strong></span> 
     </span>
    </p>
   </div>
   <div class='ocr_carea' id='block_1_100' title="bbox 277 2485 1058 2520">
    <p class='ocr_par' dir='ltr' id='par_1_100' title="bbox 277 2485 1058 2520">
     <span class='ocr_line' id='line_1_100' title="bbox 277 2485 1058 2520; baseline 0.003 -10"><span class='ocrx_word' id='word_1_715' title='bbox 277 2491 338 2510; x_wconf 89' lang='lat' dir='ltr'><strong>cum</strong></span> <span class='ocrx_word' id='word_1_716' title='bbox 355 2489 457 2518; x_wconf 87' lang='lat' dir='ltr'><strong>essent,</strong></span> <span class='ocrx_word' id='word_1_717' title='bbox 483 2485 605 2520; x_wconf 88' lang='lat' dir='ltr'><strong>adeoque</strong></span> <span class='ocrx_word' id='word_1_718' title='bbox 621 2485 788 2520; x_wconf 88' lang='lat' dir='ltr'><strong>paucissimi,</strong></span> <span class='ocrx_word' id='word_1_719' title='bbox 799 2490 826 2513; x_wconf 87' lang='lat' dir='ltr'><strong>et</strong></span> <span class='ocrx_word' id='word_1_720' title='bbox 843 2493 858 2512; x_wconf 91' lang='lat' dir='ltr'><strong>a</strong></span> <span class='ocrx_word' id='word_1_721' title='bbox 871 2486 952 2514; x_wconf 81' lang='lat' dir='ltr'><strong>rebus</strong></span> <span class='ocrx_word' id='word_1_722' title='bbox 968 2486 1058 2513; x_wconf 88' lang='lat' dir='ltr'><strong>omni-</strong></span> 
     </span>
    </p>
   </div>
   <div class='ocr_carea' id='block_1_101' title="bbox 276 2528 1056 2566">
    <p class='ocr_par' dir='ltr' id='par_1_101' title="bbox 276 2528 1056 2566">
     <span class='ocr_line' id='line_1_101' title="bbox 276 2528 1056 2566; baseline 0.003 -10"><span class='ocrx_word' id='word_1_723' title='bbox 276 2528 328 2556; x_wconf 76' lang='lat' dir='ltr'><strong>bus</strong></span> <span class='ocrx_word' id='word_1_724' title='bbox 347 2529 416 2557; x_wconf 86' lang='lat' dir='ltr'><strong>bello</strong></span> <span class='ocrx_word' id='word_1_725' title='bbox 426 2531 542 2565; x_wconf 79' lang='lat' dir='ltr'><strong>gerendo</strong></span> <span class='ocrx_word' id='word_1_726' title='bbox 560 2531 719 2558; x_wconf 84' lang='lat' dir='ltr'><strong>necessariis</strong></span> <span class='ocrx_word' id='word_1_727' title='bbox 738 2531 877 2566; x_wconf 82' lang='lat' dir='ltr'><strong>imparati,</strong></span> <span class='ocrx_word' id='word_1_728' title='bbox 894 2532 954 2559; x_wconf 87' lang='lat' dir='ltr'><strong>aliis</strong></span> <span class='ocrx_word' id='word_1_729' title='bbox 967 2538 1056 2559; x_wconf 91' lang='lat' dir='ltr'><strong>tamen</strong></span> 
     </span>
    </p>
   </div>
   <div class='ocr_carea' id='block_1_102' title="bbox 275 2574 1057 2612">
    <p class='ocr_par' dir='ltr' id='par_1_102' title="bbox 275 2574 1057 2612">
     <span class='ocr_line' id='line_1_102' title="bbox 275 2574 1057 2612; baseline 0.008 -13"><span class='ocrx_word' id='word_1_730' title='bbox 275 2577 302 2600; x_wconf 91' lang='lat' dir='ltr'><strong>et</strong></span> <span class='ocrx_word' id='word_1_731' title='bbox 311 2574 427 2609; x_wconf 86' lang='lat' dir='ltr'><strong>aliquem</strong></span> <span class='ocrx_word' id='word_1_732' title='bbox 437 2583 499 2611; x_wconf 81' lang='lat' dir='ltr'><strong>erga</strong></span> <span class='ocrx_word' id='word_1_733' title='bbox 509 2585 538 2605; x_wconf 87' lang='lat' dir='ltr'><strong>se</strong></span> <span class='ocrx_word' id='word_1_734' title='bbox 549 2578 732 2605; x_wconf 84' lang='lat' dir='ltr'><strong>venerationis</strong></span> <span class='ocrx_word' id='word_1_735' title='bbox 746 2585 854 2605; x_wconf 86' lang='lat' dir='ltr'><strong>sensum</strong></span> <span class='ocrx_word' id='word_1_736' title='bbox 866 2577 1057 2612; x_wconf 80' lang='lat' dir='ltr'><strong>injecisse,eta</strong></span> 
     </span>
    </p>
   </div>
   <div class='ocr_carea' id='block_1_103' title="bbox 275 2619 1055 2658">
    <p class='ocr_par' dir='ltr' id='par_1_103' title="bbox 275 2619 1055 2658">
     <span class='ocr_line' id='line_1_103' title="bbox 275 2619 1055 2658; baseline 0.008 -13"><span class='ocrx_word' id='word_1_737' title='bbox 275 2619 430 2648; x_wconf 85' lang='lat' dir='ltr'><strong>volentibus</strong></span> <span class='ocrx_word' id='word_1_738' title='bbox 445 2622 570 2657; x_wconf 85' lang='lat' dir='ltr'><strong>ultroque</strong></span> <span class='ocrx_word' id='word_1_739' title='bbox 578 2623 736 2651; x_wconf 85' lang='lat' dir='ltr'><strong>cedentibus</strong></span> <span class='ocrx_word' id='word_1_740' title='bbox 749 2624 885 2658; x_wconf 74' lang='lat' dir='ltr'><strong>regionem</strong></span> <span class='ocrx_word' id='word_1_741' title='bbox 895 2624 1033 2658; x_wconf 80' lang='lat' dir='ltr'><strong>accepisse</strong></span> <span class='ocrx_word' id='word_1_742' title='bbox 1048 2633 1055 2651; x_wconf 86' lang='lat'><strong>:</strong></span> 
     </span>
    </p>
   </div>
   <div class='ocr_carea' id='block_1_104' title="bbox 276 2665 1057 2702">
    <p class='ocr_par' dir='ltr' id='par_1_104' title="bbox 276 2665 1057 2702">
     <span class='ocr_line' id='line_1_104' title="bbox 276 2665 1057 2702; baseline 0.008 -12"><span class='ocrx_word' id='word_1_743' title='bbox 276 2668 332 2690; x_wconf 92' lang='lat' dir='ltr'><strong>tum</strong></span> <span class='ocrx_word' id='word_1_744' title='bbox 344 2665 452 2692; x_wconf 89' lang='lat' dir='ltr'><strong>eosdem</strong></span> <span class='ocrx_word' id='word_1_745' title='bbox 468 2667 547 2700; x_wconf 90' lang='lat' dir='ltr'><strong>paulo</strong></span> <span class='ocrx_word' id='word_1_746' title='bbox 558 2674 618 2702; x_wconf 88' lang='lat' dir='ltr'><strong>post</strong></span> <span class='ocrx_word' id='word_1_747' title='bbox 630 2668 780 2696; x_wconf 71' lang='lat' dir='ltr'><strong>aediﬁcasse</strong></span> <span class='ocrx_word' id='word_1_748' title='bbox 788 2669 928 2702; x_wconf 89' lang='lat' dir='ltr'><strong>templum,</strong></span> <span class='ocrx_word' id='word_1_749' title='bbox 936 2676 967 2696; x_wconf 90' lang='lat' dir='ltr'><strong>ac</strong></span> <span class='ocrx_word' id='word_1_750' title='bbox 979 2673 1057 2696; x_wconf 61' lang='lat' dir='ltr'><strong>caete-</strong></span> 
     </span>
    </p>
   </div>
   <div class='ocr_carea' id='block_1_105' title="bbox 274 2708 1055 2747">
    <p class='ocr_par' dir='ltr' id='par_1_105' title="bbox 274 2708 1055 2747">
     <span class='ocr_line' id='line_1_105' title="bbox 274 2708 1055 2747; baseline 0.012 -16"><span class='ocrx_word' id='word_1_751' title='bbox 274 2714 304 2732; x_wconf 84' lang='lat' dir='ltr'><strong>ra</strong></span> <span class='ocrx_word' id='word_1_752' title='bbox 315 2714 375 2740; x_wconf 70' lang='lat' dir='ltr'><strong>quae</strong></span> <span class='ocrx_word' id='word_1_753' title='bbox 383 2708 415 2734; x_wconf 91' lang='lat' dir='ltr'><strong>ad</strong></span> <span class='ocrx_word' id='word_1_754' title='bbox 423 2708 548 2742; x_wconf 85' lang='lat' dir='ltr'><strong>pietatem</strong></span> <span class='ocrx_word' id='word_1_755' title='bbox 563 2712 774 2747; x_wconf 80' lang='lat' dir='ltr'><strong>religionemque</strong></span> <span class='ocrx_word' id='word_1_756' title='bbox 786 2717 948 2747; x_wconf 77' lang='lat' dir='ltr'><strong>spectarent,</strong></span> <span class='ocrx_word' id='word_1_757' title='bbox 957 2713 1055 2741; x_wconf 87' lang='lat' dir='ltr'><strong>consti-</strong></span> 
     </span>
    </p>
   </div>
   <div class='ocr_carea' id='block_1_106' title="bbox 276 2751 1049 2794">
    <p class='ocr_par' dir='ltr' id='par_1_106' title="bbox 276 2751 1049 2794">
     <span class='ocr_line' id='line_1_106' title="bbox 276 2751 1049 2794; baseline 0.01 -16"><span class='ocrx_word' id='word_1_758' title='bbox 276 2751 376 2779; x_wconf 76' lang='lat' dir='ltr'><strong>tuisse?</strong></span> <span class='ocrx_word' id='word_1_759' title='bbox 391 2753 471 2788; x_wconf 83' lang='lat'><strong>357</strong></span> <span class='ocrx_word' id='word_1_760' title='bbox 483 2754 550 2783; x_wconf 75' lang='lat' dir='ltr'><strong>Nam</strong></span> <span class='ocrx_word' id='word_1_761' title='bbox 568 2757 593 2784; x_wconf 87' lang='lat' dir='ltr'><strong>id</strong></span> <span class='ocrx_word' id='word_1_762' title='bbox 606 2758 714 2792; x_wconf 89' lang='lat' dir='ltr'><strong>quidem</strong></span> <span class='ocrx_word' id='word_1_763' title='bbox 728 2762 887 2792; x_wconf 79' lang='lat' dir='ltr'><strong>argumento</strong></span> <span class='ocrx_word' id='word_1_764' title='bbox 903 2763 954 2792; x_wconf 91' lang='lat' dir='ltr'><strong>est,</strong></span> <span class='ocrx_word' id='word_1_765' title='bbox 967 2766 1049 2794; x_wconf 86' lang='lat' dir='ltr'><strong>quam</strong></span> 
     </span>
    </p>
   </div>
   <div class='ocr_carea' id='block_1_107' title="bbox 311 2800 502 2834">
    <p class='ocr_par' dir='ltr' id='par_1_107' title="bbox 311 2800 502 2834">
     <span class='ocr_line' id='line_1_107' title="bbox 311 2800 502 2834; baseline 0.016 -9"><span class='ocrx_word' id='word_1_766' title='bbox 311 2803 326 2817; x_wconf 74' lang='grc'><strong>⁸</strong></span> <span class='ocrx_word' id='word_1_767' title='bbox 346 2807 402 2832; x_wconf 67' lang='lat'><strong>710.,</strong></span> <span class='ocrx_word' id='word_1_768' title='bbox 425 2800 442 2834; x_wconf 87' lang='grc' dir='ltr'><strong>ἠ</strong></span> <span class='ocrx_word' id='word_1_769' title='bbox 462 2800 502 2828; x_wconf 83' lang='grc' dir='ltr'><strong>τό.</strong></span> 
     </span>
    </p>
   </div>
   <div class='ocr_carea' id='block_1_108' title="bbox 1111 2300 1893 2338">
    <p class='ocr_par' dir='ltr' id='par_1_108' title="bbox 1111 2300 1893 2338">
     <span class='ocr_line' id='line_1_108' title="bbox 1111 2300 1893 2338; baseline -0.005 -8"><span class='ocrx_word' id='word_1_770' title='bbox 1111 2304 1132 2330; x_wconf 80' lang='grc' dir='ltr'>δ’</span> <span class='ocrx_word' id='word_1_771' title='bbox 1147 2302 1193 2331; x_wconf 80' lang='grc' dir='ltr'>οὖν</span> <span class='ocrx_word' id='word_1_772' title='bbox 1214 2304 1340 2335; x_wconf 78' lang='grc' dir='ltr'>αἰδέσεως</span> <span class='ocrx_word' id='word_1_773' title='bbox 1370 2303 1417 2330; x_wconf 82' lang='grc' dir='ltr'>καὶ</span> <span class='ocrx_word' id='word_1_774' title='bbox 1442 2303 1521 2338; x_wconf 78' lang='grc' dir='ltr'>τιμῆς</span> <span class='ocrx_word' id='word_1_775' title='bbox 1548 2302 1733 2336; x_wconf 80' lang='grc' dir='ltr'>τυγχάνοντες,</span> <span class='ocrx_word' id='word_1_776' title='bbox 1761 2300 1819 2332; x_wconf 86' lang='grc' dir='ltr'><strong>πῶς</strong></span> <span class='ocrx_word' id='word_1_777' title='bbox 1843 2301 1893 2335; x_wconf 76' lang='grc' dir='ltr'><strong>οὐχ</strong></span> 
     </span>
    </p>
   </div>
   <div class='ocr_carea' id='block_1_109' title="bbox 1113 2345 1893 2385">
    <p class='ocr_par' dir='ltr' id='par_1_109' title="bbox 1113 2345 1893 2385">
     <span class='ocr_line' id='line_1_109' title="bbox 1113 2345 1893 2385; baseline -0.005 -9"><span class='ocrx_word' id='word_1_778' title='bbox 1113 2349 1292 2385; x_wconf 78' lang='grc' dir='ltr'>ὑπερϐάλλειν</span> <span class='ocrx_word' id='word_1_779' title='bbox 1307 2349 1417 2384; x_wconf 82' lang='grc' dir='ltr'>εὐτυχίᾳ</span> <span class='ocrx_word' id='word_1_780' title='bbox 1426 2349 1487 2379; x_wconf 73' lang='grc' dir='ltr'>τοὺς</span> <span class='ocrx_word' id='word_1_781' title='bbox 1503 2346 1598 2379; x_wconf 61' lang='grc' dir='ltr'>ἄλλους</span> <span class='ocrx_word' id='word_1_782' title='bbox 1609 2347 1764 2382; x_wconf 47' lang='grc' dir='ltr'>φαίνοντας</span> <span class='ocrx_word' id='word_1_783' title='bbox 1783 2346 1849 2373; x_wconf 85' lang='grc' dir='ltr'>Τίνα</span> <span class='ocrx_word' id='word_1_784' title='bbox 1863 2345 1893 2372; x_wconf 68' lang='grc' dir='ltr'><strong>δὲ</strong></span> 
     </span>
    </p>
   </div>
   <div class='ocr_carea' id='block_1_110' title="bbox 1110 2392 1892 2430">
    <p class='ocr_par' dir='ltr' id='par_1_110' title="bbox 1110 2392 1892 2430">
     <span class='ocr_line' id='line_1_110' title="bbox 1110 2392 1892 2430; baseline -0.004 -9"><span class='ocrx_word' id='word_1_785' title='bbox 1110 2394 1145 2422; x_wconf 76' lang='grc' dir='ltr'><strong>τὰ</strong></span> <span class='ocrx_word' id='word_1_786' title='bbox 1161 2395 1274 2430; x_wconf 82' lang='grc' dir='ltr'>δεύτερα</span> <span class='ocrx_word' id='word_1_787' title='bbox 1289 2394 1396 2430; x_wconf 74' lang='grc' dir='ltr'>ἑφεξῆς,</span> <span class='ocrx_word' id='word_1_788' title='bbox 1413 2394 1430 2430; x_wconf 87' lang='grc' dir='ltr'>ἢ</span> <span class='ocrx_word' id='word_1_789' title='bbox 1446 2393 1479 2420; x_wconf 79' lang='grc' dir='ltr'><strong>τὰ</strong></span> <span class='ocrx_word' id='word_1_790' title='bbox 1507 2393 1583 2429; x_wconf 86' lang='grc' dir='ltr'>τρίτα</span> <span class='ocrx_word' id='word_1_791' title='bbox 1600 2393 1667 2429; x_wconf 82' lang='grc' dir='ltr'>πρὸς</span> <span class='ocrx_word' id='word_1_792' title='bbox 1681 2393 1783 2424; x_wconf 76' lang='grc' dir='ltr'>τούτοις</span> <span class='ocrx_word' id='word_1_793' title='bbox 1806 2392 1892 2426; x_wconf 79' lang='grc' dir='ltr'>λέγω·</span> 
     </span>
    </p>
   </div>
   <div class='ocr_carea' id='block_1_111' title="bbox 1112 2438 1893 2476">
    <p class='ocr_par' dir='ltr' id='par_1_111' title="bbox 1112 2438 1893 2476">
     <span class='ocr_line' id='line_1_111' title="bbox 1112 2438 1893 2476; baseline -0.005 -9"><span class='ocrx_word' id='word_1_794' title='bbox 1112 2449 1180 2475; x_wconf 84' lang='grc' dir='ltr'>μεν;</span> <span class='ocrx_word' id='word_1_795' title='bbox 1196 2441 1312 2476; x_wconf 77' lang='grc' dir='ltr'>Πότερον</span> <span class='ocrx_word' id='word_1_796' title='bbox 1324 2441 1354 2466; x_wconf 77' lang='grc' dir='ltr'>τὸ</span> <span class='ocrx_word' id='word_1_797' title='bbox 1367 2441 1415 2476; x_wconf 86' lang='grc' dir='ltr'>τῆς</span> <span class='ocrx_word' id='word_1_798' title='bbox 1442 2440 1567 2474; x_wconf 80' lang='grc' dir='ltr'>εὐνομίας</span> <span class='ocrx_word' id='word_1_799' title='bbox 1596 2440 1643 2466; x_wconf 74' lang='grc' dir='ltr'><strong>καὶ</strong></span> <span class='ocrx_word' id='word_1_800' title='bbox 1671 2438 1823 2469; x_wconf 80' lang='grc' dir='ltr'>εὐπειθείας</span> <span class='ocrx_word' id='word_1_801' title='bbox 1844 2438 1893 2464; x_wconf 73' lang='grc' dir='ltr'>αὐ-</span> 
     </span>
    </p>
   </div>
   <div class='ocr_carea' id='block_1_112' title="bbox 1110 2484 1891 2522">
    <p class='ocr_par' dir='ltr' id='par_1_112' title="bbox 1110 2484 1891 2522">
     <span class='ocr_line' id='line_1_112' title="bbox 1110 2484 1891 2522; baseline -0.003 -10"><span class='ocrx_word' id='word_1_802' title='bbox 1110 2485 1174 2517; x_wconf 88' lang='grc' dir='ltr'>τῶν,</span> <span class='ocrx_word' id='word_1_803' title='bbox 1191 2486 1207 2522; x_wconf 80' lang='grc' dir='ltr'><strong>ἢ</strong></span> <span class='ocrx_word' id='word_1_804' title='bbox 1220 2486 1269 2521; x_wconf 85' lang='grc' dir='ltr'>τῆς</span> <span class='ocrx_word' id='word_1_805' title='bbox 1280 2486 1416 2521; x_wconf 85' lang='grc' dir='ltr'>ὁσιότητος</span> <span class='ocrx_word' id='word_1_806' title='bbox 1431 2485 1476 2512; x_wconf 83' lang='grc' dir='ltr'>καὶ</span> <span class='ocrx_word' id='word_1_807' title='bbox 1487 2484 1657 2521; x_wconf 83' lang='grc' dir='ltr'>δικαιοσύνης</span> <span class='ocrx_word' id='word_1_808' title='bbox 1675 2485 1721 2512; x_wconf 74' lang='grc' dir='ltr'>καὶ</span> <span class='ocrx_word' id='word_1_809' title='bbox 1734 2484 1891 2517; x_wconf 69' lang='grc' dir='ltr'>εὐσεϐείαςς</span> 
     </span>
    </p>
   </div>
   <div class='ocr_carea' id='block_1_113' title="bbox 1117 2529 1892 2567">
    <p class='ocr_par' dir='ltr' id='par_1_113' title="bbox 1117 2529 1892 2567">
     <span class='ocr_line' id='line_1_113' title="bbox 1117 2529 1892 2567; baseline -0.003 -9"><span class='ocrx_word' id='word_1_810' title='bbox 1117 2532 1195 2558; x_wconf 75' lang='grc' dir='ltr'>Ἀλλὰ</span> <span class='ocrx_word' id='word_1_811' title='bbox 1212 2533 1257 2558; x_wconf 84' lang='grc' dir='ltr'>τὸν</span> <span class='ocrx_word' id='word_1_812' title='bbox 1277 2533 1324 2567; x_wconf 81' lang='grc' dir='ltr'>μὲν</span> <span class='ocrx_word' id='word_1_813' title='bbox 1341 2532 1423 2567; x_wconf 81' lang='grc' dir='ltr'>ἄνδρα</span> <span class='ocrx_word' id='word_1_814' title='bbox 1440 2533 1552 2563; x_wconf 75' lang='grc' dir='ltr'>ἐκεῖνον,</span> <span class='ocrx_word' id='word_1_815' title='bbox 1569 2531 1642 2563; x_wconf 85' lang='grc' dir='ltr'>ὅστις</span> <span class='ocrx_word' id='word_1_816' title='bbox 1667 2531 1731 2557; x_wconf 85' lang='grc' dir='ltr'>ποτὲ</span> <span class='ocrx_word' id='word_1_817' title='bbox 1743 2529 1787 2566; x_wconf 80' lang='grc' dir='ltr'>ἦν,</span> <span class='ocrx_word' id='word_1_818' title='bbox 1802 2531 1816 2556; x_wconf 85' lang='grc' dir='ltr'><strong>ό</strong></span> <span class='ocrx_word' id='word_1_819' title='bbox 1829 2531 1892 2562; x_wconf 75' lang='grc' dir='ltr'>τοὺς</span> 
     </span>
    </p>
   </div>
   <div class='ocr_carea' id='block_1_114' title="bbox 1110 2577 1891 2614">
    <p class='ocr_par' dir='ltr' id='par_1_114' title="bbox 1110 2577 1891 2614">
     <span class='ocr_line' id='line_1_114' title="bbox 1110 2577 1891 2614; baseline -0.004 -9"><span class='ocrx_word' id='word_1_820' title='bbox 1110 2580 1209 2614; x_wconf 83' lang='grc' dir='ltr'>νόμους</span> <span class='ocrx_word' id='word_1_821' title='bbox 1221 2579 1312 2610; x_wconf 84' lang='grc' dir='ltr'>αὐτοῖς</span> <span class='ocrx_word' id='word_1_822' title='bbox 1327 2578 1393 2610; x_wconf 71' lang='grc' dir='ltr'>θεὶς,</span> <span class='ocrx_word' id='word_1_823' title='bbox 1411 2578 1482 2604; x_wconf 77' lang='grc' dir='ltr'>οὓτω</span> <span class='ocrx_word' id='word_1_824' title='bbox 1510 2577 1610 2613; x_wconf 82' lang='grc' dir='ltr'>σφόδρα</span> <span class='ocrx_word' id='word_1_825' title='bbox 1636 2577 1802 2612; x_wconf 81' lang='grc' dir='ltr'>ἐθαύμασαν,</span> <span class='ocrx_word' id='word_1_826' title='bbox 1828 2577 1865 2608; x_wconf 85' lang='grc' dir='ltr'><strong>ὡς</strong></span> <span class='ocrx_word' id='word_1_827' title='bbox 1877 2577 1891 2603; x_wconf 86' lang='grc' dir='ltr'>ὂ</span> 
     </span>
    </p>
   </div>
   <div class='ocr_carea' id='block_1_115' title="bbox 1109 2621 1891 2660">
    <p class='ocr_par' dir='ltr' id='par_1_115' title="bbox 1109 2621 1891 2660">
     <span class='ocr_line' id='line_1_115' title="bbox 1109 2621 1891 2660; baseline -0.001 -10"><span class='ocrx_word' id='word_1_828' title='bbox 1109 2633 1135 2651; x_wconf 85' lang='grc' dir='ltr'><strong>τι</strong></span> <span class='ocrx_word' id='word_1_829' title='bbox 1151 2625 1249 2660; x_wconf 82' lang='grc' dir='ltr'>δήποτε</span> <span class='ocrx_word' id='word_1_830' title='bbox 1265 2625 1352 2657; x_wconf 80' lang='grc' dir='ltr'>ἔδοξεν</span> <span class='ocrx_word' id='word_1_831' title='bbox 1378 2624 1484 2659; x_wconf 73' lang='grc' dir='ltr'>ἐκείνῳ,</span> <span class='ocrx_word' id='word_1_832' title='bbox 1510 2624 1556 2651; x_wconf 78' lang='grc' dir='ltr'>καὶ</span> <span class='ocrx_word' id='word_1_833' title='bbox 1572 2624 1671 2655; x_wconf 83' lang='grc' dir='ltr'>αὐτοῖς.</span> <span class='ocrx_word' id='word_1_834' title='bbox 1687 2623 1748 2650; x_wconf 80' lang='grc' dir='ltr'>Εἴτε</span> <span class='ocrx_word' id='word_1_835' title='bbox 1759 2621 1806 2649; x_wconf 85' lang='grc' dir='ltr'>οὖν</span> <span class='ocrx_word' id='word_1_836' title='bbox 1819 2623 1891 2649; x_wconf 83' lang='grc' dir='ltr'>λελο-</span> 
     </span>
    </p>
   </div>
   <div class='ocr_carea' id='block_1_116' title="bbox 1109 2669 1890 2706">
    <p class='ocr_par' dir='ltr' id='par_1_116' title="bbox 1109 2669 1890 2706">
     <span class='ocr_line' id='line_1_116' title="bbox 1109 2669 1890 2706; baseline -0.001 -10"><span class='ocrx_word' id='word_1_837' title='bbox 1109 2671 1238 2706; x_wconf 81' lang='grc' dir='ltr'>γισμένος</span> <span class='ocrx_word' id='word_1_838' title='bbox 1253 2671 1342 2702; x_wconf 78' lang='grc' dir='ltr'>αὐτὸς,</span> <span class='ocrx_word' id='word_1_839' title='bbox 1357 2670 1410 2696; x_wconf 81' lang='grc' dir='ltr'>εἴτε</span> <span class='ocrx_word' id='word_1_840' title='bbox 1423 2670 1527 2697; x_wconf 85' lang='grc' dir='ltr'>ἀκούων</span> <span class='ocrx_word' id='word_1_841' title='bbox 1550 2670 1625 2705; x_wconf 77' lang='grc' dir='ltr'>παρὰ</span> <span class='ocrx_word' id='word_1_842' title='bbox 1637 2669 1762 2704; x_wconf 87' lang='grc' dir='ltr'>δαίμονος</span> <span class='ocrx_word' id='word_1_843' title='bbox 1776 2669 1890 2703; x_wconf 66' lang='grc' dir='ltr'>ἔφρασε,</span> 
     </span>
    </p>
   </div>
   <div class='ocr_carea' id='block_1_117' title="bbox 1108 2715 1890 2750">
    <p class='ocr_par' dir='ltr' id='par_1_117' title="bbox 1108 2715 1890 2750">
     <span class='ocr_line' id='line_1_117' title="bbox 1108 2715 1890 2750; baseline -0.001 -8"><span class='ocrx_word' id='word_1_844' title='bbox 1108 2716 1185 2743; x_wconf 80' lang='grc' dir='ltr'>τοῦτο</span> <span class='ocrx_word' id='word_1_845' title='bbox 1202 2717 1273 2743; x_wconf 76' lang='grc' dir='ltr'>ἅπαν</span> <span class='ocrx_word' id='word_1_846' title='bbox 1285 2718 1323 2749; x_wconf 85' lang='grc' dir='ltr'><strong>είς</strong></span> <span class='ocrx_word' id='word_1_847' title='bbox 1335 2717 1379 2743; x_wconf 82' lang='grc' dir='ltr'>τὸν</span> <span class='ocrx_word' id='word_1_848' title='bbox 1396 2716 1460 2743; x_wconf 83' lang='grc' dir='ltr'>Θεὸν</span> <span class='ocrx_word' id='word_1_849' title='bbox 1475 2716 1594 2750; x_wconf 80' lang='grc' dir='ltr'>ἀνάγειν,</span> <span class='ocrx_word' id='word_1_850' title='bbox 1615 2716 1660 2742; x_wconf 75' lang='grc' dir='ltr'>καὶ</span> <span class='ocrx_word' id='word_1_851' title='bbox 1679 2715 1806 2742; x_wconf 84' lang='grc' dir='ltr'>πλειόνων</span> <span class='ocrx_word' id='word_1_852' title='bbox 1823 2715 1890 2741; x_wconf 75' lang='grc' dir='ltr'>ἑτῶν</span> 
     </span>
    </p>
   </div>
   <div class='ocr_carea' id='block_1_118' title="bbox 1101 2761 1889 2798">
    <p class='ocr_par' dir='ltr' id='par_1_118' title="bbox 1101 2761 1889 2798">
     <span class='ocr_line' id='line_1_118' title="bbox 1101 2761 1889 2798; baseline -0.001 -10"><span class='ocrx_word' id='word_1_853' title='bbox 1101 2761 1301 2796; x_wconf 75' lang='grc' dir='ltr'>διελτλυοότων,</span> <span class='ocrx_word' id='word_1_854' title='bbox 1313 2769 1327 2783; x_wconf 86' lang='grc' dir='ltr'>ι</span> <span class='ocrx_word' id='word_1_855' title='bbox 1339 2763 1370 2790; x_wconf 77' lang='grc' dir='ltr'>τὸ</span> <span class='ocrx_word' id='word_1_856' title='bbox 1383 2762 1431 2798; x_wconf 85' lang='grc' dir='ltr'>μὲν</span> <span class='ocrx_word' id='word_1_857' title='bbox 1438 2762 1559 2797; x_wconf 75' lang='grc' dir='ltr'>ἀκριϐὲς,</span> <span class='ocrx_word' id='word_1_858' title='bbox 1569 2762 1617 2788; x_wconf 81' lang='grc' dir='ltr'><strong>οὐκ</strong></span> <span class='ocrx_word' id='word_1_859' title='bbox 1629 2761 1681 2797; x_wconf 72' lang='grc' dir='ltr'><strong>ἔχω</strong></span> <span class='ocrx_word' id='word_1_860' title='bbox 1695 2762 1782 2796; x_wconf 80' lang='grc' dir='ltr'>λέγειν</span> <span class='ocrx_word' id='word_1_861' title='bbox 1792 2761 1889 2794; x_wconf 79' lang='grc' dir='ltr'>ὁπόσα,</span> 
     </span>
    </p>
   </div>
   <div class='ocr_carea' id='block_1_119' title="bbox 311 2842 1065 2888">
    <p class='ocr_par' dir='ltr' id='par_1_119' title="bbox 311 2842 1065 2888">
     <span class='ocr_line' id='line_1_119' title="bbox 311 2842 1065 2888; baseline 0.009 -17"><span class='ocrx_word' id='word_1_862' title='bbox 311 2842 544 2888; x_wconf 69' lang='grc' dir='ltr'><strong>(5ι“5μίὺ;ιεί()εῑςἶ</strong></span> <span class='ocrx_word' id='word_1_863' title='bbox 581 2851 619 2874; x_wconf 89' lang='lat' dir='ltr'><strong>tta</strong></span> <span class='ocrx_word' id='word_1_864' title='bbox 641 2855 820 2888; x_wconf 62' lang='lat' dir='ltr'><strong>corruimus,</strong></span> <span class='ocrx_word' id='word_1_865' title='bbox 851 2857 912 2876; x_wconf 88' lang='lat' dir='ltr'><strong>cum</strong></span> <span class='ocrx_word' id='word_1_866' title='bbox 941 2855 1004 2878; x_wconf 86' lang='lat' dir='ltr'><strong>ante</strong></span> <span class='ocrx_word' id='word_1_867' title='bbox 1037 2849 1065 2882; x_wconf 54' lang='lat' dir='ltr'><strong>le:</strong></span> 
     </span>
    </p>
   </div>
   <div class='ocr_carea' id='block_1_120' title="bbox 1117 2842 1887 2888">
    <p class='ocr_par' dir='ltr' id='par_1_120' title="bbox 1117 2853 1887 2888">
     <span class='ocr_line' id='line_1_120' title="bbox 1117 2853 1887 2888; baseline 0 -10"><span class='ocrx_word' id='word_1_868' title='bbox 1117 2855 1170 2878; x_wconf 74' lang='lat' dir='ltr'><strong>:tur</strong></span> <span class='ocrx_word' id='word_1_869' title='bbox 1197 2853 1342 2887; x_wconf 81' lang='grc' dir='ltr'>ευπειθεῑν,</span> <span class='ocrx_word' id='word_1_870' title='bbox 1365 2853 1443 2888; x_wconf 79' lang='lat' dir='ltr'><strong>cujus</strong></span> <span class='ocrx_word' id='word_1_871' title='bbox 1468 2853 1591 2882; x_wconf 85' lang='lat' dir='ltr'><strong>lectionis</strong></span> <span class='ocrx_word' id='word_1_872' title='bbox 1617 2853 1643 2880; x_wconf 93' lang='lat' dir='ltr'><strong>in</strong></span> <span class='ocrx_word' id='word_1_873' title='bbox 1678 2853 1723 2880; x_wconf 89' lang='lat' dir='ltr'><strong>alt.</strong></span> <span class='ocrx_word' id='word_1_874' title='bbox 1749 2859 1887 2879; x_wconf 84' lang='lat' dir='ltr'><strong>manuscr.</strong></span> 
     </span>
    </p>
   </div>
   <div class='ocr_carea' id='block_1_121' title="bbox 274 2881 911 2918">
    <p class='ocr_par' dir='ltr' id='par_1_121' title="bbox 274 2881 911 2918">
     <span class='ocr_line' id='line_1_121' title="bbox 274 2881 911 2918; baseline 0.014 -15"><span class='ocrx_word' id='word_1_875' title='bbox 274 2882 328 2905; x_wconf 81' lang='lat' dir='ltr'><strong>nou</strong></span> <span class='ocrx_word' id='word_1_876' title='bbox 342 2881 486 2908; x_wconf 86' lang='lat' dir='ltr'><strong>obscurum</strong></span> <span class='ocrx_word' id='word_1_877' title='bbox 502 2882 590 2910; x_wconf 89' lang='lat' dir='ltr'><strong>adhuc</strong></span> <span class='ocrx_word' id='word_1_878' title='bbox 607 2883 747 2918; x_wconf 57' lang='lat' dir='ltr'><strong>vestigium</strong></span> <span class='ocrx_word' id='word_1_879' title='bbox 762 2889 911 2918; x_wconf 80' lang='lat' dir='ltr'><strong>supererat.</strong></span> 
     </span>
    </p>
   </div>
  </div>
