2070 3206
159 173 208 202 σοι

722 175 880 204 ΡΒΛΈΡΑΠ.
901 177 1026 206 EVANG.
1047 178 1111 205 LIB.
1131 178 1196 206 Vill.

1721 180 1775 206 cna

160 231 232 258 πλέω
249 230 273 256 δ’
289 227 336 257 οὖν
351 230 368 266 ἥ
384 231 500 267 δισχίλια
529 231 587 268 ἔτη,
604 232 640 269 μὴ
651 239 665 254 ι
683 234 757 270 ῥῆμά
771 243 803 269 γε
816 235 914 267 αὐτοὺς
929 236 938 255 ὶ

995 242 1095 264 certam
1116 238 1154 265 vel
1174 238 1244 273 apud
1268 239 1359 266 hostes
1376 239 1461 266 divini
1481 247 1545 274 erga
1558 246 1587 266 se
1601 239 1702 266 amoris
1714 239 1773 273 opi-

161 277 239 313 μόνον
269 276 324 303 τῶν
350 276 486 304 ὑπἀὐτοῦ
513 280 712 314 γεγραμμένων
739 282 857 316 κινῆσαι,
878 282 946 309 ἀλλὰ

160 323 210 350 κᾶν
225 322 356 358 μυριάκις
372 323 468 355 αὐτοὺς
481 324 626 352 ἀποθανεῖν
649 327 791 362 ὑπομεῖναι
807 327 913 360 θᾶττον,
927 329 944 364 ἢ

158 370 214 400 τοῖς
224 369 331 395 ἐκείνου
349 368 442 404 νόμοις
466 370 512 397 καλ
534 370 622 398 ἔθεσιν
642 372 749 399 ἐναντία
774 374 942 408 πεισθῆναι.»

159 414 343 446 Ταῦτέἰπὼν,
353 415 524 450 ἐπιτέμνεται
540 417 588 453 τὴν
604 418 636 444 ὲκ
647 418 700 445 τῶν
714 419 834 451 Μωσέως
857 420 944 455 νόμων

157 460 399 496 καταϐεϐλημένην
413 461 451 496 τῷ
472 461 603 489 Ἰουδαίων
619 463 689 490 ἔθνει
714 464 862 497 πολιτείαν,
876 466 944 501 γρά-

995 283 1102 311 nionem
1129 285 1313 312 excitassent:
1338 285 1430 312 hostes
1456 285 1527 311 enim
1550 292 1597 312 eos
1624 285 1772 312 necessitas

994 330 1052 365 ipsa
1069 331 1193 362 faciebat,
1208 339 1323 366 quorum
1339 331 1389 366 ipsi
1409 332 1522 366 patriam
1548 331 1675 358 invadere
1694 331 1773 358 moli-

993 381 1098 404 rentur.
1113 376 1153 403 Ab
1168 377 1222 404 illis
1236 385 1300 413 ergo
1321 377 1343 405 si
1366 377 1547 404 observantia:
1562 381 1665 404 tantum
1683 380 1710 403 et
1723 377 1773 403 ho-

993 420 1068 447 noris
1085 420 1192 447 auferre
1208 425 1362 455 potuerunt,
1374 421 1436 456 quis
1449 428 1501 448 non
1521 421 1628 448 eosdem
1644 420 1773 448 felicitate

992 466 1104 500 reliquis
1130 466 1256 494 omnibus
1282 467 1439 501 praestitisse
1463 466 1601 493 fateatur?
1624 466 1683 493 Jam
1706 467 1772 501 quid

157 515 215 541 φων
231 506 328 538 οὓτως.
994 511 1142 538 seettndum
1158 515 1264 546 postea,
1277 512 1341 546 quid
1359 508 1467 539 tertium
1483 512 1713 539 commemorem?
1729 511 1772 539 An

157 553 341 588 integritatem
362 553 477 581 instituti
498 555 709 591 obedientizeque
743 557 944 586 constantiam?
965 559 1006 585 An
1024 566 1089 586 vero
1122 558 1309 586 sanctimonia:
1340 559 1433 591 decus,
1447 563 1474 585 et
1488 558 1620 585 illibatum
1637 558 1772 593 aequitatis

156 599 348 636 religionisque
365 601 478 629 ﬂorem?
507 603 610 638 Quippe
638 605 724 631 virum
757 606 843 638 illum,
857 606 981 641 quisquis
999 606 1106 633 demum
1124 606 1147 633 is
1161 605 1251 638 fuerit,
1270 613 1356 640 usque
1378 606 1445 633 adeo
1466 613 1621 640 suspexere,
1639 611 1669 632 ut
1692 604 1772 639 quid-

156 645 222 679 quid
247 646 300 680 ipsi
332 648 419 675 visum
440 653 492 681 est,
518 650 656 683 probarint
683 651 816 684 universi;
838 658 920 686 atque
941 651 987 684 ita,
1008 651 1065 678 sive
1090 651 1159 678 hanc
1186 651 1254 685 reip.
1281 649 1396 677 formam
1427 658 1476 676 suo
1506 650 1564 684 ipse
1592 658 1673 677 sensu
1697 649 1770 676 arbi-

156 692 266 726 trioque
282 693 463 729 descripserit,
479 694 534 722 sive
549 695 678 724 divinitus
698 696 770 723 illam
786 697 930 731 acceperit,
950 705 1008 724 eam
1041 702 1113 724 certe
1140 705 1194 724 non
1213 696 1299 730 alteri,
1316 704 1397 731 quant
1421 695 1475 723 Deo
1493 701 1629 731 acceptam
1645 696 1770 728 tulerint,

156 743 251 774 totque
265 747 398 768 annorum
416 742 502 776 spatio
528 742 641 776 (certum
677 743 802 778 equidem
836 752 978 772 numerum
997 744 1110 771 delinire
1123 752 1177 771 non
1195 751 1316 778 possum,
1334 743 1379 770 sed
1396 747 1483 770 tamen
1501 743 1616 778 amplius
1632 743 1672 771 bis
1686 743 1772 777 mille)

156 793 192 812 ne
207 794 299 814 vocem
313 787 422 822 quidem
438 796 530 821 unam,
544 789 570 816 in
587 789 620 817 iis
631 798 691 825 quas
703 791 802 825 scripta
817 791 934 826 reliquit,
955 792 1139 818 immutarint:
1158 791 1309 825 milliesqne
1323 791 1414 825 potius
1431 790 1527 822 emori,
1555 798 1636 825 quant
1666 790 1771 825 legibus

157 832 220 860 aliis
236 833 326 861 vivere
346 835 520 870 moribusque
559 837 662 863 malint.
685 847 694 862 ι
717 837 778 864 Haec
797 837 851 865 ille.
880 838 985 871 Quibus
1011 846 1117 865 summa
1150 838 1238 872 legum
1272 846 1366 864 earum
1387 837 1475 871 capita
1504 836 1652 871 subjungit,
1671 835 1771 871 quibus

156 885 234 905 suam
256 877 356 907 Iudaeis
372 881 564 915 rempublicam
583 882 690 918 Moyses
710 882 890 911 informarat:
914 883 956 911 his
975 884 1073 911 verbis.

425 938 620 964 ΚΕΦΑΛΑΙΟΝ
635 940 671 966 Ζ¹.
953 945 975 971 Β

158 993 214 1020 Τοῦ
228 993 332 1025 αὑτοῦ,
343 993 408 1027 περὶ
421 993 473 1028 τῆς
486 995 571 1056 κὶα-τὰ,
585 995 692 1023 Maloea
713 996 872 1030 θεοσεϐοῦς
886 1006 941 1025 πο-

518 1039 617 1056 ιτειαρ.

518 1039 617 1063 ιτειας.

194 1093 204 1109 t
217 1082 252 1110 Ἀ
258 1093 290 1119 ρα
305 1084 331 1110 τί
345 1083 471 1120 τοὺτωνῆ
484 1085 588 1116 τούτοις
615 1086 777 1122 προσόμοιον
792 1087 856 1123 παρ’
869 1087 940 1114 ὲκεί-

155 1138 211 1161 νοις
225 1130 293 1161 ἐστὶ,
310 1130 397 1165 πρᾷον
409 1128 477 1156 εἶναι
489 1129 561 1156 δοκεῖ
571 1136 582 1150 ε
595 1131 640 1157 καὶ
652 1131 786 1165 τιθασσὸν,
801 1134 848 1159 καὶ
858 1133 940 1159 δικῶν

155 1175 313 1209 ἑπαγωγὰς,
331 1175 377 1201 καὶ
400 1175 523 1210 σκήψεις,
551 1175 598 1202 καὶ
626 1176 766 1209 ἀναϐολὰς,
791 1177 838 1204 καὶ
859 1178 940 1214 τιμή-

156 1229 224 1253 σεις,
242 1221 289 1247 καὶ
303 1220 383 1247 πάλιν
392 1221 568 1256 ὑποτιμήσεις
591 1221 651 1256 ἕχον
667 1222 737 1257 (ὅϐ);
753 1223 846 1256 Οὐδὲν,
871 1223 939 1250 ἀλλὰ

155 1265 244 1293 πάντα
257 1265 329 1292 ἁπλᾶ
343 1265 390 1291 καὶ
403 1264 478 1296 δῆλα.
511 1265 572 1292 Ἐὰν
591 1265 782 1301 παιδεραστῇς,
806 1266 853 1293 ἐὰν
880 1275 940 1302 μοι-

155 1311 248 1346 χεύῃς,
270 1312 318 1338 ἐὰν
344 1310 423 1346 βιάσῃ
451 1311 532 1338 παῖδα
558 1311 667 1347 (ἄρρενα
699 1311 746 1347 μὲν
768 1312 834 1347 μηδὲ
855 1312 938 1348 λέγε),

155 1356 223 1383 ἀλλὰ
232 1357 282 1383 κᾶν
294 1356 412 1392 θήλειαν⁸
428 1356 526 1392 ὁμοίως
540 1357 586 1383 ἐὰν
601 1357 697 1383 σαυτὸν
724 1358 937 1395 καταπορνεύῃς,

155 1403 202 1430 ἐὰν
216 1403 263 1429 καὶ
273 1404 335 1438 παρ’
350 1402 455 1438 ἡλικίαν
481 1403 592 1438 αἰσχρόν
616 1411 642 1429 τι
670 1402 768 1439 πάθῃς,
786 1403 801 1439 ἢ
817 1403 907 1439 δοκῇς,
919 1404 938 1440 ἦ

155 1448 267 1483 μέλλῃς,
280 1448 393 1480 θάνατος
405 1449 421 1483 ἠ
435 1447 532 1483 ζημία.
552 1447 613 1474 Ἐὰν
626 1449 665 1479 εἰς
681 1447 771 1474 δοῦλον
788 1447 875 1484 σῶμα,
890 1449 938 1476 ἐὰν

154 1494 193 1525 εὶς
222 1493 362 1528 ἐλεύθερον
390 1492 514 1528 ὑϐρίζῃς,
539 1493 587 1519 ἐὰν
607 1493 715 1527 δεσμοῖς
741 1495 864 1530 συνέχῃς,
889 1494 937 1521 ἐὰν

154 1539 268 1573 ἀπάγων
283 1539 384 1574 πωλῇς,
398 1539 443 1565 ἐὰν
458 1538 567 1574 βέϐηλα,
583 1539 628 1565 ἐὰν
651 1540 709 1575 ἱερὰ
733 1536 936 1575 παρακλέπτῃς,

1286 938 1399 967 CAPUT
1424 938 1480 965 VII.

993 996 1029 1024 De
1046 997 1169 1032 religiosa
1186 997 1310 1024 Mosaica:
1327 995 1477 1031 reipublicw
1496 1003 1595 1029 turma.
1613 994 1654 1022 Ex
1669 1003 1771 1023 eoacm.

1028 1094 1036 1110 ι
1050 1083 1118 1112 Num
1135 1084 1199 1119 quid
1217 1084 1449 1118 istorum,tnqutt,
1467 1083 1615 1110 autsaltem
1637 1083 1668 1111 iis
1680 1083 1770 1116 al'line,

991 1129 1080 1156 locum
1097 1129 1167 1164 apud
1183 1137 1230 1156 eos
1252 1129 1342 1161 habet,
1359 1127 1432 1162 quod
1453 1128 1568 1162 speciem
1584 1129 1770 1156 mansuetudi-

991 1175 1034 1201 nis
1050 1182 1083 1202 ac
1103 1174 1239 1202 facilitatis
1255 1175 1373 1209 aliquam
1399 1173 1498 1200 habere
1520 1174 1656 1201 videatur:
1682 1174 1771 1201 litium

990 1221 1165 1251 intentiones,
1195 1220 1440 1255 tergiversationes,
1460 1219 1771 1254 comperendinationes,

989 1267 1106 1299 tnuletae,
1123 1266 1340 1301 mulctarumque
1361 1274 1375 1293 a
1399 1266 1453 1294 reis
1477 1266 1597 1301 quaesita:
1609 1266 1771 1305 diminutio-

989 1310 1058 1338 nes?
1073 1310 1144 1338 Nihil
1161 1311 1253 1345 plane:
1270 1315 1298 1338 at
1314 1311 1447 1346 simplicia
1461 1316 1588 1346 certaque
1619 1312 1720 1340 omnia.
1740 1311 1771 1340 Si

989 1364 1136 1392 puerorum
1162 1357 1313 1390 amoribus,
1338 1357 1361 1384 si
1386 1357 1519 1384 adulterio
1547 1358 1717 1392 peccaveris:
1745 1359 1770 1385 si

991 1402 1209 1437 puellaa(tnareut
1223 1402 1295 1428 enim
1311 1403 1362 1429 hoc
1377 1403 1403 1429 in
1417 1410 1514 1436 genere
1529 1410 1562 1429 ne
1578 1403 1694 1437 appelles
1706 1403 1769 1437 qui-

989 1448 1061 1482 dem)
1082 1454 1206 1483 stuprum
1223 1448 1366 1475 ohtuleris:
1393 1448 1416 1475 si
1440 1453 1513 1475 tuam
1536 1448 1593 1483 ipse
1611 1449 1770 1483 pudicitiam

989 1495 1154 1530 prodideris:
1177 1495 1200 1522 si
1221 1499 1317 1529 praeter
1337 1499 1442 1522 aetatem
1459 1500 1538 1530 turpe
1555 1495 1619 1530 quid
1638 1500 1686 1523 aut
1708 1504 1770 1530 per-

990 1547 1087 1574 pessus
1099 1540 1164 1571 eris,
1177 1544 1225 1566 aut
1240 1540 1379 1572 statueris,
1398 1543 1445 1566 aut
1459 1540 1568 1567 molitus
1592 1539 1693 1574 fueris;
1710 1548 1771 1568 sce-

154 1586 203 1613 ta‘tv
218 1585 328 1621 ἀσεϐῇς,
342 1586 391 1611 οὑκ
405 1584 477 1621 ἔργῳ
490 1585 579 1620 μόνον,
590 1585 658 1612 ἀλλὰ
674 1585 720 1612 καὶ
730 1586 777 1612 ἐὰν
789 1586 889 1621 ῥήματι
899 1585 937 1622 τῷ

989 1586 1032 1613 lus
1047 1590 1134 1613 morte
1149 1586 1226 1612 luito.
1246 1585 1274 1612 Si
1295 1589 1342 1612 aut
1366 1593 1456 1619 servo,
1474 1590 1520 1612 aut
1535 1585 1620 1613 libero
1641 1586 1771 1621 injuriam

154 1632 272 1666 τυχόντι,
291 1632 330 1663 εἰς
352 1632 401 1667 μὲν
414 1632 480 1658 Θεὸν
496 1631 574 1658 αὑτὸν
592 1631 686 1667 (ἵλεως
697 1633 761 1667 ἡμῖν
774 1633 788 1658 ὁ
803 1633 878 1665 Θεὸς,
892 1633 937 1660 καὶ

154 1678 240 1712 αὐτῆς
253 1677 302 1711 τῆς
328 1677 391 1713 περὶ
421 1677 522 1704 τούτων
538 1677 641 1709 ἑννοίας
665 1678 779 1712 γένοιτο,
791 1678 850 1705 οὑδὲ
861 1679 934 1711 ἄξιον

154 1722 266 1756 λέγειν),
277 1722 332 1749 ἀλλ’
349 1723 388 1754 εἰς
402 1723 506 1759 πατέρα
522 1723 537 1758 ἢ
556 1723 669 1758 μητέρα,
682 1723 697 1758 ἣ
715 1724 859 1759 εὐεργέτην
874 1733 939 1750 σαυ-

155 1768 212 1794 τοῦ·
232 1768 343 1800 θάνατος
355 1768 463 1804 ὁμοίιος,
481 1769 528 1795 καὶ
542 1766 619 1800 οὗτος
636 1769 665 1795 οὐ
682 1770 783 1801 κοινὸς,
795 1769 848 1796 οὐδ’
860 1770 874 1796 ὁ
890 1778 937 1796 τυ-

154 1813 221 1849 χὼν,
232 1813 300 1841 ἀλλὰ
309 1815 350 1841 δεῖ
362 1815 575 1850 καταλευσθῆναι
588 1815 633 1842 τὸν
641 1815 749 1842 εἰπόντα
762 1815 849 1850 μόνον,
857 1815 894 1846 ὡς
907 1816 937 1842 οὑ

154 1859 265 1896 χείρονα
277 1860 400 1892 ἀσεϐείας
415 1860 565 1897 πράξαντα.
576 1860 659 1887 Ἀλλα
669 1861 690 1887 δ’
704 1858 736 1887 αὖ
750 1860 840 1892 πάλιν,
860 1860 938 1887 ὁποῖά

154 1914 226 1932 τινα.
244 1905 264 1931 Γ
264 1907 375 1938 υναῖκας
398 1906 509 1942 ἀνδράσι
533 1906 678 1938 δουλεύειν,
692 1906 759 1942 πρὸς
773 1906 875 1942 ὕϐρεως
890 1907 937 1941 μὲν

191 1967 205 1981 ι
224 1969 282 1996 τρη
304 1961 380 1997 μηδέ.
417 1962 431 1982 1³
450 1970 509 1996 τρ.,
528 1962 603 1988 αὐτό.
642 1967 653 1980 ο
674 1970 731 1996 γρ..
750 1961 853 1987 δοκοῦν.

191 2015 248 2049 (56)
267 2016 470 2051 Ὑποτιμήσεις
488 2017 569 2051 ἕχον.
589 2017 723 2044 Solemnis
739 2025 770 2044 ea
787 2020 837 2048 est,
855 2025 937 2051 quam

155 2051 405 2086 erxpressimusLin
433 2060 461 2078 re
487 2052 587 2079 forensi
614 2052 834 2084 tnaxitne,vocis
857 2052 937 2086 hujus

156 2085 329 2120 signiﬁcatio.
345 2085 400 2113 Nec
421 2087 492 2113 aliud
514 2087 539 2113 in
561 2087 654 2113 eadem
680 2087 729 2113 fuit
746 2087 935 2121 ὑποτιμᾶσθαι,

156 2127 238 2154 quam
254 2128 340 2152 reum,
358 2126 405 2148 aut
423 2122 459 2148 I‘ti
479 2123 580 2148 amicos
598 2121 747 2155 grmiorem
769 2129 874 2155 poenam
889 2122 936 2148 de-

155 2155 273 2188 precari,
294 2160 321 2182 et
345 2164 407 2183 cum
432 2157 530 2183 leviore
552 2157 642 2190 aliqua
666 2163 828 2190 permutare.
852 2155 936 2184 Sectis

157 2193 248 2217 tamen
274 2190 362 2218 visum
385 2195 427 2218 est
450 2192 556 2218 crudito
580 2191 766 2225 Xenophontis
788 2191 935 2225 interpreti,

156 2225 204 2259 qui
219 2225 307 2261 locum
323 2226 396 2261 illum
414 2234 446 2253 ex
461 2226 567 2261 Apolug.
583 2235 629 2261 pro
647 2226 766 2256 Socrate,
783 2226 936 2261 Κελευόμε-

157 2249 203 2302 νος
227 2259 424 2302 ὑποτιμᾶσθαι,
448 2249 509 2302 οὑξε
528 2249 623 2302 eluit!
646 2262 846 2302 ὑπετιμὴσᾳτρ,
877 2249 937 2302 οἵτε-ε
953 2249 974 2276 D

157 2295 220 2326 τοὺς
238 2295 329 2328 φίλους
343 2296 442 2322 εἴασεν·
460 2296 526 2322 ἀλλὰ
541 2297 586 2324 καὶ
602 2296 703 2330 ἔλεγεν,
716 2295 796 2322 ὅτιτὸ
810 2296 939 2330 ὑποτιμᾶ-

159 2330 221 2366 σθαι
246 2330 437 2365 ὁμολογοῦντος
462 2331 503 2366 εἴη
525 2332 639 2363 ἀδικεῖν,
663 2332 700 2358 ita
720 2331 805 2358 reddit
821 2339 828 2358 :
843 2330 938 2357 Iussus

157 2365 271 2391 multum
295 2367 436 2398 exsolvere,
460 2365 538 2400 neque
563 2367 594 2392 de
609 2374 656 2393 suo
678 2375 733 2392 eam
750 2366 841 2398 solvil,
859 2374 939 2400 neque

157 2400 257 2426 amicos
273 2400 299 2426 id
314 2401 398 2434 facere
412 2409 505 2434 pasaus
517 2406 571 2431 est;
587 2402 638 2427 into
650 2402 728 2427 etiam
744 2401 854 2433 dicebat,
870 2401 938 2426 mul-

157 2438 208 2461 cto:
223 2435 381 2461 solutionem
395 2436 451 2469 ejus
468 2444 522 2462 esse
538 2436 648 2462 hominis
660 2456 666 2467 ,
680 2437 724 2470 qui
741 2444 767 2462 se
787 2435 883 2469 injuste
897 2435 937 2470 fe-

157 2469 224 2495 cisse
238 2470 316 2503 fateri
328 2471 468 2497 uideretur.
483 2470 563 2505 Atqui
573 2492 579 2501 ,
592 2471 647 2504 jam
668 2469 776 2504 capitali
791 2478 867 2505 poena
883 2478 938 2497 non

158 2505 316 2537 pecuniaria
341 2504 459 2535 muleta,
484 2504 626 2533 damnatus
647 2510 703 2532 erat
726 2504 851 2532 Socrates
869 2514 874 2531 :
889 2512 938 2532 nec

159 2538 342 2574 ὑποτιμᾶσθαι
367 2540 526 2566 solventium
559 2545 620 2572 est,
654 2540 699 2567 sed
733 2540 937 2567 :rstimantium.

158 2571 230 2606 Quid
241 2571 317 2608 quod
333 2582 365 2601 ex
390 2575 436 2602 illo
458 2574 579 2602 Socratis
598 2575 668 2602 l'acto
680 2596 687 2607 ,
710 2574 860 2609 Xenophon
874 2582 936 2608 per-

158 2609 253 2642 spicue
282 2609 396 2644 intelligi
421 2610 523 2641 voluit,
549 2618 630 2644 quam
658 2610 732 2636 nullo
759 2609 938 2644 producenda;

159 2644 221 2670 vitae
237 2644 371 2671 desiderio
388 2644 539 2671 teneretur?
554 2645 655 2672 Sensus
677 2645 757 2679 igitur
770 2649 821 2677 est,
839 2644 937 2671 Socra-

159 2682 214 2713 tem
240 2683 328 2705 morte
342 2679 509 2712 damnatum,
525 2680 596 2713 quod
619 2679 671 2706 reis
685 2679 810 2707 omnibus
827 2679 937 2713 licebat,

158 2711 287 2740 leviorem
301 2714 352 2741 sibi
368 2722 485 2748 poenam,
503 2711 567 2749 φέρε
586 2714 682 2745 εἰπεῖν,
697 2715 831 2746 exsilium,
845 2711 938 2741 carceé

158 2755 226 2780 rem,
242 2753 290 2775 aut
303 2749 487 2783 pecuniariam
506 2749 619 2776 multant
642 2750 774 2783 irrogare,
802 2749 844 2776 vel
866 2749 891 2775 id
908 2752 938 2776 ut

159 2789 206 2818 per
227 2783 332 2810 amicos
355 2783 439 2815 ﬁeret,
462 2784 516 2818 pati
540 2784 667 2811 noluisse.
687 2783 764 2818 Apud
787 2783 935 2818 Platonem,

160 2816 287 2854 δραι-διεδ
302 2818 328 2844 in
345 2816 490 2854 Apologia,
505 2819 534 2845 τὸ
549 2816 738 2854 ἀντιτιμᾶσθξιι
758 2826 819 2845 cum
839 2817 937 2854 Demo-

159 2853 255 2880 sthene
275 2857 303 2880 et
327 2853 362 2888 al.
376 2850 447 2880 'eod:
469 2861 550 2881 sensu
572 2850 689 2888 accipit:
711 2853 829 2888 Τιμᾱται
852 2852 874 2879 δ’
890 2850 936 2880 οὖν

161 2895 205 2922 μοι
218 2889 232 2914 ὁ
249 2887 317 2924 ἀνὴρ
332 2887 453 2916 θανάτου·
471 2887 525 2923 ἐγὼ
546 2889 573 2916 δὲ
587 2888 618 2924 δὴ
632 2887 705 2920 σίνος
719 2887 782 2924 ὑμῖν
796 2888 935 2923 ἀντιτιμῆ-

988 1630 1094 1663 feceris,
1113 1630 1135 1657 si
1153 1635 1200 1658 aut
1213 1631 1339 1658 habueris
1361 1630 1388 1657 in
1409 1631 1535 1661 vinculis,
1560 1631 1771 1669 aut‘abductum

987 1676 1159 1703 vendideris:
1177 1676 1200 1704 si
1222 1675 1327 1711 profani
1341 1676 1444 1703 sacrive
1458 1676 1597 1711 quidpiam
1612 1676 1683 1704 furto
1702 1684 1767 1704 sus-

988 1722 1097 1749 tuleris:
1114 1722 1136 1749 si
1161 1729 1215 1748 non
1238 1729 1318 1756 opere
1335 1722 1427 1754 modo,
1451 1721 1498 1748 sed
1515 1721 1596 1748 verbo
1618 1725 1696 1748 tenus
1715 1721 1768 1748 im-

988 1769 1030 1802 pie
1045 1767 1152 1800 l‘eeeris,
1169 1775 1222 1794 non
1238 1767 1267 1794 in
1294 1766 1379 1794 Deum
1394 1767 1502 1802 quidem
1523 1767 1610 1800 (absit
1629 1767 1721 1800 enim,
1739 1772 1769 1794 ut

989 1814 1028 1840 vel
1048 1813 1098 1840 hoc
1114 1814 1192 1841 nobis
1211 1813 1323 1840 verbum
1340 1814 1457 1846 excidat,
1476 1813 1665 1848 propitiusque
1689 1813 1769 1841 nobis

988 1860 1059 1887 Deus
1074 1860 1118 1886 ille
1133 1860 1178 1891 sit,
1192 1859 1274 1894 358
1290 1860 1389 1894 quibus
1405 1860 1430 1886 in
1450 1864 1567 1887 tuentem
1585 1860 1626 1887 vel
1645 1860 1702 1895 ipsa
1717 1860 1768 1888 hoc

987 1907 1021 1933 de
1036 1905 1151 1933 crimine
1170 1905 1298 1940 cogitatio
1312 1905 1453 1940 subierit),
1475 1905 1522 1941 sed
1544 1906 1572 1932 in
1591 1910 1694 1940 patrem
1718 1910 1765 1934 aut

989 2024 1083 2052 σομαι;
1105 2015 1157 2042 imo
1173 2024 1271 2050 smptus
1286 2016 1382 2042 deinde
1396 2017 1422 2052 τι
1441 2016 1580 2051 τιμᾶσθαι.
1605 2017 1672 2045 llinc
1686 2017 1769 2044 etiam

987 2052 1088 2078 factum
1103 2052 1219 2087 videtur,
1234 2057 1262 2077 ut
1275 2051 1455 2086 ὑποτιμᾶσθαι
1470 2052 1632 2082 dicerentur,
1648 2053 1693 2087 qui
1708 2061 1768 2079 mu-

987 2087 1059 2113 lieris
1084 2086 1201 2120 impositi
1223 2087 1392 2121 gravitatem,
1409 2091 1455 2113 aut
1472 2086 1710 2118 valetudinis,raut
1725 2095 1768 2114 sc-

987 2122 1113 2152 nectutis,
1129 2125 1176 2147 aut
1192 2121 1272 2157 simili
1288 2121 1403 2154 quadam
1419 2121 1591 2148 excusatione
1610 2122 1766 2157 deligerent,

987 2157 1063 2190 quasi
1080 2164 1200 2183 muneris
1216 2156 1294 2183 istius
1315 2156 1410 2188 vit-em,
1427 2157 1565 2190 propriutn
1588 2157 1640 2184 hoc
1661 2161 1687 2183 et
1710 2157 1768 2184 sin-

988 2191 1079 2227 gulare
1095 2190 1297 2227 incommodum
1314 2190 1476 2227 subicerent.
1493 2191 1583 2227 Quare
1599 2191 1669 2227 apud
1684 2190 1766 2227 Hesy-

989 2226 1078 2252 chium
1093 2225 1254 2261 ὑποτίμησις
1268 2226 1426 2260 explicatur,
1446 2226 1589 2261 πρόφασις.
1604 2225 1657 2253 Nec
1672 2225 1768 2261 suspe~

989 2266 1047 2288 ctus
1070 2261 1195 2294 cuiquam
1219 2269 1278 2288 esse
1302 2261 1379 2287 debet
1410 2261 1452 2287 ille
1476 2260 1609 2287 Plutarchi
1634 2260 1767 2288 locus’in

989 2295 1118 2322 Camillo:
1136 2295 1258 2331 Euvoptbv
1271 2295 1299 2321 δὲ
1317 2296 1340 2329 (ὁ
1352 2295 1497 2331 Κάμιλλος)
1513 2296 1562 2331 τὴν
1578 2297 1709 2331 ἀνάγκην,
1720 2297 1767 2322 καὶ

988 2330 1031 2356 τὸν
1045 2331 1174 2366 κίνδυνον,
1195 2330 1256 2356 οὔτε
1279 2330 1441 2366 ὑποτίμησιν
1461 2331 1554 2364 εἰπὼν,
1568 2331 1605 2362 ὡς
1625 2330 1766 2366 πρότερον,

987 2365 1047 2391 οὒτε
1073 2365 1205 2400 προφάσει
1229 2365 1414 2400 χρησάμενος,
1437 2365 1492 2392 ἀλλ’
1514 2366 1624 2392 αὐτόθεν
1646 2365 1765 2398 ὑποστὰς

986 2399 1035 2435 τὴν
1059 2399 1222 2435 στρατηγίαν
1230 2399 1305 2433 [εις.
1322 2399 1420 2432 Quinta
1436 2401 1550 2428 Camillo
1570 2401 1701 2427 dictatura
1718 2401 1765 2427 de—

988 2435 1132 2467 ferebatur,
1159 2435 1260 2462 homini
1286 2435 1341 2468 jatn
1367 2442 1449 2469 prope
1472 2435 1661 2469 octogenario;
1684 2443 1766 2469 grave

987 2469 1094 2504 quidem
1108 2477 1187 2500 onus,
1203 2470 1274 2504 quod
1290 2475 1378 2496 tamen
1392 2469 1419 2495 in
1435 2477 1542 2497 summo
1556 2471 1620 2504 reip.
1635 2470 1765 2504 periculo,

988 2505 1059 2531 nulla
1076 2505 1113 2536 is,
1132 2509 1160 2531 ut
1183 2505 1287 2531 tertiam
1310 2509 1337 2530 et
1354 2508 1476 2538 quartam
1488 2525 1495 2537 ,
1522 2506 1696 2532 excusatione
1717 2505 1765 2532 de-

987 2538 1065 2578 fugit.
1082 2539 1172 2578 itaque
1189 2539 1348 2578 ὑποτίμησιν
1362 2540 1456 2578 stridit,
1471 2544 1498 2566 et
1514 2539 1646 2578 προφάσει
1662 2540 1766 2578 χρήσα-

988 2573 1058 2606 σθαι,
1077 2574 1220 2601 admodum
1237 2573 1354 2609 gemina.
1371 2573 1446 2606 Quod
1471 2573 1571 2609 optime
1590 2573 1765 2602 vidit'A'niio-

987 2614 1041 2636 tus.
1064 2609 1099 2635 At
1127 2609 1238 2636 Latinus
1267 2609 1398 2642 interpres
1425 2609 1461 2635 ita
1494 2609 1588 2643 vertit,
1619 2609 1685 2636 nihil
1705 2610 1764 2643 jam

987 2643 1102 2676 mulcto,
1118 2648 1157 2679 rut
1180 2648 1256 2674 ante,
1277 2643 1443 2670 deterritus:
1465 2644 1569 2676 minus,
1592 2645 1704 2679 opinor,
1730 2652 1764 2671 ex

986 2678 1124 2705 Plutarchi
1147 2683 1235 2705 mente
1259 2679 1423 2712 praesertim,
1447 2683 1475 2705 ut
1497 2678 1550 2706 alia
1572 2678 1685 2711 mittam,
1699 2686 1763 2706 cunt

987 2714 1101 2740 similetn
1123 2713 1307 2748 magistratum
1324 2712 1453 2740 Camillus
1476 2713 1566 2741 multa:
1588 2718 1660 2741 metu
1683 2714 1763 2742 del'u-

987 2748 1058 2784 gisse
1071 2748 1251 2787 nonnlegatur
1267 2756 1275 2774 :
1291 2748 1338 2775 sed
1363 2752 1465 2775 tantum
1488 2753 1593 2787 aetatem
1606 2769 1613 2781 ,
1630 2748 1764 2787 valetudi-

987 2782 1058 2816 nem,
1074 2787 1101 2810 et
1113 2782 1165 2810 alia
1180 2782 1205 2809 id
1222 2790 1474 2818 genusexcusasse,
1489 2784 1561 2818 quod
1582 2787 1640 2811 erat
1655 2785 1763 2818 proprie

987 2818 1147 2854 ὑποτίμησιν
1171 2817 1266 2854 eiii-etv.
1300 2816 1364 2854 Nec?
1383 2816 1506 2854 dubium‘
1521 2823 1563 2854 est
1592 2816 1664 2854 quin‘
1691 2816 1763 2846 infra

987 2861 1013 2887 p.
1027 2852 1154 2889 365,'pro
1169 2852 1217 2889 τῆς
1232 2852 1342 2889 ἁγνοξας
1357 2852 1523 2889 ἐπιτίμησιν,
1538 2852 1641 2888 legend.
1655 2854 1700 2888 sit,
1714 2854 1763 2889 τῆς

987 2887 1094 2922 ἀγνοίας
1108 2888 1279 2923 ὑποτίμησιν,
1291 2888 1383 2916 eodem
1397 2887 1475 2923 plane
1489 2887 1581 2917 sensti.
