2070 3206
326 164 390 209 607.
648 166 785 195 EL'SEBH
804 167 1044 196 CJSSARIENSIS
1064 169 1138 197 OPP.
1160 171 1250 199 PARS
1266 171 1298 198 ll.
1318 188 1352 192 ——
1372 171 1622 200 APOLOGETICA.
1893 170 1944 198 608

327 226 402 260 quis,
416 233 509 253 sacras
526 226 597 260 leges
613 226 701 260 palam
718 227 849 259 recitans,
863 235 958 256 omnes
971 229 1108 264 sigillatim
1124 233 1144 261 Α

1127 231 1207 261 Axn).
1217 230 1364 265 γεωργίας,
1381 230 1480 257 λαὸεἰν.
1517 230 1604 261 Ἐπεὶ,
1622 229 1648 255 τί
1673 228 1775 255 ἐκώλυε
1801 227 1871 264 πρὸς
1899 228 1944 255 τοῦ

326 277 455 306 exponat,
471 272 557 298 donec
571 271 625 298 alla
643 271 696 304 iam
715 279 827 306 vespera
844 272 987 301 discedant
1000 276 1109 302 univer—

1160 276 1227 303 Θεοῦ
1242 276 1288 302 ἐπὶ
1301 276 1347 302 τοῦ
1362 276 1528 311 παραθέντος
1542 281 1555 295 ι
1569 275 1644 306 ἔτους
1660 274 1744 309 αὐτὴν
1756 273 1944 309 πῳεκδοῦναι,

326 317 369 351 si,
385 322 441 344 tum
458 317 612 344 divinorum
629 318 819 346 mandatorum
837 319 963 347 instructi
975 321 1109 356 cognitio-

1159 322 1205 348 καὶ
1221 322 1296 357 παρὰ
1310 321 1364 348 τῶν
1378 321 1566 357 ἐργαζομένων
1584 321 1629 348 τὸν
1640 321 1750 347 ἐκείνων
1763 320 1776 340 δ
1794 321 1876 355 φόρον
1899 320 1945 347 τοῦ

325 370 371 394 ne,
398 367 454 389 tum
480 362 561 389 etiam
585 363 732 390 admodum
749 364 848 398 pietate
871 366 955 394 aucti.
980 366 1108 402 Nunquid

1159 366 1235 398 ἔτους
1249 366 1379 400 ὲκλέγειν;
1395 366 1462 398 ἀλλ’,
1478 366 1571 401 ὥσπερ
1591 365 1668 401 ἔφην,
1697 365 1756 391 κατ’
1769 364 1862 391 οὐδένα
1882 364 1947 400 τρό-

325 406 380 434 boe
404 407 501 441 quovis
523 407 605 435 studii
621 416 720 444 genere
743 410 831 444 magis
853 411 901 438 tibi
924 412 1108 439 necessarium

1160 421 1219 444 πον,
1228 413 1287 439 οὐδὲ
1296 413 1350 448 (69)
1358 413 1412 439 τῶν
1419 412 1555 444 τοιούτων,
1564 412 1733 447 προνοίᾳ,μοὶ
1741 411 1823 441 δοκεῖ,
1832 411 1881 446 τῆς
1892 410 1948 445 χὼ-

323 453 451 481 videtur?
476 453 621 482 Enimvero
645 462 734 482 causa:
763 457 831 483 nihil
855 461 907 490 est,
931 458 1108 492 quamobrem

1161 467 1220 494 ρας,
1236 458 1401 493 ἐκδέχονται.
1427 458 1482 493 Τῆς
1511 457 1539 484 δὲ
1567 456 1769 492 φιλανθρωπίας
1792 456 1881 482 αὐτῶν
1898 455 1947 482 καὶ

325 500 392 527 istos
409 501 498 536 legum
523 507 696 531 enarratores
719 504 752 531 de
776 503 858 531 rebus
882 504 993 538 agendis
1011 511 1110 532 consu-

1159 505 1237 530 τοῦτο
1254 505 1335 539 μέγα,
1361 504 1399 536 ὡς
1421 503 1540 538 ἀληθῶς,
1557 504 1679 538 σημεῖονο
1701 502 1776 529 Ἐπεὶ
1798 502 1853 538 γὰρ
1869 501 1947 529 αὐτοὶ

323 544 392 579 lant,
415 554 532 581 quorum
553 552 583 575 ut
600 549 738 583 responsis
762 553 884 581 careant,
911 549 979 576 nihil
1002 554 1107 584 tamen,

1159 548 1213 575 τῶν
1226 548 1313 584 ἔργων
1335 548 1438 575 ἐκείνου
1460 548 1505 574 τοῦ
1522 548 1598 579 ἔτους
1613 547 1746 582 ἀνέχουσι,
1758 547 1823 578 τοὺς
1837 546 1947 580 γινομέ-

324 592 367 618 vel
390 593 461 626 apud
480 600 510 620 se
527 602 659 628 unquam,
674 603 768 622 earum
786 595 955 630 ignoratione
967 603 1109 631 perperam

1159 605 1220 628 νους
1240 595 1361 630 καρποὺς
1375 595 1424 621 οὐκ
1440 594 1540 621 οἴονται
1554 593 1608 620 δεῖν
1622 593 1767 627 συλλέγειν,
1780 593 1835 619 οὐδ’
1852 593 1947 619 ἀποτί-

323 637 479 666 moiientur.
497 638 692 675 Quemcunque
715 641 787 668 enim
810 641 932 676 ipsorum
959 642 1109 676 appellave-

1161 641 1264 673 θέσθαι,
1284 640 1321 676 μὴ
1345 641 1377 667 ὲκ
1389 640 1442 666 τῶν
1454 639 1560 666 οἰκείων
1578 639 1668 666 πόνων
1686 639 1828 674 περιόντας
1843 639 1944 670 αὐτοῖς·

323 683 381 717 ris,
399 692 431 711 ac
448 685 481 712 de
497 686 593 719 patriis
618 686 751 714 institutis
772 692 946 722 percontatus
959 689 1024 721 eris,
1045 695 1108 715 cum

1159 686 1226 718 ἀλλ’,
1253 686 1300 713 ἅτε
1325 685 1373 712 τοῦ
1387 685 1456 712 Θεοῦ
1483 684 1686 722 παρεσχηκότος
1709 684 1808 716 αὺτοῖς,
1825 683 1947 717 ἀνιείσης

322 730 487 764 respondere
509 738 557 765 per
589 739 649 759 sese
671 732 815 760 commode
842 740 875 760 ac
897 731 977 759 facile
999 733 1108 768 poterit,

1159 733 1202 758 ἐπ’
1218 731 1369 766 αὐτομάτου
1393 731 1443 766 τῆς
1467 731 1529 766 γῆς,
1545 731 1608 762 τοὺς
1627 730 1804 765 βουλομένους
1820 729 1837 764 ἢ
1850 728 1947 763 δεομέ-

323 779 380 802 tum
398 775 534 810 ejusmodi
551 784 621 804 saner
635 777 782 810 videbitur,
801 778 848 813 qui
865 786 913 805 seu
928 778 970 805 vir
985 787 1108 812 uxorem,

1160 785 1220 809 vos;
1234 777 1288 803 τῶν
1302 785 1330 802 τε
1347 775 1494 811 ὁδοιπόρων
1511 775 1558 802 καὶ
1583 774 1636 802 τῶν
1658 774 1744 802 ἄλλων
1758 773 1864 806 ἀξιοῦσι
1878 773 1947 808 μετὰ

321 828 371 847 seu
400 821 502 849 liberos
528 827 612 857 pater,
637 831 684 850 seu
716 823 834 852 famulos
857 824 996 856 dominus,
1020 824 1109 859 legum

1159 823 1250 854 ἀδείας
1267 822 1393 858 χρῆσθαι.
1422 823 1476 848 Καὶ
1494 822 1556 856 περὶ
1574 821 1622 856 μὲν
1649 820 1750 847 τούτων
1776 819 1836 850 ἃλις
1852 827 1904 846 σοι·
1917 818 1950 845 τὸ

321 867 434 894 notione
471 866 617 896 informare
650 874 742 904 queat.
772 869 833 897 Jam
867 870 974 905 septimi
1000 878 1110 905 quoque

1159 868 1213 904 γὰρ
1228 870 1287 900 ταῖς
1316 868 1442 903 ἑϐδόμαις
1469 867 1518 903 ἠδη
1544 866 1590 894 τὸν
1618 867 1699 902 νόμον
1726 867 1818 897 αὐτοῖς
1836 865 1945 900 στῆσαι,

323 912 389 939 anni
416 912 505 940 facilis
531 918 557 940 et
585 915 710 949 expedita
736 916 807 942 ratio
835 920 886 948 est,
908 915 1016 943 tametsi
1039 914 1109 942 forte
1125 907 1140 937 Β

1132 908 1145 936 Β
1159 914 1244 940 ταῦτα
1257 913 1312 950 (70)
1327 913 1377 939 οὐκ
1393 912 1425 939 ἂν
1436 913 1486 948 ἐμὲ
1496 912 1670 948 ἀπαιτήσαις,
1689 911 1753 942 ἴσως
1767 910 1874 937 πολλῶν
1887 910 1949 936 πολ-

321 958 475 987 dissimilis.
498 959 552 988 Nec
571 962 643 988 enim
664 970 708 994 eo,
734 961 964 996 quemadmodum
993 962 1109 996 septimo

1161 960 1240 992 λάκις
1270 960 1317 986 καὶ
1338 959 1448 995 ἰατρῶν.
1471 960 1518 986 καὶ
1532 959 1708 994 φυσιολόγων,
1732 957 1779 984 καὶ
1795 957 1947 991 φιλοσόφων

321 1004 368 1031 illo
384 1005 437 1038 die,
455 1005 488 1032 ab
504 1006 578 1033 omni
593 1015 673 1042 opere
697 1013 805 1040 vacant,
824 1007 871 1034 sed
889 1013 988 1035 terram
1001 1007 1028 1034 in
1042 1015 1109 1034 eon-

1160 1006 1287 1041 ἀκηκοότι
1303 1011 1314 1025 ο
1329 1006 1392 1041 περὶ
1404 1005 1450 1031 τοῦ
1464 1004 1576 1039 ἑῧδόμου
1591 1004 1730 1040 πρότερον,
1755 1003 1788 1039 ἣν
1800 1003 1855 1038 ἄρα
1865 1002 1947 1028 δύνα-

321 1055 480 1086 sequeutetn
493 1060 594 1080 annum
612 1053 739 1086 otiosam,
753 1053 888 1080 uberioris
904 1058 1050 1088 proventus
1061 1060 1108 1079 ex-

1163 1060 1207 1086 μιν
1223 1051 1280 1086 ἔχει
1294 1051 1361 1086 πρός
1374 1059 1404 1077 τε
1423 1051 1472 1086 τὴν
1496 1050 1550 1077 τῶν
1576 1050 1749 1086 συμπάντων,
1770 1050 1817 1076 καὶ
1833 1050 1865 1085 δὴ
1879 1050 1947 1085 πρὸς

320 1097 500 1132 spectatione,
516 1099 607 1133 jacere
619 1100 770 1134 patiuntur.
789 1099 902 1127 Multum
917 1099 990 1126 enim
1003 1100 1036 1126 ad
1055 1098 1107 1126 soli

1160 1098 1210 1134 τὴν
1222 1097 1392 1133 ἀνθρωπείαν
1409 1097 1500 1132 φύσιν.
1525 1093 1609 1129 Οὗτος
1620 1098 1634 1123 ὁ
1646 1098 1695 1132 τῆς
1707 1096 1822 1132 ἑϐδόμης
1838 1095 1917 1130 λόγος
1934 1105 1943 1121 ι

321 1142 488 1171 feracitatem
512 1144 644 1172 interesse
665 1145 796 1178 sentiunt,
822 1149 851 1171 ut
877 1144 1026 1172 secundum
1055 1144 1107 1170 hoc

1159 1143 1284 1170 Τοσαῦτα
1302 1143 1484 1178 μὲνὸΦὶλων·
1513 1144 1592 1178 ὅμοια
1615 1143 1638 1169 δ’
1653 1142 1726 1178 αὐτῷ
1747 1142 1794 1169 καὶ
1816 1141 1947 1176 Ἷώτηιτος

320 1189 421 1223 quietis
445 1190 627 1224 intervallum,
654 1196 783 1226 sequente
812 1191 941 1225 deinceps
961 1198 1034 1217 anno
1054 1189 1106 1217 coli

1159 1189 1261 1224 ιστορεῖ
1272 1189 1300 1215 ὲν
1315 1188 1432 1225 δευτέρῳ
1450 1189 1654 1225 συγγράμματι,
1665 1185 1855 1223 ὧνπεποίηται
1874 1188 1941 1221 Περὶ

320 1232 413 1260 denuo
429 1234 551 1269 incipiat,
567 1243 620 1262 non
635 1240 724 1262 autem
745 1240 774 1262 ut
790 1235 898 1262 assidua
913 1239 940 1262 et
957 1234 1105 1261 continenti

1159 1234 1214 1268 τῆς
1225 1243 1282 1262 των
1293 1234 1446 1262 Ἰουδαίων
1457 1236 1664 1270 ἀρχαιότητος,
1674 1234 1767 1262 τοῦτον
1778 1234 1892 1270 γράφων
1901 1234 1948 1260 καὶ

325 1280 449 1307 aratione
462 1281 606 1309 laceretur.
621 1281 700 1314 Quod
712 1281 800 1316 ipsum
814 1281 846 1309 ad
864 1289 1008 1316 corporum
1023 1281 1104 1308 etiam

602 1302 606 1309 .
621 1281 700 1314 Quod
712 1281 800 1316 ipsum
814 1281 846 1309 ad
864 1289 1008 1316 corporum
1023 1281 1104 1308 etimit
1157 1281 1236 1312 αὐτὸς
1249 1281 1297 1308 τὸν
1310 1281 1419 1317 τρόπον.

325 1326 481 1354 firmitatem
499 1333 526 1355 et
548 1329 631 1355 robur
653 1328 743 1355 valere
777 1329 979 1364 cognoscinnm,
1001 1335 1064 1354 cum
1099 1334 1145 1354 eas
1165 1328 1391 1362 intermissiones,
1416 1333 1443 1356 et
1462 1336 1478 1356 a
1497 1328 1664 1364 quolidianis
1689 1327 1877 1356 functionihus
1899 1336 1948 1355 u-

323 1372 457 1405 cationes,
485 1380 538 1400 non
566 1379 671 1401 tantum
702 1373 864 1401 valetudinis
895 1381 978 1401 causa
1010 1373 1106 1400 medici
1127 1373 1286 1408 praecipiant
1313 1382 1320 1401 :
1356 1373 1428 1409 quod
1446 1374 1593 1402 assiduitas
1607 1374 1697 1402 omnis
1714 1382 1746 1402 ac
1760 1379 1890 1410 perpetua
1906 1375 1944 1402 si-

320 1417 457 1451 militudo,
472 1426 504 1446 ac
518 1419 666 1454 praesertim
687 1427 812 1454 operum,
847 1419 1003 1446 detrimenti
1037 1419 1140 1453 aliquid
1160 1419 1257 1447 aﬂ'erre
1280 1420 1460 1448 consueverit.
1484 1420 1573 1455 Atque
1595 1425 1624 1447 ut
1645 1421 1765 1455 ipsorum
1783 1421 1835 1448 hoc
1852 1421 1879 1447 in
1899 1428 1944 1456 ge-

319 1472 384 1492 nere
401 1465 545 1492 consilinm
571 1471 732 1500 argumento
753 1466 869 1493 certiore
904 1470 1031 1493 constet:
1049 1466 1163 1492 exsistat
1196 1465 1266 1493 forte
1285 1475 1339 1493 non
1373 1475 1464 1500 nemo,
1493 1467 1540 1502 qui
1565 1474 1638 1494 anno
1660 1468 1789 1502 Septimo,
1815 1473 1842 1495 et
1866 1475 1946 1495 suam

319 1509 374 1537 illis
390 1510 456 1545 ipsis
471 1511 544 1546 agris
563 1512 650 1538 multo
681 1519 762 1546 quam
782 1517 844 1538 ante
877 1511 1033 1546 diligentius
1068 1511 1188 1539 colendis
1221 1519 1344 1547 operam,
1361 1518 1389 1540 et
1403 1521 1492 1540 messe
1514 1518 1602 1541 tamen
1625 1514 1728 1549 integra
1748 1521 1808 1541 sese
1828 1513 1862 1541 iis
1883 1521 1945 1541 ces-

319 1563 414 1583 surum
432 1556 610 1590 polliceatur:
632 1556 703 1583 hanc
717 1556 754 1583 illi
770 1556 953 1583 conditionem
969 1563 1107 1590 nunquam
1128 1556 1292 1590 acceperint,
1309 1556 1408 1591 quippe
1439 1558 1485 1592 qui
1503 1566 1518 1584 a
1533 1558 1672 1585 laboribus
1705 1558 1756 1585 soli
1775 1565 1872 1585 vacare
1894 1565 1947 1585 no-

319 1603 370 1629 iint
390 1602 472 1638 (quod
498 1602 635 1635 tamengsi
658 1602 788 1634 facerent,
813 1601 912 1628 mirum
937 1601 1037 1627 nemini
1072 1600 1133 1635 jure
1169 1601 1326 1636 videretur),
1350 1602 1396 1628 sed
1421 1602 1508 1636 ipsum
1530 1611 1638 1638 quoque
1660 1603 1746 1631 solum
1772 1603 1799 1630 in
1824 1603 1946 1638 aliquam

320 1649 490 1675 indueiarum
528 1648 682 1682 quietisque
710 1652 813 1682 partem
836 1647 987 1674 vocandum
1015 1646 1181 1680 existiment,
1213 1652 1241 1674 ut
1276 1655 1375 1674 novum
1392 1648 1519 1683 deinceps
1536 1650 1651 1677 culturae
1681 1649 1802 1688 laborem
1832 1650 1945 1677 suavius

322 1695 483 1729 faciliusque
505 1694 633 1730 patiatur.
656 1694 724 1722 Nam
739 1695 761 1722 si
780 1703 811 1722 ea
825 1702 908 1722 causa
938 1702 992 1722 non
1024 1686 1145 1725 suberat,
1167 1694 1280 1729 quidni,
1303 1702 1350 1729 per
1374 1694 1457 1722 Deum
1482 1696 1679 1728 immortalem,
1707 1686 1796 1723 solum
1819 1696 1873 1723 hoc
1887 1696 1947 1725 aliis

318 1743 460 1776 superiore
474 1750 546 1770 anno
561 1743 691 1774 locarent,
715 1747 796 1778 atque
813 1743 847 1770 ab
862 1743 951 1777 operis
981 1746 1068 1769 totum
1098 1742 1173 1769 illum
1203 1742 1396 1776 consequentis
1427 1742 1547 1770 fructum
1557 1750 1583 1770 et
1594 1748 1757 1778 proventum
1770 1744 1946 1779 acciperent?

318 1789 398 1825 361
420 1789 564 1822 Nimirum,
581 1797 629 1824 pro
649 1797 679 1816 ea
704 1790 802 1822 solum,
824 1793 854 1816 ut
875 1793 938 1816 ante
953 1788 1025 1822 dixi,
1052 1796 1104 1823 qua
1124 1792 1225 1815 terram
1242 1788 1327 1822 ipsam
1345 1794 1564 1824 prosequuntur,
1598 1797 1663 1817 cura
1696 1797 1728 1817 ac
1743 1790 1833 1818 studio
1847 1810 1854 1822 ,
1879 1790 1946 1818 nihil

320 1837 429 1868 horum,
445 1840 475 1863 ut
488 1835 553 1862 mihi
570 1836 679 1870 quidem
707 1836 825 1868 videtur,
843 1836 897 1863 ullo
911 1836 991 1863 modo
1024 1836 1138 1871 probare
1158 1839 1282 1869 possunt.
1309 1835 1347 1861 Ac
1362 1836 1527 1870 prrecipuum
1553 1835 1689 1870 quoddam
1708 1835 1774 1862 illud
1789 1840 1852 1869 est,
1871 1837 1945 1871 quod

318 1882 467 1916 sequitur,
493 1890 588 1909 eorum
621 1883 798 1910 humanitatis
820 1883 1025 1910 documentum.
1064 1882 1198 1916 Quoniam
1231 1881 1303 1908 enim
1322 1882 1437 1916 septimo
1470 1882 1515 1908 illo
1532 1889 1603 1908 anno
1620 1881 1786 1912 vacaverint,
1811 1889 1874 1916 qua:
1898 1889 1944 1916 per

318 1935 379 1957 sese
392 1929 482 1963 fruges
496 1930 658 1963 exstiterint,
673 1937 720 1957 eas
741 1930 810 1963 sibi,
825 1930 897 1965 quod
913 1930 988 1957 nullo
1018 1938 1068 1957 suo
1095 1929 1187 1956 labore
1221 1929 1403 1963 provenerint,
1419 1937 1468 1956 nec
1483 1929 1620 1955 metendas
1634 1928 1695 1963 ipsi,
1712 1935 1762 1955 nec
1793 1929 1944 1956 reconden-

317 1974 368 2003 das
382 1976 566 2002 arbitrantur:
580 1976 626 2003 sed
640 1976 738 2003 divinae
767 1977 925 2011 benignitati
958 1977 1140 2003 voluntarium
1161 1975 1233 2002 hunc
1251 1979 1329 2002 terra:
1344 1980 1450 2009 partum
1476 1975 1644 2010 assignantes
1658 1994 1664 2006 ,
1680 1974 1804 2008 quemvis
1826 1982 1860 2001 eo
1873 1994 1880 2004 ,
1899 1981 1946 2001 seu

317 2022 406 2050 viator
420 2022 472 2055 ille,
490 2030 536 2049 seu
552 2023 664 2057 quilibet
677 2023 746 2050 alius
765 2022 855 2055 fuerit,
871 2031 919 2057 pro
953 2023 1065 2050 arbitrio
1099 2022 1140 2048 vel
1161 2021 1250 2056 inopia
1266 2029 1362 2048 secure
1378 2021 1416 2047 uti
1439 2021 1554 2048 libenter
1567 2021 1679 2047 omnino
1695 2021 1844 2055 patiuntur.
1865 2022 1899 2047 At
1914 2021 1946 2048 de

317 2069 362 2097 his
397 2069 477 2096 modo
512 2071 589 2098 satis.
614 2069 681 2097 Nam
698 2070 770 2105 quod
797 2071 848 2098 ista
873 2072 915 2098 lex
938 2070 965 2096 in
992 2070 1137 2105 septimum
1157 2075 1292 2104 quemque
1316 2068 1385 2095 diem
1409 2067 1580 2102 potissimum
1604 2067 1766 2101 itnperarit,
1792 2067 1876 2102 hujus
1905 2067 1943 2094 rei

315 2122 439 2147 causam,
454 2116 559 2150 opinor,
576 2124 608 2143 ex
624 2125 666 2143 me
683 2125 734 2144 non
750 2119 883 2152 requiras,
899 2119 944 2152 qui
961 2118 1030 2144 forte
1063 2117 1119 2152 jam
1139 2125 1154 2144 τι
1169 2117 1290 2151 pluribus
1308 2116 1348 2142 vel
1364 2115 1487 2148 medicis,
1514 2115 1556 2142 vel
1582 2115 1756 2150 pliysiologis,
1782 2114 1823 2140 vel
1858 2114 1946 2148 philo-

316 2162 412 2196 sophis
427 2170 613 2196 swpenumero
626 2163 755 2195 audieris,
772 2169 891 2198 quantus
929 2172 1059 2191 numerus
1088 2165 1138 2192 iste
1157 2163 1326 2198 septenarius
1346 2170 1408 2190 cum
1433 2163 1459 2189 in
1483 2166 1642 2189 eteterorutn
1667 2161 1802 2192 omnium,
1832 2165 1889 2187 tum
1919 2160 1945 2187 in

317 2205 438 2234 hominis
453 2216 561 2243 quoque
577 2213 700 2236 naturam
716 2209 788 2237 vires
819 2209 949 2236 obtineat.
967 2209 1028 2236 Haec
1042 2210 1125 2245 igitur
1145 2209 1255 2237 Sabliati
1268 2209 1338 2236 ratio
1353 2209 1413 2236 fuit.
1434 2218 1443 2234 ι
1460 2208 1548 2243 Atque
1580 2207 1711 2235 hactenus
1727 2206 1814 2233 Philo.
1831 2206 1945 2234 Gemina

316 2257 392 2291 sunt,
409 2261 470 2289 quae
484 2254 552 2281 libro
571 2253 608 2281 οε
632 2254 788 2281 Judworum
815 2257 973 2291 antiquitate
987 2257 1106 2284 secundo
1125 2256 1259 2291 Iosephus
1276 2256 1319 2283 his
1333 2256 1422 2283 verbis
1440 2258 1644 2282 commemorat.

613 2300 727 2328 CAPUT
747 2301 813 2328 vni.
1119 2307 1140 2336 α
1420 2302 1430 2328 ι

1119 2307 1140 2336 C
1420 2300 1618 2328 ΚΕΦᾹΛΑΙΟΝ
1638 2301 1677 2327 Η’.

396 2346 438 2373 Ex
449 2346 563 2382 Joseplio
578 2347 610 2374 de
624 2346 748 2375 Mosaicw
771 2347 919 2383 reipublicae
933 2348 1030 2383 forma.
1164 2350 1213 2376 ’le

1164 2348 1312 2382 Ἰωσήπου
1345 2348 1400 2383 (71)
1422 2347 1487 2381 περὶ
1511 2347 1564 2374 τοῦ
1589 2346 1663 2374 κατὰ
1676 2345 1785 2373 Μωσέα
1805 2347 1943 2373 πολιτεύ-

1521 2391 1600 2409 ατοιπ.

353 2427 430 2455 «iam
444 2436 517 2459 vero,
539 2428 626 2463 inquit
645 2428 698 2461 ille,
716 2429 761 2463 qui
795 2428 903 2456 tandem
920 2436 952 2455 ex
975 2428 1102 2456 omnibus

1521 2391 1572 2409 ατο
1593 2403 1600 2409 .

1196 2440 1205 2455 ι
1217 2430 1265 2462 Τίς
1281 2430 1304 2456 δ’
1318 2427 1351 2465 ἦν
1372 2430 1386 2455 ό
1414 2391 1530 2465 pater:
1556 2393 1730 2464 κξτορθώσας
1746 2429 1810 2460 τοὺς
1834 2427 1943 2463 νόμους,

312 2477 343 2501 ct
367 2473 590 2509 perfectissimam
608 2475 696 2509 legum
723 2476 857 2502 rationem
883 2475 1054 2508 instituerit,
1078 2480 1104 2502 et

1158 2475 1204 2502 καὶ
1220 2475 1268 2511 τῆς
1279 2475 1451 2510 δικαιοτάτης
1467 2474 1522 2510 (7‘2)
1540 2475 1604 2510 περὶ
1619 2474 1664 2500 τοῦ
1676 2473 1743 2501 Θεοῦ
1759 2473 1880 2506 πίστεως
1892 2474 1949 2500 sm-

335 2537 408 2567 ιγρη
429 2532 618 2568 παρελθόντος.
657 2533 671 2553 h
692 2533 733 2560 ἴσ.
748 2532 864 2559 ἐκείνου.
907 2538 917 2552 ε
937 2533 996 2567 γρη
1017 2532 1154 2568 ἀκηκοώς.

427 2589 512 2631 gres.
528 2589 592 2625 Leg.
603 2590 759 2631 ,οὐδὲνὶουῃι
773 2589 821 2618 alt.
839 2596 980 2631 manuser.
1045 2625 1058 2631 _
1154 2599 1181 2617 τι

1154 2589 1306 2631 τυγχάνειν.
1320 2588 1401 2621 τινός,
1418 2588 1458 2616 vel
1474 2588 1638 2631 πέρι-τινος,
1654 2593 1695 2615 est
1709 2587 1862 2631 conjectura
1876 2598 1946 2631 asse-

364 2623 408 2659 70)
423 2623 664 2661 Στῆρναινίιιῡτα.
678 2624 820 2661 Conjungo
834 2627 885 2658 sic,
899 2625 995 2660 στῆσαι
1008 2625 1102 2652 ταῦτα.
1156 2633 1181 2660 qi

1156 2623 1281 2660 quifrem
1297 2629 1414 2661 ιέιηξιξνε,
1430 2624 1501 2659 (Ιυοά
1513 2623 1600 2651 aiam
1614 2623 1804 2661 έΞτΡτυΥχᾴνΞΨ
1820 2624 1944 2661 Ψδθιυω

315 2657 365 2697 [ist
377 2657 466 2697 autem
484 2659 572 2697 brevis
586 2664 614 2687 et
627 2661 715 2697 Attica
729 2657 817 2697 oratio
834 2670 840 2688 :
857 2668 906 2697 pro
923 2657 965 2696 ὲῴ¹
980 2662 1034 2696 ὅτῳ
1049 2661 1103 2697 γὰρ
1155 2657 1256 2697 dicitur
1274 2667 1281 2686 :
1301 2657 1420 2692 Gallice,
1439 2657 1599 2697 rencontrer.
1624 2657 1766 2697 Plutarch:
1784 2659 1812 2686 in
1829 2658 1944 2697 Pericle,

315 2693 469 2731 ivi.
487 2694 703 2731 avareque-toi;
720 2695 815 2731 οτήιξαι
831 2693 927 2722 ταῦτα.
944 2693 950 2696 ⁷
1020 2693 1025 2696 ’
1056 2693 1061 2696 ⁷
1087 2693 1093 2697 ’

1155 2695 1200 2722 ubi
1218 2695 1251 2731 de
1267 2699 1373 2731 ostento
1388 2695 1505 2731 quodam
1522 2694 1681 2731 explicando
1693 2693 1814 2731 loquitur
1830 2702 1836 2720 :
1859 2695 1942 2731 ξΕκῴ-

353 2728 409 2763 (71)
431 2728 583 2765 Ἰῳσήπομ
596 2729 687 2757 Locus
711 2728 889 2765 hic'Jost-phi
911 2735 1000 2759 exstat
1021 2731 1068 2758 lib.
1084 2738 1103 2757 ιι
1154 2730 1169 2756 λ

1154 2730 1200 2757 itus
1223 2730 1244 2756 δ’
1256 2730 1343 2765 οὐδὲν,
1361 2729 1458 2756 καὶτὸν
1470 2729 1582 2765 φυσικὸν
1593 2729 1782 2765 ἐπιτυγχάνειν
1789 2749 1800 2765 ,7
1825 2730 1872 2756 καὶ
1901 2730 1943 2756 τὸν

317 2768 410 2800 contra
424 2763 560 2800 Apionem,
577 2772 638 2800 pag.
656 2765 721 2793 1071
738 2765 804 2793 edit.
821 2763 992 2794 Graeco—Lat.

1155 2765 1261 2800 pdvzwf
1286 2763 1332 2791 τοῦ
1356 2763 1586 2800 μὲνῗτὴναίτίαν,
1603 2763 1650 2790 τοῦ
1671 2763 1699 2790 δὲ
1713 2764 1839 2800 τὸγτέλος
1854 2764 1944 2796 καλῶς

353 2796 409 2835 (72)
423 2796 477 2835 Kal
492 2796 557 2835 τῆςί
571 2796 769 2833 δικαιοτάτης,
790 2805 842 2828 etc.
858 2799 956 2829 Excus.
980 2801 1102 2835 Josepb.,
1154 2796 1166 2826 ὲ

1154 2796 1379 2835 ἓκλαμὸἀνοντοξ.
1396 2796 1466 2826 Fieri
1479 2803 1700 2835 autempoterat,
1719 2799 1756 2825 uti
1770 2805 1796 2827 et
1812 2800 1943 2835 physicus

318 2834 423 2871 scatat;
439 2833 620 2871 ῥδικαιότατα
633 2835 697 2867 περὶ
714 2835 762 2871 τῆς
778 2835 824 2862 τοῦ
839 2835 870 2863 Θ.
881 2835 1026 2871 lnterpres,
1038 2833 1103 2864 obs-

1153 2841 1180 2862 et
1191 2833 1265 2862 vates
1281 2843 1336 2862 rem
1351 2835 1511 2871 attingerent
1522 2834 1633 2871 (Gallice
1649 2833 1862 2871 rencontrast’eni
1872 2835 1941 2871 biga)

317 2869 424 2904 carius,
438 2868 489 2902 Qui
500 2869 648 2904 justissima
662 2871 692 2898 de
709 2867 758 2898 1)ὲί
771 2870 824 2905 ﬁde
837 2867 1013 2906 cognoverint.
1033 2872 1105 2899 Ἐπι-
1154 2871 1239 2899 altero
1266 2870 1304 2899 rei
1332 2867 1460 2903 causam,
1485 2867 1569 2898 altero
1594 2867 1674 2897 linem
1697 2869 1864 2904 assignante.
1893 2869 1941 2897 Hie
