2070 3206
320 155 372 181 διδ

641 151 776 182 EUSEBII
801 153 1041 183 CESARIENSIS
1060 154 1133 182 OPP.
1147 154 1244 183 PARS
1263 155 1296 182 ll.
1316 170 1351 176 -
1367 155 1617 184 APOLOGETICA.

1886 159 1937 187 εει

321 211 430 247 telliget,
447 211 568 238 omnium
585 209 685 244 optime
697 214 870 244 prospectum
888 211 921 237 ab
933 218 966 238 eo
983 218 1015 238 ac
1033 218 1089 246 pro

1151 219 1198 237 τον
1211 211 1239 237 ὲν
1257 212 1314 242 τοῖς
1334 211 1546 247 συγγράμμασιν
1573 212 1844 248 ἐπραγματεύσαντο·
1865 214 1937 242 ΙΙλά-

320 258 408 284 visum
419 257 452 284 ‘id
472 257 565 289 fuisse,
587 256 626 282 uti
643 263 691 282 nec
704 256 854 290 patriorum
871 257 922 291 ipsi
939 257 1040 284 rituum
1059 258 1101 284 in-

321 305 470 338 tegritatem
490 302 696 333 ‘labelactcmus,
720 309 770 329 nec
791 309 885 329 eorum
909 307 998 330 tamen
1024 311 1101 331 eom-

318 350 474 376 tnunionem
493 356 582 375 rerum
607 354 761 375 nostrarum
789 349 897 383 cupidis
919 349 1098 377 invideamus.

318 395 455 429 Quotquot
470 395 541 421 enim
567 395 672 430 legibus
699 395 802 423 nostris
823 403 915 423 mere
935 396 1099 431 optaverint,

317 449 412 468 omnes
429 445 598 476 peramantcr
613 442 723 476 excipit,
739 442 832 476 utique
847 450 901 469 non
920 443 979 469 solo
990 450 1098 477 genere,

316 487 363 516 sed
377 487 459 514 etiam
475 487 628 514 voluntaria
649 488 766 515 instituti
785 489 914 516 societate
931 489 1099 516 communio-

315 541 376 561 ncm
394 533 473 560 istaut
490 533 622 560 contineri
639 537 725 560 ratus.
748 533 800 566 Qui
817 541 880 561 vero
897 541 950 560 non
970 534 1021 561 nisi
1039 533 1098 560 obi-

315 584 356 607 ter
373 579 404 606 ad
419 587 480 612 nos,
501 583 582 613 atque
598 579 670 606 aliud
693 584 803 614 agentes
819 579 990 611 accederent,
1007 587 1053 607 eos
1068 579 1097 607 in

314 625 537 653 consuetudinem
550 625 656 660 penitus
669 625 774 653 admitti
789 625 886 652 noluit.
898 625 1031 653 Caeterum
1043 626 1095 653 alia

312 671 435 706 quaedam
461 671 554 702 edixit,
569 679 686 706 qttorttm
705 671 818 698 omnino
841 672 948 706 copiam
971 671 1096 700 ﬁerine-

312 725 388 746 eesse
405 722 449 745 ‘est
464 728 470 745 :
490 718 644 752 cuj'usmodi
668 722 741 752 sunt,
759 719 941 752 indigentibus
966 719 1094 748 omnibus

311 764 413 798 ignem,
429 770 538 798 aquam,
554 764 700 798 cibumque
722 763 903 798 suppeditare,
923 764 1006 800 368
1017 772 1093 792 com-

310 814 465 838 monstrare
488 810 570 843 viam,
594 810 759 845 insepultum
786 810 921 837 neminem
944 811 1091 845 praeterire.

304 855 459 883 slmo‘suam
471 863 580 891 quoque
593 856 725 884 adversus
745 856 837 884 hostes
849 847 998 891 appellatos
1008 857 1094 892 arqui-

304 907 391 930 1atem
407 907 530 930 constare
547 903 643 935 voluit,
660 903 724 930 dum
739 910 789 930 nec
804 903 914 930 illorum
934 911 1013 938 agros
1031 903 1092 939 igne

306 949 421 982 vastari,
443 956 492 976 nec
508 949 588 976 miles
611 948 723 976 arbores
745 948 847 976 succidi
870 949 1003 984 permisit.
1019 948 1090 981 Quin

308 996 388 1023 etiam
404 1000 431 1022 et
445 1001 501 1027 eus,
518 994 565 1029 qui
589 994 617 1020 in
635 994 693 1021 acie
708 994 883 1026 cecidissent,
906 1001 920 1021 a
938 994 1091 1022 victoribus

309 1041 418 1076 spoliari
433 1041 583 1075 prohibuit,
599 1045 626 1067 et
640 1042 763 1075 captivos
776 1041 949 1076 maximeque
963 1041 1091 1069 mulieres

308 1085 343 1114 ab
363 1087 490 1114 omnibus
513 1086 620 1120 injuriis
638 1086 793 1113 vindicavit.
809 1086 847 1114 Ac
863 1093 913 1114 nos
929 1087 966 1113 ita
981 1087 1090 1121 quidem

307 1131 340 1158 ad
366 1131 602 1159 mansuetudinem
624 1135 651 1159 et
671 1131 867 1158 humanitatem
885 1133 1006 1167 repetitis
1032 1132 1091 1160 lon-

307 1177 367 1212 gius
383 1177 526 1211 pi'teceptis
547 1175 740 1209 condocefecit,
757 1182 787 1204 ut
811 1185 844 1204 ne
866 1177 1007 1205 brutarum
1030 1178 1091 1213 qui-

306 1222 367 1249 dem
381 1221 559 1249 animautium
576 1229 669 1248 curam
686 1221 846 1256 neglexerit.
862 1221 930 1249 Nam
947 1223 992 1250 ubi
1014 1230 1028 1250 a
1052 1223 1090 1250 le-

306 1267 412 1302 gitimo,
430 1275 510 1302 quem
526 1275 611 1294 unum
629 1267 764 1300 concedit,
776 1275 869 1294 earum
888 1275 940 1295 usu
954 1268 1089 1296 discesse-

306 1312 356 1346 ris,
370 1313 443 1340 omni
470 1313 523 1340 alio
544 1320 658 1348 prorsus
682 1313 831 1341 interdixit.
856 1313 884 1341 Si
906 1322 966 1349 quae
986 1316 1090 1351 suppli-

305 1366 368 1386 cum
398 1359 483 1386 instar
515 1362 624 1386 nostras
664 1358 691 1386 in
717 1359 788 1386 tedas
816 1359 1088 1395 eoufugerint,'eas

305 1404 420 1432 interfici
443 1404 554 1433 vetuit:
574 1409 621 1432 aut
639 1410 766 1439 parentes
791 1412 853 1433 cum
877 1406 960 1440 pullis
983 1414 999 1434 e
1023 1407 1088 1435 nido

303 1451 371 1482 tolli,
398 1455 445 1478 aut
466 1451 618 1479 animantes
634 1451 703 1484 illas,
728 1459 843 1487 quarum
858 1460 940 1488 opera
964 1453 1088 1481 homines

303 1497 344 1524 uti
372 1497 470 1530 solent,
492 1497 574 1524 etiam
595 1497 623 1524 in
645 1497 737 1525 bostili
763 1498 822 1526 solo
851 1499 964 1526 mactari
988 1499 1084 1527 noluit.

302 1541 456 1578 ’l‘autopere
470 1543 629 1578 benignitati
642 1543 796 1571 consultum
811 1552 872 1572 esse
881 1545 957 1572 omni
967 1553 1000 1572 ex
1011 1550 1087 1580 parte

302 1590 426 1624 cupiebat
441 1599 447 1617 :
462 1590 560 1624 partim
578 1589 697 1617 ferendis
716 1589 760 1622 iis,
779 1598 840 1626 qua:
860 1591 948 1619 adhuc
966 1599 1085 1622 comme-

303 1641 416 1663 moi-atze
438 1641 512 1668 sunt,
536 1644 651 1672 quaeque
677 1637 711 1664 ad
735 1644 843 1664 morum
865 1637 1085 1666 informationem

302 1683 450 1716 pertinent,
466 1683 588 1718 legibus;
602 1683 699 1718 partim
713 1684 774 1711 aliis
789 1684 951 1719 quibusdam
963 1685 1086 1712 sancien-

303 1727 356 1760 dis,
373 1729 474 1763 quibus
490 1729 516 1755 iu
533 1730 705 1764 superiorum
720 1731 873 1764 violatores,
890 1731 958 1758 citra
971 1738 1086 1759 excusa-

302 1774 402 1802 tionem
427 1783 546 1810 omnem,
574 1783 661 1811 paena:
685 1781 850 1804 statuuntur.
879 1776 989 1804 Poenam
1012 1777 1084 1804 enim

301 1821 399 1855 capitis
418 1822 555 1857 plerisque
573 1823 730 1858 proposuit;
746 1824 792 1858 qui
815 1823 977 1851 adulterium
993 1827 1085 1858 patra-

300 1869 370 1896 vm-it
382 1879 388 1896 :
401 1870 446 1903 qui
465 1870 562 1904 puellae
576 1870 628 1896 vim
650 1870 792 1897 attulerit:
807 1870 852 1904 qui
870 1869 909 1897 vel
931 1878 1032 1897 marem
1053 1870 1085 1897 de

301 1918 396 1948 stupro
411 1915 546 1949 appellare
562 1922 657 1947 ausus,
675 1915 715 1942 vel
730 1915 874 1950 appellanti
893 1919 989 1950 sponte
1003 1915 1084 1942 obse-

299 1967 380 1988 cutus
405 1961 464 1988 erit.
490 1959 585 1988 Exstat
606 1962 688 1988 etiam
712 1961 745 1989 de
771 1961 856 1988 servis
877 1961 920 1988 lex
937 1961 1081 1996 ejusmodi,

298 2015 380 2042 quam
397 2008 537 2042 deprecari
553 2016 632 2035 nemo
645 2012 737 2042 queat.
753 2007 790 2034 De
810 2007 945 2034 mensuris
962 2007 1024 2034 item
1041 2012 1083 2034 at-

298 2063 351 2088 que
379 2055 553 2089 ponderibus,
577 2055 599 2082 si
625 2055 686 2089 quis
712 2054 842 2088 ﬂagitium
864 2055 915 2081 hoc
935 2054 961 2080 in
985 2061 1083 2088 genere

1152 264 1205 283 των
1217 255 1245 282 δὲ
1260 255 1466 291 θαυμαζόμενος
1491 257 1566 293 παρὰ
1592 260 1647 290 τοῖς
1672 259 1809 294 Ἓλλησιν,
1833 259 1871 291 ὡς
1893 262 1937 288 καὶ

1153 302 1296 338 σεμνότητι
1310 302 1366 337 βίου
1380 302 1532 337 διενεγκὼν,
1547 304 1593 330 καὶ
1602 304 1712 340 δυνάμει
1724 305 1810 339 λόγων
1819 306 1871 332 ικαὶ
1883 315 1938 333 πειι

1152 347 1194 373 ϐοΐ
1206 347 1308 378 πάντας
1332 348 1471 383 ὑπεράρας
1483 349 1545 380 τοὺς
1567 349 1596 374 ὲν
1620 349 1762 385 φιλοσοφίᾳ
1781 351 1935 384 γεγονότας,

1152 391 1204 418 ὑπὸ
1215 392 1269 418 τῶν
1283 392 1439 426 φασκόντων
1451 392 1544 419 δεινῶν
1558 391 1626 420 εἶναι
1639 393 1673 420 τὰ
1687 394 1822 426 πολιτικὰ,
1837 396 1935 431 μικροῦ

1149 437 1204 464 δεῖν
1221 438 1415 473 χλευαζόμενος
1429 439 1475 464 καὶ
1499 439 1711 474 κωμῳδούμενος
1734 440 1858 468 διατελεῖ.
1874 442 1936 468 Και-

1149 492 1189 510 τοι
1206 483 1329 511 τάκείνου
1344 483 1475 510 σκώπτων
1489 484 1545 520 (49)
1563 485 1666 520 συχνῶς
1683 494 1725 517 τις
1740 486 1772 513 ἃν
1786 487 1860 522 εὖροι
1872 489 1936 523 ῥᾷον

1148 531 1195 556 καὶ
1205 529 1252 561 τὰς
1266 530 1319 556 τῶν
1334 530 1437 556 πολλῶν
1447 530 1537 564 ἔγγιον
1559 531 1711 565 συνηθείας.
1727 532 1810 563 Αὐτὸς
1822 533 1850 559 δὲ
1866 533 1936 560 [11:2-

1148 585 1202 603 των
1214 576 1399 612 ὡμολόγηκεν,
1413 577 1454 604 ὅτι
1473 578 1522 613 τὴν
1542 577 1628 613 ἀληθῆ
1659 578 1722 613 περὶ
1742 578 1788 604 τοῦ
1811 579 1879 606 Θεοῦ
1893 580 1936 606 δό-

1147 622 1196 655 ξαν
1212 623 1250 654 είς
1268 622 1316 658 τὴν
1343 623 1396 650 τῶν
1415 623 1500 658 ὄχλων
1517 623 1607 650 ἄνοιαν
1631 624 1680 650 οὐχ
1698 622 1731 659 ἧν
1755 625 1875 659 ἀσφαλὲς
1892 626 1936 659 ἐξ-

1147 669 1277 701 ενεγκεῖν.
1298 667 1377 695 Ἀλλὰ
1403 669 1437 695 τὰ
1453 669 1500 704 μὲν
1513 668 1653 700 Πλάτωνος
1670 669 1765 703 λόγους
1788 671 1858 703 τινὲς
1877 673 1933 707 (50)

1147 712 1215 740 εἶναι
1235 715 1330 745 κενοὺς
1352 714 1501 749 νομίζουσι,
1525 715 1597 742 κατὰ
1612 715 1712 752 πολλὴν
1727 717 1851 750 ἐξουσίαν
1876 718 1932 755 (Si)

1146 759 1463 796 κεκαλλιγραφημένους.
1478 760 1602 786 Μάλιστα
1612 761 1640 787 δὲ
1651 761 1704 787 τῶν
1718 762 1869 797 νομοθετῶν
1884 768 1934 791 Αυ-

1146 803 1260 840 κοῦργον
1286 805 1490 840 τεθαυμάκασι,,
1512 806 1558 832 καὶ
1585 806 1632 842 τὴν
1660 808 1786 844 Σπάρτην
1813 808 1933 842 ἅπαντες

1145 849 1284 884 ὑμνοῦσιν,
1298 851 1339 877 ὅτι
1352 852 1407 882 τοῖς
1436 852 1538 879 ἐκείνου
1570 853 1662 888 νόμοις
1683 855 1728 880 ἐπὶ
1753 855 1876 881 πλεῖστον
1891 857 1933 882 ὲν-

1104 891 1129 919 ’Β
1144 896 1340 932 εκαρτέρησαν.
1359 898 1462 925 Οὐκοῦν
1474 898 1553 925 τοῦτο
1574 899 1623 934 μὲν
1635 900 1816 934 όμολογείσθω
1830 903 1932 937 τεκμή-

1145 951 1200 978 ριον
1211 943 1311 978 ἀρετῆς
1332 941 1410 976 εἶναι,
1432 944 1462 970 τὺ
1489 944 1625 972 πείθεσθαι
1647 945 1703 978 τοῖς
1730 946 1830 981 νόμος·
1855 949 1880 974 οἱ
1903 948 1931 974 δὲ

1143 988 1370 1024 Λακεδαιμονίους
1384 989 1582 1025 θαυμάζοντες,
1596 993 1641 1018 τὸν
1655 992 1765 1018 ἐκείνων
1778 993 1874 1029 χρόνον
1885 994 1931 1020 άν-

1141 1035 1416 1070 τιπαραὸαλλέτωσαν
1443 1038 1500 1068 τοῖς
1525 1037 1677 1073 πλείοσινῆ
1705 1038 1843 1073 δισχιλίοις
1857 1040 1930 1066 ἔτεσι

1141 1080 1192 1115 τῆς
1212 1081 1347 1117 ἡμετέρας
1364 1082 1510 1114 πολιτείας⁴
1529 1083 1576 1110 καὶ
1593 1084 1701 1119 προεέτι
1716 1084 1928 1119 λογιζέσθωσαν,

1141 1126 1182 1153 ὅτι
1195 1127 1400 1162 Λακεδαιμόνιοι
1415 1127 1474 1163 μὲν,
1490 1129 1551 1154 ὅσον
1563 1130 1606 1163 ἐφ’
1621 1129 1724 1156 ἑαυτῶν
1739 1130 1834 1166 χρόνον
1855 1128 1929 1166 εἶχον

1140 1172 1190 1207 τὴν
1208 1172 1372 1208 ἐλευθερίαν,
1388 1174 1509 1209 ἀκριϐῶς
1523 1175 1614 1207 ἔδοξαν
1635 1176 1697 1207 τοὺς
1722 1176 1820 1211 νόμους
1833 1177 1929 1212 διαφυ-

1141 1218 1257 1245 λάττειν
1273 1220 1334 1246 ἐπεὶ
1347 1220 1437 1255 μέντοι
1451 1222 1515 1256 περὶ
1528 1222 1626 1253 αὐτοὺς
1645 1221 1767 1255 ἐγένοντο
1779 1223 1929 1258 μεταϐολαὶ

1140 1263 1189 1299 τῆς
1201 1263 1295 1299 τύχης,
1309 1264 1406 1300 μικροῦ
1421 1265 1475 1291 δεῖν
1499 1266 1626 1293 ἁπάντων
1647 1267 1802 1299 ἐξελάθοντο
1817 1268 1873 1295 τῶν
1885 1270 1927 1296 νό-

1142 1317 1211 1344 μων·
1223 1310 1303 1345 ἡμεῖς
1315 1310 1343 1336 δὲ
1356 1311 1384 1337 ἐν
1405 1311 1499 1346 τύχαις
1515 1312 1626 1348 μυρίαις
1651 1313 1792 1346 γεγονότες
1811 1314 1854 1340 διὰ
1877 1315 1927 1347 τὰς

1139 1353 1193 1380 τῶν
1208 1354 1422 1389 βασιλευσάντων
1438 1358 1487 1392 τῆς
1507 1357 1597 1390 Ἀσίας
1611 1359 1768 1394 μεταϐολὰς,
1780 1360 1855 1386 οὐδὲν
1870 1360 1925 1396 (52)

1139 1401 1195 1432 τοῖς
1211 1401 1334 1436 ἐσχάτοις
1359 1403 1412 1429 τῶν
1439 1403 1532 1429 δεινῶν
1545 1404 1607 1436 τοὺς
1624 1405 1721 1440 νόμους
1737 1406 1897 1441 προῦδομεν.
1914 1416 1922 1432 ο

1140 1445 1232 1473 Ταῦτα
1246 1447 1294 1482 μὲν
1305 1447 1353 1474 καὶ
1365 1447 1494 1483 Ἰώσηπος
1507 1449 1571 1484 περὶ
1585 1451 1633 1484 τῆς
1646 1450 1716 1476 κατὰ
1741 1451 1754 1476 ll
1768 1450 1840 1476 ωεέα
1861 1451 1926 1477 Ἰου-

1137 1492 1220 1520 δαίων
1231 1494 1376 1526 πολιτείας.
1401 1496 1467 1530 Περὶ
1483 1495 1510 1522 δὲ
1533 1497 1582 1531 τῆς
1595 1496 1624 1522 ἐν
1646 1498 1701 1528 τοῖς
1727 1498 1772 1524 ὑπ’
1785 1497 1866 1523 αὑτοῦ
1883 1506 1926 1524 τει-

1140 1537 1209 1565 Θεϊσι
1221 1540 1313 1575 νόμοις
1323 1541 1540 1576 ὲπεσκιασμὲνης
1553 1542 1600 1568 καὶ
1613 1542 1794 1577 ὰλληγορικῆς
1809 1542 1925 1578 Θεωρίας

1139 1585 1223 1612 πολλὰ
1240 1586 1308 1621 ἔχων
1322 1588 1419 1618 εἰπεῖν,
1442 1587 1576 1622 ἀπαρκεῖν
1595 1588 1713 1623 ἠγοῦμαι
1725 1588 1774 1619 τὰς
1797 1588 1925 1620 Ἐλεαζὰ-

1139 1640 1185 1668 ρου
1201 1633 1247 1658 καὶ
1267 1633 1469 1668 Ἀριστοϐούλου
1485 1634 1634 1669 διηγήσεις,
1658 1634 1761 1669 ἀνδρῶν
1775 1633 1806 1660 τὸ
1819 1635 1868 1669 μὲν
1883 1635 1926 1668 γε.

1138 1685 1183 1708 νος
1201 1677 1333 1713 Ἐϐραίων
1363 1679 1504 1709 ἀνέκαθεν,
1526 1679 1569 1705 τὸν
1591 1679 1621 1706 δὲ
1648 1680 1742 1715 χρόνον
1769 1679 1838 1706 κατὰ
1863 1681 1924 1711 τοὺς

1137 1724 1304 1759 Πτολεμαίου
1331 1725 1442 1760 χρόνους
1464 1725 1678 1761 διαπρεῴάντων.
1694 1724 1742 1752 Ὧν
1757 1727 1771 1752 ὁ
1799 1726 1924 1758 Ἐλεάζα-

1138 1778 1194 1805 ρος,
1209 1770 1255 1796 καὶ
1269 1770 1307 1804 τῷ
1328 1771 1377 1805 τῆς
1393 1771 1597 1807 ἀρχιερωσύνης
1620 1771 1753 1806 ἀξιώματι
1777 1772 1924 1807 τετιμημέ-

1135 1822 1190 1846 νος,
1205 1815 1297 1850 μικρῷ
1307 1816 1437 1851 πρότερον
1451 1818 1516 1852 ἡμῖν
1528 1816 1661 1852 ἐδηλοῦτο·
1679 1817 1707 1848 ὃς
1723 1817 1754 1852 δὴ
1769 1819 1825 1849 τοῖς
1849 1818 1923 1853 παρὰ

1136 1857 1266 1892 βασιλέως
1277 1859 1315 1890 ὡς
1327 1860 1406 1886 αὐτὴν
1420 1861 1515 1895 ἥκουσι
1535 1861 1680 1896 πρεσϐείας
1691 1862 1781 1893 ἕνεκα,
1796 1864 1847 1897 τῆς
1868 1863 1922 1889 τῶν

1140 1903 1290 1940 Ἑϐραϊκῶν
1316 1904 1401 1939 λόγων
1423 1907 1468 1932 ἐπὶ
1490 1907 1539 1942 τὴν
1569 1907 1679 1933 Ἐλλάδα
1704 1907 1855 1943 μεταϐολῆς
1878 1908 1922 1934 τὸν

1133 1950 1233 1985 τρόπον
1248 1951 1477 1987 ὑποτυπούμενος,
1491 1953 1541 1987 τῆς
1555 1953 1583 1979 ὲν
1606 1954 1662 1984 τοῖς
1676 1954 1757 1989 ἱεροῖς
1769 1954 1863 1988 νόμοις
1876 1954 1922 1979 ἁλ-

1136 1996 1337 2032 ληγορουμένης
1363 1998 1434 2030 ἰδέας
1450 1999 1576 2034 τοιαύτην
1601 2000 1746 2035 πεποίηται
1771 2000 1852 2033 λόγου
1872 2000 1921 2035 τὴν

1136 2042 1318 2070 διδασκαλίαν.

298 2101 475 2132 connniserit,
505 2105 552 2127 aut
577 2100 838 2135 injuste-quilpiam
868 2100 984 2134 doloque
1010 2100 1082 2127 malo
1097 2091 1274 2128 vendiderit:
1299 2101 1346 2136 qui
1369 2102 1410 2128 vel
1432 2110 1465 2129 ex
1504 2102 1584 2130 rebus
1619 2103 1715 2130 alienis
1739 2103 1848 2131 furatus
1868 2104 1920 2131 ali-

298 2147 361 2182 φιιίὶ
382 2146 472 2179 fuerit,
488 2147 530 2174 vel
553 2147 624 2181 quod
639 2146 687 2173 abs
708 2154 738 2173 se
748 2147 898 2180 depositum
921 2153 974 2171 non
996 2149 1079 2177 esset,
1099 2147 1242 2173 abstulerit
1257 2155 1263 2173 :
1277 2154 1362 2181 preme
1376 2148 1496 2174 omnium
1520 2151 1593 2178 sunt,
1611 2155 1664 2174 non
1697 2149 1792 2183 quales
1825 2150 1920 2184 utique

299 2193 368 2221 aliud
388 2198 501 2220 ca-teros
517 2193 649 2224 obtinent,
672 2193 719 2220 sed
751 2193 844 2227 quales
878 2201 984 2220 summa
1019 2192 1074 2219 fere
1105 2193 1237 2220 severitas
1252 2194 1414 2228 postulabat.
1435 2195 1598 2223 constitutte.
1621 2194 1686 2221 Nam
1704 2200 1750 2222 aut
1763 2196 1797 2222 de
1813 2204 1920 2230 «paren-

299 2244 354 2266 tum
371 2239 480 2273 injuria.
500 2243 546 2265 aut
567 2239 593 2265 iit
615 2239 699 2266 Deum
725 2239 873 2273 impietate,
889 2239 936 2273 qui
970 2239 1011 2265 rel
1047 2239 1117 2274 apud
1137 2247 1167 2267 se
1184 2241 1320 2275 cogitarit.
1341 2241 1365 2267 is
1388 2240 1420 2267 ad
1441 2246 1552 2267 mortem
1574 2241 1703 2268 continuo
1724 2242 1839 2275 rapitur.
1858 2241 1919 2270 Jam

297 2285 343 2320 qui
367 2285 431 2320 legis
456 2285 488 2310 ad
509 2288 640 2319 praecepta
664 2284 743 2312 rebus
765 2285 792 2310 in
807 2284 935 2312 omnibus
957 2285 1155 2317 adhmrescunt,
1186 2286 1354 2320 propositum
1384 2286 1417 2313 iis
1447 2287 1589 2321 prmmium
1624 2292 1676 2319 est,
1693 2294 1746 2314 non
1761 2293 1917 2322 argentum,

298 2331 457 2361 relatu-um.
474 2338 526 2357 non
544 2338 643 2358 corona
663 2338 697 2358 ex
728 2331 854 2364 oleastro,
889 2331 930 2358 vel
954 2333 1046 2367 appio,
1063 2338 1110 2360 aut
1142 2333 1251 2367 aliquod
1284 2332 1417 2367 ejusmodi
1449 2334 1612 2367 pra-.conium
1639 2342 1645 2360 :
1672 2333 1717 2360 sed
1741 2334 1919 2361 consci‘ntiaa

297 2377 413 2411 quisque
434 2385 490 2404 sure
512 2377 668 2404 testintonio
693 2375 767 2408 freti,
798 2377 871 2411 quod
897 2381 922 2404 et
951 2377 1088 2412 legislator
1107 2382 1168 2405 ante
1182 2378 1314 2412 praedixit.
1329 2382 1356 2405 et
1368 2377 1606 2405 Deusccrtissima:
1631 2379 1691 2404 liJei
1711 2379 1823 2413 pignore
1853 2387 1918 2406 con-

294 2423 423 2456 ﬁrmavit,
451 2425 570 2451 futurum
590 2425 701 2452 omnino
725 2425 845 2456 credant,
869 2431 898 2452 ut
923 2426 968 2460 qui
993 2426 1064 2460 leges
1083 2425 1426 2456 constanterservaveriut,
1454 2425 1487 2452 iis
1497 2433 1569 2457 vero,
1598 2429 1728 2452 utearum
1748 2433 1831 2452 causa
1853 2433 1921 2453 uou-

297 2478 435 2504 uuuqnam
452 2476 584 2506 oporteat.
600 2476 687 2498 morte
701 2471 827 2498 alacriter
839 2475 1002 2507 strenueque
1015 2471 1177 2506 perfunctis,
1202 2476 1228 2498 et
1238 2479 1337 2498 novum
1346 2471 1472 2505 deinceps
1481 2478 1582 2501 ortum.
1604 2476 1631 2498 et
1657 2471 1718 2498 vita:
1743 2471 1866 2498 vicissim
1876 2471 1916 2499 al.-

299 2516 383 2542 terius
395 2516 524 2551 longeque
534 2517 652 2544 melioris
663 2516 779 2544 fructum
789 2516 859 2545 Deus
870 2518 926 2552 ipse
938 2518 1077 2554 largiatur.
1098 2517 1163 2551 Quae.
1178 2517 1296 2553 profecto
1305 2517 1450 2545 scriberem
1471 2517 1528 2552 ipse
1548 2517 1915 2552 nunquam,nisicoguitum

1167 2584 1223 2619 (5i)
1251 2584 1580 2622 ‘E‘fovm’ur._‘E§ous_-iav
1598 2585 1642 2622 hic
1659 2585 1719 2622 ἀντι
1732 2585 1782 2622 τῆς
1803 2595 1914 2622 περιου-

336 2583 390 2618 (49)
410 2584 555 2610 Σκώπτων
573 2583 706 2619 συχνὼς,
727 2589 778 2611 etc.
799 2585 951 2618 Corruptus
972 2585 1016 2612 hic
1037 2585 1074 2613 ιο·
1095 2590 1116 2617 D

1133 2620 1192 2651 σίας
1217 2628 1362 2654 usurpasse
1391 2619 1497 2646 videtur
1522 2619 1666 2654 Just-phus,
1692 2620 1742 2646 nisi
1758 2619 1849 2648 tamen
1871 2622 1913 2649 ui-

296 2626 358 2649 cus,
374 2627 406 2644 ex
422 2618 539 2652 Just-pho
558 2625 658 2652 partem
685 2621 829 2646 maximam
855 2620 959 2647 restitui
979 2625 1076 2654 potest,

297 2654 362 2691 dum
385 2654 425 2691 ita
443 2654 522 2691 legit,
535 2654 669 2691 emptio/3
684 2655 767 2689 συχνά
781 2663 822 2686 τις
844 2654 876 2691 iv
896 2655 980 2691 εὖροε
996 2656 1077 2691 ῥᾴονα

297 2689 371 2716 ὄντα.
385 2689 432 2725 καὶ
443 2690 502 2725 ταῖς
514 2688 567 2715 τῶν
580 2689 684 2725 πολλῶν
694 2688 768 2717 αἴτια
783 2688 945 2725 συνηθείαις.
961 2688 1078 2718 Tantum

299 2732 348 2761 pro
363 2723 437 2761 αἴτια
453 2723 632 2761 Ιίιιεοὶιὶιιιιιιιιι
648 2724 752 2759 ἔγγιον,
774 2725 815 2752 vel
835 2723 986 2761 ἐγγύτερα,
1002 2725 1077 2754 sulIi-

298 2759 422 2786 cieudum
437 2758 497 2785 erit.

334 2794 388 2828 (50)
409 2794 523 2830 ᾼόῃους
539 2795 626 2828 τινὲς,
644 2799 696 2822 etc.
712 2795 803 2830 Longe
818 2795 915 2824 melius
933 2803 1013 2830 quam
1041 2801 1073 2823 ut

297 2835 339 2856 est
362 2830 389 2871 in
415 2828 533 2864 Josepho
570 2836 595 2857 et
622 2830 752 2863 illonlac.,
773 2828 878 2866 ἶνόμους
906 2828 980 2863 τινας
1006 2830 1075 2858 εἶναι

295 2872 414 2897 καινους.

1131 2656 1213 2682 miam
1249 2656 1366 2682 hominis
1400 2655 1450 2680 hoc
1471 2654 1497 2680 in
1522 2662 1618 2688 genere
1639 2655 1796 2690 παρρησίαν
1814 2664 1830 2683 a
1846 2665 1914 2684 nou-

1131 2691 1213 2717 ttullis
1227 2691 1380 2723 sugillatam
1396 2697 1457 2716 esse
1473 2690 1544 2716 velit.

1166 2725 1222 2759 (52)
1245 2725 1349 2751 Οὐδέν.
1366 2724 1435 2759 Lege
1451 2732 1512 2750 cum
1532 2723 1650 2758 Josepho
1661 2729 1687 2752 et
1698 2725 1745 2752 alt.
1761 2733 1912 2758 mauuscr.,

1130 2760 1184 2786 οὐδ’
1204 2761 1243 2787 ὲν.
1257 2759 1307 2796 Sed
1325 2760 1398 2796 quod
1419 2760 1567 2796 prox._lin.
1583 2760 1722 2796 sequitur,
1739 2760 1911 2796 προύὸομεν,

1131 2795 1348 2831 anteponendum
1360 2794 1403 2831 τῷ
1413 2815 1420 2824 ,
1435 2794 1616 2829 προάγομεν,
1634 2795 1706 2823 quod
1720 2794 1792 2823 idem
1800 2794 1911 2831 Joseph.

1129 2835 1154 2857 et
1171 2829 1285 2858 M’outue.
1304 2830 1441 2857 exhibent.
