2070 3206
162 187 212 214 625
733 184 893 212 PREPAR.
911 182 1036 211 EVANG.
1057 182 1120 209 LIB.
1143 181 1208 208 VllL
1727 179 1778 206 626

163 247 188 274 Id
207 244 349 272 omnibus
364 251 396 271 ac
418 244 565 279 perfectum
591 251 662 271 esse.
679 243 876 279 intelligerent,
901 242 1042 269 hominum
1067 242 1210 276 plerosque
1233 244 1399 272 nostrorum,
1433 246 1467 267 ne
1485 239 1525 266 vel
1554 246 1607 266 una
1623 239 1674 265 sibi
1684 243 1777 265 contra

162 294 245 329 369
259 293 346 329 legem
364 293 470 320 vocula‘
483 292 628 325 excideret,
658 292 750 318 omnia
784 292 840 326 jam
866 291 964 326 saepius
985 289 1090 317 fortiter
1106 289 1258 324 pertulisse.
1282 288 1360 321 Quod
1383 288 1405 315 si
1420 295 1474 314 non
1505 294 1591 322 usque
1608 286 1713 313 adeoin
1729 286 1778 312 ho-

163 341 268 367 tninum
301 339 433 366 omnium.
446 338 626 374 cognitionem
647 345 713 373 gens
731 342 823 364 nostra
853 337 981 368 venisset,
1002 343 1090 370 neque
1105 335 1242 370 singulare
1255 334 1403 362 voluntatis
1416 339 1516 360 nostra
1532 333 1661 364 studium,
1675 339 1729 367 quo
1742 332 1779 359 lc-

163 387 242 421 gibus
272 385 460 420 obsequimur,
495 385 521 411 in
541 391 635 411 eorum
667 383 753 410 oculis
776 391 807 410 ac
833 382 892 409 luce
907 386 1062 409 versaretur
1079 391 1086 408 :
1104 381 1127 408 si
1144 382 1206 415 quis
1238 381 1390 413 exsisteret,
1404 381 1451 414 qui
1467 379 1507 406 vel
1527 379 1649 406 instituta
1675 384 1778 411 nostra,

162 441 223 467 qua:
238 432 375 466 descripta
390 431 443 458 abs.
454 438 513 458 sese
542 430 653 458 dioeret.
670 428 771 456 Graecis
789 428 962 456 audientibus
982 429 1118 460 recitaret,
1143 431 1189 453 aut
1202 431 1278 454 extra
1301 427 1357 453 noti
1376 426 1451 453 orbis
1487 425 1628 456 terminos,
1645 425 1671 450 in
1687 432 1734 451 eos
1750 432 1780 451 se

163 478 262 505 alicubi
289 477 414 504 homines
437 476 566 503 incidisse
591 479 724 506 narraret,
748 474 793 508 qui
811 481 873 500 cum
892 478 944 499 tam
965 473 1083 507 graviter
1101 480 1132 499 ac
1147 473 1263 500 sublime
1285 472 1317 499 de
1332 472 1386 498 Deo
1407 471 1548 503 sentirent,
1579 476 1634 497 tum
1651 470 1730 496 etiam
1747 470 1779 496 iis

156 525 268 563 legitis
299 525 379 559 plura
407 524 465 559 jam
481 523 579 551 saecula
596 522 815 550 constantissime
831 522 974 548 viverent:
995 520 1119 554 equidem
1147 519 1173 546 in
1196 525 1302 546 summa
1319 525 1415 544 omnes
1439 516 1616 544 admiratione
1631 521 1686 542 tum
1706 515 1779 541 futu-

238 571 378 611 Qgstimo,
412 577 473 597 cutn
494 569 527 596 iis
547 569 628 596 simul
654 572 708 594 Iam
730 567 886 594 crebrarutn
907 567 978 602 apud
999 574 1027 594 se
1043 565 1253 594 conversionum
1270 565 1296 592 in
1311 569 1428 592 tuentem
1443 564 1556 592 veniret.
1572 562 1716 590 Enimvero
1732 563 1780 596 qui

313 615 391 642 aliine
411 616 539 650 quiddam
556 623 588 642 ac
608 615 696 642 simile
709 615 743 642 de
759 615 852 649 repub.
876 619 902 642 et
934 614 1039 649 legibus
1053 614 1171 641 scribere
1186 613 1276 640 conati
1293 617 1365 644 sunt,
1383 620 1429 639 eos
1461 612 1539 646 quasi
1561 615 1682 638 monstra
1707 618 1781 644 quae-

243 658 410 695 ~oﬁrodigia
439 661 666 695 composuissent,
690 666 718 688 et
737 666 897 696 argumenta
929 661 1057 688 humanis
1073 660 1176 687 viribus
1209 659 1312 694 majora
1346 659 1537 693 suscepissent,
1560 656 1719 692 reprehendi
1747 657 1780 684 ab

163 708 291 734 omnibus
304 712 329 734 ct
341 707 465 733 accusari
478 707 610 734 videmus.
633 707 708 734 Alios
719 715 769 741 ego
788 707 966 742 philosophos
985 711 1128 742 prtctereo,
1145 705 1192 740 qui
1224 705 1250 732 in
1272 704 1352 732 simili
1367 704 1558 739 disputationis
1573 709 1669 738 genere
1682 702 1780 729 versati

164 758 237 781 sunt.
252 753 327 780 Plato
339 759 410 780 certe
429 752 548 787 quidem,
578 752 601 780 is
621 752 668 787 qui
683 757 791 787 propter
820 752 985 785 singularem
1004 752 1066 779 vita:
1078 759 1239 786 morumque
1250 751 1420 786 gravitatem,
1435 755 1462 777 et
1482 750 1608 777 eximiam
1630 748 1735 777 dicendi
1750 755 1781 774 ac

163 799 343 834 persuadendi
367 799 442 831 vim,
469 806 522 832 qua
552 798 775 833 philosophorum
804 799 943 825 nationem
963 798 1042 832 longe
1075 797 1223 832 superavit,
1256 796 1411 824 Grmcorum
1429 796 1550 823 omnium
1568 802 1615 822 ore
1638 795 1671 821 ad
1699 794 1781 820 mira-

163 846 257 872 culum
292 852 377 878 usque
411 844 564 871 celebratur
581 853 587 871 :
606 844 660 875 ille,
678 845 799 879 inquam,
822 843 908 876 Plato,
934 851 1041 876 eorum,
1075 844 1123 878 qui
1144 843 1244 878 aliquid
1263 850 1292 870 se
1314 843 1342 869 in
1373 850 1430 877 rep.
1456 841 1572 876 gerenda
1596 840 1688 867 videre
1710 839 1781 866 arbi-

163 895 281 921 trantur,
299 890 355 917 risu
391 897 474 924 prope
505 897 537 916 ac
563 890 649 917 sibilis
673 894 800 924 tauquam
825 890 851 916 in
877 890 981 916 theatro
1001 897 1138 924 scenaqtte
1154 889 1329 916 traducitur:
1350 889 1428 923 cujus
1449 894 1538 916 tamen
1561 888 1583 915 si
1605 887 1667 922 quis
1682 887 1732 913 hac
1748 885 1782 912 de

163 943 192 963 re
215 936 317 970 scripta
352 935 493 969 diligenter
518 935 657 967 evolverit,
685 936 707 963 is
732 936 854 962 molliora
890 935 1028 970 pleraque,
1048 935 1176 969 vulgique
1201 935 1391 962 consuetudini
1424 934 1570 965 admodum
1605 932 1712 969 gemina
1738 938 1782 958 re-

163 982 258 1017 periet.
273 980 340 1008 Nam
357 981 415 1014 ipse
432 981 542 1015 quidem
566 981 603 1008 ita
626 982 778 1016 prolitetur,
804 989 894 1008 veram
927 981 959 1007 de
979 981 1035 1007 Deo
1050 981 1216 1008 sententiam
1251 980 1434 1008 multitudinis
1449 981 1568 1008 stultitia
1591 985 1687 1007 secure
1708 985 1782 1004 com-

162 1027 234 1055 mitti
253 1034 307 1054 non
337 1034 427 1061 posse.
453 1027 586 1054 Canerum
611 1029 660 1055 ista
686 1027 807 1055 Platonis
843 1028 965 1055 instituta
986 1032 1059 1061 sunt,
1075 1028 1174 1063 quibus
1188 1028 1270 1055 verba
1302 1033 1405 1055 tantum
1423 1029 1526 1060 inania,
1539 1033 1565 1055 et
1575 1026 1782 1062 exquisitoquo—

163 1073 226 1100 dam
255 1072 370 1099 artificio
398 1077 523 1099 contexta
547 1073 700 1101 vidcantur.
727 1075 762 1102 At
791 1074 945 1110 Lycurgum
965 1075 1036 1109 quod
1071 1076 1177 1108 attinet,
1210 1075 1285 1102 illum
1305 1083 1400 1102 omnes
1419 1076 1445 1102 in
1468 1075 1647 1102 admiratione
1670 1073 1782 1106 habent,

164 1118 346 1154 Spartamque
371 1118 423 1145 hoc
448 1119 618 1152 potissimum
646 1121 756 1148 nomine
784 1121 943 1155 prtcdicaut,
964 1120 1035 1156 quod
1059 1120 1146 1155 ipsius
1158 1121 1184 1147 in
1199 1121 1303 1156 legibus
1331 1121 1484 1149 diutissime
1514 1120 1688 1155 acquieverit.
1711 1119 1782 1154 Ergo

163 1167 284 1200 primum
312 1165 365 1191 hoc
390 1164 540 1198 habemus,
576 1166 685 1194 virtutis
714 1173 873 1202 argumento
899 1175 969 1199 esse,
989 1167 1062 1201 quod
1087 1167 1191 1202 legibus
1217 1168 1412 1202 obtemperent.
1440 1167 1541 1196 Deinde
1573 1173 1709 1203 prtecones
1736 1167 1780 1193 isti

162 1211 451 1242 Lacedaemoniorum,
480 1212 607 1246 exiguum
652 1213 760 1240 illorum
791 1214 952 1241 constantiw
971 1218 1077 1248 tempus
1111 1221 1174 1241 cum
1204 1213 1311 1241 duobus
1328 1219 1354 1241 et
1366 1214 1482 1249 amplius
1495 1214 1562 1248 reip.
1580 1218 1679 1241 nostrae
1694 1220 1781 1239 anno-

162 1266 223 1286 rum
239 1259 359 1286 millihus
373 1258 516 1286 conferant
535 1269 541 1286 :
559 1264 615 1286 tum
634 1261 670 1288 ita
692 1269 783 1288 secum
818 1261 868 1296 ipsi
900 1265 1028 1296 reputent
1054 1261 1273 1289 Lacedaemonios
1306 1260 1435 1296 quamdiu
1469 1260 1556 1287 solum
1584 1259 1722 1293 antiquam
1747 1257 1781 1284 li-

162 1306 294 1334 benatem
312 1305 429 1332 retinere
447 1310 602 1340 potuerunt,
634 1314 745 1334 suarum
758 1315 868 1343 quoque
880 1308 968 1343 legum
989 1307 1137 1335 retinentes
1169 1307 1254 1335 fuisse
1272 1317 1278 1334 :
1298 1307 1343 1334 ubi
1359 1307 1430 1334 ettitn
1455 1307 1569 1334 fortunae
1593 1304 1781 1333 inclinationes

162 1351 241 1380 facta
250 1357 351 1385 essent,
371 1357 426 1378 tum
441 1360 534 1378 earmn
550 1353 630 1380 simul
646 1361 753 1380 omnem
777 1361 860 1389 prope
886 1354 1047 1381 memoriam
1082 1353 1205 1381 funditus
1236 1354 1367 1388 abjecisse
1381 1363 1387 1380 :
1401 1361 1461 1380 cum
1492 1353 1594 1380 interea
1623 1360 1672 1379 nos
1689 1350 1782 1377 inlini-

162 1399 198 1426 tis
218 1398 329 1425 casibus
350 1397 385 1424 ob
402 1397 558 1432 frequentes
585 1406 678 1434 regum
695 1399 767 1428 Asiae
801 1399 965 1427 mutationes
982 1399 1088 1434 jactati,
1108 1399 1190 1435 370
1204 1407 1238 1427 ne
1268 1400 1294 1426 in
1311 1400 1445 1434 supremis
1458 1399 1566 1434 quidem
1588 1397 1716 1433 periculis
1731 1404 1783 1423 no-

163 1449 234 1473 ιιι-οε
270 1452 390 1479 unquam
423 1445 495 1480 leges
525 1445 705 1480 prodidimus.
729 1456 738 1472 ι
762 1445 899 1474 llactenus
916 1446 998 1473 etiam
1017 1445 1152 1481 Josephus
1180 1447 1213 1474 de
1243 1445 1399 1473 Iudaeorum
1426 1453 1484 1479 rep.
1513 1452 1527 1471 a
1550 1443 1624 1471 Mose
1648 1442 1781 1470 instituta.

161 1489 223 1518 iam
247 1498 322 1520 vero.
335 1498 396 1518 cum
411 1491 494 1517 tnttlta
511 1491 544 1518 de
570 1492 731 1520 adumbrato
749 1492 867 1527 quodam
893 1497 919 1519 et
935 1492 1081 1528 allegorica
1098 1492 1264 1521 sancitarum
1283 1492 1317 1519 ab
1345 1499 1377 1519 eo
1393 1491 1481 1526 legum
1505 1498 1586 1517 sensu
1618 1494 1783 1516 commemo-

162 1545 225 1564 rare
241 1537 353 1570 possim,
379 1537 499 1565 Eleazari
514 1543 602 1566 tamen
635 1542 662 1566 et
693 1539 844 1568 Aristobuli
871 1539 1052 1574 explicatione
1076 1543 1222 1568 contentus
1235 1546 1294 1572 ero,
1309 1539 1354 1574 qui
1376 1539 1456 1565 ambo
1468 1542 1495 1565 et
1508 1545 1591 1573 genus
1607 1536 1640 1562 ab
1663 1534 1783 1562 llebrmis

163 1591 245 1611 suum
265 1585 422 1620 longissime
444 1590 577 1620 repetunt,
593 1590 620 1613 et
635 1586 772 1614 Ptolemaei
789 1587 861 1622 regis
876 1592 1008 1621 .tempore
1034 1587 1194 1623 floruerunt.
1223 1587 1368 1614 Eleazarus
1395 1586 1487 1621 igitur,
1503 1585 1526 1612 is
1557 1591 1636 1618 quem
1658 1582 1783 1610 sacerdo-

163 1631 194 1658 tii
211 1631 342 1667 dignitate
358 1633 514 1668 praestitisse
527 1633 607 1668 paulo
622 1639 684 1663 ante
702 1635 856 1666 docuimus,
871 1634 967 1670 legatis
992 1635 1029 1662 'ad
1052 1643 1112 1663 sese
1126 1635 1161 1663 ab
1174 1643 1236 1671 rege
1259 1635 1362 1667 missis,
1389 1633 1535 1660 Hebraicas
1561 1632 1665 1659 litteras
1691 1630 1783 1658 Graeca

163 1677 256 1713 lingua
276 1679 394 1709 donandi
416 1681 548 1708 rationem
577 1681 739 1714 informans,
759 1683 792 1710 de
812 1682 955 1718 allegorica
979 1683 1112 1711 sententia
1136 1683 1289 1711 divinarum
1315 1681 1405 1716 legum
1419 1679 1508 1707 verbis
1523 1678 1626 1705 inclusa
1641 1684 1701 1704 eam
1722 1683 1783 1711 quae

163 1727 288 1762 sequitur
303 1726 514 1763 disputatimtem
532 1729 657 1757 instituit.

427 1785 624 1811 ΚΕΦΑΛΑΙΟΝ
648 1786 688 1812 ϐ’.

1302 1782 1416 1811 CAPUT
1440 1782 1485 1810 lx.

170 1838 346 1880 Ἐτιεαςάροο
361 1840 517 1880 ἁρχιερᾴῳς
542 1843 736 1880 omne:qu
758 1843 814 1877 τῆς
840 1844 875 1870 ἐν
889 1844 951 1880 τοῖς

1004 1841 1149 1880 Eleazertts
1168 1841 1286 1880 pontifex
1305 1839 1440 1880 ellegort'ci
1468 1846 1558 1880 sensus
1579 1838 1663 1878 sacris
1679 1836 1784 1878 legibus

199 1872 301 1938 1155372";
302 1872 420 1944 gilii-Ili;
421 1872 697 1938 υᾰλλήγορουμένης
722 1872 865 1912 διαιλὸίας,
891 1872 951 1906 dm}
1037 1877 1132 1904 inclusi
1151 1872 1282 1904 notionem
1302 1872 1441 1909 informat,
1457 1881 1489 1901 ex
1508 1873 1617 1902 Aristwi
1632 1872 1748 1900 scrivtis.

202 1973 212 1989 ί
229 1964 318 1996 Ἀξνιν
345 1965 373 1994 δὲ
387 1966 584 2002 ἐπιμνησθῆναι
609 1967 731 2003 βραχέων
754 1969 808 2004 (55)
823 1969 877 1996 τῶν
891 1970 952 1995 ὑπο-

163 2006 323 2042 δειχθέντων
348 2009 392 2036 ὑπ’
414 2010 495 2036 αὑτοῦ
522 2012 589 2048 πρὸς
609 2012 643 2038 τὰ
661 2013 694 2039 δι’
721 2013 798 2048 ἡμῶν
819 2014 950 2049 ὲπιζητη-

166 2050 255 2079 θέντα.
271 2053 398 2088 Νομῐζειν
425 2054 479 2090 γὰρ
502 2057 556 2088 τοῖς
583 2056 689 2088 πολλοῖς
713 2057 768 2093 (54)
793 2060 951 2094 περιεργίαν

166 2096 238 2132 ἔχειν
252 2099 376 2127 τινὰτῶν
388 2101 416 2126 ὲν
431 2103 463 2136 τῇ
477 2103 628 2138 νομοθεσίᾳ·
644 2103 714 2138 λέγω
726 2104 754 2130 δὲ
770 2105 832 2140 περί
843 2114 872 2131 τε
885 2105 952 2141 βρω-

163 2144 219 2171 τῶν
229 2146 275 2171 καὶ
288 2146 387 2179 ποτῶν,
403 2149 449 2174 καὶ
461 2148 513 2175 τῶν
539 2148 722 2185 νομιζομένων
735 2150 895 2186 ἀκαθάρτων
911 2149 951 2177 εῖ-

165 2199 208 2218 ναι
221 2191 371 2220 κνωδάλων.
385 2193 595 2229 Πυνθανομένων
611 2196 664 2231 γὰρ
676 2196 755 2231 ἡμῶν
768 2196 812 2223 διὰ
825 2197 862 2229 τί,
886 2198 951 2233 μιᾶς

165 2237 318 2273 καταϐολῆς
331 2237 423 2274 οὔσης,
439 2239 472 2266 τὰ
487 2239 538 2274 μὲν
559 2241 701 2277 ἀκάθαρτα
724 2243 865 2277 νομίζεται
883 2244 950 2279 πρὸς

165 2281 277 2318 βρῶσιν.
292 2283 327 2310 τὰ
340 2283 367 2310 δὲ
381 2285 428 2312 καὶ
443 2285 509 2321 πρὸς
522 2286 570 2321 τὴν
591 2287 671 2322 ἁφήν·
684 2288 884 2324 δεισιδαιμόνως
897 2289 951 2325 γὰρ

164 2327 199 2354 τὰ
216 2329 327 2355 πλεῖστα
339 2329 387 2365 τὴν
406 2331 564 2365 νομοθεσίαν
575 2332 655 2369 ἔχειν’
678 2334 706 2359 ὲν
733 2334 761 2360 δὲ
776 2334 879 2366 τούτοις
901 2335 952 2361 πά-

164 2373 206 2401 λιν
220 2374 425 2410 δεισιδαιμόνως
439 2376 493 2412 (55)
505 2377 573 2412 πρὸς
594 2377 680 2405 ταῦτα
700 2379 785 2411 οὕτως
809 2379 949 2415 ἐνήρξατο·

164 2419 283 2456 Θεωρεῖν
294 2421 349 2456 (56)
367 2421 418 2457 ἔφη
434 2423 483 2454 τὰς
512 2424 684 2459 ἀναστροφὰς
701 2425 747 2451 καὶ
766 2426 814 2457 τὰς
832 2425 950 2460 ὁμιλίας,

164 2463 220 2492 οἷον
231 2467 422 2502 ἐνεργάζονται
436 2470 557 2504 πρᾶγμα·
569 2470 646 2501 διότι,
659 2472 753 2502 κακοῖς
763 2471 950 2506 ὁμιλήσαντες,
967 2483 991 2510 Β

163 2512 328 2548 διαστροφὰς
344 2513 572 2549 ἐπιλαμϐάνουσιν
588 2516 735 2551 ἅνθρωποι,
751 2517 797 2544 καὶ
811 2518 951 2544 ταλαίπω-

166 2566 208 2594 ροι
223 2558 266 2585 διὰ
277 2559 324 2585 τοῦ
338 2560 387 2595 ζῇν
406 2562 483 2587 εἰσιν·
500 2561 546 2588 ἐὰν
572 2562 600 2588 δὲ
629 2565 719 2596 σοφοῖς
743 2563 789 2590 καὶ
809 2564 950 2600 φρονίμοις

165 2604 292 2636 συζῶσιν,
304 2605 333 2637 ἐξ
347 2606 458 2640 ἀγνοίας
474 2607 683 2642 ἐπανορθώσεως
703 2610 741 2640 εἰς
755 2609 801 2634 τὸν
821 2609 877 2644 βίον
891 2609 950 2636 ἐτυ-

163 2657 220 2684 ιον.
243 2650 465 2686 Διαστειλάμενος
487 2650 533 2679 οὖν
555 2653 589 2679 τὰ
610 2655 658 2688 τῆς
683 2654 818 2686 εὐσεϐείας
843 2655 890 2681 καὶ
912 2654 949 2680 ὄι-

198 2737 256 2780 (55ξ
278 2739 518 2780 Ἐπιμηρσθῆναι
538 2741 687 2776 βραχέων.
716 2742 804 2769 Malim
822 2743 865 2769 διὰ
882 2743 947 2779 βρα-

163 2771 465 2810 χέῴνςὲπιμνήσθῆναιί
538 2771 546 2773 ἡ
559 2771 568 2775 ⁷
600 2771 620 2776 Π
882 2771 887 2778 ι
901 2771 906 2779 ⁸

166 2809 277 2872 “933:3;
288 2809 351 2842 Τοῖς
372 2809 506 2844 πολλοῖς.
533 2811 728 2847 Reponeudum
757 2812 862 2872 videto:-
885 2815 948 2845 τοὺς

198 2862 371 2919 ἕξὲῑῗὴάλιν
382 2880 616 2916 δεισιδαιμόνως.
629 2883 660 2908 At
668 2884 774 2913 istmas,
786 2862 950 2910 latn‘manu-

164 2919 283 2949 scriptus
300 2923 379 2949 quam
404 2924 533 2951 excusas,
556 2918 625 2945 πάνυ
647 2923 749 2946 tantum
769 2919 861 2946 inserit
879 2925 950 2946 inter

1041 1975 1051 1991 ι
1074 1965 1162 1999 Atque
1173 1964 1228 1996 hic,
1241 1963 1330 1997 inquit
1343 1962 1484 1995 Aristaeus,
1497 1969 1584 1996 opera:
1598 1961 1714 1996 pretium
1727 1961 1785 1986 fue-

1003 2013 1048 2045 rit,
1068 2018 1173 2042 eorum,
1191 2017 1252 2044 qua:
1267 2009 1300 2036 ad
1314 2008 1468 2043 propositas
1491 2015 1506 2034 a
1525 2007 1604 2034 nobis
1619 2007 1784 2042 quaestiones

1002 2058 1061 2092 ipse
1085 2057 1236 2092 respondit,
1265 2055 1360 2090 paucis
1388 2054 1546 2082 meminisse
1569 2063 1576 2080 :
1601 2053 1701 2087 quippe
1722 2059 1783 2080 Cum

1004 2103 1136 2130 mintttant
1154 2103 1236 2129 nimis
1251 2101 1413 2136 quibusdam
1432 2100 1459 2126 in
1475 2100 1556 2126 rebus
1573 2097 1733 2134 legislatoris
1744 2098 1785 2123 di-

1003 2151 1142 2186 ligentiam
1160 2149 1245 2177 fuisse
1260 2149 1383 2183 plerique
1408 2146 1575 2174 arbitrentur
1597 2155 1603 2172 :
1632 2144 1785 2179 cujusmodi

1003 2201 1077 2230 sunt,
1092 2203 1153 2231 quae
1163 2196 1196 2223 de
1206 2195 1407 2222 esculentorum
1423 2201 1455 2220 ac
1469 2193 1674 2228 poculentorum
1689 2189 1786 2219 discri-

1003 2243 1086 2274 mine,
1103 2242 1223 2277 itemque
1247 2241 1280 2269 de
1302 2241 1471 2275 impurarum
1494 2238 1672 2266 animantium
1690 2236 1786 2263 condi-

1005 2289 1079 2315 tione
1094 2292 1262 2315 statuuatur.
1272 2287 1353 2315 Nobis
1363 2294 1428 2320 ergo
1441 2283 1672 2320 percontantibus,
1690 2288 1787 2317 quata-

1003 2333 1107 2364 obrem,
1139 2341 1200 2360 eum
1225 2341 1286 2361 una.
1302 2333 1426 2360 omnium
1445 2337 1518 2358 esset
1535 2329 1684 2363 eademque
1708 2327 1787 2354 moli—

1003 2379 1052 2409 tio,
1071 2378 1132 2404 aliis
1144 2382 1233 2405 tamen
1249 2378 1332 2410 vesci,
1352 2378 1403 2404 alia
1422 2377 1463 2403 vel
1481 2377 1624 2410 attingere,
1650 2373 1785 2408 piaculum

1004 2424 1150 2452 haberetur
1171 2433 1178 2451 :
1203 2424 1261 2451 ham
1286 2424 1358 2451 enim
1383 2422 1574 2457 superstitiose
1595 2425 1623 2447 ut
1639 2419 1786 2454 plurimum

1004 2469 1062 2504 lege
1089 2469 1193 2497 sancita
1217 2477 1288 2501 esse,
1308 2476 1369 2503 qua:
1393 2475 1446 2495 tton
1462 2468 1554 2494 minus
1570 2465 1758 2500 superstitiose
1772 2471 1787 2490 a

1004 2515 1105 2543 ludatis
1120 2516 1300 2543 observentur
1318 2527 1324 2542 :
1348 2515 1393 2541 ille
1408 2515 1480 2541 hunc
1502 2513 1528 2539 in
1545 2512 1654 2540 modum
1677 2518 1784 2545 respon-

1003 2563 1067 2590 dere
1080 2561 1162 2596 coepit
1175 2571 1181 2588 :
1204 2560 1294 2594 Vides,
1315 2561 1413 2595 inquit,
1426 2561 1494 2594 ipse,
1510 2563 1611 2594 quanta
1626 2558 1666 2585 vis
1679 2558 1714 2584 sit
1728 2565 1788 2585 mu-

1003 2613 1056 2635 tua:
1072 2607 1279 2635 consuetudinis
1291 2611 1373 2641 atque
1387 2605 1527 2634 soeietatis
1543 2614 1549 2631 :
1564 2612 1625 2632 cum
1643 2608 1669 2631 et
1687 2603 1788 2638 impro-

1003 2655 1099 2681 borum
1127 2661 1159 2681 ex
1186 2652 1360 2684 commercio,
1382 2659 1490 2681 morum
1514 2650 1695 2685 corruptelam
1715 2649 1788 2684 ejus-
1805 2655 1811 2662 '

1005 2743 1084 2770 πάλιν
1106 2747 1132 2769 et
1150 2741 1370 2775 δεισιδαιμόνως,
1399 2740 1471 2775 quod
1493 2739 1618 2767 lacunam
1642 2738 1708 2775 satis
1733 2743 1787 2775 non

1004 2779 1101 2809 explet.
1117 2777 1198 2804 Forte
1213 2777 1252 2804 sic
1265 2772 1415 2811 legendum
1424 2780 1451 2802 et
1463 2772 1786 2811 distinguendumfuerit,

1004 2808 1086 2840 πάλιν
1101 2812 1170 2839 πάνυ
1185 2808 1387 2846 δεισιδαῖμόνως
1401 2812 1463 2842 τοὺς
1480 2808 1621 2840 Ἰουδαίους
1631 2809 1694 2846 Lvel
1708 2808 1788 2843 ἀρχο-

1005 2848 1100 2884 μένονς
1112 2843 1357 2884 διακεῖσθαιητέρὸς
1370 2845 1552 2884 ταῦταηοῦτως
1567 2843 1709 2884 ὲνῄρξατο.

1041 2883 1096 2917 (56)
1117 2882 1249 2917 Θεωρεὶν.
1276 2881 1347 2916 Lege
1370 2882 1482 2917 θεωρεῖς
1504 2889 1565 2908 cum
1589 2881 1721 2911 Arist-ea;
1747 2883 1788 2905 ext

1004 2920 1075 2946 enim
1093 2919 1225 2946 orationis
1238 2917 1356 2945 Eleazari
1373 2917 1547 2949 principium.
