2070 3206
308 173 360 201 627

625 171 759 200 EUSEBll
777 170 1018 198 CA’ISARIENSIS
1037 170 1113 198 OPP.
1135 170 1225 198 PARS
1244 171 1276 199 11.
1295 186 1330 192 --
1350 171 1601 201 APOLOGETICA.

1869 175 1921 203 628

309 234 394 265 modi,
407 240 468 268 quae
484 233 511 260 in
528 233 609 259 totius
620 232 682 259 vitae
695 236 797 266 pestem
813 232 956 263 redundet,
979 231 1088 259 auferre

1141 231 1285 267 καιοσύνης
1316 231 1424 267 πρῶτον
1459 233 1474 259 ό
1501 233 1649 269 νομοθέτης
1679 232 1772 268 ἡμῶν,
1809 234 1856 260 καὶ
1880 233 1921 260 δι-

309 279 389 313 vulgo
405 279 525 310 soleant;
545 281 572 304 et
585 277 747 311 sapientium
765 284 798 303 ac
808 277 982 311 prudentium
996 276 1086 303 homi-

308 333 374 353 num
390 323 569 355 familiaritas,
587 322 674 357 pulsis
692 322 852 357 ignorantize
867 322 997 355 tenebris,
1009 322 1087 357 longe

308 372 445 399 saniorem
461 368 633 397 instituendas
642 369 703 395 vita!
713 368 844 395 rationem
859 369 981 396 edoceat.
998 367 1088 401 Quare

307 417 445 451 legislator
462 419 566 447 noster,
588 423 649 450 quae
671 415 705 442 ad
727 415 885 449 religionem
899 414 1089 449 justitiamque

307 462 496 494 pertinebant,
529 465 592 488 ante
618 460 709 488 omnia
737 460 875 495 sigillatim
905 465 932 487 et
949 460 1088 487 enucleate

306 507 473 539 constitutis,
490 511 572 541 atque
588 506 635 537 ita,
654 510 683 532 ut
697 513 752 532 non
772 506 854 533 modo
867 506 990 534 criminis
1003 513 1088 540 genus

305 560 388 580 omne
405 553 541 587 conceptis
558 552 636 587 37]
653 552 743 579 verbis
757 552 924 586 prohiberet,
945 553 991 579 sed
1005 552 1087 579 etiam

307 606 402 631 poenas
423 597 553 624 divinitus
576 604 590 623 a
613 596 746 623 scelerum
769 596 927 623 ancteribus
956 596 1088 630 expetitas

305 643 386 678 quasi
413 643 497 677 digito
511 641 643 669 indicaret
662 641 792 677 (primum
817 642 889 668 enim
909 641 960 668 hoc
986 642 1087 675 posuit,

307 689 392 716 Deum
407 697 490 716 unum
504 695 574 719 esse,
589 687 666 721 eujus
681 694 741 714 sese
754 687 836 715 rebus
852 687 878 714 in
896 687 1023 715 omnibus
1040 696 1088 723 po-

307 741 393 764 testas
411 739 515 768 exerat,
545 743 607 762 cum
623 736 665 762 vis
683 734 769 770 ipsius
780 734 871 762 omnia
889 739 1030 768 permeet:
1045 734 1087 761 ni-

309 779 344 806 hil
361 786 424 805 eum
441 786 555 812 prorsus
569 780 662 811 latere,
681 780 754 813 quod
772 779 799 805 in
817 779 896 806 terris
920 779 954 806 ab
971 779 1085 806 homini-

306 825 358 852 bus
373 825 491 852 obscure
505 825 568 852 licet
582 826 742 860 occulteque
753 825 799 852 liat
813 834 820 852 :
836 825 891 852 imo
908 833 961 852 non
979 833 1010 852 ea
1025 830 1087 852 tan-

307 876 375 901 tum.
392 878 453 905 quae
465 871 554 905 reipsa
578 871 654 903 ﬁant,
669 872 715 898 sed
727 871 808 897 etiam
837 879 902 905 quae»
912 871 1003 898 futura
1022 872 1086 904 sint,

1136 277 1217 309 δάξας
1259 278 1362 304 ἕκαστα
1402 278 1465 313 περὶ
1503 278 1604 304 τούτων
1646 279 1696 305 οὐκ
1740 279 1923 314 ἀπαγορευτι-

1138 324 1194 355 κῶς
1234 324 1328 359 μόνον,
1376 323 1432 350 ἀλλ’
1467 324 1640 356 ὲνδεικτικῶς
1677 324 1750 359 (57),
1792 326 1838 351 καὶ
1872 326 1922 358 τὰς

1138 370 1239 407 βλάᾇας
1265 370 1414 406 προδήλους
1442 371 1488 397 καὶ
1521 371 1570 403 τὰς
1604 371 1657 398 ὑπὸ
1679 371 1747 397 Θεοῦ
1773 372 1922 407 γενομένας

1137 415 1294 450 ὲπιπομπὰς
1307 417 1362 446 τοῖς
1379 415 1475 447 αἰτίοις
1487 416 1672 451 (προῦπέδειξε
1685 416 1739 452 γὰρ
1749 416 1804 449 (58)
1815 417 1922 451 πρῶτον

1138 461 1254 492 πάντων,
1273 461 1313 487 ὅτι
1330 461 1409 496 μόνος
1423 463 1436 487 ὁ
1452 461 1517 493 Θεός
1531 463 1600 493 ἐστι,
1613 462 1660 488 καὶ
1672 462 1716 488 διὰ
1728 462 1836 488 πάντων
1847 464 1863 497 ἡ
1877 463 1923 489 δύ-

1137 515 1218 541 ναμις
1233 506 1315 533 αὑτοῦ
1330 507 1434 541 φανερὰ
1449 507 1562 541 γίνεται,
1586 508 1861 547 πεπληρωμένουῃ

1137 552 1219 579 τόπου
1235 553 1283 588 τῆς
1299 552 1467 584 δυναστείας,
1485 553 1531 580 καὶ
1547 553 1624 580 οὐθὲν
1639 554 1719 580 αὑτὸν
1733 551 1916 588 lam

1138 597 1184 624 ἐπὶ
1214 599 1266 632 γῆς
1284 597 1432 632 γινομένων
1457 598 1502 625 ὑπ’
1528 597 1677 633 ἀνθρώπων
1701 587 1829 636 apag

1137 642 1187 669 ὅσα
1199 642 1269 670 ποιεῖ
1283 649 1334 674 τις.
1345 643 1418 678 αὐτῷ
1431 642 1533 679 φανερὰ
1550 643 1700 678 καθέστηκε
1709 663 1717 674 ,
1735 634 1899 679 θεῶέῇ

1138 686 1216 714 λοντα
1230 687 1351 721 γίνεσθαι
1364 696 1371 702 ·
1393 687 1468 714 ταῦτ’
1482 686 1528 714 οὖν
1553 687 1764 723 ἐξεργαζόμενος
1790 681 1922 723 ἀκριϐῶς,

1138 732 1184 758 καὶ
1200 731 1319 766 πρόδηλα
1334 731 1400 763 θεὶς,
1419 731 1527 764 ἔδειξεν,
1552 732 1603 763 ὅτι,
1617 732 1664 758 καὶ
1683 731 1729 758 ἐὰν
1742 732 1853 767 ἐννοῖθῇ
1883 740 1926 763 τις

1138 777 1236 804 κακίαν
1252 777 1396 809 ἐπιτελεῖν,
1410 778 1460 803 οὐκ
1475 777 1507 804 ἂν
1520 777 1606 807 λάθοι,
1625 777 1661 812 μὴ
1676 778 1716 803 ὅτι
1734 777 1781 803 καὶ
1804 777 1923 812 πράξας,

1137 822 1170 849 δι’
1189 822 1252 858 ὅλης
1259 824 1308 858 τῆς
1321 822 1479 858 νομοθεσίας
1489 823 1520 849 τὺ
1533 822 1579 849 τοῦ
1591 822 1658 849 Θεοῦ
1670 822 1781 850 δυνατὸν
1790 822 1926 849 ἐνδεικνὺ-

1140 867 1241 903 μενος).
1252 868 1437 903 Ποιησάμενος
1457 866 1502 894 οὖν
1518 868 1566 903 τὴν
1581 868 1720 903 καταρχὴν
1733 868 1850 902 ταύτην,
1877 868 1926 895 καὶ

1766 508 1923 606 nurus

307 916 332 943 ei
347 915 452 948 cognita
467 915 522 949 jam
534 923 593 943 esse
604 921 685 950 atque
700 915 850 950 perspecta)
863 925 869 941 :
884 923 944 950 qua:
961 923 1022 942 cum
1042 916 1086 943 ille

1141 914 1234 947 δείξας,
1250 914 1291 941 ὃτι
1319 915 1417 945 πάντες
1439 914 1463 940 οί
1489 914 1576 940 λοιποὶ
1600 914 1664 949 παρ’
1681 915 1754 949 ἡμεῖς
1783 914 1924 949 ἅνθρωποι

309 964 365 986 tam
383 964 524 986 accurrate
542 963 759 994 persequeretur,
776 963 803 986 et
816 959 843 986 in
863 959 986 986 omnium
1000 960 1088 988 oculis

308 1005 462 1035 collocaret.
485 1005 567 1032 simul
585 1005 636 1038 hoc
651 1004 772 1039 profecto
784 1004 887 1037 docuit,
902 1005 1007 1032 nullum
1027 1012 1087 1031 om-

308 1050 374 1077 nino
391 1050 491 1081 scelus,
510 1049 552 1076 vel
575 1050 666 1076 animo
680 1054 783 1076 tantum
799 1054 826 1076 et
841 1050 1004 1083 cogitatione
1023 1057 1088 1080 eon-

308 1101 425 1130 ceptum,
444 1095 544 1122 nedum
568 1100 597 1121 ut
615 1096 701 1130 reipsa
727 1099 874 1129 patratum,
907 1095 992 1122 divini
1017 1095 1087 1123 oculi

308 1141 392 1168 aciem
409 1140 524 1175 eﬂugere
540 1147 620 1174 posse
637 1149 642 1166 :
661 1147 741 1175 quem
759 1140 784 1168 in
801 1140 893 1173 linem,
917 1140 1016 1166 summi
1033 1139 1090 1166 Nu-

309 1187 390 1214 minis
408 1189 568 1221 potestatem
593 1190 649 1213 tota
674 1186 775 1220 passim
799 1186 857 1221 lege
880 1190 1086 1213 conunonstrat.

309 1233 374 1260 lude
401 1233 482 1269 igitur
510 1233 676 1268 auspicatus,
694 1233 813 1261 ostendit
833 1233 974 1266 continuo,
997 1232 1020 1259 si
1040 1240 1089 1259 nos

309 1284 414 1307 tantum
444 1279 573 1314 excipias,
601 1279 734 1306 invectam
761 1279 794 1306 ab
817 1279 928 1314 reliquis
962 1278 1089 1306 omnibus

309 1326 420 1352 deorum
436 1333 496 1353 esse
512 1325 722 1358 multitudinem,
738 1333 799 1352 cum
827 1330 917 1352 tamen
932 1323 987 1351 ista
1004 1324 1089 1351 collu-

308 1371 352 1397 vie
365 1371 442 1405 longe
469 1371 634 1405 potentiores
659 1371 696 1397 illi
719 1371 769 1406 ipsi
787 1370 850 1402 sint,
867 1370 913 1404 qui
927 1369 1035 1397 divinos
1050 1369 1090 1396 ei-

310 1417 371 1444 deut
385 1417 501 1444 honores
517 1416 618 1444 frustra
632 1417 783 1452 slolideque
801 1417 930 1444 tribuant.
943 1415 1010 1443 Nam
1029 1423 1089 1450 quae

309 1462 352 1489 vel
367 1470 399 1489 ex
414 1462 513 1497 lapide,
533 1463 576 1490 vel
599 1470 632 1490 ex
648 1463 721 1497 ligno
735 1463 879 1490 simulacra
901 1461 1087 1492 conﬂaverint,

309 1509 440 1542 imagines
459 1508 568 1535 illorum
582 1515 642 1535 esse
657 1508 791 1539 dictitant,
805 1508 851 1542 qui
869 1507 969 1542 aliquid
984 1507 1088 1534 ducen-

308 1556 350 1582 dae
362 1555 423 1581 vitae
439 1554 613 1581 commodum
630 1554 796 1584 invenerint,
817 1560 941 1588 quosque
953 1552 1010 1579 suis
1024 1552 1088 1587 ipsi-

310 1601 364 1623 met
379 1597 466 1624 oculis
477 1597 550 1623 omni
565 1604 646 1626 Sensu
659 1604 752 1624 carere
762 1596 865 1629 vident,
879 1604 925 1623 eos
941 1596 1011 1623 ﬂexo
1021 1604 1090 1631 quo-

309 1649 363 1677 que
381 1650 450 1677 genu
475 1646 649 1669 venerantur.
674 1641 707 1668 Et
731 1641 839 1676 quidem
856 1649 888 1668 eo
908 1631 1089 1676 potissimum,

311 1688 382 1722 quod
401 1687 516 1722 alicujus
530 1687 568 1714 rei
581 1692 706 1714 auctores
729 1686 840 1720 fuerint,
858 1687 890 1714 ad
909 1689 979 1715 hanc
993 1688 1091 1716 divini-

311 1733 376 1760 tatis
387 1733 542 1768 opinionem
560 1733 669 1763 adduci,
688 1740 801 1767 prorsus
816 1733 906 1760 insani
919 1733 1015 1768 capitis
1027 1738 1068 1761 est
1082 1743 1089 1760 :

312 1779 410 1814 quippe
429 1779 476 1814 qui
503 1787 535 1806 ex
566 1779 599 1806 iis
628 1779 770 1811 duntaxat,
797 1787 857 1814 quae
883 1784 1021 1814 procreata
1034 1780 1090 1814 jam

311 1830 400 1856 erant,
412 1825 480 1852 inter
494 1832 554 1852 sese
568 1824 697 1851 nonnulla
712 1825 913 1860 conjunxerint,
939 1829 1020 1859 atque
1035 1825 1089 1852 uti-

313 1871 396 1898 li:at‘s
411 1870 512 1905 aliquid
525 1869 620 1899 allerre
635 1877 715 1904 posse
734 1869 914 1902 ostenderint,
931 1873 959 1896 at
973 1870 1091 1896 molitio-

313 1925 373 1943 nem
389 1924 483 1943 eorum
496 1925 529 1943 ne
542 1916 680 1951 attigerint
693 1916 813 1950 quidem.
831 1915 957 1943 Vecordis
969 1916 1051 1950 igitur
1060 1924 1092 1943 ac

312 1962 445 1990 dementis
462 1962 553 1996 fuerit,
575 1963 639 1990 huic
662 1962 803 1989 hominum
818 1963 908 1998 generi
924 1963 1091 1989 divinitatem

313 2008 448 2043 aliingere.
466 2008 610 2036 Enimvero
624 2008 810 2043 superioribus
838 2008 891 2036 illis
909 2009 987 2043 longe
1005 2008 1091 2035 soler-

313 2056 396 2081 tiores
412 2053 491 2080 hodie
513 2053 739 2088 quamplurimas,
764 2061 795 2080 ac
820 2062 910 2080 rerum
938 2053 1092 2087 cognitione

314 2099 516 2135 prmstantiorcs
531 2099 663 2131 invenias,
685 2106 754 2133 quos
779 2099 812 2125 ab
828 2099 886 2126 istis
904 2099 1015 2133 proinde
1031 2103 1091 2125 tan-

311 2153 393 2181 quam
411 2145 476 2172 deos
491 2145 542 2171 culi
557 2145 700 2179 oportebit.
721 2144 808 2179 Atque
821 2145 847 2171 hi
859 2145 1000 2171 numinum
1019 2144 1094 2172 ﬁcto-

312 2200 356 2219 res
366 2196 393 2219 et
404 2192 545 2218 architecti
557 2191 712 2218 Graecorum
729 2191 922 2225 sapientissimi
938 2191 1033 2218 audire
1044 2199 1092 2218 vo-

312 2238 380 2263 lunt.
396 2236 476 2272 (Quid
499 2237 571 2264 enim
594 2236 783 2272 Egyptiorum
805 2236 905 2267 dicam,
923 2237 1093 2271 aliorumque

311 2283 453 2313 similium,
470 2283 516 2317 qui
534 2283 560 2309 in
574 2282 650 2314 feris,
667 2282 841 2316 serpentibus
862 2289 894 2309 ac
906 2282 1090 2316 spurcissimis

311 2329 497 2356 animantibus
514 2336 561 2363 spe
576 2328 651 2355 omni
667 2329 809 2360 collocata,
823 2336 869 2355 eas
885 2328 985 2354 divinis
1003 2328 1091 2354 hono-
1116 2334 1117 2337 ‘

311 2374 386 2401 ribus
401 2379 482 2408 atque
495 2373 637 2401 sacriﬁciis
648 2381 701 2400 non
714 2373 835 2400 viventes
845 2373 935 2404 modo.
950 2373 996 2400 sed
1010 2374 1090 2400 etiam

311 2425 433 2447 mertuas
447 2419 684 2455 prosequuntur?)
700 2419 758 2452 llis,
774 2420 895 2454 inquam,
911 2419 1039 2446 omnibus
1054 2420 1092 2446 le-

311 2465 423 2500 gislator
439 2466 482 2493 ille
503 2470 607 2497 noster,
631 2466 670 2492 uti
683 2466 901 2500 sapientissimus
927 2470 995 2496 erat,
1012 2470 1092 2500 atque

313 2519 328 2537 a
343 2510 398 2538 Deo
410 2519 501 2539 rerum
524 2512 558 2539 ad
578 2512 701 2539 omnium
719 2512 901 2547 cognitionem
919 2512 1017 2544 tactus,
1031 2512 1093 2539 dili-

314 2561 406 2590 genter
431 2558 568 2591 expensis,
598 2558 801 2593 inexpugnabili
824 2558 942 2593 quodam
971 2558 1041 2585 vallo
1066 2561 1092 2585 et

349 2610 639 2652 (57)__‘li:r65mrmé¢.
664 2614 792 2652 Aristaeas
817 2619 945 2652 uterque,
969 2614 1091 2652 ἐνδίκως.

315 2645 370 2679 Ego
393 2646 459 2674 nihil
480 2654 571 2679 muto,
596 2645 645 2676 nec
664 2650 811 2683 quidquam
834 2645 1091 2677 tleesse'arbitror’:

315 2687 457 2720 seqmmtes
469 2683 539 2709 enim
555 2685 700 2712 accusativi
712 2685 745 2711 ad
760 2685 883 2720 particip.
904 2684 1021 2717 διδάξας»
1040 2685 1094 2712 ἀπὸ

314 2716 403 2742 κοινοῦ
417 2716 577 2745 referuntur.

349 2750 404 2785 (.38)
425 2751 621 2788 Προῦπέδειξε
635 2754 700 2788 γάρ.
718 2753 804 2781 Totus
819 2755 863 2782 hic
883 2755 966 2784 locus.
989 2755 1021 2782 ad
1049 2755 1093 2782 illa

315 2793 401 2825 usque
417 2788 506 2816 \crba.
525 2787 862 2825 δυνατόνενδεικνὺμενος,
883 2797 945 2825 qua:
962 2790 1094 2817 habentur

314 2823 345 2848 Α.
358 2824 417 2850 ult..
434 2823 585 2855 parenthesi
604 2823 780 2851 includendns
795 2831 846 2851 est.

349 2855 403 2899 (59)
414 2856 563 2899 ΔΕῑτεράρ.
577 2858 716 2899 ῥνίδῐεειιξ,
734 2859 760 2899 εί
773 2867 799 2899 τι
814 2858 877 2899 γάρ,
890 2861 970 2899 longe
987 2860 1092 2899 melius.

314 2889 360 2919 Est
377 2896 465 2920 autem
480 2889 540 2918 εἴτι
554 2893 607 2928 γὰρ
622 2894 679 2920 κατ’
698 2894 784 2921 ἐκεῖνό
803 2889 925 2930 ageam,
937 2889 1011 2923 idem
1038 2895 1094 2923 fere

648 2941 701 2954 ,ἦν
716 2943 734 2949 ,,
767 2941 782 2947 ,ν

1139 959 1251 991 πολλοὺς
1265 959 1343 991 θεοὺς
1355 958 1423 986 εἶναι
1437 961 1602 995 νομίζουσιν,
1619 960 1695 986 αὐτοὶ
1709 959 1926 995 δυναμικώτεροι

1139 1005 1227 1040 πολλῷ
1237 1005 1405 1037 καθεστῶτες
1421 1002 1458 1033 ὧν
1474 1006 1595 1032 σέϐονται
1609 1005 1740 1041 ματαίως.
1768 1005 1925 1041 ’Ᾱγάλματα

1138 1051 1191 1086 γὰρ
1207 1050 1367 1085 ποιήσαντες
1395 1051 1427 1076 ἐκ
1453 1050 1565 1086 λίϐωνῆ
1591 1050 1690 1082 ξύλων,
1714 1050 1821 1082 εἰκόνας
1843 1050 1925 1084 φασὶν

1139 1094 1207 1122 εἶναι
1232 1095 1286 1122 τῶν
1305 1095 1467 1130 ἐξευρόντων
1484 1104 1511 1122 τι
1528 1096 1595 1132 πρὸς
1611 1096 1640 1122 τὸ
1663 1096 1711 1131 ζῇν
1724 1096 1815 1127 αὐτοῖς
1828 1097 1925 1132 χρήσι-

1141 1151 1199 1177 μον,
1215 1139 1256 1173 οἷς
1271 1141 1461 1177 προσκυνοῦσι,
1479 1142 1554 1177 παρὰ
1566 1142 1649 1174 πόδας
1661 1142 1766 1177 ἔχοντες
1781 1142 1830 1178 τὴν
1850 1143 1926 1169 ἀναι-

1140 1187 1262 1223 σθησίαν.
1288 1186 1350 1213 Εἴτε
1370 1187 1424 1223 γὰρ
1444 1187 1499 1222 (59)
1521 1188 1580 1214 κατ’
1604 1189 1691 1215 ἐκεῖνό
1711 1197 1753 1220 τις
1770 1188 1840 1223 θείη,
1855 1187 1926 1215 κατὰ

1138 1235 1187 1270 τὴν
1215 1233 1363 1269 ἐξεύρεσιν,
1381 1233 1519 1266 παντελῶς
1542 1234 1668 1269 ἀνόητον·
1693 1233 1747 1260 τῶν
1771 1234 1824 1270 γὰρ
1848 1235 1877 1260 εν
1892 1235 1925 1270 τῇ

1139 1281 1228 1306 κτίσει
1248 1279 1374 1310 λαϐόντες
1395 1279 1472 1310 τινὰ,
1498 1280 1659 1314 συνέθηκαν,
1680 1280 1727 1306 καὶ
1745 1279 1925 1314 προσαπέδει-

1141 1325 1188 1357 ξαν
1208 1324 1261 1356 (60)
1277 1323 1493 1358 εὐχρηστοτάτην
1508 1323 1556 1358 τὴν
1575 1323 1744 1358 κατασκευὴν
1771 1322 1861 1348 αὐτῶν
1872 1342 1879 1354 ,
1894 1322 1924 1348 οὐ

1142 1372 1302 1406 ποιήσαντες
1316 1369 1406 1397 αὐτοί·
1421 1370 1460 1396 διὸ
1471 1370 1546 1396 κενὸν
1558 1370 1605 1396 καὶ
1620 1370 1731 1405 μάταιον
1744 1369 1807 1400 τοὺς
1816 1369 1925 1404 ὁμοίους

1140 1417 1282 1445 ἀποθεοῦν.
1306 1417 1360 1444 Καὶ
1379 1417 1432 1452 γὰρ
1460 1416 1500 1442 ἔτι
1522 1417 1568 1443 καὶ
1585 1416 1631 1443 νῦν
1649 1415 1853 1450 εὑρετικώτεροι
1878 1415 1925 1441 καὶ

1140 1462 1371 1499 πολυμαθέστεροι
1384 1462 1437 1488 τῶν
1454 1461 1603 1497 ἀνθρώπων
1612 1461 1665 1487 τῶν
1680 1461 1743 1496 πρίν
1758 1463 1810 1487 εἱσι
1822 1460 1924 1493 πολλοὶ,

1141 1510 1186 1536 καὶ
1202 1509 1253 1536 οὐκ
1270 1509 1301 1535 ἂν
1317 1508 1440 1543 φθάνοιεν
1456 1508 1554 1539 αὐτοὺς
1569 1507 1793 1543 προσκυνοῦντες.
1810 1507 1865 1534 Καὶ
1881 1516 1925 1534 νο-

1143 1556 1265 1592 μίζουσιν
1281 1556 1306 1581 οἱ
1320 1554 1405 1581 ταῦτα
1419 1554 1615 1586 διαπλάσαντες
1635 1554 1682 1581 καὶ
1697 1553 1926 1589 μυθοποιῆσαντες

1139 1601 1193 1628 τῶν
1216 1601 1348 1636 Ἑλλήνων
1371 1601 1395 1627 οί
1413 1599 1561 1634 σοφώτατοι
1587 1595 1760 1627 καθεστᾶναι.
1792 1599 1853 1626 Τῶν
1878 1600 1927 1634 μὲν

1140 1647 1194 1681 γὰρ
1204 1646 1290 1673 ἄλλων
1304 1645 1495 1681 πολυματαίων
1510 1645 1536 1670 τί
1553 1644 1594 1670 δεῖ
1611 1644 1710 1679 λέγειν,
1730 1644 1885 1678 Αἰγυπτίων
1896 1652 1927 1670 τε

1141 1693 1187 1719 καὶ
1213 1692 1267 1719 τῶν
1294 1691 1500 1727 παραπλησίων,
1525 1691 1622 1723 οἵτινες
1641 1691 1686 1716 ἐπὶ
1703 1690 1784 1725 θηρία
1809 1690 1856 1716 καὶ
1874 1689 1928 1717 τῶν

1141 1739 1262 1777 ἑρπετῶν
1275 1738 1310 1765 τὰ
1325 1738 1447 1769 πλεῖστα,
1463 1737 1509 1764 καὶ
1526 1737 1572 1763 ἐπὶ
1588 1736 1730 1763 κνωδάλων
1745 1736 1794 1772 τὴν
1813 1736 1927 1771 ἀπέρει-

1142 1794 1183 1812 σιν
1196 1785 1368 1820 πεποίηνται,
1385 1784 1432 1810 καὶ
1446 1783 1533 1809 ταῦτα
1548 1781 1748 1817 προσκυνοῦσι,
1769 1782 1817 1809 καὶ
1834 1781 1928 1808 θύουσι

1141 1831 1243 1861 τούτοις
1254 1829 1300 1856 καὶ
1317 1828 1384 1861 ζῶσι
1397 1829 1443 1855 καὶ
1458 1828 1652 1863 τελευτήσασι;
1666 1827 1860 1863 Συνθεωρήσας
1874 1836 1929 1854 τοι-

1141 1875 1242 1910 γαροῦν
1258 1874 1313 1909 (61)
1328 1874 1431 1901 ἕκαστα
1447 1874 1528 1908 σοφὸς
1544 1873 1581 1899 ὢν
1593 1874 1607 1899 ό
1619 1872 1764 1907 νομοθέτης
1775 1891 1783 1904 ,
1807 1871 1854 1898 καὶ
1876 1871 1928 1897 ὑπὸ

1141 1921 1207 1948 Θεοῦ
1230 1920 1483 1955 κατεσκευασμένος
1500 1920 1539 1951 είς
1556 1919 1702 1952 ἐπίγνωσιν
1716 1918 1769 1944 τῶν
1787 1917 1928 1947 ἁπάντων.

1142 1966 1320 2002 περιέφραξεν
1342 1966 1415 2001 ἡμᾶς
1437 1965 1593 1996 ἀδιακόποις
1619 1963 1716 1999 χάραξι
1736 1963 1782 1989 καὶ
1809 1963 1930 1998 σιδηροῖς

1142 2013 1269 2048 τείχεσιν,
1286 2012 1359 2043 ὅπως
1376 2011 1469 2047 μηδενὶ
1488 2010 1542 2037 τῶν
1561 2010 1647 2036 ἄλλων
1664 2009 1747 2036 ὲθνῶν
1774 2008 1929 2043 ἑπιμισγώ-

1145 2057 1212 2092 μεθα
1229 2056 1299 2083 κατὰ
1317 2056 1410 2091 μηδὲν,
1428 2055 1504 2089 ἁγνοὶ
1520 2054 1690 2086 καθεστῶτες
1706 2054 1775 2080 κατὰ
1791 2053 1871 2089 σῶμα
1883 2053 1930 2080 καὶ

1143 2102 1212 2130 κατὰ
1228 2102 1326 2137 ψυχὴν,
1342 2101 1536 2136 ἀπολελυμένοι
1553 2101 1672 2136 ματαίων
1685 2099 1777 2132 δοξῶν,
1789 2099 1835 2125 τὸν
1850 2099 1930 2134 μόνον

1143 2149 1208 2176 Θεὸν
1233 2148 1279 2175 καὶ
1306 2147 1416 2174 δυνατὸν
1441 2146 1580 2181 σεϐόμενοι
1603 2147 1666 2181 παρ’
1680 2145 1743 2180 ὅλην
1764 2145 1814 2180 τὴν
1839 2146 1929 2172 πᾶσαν

1144 2193 1241 2220 κτίσιν.
1261 2191 1341 2219 Ὅθεν
1355 2191 1510 2226 Αἰγυπτίων
1529 2192 1553 2217 οἱ
1571 2190 1756 2225 καθηγεμόνες
1777 2191 1860 2225 ἱερεῖς
1883 2190 1930 2224 ἐγ-

1145 2239 1292 2273 κεκυφότες
1309 2238 1348 2268 είς
1364 2237 1457 2269 πολλὰ,
1475 2236 1521 2264 καὶ
1539 2235 1734 2271 μετεσχηκότες
1747 2234 1928 2270 πραγμάτων,

1147 2283 1305 2318 ἀνθρώπους
1319 2281 1385 2309 Θεοῦ
1405 2280 1652 2317 προσονομάζουσιν
1673 2280 1745 2315 ἡμᾶς
1755 2287 1763 2294 ο
1776 2279 1790 2305 ὃ
1805 2281 1861 2310 τοῖς
1875 2279 1929 2305 λοι-

1148 2331 1208 2360 ποῖς
1219 2329 1250 2355 οὐ
1265 2329 1419 2364 πρόσεστιν,
1434 2328 1458 2353 εί
1475 2327 1510 2362 μή
1537 2334 1578 2357 τις
1596 2325 1701 2352 σέὸεται
1725 2325 1768 2352 τὸν
1791 2325 1851 2351 κατ’

1148 2375 1222 2402 θειαν
1235 2375 1309 2401 Θεόν.
1324 2374 1391 2400 Ἀλλ’
1405 2373 1472 2399 εἰσιν
1487 2371 1623 2407 ἄνθρωποι
1640 2371 1758 2406 βρωτῶν,
1767 2371 1813 2397 καὶ
1829 2371 1929 2403 ποτῶν,

1148 2421 1195 2447 καὶ
1212 2420 1330 2454 σκέπηςο
1349 2421 1365 2455 ή
1379 2419 1433 2454 γὰρ
1449 2419 1522 2445 πᾶσα
1537 2418 1654 2449 διάθεσις
1667 2417 1755 2443 αὐτῶν
1777 2418 1824 2444 ἐπὶ
1842 2418 1930 2444 ταῦτα

1148 2466 1323 2501 καταφεύγει,
1340 2466 1402 2497 Τοῖς
1413 2465 1441 2492 δὲ
1457 2465 1521 2500 παρ’
1534 2464 1599 2499 ἡμῖν
1616 2464 1645 2490 ὲν
1657 2464 1743 2490 οὐδενὶ
1755 2463 1843 2491 ταῦτα
1856 2463 1931 2490 λελό-

1147 2520 1248 2546 γισται,
1267 2512 1330 2547 περὶ
1342 2511 1370 2538 δὲ
1387 2511 1436 2546 τῆς
1453 2510 1500 2537 τοῦ
1513 2509 1580 2536 θεοῦ
1595 2509 1751 2541 δυναστείας
1765 2509 1798 2535 δι’
1810 2509 1871 2535 ὅλου
1883 2508 1929 2536 τοῦ

1149 2559 1197 2595 ζῇν
1217 2559 1233 2594 ἡ
1257 2558 1351 2593 σκέψις
1371 2558 1463 2589 αὐτοῖς
1480 2558 1563 2583 ἐστιν.
1579 2556 1674 2587 Ὅπως
1691 2554 1737 2582 οὗν
1751 2556 1847 2591 μηδενὶ
1869 2564 1929 2582 συν-

1149 2615 1228 2649 (ιυοιίη
1240 2614 1266 2641 εἴ
1278 2623 1304 2650 τι
1315 2614 1368 2650 γὰρ
1383 2614 1468 2650 εκεῖνό
1483 2623 1524 2645 τις
1534 2612 1603 2640 εἶναι
1618 2613 1717 2647 τίθησι,
1729 2613 1768 2639 vel
1778 2612 1811 2650 sf
1823 2621 1863 2647 τῳ
1876 2612 1912 2646 τὰ

1148 2647 1236 2676 ἐκεῖνο
1264 2648 1334 2676 εἷναί
1349 2647 1494 2679 τιδόέειεν.
1509 2649 1585 2680 Quod
1603 2654 1691 2675 autem
1710 2648 1842 2681 sequitur,
1860 2656 1911 2674 κατ

1149 2685 1197 2725 τῂν
1214 2684 1361 2720 ἐξεύρεσιν,
1377 2692 1424 2719 per
1437 2684 1602 2719 ὲπεξήγησιν
1613 2683 1756 2719 quamdam
1771 2682 1928 2716 adjunctum

1149 2721 1313 2788 miggirkat
1329 2753 1577 2788 προσαπὲδειξαν,
1593 2758 1644 2780 etc.
1658 2753 1928 2788 Aristteasruterqug,

1150 2790 1197 2816 καὶ
1211 2786 1421 2825 π’ροσυπέδειξαν
1436 2787 1581 2825 εῦχρηοτα,
1594 2787 1642 2825 τὴν
1654 2787 1825 2825 κατασκευὴν
1833 2786 1929 2825 -αὑτῷν

1149 2826 1178 2851 οὑ
1205 2822 1363 2859 ποιήσαντες
1388 2822 1597 2859 αὑτοίζῚῖεριο,
1615 2822 1666 2849 nisi
1683 2822 1756 2857 quod
1771 2823 1859 2850 ποιεῖν
1879 2822 1930 2856 τὴν

1151 2858 1329 2894 κατασκευήν,
1347 2859 1426 2894 paulo
1443 2859 1530 2894 rarius
1542 2858 1654 2894 videtur.

1186 2894 1240 2931 (61)
1265 2891 1420 2929 Τοὶγνρσῦν
1445 2892 1538 2927 Arist.,
1557 2891 1612 2926 οὖν,
1628 2892 1733 2920 melius.
