2070 3206
295 184 348 212 633

609 182 745 210 EUSEBII
764 181 1003 210 CESAIIIENSIS
1021 181 1097 210 OPP.
1118 182 1208 210 PARS
1227 181 1259 210 ll.
1279 197 1314 202 ——-
1333 182 1582 210 APOLOGETlCA.

1866 184 1921 213 050

295 245 411 271 aliorum
431 243 556 276 injuriam
586 242 661 269 abuti
677 245 758 268 vetat.
775 240 853 273 Quod
870 240 940 267 idem
954 240 1063 268 similite

1115 264 1118 271 λ
1132 240 1180 268 τοῦ
1194 241 1288 275 νόμου,
1305 241 1338 275 ἠν
1350 241 1489 276 προῆγμαι
1504 240 1668 276 διασαιρῆσαι
1683 249 1733 272 σοι,
1743 241 1918 278 Φιλόκρατες,

295 289 323 316 iu
351 289 551 324 prohtbitarum
567 287 748 314 animantium
769 289 866 312 natura
882 289 910 312 et
921 285 1078 312 conditione

294 335 426 370 reperias.
438 334 616 361 Mustelarum
632 333 705 360 enim
717 337 745 360 et
762 332 893 364 murium,
913 339 946 359 ac
966 336 1078 359 camara-

293 387 354 407 rum
371 380 396 407 id
405 387 500 414 genus,
516 378 616 413 quibus
630 377 702 405 hattd
715 377 786 405 vesci
799 376 840 404 fas
854 381 905 409 est,
924 376 1077 403 maleficum

293 434 341 460 per
355 433 416 453 sese
442 424 579 458 ingenium
595 429 647 451 est.
663 423 730 451 Nam
750 430 840 450 mures
867 422 989 457 quidem.
1013 428 1077 449 cum

291 471 337 497 ιιίιι
351 471 357 496 l
374 478 427 496 non
443 470 566 497 alimenti
592 469 718 504 captandi
741 476 825 496 causa
841 468 962 495 iulieiant
976 475 1009 496 ac
1028 468 1076 496 de-

290 520 387 547 terant,
405 522 462 542 tum
475 516 556 542 etiam
575 516 678 542 homini
696 515 823 549 deinceps
834 514 931 542 inutile
949 522 1074 548 prorsus,

287 560 421 595 quidquid
437 561 547 587 detnum
571 559 873 592 artoserint,eﬂiciunt.
897 558 1075 586 Mustelarum

287 613 352 634 vero
375 606 514 641 singulare
535 607 671 641 quoddam
703 613 736 633 ac
761 606 901 641 proprium
920 613 1005 640 genus
1022 609 1073 633 est.

286 651 354 680 Nam
368 659 464 687 praeter
480 653 517 685 id,
533 654 605 688 quod
621 653 701 688 paulo
713 657 775 679 ante
786 652 916 684 diximus,
934 652 1072 679 exitialem

285 699 386 725 habent
413 699 510 726 nativae
523 698 729 726 constitutionis
750 698 897 730 rationem,
911 705 973 725 cum
992 702 1020 724 et
1031 705 1075 725 se-

285 753 344 772 men
367 745 481 773 auribus
509 746 675 779 suse‘piant.
704 749 731 771 et
755 751 802 770 ore
821 743 926 771 catulos
952 743 1069 777 pariant.

282 789 343 822 Quo
362 791 402 822 fit,
433 795 463 817 ut
480 791 579 818 similis
597 790 738 816 hominum
757 790 830 815 natio
847 789 953 822 impura
973 787 1072 815 simili-

1131 284 1164 311 δι’
1177 285 1209 319 ἢν
1221 284 1292 320 ἔχεις
1300 285 1484 320 φιλομάθειαν.
1497 295 1506 312 ι
1521 285 1614 312 Ταῦτα
1623 285 1672 320 μὲν
1684 287 1698 312 ὸ
1708 286 1852 322 ἀρχιερεὺς
1862 289 1919 320 τοῖς

1131 329 1243 364 ἥκουσιν
1257 329 1294 361 ὠς
1308 329 1388 357 αὑτὸν
1396 329 1505 364 Ἕλλησι
1518 331 1581 366 περὶ
1589 330 1639 365 τῆς
1644 330 1792 366 ἀλληγορου
1796 332 1880 368 μένης
1889 333 1919 360 ὲν

1130 376 1187 406 τοῖς
1200 375 1282 410 ἱεροῖς
1297 375 1389 410 νόμοις
1404 375 1474 407 ἰδέας
1484 375 1656 407 διεστείλατο,
1666 377 1723 409 πῶς
1735 377 1768 403 ἄν
1791 378 1921 413 μέλλουσα

1130 421 1190 452 ταῖς
1221 420 1448 456 ὲκδοθησομέναις
1486 421 1691 457 περιτεύξεσθαι
1723 422 1778 448 τῶν
1801 423 1820 448 Γ
1822 423 1923 458 pagano.

1129 467 1304 502 ἐρμηνείαις’
1325 468 1340 493 ὀ
1358 467 1386 494 δὲ
1414 468 1624 503 ’Δριστὸίουλος,
1640 468 1688 494 καὶ
1706 468 1756 504 τῆς
1769 470 1828 496 κατ’
1847 469 1918 505 Ἀρι-

1129 513 1257 549 στοτέλην
1280 513 1438 548 φιλοσοφίας
1465 513 1532 549 πρὸς
1548 515 1580 549 τῇ
1607 514 1711 550 πατρίῳ
1738 514 1915 550 μετειληχὼς,

1126 559 1206 586 ὁποῖα
1220 559 1284 595 περὶ
1299 560 1353 586 τῶν
1363 561 1391 586 ὲν
1407 561 1466 592 ταῖς
1477 560 1562 595 ἱεραῖς
1572 559 1671 594 βίϐλοις
1685 560 1842 596 φερομένων
1852 581 1858 591 ι
1878 561 1916 593 ὡς

1126 606 1191 641 περὶ
1203 605 1270 632 Θεοῦ
1289 605 1378 641 μελῶν
1393 606 1511 642 διῆλθεν,
1528 606 1676 633 ἐπακοῦσαι
1700 607 1802 643 καιρός.
1831 603 1915 639 οὗτος

1125 651 1147 677 δ’
1160 651 1240 683 αὐτὸς
1255 652 1368 683 ἐκεῖνος.
1383 648 1414 678 οὗ
1427 653 1474 679 καὶ
1490 652 1506 688 ἡ
1525 652 1637 687 δευτέρα
1655 652 1709 679 τῶν
1727 653 1915 681 Μαηαεαίων

1125 696 1155 722 ὲν
1171 696 1241 731 ἀρχῇ
1255 696 1306 730 τῆς
1329 696 1420 731 βίὸλου
1448 696 1620 731 μνημονεύει,
1643 697 1672 722 ἐν
1682 696 1720 732 τῷ
1733 698 1800 733 πρὸς
1814 698 1914 725 Πτολε-

1126 743 1204 776 μαῖον
1217 742 1262 768 τὸν
1274 741 1386 777 βασιλέα
1399 742 1594 778 συγγράμματι
1602 742 1694 770 τοῦτον
1705 743 1752 770 καὶ
1765 743 1846 776 αὐτὸς
1855 744 1915 772 δια-

1124 789 1205 822 σαφεί
1218 787 1263 814 τὸν
1277 787 1386 823 τρόπον.

283 841 323 863 ter
336 841 362 863 et
380 838 507 864 obsccezta
526 836 666 864 habeatur.
687 835 822 870 Quidquid
844 835 918 862 enim
933 834 1075 861 auditione
1092 834 1493 867 acceperint,eidumoratione
1508 843 1608 869 corpus
1622 840 1649 862 et
1670 835 1754 863 robur
1784 836 1921 870 induunl,_

281 884 376 911 eadem
393 883 556 918 contagione
572 887 685 909 caeteros
701 882 848 913 involvere,
870 881 993 914 adeoque
1023 880 1152 906 omnibus
1169 879 1235 914 ipsis
1260 880 1375 907 maculis
1407 887 1439 908 ac
1473 881 1602 908 sordibus
1622 882 1770 917 impietatis
1794 883 1913 910 notatis-

280 930 353 962 sinii,
369 938 420 956 non
437 930 572 964 vulgarem
601 930 693 964 utique
719 928 863 956 colluvicm
879 926 983 954 edicere
998 931 1209 953 consueverunt.
1240 926 1322 962 375
1353 926 1440 960 Quam
1459 927 1599 955 hominum
1635 933 1737 956 sectam
1771 929 1833 964 iure
1848 937 1912 964 pro-

280 976 351 1004 fectu
375 985 422 1004 rex
457 977 513 1012 ipse
543 982 642 1010 vester,
659 983 687 1004 ut
702 976 774 1003 fama
799 980 858 1008 est,
877 974 999 1001 funditus
1030 975 1213 1001 exterminare
1240 979 1366 1001 conatur.
1387 973 1437 1002 Hic
1458 982 1519 1009 ego,
1551 973 1698 1009 delatores,
1734 978 1855 1012 Inquam.
1882 979 1910 1005 ni

279 1022 370 1052 fallo'.
391 1022 530 1057 intelligis,
557 1030 618 1049 cum
632 1030 680 1050 eos
708 1026 839 1057 perpetuo
869 1029 923 1048 non
944 1025 1050 1047 tantum
1079 1021 1248 1054 verberibus,
1278 1021 1325 1049 sed
1349 1021 1430 1049 etiam
1462 1022 1625 1057 capitalibus
1646 1023 1735 1058 iisque
1762 1023 1910 1051 admodum

277 1070 406 1105 graiibus
417 1071 559 1105 suppliciis
576 1071 745 1105 insequatur.
762 1069 818 1104 Ego
832 1076 896 1096 vero
906 1069 967 1096 illos
983 1069 1067 1103 ipsos,
1088 1069 1196 1103 inquit:
1222 1069 1354 1096 scelerate
1386 1069 1459 1096 enim
1482 1069 1623 1097 hominum
1654 1070 1680 1097 in
1698 1070 1844 1105 perniciem
1870 1070 1910 1097 in-

278 1117 397 1151 vigilant.
424 1117 503 1152 Atqui
530 1118 571 1145 vel
606 1119 694 1151 reipsa
712 1125 889 1152 quemquam,
917 1117 959 1143 vel
982 1117 1065 1144 etiam
1085 1117 1167 1144 verbo
1182 1117 1277 1144 violari
1293 1117 1334 1144 lex
1351 1122 1444 1144 nostra
1461 1122 1542 1145 vetat.
1563 1118 1597 1145 Et
1627 1119 1737 1154 quidem
1777 1118 1828 1145 hoc
1860 1117 1909 1148 tibi

276 1162 375 1194 adhuc.
393 1171 476 1198 quam
511 1163 672 1190 brevissime
707 1163 764 1190 fieri
792 1163 889 1198 potuit,
918 1161 1100 1194 ostendimus,
1120 1163 1349 1195 quemadmodum
1363 1163 1445 1190 certis
1461 1163 1493 1190 ad
1507 1164 1663 1198 aequitatem
1677 1164 1777 1199 regulis
1797 1163 1911 1192 confor-

275 1213 347 1235 mata
365 1210 420 1236 sint
439 1210 543 1242 omnia,
563 1210 684 1244 nihilque
703 1210 815 1237 omnino
830 1209 871 1236 vel
887 1213 999 1242 temere,
1021 1209 1061 1235 vel
1081 1208 1205 1236 fabulose
1240 1208 1380 1244 Scriptura
1413 1211 1560 1243 statuerit;
1584 1210 1630 1237 sed
1646 1218 1708 1237 eum
1720 1210 1854 1238 duntaxat
1879 1211 1908 1239 in

275 1254 367 1286 tinent,
384 1260 422 1286 ut,
436 1254 570 1289 quidquid
595 1263 720 1290 agamus,
735 1255 848 1289 justitiaa
864 1254 960 1281 ciliciis
974 1261 1057 1280 omne
1075 1261 1160 1288 genus
1178 1253 1318 1280 hominum
1332 1258 1388 1281 toto
1416 1255 1478 1281 vita:
1497 1260 1598 1282 nostra;
1610 1259 1731 1290 tempore
1757 1263 1907 1290 prosequa-

275 1311 348 1333 mur,
370 1303 462 1337 jugem
481 1311 514 1331 ac
529 1311 676 1338 perennem
702 1302 747 1330 Dei
782 1302 959 1338 praepotentis
982 1301 1141 1328 memoriam
1168 1301 1327 1328 retinentes.
1359 1301 1508 1328 Enimvero
1537 1302 1667 1336 quidquid
1691 1310 1743 1330 seu
1769 1304 1802 1330 de
1831 1303 1907 1330 cibm

274 1356 334 1374 rutn
359 1347 476 1380 delectu,
492 1356 539 1375 seu
554 1348 587 1375 de
602 1348 686 1376 rebus
702 1347 861 1379 immundis,
877 1355 925 1374 seu
964 1347 1000 1374 de
1022 1346 1194 1380 serpentibus
1223 1346 1318 1373 aliisve
1349 1346 1534 1374 animantibus
1565 1348 1731 1382 praecipitur,
1750 1356 1784 1376 eo
1799 1354 1905 1377 tantum

273 1400 385 1430 spectat.
405 1395 990 1431 u'.antiquissimisIegibushominuminter
1001 1402 1062 1422 sese
1081 1395 1196 1422 societas
1207 1395 1417 1429 communioque
1427 1399 1560 1422 teneatur.
1585 1394 1657 1422 Sane
1685 1396 1793 1434 quidem
1825 1395 1904 1424 Elea-

273 1450 352 1470 zarus
383 1444 522 1478 sapienter
547 1443 663 1470 oumino
675 1443 810 1470 rationem
829 1442 863 1469 de
879 1441 995 1477 singulis
1015 1441 1128 1468 reddere
1162 1440 1314 1467 videbatur.
1338 1440 1407 1468 Nam
1439 1441 1475 1469 de
1502 1441 1610 1474 vitulis,
1640 1442 1783 1475 arietibus,
1807 1443 1903 1475 hircis,

272 1489 317 1522 qni
345 1488 477 1516 ()lTerendi
506 1494 609 1520 essent.
625 1488 696 1516 idem
710 1488 887 1524 adjuugebat,
897 1487 1094 1523 providendum
1114 1493 1174 1514 esse
1185 1487 1338 1521 diligenter,
1350 1491 1379 1514 ut
1391 1495 1423 1514 ex
1441 1487 1572 1514 armentis
1585 1492 1614 1515 et
1627 1488 1754 1524 gregibus
1778 1497 1905 1517 mansue-

271 1538 374 1565 tissima
391 1546 507 1573 quaeque
534 1539 698 1574 legerentur,
724 1537 868 1572 ferumque
884 1537 951 1564 nihil
975 1541 1003 1564 et
1022 1537 1142 1563 immane
1174 1535 1401 1563 sacrificaretur:
1430 1543 1467 1563 eo
1485 1537 1627 1570 nimirum,
1645 1541 1686 1569 ut,
1714 1538 1760 1572 qui
1793 1538 1904 1565 sacriﬁ—

271 1585 341 1611 cium
363 1584 522 1616 offerebant,
537 1584 554 1611 ii
576 1584 610 1611 de
626 1588 760 1619 praecepto
784 1583 879 1610 divino
893 1582 1054 1617 rogitantes,
1074 1581 1175 1608 nullius
1195 1581 1330 1616 superbiae
1361 1581 1527 1609 conscientia
1561 1586 1727 1610 tenerentur.
1762 1581 1813 1616 Qui
1828 1584 1903 1611 enim

271 1631 387 1658 hostium
400 1632 590 1659 immolaturus
607 1635 659 1664 est,
677 1632 699 1659 is
715 1630 826 1666 aliquod
838 1629 922 1658 simul
933 1629 1101 1657 offerendum
1121 1630 1244 1657 omnium
1272 1629 1356 1657 anitni
1386 1637 1517 1657 sensuum
1549 1638 1650 1658 munus
1665 1631 1791 1659 instituit.
1813 1631 1903 1665 Quam

270 1677 352 1709 illius.
369 1677 396 1704 in
411 1682 505 1705 mutuo
529 1685 678 1712 congressu
707 1681 819 1710 nostro,
842 1682 996 1710 susceptam
1019 1675 1063 1702 his
1082 1675 1116 1702 de
1148 1674 1230 1702 rebus
1264 1674 1477 1709 disputationem
1505 1677 1765 1704 commemoratione
1791 1676 1902 1712 dignam

270 1724 380 1758 putavi:
406 1732 438 1751 ac
464 1729 620 1759 propterea,
638 1728 667 1751 ut
700 1724 792 1752 ardori
827 1731 936 1759 quoque
964 1722 1087 1750 discendi
1119 1727 1176 1755 tuo,
1193 1722 1228 1749 mi
1252 1721 1432 1756 Philocrates,
1463 1723 1689 1757 obsecundarem,
1715 1725 1902 1760 augustiore‘u

269 1771 452 1800 illamdivina:
466 1772 531 1806 legis
555 1772 684 1807 speciem.
707 1771 914 1806 naturalemque
936 1771 1098 1798 sententiam
1131 1771 1179 1798 tibi
1204 1770 1310 1805 aperire
1339 1770 1459 1798 decrevi.
1485 1781 1495 1797 ι
1511 1770 1572 1799 Haec
1593 1777 1668 1806 sunt,
1702 1781 1764 1808 qua'
1795 1773 1901 1802 Graecis

268 1819 301 1845 ad
315 1827 345 1846 se
372 1819 463 1847 missis
477 1819 510 1847 de
524 1827 605 1847 sensu
628 1819 716 1854 legum
736 1827 877 1848 sacrarum
903 1819 1049 1855 allegorice
1080 1818 1202 1854 pontifex
1235 1818 1396 1852 enucleavit,
1421 1823 1460 1850 tit.
1485 1819 1715 1854 quemadmodum
1745 1826 1900 1856 susceptam

267 1872 360 1892 earum
385 1865 635 1901 interpretationem
651 1866 685 1893 ab
715 1874 776 1893 sese
792 1866 904 1893 tractari
933 1869 1081 1901 oporteret,
1102 1865 1291 1899 intelligerent.
1308 1863 1369 1891 Jam
1399 1872 1463 1892 vero
1491 1870 1597 1900 tempus
1629 1871 1685 1900 est,
1702 1867 1740 1894 uti
1759 1868 1905 1895 Aristubu-

267 1912 334 1945 lum,
350 1912 396 1947 qui
420 1912 454 1939 ad
481 1912 660 1940 domesticam
684 1913 846 1947 sapientiam
877 1913 1057 1940 Aristotelicte
1075 1911 1254 1947 philosophia:
1286 1912 1407 1938 studium
1437 1912 1613 1946 adjunxerat,
1630 1913 1663 1940 de
1680 1914 1820 1945 membris.
1836 1922 1900 1948 quae

267 1956 323 1985 Deo
350 1958 452 1992 passim
470 1958 498 1985 in
514 1958 655 1994 Scriptura
682 1959 765 1986 tribui
786 1959 939 1992 videantur,
965 1959 1147 1993 disputantem
1176 1956 1331 1984 audiamus.
1366 1957 1413 1984 llle
1444 1963 1535 1985 autem
1563 1960 1619 1993 ipse
1641 1963 1694 1990 est.
1722 1959 1802 1994 cujus
1828 1961 1899 1988 liber

266 2003 484 2031 Machabzeorum
518 2005 656 2033 secundus
684 2005 735 2033 sub
758 2005 866 2032 initimn
887 2005 1052 2032 mentionem
1093 2002 1167 2030 facit.
1204 2001 1229 2030 ls
1256 2002 1338 2037 igitur
1356 2002 1384 2030 in
1405 2010 1455 2037 eo,
1482 2011 1563 2039 quem
1591 2004 1624 2031 ad
1649 2003 1826 2033 Ptolemaeum
1854 2014 1904 2035 re-

265 2060 325 2086 3cm
342 2052 459 2087 scripsit,
471 2051 571 2085 libello,
587 2052 660 2079 hunc
682 2051 709 2079 in
722 2052 832 2080 modum
851 2059 883 2080 ea
902 2052 936 2079 de
957 2059 987 2078 re
1001 2049 1120 2078 disserit.

533 2111 616 2146 376
633 2110 748 2138 CAPUT
767 2109 801 2138 x.
1072 2111 1095 2139 Β

264 2156 424 2190 Δγίιδοὺιιίί,
448 2156 481 2184 de
500 2156 633 2188 membris,
656 2165 715 2192 quae
739 2161 875 2184 voceteuur
890 2155 945 2183 Deo
971 2155 1055 2182 tribu-

1377 2107 1574 2135 ΚΕΦΛΔΛΙΟΝ
1590 2107 1617 2135 l'.

1111 2153 1335 2188 Ἀριστοϐούλου
1357 2154 1423 2189 περὶ
1439 2153 1503 2193 τῶν.
1513 2154 1739 2193 ρνομαζομὲνων
1757 2156 1798 2190 ὡς
1820 2157 1896 2185 Θεοῦ

614 2197 706 2220 untur.

303 2246 312 2262 ι
330 2235 383 2264 Sed
404 2236 545 2272 quoniam,
561 2237 650 2270 inquit
662 2236 717 2270 ille,
733 2244 795 2264 cuin
812 2235 961 2271 propositis
980 2242 1054 2270 quaa—

264 2283 399 2310 stionibus
414 2283 481 2310 satis
493 2290 508 2310 a
528 2282 605 2310 nobis
619 2282 722 2310 factum
736 2287 819 2316 esset,
839 2281 1025 2314 succlamasti,
1037 2288 1054 2308 ο

265 2337 323 2362 rex,
351 2329 479 2364 deinceps
504 2330 563 2364 ipse
588 2337 718 2364 quoque;
736 2337 868 2364 quorsum
886 2328 994 2356 tandem
1010 2328 1054 2356 lex

263 2373 321 2409 ipsa
333 2380 436 2407 nostra.
455 2383 563 2407 manus,
580 2376 702 2409 brachia,
720 2375 940 2410 vultum.pedes,
956 2375 1054 2401 ambu-

265 2420 395 2448 lationem
411 2420 623 2449 divinoNumini
648 2422 804 2449 attribuat:
824 2422 895 2450 hanc
923 2425 1053 2457 praeterea

261 2467 362 2502 juverit
377 2468 564 2502 superiorihus
579 2468 792 2503 disputationem
811 2469 971 2504 adjungcre,
991 2475 1053 2503 qua}

263 2520 325 2540 cum
340 2513 373 2540 iis
383 2514 456 2541 nullo
471 2515 552 2542 modo
568 2519 678 2551 pugnet.
700 2516 760 2549 Quo
773 2516 883 2551 quidem
896 2516 923 2543 in
941 2523 1051 2551 genere,

265 2559 316 2585 hoc
332 2563 358 2586 te
374 2559 400 2586 in
417 2560 512 2594 primis
527 2567 669 2589 exoratum
700 2562 780 2590 velim
795 2582 802 2594 ,
829 2563 867 2589 uti
892 2562 1052 2589 traditiones

265 2610 332 2631 istas
355 2606 464 2641 physice
487 2608 606 2642 accipias
622 2628 630 2639 .
657 2608 823 2643 dignamque
846 2608 893 2635 Dei
911 2608 1050 2636 ttotionem

263 2654 421 2677 constanter
435 2652 562 2685 retineas,
579 2661 612 2680 ne
630 2653 658 2680 in
671 2654 824 2682 fabulosam
839 2654 988 2689 quamdam
1002 2652 1052 2680 bu-

264 2723 359 2759 ?ep‘v'”
377 2721 448 2757 εις..
469 2718 548 2759 ut.in
562 2724 690 2759 .nostro._
703 2720 768 2748 Mihi
793 2722 880 2759 solum
907 2723 977 2750 κατὰ
999 2724 1051 2759 τῆς

263 2750 370 2791 ᾲμιλίας
384 2752 424 2791 _in
448 2753 518 2791 καςςὰ
543 2754 593 2791 τῂν
617 2756 723 2791 ὁμιλίαν
732 2758 907 2791 _mutandum
931 2750 1048 2790 videtur;

266 2785 319 2830 hoc
330 2787 428 2830 modo,2
451 2789 499 2830 ltili.
512 2785 576 2825 περῖ
588 2785 700 2830 τούῖιων,
715 2789 762 2818 οὖν
776 2793 878 2828 νομίζω
889 2813 896 2824 ,
913 2785 988 2820 κατά
997 2785 1048 2830 τὴν

264 2820 381 2864 diuitiae,
397 2822 458 2864 ἀξια
471 2820 554 2863 λόγοιὶ
569 2820 742 2864 καθεστάναι.
756 2820 910 2864 rSequenti'a
938 2820 1046 2856 retineri

265 2861 380 2899 nissum
395 2866 401 2883 :
418 2861 460 2899 in”
471 2861 504 2898 i_is
520 2863 612 2899 tamen
634 2862 698 2890 ιιωεὶ
716 2861 853 2899 Aristaeo.
871 2864 941 2895 apud
965 2873 1045 2899 quem

265 2890 399 2919 illustrior
414 2893 480 2921 mihi
499 2902 530 2922 ac
543 2895 648 2930 plenior
662 2905 760 2926 sensus
775 2890 949 2926 offerebatur.

1448 2191 1558 2224 μελῶν.

1143 2244 1152 2260 ι
1172 2235 1245 2271 Πλὴν
1266 2235 1364 2268 ἱκανῶς
1375 2235 1526 2271 εἰρημένων
1539 2236 1606 2271 πρὸς
1619 2237 1653 2264 τὰ
1666 2238 1832 2274 προκείμενα
1847 2239 1895 2275 ζη-

1103 2282 1222 2317 τήματα,
1240 2281 1417 2317 ὲπεφώνησας
1435 2282 1480 2308 καὶ
1494 2282 1536 2314 σὺ,
1549 2282 1660 2317 βασιλΞῦ
1673 2303 1681 2315 ,
1704 2284 1770 2311 διότι
1794 2285 1895 2320 σημαί-

1104 2335 1178 2354 νεται
1192 2327 1235 2354 διὰ
1250 2327 1296 2355 τοῦ
1315 2328 1398 2362 νόμου
1417 2327 1463 2354 τοῦ
1481 2330 1546 2364 παρ’
1557 2330 1634 2364 ἡμῖν,
1649 2330 1696 2356 κα)⁵
1719 2332 1810 2367 χεῖρες
1824 2331 1891 2366 (86).

1103 2373 1149 2400 καὶ
1164 2373 1291 2409 βραχίων,
1301 2374 1347 2400 καὶ
1355 2374 1508 2410 πρόσωπον,
1518 2375 1565 2401 καὶ
1577 2376 1666 2407 πόδες,
1678 2377 1725 2403 καὶ
1742 2377 1893 2412 περίπατος

1103 2420 1149 2446 ἐπὶ
1163 2420 1212 2455 τῆς
1224 2420 1299 2452 θείας
1310 2421 1466 2456 δυνάμεως·
1482 2421 1499 2448 ἃ
1517 2413 1639 2455 τεύξεται
1660 2422 1739 2458 λόγου
1758 2423 1892 2459 καθήκον-

1102 2473 1156 2496 τος,
1169 2465 1215 2491 καὶ
1223 2465 1272 2492 οὐκ
1287 2465 1453 2502 ἁντιδοξήσει
1466 2468 1520 2499 τοῖς
1531 2468 1738 2503 προειρημένοις
1751 2469 1796 2503 ὑφ’
1812 2470 1892 2505 ἡμῶν

1102 2509 1187 2536 οὐδέν.
1202 2510 1393 2546 Hispanicum
1405 2512 1434 2538 δέ
1448 2521 1477 2539 σε
1492 2511 1622 2548 βούλομαι
1637 2513 1706 2549 πρὸς
1725 2513 1755 2540 τὸ
1768 2515 1891 2549 φυσικῶς

1102 2555 1249 2590 λαμϐάνειν
1264 2556 1319 2591 (87)
1337 2556 1386 2588 τὰς
1397 2556 1520 2592 ὲκδοχὰς,
1538 2558 1585 2584 καὶ
1598 2558 1648 2594 τὴν
1664 2559 1835 2594 ἁρμόζουσαν
1849 2560 1891 2587 Ev-

1102 2610 1176 2628 νοιαν
1197 2602 1260 2637 περὶ
1281 2602 1349 2629 Θεοῦ
1370 2604 1496 2639 κρατεῖν,
1512 2604 1558 2630 καὶ
1575 2603 1612 2640 μὴ
1638 2605 1782 2632 ἐκπίπτειν
1805 2606 1846 2637 εἰς
1860 2607 1890 2633 τὸ

1104 2647 1225 2684 μυθῶδες
1235 2649 1282 2675 καὶ
1294 2648 1463 2685 ἀνθρώπινον
1479 2650 1651 2686 κατάστημα.
1667 2651 1812 2687 Πολλαχῶς
1835 2652 1890 2689 γὰρ

1138 2723 1193 2758 (86)
1213 2724 1323 2762 Χεῇοες.
1341 2726 1408 2762 Χείρ
1423 2726 1520 2754 melius
1536 2727 1681 2762 legeretur,
1699 2726 1752 2754 nisi
1769 2732 1832 2755 ante
1845 2735 1888 2756 re-

1102 2765 1217 2794 portatur
1230 2761 1418 2795 σημαίνονται.

1139 2794 1194 2829 (87)
1215 2794 1352 2831 Φυοικῶς
1367 2796 1538 2831 λαμϐάνειν.
1566 2796 1615 2825 Hic
1639 2797 1762 2831 φυσικῶς
1782 2798 1888 2825 videtur

1101 2837 1161 2856 esse
1178 2830 1384 2866 φυσιολογικῶς.
1401 2830 1441 2859 vel
1457 2831 1527 2858 κατὰ
1549 2832 1599 2866 τὴν
1623 2830 1812 2866 φυσιολογίαν,
1838 2833 1888 2860 hoc

1101 2868 1143 2903 est
1156 2865 1362 2899 explicationem
1380 2867 1525 2901 quamdam
1548 2865 1653 2896 natura:
1672 2865 1772 2896 divitia
1787 2876 1886 2896 come-

1101 2904 1230 2927 utentem.
