2070 3206
307 155 358 181 (:23

628 153 762 181 EUSEBH
787 153 1028 182 CzESARlENSlS
1046 154 1120 181 OPP.
1134 153 1231 182 PARS
1250 154 1282 182 ll.
1302 169 1338 175 -—-
1354 153 1604 183 APOLOGETICA.

1873 158 1928 186 694

283 211 285 213 ’
308 211 417 246 telliget,
433 210 555 238 omnium
569 209 672 244 optime
683 214 857 244 prospectum
875 210 908 237 ab
920 218 953 238 eo
970 218 1002 238 ac
1019 217 1077 245 pro-

1138 218 1184 236 τον
1197 210 1226 236 ὲν
1244 211 1300 242 τοῖς
1321 210 1534 246 συγγράμμασιν
1560 211 1831 247 ἐπραγματεύσαντο·
1853 214 1928 241 111d-

307 257 439 284 visnm'id
459 256 551 288 fuisse,
574 256 613 282 uti
629 263 678 282 nec
691 256 841 290 patriorum
858 256 908 291 ipsi
927 256 1028 283 rituum
1045 257 1088 283 in-

307 304 457 338 tegritatem
476 302 683 333 labefactchs,
707 309 756 329 nec
778 309 872 329 eorum
896 307 985 330 tamen
1011 310 1088 330 com-

305 350 461 376 tnUuionem
480 356 569 375 rerum
594 354 748 375 nostrarum
776 348 884 382 cupidis
905 349 1085 376 invideamus.

305 395 442 429 Quotquot
458 395 528 421 enim
555 395 659 430 legibus
686 395 789 422 nostris
807 402 902 422 mere
922 396 1086 430 optaverint,

304 449 400 468 omnes
416 445 586 476 peramantcr
600 441 711 476 exeipit,
727 442 819 476 utique
834 449 888 469 non
908 442 966 469 solo
978 449 1085 477 genere,

303 487 350 516 sed
365 488 446 514 etiam
463 487 616 514 voluntaria
637 487 754 515 instituti
772 488 901 515 societate
919 488 1086 515 communio-

302 541 363 561 nem
382 533 461 560 istaut
478 533 610 560 contineri
626 537 712 560 ratus.
735 533 787 565 Qui
803 540 867 560 vero
884 540 937 560 non
957 533 1008 560 nisi
1026 533 1085 560 obi-

303 583 343 607 ter
360 579 392 606 ad
407 587 468 612 nos,
488 583 570 614 atque
585 578 658 606 aliud
680 584 790 614 agentes
807 579 977 611 accederent,
994 586 1040 606 eos
1056 579 1084 606 in

301 625 525 653 censuetudinem
537 624 644 660 penitus
656 625 761 652 admitti
777 625 873 652 noluit.
885 624 1019 652 Caeterum
1030 625 1083 652 alia

301 671 422 706 quaedam
448 671 542 702 edixit,
557 679 673 706 quorum
693 671 805 698 omnino
828 671 936 706 copiam
958 671 1083 699 fierine-

299 725 375 746 cesse
392 722 437 745 'est
452 727 458 745 :
478 717 631 752 cnj‘usmodi
655 722 729 751 sunt,
747 718 928 752 indigentibus
953 719 1081 747 omnibus

299 764 400 798 ignem,
417 770 526 798 aquam,
542 763 687 798 cibtnnque
709 763 890 798 suppeditare,
910 763 994 799 368
1004 772 1080 792 com-

297 814 452 837 monstrare
475 810 557 843 viam,
581 810 747 844 insepultum
774 809 908 837 neminem
931 810 1079 845 praeterire.

291 854 355 883 almo
369 858 568 891 suam'quoque
581 855 712 884 adversus
733 855 824 883 hostes
837 847 985 891 appellatos
995 857 1081 892 atqui-

291 907 379 930 1atcm
394 907 518 930 constare
535 902 630 934 voluit,
648 902 711 930 dum
727 910 777 929 nec
792 902 901 929 illorum
922 910 1000 938 agros
1018 903 1079 938 igne

293 949 408 981 vastari,
431 956 479 976 nec
495 948 575 976 mites
599 948 710 975 arbores
733 948 835 975 succidi
858 948 991 983 permisit.
1006 947 1077 981 Quin

296 996 376 1022 etiam
392 999 418 1021 et
432 1001 489 1026 eos,
506 993 553 1028 qui
577 993 605 1020 in
623 993 680 1020 acie
695 993 871 1025 cecidissent,
894 1001 907 1020 a
927 993 1079 1021 victoribus

296 1040 406 1076 spoliari
421 1040 571 1075 prohibuit,
586 1045 613 1067 et
628 1041 750 1074 captivos
764 1040 937 1075 maximeque
950 1041 1078 1068 mulieres

295 1084 331 1114 ab
351 1086 478 1114 omnibus
501 1085 608 1120 injuriis
625 1085 780 1113 vindicavit.
797 1086 835 1112 Ac
850 1093 901 1113 nos
917 1086 954 1112 ita
969 1085 1078 1121 quidem

295 1131 328 1158 ad
354 1130 589 1158 mansuetudinem
611 1135 638 1158 et
658 1131 854 1157 immanitatem
872 1132 993 1166 repetitis
1019 1131 1078 1159 lon-

294 1176 355 1212 gius
371 1176 513 1211 praeceptis
535 1175 728 1208 condocefecit,
744 1181 774 1203 ut
799 1183 832 1203 ne
854 1177 995 1204 brutarum
1017 1177 1078 1213 qui-

294 1221 355 1249 dem
369 1221 547 1248 animantium
563 1228 657 1248 curam
674 1220 833 1255 neglexerit.
849 1220 918 1248 Nam
934 1222 980 1249 ubi
1001 1229 1015 1249 a
1039 1222 1077 1249 le~

294 1267 400 1302 gitimo,
418 1274 498 1301 quem
514 1274 598 1293 unum
617 1267 751 1300 concedit,
764 1274 857 1294 earum
876 1275 927 1294 usu
941 1267 1076 1295 discesse-

294 1312 344 1346 ris,
358 1312 430 1339 omni
457 1312 510 1340 alio
532 1320 646 1347 prorsus
669 1313 819 1340 interdixit.
843 1312 871 1340 Si
893 1321 954 1348 qua:
973 1315 1077 1349 suppli-

293 1365 355 1385 cum
385 1358 470 1385 iustar
503 1361 612 1385 nostras
651 1357 679 1385 in
704 1358 776 1386 aedes
804 1358 1075 1394 eonfugerint,‘eas

293 1403 408 1431 interfici
431 1404 517 1431 vetuit
535 1413 541 1431 :
562 1408 609 1431 aut
627 1409 753 1439 parentes
779 1411 841 1432 cum
865 1405 947 1440 pullis
971 1413 987 1433 e
1011 1406 1076 1434 nido

291 1450 359 1481 tolli.
386 1454 432 1477 aut
454 1450 606 1478 animantes
621 1450 690 1484 illas,
716 1459 830 1486 quarum
846 1459 928 1487 opera
951 1452 1076 1480 homines

291 1496 331 1523 uti
360 1496 457 1530 solent,
480 1497 561 1524 etiam
583 1497 610 1524 in
632 1496 725 1524 hostili
751 1498 809 1525 solo
838 1498 951 1525 mactari
975 1498 1072 1526 noluit.

290 1539 444 1577 'l'autopcre
458 1542 617 1578 benignitati
630 1542 784 1570 consultum
798 1551 859 1571 esse
869 1544 944 1571 omni
955 1552 988 1571 ex
998 1549 1074 1580 parte

290 1589 434 1623 Cupiebat:
450 1590 547 1624 partim
566 1589 684 1617 ferendis
704 1589 747 1621 iis,
767 1598 827 1625 qua:
847 1591 936 1618 adhuc
953 1598 1073 1623 comme-

290 1641 404 1662 mei-alte
426 1640 500 1668 sunt,
524 1643 639 1671 qiueque
664 1636 698 1663 ad
723 1643 831 1663 morum
852 1636 1072 1665 informationem

289 1682 437 1716 pertinuerit,
454 1682 576 1716 legibus;
590 1683 687 1717 partim
701 1683 762 1710 aliis
776 1683 938 1718 quibusdam
950 1684 1073 1711 sancien-

291 1726 344 1759 dis,
361 1728 461 1762 quibus
478 1728 504 1754 in
520 1729 692 1764 superiorum
707 1730 861 1762 violatores,
878 1730 946 1757 citra
959 1737 1073 1758 excusa-

290 1774 390 1801 tionem
415 1782 534 1808 omuem,
562 1782 648 1810 paenae
672 1780 837 1803 statuuntur.
866 1775 977 1803 Pmnam
1000 1776 1072 1803 enim

289 1820 387 1855 capitis
406 1821 542 1856 plerisque
560 1822 718 1857 proposuit;
734 1823 779 1857 qui
803 1822 965 1850 adulterium
981 1826 1072 1857 patra-

287 1867 358 1895 verit
370 1877 376 1895 :
389 1869 434 1902 qui
454 1869 550 1903 puellae
564 1869 616 1895 vim
638 1869 779 1896 attulerit:
795 1869 840 1903 qui
857 1869 897 1896 vel
919 1877 1020 1896 marem
1041 1869 1073 1896 de

289 1917 384 1948 stupro
399 1914 534 1948 appellare
550 1921 645 1946 ausus,
663 1914 703 1941 vel
718 1914 862 1949 appellanti
881 1918 977 1949 sponte
991 1914 1072 1942 obsc-

287 1966 368 1988 cutus
392 1959 452 1987 erit.
479 1958 574 1987 Exstat
594 1961 675 1987 etiam
699 1960 732 1988 de
759 1960 844 1987 servis
865 1960 908 1987 lex
925 1960 1069 1994 ejusmodi,

286 2014 368 2041 quam
385 2007 524 2041 deprecari
541 2015 619 2034 nemo
633 2011 724 2042 queat.
740 2006 777 2033 De
797 2007 933 2034 mensuris
950 2006 1012 2033 item
1029 2010 1071 2033 at-

286 2061 339 2088 que
367 2054 540 2088 ponderibus,
565 2054 587 2080 si
613 2054 675 2088 quis
700 2053 830 2087 ﬂagitium
852 2054 902 2080 hoc
923 2053 948 2079 in
973 2061 1071 2087 genere

1139 255 1232 282 τωνδὲ
1245 255 1453 290 θαυμαζόμενος
1478 256 1553 292 παρὰ
1579 258 1635 288 τοῖς
1660 257 1796 293 Ἕλλησιν,
1821 258 1858 290 ὡς
1880 261 1927 287 καὶ

1140 302 1283 336 σεμνότητι
1297 301 1353 336 βὶου
1367 301 1519 336 διενεγκὼν,
1534 303 1580 329 καὶ
1589 303 1699 338 δυνάμει
1712 304 1798 338 λόγων
1806 305 1858 331 ικαὶ
1871 314 1927 333 πει·

1139 346 1180 372 θοῖ
1192 347 1295 377 πάντας
1319 347 1458 382 ὑπεράρας
1471 348 1532 379 τοὺς
1554 348 1583 373 ὲν
1607 347 1749 384 φιλοσοφίᾳ
1768 350 1924 383 γεγονότας,

1139 390 1190 417 ὑπὸ
1202 391 1256 417 τῶν
1270 392 1426 425 φασκόντων
1438 391 1531 418 δεινῶν
1545 390 1614 419 εἶναι
1627 393 1660 419 τὰ
1675 393 1810 425 πολιτικὰ,
1825 396 1924 431 μικροῦ

1136 436 1191 463 δεῖν
1207 437 1402 472 χλευαζόμενος
1416 437 1462 463 καὶ
1486 438 1699 473 κωμῳδούμενος
1722 439 1845 467 διατελεῖ.
1861 441 1924 468 Καί-

1136 491 1176 509 τοι
1193 483 1316 509 τάκείνου
1330 482 1462 509 σκώπτων
1477 483 1532 519 (49)
1551 484 1653 518 συχνῶς
1671 494 1712 517 τις
1728 485 1760 512 ἂν
1773 486 1848 522 εὖροι
1859 488 1924 522 ῥᾷον

1135 529 1240 560 καὶτὰς
1253 529 1306 555 τῶν
1321 529 1424 555 πολλῶν
1434 529 1524 563 ἔγγιον
1546 530 1699 565 συνηθείας.
1714 531 1798 563 Αὐτὸς
1810 532 1838 558 δὲ
1853 533 1924 560 [Dub

1135 584 1189 602 των
1202 575 1386 611 ὡμολόγηκεν,
1400 576 1441 602 ὅτι
1461 576 1509 612 τὴν
1530 576 1615 612 ἀληθῆ
1646 577 1710 612 περὶ
1730 577 1776 604 τοῦ
1799 578 1866 605 Θεοῦ
1881 579 1924 605 δό-

1135 621 1183 654 ξαν
1199 623 1237 653 είς
1254 621 1303 657 τὴν
1330 622 1383 648 τῶν
1402 622 1487 657 ὄχλων
1504 622 1595 649 ἄνοιαν
1618 623 1667 649 οὐκ
1685 621 1719 658 ἦν
1743 624 1862 658 ἀσφαλὲς
1880 625 1924 658 EE-

1134 668 1264 701 ενεγκεῖν,
1285 667 1365 693 Ἀλλὰ
1390 668 1424 694 τὰ
1441 668 1488 703 μὲν
1500 668 1640 700 Πλάτωνος
1658 668 1753 702 λόγους
1776 670 1845 702 τινὲς
1865 671 1920 706 (50)

1134 711 1202 739 εἶναι
1223 714 1317 744 κενοὺς
1339 713 1489 749 νομίζουσι,
1513 714 1585 741 κατὰ
1600 714 1699 750 πολλὴν
1715 715 1838 748 ἐξουσίαν
1864 718 1919 754 (51)

1133 759 1450 795 κεκαλλιγραφημένους.
1466 759 1590 786 Μάλιστα
1600 760 1627 786 δὲ
1638 760 1691 786 τῶν
1705 761 1856 796 νομοθετῶν
1872 766 1921 790 .¹ιυ-

1133 802 1247 838 κοῦργον
1273 803 1470 839 τεθαυμάκασι,
1499 805 1545 831 καὶ
1572 805 1620 841 τὴν
1648 807 1774 843 Σπάρτην
1801 807 1920 840 ἅπαντες

1132 848 1271 884 ὑμνοῦσιν,
1286 850 1327 876 ὅτι
1340 851 1394 882 τοῖς
1423 851 1525 877 ἐκείνου
1558 852 1650 887 νόμοις
1671 853 1716 879 ἐπὶ
1741 853 1864 880 πλεῖστον
1878 856 1920 881 ὲνς

1091 891 1116 918 ’Β
1131 895 1327 931 εκαρτέρησαν.
1346 897 1449 924 Οὐκοῦν
1462 897 1541 924 τοῦτο
1562 898 1610 933 μὲν
1623 899 1804 933 όμολογείσθω
1818 902 1920 937 τεκμή-

1132 950 1187 977 ριον
1198 942 1298 977 ἀρετῆς
1319 940 1397 976 εἶναι,
1420 943 1450 969 τὸ
1476 943 1613 971 πείθεσθαι
1635 945 1692 976 τοῖς
1718 945 1818 981 νόμοις·
1843 948 1867 973 οἱ
1890 947 1919 973 δὲ

1130 987 1358 1023 Λακεδαιμονίους
1372 988 1570 1024 θαυμάζοντες,
1584 991 1629 1017 τὸν
1642 991 1753 1018 ἐκείνων
1766 992 1861 1028 χρόνον
1872 993 1919 1019 ἁν-

1129 1034 1404 1070 τιπαραόοιλλέτωσαν
1431 1037 1488 1067 τοῖς
1513 1036 1664 1072 πλείοσινῆ
1693 1037 1830 1073 δισχιλίοις
1844 1038 1917 1065 ἔτεσι

1129 1079 1179 1115 τῆς
1199 1080 1335 1116 ἡμετέρας
1351 1081 1497 1113 πολιτείας·
1518 1082 1564 1108 καὶ
1580 1083 1689 1118 προσέτι
1704 1083 1915 1118 λογιζέσθωσαν,

1128 1125 1169 1152 ὅτι
1183 1126 1388 1161 Λακεδαιμόνιοι
1403 1127 1462 1162 μὲν,
1478 1128 1538 1154 ὅσον
1551 1128 1593 1162 ἐφ’
1609 1128 1712 1155 ἑαυτῶν
1728 1130 1822 1165 χρόνον
1842 1127 1917 1165 εἶχον

1128 1171 1177 1207 τὴν
1196 1171 1359 1207 ἐλευθερίαν,
1376 1173 1496 1208 ἀκριϐῶς
1510 1173 1601 1206 ἔδοξαν
1623 1175 1684 1206 τοὺς
1710 1175 1808 1210 νόμους
1821 1175 1916 1210 διαφυ-

1128 1217 1244 1245 λάττειν·
1260 1219 1321 1245 ἐπεὶ
1334 1219 1424 1254 μέντοι
1439 1220 1502 1255 περὶ
1515 1221 1613 1252 αὐτοὺς
1632 1221 1755 1254 ἐγένοντο
1768 1222 1917 1257 μεταϐολαὶ

1127 1262 1177 1298 τῆς
1188 1262 1282 1298 τύχης,
1297 1263 1393 1300 μικροῦ
1409 1264 1463 1291 δεῖν
1487 1265 1613 1292 ἁπάντων
1635 1265 1789 1298 ἐξελάθοντο
1805 1267 1860 1294 τῶν
1872 1268 1915 1295 v6-

1130 1316 1198 1343 μων·
1211 1309 1291 1344 ἡμεῖς
1303 1309 1331 1335 δὲ
1343 1311 1372 1336 ἐν
1392 1310 1487 1345 τύχαις
1503 1311 1614 1347 μυρίαις
1638 1312 1779 1346 γεγονότες
1799 1312 1842 1339 διὰ
1864 1313 1915 1346 τὰς

1127 1353 1181 1379 τῶν
1196 1353 1410 1389 βασιλευσάντων
1425 1357 1474 1392 τῆς
1495 1357 1585 1388 Ἀσίας
1599 1358 1756 1393 μεταϐολὰς,
1768 1359 1843 1386 οὐδὲν
1857 1359 1914 1395 (5‘2)

1127 1400 1183 1431 τοῖς
1199 1400 1322 1436 ἐσχάτοις
1347 1402 1400 1428 τῶν
1427 1402 1520 1429 δεινῶν
1533 1403 1595 1435 τοὺς
1611 1404 1709 1439 νόμους
1724 1405 1884 1440 προῦδομεν.
1901 1415 1911 1431 ι

1127 1444 1219 1472 Ταῦτα
1233 1446 1281 1481 μὲν
1293 1446 1340 1473 καὶ
1353 1446 1481 1483 Ἰώσηπος
1495 1448 1559 1484 περὶ
1572 1449 1621 1484 τῆς
1634 1449 1704 1475 κατὰ
1729 1450 1828 1475 δ’ωσέα
1848 1450 1915 1476 Ἰου-

1125 1491 1208 1519 δαίων
1218 1492 1364 1525 πολιτείας.
1388 1495 1455 1530 Περὶ⁸
1471 1494 1498 1521 δὲ
1521 1497 1570 1530 τῆς
1583 1495 1611 1521 ἐν
1634 1497 1689 1527 τοῖς
1715 1497 1759 1524 ὑπ’
1772 1496 1853 1523 αὑτοῦ
1870 1505 1915 1523 τε-

1127 1536 1197 1564 θεῖσι
1209 1539 1301 1574 νόμοις
1311 1540 1528 1576 ἑπεσκιασμένης
1542 1541 1588 1567 καὶ
1601 1541 1782 1577 ἀλληγορικῆς
1797 1541 1914 1578 θ;ωρίας

1127 1584 1211 1611 πολλὰ
1227 1585 1295 1620 ἔχων
1310 1587 1407 1618 εἰπεῖν,
1430 1587 1564 1622 ἀπαρκεῖν
1582 1587 1701 1622 ἡγοῦμαι
1713 1587 1761 1618 τὰς
1785 1588 1914 1620 Ἐλεαζά-

1127 1639 1173 1667 ρου
1188 1631 1235 1658 καὶ
1254 1632 1457 1666 Ἀριστοϐούλου
1473 1633 1622 1668 διηγήσεις,
1647 1633 1749 1668 ἀνδρῶν
1763 1633 1793 1659 τὸ
1806 1633 1856 1668 μὲν
1871 1633 1914 1667 γέ-

1126 1684 1171 1707 νος
1189 1676 1321 1712 Ἐϐραίων
1351 1678 1492 1709 ἀνέκαθεν,
1513 1678 1557 1705 τὸν
1578 1679 1609 1705 δὲ
1636 1679 1730 1714 χρόνον
1756 1679 1825 1705 κατὰ
1850 1680 1913 1711 τοὺς

1124 1722 1292 1757 Πτολεμαίου
1319 1724 1430 1760 χρόνους
1452 1725 1666 1760 διαπρεῴάντων.
1681 1723 1730 1751 Ὧν
1745 1726 1758 1751 ό
1787 1725 1913 1757 Ἐλειίιζα⁴

1126 1777 1182 1804 ρος,
1197 1769 1295 1803 καὶτῷ
1316 1770 1365 1804 τῆς
1381 1770 1586 1806 ἀρχιερωσύνης
1608 1770 1741 1805 ἀξιώματι
1765 1771 1913 1807 τετιμημέι

1123 1821 1177 1845 νος,
1193 1814 1285 1849 μικρῷ
1295 1815 1425 1850 πρότερον
1439 1817 1504 1850 ἡμῖν
1516 1815 1650 1851 ἐδηλὸῦτο·
1667 1816 1695 1847 ὃς
1711 1816 1742 1852 δὴ
1757 1818 1812 1848 τοῖς
1835 1817 1912 1852 παρὰ

1124 1857 1254 1892 βασιλέως
1266 1858 1303 1890 ὡς
1316 1859 1395 1886 αὑτὸν
1408 1860 1503 1894 ἥκουσι
1523 1860 1668 1896 πρεσϐείας
1679 1861 1769 1893 ἕνεκα,
1784 1863 1834 1896 τῆς
1855 1862 1911 1888 τῶν

1127 1902 1278 1939 Ἑϐραϊκῶν
1304 1904 1390 1939 λόγων
1411 1906 1457 1932 ἐπὶ
1478 1906 1527 1941 τὴν
1557 1906 1667 1933 Ἐλλάδα
1692 1907 1842 1942 μεταὸολῆς
1865 1908 1911 1934 τὸν

1121 1949 1221 1985 τρόπον
1236 1950 1465 1986 ὑποτυπούμενος,
1479 1951 1529 1986 τῆς
1543 1952 1571 1978 ὲν
1594 1952 1650 1983 τοῖς
1664 1953 1745 1988 ἱεροῖς
1757 1953 1850 1988 νόμοις
1864 1953 1910 1979 ἁλ-

1123 1995 1326 2032 ληγορουμένης
1351 1997 1422 2029 ἰδέας
1439 1997 1564 2033 τοιαύτην
1589 1999 1734 2034 πεποίηται
1759 1998 1839 2032 λόγου
1860 1999 1910 2035 τὴν

1124 2042 1306 2070 διδασκαλίαν.

286 2100 462 2131 commiserit,
493 2105 540 2127 aut
565 2099 826 2134 injuste-quilpiazu
856 2099 971 2134 doloque
998 2099 1069 2126 malo
1084 2090 1262 2128 vendiderit:
1288 2101 1333 2136 qui
1357 2101 1397 2128 vel
1420 2109 1453 2128 ex
1492 2102 1572 2129 rebus
1607 2102 1703 2129 alienis
1727 2102 1835 2131 furatus
1852 2103 1908 2130 ali-

286 2147 350 2181 (τυ-ΕΙ
370 2146 460 2178 fuerit,
476 2146 518 2173 vel
541 2146 612 2180 quod
628 2146 675 2172 abs
696 2153 725 2172 se
736 2145 886 2180 depositum
909 2152 962 2171 non
984 2149 1067 2177 esset,
1087 2146 1230 2173 abstulerit
1245 2155 1251 2172 :
1264 2154 1350 2181 pmnze
1363 2147 1484 2173 omnium
1508 2151 1581 2178 sunt,
1599 2155 1652 2174 non
1685 2148 1780 2182 quales
1814 2149 1908 2183 utique

287 2192 356 2220 anui!
375 2197 489 2219 cu-teros
506 2192 637 2224 obtinent,
660 2191 706 2219 sed
739 2191 832 2226 quales
867 2199 972 2219 summa
1007 2191 1062 2218 fere
1093 2193 1225 2220 severitas
1240 2194 1402 2228 postulabat.
1423 2195 1587 2223 constitutae.
1609 2193 1675 2220 Nam
1692 2200 1739 2221 aut
1752 2196 1785 2222 de
1801 2203 1907 2230 paren-

287 2242 342 2265 tum
359 2239 468 2272 injuria.
488 2242 534 2264 aut
555 2238 581 2264 in
603 2237 687 2264 Deum
712 2238 860 2272 impietate,
877 2238 924 2272 qui
959 2238 999 2264 \‘el
1034 2238 1105 2272 apud
1125 2247 1154 2266 se
1172 2240 1308 2274 cogitarit.
1330 2240 1353 2266 is
1376 2239 1408 2267 ad
1428 2245 1540 2267 mortem
1562 2241 1691 2267 continuo
1712 2241 1826 2275 rapitur.
1845 2241 1907 2269 lam

285 2284 331 2319 qui
355 2284 419 2319 legis
444 2283 476 2310 ad
498 2287 628 2318 praecepta
651 2283 731 2310 rebus
753 2284 780 2309 in
795 2283 923 2310 omnibus
945 2283 1143 2316 adhaerescunt,
1174 2285 1342 2319 propositum
1372 2285 1405 2312 iis
1435 2286 1577 2320 prmmium
1612 2291 1664 2319 est,
1681 2294 1734 2313 non
1749 2292 1905 2321 argentum,

286 2330 325 2357 vel
338 2338 445 2361 aurum,
460 2337 514 2356 non
532 2337 631 2356 corona
651 2337 685 2356 ex
716 2330 842 2362 oleastro.
876 2331 917 2357 vel
942 2331 1034 2366 appio.
1051 2337 1098 2359 aut
1129 2331 1239 2366 aliquod
1272 2331 1405 2366 ejusmodi
1437 2333 1601 2366 praeconium
1627 2342 1633 2359 :
1660 2333 1706 2360 sed
1730 2333 1907 2360 consci-utiaz

285 2376 401 2410 quisque
421 2384 479 2403 suae
501 2376 655 2403 testimonio
681 2374 755 2407 freti,
786 2376 859 2410 quod
885 2380 910 2403 ct
939 2376 1075 2411 legislator
1095 2381 1156 2404 ante
1169 2376 1302 2411 prmdixit,
1317 2381 1343 2404 et
1355 2377 1594 2404 Deusecrtissima:
1619 2378 1679 2404 titlei
1699 2378 1811 2412 pignore
1840 2386 1906 2405 con~

282 2422 412 2455 ﬁrmavit,
439 2424 558 2450 futurum
578 2424 689 2450 omnino
712 2423 833 2455 credant,
857 2430 886 2451 ut
911 2425 956 2459 qui
981 2425 1052 2459 leges
1072 2424 1414 2456 constanterscrvaveriut,
1442 2424 1475 2452 iis
1485 2431 1557 2456 vero,
1585 2429 1715 2451 utearum
1735 2432 1819 2452 causa
1841 2433 1909 2452 uon-

285 2477 423 2504 uuuquam
440 2474 572 2505 operteat.
588 2475 674 2497 morte
689 2470 815 2497 alacriter
827 2474 990 2506 strenueque
1002 2470 1165 2506 perfunctis,
1189 2475 1216 2497 et
1226 2478 1325 2497 novum
1334 2471 1460 2505 deinceps
1470 2477 1570 2501 ortum.
1592 2475 1619 2498 et
1645 2471 1706 2498 vitae
1731 2471 1854 2498 vicissim
1864 2470 1904 2498 al-

286 2516 371 2542 terius
383 2516 513 2550 longeque
522 2516 640 2543 melioris
651 2515 767 2543 fructum
777 2515 847 2544 Deus
858 2516 914 2552 ipse
926 2517 1064 2553 largiatur.
1085 2516 1151 2550 Qum
1165 2516 1285 2552 profecto
1293 2517 1437 2544 scriberent
1460 2517 1516 2551 ipse
1536 2524 1687 2551 nunquam,
1699 2516 1751 2543 nisi
1763 2518 1903 2551 cognitum

1155 2583 1210 2619 (51)
1239 2583 1568 2625 Efovolarfi‘liiouqt'av
1587 2585 1630 2625 hic
1647 2584 1707 2624 avri.
1720 2584 1769 2625 τῆς
1791 2594 1903 2625 περιου-

324 2583 378 2618 (49)
398 2583 543 2610 Σκώπτων
560 2581 694 2617 συχνῶς,
715 2588 765 2610 etc.
787 2583 939 2617 Corruptus
961 2584 1004 2612 hic
1025 2584 1062 2612 lo-
1083 2589 1104 2616 ι)

1121 2619 1181 2659 σίας
1205 2627 1350 2659 usurpasse
1379 2619 1486 2659 videtur
1510 2618 1654 2654 Josepltus,
1674 2618 1837 2659 uisitatnen
1859 2622 1901 2648 Iti-

284 2626 346 2649 cns,
362 2626 393 2644 ex
410 2618 528 2652 .Iusepbo
546 2624 646 2654 parti-Vm
673 2619 817 2645 maximam
839 2619 947 2654 restitui
966 2624 1064 2654 potest,

285 2654 350 2690 (inut
373 2654 412 2690 ita
430 2653 492 2686 legit
503 2673 510 2684 ,
524 2653 657 2690 excitum“,
671 2654 754 2688 συχνά
769 2662 811 2685 τις
832 2653 864 2690 ειν
875 2653 971 2690 εὕροις
984 2655 1066 2690 ῥᾴονα

285 2689 358 2716 ὄντα.
374 2688 420 2724 καὶ
431 2689 490 2724 ταῖς
502 2687 555 2714 τῶν
568 2688 672 2715 πολλῶν
682 2687 756 2716 αἴτια
772 2687 934 2724 συνηθείαις.
949 2687 1065 2717 Τιιιιίιιιη

287 2732 335 2758 pro
351 2723 424 2760 αἴτια
441 2723 619 2760 Ιῄιιδοὺίιλιιιιιιι
635 2723 740 2758 ἔγγιον,
762 2725 803 2751 vel
823 2723 973 2760 ὲγγύτερα,
990 2725 1065 2752 sulii-

285 2759 410 2786 cietulum
425 2758 485 2784 erit.

321 2794 376 2828 (50)
397 2794 510 2830 ᾼόγους
526 2794 614 2827 τινὲς,
631 2799 683 2822 etc.
700 2795 791 2830 Longe
806 2795 903 2823 melius
921 2803 1001 2829 quam
1029 2800 1061 2822 ut

285 2835 326 2857 est
349 2830 376 2871 in
403 2828 521 2863 Joscpbo
557 2834 583 2856 et
610 2829 739 2862 ;\lonlac.,
762 2828 866 2865 νόμους
893 2828 968 2862 τινας
994 2830 1063 2857 εἶναι

283 2871 402 2896 καινους.

1119 2655 1201 2681 miant
1237 2655 1355 2682 hominis
1388 2654 1438 2680 hoc
1460 2654 1606 2690 inqgcnere
1629 2655 1784 2690 παρρησίαν
1802 2663 1818 2682 a
1834 2664 1903 2684 nou-

1119 2690 1201 2716 nttllis
1216 2690 1369 2721 sugillatam
1384 2697 1445 2716 esse
1461 2689 1532 2715 velit.

1154 2724 1210 2758 (52)
1233 2724 1336 2750 Οὐδέν.
1354 2723 1423 2758 Lege
1439 2731 1500 2750 cum
1520 2723 1638 2758 Josepho
1649 2728 1675 2751 et
1687 2725 1733 2751 alt.
1749 2732 1902 2758 manuser..

1118 2759 1172 2785 οὐδ’
1193 2761 1231 2786 ὲν.
1245 2759 1295 2786 Sed
1313 2759 1386 2795 quod
1407 2759 1555 2795 prox._lin.
1570 2759 1710 2793 sequitur,
1727 2759 1900 2795 προῦδομεν,

1119 2793 1336 2831 anteponendum
1348 2793 1391 2831 τῷ
1401 2814 1408 2824 ,
1423 2793 1603 2828 προάγομεν,
1622 2795 1694 2822 quod
1709 2793 1779 2822 idem
1788 2793 1902 2831 Joseplt.

1117 2834 1142 2856 et
1159 2828 1273 2857 Mount-uc.
1292 2828 1430 2856 exhibent.
