2070 3206
303 175 354 203 οη

619 173 753 202 EUSEBll
772 174 1012 202 CA'LSARIENSIS
1031 173 1107 202 OPP.
1130 174 1220 202 PARS
1239 175 1270 202 ll.
1290 190 1325 196 —-
1344 176 1596 206 APOLOGETICA.

1862 180 1916 208 638

303 237 387 267 modi.
400 243 462 271 quae
478 236 505 262 in
522 235 604 262 totius
614 235 676 262 vita:
689 239 790 270 pestem
807 235 950 267 redundet,
973 234 1082 262 auferre

1133 236 1279 271 καιοσύνης
1311 236 1418 271 πρῶτον
1453 238 1469 264 ό
1495 238 1643 274 νομοθέτης
1673 237 1766 273 ἡμῶν,
1803 239 1849 265 καὶ
1874 238 1916 265 δι-

302 281 382 316 vulgo
399 281 519 313 soleant';
539 284 566 306 et
579 280 741 314 sapientium
759 287 792 306 ac
802 280 976 314 prudentium
990 280 1081 307 homi-

302 335 367 356 num
384 326 564 357 familiaritas,
581 325 668 360 pulsis
686 325 847 360 ignorantize
861 326 990 358 tenebris,
1003 326 1082 361 longe

302 374 438 402 saniorem
454 371 627 400 instituenda)
637 372 697 398 vita).
706 372 838 398 rationem
854 372 975 399 edoceat.
992 371 1082 405 Quare

301 420 439 454 legislator
456 422 560 450 noster,
582 426 643 451 quze
665 418 699 445 ad
721 418 879 453 religionem
893 418 1082 453 justitiamqne

301 465 490 497 pertinebant,
523 468 586 491 ante
612 463 704 491 omnia
732 464 869 498 sigillatim
899 468 926 490 et
943 463 1082 491 enucleate

299 510 467 542 constitutis,
484 514 566 544 atque
582 509 628 541 ita,
648 513 677 536 ut
691 517 746 536 non
766 509 848 536 modo
861 510 984 537 criminis
997 517 1081 544 genus

299 563 382 583 omne
398 555 535 590 conceptis
552 555 630 590 37]
647 555 736 582 verbis
751 555 918 590 prohiberet,
938 556 984 583 sed
999 556 1081 583 etiam

301 608 396 634 prunas
417 600 547 628 divinitus
570 608 584 626 a
607 600 740 627 scelerum
763 599 921 627 auctoribus
950 600 1081 634 expetitas

299 646 379 680 quasi
406 646 491 680 digito
505 645 637 672 indicaret
656 644 785 680 (primum
810 645 883 672 enim
903 644 953 672 hoc
980 645 1080 679 posuit,

301 692 385 720 Deum
401 700 484 719 unum
498 698 568 722 esse,
583 691 660 725 cujus
675 698 734 718 sese
748 691 830 718 rebus
846 691 871 718 in
890 691 1016 719 omnibus
1034 700 1081 727 po-

301 743 386 769 testas
405 743 509 771 exerat,
539 746 601 765 cum
617 739 659 766 vis
676 737 763 773 ipsius
773 738 865 765 omnia
882 743 1023 772 permeet:
1038 738 1081 765 ni-

302 782 338 809 hil
355 789 417 808 eum
435 789 548 816 prorsus
562 783 656 815 latere,
675 783 748 817 quod
766 782 793 809 in
810 782 890 809 terris
913 783 948 810 ab
965 783 1078 810 botniui-

300 828 352 855 bus
366 828 484 856 obscure
498 829 561 855 licet
576 829 735 863 occulteque
747 828 793 856 liat
807 838 813 855 :
829 829 884 856 imo
901 837 955 856 non
972 837 1003 856 ea
1018 834 1080 857 tan-

301 879 369 904 tum,
385 881 446 908 qua:
458 874 546 908 reipsa
572 874 648 906 ﬁant,
662 875 708 901 sed
720 875 801 901 etiam
830 882 895 909 qua»
904 874 995 902 futura
1015 876 1079 907 sint,

301 919 325 946 ei
340 918 445 950 cognita
459 918 515 952 jam
526 926 586 946 esse
597 924 678 953 atque
693 919 843 953 perspecta)
856 928 862 945 :
877 926 938 953 qua:
954 927 1015 946 cutn
1035 920 1079 946 ille

302 967 358 989 tam
376 967 517 989 accurrate
534 966 752 997 persequeretur,
769 967 796 989 et
810 963 836 989 in
856 963 979 990 omnium
993 964 1081 991 oculis

301 1007 455 1038 collocaret.
479 1007 560 1034 simul
578 1008 630 1042 hoe
644 1007 765 1042 profecto
777 1008 880 1040 docuit,
896 1009 1000 1036 nullum
1020 1016 1080 1035 om-

302 1053 367 1079 nino
385 1053 484 1084 scelus,
504 1052 545 1079 vel
567 1053 659 1079 animo
673 1057 776 1080 tantum
792 1057 819 1080 et
834 1054 997 1087 cogitatione
1015 1061 1081 1084 con-

301 1103 418 1133 ceptum,
437 1098 536 1125 nedum
561 1103 590 1125 ut
607 1099 694 1133 reipsa
720 1103 867 1133 patratum,
901 1098 985 1126 divini
1010 1099 1081 1126 oeuli

301 1144 385 1171 aciem
401 1142 517 1178 cﬂugere
533 1150 613 1178 posse
630 1152 635 1169 :
654 1151 734 1178 quem
751 1143 777 1171 in
794 1144 886 1176 linem,
909 1143 1009 1170 summi
1026 1142 1082 1170 Nu—

302 1189 383 1216 minis
401 1192 561 1223 potestatem
585 1194 642 1216 tota
667 1189 768 1224 passim
792 1190 850 1224 lege
873 1194 1079 1217 commonstrat.

301 1236 367 1263 lude
395 1236 476 1272 igitur
503 1237 669 1271 auspicatus,
687 1236 806 1264 ostendit
826 1237 966 1269 continuo,
990 1236 1013 1263 si
1033 1244 1082 1263 nos

302 1287 407 1310 tantum
437 1282 566 1317 excipias,
594 1283 726 1310 invectam
753 1283 787 1309 ab
809 1283 921 1317 reliquis
955 1282 1082 1309 omnibus

302 1329 413 1355 deorum
428 1336 489 1356 esse
505 1328 714 1361 multitudinem,
731 1336 792 1356 cum
819 1333 909 1356 tamen
925 1326 980 1355 ista
997 1328 1082 1354 collu-

301 1373 344 1400 vie
357 1374 435 1409 longe
462 1374 627 1407 potentiores
651 1374 688 1401 illi
711 1374 762 1409 ipsi
779 1374 843 1406 sint,
859 1373 906 1408 qui
919 1373 1028 1400 divinos
1042 1373 1082 1400 ei-

303 1419 363 1447 dent
377 1420 494 1447 honores
510 1419 610 1447 frustra
625 1420 776 1456 stolideque
793 1420 923 1447 tribuant.
935 1419 1003 1447 Nam
1021 1427 1081 1454 qua:

301 1465 344 1492 vel
360 1473 392 1492 ex
407 1465 505 1500 lapide,
527 1466 568 1492 vel
592 1474 625 1493 ex
640 1466 713 1500 ligno
727 1466 872 1493 simulacra
893 1465 1080 1497 conﬂaverint,

302 1511 433 1545 imagines
452 1511 560 1538 illorum
574 1519 634 1539 esse
649 1511 783 1542 dictitant,
798 1511 844 1545 qui
861 1510 961 1545 aliqttid
977 1511 1080 1538 ducen-

301 1559 341 1584 dae
355 1557 415 1584 vita;
432 1557 605 1584 commodum
623 1557 788 1588 invenerint,
809 1564 933 1591 quosque
945 1556 1002 1583 suis
1016 1556 1080 1591 ipsi-

303 1604 357 1626 ruet
372 1600 458 1627 oculis
469 1600 543 1626 omni
557 1608 638 1630 sensu
651 1607 744 1627 carere
754 1600 857 1633 vident,
872 1607 917 1627 eos
933 1599 1003 1626 ﬂexo
1013 1608 1082 1640 quo;

301 1652 355 1679 que
373 1652 442 1679 genu
468 1649 641 1672 venerantur.
666 1644 699 1671 Et
724 1645 832 1679 quidem
848 1652 880 1672 eo
900 1646 1081 1679 potissimum,

303 1690 375 1724 quod
394 1690 508 1724 alicujus
522 1690 560 1717 rei
573 1695 698 1717 auctores
721 1690 832 1724 fuerint,
850 1690 883 1717 ad
901 1692 971 1719 hanc
985 1691 1084 1719 divini-

303 1736 368 1763 tatis
379 1735 534 1770 opinionem
552 1736 661 1767 adduci,
680 1743 793 1770 prorsus
808 1736 898 1763 insani
911 1737 1007 1771 capitis
1019 1741 1061 1764 est
1074 1746 1081 1764 :

304 1782 402 1816 quippe
421 1782 467 1816 qui
495 1789 527 1808 ex
558 1782 591 1809 iis
620 1782 762 1815 duntaxat,
789 1791 849 1818 qua:
875 1788 1013 1817 procreata
1026 1783 1083 1817 jam

303 1832 391 1858 erant,
404 1828 472 1854 inter
487 1835 546 1855 sese
559 1827 688 1854 nonnulla
704 1828 905 1863 conjunxeriut,
931 1832 1011 1862 atque
1027 1829 1082 1856 uti-

305 1874 388 1900 li:at’s
403 1873 504 1908 aliquid
517 1872 612 1901 allerre
626 1881 706 1908 posse
726 1872 905 1905 ostenderint,
923 1877 950 1900 at
965 1874 1083 1900 molitio~

304 1927 365 1945 nem
382 1927 475 1946 eorum
488 1927 521 1946 ne
534 1919 671 1954 attigerint
685 1919 804 1954 quidem.
822 1918 949 1946 Vecordis
961 1920 1042 1954 igitur
1051 1927 1083 1947 ac

303 1965 437 1993 dementis
453 1965 544 1998 fuerit,
567 1966 630 1993 huic
653 1965 794 1992 hominum
809 1966 900 2001 generi
916 1966 1083 1993 divinitatem

304 2010 440 2045 attingere.
457 2010 601 2038 Enimvero
616 2011 802 2045 superioribus
830 2011 883 2039 illis
901 2012 978 2047 longe
997 2012 1083 2039 soler-

304 2058 387 2083 tiorcs
403 2056 482 2082 hodie
505 2056 730 2090 quamplurimas,
755 2064 787 2083 ac
811 2065 902 2084 rerum
930 2057 1084 2090 cognitione

306 2101 508 2137 prmstautiorcs
521 2101 654 2134 invenias,
676 2109 745 2136 quos
770 2102 804 2129 ab
820 2103 878 2130 istis
895 2103 1007 2137 proinde
1023 2107 1083 2129 tan-

303 2156 384 2183 quam
403 2148 468 2175 dcos
483 2147 534 2174 culi
548 2148 691 2181 oportebit.
711 2147 799 2182 Atque
812 2148 838 2174 hi
851 2149 992 2175 numinum
1010 2148 1085 2175 ﬁcto-

302 2203 348 2222 res
357 2199 384 2221 et
396 2194 536 2221 architecti
549 2194 703 2221 Graecorum
720 2194 914 2228 sapientissimi
929 2195 1023 2222 audire
1035 2202 1083 2222 vo-

303 2241 371 2266 lunt.
388 2239 468 2274 (Quid
490 2240 562 2267 enitn
585 2239 774 2276 {Egyptiorum
795 2239 896 2271 dicam,
914 2240 1084 2275 aliorumque

302 2285 445 2316 similium,
461 2286 507 2320 qui
525 2286 551 2312 in
565 2285 640 2317 feris,
658 2285 832 2320 serpentibus
853 2293 885 2312 ac
897 2286 1081 2320 spurcissimis

302 2331 488 2358 animantibus
505 2339 552 2366 spe
567 2332 641 2358 oumi
658 2332 799 2364 collocata,
813 2339 860 2359 eas
875 2332 975 2358 divinis
993 2332 1082 2358 hono-
1106 2338 1107 2341 ‘

302 2376 377 2403 ribus
392 2381 473 2411 atque
486 2376 628 2404 sacriﬁciis
639 2384 692 2403 non
705 2377 825 2404 viventes
835 2377 925 2408 modo,
940 2377 986 2404 sed
1001 2378 1081 2404 etiam

302 2428 423 2449 mortuas
438 2423 674 2458 prosequuntur?)
690 2422 748 2455 llis,
764 2423 886 2458 inquam,
901 2423 1029 2450 omnibus
1044 2424 1083 2450 le-

302 2468 413 2503 gislator
429 2469 474 2496 ille
494 2473 597 2500 noster,
622 2469 661 2495 uti
674 2469 892 2503 sapientissimus
918 2473 985 2501 erat,
1002 2474 1083 2504 atque

303 2522 317 2540 a
334 2513 388 2540 Deo
402 2522 491 2542 rerum
515 2515 549 2542 ad
569 2515 691 2542 omnium
709 2515 891 2550 cognitionem
909 2515 1007 2548 factus,
1022 2516 1083 2543 dili-

304 2565 396 2593 genter
422 2561 559 2594 expensis,
589 2561 791 2596 inexpugnabili
815 2561 932 2596 quodam
962 2561 1031 2589 vallo
1057 2565 1083 2589 et

339 2613 629 2652 (57)__‘E_'r65mtméiq.
654 2617 783 2645 Aristzeas
807 2622 935 2652 ttterqne,
959 2618 1081 2651 ἐνδίκως.

305 2648 360 2682 Εκο
383 2649 449 2677 nihil
470 2657 561 2682 muto,
586 2648 635 2679 nec
655 2653 801 2687 quidquam
824 2648 1081 2681 deesse'arbitrorvz

305 2690 447 2724 sequentes
459 2686 529 2712 enim
545 2688 690 2715 accusativi
703 2688 736 2714 ad
750 2688 873 2723 particip.
895 2688 1011 2721 διδάξας,
1030 2689 1084 2715 ἀπὸ

304 2719 392 2745 κοινοῦ
407 2719 567 2748 referuntur.

339 2753 394 2788 (58)
415 2754 611 2788 Προῦπέδειξε
625 2757 690 2791 γάρ.
708 2757 794 2784 Totus
809 2758 853 2785 hic
873 2758 956 2787 locus.
979 2759 1011 2785 ad
1039 2759 1083 2786 illa

305 2796 391 2828 usiluo
407 2791 496 2819 verba.
515 2791 624 2828 δυνατὸν
641 2792 852 2828 ἐνδεικνύμενος,
874 2801 935 2828 qua:
951 2794 1084 2821 habentur

303 2826 334 2851 Α.
348 2827 407 2852 υιι..
423 2826 575 2858 parenthesi
593 2826 770 2855 includendns
785 2834 836 2854 est.

339 2858 552 2909 ('59).Elt€)1ip.
564 2862 706 2909 LAristaeus,
724 2863 750 2904 ες
763 2871 788 2904 τι
803 2862 868 2909 γάρ,
880 2864 960 2909 longe
977 2864 1082 2909 melius.

304 2893 350 2922 Est
367 2899 454 2922 autem
470 2893 496 2922 εἴ
504 2893 529 2922 τί
544 2897 596 2932 γὰρ
611 2899 669 2924 κατ’
687 2898 774 2925 ἐκεῖνό
792 2893 915 2934 τιςθείη,
927 2893 1000 2927 idem
1028 2899 1084 2927 fere

646 2946 724 2958 «κτα.
752 2945 771 2952 ν..

1130 281 1212 313 δάξας
1253 282 1356 308 ἕκαστα
1396 283 1459 318 περὶ
1497 283 1599 309 τούτων
1640 283 1690 310 οὐκ
1735 284 1917 320 ἀπαγορευτι-

1132 328 1188 359 κῶς
1227 328 1322 363 μόνον,
1370 328 1426 354 ἀλλ’
1462 329 1634 361 ὲνδεικτικῶς
1671 329 1744 364 (57),
1785 331 1832 357 καὶ
1865 331 1916 364 τὰς

1132 374 1233 412 βλάδας
1260 375 1408 410 προδήλους
1436 375 1482 402 καὶ
1515 376 1564 408 τὰς
1598 376 1651 403 ὑπὸ
1673 375 1740 402 Θεοῦ
1767 377 1916 412 γενομένας

1131 419 1288 454 ἐπιπομπὰς
1301 421 1356 451 τοῖς
1373 420 1468 452 αἰτίοις
1481 421 1666 456 (προῡπέδειξε
1680 421 1732 456 γὰρ
1743 421 1797 454 (58)
1809 423 1915 456 πρῶτον

1132 465 1249 496 πάντων,
1266 466 1307 492 ὅτι
1324 465 1403 500 μόνος
1416 468 1430 492 ό
1445 465 1511 498 Θεός
1525 467 1594 497 ἐστι,
1607 467 1653 493 καὶ
1666 467 1710 493 διὰ
1722 467 1828 494 πάντων
1841 469 1856 503 ἡ
1869 468 1916 494 δό-

1131 519 1212 546 ναμις
1227 510 1309 537 αὑτοῦ
1324 511 1427 546 φανερὰ
1443 511 1556 545 γίνεται,
1580 513 1792 548 πεπληρωμένου
1806 514 1916 552 μακρὴ

1131 556 1213 583 τόπου
1228 558 1277 592 τῆς
1293 557 1461 589 δυναστείας,
1479 557 1525 584 καὶ
1541 557 1618 584 οὐθὲν
1633 559 1713 585 αὐτὸν
1727 550 1891 598 inﬁgi

1132 601 1178 628 ἐπὶ
1208 589 1260 636 γῆξ
1278 602 1425 637 γινομένων
1451 602 1496 629 ὑπ’
1521 602 1671 638 ἁνθρώπων

1131 646 1180 673 ὅσα
1193 647 1263 674 ποιεί
1277 653 1328 679 τις,
1339 647 1412 682 αὐτῷ
1425 647 1527 683 φανερὰ
1544 648 1694 683 καθέστηκε
1703 669 1710 680 ,

1131 690 1209 718 λοντα
1224 691 1364 726 γίνεσθαι·
1386 691 1462 718 ταῦτ’
1477 691 1522 719 οὖν
1546 692 1758 728 ἐξεργαζόμενος
1783 692 1914 728 ἀκριϐῶς,

1132 736 1178 762 καὶ
1193 735 1313 770 πρόδηλα
1328 735 1394 768 θεὶς,
1413 736 1520 768 ἔδειξεν,
1546 737 1596 768 ὅτι,
1610 737 1657 762 καὶ
1677 737 1722 763 ἐὰν
1735 737 1845 772 ἐννοῖθῇ
1875 745 1918 768 τις

1131 781 1229 808 κακίαν
1246 781 1389 813 ἐπιτελεῖν,
1403 782 1453 808 οὐκ
1468 781 1501 808 ἂν
1513 782 1599 812 λάθοι,
1618 782 1654 817 μὴ
1669 783 1709 808 ὃτι
1727 783 1774 808 καὶ
1797 782 1916 818 πράξας,

1130 826 1163 853 δι’
1182 827 1245 862 ὅλης
1252 828 1301 862 τῆς
1315 827 1473 862 νομοθεσίας
1483 828 1513 853 τὸ
1527 827 1573 853 τοῦ
1584 827 1651 854 Θεοῦ
1663 827 1774 855 δυνατὸν
1783 827 1918 854 ἐνδεικνύη

1133 872 1234 907 μενος).
1245 872 1430 908 Ποιησάμενος
1450 870 1496 899 οὗν
1511 872 1559 908 τὴν
1574 873 1713 908 καταρχὴν
1726 873 1842 907 ταύτην,
1869 873 1918 901 καὶ

1094 914 1115 942 Β
1128 918 1228 951 δείξας,
1243 918 1284 944 ὅτι
1312 919 1411 950 πάντες
1432 919 1456 944 οι
1483 918 1570 945 λοιποὶ
1593 919 1656 954 παρ’
1674 919 1747 954 ἡμᾶς
1776 919 1917 954 ἅνθρωποι

1132 963 1244 995 πολλοὺς
1258 963 1336 995 Θεοὺς
1348 962 1416 991 εἶναι
1431 965 1595 1000 νομίζουσιν,
1612 965 1688 991 αὐτοὶ
1703 964 1918 1001 δυναμικώτεροι

1132 1009 1220 1044 πολλῴ
1230 1009 1399 1041 καθεστῶτες
1415 1007 1452 1038 ὧν
1467 1010 1588 1037 σέϐονται
1603 1010 1733 1046 ματαίως.
1761 1010 1918 1046 Ἀγέιλματα

1131 1055 1184 1090 γὰρ
1200 1055 1360 1090 ποιήσαντες
1389 1056 1420 1081 ἐκ
1445 1054 1558 1090 λίθωνῆ
1584 1055 1683 1087 ξύλων,
1708 1055 1813 1086 είκόνας
1835 1055 1917 1090 φασὶν

1132 1098 1199 1126 εἶναι
1225 1099 1278 1126 τῶν
1298 1099 1460 1135 ἐξευρόντων
1478 1109 1504 1127 τι
1521 1101 1588 1137 πρὸς
1604 1101 1633 1127 τὸ
1656 1101 1704 1136 ζῇν
1717 1101 1808 1133 αὐτοῖς
1820 1102 1918 1137 χρήσιη

1134 1155 1192 1181 μον,
1208 1143 1248 1177 οἷς
1264 1145 1454 1181 προσκυνοῦσι,
1472 1147 1547 1182 παρὰ
1560 1147 1642 1178 πόδας
1654 1147 1759 1182 ἔχοντες
1774 1147 1822 1183 τὴν
1842 1148 1918 1174 ἀναι-

1133 1191 1255 1227 σθησίαν.
1281 1190 1342 1218 Εἴτε
1363 1191 1416 1227 γὰρ
1437 1192 1492 1226 (59)
1514 1193 1574 1219 κατ’
1597 1193 1684 1220 ἐκεῖνό
1704 1202 1746 1224 τις
1763 1193 1831 1228 θείη,
1847 1193 1918 1220 κατὰ

1131 1238 1180 1274 τὴν
1207 1237 1355 1273 ἐξεύρεσιν,
1374 1237 1512 1270 παντελῶς
1535 1239 1661 1274 ἀνόητον·
1686 1238 1739 1265 τῶν
1763 1239 1816 1274 γὰρ
1841 1240 1869 1265 ἐν
1883 1241 1917 1275 τῇ

1132 1285 1221 1310 κτίσει
1241 1284 1366 1314 λαΰόντες
1387 1283 1465 1315 τινὰ,
1491 1284 1651 1320 συνέθηκαν,
1673 1285 1719 1311 καὶ
1737 1284 1917 1319 προσαπέδει-

1133 1329 1180 1361 ξαν
1200 1328 1254 1361 ίϋΟ)
1269 1327 1486 1363 εὐχρηστοτάτην
1500 1327 1549 1363 τὴν
1567 1327 1737 1363 κατασκευὴν
1763 1327 1853 1354 αὐτῶν
1863 1347 1871 1358 ,
1886 1327 1917 1353 οὗ

1135 1376 1294 1410 ποιήσαντες
1309 1373 1398 1401 αὐτοί·
1413 1374 1452 1401 διὸ
1463 1375 1539 1402 κενὸν
1550 1375 1597 1401 καὶ
1612 1375 1724 1410 μάταιον
1737 1374 1799 1405 τοὺς
1807 1374 1918 1409 ὁμοίους

1133 1421 1274 1449 ἀποθεοῦν.
1298 1422 1352 1448 Καὶ
1372 1421 1425 1456 γὰρ
1453 1421 1493 1447 ἔτι
1515 1423 1560 1448 καὶ
1577 1421 1624 1448 νῦν
1642 1420 1844 1456 εὑρετικώτεροι
1869 1420 1918 1446 καὶ

1133 1466 1364 1503 πολυμαθέστεροι
1376 1466 1430 1493 τῶν
1447 1466 1595 1502 ἀνθρώπων
1605 1466 1657 1492 τῶν
1673 1466 1736 1501 πρίν
1750 1467 1801 1493 εἱσι
1814 1466 1917 1498 πολλοὶ,

1133 1514 1179 1540 καὶ
1194 1514 1245 1540 οὐκ
1262 1513 1293 1540 ἂν
1309 1512 1433 1547 φθάνοιεν
1449 1513 1546 1544 αὐτοὺς
1562 1512 1784 1548 προσκυνοῦντες.
1802 1513 1856 1539 Καὶ
1872 1521 1918 1540 νος

1135 1559 1256 1596 μιζουσιν
1273 1560 1298 1586 οἱ
1312 1559 1397 1586 ταῦτα
1412 1559 1607 1590 διαπλάσαντες
1627 1559 1674 1586 καὶ
1689 1558 1919 1594 μυθοποιῆσαντες

1132 1605 1185 1632 τῶν
1207 1605 1340 1640 Ἑλλήνων
1363 1606 1387 1631 οι
1406 1604 1554 1639 σοφώτατοι
1579 1599 1753 1632 καθεστάναι.
1783 1604 1844 1631 Τῶν
1869 1605 1919 1640 μὲν

1132 1651 1186 1685 γὰρ
1196 1650 1282 1678 ἄλλων
1296 1650 1487 1685 πολυματαίων
1502 1649 1529 1675 τί
1546 1649 1586 1676 δεῖ
1604 1649 1702 1683 λέγειν,
1722 1649 1876 1683 Αἰγυπτίων
1889 1657 1920 1676 τε

1133 1697 1180 1724 καὶ
1205 1697 1259 1723 τῶν
1286 1695 1492 1731 παραπλησίων,
1518 1695 1614 1727 οἵτινες
1633 1696 1678 1722 ἐπὶ
1695 1695 1776 1730 θηρία
1800 1695 1848 1721 καὶ
1865 1695 1920 1722 τῶν

1133 1743 1254 1780 ἑρπετῶν
1267 1742 1302 1769 τὰ
1316 1742 1439 1774 πλεῖστα,
1455 1742 1502 1769 καὶ
1519 1742 1563 1768 ἐπὶ
1579 1741 1721 1768 κνωδάλων
1737 1741 1786 1777 τὴν
1805 1742 1919 1776 ἀπέρει-

1134 1798 1175 1816 σιν
1189 1788 1359 1824 πεποίηνται,
1377 1788 1424 1814 καὶ
1438 1787 1525 1814 ταῦτα
1540 1787 1721 1822 προσκυνοῦσι
1732 1806 1740 1818 ,
1761 1787 1808 1813 καὶ
1825 1787 1920 1813 θύουσι

1133 1834 1235 1865 τούτοις
1246 1834 1292 1860 καὶ
1309 1833 1376 1866 ζῶσι
1389 1833 1436 1860 καὶ
1449 1833 1626 1868 τελευτήσασι
1637 1841 1643 1865 ;
1657 1832 1850 1868 Συνθεωρήσας
1865 1841 1921 1859 τοι-

1132 1879 1234 1914 γαροῦν
1250 1879 1305 1914 (61)
1321 1878 1423 1905 ἕκαστα
1439 1879 1520 1913 σοφὸς
1535 1877 1572 1904 ὣν
1585 1878 1598 1903 ό
1610 1877 1755 1912 νομοθέτης
1767 1897 1774 1909 ,
1798 1876 1845 1903 καὶ
1868 1876 1921 1902 ὑπὸ

1133 1925 1199 1952 Θεοῦ
1222 1925 1475 1960 κατεσκευασμένος
1491 1926 1531 1956 εἰς
1548 1923 1694 1957 ἐπίγνωσιν
1708 1923 1760 1949 τῶν
1779 1922 1920 1952 ἁπάντων.

1133 1970 1312 2007 περιέφραξεν
1334 1971 1407 2005 ἡμᾶς
1429 1970 1585 2001 ἁδιακόποις
1611 1968 1708 2004 χάραξι
1727 1968 1774 1994 καὶ
1799 1968 1921 2003 σιδηροῖς

1134 2017 1261 2052 τείχεσιν,
1278 2017 1350 2047 ὅπως
1367 2015 1461 2051 μηδενὶ
1480 2015 1533 2041 τῶν
1553 2014 1639 2041 ἄλλων
1655 2013 1738 2040 ἐθνῶν
1765 2013 1920 2048 ἐπιμισγώ-

1136 2061 1204 2096 μεθα
1221 2060 1291 2088 κατὰ
1309 2060 1402 2095 μηδὲν,
1419 2060 1495 2094 ἁγνοὶ
1512 2059 1682 2091 καθεστῶτες
1698 2059 1767 2085 κατὰ
1783 2058 1862 2094 σῶμα
1874 2058 1922 2085 καὶ

1134 2106 1204 2134 κατὰ
1220 2106 1318 2142 ψυχὴν,
1334 2105 1527 2140 ἀπολελυμένοι
1544 2105 1663 2140 ματαίων
1676 2104 1768 2137 δοξῶν,
1780 2104 1826 2130 τὸν
1841 2105 1921 2139 μόνον

1134 2153 1200 2180 Θεὸν
1224 2152 1270 2179 καὶ
1298 2151 1408 2178 δυνατὸν
1433 2151 1571 2186 σεϐόμενοι
1595 2150 1734 2186 παρ’ὃλην
1756 2150 1805 2185 τὴν
1830 2151 1921 2177 πᾶσαν

1136 2197 1232 2224 κτίσιν.
1252 2196 1332 2223 Ὅθεν
1346 2196 1501 2230 Αἰγυπτίων
1521 2196 1544 2222 οί
1561 2195 1748 2230 καθηγεμόνες
1768 2195 1850 2230 ἱερεῖς
1874 2195 1922 2229 ἐγ-

1136 2243 1284 2277 κεκυφότες
1300 2243 1340 2273 at;
1355 2242 1449 2274 πολλὰ,
1466 2241 1512 2268 καὶ
1530 2240 1726 2276 μετεσχηκότες
1738 2239 1920 2275 πραγμάτων,

1139 2286 1296 2322 ἀνθρώπους
1310 2285 1377 2313 Θεοῦ
1397 2284 1643 2322 προσονομάζουσιν
1664 2285 1736 2320 ἡμᾶς
1747 2293 1754 2300 ·
1767 2285 1781 2310 ὃ
1796 2286 1851 2315 τοῖς
1866 2283 1921 2310 λοι-

1139 2335 1198 2364 ποῖς
1210 2333 1240 2359 οὐ
1256 2333 1410 2368 πρόσεστιν,
1425 2332 1449 2358 εί
1466 2332 1501 2366 μή
1528 2339 1569 2362 τις
1587 2330 1692 2357 σέϐεται
1715 2331 1759 2357 τὸν
1782 2330 1840 2356 κατ’
1855 2330 1922 2366 ἁλή-

1139 2379 1212 2405 θειαν
1225 2379 1300 2405 Θεόν.
1315 2378 1382 2405 Ἀλλ’
1395 2378 1464 2404 εἰσὶν
1478 2377 1525 2404 ἄνθ
1531 2385 1614 2412 ρωποι
1631 2376 1749 2412 βρωτῶν,
1759 2376 1804 2403 καὶ
1820 2375 1920 2408 ποτῶν,

1138 2425 1186 2451 καὶ
1203 2424 1304 2459 σκέπης
1314 2433 1320 2439 ·
1340 2425 1356 2459 ή
1371 2423 1424 2459 γὰρ
1440 2424 1513 2450 πᾶσα
1528 2423 1645 2454 διάθεσις
1658 2422 1746 2449 αὐτῶν
1767 2423 1814 2450 ἐπὶ
1833 2423 1921 2450 ταῦτα

1138 2471 1314 2505 καταφεύγει.
1331 2471 1392 2502 Τοῖς
1404 2470 1431 2496 δὲ
1448 2470 1512 2505 παρ’
1525 2469 1590 2504 ήμῖν
1607 2470 1636 2495 ὲν
1648 2469 1734 2496 οὐδενὶ
1746 2469 1834 2496 ταῦτα
1846 2469 1922 2495 λελό-

1138 2525 1239 2551 γισται,
1257 2517 1321 2552 περὶ
1333 2516 1360 2543 δὲ
1378 2516 1426 2551 τῆς
1444 2515 1490 2542 τοῦ
1504 2514 1571 2541 Θεοῦ
1586 2514 1742 2546 δυναστείας
1756 2515 1788 2541 δι’
1800 2514 1861 2541 ὅλου
1873 2513 1920 2541 τοῦ

1139 2564 1188 2599 ζῇν
1208 2563 1224 2598 ἢ
1247 2562 1341 2598 σκέψις
1362 2563 1453 2594 αὐτοῖς
1471 2562 1553 2588 ἐστιν.
1570 2561 1664 2592 Ὅπως
1681 2559 1728 2588 οὖν
1742 2561 1836 2596 μηδενὶ
1859 2570 1921 2587 συν-

1139 2619 1210 2653 quod
1231 2619 1257 2645 εί
1269 2628 1294 2654 τι
1305 2619 1359 2654 γὰρ
1373 2619 1459 2654 ἐκεῖνό
1473 2628 1514 2650 τις
1525 2616 1593 2645 εἴναι
1608 2617 1707 2652 τίθησι,
1719 2618 1758 2645 vel
1769 2617 1800 2654 is!
1814 2626 1853 2653 τῳ
1866 2617 1902 2652 γὰ

1139 2651 1227 2680 ἐκεῖνο
1255 2651 1324 2680 εἶναι
1339 2651 1484 2683 τιδόέειεν-
1499 2654 1575 2685 Quod
1593 2651 1681 2680 autem
1700 2651 1901 2686 quuitur,‘x¢'zt

1140 2689 1187 2729 τῂν
1205 2688 1351 2725 ἐξεύρεσιν,
1368 2696 1414 2724 per
1428 2689 1592 2724 ὲπεξήγησιν
1603 2687 1746 2724 quamdam
1761 2687 1920 2721 adjunctum

1140 2725 1304 2793 Ἥίίὲδῖΐὲιιι
1320 2757 1567 2793 προσαπέδειξαν,
1583 2763 1634 2784 etc.
1648 2757 1777 2784 Aristteas
1793 2761 1919 2793 uterque,

1140 2794 1186 2821 καὶ
1202 2791 1411 2829 π’ροσυπέδειξαν
1426 2792 1570 2829 εθχρῃστα,
1583 2792 1631 2829 τὴν
1644 2792 1815 2829 κατασκευὴν
1824 2791 1920 2829 Ῠαὺτῷν

1139 2830 1168 2855 οὐ
1195 2827 1353 2863 ποιήσαντες
1378 2828 1464 2854 αὐτοί.
1476 2827 1587 2859 Ἡραιε,
1605 2827 1656 2854 nisi
1672 2827 1745 2862 quod
1762 2828 1849 2854 ποιεῖν
1870 2827 1921 2862 τὴν

1141 2864 1320 2898 κατασκευήν,
1337 2864 1415 2897 paulo
1433 2863 1519 2890 rarius
1532 2863 1644 2898 videtur.
1663 2896 1677 2898 ﬂ
1844 2882 1846 2884 τ

1176 2898 1230 2935 (Gl)
1255 2896 1409 2933 Τοιγαροῦν
1435 2897 1528 2932 Arist.,
1546 2896 1601 2931 οὖν,
1618 2896 1722 2925 melius.
