2070 3206
293 183 346 212 633

607 181 743 210 EUSEBII
761 180 1002 209 CESABIENSIS
1019 181 1062 208 ΟΡ

1117 181 1206 209 PARS
1225 181 1258 209 Il.
1278 197 1313 201 —
1331 181 1581 210 APOLOGETICA.

1865 184 1920 212 οδο

293 243 408 270 aliorum
429 242 554 275 iniuriam
583 241 658 268 abuti
675 244 756 267 vetat.
773 239 852 272 Quod
868 239 939 266 idem
953 239 1062 267 similite

1113 263 1116 270 λ
1131 239 1178 267 τοῦ
1193 240 1287 274 νόμου,
1303 240 1336 274 ἢν
1349 240 1488 275 προῆγμαι
1503 240 1667 275 διασαφῆσαι
1681 248 1732 272 σοι,
1742 241 1917 277 Φιλόκρατες,

293 288 321 316 in
349 287 549 323 prohibitarum
565 286 746 313 animantium
768 288 864 311 natura
881 289 908 311 et
920 284 1077 312 conditione

292 334 424 369 reperias.
437 333 613 360 Mustelarum
630 332 703 359 enim
715 335 743 359 et
759 331 892 363 muriutn,
912 338 944 358 ac
964 335 1076 358 caetera-

291 387 352 406 rum
369 379 394 406 id
403 387 499 413 genus,
514 377 614 412 quibus
628 377 700 404 haud
712 376 784 404 vesci
797 375 838 404 fas
852 380 904 408 est,
922 375 1075 403 malelicum

291 433 339 459 per
353 432 413 452 sese
440 423 576 457 ingeniqu
593 428 645 450 est.
660 422 728 450 Nam
747 430 839 449 mures
865 421 987 456 quidem.
1012 427 1076 449 eum

289 470 335 496 nih
349 470 355 496 Ι
372 477 425 496 non
442 468 563 496 alimenti
589 469 716 503 captandi
739 476 823 496 causa
838 467 960 495 iulieiant
974 474 1007 495 ac
1027 467 1075 494 de—

287 519 386 546 terant.
403 521 460 541 tum
473 515 554 542 etiam
573 515 676 541 homini
693 515 822 548 deinceps
833 514 929 541 inutile
947 521 1072 547 prorsus,

285 559 419 594 quidquid
435 560 545 586 detnum
569 559 730 592 artoseriut,
742 558 871 586 ciliciuut.
895 557 1073 585 Mustelarum

285 613 350 633 vero
373 605 512 640 singulare
533 606 669 640 quoddam
701 613 734 632 ac
759 606 898 640 proprium
918 612 1004 640 genus
1020 608 1072 632 est.

284 650 352 679 Nam
365 658 463 686 przeter
478 652 515 684 id,
531 653 603 687 quod
619 652 698 686 patilo
711 656 773 678 ante
783 651 914 683 diximus,
932 651 1071 678 exitialem

283 698 384 724 habent
411 698 508 725 nativa:
521 697 727 725 constitutionis
748 697 895 729 rationem,
909 705 971 724 cum
990 701 1018 724 et
1029 705 1073 724 se-

283 752 342 771 men
365 744 479 772 auribus
507 745 673 778 suscipiaut,
701 748 728 770 et
753 751 800 770 ore
819 742 924 770 catulos
950 743 1067 776 pariant.

280 788 341 821 Quo
361 790 400 821 lit,
431 794 461 816 ut
478 790 578 816 similis
595 789 736 815 hominum
755 789 828 814 natio
845 788 951 821 impura
971 787 1070 814 simili-

1129 284 1162 310 δι’
1175 285 1208 318 ἡν
1219 283 1291 319 ἔχεις
1298 283 1482 319 φιλομάθειαν.
1496 294 1505 311 ι
1520 284 1613 311 Ταῦτα
1622 284 1671 320 μὲν
1683 286 1696 312 ὁ
1707 285 1851 322 ἀρχιερεὺς
1860 288 1918 319 τοῖς

1129 329 1241 363 ἥκουσιν
1255 329 1293 360 ὡς
1307 328 1386 356 αὑτὸν
1395 329 1503 364 Ἕλλησι
1517 329 1580 365 περὶ
1588 330 1637 364 τῆς
1643 329 1791 365 summa
1795 331 1878 367 μένης
1888 332 1917 359 ὲν

1129 375 1185 406 τοῖς
1198 375 1281 410 ἱεροῖς
1295 374 1387 410 νόμοις
1403 375 1472 406 ἰδέας
1483 375 1654 406 διεστείλατο,
1665 376 1722 408 πῶς
1734 376 1766 402 ἂν
1789 377 1918 412 μέλλουσι

1128 420 1188 451 ταῖς
1219 419 1446 455 ὲκδοθηςομέναις
1485 420 1690 456 περιτεύξεσθαι
1722 421 1776 447 τῶν
1800 422 1921 457 Γραφῶν.

1128 466 1302 502 ἑρμηνείαις
1324 467 1338 493 ὁ
1356 466 1385 492 δὲ
1411 466 1623 502 Ἀριστόεουλος,
1639 467 1686 494 καὶ
1705 467 1755 503 τῆς
1768 469 1827 495 κατ’
1846 469 1915 504 Ἀρι-

1128 512 1255 548 στοτέλην
1279 512 1436 547 φιλοσοφίας
1464 512 1531 548 πρὸς
1546 514 1579 548 τῇ
1605 513 1710 548 πατρίῳ
1737 513 1913 549 μετειληχὼς,

1124 559 1204 585 ὁποῖα
1219 567 1251 585 πε
1257 559 1282 594 pi
1298 559 1352 586 τῶν
1361 560 1389 585 ὲν
1405 560 1464 591 ταῖς
1476 559 1560 594 ἱεραῖς
1571 558 1670 594 βίϐλοις
1684 559 1840 594 φερομένων
1851 581 1857 590 ,
1877 560 1914 592 ὡς

1125 605 1189 640 περὶ
1201 604 1268 631 Θεοῦ
1288 604 1376 640 μελῶν
1391 605 1509 641 διῆλθεν,
1526 605 1675 632 ἐπακοῦσαι
1699 606 1802 642 καιρός.
1829 603 1914 638 Οὗτος

1123 649 1144 676 δ’
1158 650 1238 682 αὐτὸς
1253 651 1367 682 ἐκεῖνος.
1382 647 1412 678 οὗ
1425 652 1472 678 καὶ
1488 652 1504 687 ἡ
1523 651 1635 686 δευτέρα
1654 651 1708 678 τῶν
1726 652 1914 680 Μακκαϐαίων

1124 696 1153 722 ὲν
1169 695 1239 730 ἀρχῇ
1253 695 1304 730 τῆς
1327 695 1418 730 βιὸλου
1446 695 1618 730 μνημονεύει,
1642 696 1670 721 ὲν
1681 695 1719 731 τῷ
1731 697 1799 732 πρὸς
1813 698 1913 724 Πτολε-

1125 742 1203 775 μαῖον
1215 741 1260 767 τὸν
1272 741 1384 776 βασιλέα
1398 741 1592 777 συγγράμματι
1600 741 1692 769 τοῦτον
1704 743 1751 769 καὶ
1764 743 1844 775 αὐτὸς
1854 744 1914 771 δια-

1122 788 1203 821 σαφεί
1217 787 1261 813 τὸν
1275 787 1385 822 τρόπον.

281 841 321 863 ter
334 840 360 862 et
378 837 505 863 obscena
524 836 664 862 habeatur.
685 834 820 868 Quidquid
842 834 916 861 enim
931 833 1073 860 auditione
1090 833 1491 867 aeaeperint,eidumoratione
1507 841 1606 868 corpus
1620 839 1648 862 et
1669 835 1753 862 robur
1783 835 1919 869 induunt,

279 884 374 910 eadem
390 882 554 917 contagione
570 886 683 908 caeteros
698 881 846 912 involvere,
868 880 991 913 adeoque
1021 879 1150 906 omnibus
1167 879 1233 913 ipsis
1258 879 1373 906 maculis
1405 887 1437 907 ac
1471 880 1600 908 sordibus
1621 881 1768 916 impietatis
1793 882 1912 910 notatis-

278 930 352 961 simi,
367 937 418 955 non
435 929 570 964 vulgarent
599 929 691 963 utique
717 927 861 955 colluviem
877 926 981 953 ellicere
996 930 1208 953 consueverunt.
1238 925 1320 961 375
1351 925 1438 959 Quam
1457 927 1598 954 hominum
1633 933 1735 955 sectam
1770 927 1831 963 jure
1847 936 1910 963 pro.

278 975 349 1003 fectu
374 984 420 1003 rex
455 977 511 1011 ipse
541 981 640 1009 vester,
656 975 772 1003 utfama
797 979 856 1007 est,
875 974 997 1001 funditus
1029 974 1210 1000 exterminare
1238 978 1364 1000 conatur.
1386 972 1435 1001 Hic
1456 981 1517 1009 ego,
1549 973 1696 1008 delatores,
1732 978 1854 1010 Inquam,
1881 978 1909 1004 ni

277 1021 369 1051 fallo»,
389 1021 528 1056 intelligis,
555 1030 677 1049 cumcos
706 1026 837 1056 perpetuo
868 1028 921 1047 non
942 1024 1047 1047 tantum
1077 1019 1246 1052 verberibus,
1276 1021 1323 1048 sed
1347 1021 1428 1048 etiam
1461 1022 1623 1056 capitalibus
1645 1022 1733 1057 iisqtte
1760 1022 1909 1050 admodum

276 1069 404 1104 graiibus
415 1070 557 1104 suppliciis
574 1070 743 1105 insequatur.
760 1068 816 1104 Ego
829 1076 894 1095 vero
905 1068 965 1095 illos
981 1068 1065 1102 ipsos,
1085 1068 1194 1102 inquit:
1221 1068 1352 1096 scelerate
1384 1069 1457 1095 enim
1480 1069 1622 1096 hominum
1652 1070 1679 1096 in
1696 1069 1843 1104 perniciem
1868 1069 1909 1096 in-

276 1116 395 1150 vigilant.
422 1117 501 1152 Atqui
528 1117 569 1144 vel
604 1118 693 1151 reipsa
709 1123 888 1152 quemquam,
916 1116 957 1143 vel
981 1117 1063 1143 etiam
1083 1116 1165 1143 verbo
1179 1116 1276 1143 violari
1291 1117 1332 1143 lex
1349 1121 1442 1144 nostra
1459 1121 1540 1144 vetat.
1561 1117 1595 1144 Et
1625 1118 1735 1153 quidem
1776 1117 1826 1144 hoc
1858 1117 1908 1147 tibi

275 1162 374 1193 adhuc,
391 1170 474 1197 quam
510 1163 671 1190 brevissime
705 1162 762 1190 ﬁeri
790 1163 887 1197 potuit.
917 1161 1098 1194 ostendimus,
1118 1161 1346 1195 quemadmodum
1361 1162 1444 1189 certis
1459 1162 1492 1189 ad
1506 1163 1661 1197 azquitatem
1675 1164 1775 1198 regulis
1796 1163 1910 1192 confor-

274 1213 346 1234 mata
363 1209 418 1235 sint
438 1209 542 1240 omnia.
561 1209 682 1244 nihilque
702 1209 813 1236 omnino
828 1208 868 1235 vel
885 1213 997 1241 temere,
1019 1207 1059 1234 vel
1079 1207 1203 1235 fabulose
1238 1207 1378 1243 Scriptura
1412 1210 1558 1242 statuerit;
1583 1209 1629 1237 sed
1644 1217 1706 1236 eum
1718 1209 1851 1238 duntaxat
1878 1210 1907 1238 in

273 1253 366 1286 tinem,
382 1259 420 1286 ut,
434 1254 568 1289 quidquid
594 1262 718 1289 agamus,
733 1254 846 1288 justitiaa
862 1253 958 1280 olliciis
973 1260 1055 1280 omne
1073 1260 1159 1287 genus
1176 1253 1315 1280 hominum
1331 1257 1386 1280 toto
1414 1254 1476 1280 vitae
1495 1259 1596 1281 nostra!
1608 1259 1729 1289 tempore
1756 1262 1906 1289 prosequa-

274 1310 346 1332 mur,
369 1302 460 1337 jugem
479 1310 512 1330 ac
527 1310 674 1337 perennem
700 1301 746 1329 Dei
780 1301 958 1336 prtepolentis
980 1300 1140 1328 memoriam
1166 1301 1325 1328 retinentes.
1357 1300 1506 1327 Enimvero
1535 1301 1665 1336 quidquid
1689 1310 1741 1329 seu
1767 1303 1801 1330 de
1829 1302 1906 1330 cibo-

273 1355 332 1374 rum
357 1346 474 1379 deleetu,
490 1355 538 1375 seu
553 1347 586 1374 de
600 1347 683 1374 rebus
701 1347 859 1378 immundis,
876 1354 924 1373 seu
963 1346 998 1373 de
1020 1346 1192 1380 serpentibus
1221 1345 1317 1372 aliisve
1347 1346 1533 1374 animantibus
1564 1347 1730 1382 praecipitur,
1749 1355 1782 1375 co
1796 1353 1904 1376 tantum

271 1399 383 1430 spectat,
403 1394 988 1431 u'.antiquissimislegibushominuntinter
999 1401 1060 1422 sese
1079 1394 1194 1421 societas
1206 1394 1415 1428 communioquc
1426 1399 1559 1421 teneatur.
1583 1393 1656 1422 Sane
1683 1395 1792 1433 quidem
1823 1395 1902 1423 Elea-

271 1450 350 1469 tarus
381 1443 520 1477 sapienter
545 1443 661 1470 omnino
674 1442 807 1469 rationem
827 1441 860 1468 de
877 1441 994 1476 singulis
1013 1440 1126 1467 reddere
1160 1439 1312 1467 videbatur.
1336 1439 1405 1467 Nam
1437 1440 1473 1468 de
1504 1440 1608 1473 vitulis,
1639 1442 1781 1474 arietibus,
1806 1442 1901 1474 hircis.

271 1488 315 1522 qui
343 1487 475 1515 efferendi
504 1493 607 1520 essent.
624 1487 695 1515 idem
707 1486 1092 1524 adjungebat,providendum
1112 1492 1172 1513 esse
1183 1486 1336 1521 diligenter,
1349 1491 1377 1513 ut
1389 1494 1422 1514 ex
1439 1486 1570 1514 armentis
1584 1491 1612 1514 ct
1625 1488 1753 1523 gregibus
1776 1496 1903 1516 mansuo

270 1537 373 1564 tissima
390 1545 505 1572 quaeque
532 1538 696 1572 legerentur,
723 1536 867 1571 ferumque
883 1536 949 1564 nihil
973 1540 1002 1563 et
1020 1537 1140 1563 immane
1172 1535 1399 1562 sacrificaretur:
1429 1543 1464 1562 eo
1483 1536 1626 1570 nimirum,
1644 1540 1685 1569 ut,
1713 1538 1759 1572 qui
1791 1538 1902 1564 sacriﬁ-

269 1584 339 1611 cium
361 1583 520 1616 oll'erebaut,
535 1583 552 1610 ii
574 1583 608 1610 de
625 1587 758 1618 praecepto
782 1582 878 1610 divino
891 1581 1052 1617 rogitantes,
1072 1580 1173 1608 nullius
1192 1580 1327 1615 superbiae
1360 1580 1527 1608 conscientia
1560 1585 1725 1609 tenerentur.
1760 1581 1811 1616 Qui
1827 1583 1901 1610 enim

269 1631 385 1658 hostiam
398 1631 588 1658 immolaturus
605 1635 657 1663 est,
675 1631 698 1658 is
713 1629 825 1665 aliquod
837 1629 920 1657 simul
931 1629 1099 1656 oll'erendum
1119 1629 1242 1656 omnium
1270 1629 1353 1656 anitni
1384 1637 1515 1656 sensuum
1548 1637 1648 1657 munus
1663 1631 1790 1658 instituit.
1811 1631 1901 1665 Quam

269 1676 350 1708 illius,
367 1677 394 1703 in
409 1682 504 1704 mutuo
527 1684 676 1712 congressu
705 1681 818 1709 nostro,
840 1681 994 1710 susceptam
1018 1674 1061 1701 his
1080 1674 1114 1701 de
1146 1673 1228 1701 rebus
1261 1673 1475 1708 disputationem
1503 1676 1763 1703 commemoratione
1789 1676 1901 1711 dignam

269 1723 378 1757 putavi:
405 1731 436 1750 ac
462 1728 618 1759 propterea,
636 1728 666 1751 ut
699 1723 790 1751 ardori
825 1730 935 1758 quoque
962 1722 1085 1749 discendi
1117 1726 1174 1754 tuo,
1191 1721 1226 1748 mi
1250 1720 1430 1755 Philocrates,
1461 1722 1688 1757 obsecundarem,
1713 1725 1900 1759 augustiore-tt

267 1771 340 1798 illam
352 1771 450 1799 divinae
464 1771 530 1806 legis
553 1771 683 1806 speciem,
706 1771 912 1806 naturalemque
935 1770 1096 1798 sententiam
1129 1770 1177 1797 tibi
1202 1770 1308 1804 aperire
1338 1770 1457 1798 decrevi.
1483 1780 1493 1796 ι
1509 1770 1571 1798 Haec
1591 1776 1666 1805 sunt,
1701 1780 1762 1807 qum
1794 1772 1899 1801 Grzecis

266 1818 299 1844 ad
314 1825 343 1845 se
370 1819 461 1846 missis
475 1819 509 1846 de
523 1826 604 1846 sensu
627 1819 715 1853 legum
734 1827 875 1847 sacrarum
901 1819 1047 1854 allegorico
1078 1817 1200 1853 pontifex
1233 1817 1394 1851 enucleavit,
1419 1822 1458 1850 ut.
1484 1819 1713 1854 quemadmodum
1744 1825 1898 1856 susceptain

266 1871 358 1891 earum
384 1865 633 1900 interpretationem
650 1866 684 1892 ab
713 1873 774 1892 sese
791 1865 902 1892 tractari
931 1869 1079 1900 oporteret,
1100 1864 1288 1898 intelligerent.
1307 1863 1367 1891 Jam
1397 1872 1461 1892 vero
1489 1870 1596 1900 tempus
1628 1871 1684 1900 est,
1700 1867 1738 1894 uti
1757 1867 1903 1894 Aristobu.

265 1911 332 1944 lum,
348 1911 395 1946 qui
419 1911 452 1938 ad
480 1912 658 1939 domesticam
683 1912 844 1947 sapientiam
875 1912 1055 1940 Aristotelian
1074 1910 1252 1946 philosophiae
1284 1911 1406 1938 studium
1436 1912 1610 1946 adjunxerat,
1629 1912 1662 1940 de
1679 1914 1819 1944 membris,
1835 1922 1899 1948 qua

265 1955 321 1984 Deo
348 1957 450 1992 passirn
468 1957 496 1984 in
513 1957 654 1993 Scriptura
681 1958 764 1985 tribui
785 1958 938 1992 videantur,
963 1959 1145 1992 disputantem
1174 1956 1329 1984 audiamus.
1365 1957 1411 1984 Ille
1442 1963 1533 1985 atttem
1561 1960 1617 1993 ipse
1639 1963 1693 1990 est,
1721 1959 1800 1993 cujus
1826 1960 1897 1988 liber

265 2001 483 2030 Machabzeorum
517 2004 654 2032 secundus
683 2004 734 2032 sub
757 2005 864 2032 initium
885 2004 1051 2032 mentionem
1091 2001 1165 2029 facit.
1202 2000 1227 2029 ls
1254 2002 1337 2037 igitur
1355 2002 1382 2030 in
1403 2010 1453 2037 eo,
1480 2011 1562 2039 quem
1590 2003 1623 2031 ad
1648 2003 1825 2033 Ptolemaeum
1852 2014 1901 2035 re-

265 2059 324 2085 gem
341 2051 458 2086 scripsit,
469 2050 569 2084 libello,
585 2051 658 2078 hunc
680 2051 708 2078 in
721 2051 831 2079 modum
849 2059 881 2079 ea
900 2051 934 2079 de
956 2058 985 2078 re
1000 2048 1119 2077 disserit.

532 2109 614 2145 37s
632 2109 747 2138 CAPUT
766 2109 800 2138 x.

1375 2107 1573 2135 ΚΕΦΔΛΔΙΟΝ
1589 2107 1616 2135 ι’.

263 2154 422 2188 Aristobnli,
446 2155 480 2183 de
499 2155 632 2186 ntembris.
655 2163 714 2190 qua
737 2160 873 2183 vocelenus
888 2155 944 2182 Deo
969 2154 1053 2182 tribu—

613 2196 705 2218 untur.

302 2245 312 2261 ι
329 2234 381 2262 Sed
403 2235 544 2271 quoniam,
559 2236 649 2270 inquit
661 2235 716 2268 ille,
732 2243 794 2263 cum
810 2235 959 2269 propositis
978 2241 1052 2269 quaa-

263 2282 398 2310 stionibus
413 2282 479 2309 satis
492 2290 507 2309 a
526 2282 604 2309 nobis
618 2281 720 2309 factum
735 2285 818 2314 esset,
837 2281 1023 2312 succlamasti,
1035 2287 1052 2307 ο

263 2336 322 2360 rex,
349 2328 478 2363 deinceps
502 2328 562 2363 ipse
587 2336 717 2363 quoque;
734 2336 867 2363 quorsum
885 2327 993 2355 tandem
1009 2327 1052 2355 lex

262 2373 320 2408 ipsa
332 2379 435 2406 nostra,
453 2382 562 2406 manus,
579 2374 701 2408 brachia,
719 2374 938 2409 vultum,pedes.
955 2374 1053 2400 ambu-

263 2419 394 2447 lationem
410 2419 622 2448 divinoNamini
647 2421 803 2448 attribuat:
823 2421 894 2448 hanc
921 2424 1051 2456 praeterea

260 2466 360 2502 juverit
375 2467 563 2502 superioribus
578 2467 790 2502 disputationem
810 2468 969 2503 adjungere,
989 2475 1051 2502 qua:

261 2520 324 2539 cum
339 2512 371 2539 iis
382 2514 454 2540 nullo
470 2514 550 2541 modo
567 2519 676 2550 pugnet.
699 2515 758 2548 Quo
772 2515 881 2550 quidem
895 2515 921 2542 in
939 2522 1050 2550 genere,

263 2558 314 2585 hoc
330 2563 356 2585 te
373 2559 399 2585 in
415 2560 510 2594 primis
526 2565 667 2588 exoratum
698 2561 778 2589 velim
794 2580 802 2593 ,
828 2561 865 2589 uti
890 2561 1050 2588 traditiones

263 2605 330 2631 istas
354 2605 462 2641 physice
485 2608 604 2642 accipias
620 2627 628 2638 .
655 2607 821 2642 dignamque
846 2607 891 2634 Dei
909 2607 1049 2635 notionem

262 2654 420 2677 constanter
433 2652 561 2685 retineas,
578 2660 610 2680 tte
629 2653 656 2680 in
669 2652 823 2681 fabulosam
839 2653 987 2688 quamdam
1000 2651 1050 2679 hu-

262 2723 357 2758 cspzv'”
375 2721 445 2757 αις..
467 2718 546 2758 ut_in
560 2723 688 2758 lnostro.
701 2719 766 2748 Mihi
791 2721 879 2749 solum
905 2722 975 2750 κατὰ
998 2723 1049 2758 τῆς

260 2751 422 2790 ρμιλίαςῌίιι
446 2753 516 2790 κατὰ
541 2754 591 2789 τὴν
615 2755 905 2790 ὁμιλίανᾉῐηιιιθιιάυηι
930 2751 1047 2790 videtur;

263 2786 317 2829 hoc
327 2787 426 2829 modo1
449 2789 497 2829 καὶἶ
510 2786 574 2824 περῖ
586 2786 699 2829 τούίτων,
713 2788 877 2829 οὗν-νομίζω
888 2812 895 2824 ,
912 2793 981 2820 κατὰ
996 2786 1046 2829 τὴν

261 2820 379 2864 optum,
394 2822 456 2864 ἄξια
469 2820 552 2864 λόγοιί
567 2820 740 2864 καθεστάναι.
754 2820 908 2864 Sequenda
933 2820 1045 2864 retinel-i

263 2861 398 2898 plissunt:
416 2860 458 2898 in”
469 2860 502 2898 iis
518 2863 610 2898 tamen
632 2862 696 2889 ιιωεί
714 2860 852 2898 Aristeas.
869 2863 940 2895 apud
964 2872 1044 2898 quem

263 2891 397 2920 illustrior
412 2894 478 2922 mihi
496 2902 528 2922 ac
541 2895 646 2930 plenior
660 2905 758 2925 sensus
773 2891 948 2925 oﬂ'erebatur.

1110 2153 1334 2188 Ἀριστοϐούλου
1355 2153 1421 2188 περὶ
1438 2153 1503 2215 τῶῖθλ
1511 2154 1738 2193 ρνομαζομένων
1756 2156 1796 2189 ὡς
1819 2156 1893 2184 Θεοῦ

1447 2197 1482 2215 ιιε
1504 2198 1556 2215 ων.

1446 2197 1556 2224 μενιων.

1141 2244 1150 2260 ι
1171 2235 1243 2271 Πλὴν
1264 2235 1362 2267 ἱκανῶς
1373 2235 1524 2270 εἰρημένων
1537 2236 1604 2271 πρὸς
1617 2237 1652 2264 τὰ
1664 2238 1831 2273 προκείμενα
1845 2238 1893 2274 ζη-

1102 2282 1220 2317 τήματα,
1239 2281 1415 2317 ὲπεφὼνησας
1433 2282 1479 2308 καὶ
1492 2281 1534 2314 σὺ,
1547 2282 1658 2317 βασιλεῦ
1671 2303 1679 2315 ,
1702 2284 1769 2311 διότι
1793 2285 1892 2320 σημαι-

1102 2335 1176 2353 νεται
1189 2327 1233 2354 διὰ
1248 2327 1294 2354 τοῦ
1313 2327 1395 2362 νόμου
1415 2327 1462 2354 τοῦ
1479 2329 1544 2364 παρ’
1555 2329 1632 2364 ἡμῖν,
1647 2330 1694 2356 καὶ
1717 2331 1808 2366 χεῖρες
1823 2331 1889 2365 (86).

1101 2373 1146 2400 καὶ
1161 2372 1289 2408 βραχίων,
1299 2374 1345 2400 καὶ
1353 2374 1507 2409 πρόσωπον,
1516 2374 1563 2400 καὶ
1576 2375 1664 2407 πόδες,
1677 2376 1723 2402 καὶ
1740 2377 1890 2412 περίπατος

1101 2419 1147 2446 ἐπὶ
1161 2419 1210 2455 τῆς
1222 2419 1297 2452 Θείας
1308 2419 1464 2456 δυνάμεως·
1480 2421 1498 2448 ἃ
1515 2413 1637 2454 τεύξεται
1658 2422 1737 2457 λόγου
1756 2423 1890 2458 καθήκον-

1101 2472 1155 2496 τος,
1167 2464 1213 2490 καὶ
1221 2464 1270 2491 οὐκ
1285 2465 1451 2501 ὰντιδοξήσει
1464 2467 1518 2498 τοῖς
1529 2468 1737 2503 προειρημένοις
1749 2469 1794 2503 ὑφ’
1810 2469 1889 2504 ἡμῶν

1101 2509 1185 2536 οὐδέν.
1200 2510 1391 2546 Παρακαλέσαι
1403 2511 1431 2538 δέ
1445 2520 1475 2538 σε
1490 2511 1620 2547 βούλομαι
1635 2513 1704 2548 πρὸς
1723 2513 1753 2540 τὸ
1766 2514 1888 2549 φυσικῶς

1101 2554 1246 2590 λαμϐάνειν
1262 2555 1317 2591 (87)
1335 2555 1384 2587 τὰς
1395 2555 1518 2592 ὲκδοχὰς,
1537 2557 1584 2584 καὶ
1597 2558 1646 2593 τὴν
1662 2558 1834 2593 ἁρμόζουσαν
1847 2559 1888 2586 εν-

1100 2610 1174 2628 νοιαν
1196 2602 1258 2637 περὶ
1279 2601 1347 2629 Θεοῦ
1368 2604 1494 2638 κρατεῖν,
1511 2603 1556 2629 καὶ
1573 2603 1611 2639 μὴ
1636 2605 1780 2631 ἐκπίπτειν
1803 2606 1844 2637 εἰς
1858 2606 1888 2632 τὸ

1102 2647 1223 2683 μυθῶδες
1234 2648 1280 2675 καὶ
1292 2647 1461 2685 ἀνθρώπινον
1477 2650 1649 2686 κατάστημα.
1665 2650 1810 2686 Πολλαχῶς
1834 2652 1887 2688 γὰρ

1136 2722 1191 2758 (86)
1211 2723 1321 2762 Xsl'psq.
1339 2725 1406 2761 Χεὶρ
1420 2726 1518 2754 melius
1534 2726 1680 2762 legeretur,
1697 2726 1750 2754 nisi
1767 2732 1831 2756 ante
1843 2735 1886 2755 re-

1100 2765 1216 2793 portatur
1228 2760 1416 2794 σημαίνονται.

1137 2793 1193 2828 (87)
1214 2793 1351 2832 Meurig
1365 2796 1536 2832 λαμϐάνειν.
1565 2796 1613 2826 Hic
1637 2796 1760 2832 φυσικῶς
1780 2798 1886 2825 videtur

1099 2836 1159 2855 esse
1177 2829 1382 2866 φοᾳιολογικῶς,
1399 2829 1439 2858 vel
1456 2830 1526 2858 κατὰ
1548 2831 1597 2866 τὴν
1621 2829 1810 2866 φὺσιολογίαν,
1836 2833 1886 2860 huc

1099 2868 1141 2902 est
1154 2864 1360 2925 elxplieatiOnem
1378 2867 1523 2901 quamdam
1547 2864 1652 2896 naturas
1671 2864 1770 2896 divina
1785 2876 1836 2896 con
1845 2875 1884 2896 ra-

1099 2906 1161 2925 tuen
1175 2907 1228 2925 em.

1099 2906 1228 2926 utentem.
