2070 3206
156 189 207 216 637

705 187 866 215 ΡιιΑερΑιι.
886 187 1013 215 EVANG.
1035 187 1100 215 LIB.
1122 186 1188 215 Vlll.

1720 189 1775 218 638

156 247 170 274 ὃ
186 246 310 282 βούλεται
331 247 419 282 λέγειν
445 247 461 274 ὀ
482 247 629 283 νομοθέτης
656 247 733 283 ήμῶν
759 249 869 283 Μωσῆς,
896 250 939 283 ἐφ’

992 255 1131 282 malaeque
1144 247 1260 276 similem
1273 247 1398 282 corporis
1409 247 1526 282 speciem
1538 247 1676 276 delabere.
1698 248 1774 277 Solet

157 294 256 329 ἐτέρων
269 295 437 330 πραγμάτων
451 294 544 328 λόγους
559 294 717 329 ποιούμενος
727 314 734 326 ,
756 294 826 328 λέγω
844 295 873 321 δὲ
887 295 941 322 τῶν

158 340 227 368 κατὰ
240 340 290 376 τὴν
306 340 476 375 ἐπιφάνειαν,
489 341 606 375 φυσικὰς
617 341 749 373 διαθέσεις
765 341 940 375 ἀπαγγέλλει,

158 386 203 413 καὶ
226 386 353 422 μεγάλων
368 387 536 422 πραγμάτων
566 387 746 418 κατασκευάς.
762 384 809 418 Οἷς
827 387 875 421 μὲν
894 385 940 414 οὖν

157 432 272 468 πάρεστι
291 433 321 459 τὸ
339 432 429 464 καλῶς
441 434 521 464 νοεῖν,
538 432 706 467 θαυμάζουσι
717 432 767 468 τὴν
784 433 848 468 περὶ
861 433 941 459 αὑτὸν

158 478 267 513 σοφίαν,
292 479 339 505 καὶ
362 479 391 506 τὸ
405 479 476 506 Θεῖον
491 479 612 514 Πνεῦμα,
635 479 695 506 καθ’
708 479 723 506 ὃ
736 479 784 505 καὶ
800 480 941 515 προφήτης

156 525 385 560 ἀνακεκήρυκται.
396 522 445 552 Ὧν
457 525 525 551 εἰσιν
538 525 563 552 οἱ
582 525 771 562 προειρημένοι
792 525 939 560 φιλόσοφοι,

157 570 203 595 καὶ
218 568 337 601 πλείονες
347 569 434 604 ἕτεροι
449 569 494 596 καὶ
507 570 616 604 ποιηταὶ
632 571 696 606 παρ’
717 569 798 597 αὐτοῦ
821 569 941 605 μεγάλας

156 614 282 649 ἀφορμὰς
295 614 445 649 εἰληφότες,
461 614 528 641 καθὸ
550 615 597 641 καὶ
617 614 809 650 θαυμάζονται.
832 615 893 646 Τοῖς
912 614 940 641 δὲ

158 659 194 694 μὴ
209 659 348 694 μετέχουσι
364 659 503 695 δυνάμεως
517 660 563 688 καὶ
578 661 720 692 συνέσεως,
736 661 802 688 ἀλλὰ
820 661 858 696 τῷ
872 669 940 696 γρα-

158 704 216 740 πτῷ
235 705 314 740 μόνον
330 707 545 743 προσκειμένοις,
560 707 590 734 οὐ
612 708 735 743 φαίνεται
761 708 901 744 μεγαλείόν
914 717 940 735 τι

156 747 303 783 διασαφῶν.
320 750 455 786 Ἀρξομαι
468 751 496 779 δὲ
511 751 659 787 λαμϐάνειν
679 753 740 781 καθ’
757 753 870 780 ἕκαστον
893 762 942 789 ση⁴

157 795 329 830 μαινόμενον,
344 796 457 824 καθόσον
472 797 504 825 ἂν
518 798 669 831 ὦδννατός.
693 800 722 826 El
739 799 766 827 δὲ
788 800 824 836 μὴ
846 799 939 832 τεύξοο

157 849 205 875 μαι
222 841 363 876 τάληθοῦς,
380 843 446 879 μηδὲ
460 844 556 875 πείσω,
574 845 612 881 μὴ
638 844 676 879 τῷ
693 845 825 882 νομοθέτῃ
858 853 941 880 προσ-

155 886 227 922 άψῃς
241 887 289 923 τὴν
301 887 421 922 ἀλογίαν,
435 889 491 916 ἀλλ’
503 890 564 925 ἐμοὶ
576 890 614 925 τῷ
624 890 661 926 μὴ
672 891 812 926 δυναμένῳ
828 891 940 926 διαιρεῖ-

157 933 218 961 σθαι
228 934 264 961 τὰ
274 935 405 962 ἐκείνωνελ
416 937 575 972 νενοημένα.
591 938 687 973 Χεῖρες
699 939 747 973 μὲν
762 937 808 966 οὖν
819 938 941 966 νοοῦνται

155 979 296 1015 προδήλως
307 981 352 1007 καὶ
367 981 408 1015 ἐφ’
424 982 501 1016 ἡμῶν
516 983 678 1018 κοινότερον.
697 984 779 1010 Ὅταν
792 984 846 1019 γὰρ
860 984 940 1011 δυνὰο

157 1031 218 1059 μεις
239 1023 435 1061 ὲξαποστέλλῃς
457 1027 488 1052 σὺ
502 1046 509 1058 ,
528 1026 652 1061 βασιλεὺς
666 1027 714 1059 ὢν,
739 1028 899 1064 βουλόμενός
914 1038 941 1056 τι

155 1069 386 1104 κατεργάσασθαι,
400 1070 659 1108 λέγομεν,Μεγάλην
669 1075 747 1109 χεῖρα
762 1074 818 1109 ἔχει
833 1076 847 1101 ό
865 1074 941 1110 βασι-

155 1114 228 1147 λεὺς,
240 1117 397 1152 φερομένων
407 1116 460 1143 τῶν
476 1118 627 1145 ἀκουόντων
639 1119 685 1146 ἐπὶ
699 1120 748 1155 τὴν
769 1120 883 1155 δύναμιν
906 1121 940 1157 ἣν

154 1162 238 1198 ἅχεις.
261 1164 483 1200 Ἐπισημαίνεται
499 1165 528 1191 δὲ
539 1165 618 1192 τοῦτο
633 1167 679 1193 καὶ
699 1167 743 1194 διὰ
759 1168 808 1202 τῆς
829 1167 940 1202 νομοθε-

155 1209 216 1240 σίας
230 1210 309 1245 ήμῶν
324 1210 408 1245 λέγων
424 1212 438 1238 ὁ
450 1212 551 1246 Μωσῆς
581 1211 682 1244 οὕτως·
699 1221 708 1237 ι
731 1213 774 1239 Ἐν
789 1214 860 1249 χειρὶ
874 1222 940 1249 κρα-

153 1255 218 1290 ταιᾷ
230 1255 364 1291 ἐξήγαγεν
380 1257 394 1283 ὁ
405 1256 469 1288 Θεός
484 1265 514 1283 σε
531 1257 561 1288 ἐξ
576 1257 723 1292 Αἰγύπτου.
742 1268 751 1284 ι
766 1259 820 1285 Καὶ
847 1259 937 1286 πάλιν⁸

157 1311 167 1326 ι
190 1301 351 1332 ’Δποστελῶ,
378 1303 458 1338 φησὶν
492 1303 506 1329 ὸ
534 1302 609 1334 Θεὸς,
639 1303 688 1338 τὴν
706 1304 785 1339 χεῖρά
804 1313 873 1339 μου,
893 1305 940 1332 καὶ

155 1346 268 1380 πατάξω
283 1347 345 1378 τοὺς
360 1347 532 1381 Αἰγυπτίους.
550 1357 558 1372 ι
576 1348 630 1374 Καὶ
642 1348 688 1375 ἐπὶ
703 1348 749 1375 τοῦ
765 1349 818 1376 τῶν
833 1350 938 1385 κτηνῶν

155 1391 272 1418 θανάτου
286 1393 351 1428 φησὶ
366 1392 404 1428 τῷ
414 1393 511 1428 Φαραῷ
521 1394 534 1419 ὁ
547 1394 661 1429 Μωσῆς’
679 1403 688 1420 ι
716 1395 779 1421 ’1δοῦ
797 1396 857 1431 χεὶρ
882 1396 938 1423 Κν-

155 1440 214 1475 ρίον
232 1438 308 1466 ἔσται
333 1439 361 1465 ιν
376 1440 430 1470 τοῖς
449 1439 559 1474 κτήνεσί
575 1448 632 1472 σου,
647 1440 694 1467 καὶ
707 1441 735 1467 ὲν
752 1441 819 1467 πᾶσι
842 1442 897 1472 τοῖς
911 1441 939 1467 ἐν

153 1487 209 1518 τοῖς
234 1484 336 1517 πεδίοις
358 1484 469 1516 θάνατος
485 1485 581 1520 μέγας.
604 1495 613 1511 ι
631 1486 712 1513 Ὥστε
731 1488 758 1514 αἱ
778 1488 868 1523 χεῖρες
893 1487 939 1513 ἐπὶ

153 1531 295 1566 δυνάμεως
310 1530 431 1559 νοοῦνται
441 1532 519 1559 Θεοῦ.
532 1533 586 1559 Καὶ
599 1531 652 1568 γὰρ
677 1532 733 1559 ἔστι
758 1532 875 1560 νοεῖσθαι
890 1533 939 1568 τὴν

155 1578 245 1604 πᾶσαν
274 1576 422 1628 ίσχίινντῶν
435 1577 585 1613 ἀνθρώπων
606 1579 653 1605 καὶ
670 1578 719 1609 τὰς
745 1578 882 1614 ἐνεργείας
908 1578 937 1604 ὲν
951 1597 975 1628 C

153 1624 214 1655 ταῖς
227 1623 321 1659 χερσὶν
338 1620 417 1650 εἶναι.
430 1624 528 1660 Διόπερ
542 1623 631 1655 καλῶς
645 1625 659 1650 ό
677 1623 824 1658 νομοθέτης
844 1624 890 1651 ἐπὶ
906 1624 936 1650 τὸ

155 1668 298 1704 μεγαλεῖον
312 1669 482 1705 μετενήνοχε,
505 1669 592 1704 λέγων
602 1669 651 1701 τὰς
673 1668 824 1701 συντελείας
843 1670 937 1705 χεῖρας

153 1713 223 1742 εἶναι
237 1714 316 1742 Θεοῦ.

153 1763 258 1796 omnia,
278 1771 338 1798 quae
355 1768 418 1791 sunt
441 1763 468 1790 in
486 1763 569 1798 agris,
593 1763 719 1791 interitus
741 1771 866 1797 magnus.
882 1758 905 1775 ⁸³

992 294 1063 321 enim
1079 293 1187 329 Moyses
1202 293 1341 328 legislator
1363 297 1467 324 noster,
1488 293 1571 320 animi
1583 301 1662 320 sensa
1680 285 1790 321 multi-1.

991 340 1081 367 modis
1094 340 1257 374 exprimere,
1270 339 1334 366 dum
1348 345 1439 365 rerum
1454 338 1580 368 aliarum,
1597 343 1733 372 quatenus
1744 344 1788 366 tu?

991 393 1102 413 sensum
1117 385 1228 417 cadunt,
1253 392 1333 412 voces
1351 392 1382 412 ac
1396 384 1507 412 nomina
1525 389 1674 416 mutuatus,
1694 388 1775 412 natu-

991 432 1063 459 rales
1087 431 1220 466 quasdam
1246 430 1419 460 aﬂ‘cctiones.
1443 438 1655 465 magnarumque
1681 437 1772 457 rerum

992 477 1145 505 molitiones
1156 481 1362 504 commemorat.
1373 476 1405 502 Et
1416 476 1536 512 quidem,
1550 484 1664 503 auorum
1685 476 1773 503 acrior

991 523 1156 559 intelligendi
1174 523 1215 550 vis
1232 527 1282 555 est.
1300 523 1317 550 ii
1333 530 1395 550 cum
1411 524 1570 557 Sapientiam
1583 521 1702 550 hominis
1716 523 1774 550 sin-

991 569 1123 604 gularem,
1140 573 1196 596 tum
1210 569 1332 596 divinum
1348 568 1423 594 illum
1438 569 1579 603 Spiritum,
1594 569 1673 602 cujus
1682 568 1773 595 alllatu

991 616 1127 651 prophetae
1153 623 1253 643 nomen
1281 619 1307 642 et
1335 615 1436 642 famam
1464 620 1607 643 assecutus
1625 620 1677 646 est,
1714 622 1773 641 ma-

991 669 1109 697 gnopere
1125 661 1307 689 admirantur.
1331 660 1453 694 Quorum
1468 660 1494 688 in
1514 668 1626 688 numero
1647 668 1709 687 cum
1723 659 1774 688 abs

991 715 1035 735 me
1048 708 1106 742 jam
1122 707 1328 734 commemorati
1342 707 1507 742 philosophi,
1522 710 1579 733 tum
1591 706 1636 733 alii
1653 705 1775 740 plerique

991 760 1065 787 sunt,
1079 761 1183 782 necnon
1206 757 1232 781 et
1256 758 1341 788 poetae
1351 773 1359 786 ,
1372 753 1419 788 qui
1437 753 1540 781 haustis
1555 753 1588 780 ab
1603 760 1635 780 eo
1648 752 1774 780 maximis

991 798 1129 828 scribendi
1147 798 1314 832 argumentis
1332 817 1339 829 ,
1369 799 1396 825 in
1426 798 1565 824 hominum
1595 797 1774 824 admiratione

990 849 1144 873 versantur.
1167 845 1200 872 At
1229 844 1328 879 quibus
1350 843 1505 882 facultas'et
1521 843 1656 878 ingenium
1688 850 1774 877 angu-

991 892 1060 919 stius
1077 896 1128 921 est.
1143 891 1161 918 ii
1176 891 1240 918 dum
1256 890 1289 917 ad
1303 898 1386 917 unum
1403 890 1551 924 Se=ipturaa
1577 889 1705 916 corticem
1724 888 1773 915 ad-

992 937 1155 968 haerescunt,
1168 936 1235 963 nihil
1249 935 1357 969 augusti
1371 935 1517 962 admodum
1532 940 1559 962 ct
1569 934 1725 962 excellentis
1739 933 1773 961 aL

991 990 1023 1008 eo
1038 982 1145 1009 narrari
1169 981 1348 1009 arbitrantur.
1365 981 1541 1016 Singulorum
1559 989 1621 1016 ergo
1638 979 1774 1014 signiﬁca-

992 1029 1091 1056 tionem
1111 1028 1226 1063 aperire,
1245 1032 1376 1062 quantum
1393 1028 1420 1054 in
1434 1035 1477 1054 me
1500 1027 1582 1054 situm
1599 1026 1662 1057 erit,
1676 1033 1774 1060 aggre-

991 1073 1061 1100 dta‘r.
1080 1072 1131 1106 Qui
1149 1073 1170 1100 si
1188 1074 1279 1100 minus
1292 1077 1339 1100 aut
1350 1081 1405 1099 rem
1419 1073 1542 1107 tetigero,
1555 1077 1601 1099 aut
1621 1072 1680 1098 aliis
1695 1072 1773 1098 Iidem

990 1119 1080 1147 fecero
1095 1128 1102 1152 ;
1116 1119 1235 1146 maxime
1245 1119 1338 1150 velint,
1354 1119 1392 1145 uti
1408 1127 1440 1145 ne
1452 1118 1522 1145 hanc
1540 1118 1566 1144 in
1580 1118 1772 1153 legislaturem.

990 1166 1036 1194 sed
1053 1166 1079 1193 in
1098 1175 1141 1193 me
1152 1166 1285 1194 duntaxat
1313 1165 1456 1200 imperitiae
1469 1165 1574 1200 culpam
1592 1165 1709 1197 derives,
1725 1165 1772 1199 qui

990 1220 1034 1240 res
1049 1213 1083 1239 ab
1104 1219 1135 1239 eo
1151 1212 1287 1246 sapienter
1305 1211 1471 1246 excogitatas
1498 1219 1668 1245 ncqunqualtt
1686 1211 1772 1245 expli-

989 1266 1052 1286 care
1063 1263 1184 1293 potuero.
1194 1258 1320 1285 Mannum
1337 1257 1417 1292 igitur
1438 1257 1517 1284 etiam
1531 1257 1600 1291 apud
1615 1264 1665 1284 nos
1680 1256 1772 1289 latius,

990 1309 1020 1332 ut
1034 1309 1152 1337 constat,
1179 1304 1341 1339 siguilicalio
1359 1307 1440 1338 patet.
1461 1302 1527 1330 Nam
1545 1311 1605 1330 cum
1625 1307 1654 1330 tu
1673 1303 1739 1337 ipse,
1755 1310 1773 1330 o

990 1359 1047 1383 rex,
1063 1350 1237 1378 confecturos
1251 1350 1364 1384 aliquid,
1382 1349 1475 1384 copias
1491 1349 1591 1381 mittis,
1613 1357 1700 1384 regem
1714 1353 1772 1376 tum

989 1397 1124 1431 ingentem
1141 1404 1251 1423 manum
1267 1395 1367 1423 habere
1378 1395 1597 1430 dicimus,quam
1613 1394 1772 1430 rocem,qui

989 1443 1114 1474 audiunt,
1127 1442 1160 1469 de
1175 1447 1220 1469 tuo
1236 1442 1357 1469 exercitu
1374 1449 1470 1468 omnes
1483 1441 1628 1475 accipiunt.
1641 1440 1726 1474 Quem
1743 1441 1772 1468 iu

989 1496 1099 1516 sensum
1113 1489 1206 1523 utique
1221 1488 1326 1523 Moyses
1341 1488 1367 1514 in
1385 1489 1442 1524 lege
1458 1493 1549 1516 nostra
1556 1488 1669 1515 subinde
1683 1487 1773 1521 loqui-

990 1538 1043 1565 tur,
1058 1539 1086 1561 ut
1103 1542 1164 1562 cum
1176 1534 1214 1561 ait
1227 1555 1234 1567 ,
1252 1543 1261 1558 ι
1278 1534 1306 1561 In
1321 1542 1403 1562 manu
1417 1534 1535 1562 'robusta
1552 1533 1644 1561 eduxit
1657 1538 1682 1560 te
1701 1532 1772 1560 Deus

989 1588 1020 1606 ex
1032 1579 1165 1615 Egypto;
1185 1590 1195 1605 ι
1212 1580 1340 1615 itemque,
1357 1589 1366 1606 ι
1381 1579 1497 1611 Mittam,
1510 1579 1597 1614 inquit
1612 1578 1694 1609 Deus,
1713 1585 1772 1605 ma-

989 1631 1053 1650 num
1076 1631 1176 1656 meam,
1191 1628 1217 1651 et
1237 1624 1385 1659 percutiam
1398 1623 1551 1660 Egyptios.
1564 1623 1587 1639 ⁸⁸
1605 1633 1613 1649 ι
1637 1622 1669 1649 Et
1682 1622 1715 1649 de.
1727 1622 1772 1657 ju-

989 1674 1140 1696 mentorum
1157 1674 1244 1697 morte
1266 1669 1305 1697 sic
1322 1669 1411 1698 Moses
1424 1670 1567 1703 Pharaoni,
1579 1669 1659 1705 377
1673 1678 1682 1694 ι
1703 1669 1773 1697 Ecce

990 1723 1087 1743 manus
1112 1715 1219 1743 Domini
1245 1717 1297 1744 erit
1314 1725 1396 1753 super
1417 1717 1541 1752 jumenta
1558 1721 1614 1748 tua,
1641 1720 1667 1743 et
1690 1723 1772 1751 super

925 1772 934 1789 ι
955 1762 1048 1797 Itaque
1071 1771 1169 1792 manus
1200 1764 1235 1792 ad
1262 1765 1360 1793 divinae
1384 1765 1522 1801 potestatis
1549 1765 1602 1791 vim
1626 1765 1770 1799 pertinent,

153 1811 371 1846 quandoquidem
389 1811 543 1838 universum
564 1819 672 1845 quoque
691 1811 774 1838 robur
788 1811 928 1838 hominum
947 1817 978 1837 ac
1005 1810 1047 1837 vis
1061 1811 1156 1845 agendi
1186 1815 1239 1838 tota
1256 1812 1381 1840 manibus
1402 1812 1566 1840 continetur.
1586 1811 1668 1838 Recte
1691 1810 1772 1846 igitur

153 1858 265 1886 omnino
281 1858 415 1892 legislator
428 1857 498 1885 hanc
512 1865 604 1885 vocem
620 1858 655 1885 ad
685 1858 804 1893 aliquam
819 1857 967 1894 majestatis
1000 1857 1227 1893 signiﬁcationem
1242 1859 1393 1893 transtulit,
1415 1867 1478 1887 cum
1505 1859 1603 1887 divina:
1630 1857 1771 1894 potestatis

153 1913 234 1940 opera
246 1913 342 1932 manus
349 1905 501 1940 appellavit.

191 1961 200 1977 ι
217 1952 315 1983 Στάσις
329 1952 356 1978 δὲ
371 1951 429 1979 θεία
448 1951 537 1984 καλῶς
546 1952 578 1979 ἂν
594 1952 697 1987 λέγοιτο
707 1973 713 1986 ,
723 1954 792 1981 κατά
802 1955 832 1981 τὸ
852 1965 936 1991 μεγα-

152 1997 223 2024 λεῖον
234 2017 242 2028 ,
264 1998 281 2033 ή
302 1997 349 2023 τοῦ
364 1997 466 2033 κόσμου
488 1999 653 2033 κατασκευή.
671 1999 725 2026 Καὶ
740 1999 794 2036 γὰρ
810 2001 855 2027 ἐπὶ
867 2002 936 2028 πάν-

153 2052 206 2070 των
219 2044 234 2070 ό
249 2043 324 2075 Θεὸς,
345 2043 391 2079 καὶ
406 2043 484 2070 πάνθ’
499 2044 688 2076 ὑποτέτακται,
699 2045 746 2071 καὶ
760 2046 852 2073 στάσιν
868 2047 938 2083 εἵλη-

154 2098 203 2124 φεν
213 2098 220 2105 ·
238 2089 308 2116 ὥστε
322 2090 385 2121 τοὺς
401 2089 559 2125 ἀνθρώπους
581 2089 798 2126 καταλαμόάνειν
821 2091 937 2128 ἀκίνητα

153 2134 224 2162 εἶναι
239 2135 336 2162 ταῦτα.
349 2135 427 2169 Λέγω
438 2135 465 2162 δὲ
479 2137 508 2163 τὸ
524 2135 653 2169 τοιοῦτον,
669 2136 707 2167 ὡς
717 2136 843 2164 οὐδέποτε
857 2139 936 2173 γέγο-

153 2190 198 2208 νεν
223 2181 337 2216 οὐρανὸς
361 2183 411 2217 γῆ,
435 2184 468 2218 γῆ
482 2182 504 2208 δ’
526 2182 648 2218 οὐρανὸς,
671 2182 724 2210 οὐδ’
747 2183 821 2218 ἥλιος
838 2184 934 2221 σελήνη

153 2227 307 2262 λάμπουσα,
331 2227 391 2254 οὐδὲ
409 2227 504 2264 σελήνη
534 2228 614 2255 πάλιν
627 2228 711 2263 ἥλιος,
739 2229 798 2256 οὐδὲ
821 2231 936 2266 ποταμοὶ

153 2273 296 2304 θάλασσαι,
308 2273 368 2299 οὐδὲ
382 2272 503 2300 θάλασσα
516 2274 640 2309 ποταμοί.
653 2275 706 2301 Καὶ
728 2274 808 2302 πάλιν
823 2275 868 2302 ὲπὶ
882 2276 936 2303 τῶν
952 2271 973 2298 Ῑ)

153 2318 230 2350 ζώων
241 2319 254 2344 ὁ
272 2319 351 2350 αὐτός
366 2319 422 2345 ἐστι
434 2319 520 2353 λόγος.
539 2320 574 2346 Οὐ
586 2320 639 2355 γὰρ
651 2320 790 2356 ἄνθρωπος
801 2321 875 2348 ἔσται
888 2322 935 2358 θη-

155 2365 221 2399 ρίον,
237 2364 297 2391 οὐδὲ
311 2364 403 2400 θηρίον
415 2364 566 2400 ἄνθρωπος.
585 2366 638 2392 Καὶ
649 2366 695 2392 ἐπὶ
716 2366 816 2394 λοιπῶν
831 2368 859 2394 δὲ
874 2369 936 2395 ταύ-

152 2411 198 2436 τὸν
213 2409 328 2443 ὑπάρχει
341 2429 348 2440 ,
372 2408 462 2443 φυτῶν
475 2417 505 2435 τε
528 2410 575 2435 καὶ
587 2410 633 2436 ἐπὶ
644 2409 697 2436 τῶν
708 2410 795 2438 ἄλλων
804 2420 811 2426 ·
831 2412 934 2447 ἀμετά-

153 2454 238 2489 ϐλητα
257 2454 305 2489 μέν
319 2455 386 2485 ἐστι,
401 2453 448 2485 τὰς
462 2454 545 2486 αὐτὰς
561 2454 584 2480 δ’
601 2455 629 2480 ἐν
643 2455 733 2487 αὺτοῖς
751 2456 854 2492 τροπὰς
867 2456 935 2492 λαμ-

153 2499 228 2526 ϐάνει
249 2500 295 2526 καὶ
316 2499 427 2535 φθοράς.
446 2499 477 2526 'H
492 2499 584 2532 στάσις
599 2498 644 2527 οὖν
656 2501 672 2536 ή
684 2501 743 2528 θεία
762 2501 832 2529 κατὰ
847 2502 933 2530 ταῦτα

152 2545 185 2573 ὃν
196 2545 309 2579 λέγοιτο,
326 2545 434 2572 πάντων
448 2546 633 2580 ὑποκειμένων
644 2546 683 2581 τῷ
697 2546 765 2581 Θεῷ.
782 2548 896 2582 Λέγεται
905 2548 933 2575 δὲ

154 2590 303 2622 κατάϐασις
315 2592 360 2617 ἐπὶ
374 2591 404 2617 τὸ
414 2591 475 2626 δρος
484 2590 542 2617 θεία
555 2592 692 2626 γεγονέναι
703 2592 746 2618 διὰ
759 2594 808 2628 τῆς
823 2594 934 2630 Γραφῆς

150 2637 198 2664 τοῦ
226 2637 319 2672 νόμου,
348 2637 408 2664 καθ’
426 2638 454 2664 ὃν
471 2637 622 2673 ἐνομοθέτει
647 2639 750 2674 καιρὸν,
768 2639 810 2666 ἵνα
834 2641 932 2673 πάντες

151 2682 310 2717 θεωρήσωσι
332 2683 381 2718 τὴν
404 2683 543 2718 ἐνέργειαν
557 2683 603 2710 τοῦ
615 2683 681 2710 Θεοῦ
691 2693 698 2699 ·
716 2685 865 2718 κατάϐασις
878 2687 932 2723 γὰρ

151 2727 220 2763 αὕτη
238 2729 325 2763 σαφής
342 2729 408 2755 ὲστι.
421 2729 475 2756 Καὶ
486 2730 549 2766 περὶ
562 2730 664 2757 τούτων
681 2728 727 2757 οὖν
746 2731 830 2763 οὕτως
844 2732 877 2759 ἄν
889 2741 931 2765 τις

151 2773 325 2809 ὲξηγήσαιτο,
340 2773 497 2810 βουλόμενος
512 2777 650 2811 συντηρεῖν
663 2775 708 2802 τὸν
724 2777 788 2812 περὶ
803 2777 870 2804 Θεοῦ
889 2777 932 2806 λό-

150 2826 198 2852 γον
223 2818 353 2857 Δηλοῦται
367 2819 430 2855 γὰρ,
442 2820 478 2852 ὡς
492 2820 523 2848 τὸ
538 2820 600 2856 ὅρος
613 2821 719 2849 ἐκαίετο
735 2821 801 2849 πολὺ
810 2841 818 2855 ,
842 2823 931 2856 καθώς

187 2872 210 2887 ⁸⁸
231 2872 317 2900 Exod.
339 2881 377 2902 ιιι.
395 2873 440 2901 20.
477 2874 499 2890 ⁵³
521 2873 605 2902 Exod.
627 2882 664 2903 Ix.
684 2874 728 2903 ‘22.

188 2906 269 2935 "lc.
289 2908 394 2943 ἐκείνῳ.

1030 1971 1039 1987 ι
1061 1961 1120 1989 Iam
1145 1962 1218 1997 quod
1242 1966 1314 1990 stare
1341 1963 1447 1990 dicatur
1470 1963 1551 1995 Deus,
1571 1962 1597 1990 id
1614 1963 1772 1998 augustiore

989 2007 1107 2041 quodam
1123 2014 1223 2040 sensu,
1245 2008 1279 2035 de
1295 2008 1388 2035 mundi
1406 2008 1545 2036 molitione
1564 2008 1650 2043 aeeipi
1676 2013 1769 2043 queat.

990 2051 1056 2078 Nam
1074 2057 1100 2079 et
1113 2053 1240 2080 omnibus
1267 2053 1338 2081 Deus
1360 2053 1416 2088 ipse
1429 2057 1535 2088 praeest,
1551 2057 1577 2080 et
1591 2053 1681 2080 omnia
1707 2061 1770 2081 cum

990 2097 1044 2124 Deo
1069 2098 1195 2130 subsunt,
1225 2103 1280 2125 tum
1298 2098 1332 2125 ab
1364 2105 1397 2126 eo
1416 2098 1540 2133 gradum,
1577 2098 1604 2125 in
1623 2105 1678 2132 quo
1703 2105 1769 2125 con-

989 2143 1127 2176 sisterent,
1165 2148 1350 2178 acceperunt:
1370 2148 1400 2171 ut
1430 2144 1523 2171 eadem
1546 2144 1670 2171 homines
1706 2150 1770 2178 pro-

988 2193 1078 2223 pterea
1106 2189 1166 2216 loco
1196 2194 1322 2224 statuque
1341 2198 1391 2217 suo
1423 2189 1524 2217 moveri
1548 2197 1601 2217 non
1619 2196 1699 2224 posse
1726 2188 1770 2215 in-

990 2234 1120 2269 telligant.
1137 2234 1282 2262 Enimvero
1296 2243 1383 2270 neque
1393 2235 1491 2263 caelum
1508 2235 1536 2262 in
1555 2239 1665 2266 terram,
1680 2241 1729 2262 nec
1740 2234 1768 2261 in

988 2279 1086 2307 cwlum
1099 2288 1218 2314 unquam
1231 2284 1302 2307 terra
1318 2285 1421 2307 mutata
1435 2284 1476 2307 est
1491 2289 1497 2306 :
1510 2279 1631 2313 adeoque
1644 2285 1693 2306 nec
1702 2278 1768 2305 solis

989 2325 1016 2352 in
1040 2325 1131 2352 lunam
1148 2330 1200 2357 est,
1215 2333 1266 2353 nec
1279 2325 1387 2352 lunaaiu
1401 2325 1496 2358 solem,
1514 2332 1565 2352 nec
1582 2323 1725 2351 ﬂuviorum
1740 2323 1768 2350 in

988 2371 1083 2403 maria,
1100 2379 1150 2399 nec
1171 2372 1256 2399 maris
1281 2372 1308 2398 in
1329 2371 1427 2399 ﬂuvios
1438 2371 1508 2399 facta
1517 2370 1670 2398 conversio.
1689 2369 1768 2402 Quod

987 2417 1075 2451 ipsum
1097 2417 1124 2444 in
1149 2418 1334 2445 animantibus
1358 2425 1468 2452 quoque
1490 2417 1580 2444 locum
1598 2416 1689 2443 habet.
1712 2413 1768 2442 Nec

988 2462 1059 2488 enim
1085 2467 1133 2490 aut
1160 2463 1242 2490 homo
1265 2463 1365 2497 bellua,
1389 2468 1437 2491 aut
1468 2463 1559 2490 bellua
1578 2463 1660 2489 homo
1676 2460 1767 2488 futura

987 2511 1038 2535 est.
1059 2507 1118 2541 Quo
1134 2509 1215 2536 etiam
1233 2509 1314 2536 modo
1327 2517 1388 2536 cum
1404 2509 1437 2537 de
1455 2508 1554 2544 plantis
1571 2512 1598 2536 et
1612 2507 1765 2538 arboribus,

987 2559 1043 2581 tum
1060 2555 1093 2582 de
1107 2555 1220 2590 reliquis
1236 2555 1362 2583 omnibus
1389 2554 1574 2590 philosophari
1592 2553 1690 2584 liceat,
1706 2559 1766 2586 quae

987 2606 1048 2626 cum
1064 2599 1090 2626 in
1108 2599 1161 2626 alia
1176 2600 1274 2627 mutari
1288 2607 1341 2627 non
1358 2600 1473 2635 possint,
1488 2604 1545 2626 tum
1570 2599 1677 2626 easdem
1695 2605 1766 2625 sem-

987 2652 1034 2678 per
1044 2644 1070 2671 in
1086 2645 1184 2679 seipsis
1211 2645 1369 2673 mutationis
1383 2650 1410 2672 et
1428 2645 1553 2672 interitus
1565 2642 1765 2670 vicissitudines

985 2689 1205 2717 constantissime
1219 2691 1370 2725 patiuntur.
1386 2690 1442 2717 Hae
1456 2697 1521 2725 ergo
1533 2688 1677 2721 sententia,
1690 2687 1764 2722 quod

984 2735 1076 2762 divino
1086 2734 1194 2762 Numini
1210 2741 1307 2764 cuncta
1323 2736 1517 2768 obsecundent,
1533 2740 1606 2764 stare
1627 2734 1696 2761 Deus
1708 2734 1765 2768 ipse

984 2788 1037 2808 non
1068 2780 1205 2808 immerito
1223 2781 1277 2809 dici
1301 2781 1395 2817 possit.
1413 2780 1484 2809 Idem
1497 2801 1505 2812 ,
1522 2788 1577 2816 quo
1594 2785 1713 2814 tempore
1726 2778 1765 2805 le-

984 2834 1043 2862 gem
1058 2826 1128 2855 hanc
1140 2827 1288 2861 sanciebat,
1299 2834 1331 2856 eo
1343 2831 1402 2855 tum
1415 2827 1443 2855 in
1459 2831 1580 2855 montem
1591 2825 1658 2862 legis
1677 2824 1764 2860 ipsius
