2070 3206
282 144 337 173 683

603 141 738 170 EUSEBII
757 140 997 169 CESARIENSIS
1016 140 1091 170 ΟΡΡ.
1112 142 1203 170 PARS
1222 142 1255 171 ll.
1275 159 1309 164 —
1328 143 1580 174 APOLOGETICA.

1855 147 1910 174 6“

284 205 398 232 cessitas
410 207 436 231 et
448 203 537 238 inopia
552 203 630 235 so1et,
640 202 757 237 expediti
766 203 867 235 vivant,
881 202 1003 238 adeoque
1012 203 1065 230 nul.

1125 203 1198 241 θέρει
1213 205 1236 231 δ’
1261 204 1392 240 ἐξωμίδες
1413 205 1544 240 εὐτελεῖς,
1567 207 1606 238 ὼς
1617 207 1744 243 εὐμαρῶς
1760 207 1860 240 ἐξεῖναι
1873 208 1913 243 τῷ

284 249 337 277 lam
354 251 465 277 omnino
478 249 653 281 iunctionem,
668 249 691 276 si
705 247 786 275 modo
807 248 886 283 culpa
913 253 999 280 vacet,
1014 257 1074 283 quae

283 295 317 323 ad
333 296 459 323 tuendam
485 295 567 322 vitam
593 293 736 321 commoda
751 293 796 326 sit,
813 294 890 321 obire
910 294 1071 322 detrectant.

283 339 342 368 1am
366 340 497 376 quidquid
515 340 613 375 singuli
641 347 673 366 ex
701 344 774 367 tanta
799 347 912 375 operum
943 341 1073 368 varietate

282 386 361 421 pretii
384 385 548 419 acceperint,
566 385 591 411 id
607 389 692 411 totum
717 385 910 411 communibus
936 384 1072 421 suffragiis

282 437 373 460 creato
390 432 516 467 quaestori
535 432 645 459 tradunt
663 432 689 458 in
705 440 813 459 manus.
832 431 912 465 Quod
938 433 983 460 ille
1003 441 1072 461 con-

281 478 359 505 tinuo
376 478 402 504 in
415 478 577 505 necessariis
587 478 744 505 coemendis
753 478 891 513 expendit,
904 486 1019 514 quaeque
1030 479 1071 506 vel

280 524 314 551 ad
330 525 464 559 reliquum
481 525 608 552 humanae
623 525 686 552 vitae
707 530 892 552 commeatum
915 532 984 560 opus
1013 524 1072 554 fue-

278 569 344 602 rint,
370 571 473 605 prolixe
491 571 654 606 suppeditat.
681 571 925 606 Atqueillicodem
948 571 1071 607 quotidie

279 616 340 644 cibo
358 617 550 652 communique
559 625 650 644 mensa
663 622 786 649 utuntur,
802 621 829 644 et
839 618 927 645 victus
940 618 1068 645 similitu-

278 663 342 691 dine
353 663 477 691 delectati
500 663 681 699 frugalitatem
701 668 804 695 amant,
823 664 917 690 luxum
938 669 1066 699 tanquam

277 709 361 737 animi
370 710 547 744 corporisque
556 714 657 744 pestem
668 709 1005 745 aversantur.Quanquam
1015 718 1067 738 non

277 756 369 783 minus
385 756 455 790 apud
472 763 520 783 eos
535 755 650 783 vestium
666 760 717 788 est,
732 763 814 790 quam
831 763 932 783 mensae
945 763 1068 783 commu-

276 803 334 829 nio.
347 801 414 829 Nam
436 803 525 830 bicme
535 802 648 829 hirsutis
660 809 692 830 ac
705 802 810 830 villosis
823 810 920 830 omnes
936 803 1011 830 laenis
1026 803 1068 830 in-

276 847 513 880 duuntur,acstate
537 855 601 875 vero
621 848 834 883 simplicioribus
861 855 894 875 ac
918 847 1066 876 levioribus

275 894 411 929 palliolis;
428 899 458 921 ut
471 894 549 921 facile
563 894 650 922 cuivis
666 895 801 929 integrum
816 894 862 926 sit,
873 902 1066 930 quamcunque

275 940 386 968 libuerit
413 939 547 975 accipere,
562 948 624 967 cum
635 943 661 967 et
672 947 843 976 quaecunque
855 941 937 968 unius
949 945 1021 972 sunt,
1033 941 1066 967 ad

276 993 371 1013 omnes
384 993 460 1021 aque
471 985 633 1021 pertineant,
659 990 687 1013 et
707 993 768 1020 qua:
792 985 914 1013 vicissim
930 986 1065 1019 omnium,

275 1033 359 1060 unius
385 1040 445 1060 esse
469 1038 643 1060 censeantur.
659 1031 738 1065 Quod
752 1032 774 1059 si
790 1032 924 1067 quispiam
941 1032 968 1059 in
992 1040 1066 1059 mor-

274 1079 339 1106 bum
356 1079 500 1112 inciderit,
523 1079 547 1106 is
571 1078 764 1106 communibus
789 1083 902 1106 curatur
922 1078 1064 1112 impensis.

273 1132 354 1160 atque
368 1125 489 1152 oumium
505 1125 602 1152 studiis
615 1123 764 1159 ofﬁciisque
775 1128 922 1151 recreatur.
937 1123 1065 1152 Seniores

273 1171 345 1206 quod
359 1171 465 1200 attinet.
477 1175 505 1197 ut
520 1170 614 1198 liberis
632 1169 683 1205 ipsi
696 1174 818 1203 careant,
834 1176 889 1196 non
911 1169 1001 1196 minus
1021 1173 1064 1196 ta-

273 1225 347 1248 men,
365 1225 446 1252 quam
467 1218 566 1252 quibus
586 1222 612 1245 et
628 1217 821 1245 fecundissima
846 1215 954 1244 soboles
968 1221 994 1242 et
1013 1223 1062 1250 up-

273 1264 339 1290 tima
356 1263 446 1295 fuerit,
463 1264 490 1290 in
505 1263 664 1291 felicissima
679 1271 712 1290 ac
734 1262 897 1291 suavissima
924 1265 1063 1289 senectute

272 1309 353 1336 tinem
369 1309 476 1336 vivendi
493 1309 615 1337 faciunt:
631 1309 696 1336 dum
711 1318 759 1337 eos
774 1314 829 1336 tam
849 1308 926 1335 multi
945 1308 1063 1342 praemiis

272 1358 369 1382 auctos
385 1354 537 1389 potioribus
553 1354 637 1389 omni.
652 1355 755 1382 honore
771 1357 985 1389 prosequuntur,
1015 1353 1062 1388 qui

271 1400 306 1428 ad
320 1401 372 1427 hoc
385 1399 465 1427 officii
480 1408 564 1436 genus
572 1400 711 1428 voluntate
721 1400 814 1435 potius
826 1404 956 1435 certoque
970 1400 1062 1426 consi-

270 1446 319 1480 lio,
333 1454 415 1482 quam
429 1446 482 1473 ulla
499 1450 602 1473 natura:
612 1445 925 1474 necessitateducantur.
942 1445 1062 1473 Praeter-

1126 250 1288 285 βουλομένῳ,
1318 251 1352 286 ἢν
1380 251 1413 277 ἂν
1430 252 1561 287 ἐθελήσαι,
1590 252 1691 283 λαϐεῖν,
1709 252 1803 288 ἐπειδὴ
1815 254 1863 279 καὶ
1878 254 1912 280 τὰ

1124 296 1183 328 ὲνδς
1197 297 1333 328 ἁπάντων,
1349 297 1396 323 καὶ
1412 297 1444 324 τὰ
1456 299 1575 328 πάντων,
1592 298 1708 333 ἔμπαλιν
1721 298 1778 330 ὲνδς
1798 298 1911 334 ὑπείλη-

1123 351 1198 370 πται.
1216 343 1271 370 Καὶ
1283 343 1339 379 μὴν
1353 343 1380 369 εἴ
1392 353 1434 375 τις
1443 344 1532 370 αὐτῶν
1545 344 1728 380 ἀσθενήσειεν,
1745 345 1776 370 ἐκ
1792 345 1846 371 τῶν
1858 354 1913 372 κοι-

1122 388 1176 415 νῶν
1187 389 1369 425 νοσηλεύεται,
1385 389 1599 425 θεραπευόμενος
1618 392 1677 422 ταῖς
1698 391 1823 418 ἁπάντων
1851 385 1923 418 ἐπι-⁷

1124 435 1243 470 μελείαις
1258 435 1305 461 καὶ
1320 435 1467 470 φροντίσιν.
1490 435 1520 461 Οἱ
1538 436 1566 461 δὲ
1586 435 1618 470 δὴ
1639 435 1798 471 πρεσϐῦται,
1816 436 1868 462 κᾶν
1885 437 1910 463 εί

1121 480 1227 516 τύχοιεν
1243 481 1360 511 ἄτεκνοι,
1378 480 1501 516 καθάπερ
1511 481 1541 507 οὐ
1556 481 1717 514 πολύπαιδες
1734 482 1823 516 μόνον,
1842 481 1910 509 ἀλλὰ

1121 526 1169 552 καὶ
1184 526 1286 561 σφόδρα
1297 526 1433 558 εὖπαιδες.
1444 527 1472 552 ἐν
1486 526 1673 562 εὐτυχεστάτῳ
1690 527 1736 553 καὶ
1754 527 1910 563 λιπαρωτά-

1120 579 1159 607 τῳ
1175 573 1248 608 γήρᾳ
1262 571 1308 599 τὸν
1329 572 1384 607 βίον
1405 570 1516 598 εἰώθασι
1530 571 1683 605 καταλύειν,
1703 571 1756 600 ὑπὸ
1774 573 1909 599 τοσοίτων

1121 618 1272 653 προνυμίας
1289 624 1302 638 ι
1317 618 1470 654 ἀξιούμενοι
1489 619 1534 646 καὶ
1554 619 1653 654 τιμῆς,
1675 619 1789 654 ἑκουσίῳ
1811 619 1907 655 γνώμῃ

1121 661 1220 696 μᾶλλον
1236 660 1252 697 ἢ
1267 661 1373 696 φύσεως
1386 663 1491 698 ἀνάγκῃ
1503 662 1663 699 θεραπεύειν
1676 663 1831 695 ἀξιούντων.
1847 665 1908 690 Ἔτι

1118 708 1217 740 τοίνυν,
1228 708 1324 744 ὅπερῆ
1343 709 1421 744 μόνον
1435 709 1451 744 ἢ
1466 709 1583 744 μάλιστα
1593 709 1641 744 τὴν
1656 710 1797 736 κοινωνίαν
1811 709 1907 745 ἔμελλε

1117 753 1472 790 διαλύεινιόξυδερκὲστερον
1486 755 1594 787 ἰδόντες,
1608 755 1696 790 γάμον
1712 756 1907 791 παρῃτήσαντο

1119 799 1187 835 μετὰ
1201 800 1248 827 τοῦ
1265 800 1446 836 διαφερόντως
1461 801 1555 827 ἀσκειν
1572 801 1744 836 ἐγκράτειαν.
1774 802 1906 828 Ἐσσαίων

1117 847 1171 881 γὰρ
1191 846 1278 878 οὐδεὶς
1299 846 1392 880 ἄγεται
1409 848 1525 880 γυναῖκα
1537 866 1544 878 ,
1559 846 1624 873 διότι
1641 846 1768 881 φίλαυτον
1792 848 1808 883 ή
1823 849 1905 884 γυνὴ,

1083 878 1102 905 Β
1117 878 1164 920 καί
1179 878 1328 928 ζηλότυπον
1349 892 1379 919 οὐ
1410 878 1537 928 μετρίως,
1560 893 1606 920 καὶ
1631 878 1716 919 δεινὸν
1740 878 1836 930 ἀνδρὸς
1852 878 1904 930 ι)θῆ

1117 938 1332 975 παρασαλεῦσαι,
1358 939 1404 965 καὶ
1431 939 1554 973 συνεχέσι
1575 939 1714 973 γοητείαις
1740 940 1903 974 ὑπάγεσθαι.

1117 983 1293 1018 Μελετήσασα
1310 984 1363 1020 γὰρ
1378 983 1472 1015 θῶπας
1485 984 1591 1018 λόγους,
1607 985 1652 1011 καὶ
1665 985 1713 1020 τὴν
1736 985 1818 1021 ἄλλην
1839 986 1905 1012 ὑπό-

1116 1038 1217 1066 κρισιν,
1244 1029 1337 1066 ὥσπερ
1369 1030 1415 1056 ἐπὶ
1438 1030 1555 1065 σκηνῆς,
1573 1030 1647 1064 ὂψεις
1671 1031 1717 1057 καὶ
1738 1032 1822 1064 ἀκοὰς
1839 1033 1904 1059 ὅταν

1115 1077 1237 1114 δελεάσῃ,
1261 1076 1470 1112 διηπατημένων
1488 1074 1531 1103 οἶα
1559 1077 1695 1113 ὑπηκόων,
1714 1077 1760 1104 τὸν
1781 1078 1903 1113 ἡγεμόνα

1115 1122 1177 1149 νοῦν
1201 1122 1349 1157 φενακίζει.
1377 1122 1474 1153 Παῖδες
1487 1121 1508 1148 δ’
1523 1123 1546 1148 εἰ
1564 1122 1683 1156 γένοιντο
1697 1143 1704 1155 ,
1729 1124 1903 1158 φρονήματος

1116 1169 1318 1205 ὑποπλησθεῖσα
1342 1169 1389 1195 καὶ
1407 1168 1572 1204 παρρησίας,
1598 1170 1648 1196 ὅσα
1673 1171 1733 1195 κατ’
1760 1170 1902 1204 εἰρωνείαν

1115 1215 1246 1251 πρότερον
1260 1214 1384 1246 ὑπούλως
1397 1215 1566 1250 ὑπῃνίττετο,
1583 1214 1667 1240 ταῦτα
1681 1214 1726 1240 ἀπ’
1743 1214 1902 1249 εὐτολμοτέ-

1116 1270 1162 1298 ρου
1178 1261 1294 1297 θράσους
1307 1261 1418 1288 ἐκκαλεῖ
1430 1260 1497 1296 (90),
1514 1261 1560 1287 καὶ
1582 1261 1796 1296 ἁναισχυντοῦσα
1807 1282 1814 1293 ,
1839 1261 1899 1296 βιά-

1114 1309 1188 1341 ζεται
1213 1308 1360 1344 πράττειν·
1376 1305 1412 1334 ὧν
1434 1308 1548 1334 ἕκαστον
1578 1307 1717 1340 κοινωνίας
1734 1307 1839 1343 ἐχθρόν.
1872 1309 1900 1334 ’0

1113 1354 1167 1390 γὰρ
1180 1355 1196 1390 ἦ
1214 1354 1341 1388 γυναικὸς
1358 1355 1478 1391 φίλτροις
1492 1354 1618 1386 ὲνδεθεὶς,
1634 1354 1650 1389 ἢ
1664 1354 1774 1386 τέκνων,
1792 1354 1900 1390 ἀνάγκῃ

1113 1401 1229 1435 φύσεως,
1243 1401 1455 1436 προκηδόμενος,
1472 1401 1563 1427 οὐκέτι
1581 1401 1648 1436 πρὸς
1662 1401 1756 1432 ἄλλους
1781 1401 1795 1426 ὁ
1816 1401 1899 1431 αὑτός

1111 1447 1194 1478 ἐστιν,
1217 1445 1274 1473 ἀλλ’
1290 1446 1382 1481 ἕτερος
1405 1446 1500 1480 γέγονε
1525 1446 1644 1481 λεληθὼς
1672 1446 1728 1472 ἀντ’
1755 1446 1897 1481 ἐλευθέρου

1111 1491 1212 1524 δοῦλος.
1228 1488 1312 1523 Οὗτος
1327 1492 1392 1525 γοῦν
1407 1493 1421 1518 ὁ
1437 1491 1493 1526 βίος
1507 1491 1581 1517 ἐστὶν
1595 1491 1684 1517 αὐτῶν
1699 1491 1896 1527 περιμάχητος.

270 1500 314 1526 ea,
340 1493 412 1528 quod
422 1500 488 1520 sane
501 1492 542 1518 vel
554 1499 649 1524 unum,
666 1491 706 1518 vel
723 1491 844 1518 omnium
854 1490 971 1518 maxime
985 1498 1061 1518 com-

270 1539 429 1566 munionem
451 1538 528 1576 illam
550 1538 684 1572 dissipare
709 1538 854 1573 potuisset,
884 1537 1060 1565 solertissime

1116 1538 1187 1564 Ὥστ’
1201 1538 1250 1564 οὐκ
1267 1537 1368 1564 ἰδιῶται
1386 1537 1474 1573 μόνον,
1488 1537 1554 1564 ἀλλὰ
1575 1538 1620 1564 καὶ
1633 1537 1744 1572 μεγάλοι
1766 1537 1896 1572 βασιλεῖς.

269 1584 453 1619 providentes,
470 1584 505 1610 ita
522 1583 631 1618 nuptias
658 1583 803 1618 repudiare
819 1583 917 1614 solent,
939 1588 968 1610 ut
991 1584 1061 1611 inte-

1116 1584 1245 1619 ἀγάμενοι
1261 1585 1324 1615 τοὺς
1337 1583 1435 1620 ἄνδρας
1445 1604 1451 1615 ,
1469 1584 1611 1618 τεθήπασι,
1627 1584 1674 1611 καὶ
1689 1583 1719 1610 τὸ
1737 1583 1834 1618 σεμνὸν
1849 1583 1898 1609 αὖα

270 1631 394 1666 gerritnae
405 1630 579 1658 continentia:
594 1630 701 1657 laudem
716 1630 767 1658 sibi
789 1629 953 1664 praecipuam
968 1630 1060 1658 defen—

1116 1629 1164 1656 τῶν
1176 1630 1321 1665 ἀποδοχαῖς
1334 1631 1380 1656 καὶ
1391 1631 1484 1665 τιμαῖς
1496 1629 1535 1656 ἔτι
1554 1629 1653 1664 μᾶλλον
1670 1628 1827 1665 σεμνοποιοῦ
1833 1637 1867 1656 σι,
1884 1638 1894 1654 ι

239 1691 246 1697 -
269 1675 345 1702 dant.
362 1675 399 1703 Ita
415 1675 567 1703 Esszeorum
581 1683 662 1702 nemo
676 1682 788 1702 uxorem
800 1675 885 1708 ducit,
905 1676 978 1710 quod
995 1684 1058 1703 mu-

1116 1675 1202 1702 Υαῦτα
1217 1676 1265 1711 μὲν
1278 1675 1385 1702 ἀπὸτοῦ
1397 1675 1540 1711 είρημένου
1556 1675 1654 1702 κείσθω
1670 1676 1894 1710 συγγράμματος·

269 1720 318 1746 lier
328 1720 461 1755 ejusmodi
479 1721 526 1752 sit,
556 1728 617 1756 quae
638 1728 700 1747 cum
725 1719 842 1754 seipsam
869 1721 1058 1749 vehementius

1116 1721 1164 1747 Ξπδ
1174 1721 1202 1748 δὲ
1217 1721 1264 1748 τοῦ
1275 1741 1282 1753 ,
1294 1722 1364 1756 Περὶ
1383 1721 1436 1748 τοῦ
1452 1721 1549 1748 πάντα
1560 1721 1728 1748 σπουδαῖον
1735 1721 1896 1754 ἐλεύθερον

269 1771 351 1797 amet,
380 1773 413 1793 ac
439 1766 570 1801 zelotypia
599 1765 703 1793 laboret
732 1765 901 1793 immodica:
923 1771 979 1793 tum
1005 1765 1061 1794 viri

1116 1763 1192 1799 εἶναί,
1210 1766 1245 1792 τὰ
1257 1766 1343 1798 οὕτως
1355 1766 1449 1802 ἔχοντα
1463 1766 1665 1802 παραθήσομαι.

268 1818 378 1846 quoque
392 1818 481 1837 mores
496 1815 522 1837 et
534 1810 612 1838 facile
630 1815 801 1838 transversos
824 1814 885 1846 agat
899 1815 926 1838 et
937 1811 1108 1840 assiduarum
1124 1811 1315 1838 blanditiarum
1331 1811 1465 1839 illecebris
1483 1819 1516 1838 ac
1531 1812 1673 1839 lenociniis
1683 1811 1813 1839 emolliat.
1824 1810 1892 1838 Nam

268 1857 314 1884 ubi
326 1856 416 1884 verbis
429 1856 461 1883 ad
473 1856 683 1883 assentationem
696 1856 935 1891 adutationemque
945 1857 1114 1891 compositis,
1123 1863 1155 1883 ac
1169 1856 1275 1890 reliquo
1290 1855 1473 1882 simulationis
1485 1856 1611 1888 artiﬁcio,
1620 1860 1748 1891 tanquam
1759 1855 1786 1882 in
1798 1863 1894 1892 scena,

267 1902 361 1930 oculos
374 1903 457 1930 semel
474 1909 608 1937 auresque
619 1902 735 1934 deliniit,
753 1907 808 1929 tum
826 1909 891 1928 vero
906 1902 1017 1937 perinde
1031 1910 1063 1930 ac
1074 1902 1265 1930 circumventis
1277 1902 1405 1934 subditis,
1415 1901 1511 1930 ducem
1525 1902 1614 1937 ipsum
1622 1910 1652 1930 ac
1665 1902 1814 1938 principem
1830 1902 1892 1929 ani-

266 1958 342 1978 mum
361 1950 485 1978 eumdem
502 1950 529 1977 in
544 1957 665 1978 errorem
679 1950 791 1977 inducit.
807 1949 873 1983 Quae
895 1950 918 1978 si
934 1950 1034 1978 liberos
1048 1958 1156 1985 quoque
1165 1950 1324 1985 susceperit,
1342 1958 1404 1977 mox
1419 1951 1552 1985 procacia:
1569 1950 1791 1985 confidentiteque
1800 1951 1890 1985 plena,

266 1996 396 2032 quidquid
409 1996 536 2023 simulate
543 1996 619 2031 prius
630 2004 662 2024 ac
670 1996 784 2024 subdole
795 1997 950 2024 insinuahat
959 1997 1069 2032 381m
1081 1997 1168 2031 palam
1183 2001 1264 2031 atque
1272 1996 1403 2024 audacius
1412 1997 1543 2031 loquitur,
1552 2002 1688 2031 exutoque
1700 1997 1802 2031 pudore
1814 1994 1891 2022 omni

264 2050 314 2077 per
327 2043 380 2069 vim
395 2047 555 2077 extorquere
570 2045 694 2069 conatur.
705 2041 771 2075 Quae
779 2041 887 2077 quidem
900 2049 915 2068 a
933 2043 1064 2069 societate
1074 2041 1162 2068 aliena
1179 2044 1243 2068 sunt
1257 2041 1359 2068 omnia.
1376 2041 1507 2075 Quisquis
1519 2041 1589 2068 enim
1603 2044 1649 2067 aut
1665 2040 1758 2067 uxoris
1768 2040 1891 2067 irretitus

265 2089 410 2121 illecebris,
421 2093 467 2116 aut
479 2096 543 2116 cura
556 2089 714 2121 liberorum,
731 2089 849 2123 quatiant
866 2093 969 2115 natura:
981 2089 1151 2120 necessitate,
1164 2087 1315 2122 implicatus
1328 2091 1379 2118 est,
1394 2087 1416 2114 is
1425 2088 1556 2115 adversus
1565 2088 1634 2115 alios
1646 2087 1716 2114 idem
1742 2087 1789 2122 qui
1810 2087 1888 2121 prius

264 2144 325 2164 esse
339 2144 393 2163 non
405 2140 504 2170 potest,
519 2135 564 2162 sed
581 2135 659 2169 plane
675 2135 758 2167 aliud,
776 2136 827 2161 boc
838 2139 877 2162 est
889 2142 922 2161 ex
936 2135 1022 2161 libero
1039 2142 1145 2166 servus,
1168 2134 1267 2161 sensim
1280 2141 1313 2160 ac
1325 2133 1384 2160 sine
1404 2141 1485 2160 sensu
1509 2133 1623 2160 efﬁcitur
1633 2153 1640 2161 .
1654 2134 1742 2168 Atque
1751 2132 1887 2167 ejusmodi

264 2187 307 2210 est
336 2182 444 2208 illorum
464 2181 525 2208 vitre
538 2180 617 2213 ratio,
632 2180 712 2213 digna
733 2180 865 2214 profecto,
881 2188 963 2215 quam
979 2182 1104 2207 certatim
1137 2187 1231 2207 omnes
1257 2180 1407 2207 imitentur.
1430 2179 1520 2212 Quare
1537 2187 1591 2206 non
1612 2180 1710 2214 privati
1730 2180 1822 2211 modo,
1839 2180 1886 2207 δρᾶ

264 2228 375 2255 maximi
391 2235 499 2262 quoque
507 2234 582 2261 rcges
597 2227 621 2253 id
638 2227 778 2253 hominum
797 2235 882 2262 genus
907 2228 1082 2254 vehementer
1093 2227 1229 2259 admirati,
1258 2227 1291 2254 ad
1306 2227 1444 2261 propriam
1462 2227 1577 2254 instituti
1594 2227 1752 2262 dignitatem
1764 2248 1771 2260 ,
1785 2234 1884 2254 novum

264 2275 413 2302 honoribus
427 2275 484 2301 suis
497 2279 523 2300 et
547 2274 649 2308 prolixa
675 2274 910 2301 commendatione
928 2274 1012 2301 decus
1041 2274 1213 2303 addiderunt.
1237 2283 1246 2299 ι
1264 2273 1327 2301 Haec
1343 2273 1420 2301 Philo
1436 2274 1462 2301 in
1473 2274 1610 2309 Apologia.
1620 2274 1705 2310 Cujus
1719 2275 1794 2309 item,
1808 2275 1835 2302 in
1852 2283 1885 2301 eo

263 2321 344 2354 libro,
355 2329 410 2356 quo
421 2321 520 2356 probos
537 2328 632 2348 omnes
646 2321 746 2348 liberos
763 2329 824 2349 esse
838 2321 959 2349 defendit
987 2322 1045 2349 lucc
1059 2323 1138 2350 verba
1154 2326 1227 2350 sunt.
1241 2337 1244 2340 η

554 2369 669 2396 CAPUT
693 2369 753 2396 XII.
1065 2372 1086 2400 D

512 2414 613 2443 Iterum
627 2417 659 2443 de
679 2417 782 2444 iisdem.

1349 2417 1410 2443 Ἔτι
1435 2417 1501 2450 περὶ
1529 2416 1636 2443 αὐτῶν.

299 2469 309 2487 ι
327 2459 383 2488 Nec
396 2461 453 2495 ipsa
471 2468 580 2496 quoque
598 2460 748 2489 I’alzestinaa
770 2461 847 2497 Syria
868 2462 919 2489 hoc
938 2462 1049 2497 integri-

1138 2473 1148 2489 ι
1170 2463 1247 2490 Ἔστι
1270 2462 1299 2489 δὲ
1321 2463 1367 2490 καὶ
1385 2462 1439 2499 (9i)
1455 2463 1471 2498 ἡ
1485 2463 1512 2489 ὲν
1529 2461 1694 2497 Παλαιστίνῃ
1717 2461 1802 2498 Συρία
1829 2462 1884 2497 (91')

261 2505 326 2534 tatis
335 2514 367 2533 ac
378 2507 485 2535 virtutis
494 2511 624 2541 prorentu
635 2513 718 2541 caret,
730 2516 811 2542 quam
824 2507 978 2534 Judtcorum
990 2516 1049 2535 ain-

1118 2509 1299 2544 αλοκάγαθίας
1311 2509 1361 2535 οὐκ
1373 2509 1468 2542 ἄγονος
1479 2508 1544 2544 (95),
1560 2508 1592 2543 ἢν
1606 2508 1884 2544 πολυανθρωποτάτου

260 2552 390 2587 plissimze
405 2553 523 2581 nationis
541 2561 604 2588 pars
622 2553 716 2580 incolit
731 2559 857 2589 tenetque
872 2561 924 2581 non
937 2554 1044 2589 exigua.

1116 2555 1190 2587 Βνους
1199 2555 1253 2582 τῶν
1271 2555 1404 2581 Ἰουδαίων
1420 2554 1470 2581 οὐκ
1488 2553 1564 2589 ὀλίγη
1582 2553 1664 2590 μοίρα
1686 2553 1806 2589 νέμεται.
1834 2555 1885 2580 Λέ-

1363 2370 1560 2397 ΚΕΦΑΛΑΙΟΝ
1572 2369 1620 2396 lB'.

289 2635 302 2649 "
314 2629 370 2658 Ἴσ.
391 2632 550 2666 προνομίας.

1098 2708 1173 2744 στίνη
1188 2709 1234 2744 και
1248 2706 1342 2742 Συρία.
1357 2706 1410 2744 Alt.
1434 2712 1624 2744 ο-ιιέηιιιεειη³
1641 2705 1657 2740 ἡ
1670 2705 1698 2744 εν
1713 2703 1860 2744 Halat:th

1091 2738 1199 2788 Fugit-1;:
1217 2738 1295 2796 Fat-te
1313 2742 1429 2796 lt!gt;lltl.,
1451 2742 1467 2776 ἡ
1489 2738 1656 2775 Παλαιστίνῃ
1675 2740 1773 2774 Συρίας
1785 2759 1792 2771 ,
1804 2738 1847 2765 vel

1089 2777 1457 2851 ενῶἒςιῗλῌοῖῗὲῗτέζὲυςη
1475 2811 1597 2846 ἄμοιρος.

296 2708 350 2744 (90)
377 2709 517 2735 Ἐκκαλεί
535 2709 605 2744 Lege
619 2717 680 2737 cum
696 2710 743 2736 alt.
764 2717 902 2736 manttscr.
918 2709 1036 2736 ἐκλαλεῖ.

296 2744 351 2777 illi)
373 2745 459 2770 Ἔστι
474 2744 508 2770 δὲ
523 2745 581 2770 καί.
602 2744 697 2771 Exstat
717 2746 760 2772 hic
786 2746 861 2772 locus
887 2745 912 2770 in
935 2752 1036 2771 excuso

259 2778 371 2814 Philone
383 2777 559 2814 Gnaeo-Lat"
577 2787 602 2813 p.
617 2779 678 2806 678.
696 2779 761 2806 Vide
776 2780 844 2806 infra
861 2787 885 2813 ρ.
905 2779 1037 2814 40i,qu;e

259 2814 293 2839 de
309 2813 424 2840 Esszenis
437 2812 600 2848 Porphyrius
619 2815 714 2841 habeat
727 2823 759 2841 ex
773 2814 900 2848 Joseplto.

300 2847 348 2883 βξ)
371 2849 400 2876 Ἡ
413 2849 439 2875 ἐν
456 2847 640 2882 Παλαιστίνῃ
657 2850 756 2882 Συρία.
773 2847 882 2882 Eliens,
903 2850 919 2884 ἡ
936 2848 1036 2876 Παλαι-
