2070 3206
295 169 346 197 ϐῧί

295 273 377 309 385
394 281 455 301 cum
479 274 556 309 longe
574 274 665 302 verius
679 273 786 307 fuisset,
802 275 884 310 hujus
897 276 1006 312 quidem
1022 281 1080 304 tan-

295 327 378 355 quam
411 320 528 347 auctoris
558 320 733 355 parentisque
759 321 831 349 vires
855 329 888 349 ac
918 327 1081 357 potestatem

296 366 487 400 obstupescere
502 385 510 397 .
540 365 614 393 illum
631 374 696 394 vero
713 374 884 403 nequaquam
912 375 994 403 supra
1021 368 1081 403 ejus

295 411 478 439 conditionem
490 411 635 439 celebrare.
649 413 683 439 At
702 412 802 446 Moses,
819 413 866 448 qui
891 418 920 440 et
944 421 1081 441 summum

295 456 471 492 philosophis
491 457 598 484 culmen
626 458 763 492 attigerat,
781 463 809 486 ct
825 459 959 493 praecipua
978 464 1082 487 natura:

294 503 400 531 occulta
415 511 447 531 ex
464 503 563 532 divinis
589 505 726 539 responsis
746 511 926 541 cognoverat,
950 506 976 533 id
1000 506 1080 534 etiam

293 550 412 578 maxime
433 551 618 578 necessarium
644 558 706 579 esse
722 551 870 585 intellexit,
897 558 927 580 ut
943 553 969 580 in
991 561 1082 580 rerum

294 602 391 624 natura
409 597 464 624 duo
481 597 631 632 praesertim
653 603 764 631 essent,
793 598 911 626 eﬂiciens
944 599 1057 626 alterum
1073 620 1081 633 ,

294 651 354 678 quae
369 650 446 670 mens
460 647 502 671 est
518 643 636 671 universi
659 644 810 678 ,purissima
840 649 921 679 atque
951 645 1082 672 sinceris-

294 689 384 721 sima,
408 689 558 724 eademque
586 697 648 716 cum
673 690 796 722 scientia,
814 694 870 716 tum
887 690 947 724 ipso
974 698 1083 725 quoque

294 735 366 763 bono
379 740 460 771 atque
477 736 591 763 honesto
607 736 724 763 melior:
742 737 857 764 alterum
874 737 989 771 patiens,
1008 737 1081 772 quod

294 782 384 808 anima
398 781 478 809 simul
493 787 575 816 atque
593 787 667 809 motu
684 789 810 817 cumper
821 789 881 810 sese
895 787 1001 814 careat,
1024 787 1081 810 tum

294 828 328 854 ab
344 827 400 862 ipsa
413 832 502 855 mente
518 828 676 863 impulsum.
690 833 824 856 mutatum
837 848 844 860 ,
871 832 954 864 atque
977 829 1081 856 anima-

295 880 363 906 tum,
387 874 518 902 mundum
536 875 610 903 hunc
630 875 822 910 aspectabilem
849 875 875 902 in
890 874 1080 910 perfectissimi

295 921 385 955 operis
403 920 518 948 formam
539 921 725 957 rationemque
745 921 888 949 convertit.
914 921 999 954 Quem
1016 929 1080 956 pro-

294 966 366 994 fecto
382 967 427 1002 qui
443 972 503 995 ortu
518 967 639 995 caruisse
653 967 813 997 defendunt.
836 967 861 993 iiv
869 966 1080 1002 Providentiam,

293 1021 354 1048 ηοω
371 1021 414 1040 res
432 1021 485 1041 una
500 1013 621 1040 omnium
645 1013 678 1040 ad
699 1013 867 1040 retinendam
884 1013 1081 1049 fovendamque

295 1059 450 1093 religionem
475 1059 619 1086 uti!issima
645 1063 687 1086 est
704 1059 878 1093 maximeque
905 1059 1057 1086 necessaria
1072 1078 1080 1090 ,

294 1105 410 1132 rescindi
427 1104 475 1132 abs
499 1112 558 1132 sese
574 1104 686 1139 tollique
702 1112 756 1132 non
772 1104 908 1131 sentiunt.
925 1103 991 1131 Rem
1007 1104 1080 1131 enim

292 1151 397 1179 auctori
408 1158 549 1186 quantque
563 1150 721 1186 parentique
741 1157 792 1177 suo
812 1157 884 1177 cura:
908 1157 989 1182 esse,
1012 1157 1080 1178 vera

292 1205 344 1226 nos
359 1197 427 1224 ratio
441 1197 520 1224 docet
534 1205 541 1223 :
558 1204 618 1224 cum
637 1196 826 1223 et‘libcrorum
842 1200 917 1230 pater
932 1216 940 1228 ,
963 1200 991 1223 et
1015 1203 1079 1229 ope-

293 1251 354 1269 rum
369 1249 480 1269 suorum
497 1241 696 1269 conservationi
718 1240 815 1268 artifex
841 1241 962 1268 studiose
975 1241 1081 1275 prospi-

292 1289 393 1320 eiat.et
407 1287 537 1323 quidquid
557 1287 684 1314 infestum
711 1286 764 1313 illis
787 1290 872 1321 atque
898 1285 1078 1321 perniciosum

292 1339 345 1366 est,
360 1333 434 1361 omni
447 1333 620 1361 contentione
637 1332 782 1368 depellere,
808 1332 947 1367 quidquid
959 1331 1081 1359 fructuo-

293 1387 354 1407 sum
374 1384 401 1407 et
415 1379 588 1407 commodum
608 1386 671 1406 esse
699 1383 810 1414 potest,
835 1379 962 1406 ornatibus
983 1378 1081 1413 opibus

292 1433 453 1461 comparare
466 1433 499 1453 ac
514 1425 687 1460 suppeditare
711 1429 834 1453 conetur.
850 1424 927 1458 Quod
950 1432 1014 1451 vero
1030 1432 1081 1451 na-

293 1477 351 1499 tum
367 1473 513 1508 aliquando
531 1480 584 1499 non
600 1471 694 1504 fuerit,
705 1471 763 1505 ejus
777 1479 844 1499 sane
864 1479 929 1499 cura
956 1471 988 1498 ad
1004 1471 1079 1497 illum

293 1526 308 1546 a
325 1526 376 1554 quo
392 1519 517 1546 effectum
535 1525 588 1545 non
606 1517 651 1550 sit,
670 1517 785 1552 pertinet
793 1517 911 1544 omnino
923 1517 999 1543 nihil.
1013 1515 1079 1542 Ta)

293 1572 358 1591 vero
371 1565 545 1592 contentione
558 1563 665 1598 plenum
675 1567 726 1596 est,
736 1571 818 1598 quam
832 1563 1078 1594 utilitatevacnum,
1094 1580 1114 1607 ρ

292 1617 401 1637 omnem
416 1618 448 1637 ex
466 1610 519 1637 hoc
532 1608 642 1641 mundo,
657 1613 787 1643 tanquam
815 1616 847 1636 ex
861 1609 952 1643 aliqua
969 1609 1079 1636 civitate

292 1657 473 1692 principatum
487 1656 590 1687 tollere.
605 1655 651 1682 ubi
665 1655 756 1682 nullus
775 1660 821 1682 aut
841 1655 942 1685 timori.
961 1659 1007 1681 aut
1020 1662 1079 1681 mo-

293 1705 427 1736 deratori.
453 1709 500 1732 aut
519 1704 623 1739 judici,
650 1711 666 1730 a
685 1711 739 1738 quo
767 1703 823 1738 regi
840 1703 1080 1737 administrarique

293 1751 384 1778 omnia
413 1750 526 1782 deceat,
550 1750 626 1777 locus
641 1749 820 1785 relinquatur.
836 1749 870 1776 At
893 1757 1008 1783 magnus
1035 1749 1080 1776 ille

293 1797 392 1831 Moses.
410 1805 471 1825 cum
487 1797 713 1825 absurdissimum
729 1803 790 1824 esse
807 1800 949 1829 statueret,
963 1800 992 1822 ut
1008 1795 1077 1822 idem

292 1851 319 1873 et
331 1845 382 1872 sub
397 1849 536 1881 aspectum
557 1844 679 1877 caderet,
706 1848 734 1872 et
760 1847 821 1870 ortu
842 1843 916 1870 omni
946 1842 1078 1869 caruisset

293 1891 436 1926 (quidquid
455 1891 526 1918 enim
549 1890 675 1918 sensibus
698 1893 865 1924 usurpatur,
880 1888 905 1915 id
931 1888 988 1915 sive
1013 1888 1077 1914 dum

293 1936 400 1970 oritur,
419 1935 476 1963 sive
489 1935 553 1963 dum
571 1935 685 1962 subinde
708 1939 829 1962 mutatur
843 1956 850 1967 ,
873 1933 915 1961 sui
939 1941 1077 1968 nunquam

292 1981 381 2009 simile
395 1981 507 2017 manet).
525 1985 555 2008 ut
569 1982 593 2008 ei
613 1981 662 2013 rei,
679 1988 740 2015 quae
758 1988 812 2007 non
829 1980 925 2011 oculis,
937 1979 983 2007 sed
1000 1979 1079 2006 intel-

290 2028 399 2063 ligentia
418 2028 475 2055 sola
490 2031 647 2055 cerneretur
660 2047 669 2060 ,
699 2027 878 2054 mternitatem
900 2025 979 2061 quasi
996 2024 1079 2060 gemi-

291 2081 356 2102 num
367 2074 469 2116 aliquidl
479 2078 505 2113 et
514 2077 658 2109 cognatum
668 2071 806 2104 attribuit‘;
818 2071 857 2099 sic
868 2071 903 2103 ei,
919 2078 980 2106 quae
994 2078 1076 2098 sensu

289 2121 483 2157 perciperetur,
493 2120 632 2155 proprium
650 2119 787 2154 quoddam
813 2122 841 2145 et
865 2117 1001 2153 singulare
1026 2124 1076 2143 no-

291 2176 352 2194 tuen
366 2167 504 2202 imposuit.
520 2165 654 2199 Quoniam
673 2165 754 2200 igitur
766 2164 813 2191 hic
821 2163 951 2194 mundus,
968 2166 999 2190 ut
1011 2169 1075 2197 spe-

615 170 749 199 EUS‘EBH
768 170 1011 200 CESARIENSIS
1031 172 1106 200 OPP.
1127 171 1220 199 PARS
1238 171 1271 199 Il.
1292 186 1326 192 -—
1345 170 1594 200 APOLOGETICA.

295 227 442 255 admodum
455 227 649 264 indignumque
660 228 715 256 Deo
728 233 868 257 veternum
898 211 1059 258 amnxerilnt
1073 240 1080 259 :

1135 231 1184 266 λὴν
1227 230 1364 266 ἀπραξίαν
1406 231 1531 266 ἀνάγνως
1570 230 1820 267 καταψευσάμενοι·

1869 172 1924 202 65!

1865 232 1926 260 δέον

1134 276 1252 312 ἔμπαλιν
1267 297 1274 308 ,
1303 276 1397 303 τούτου
1430 276 1480 309 τὰς
1503 276 1633 312 δυνάμεις
1664 277 1702 309 ὡς
1733 277 1843 312 ποιητοῦ
1878 279 1927 306 καὶ

1135 322 1238 358 πατρὸς
1255 322 1474 357 καταπλαγῆναι·
1491 323 1574 350 rem
1589 323 1626 358 μὴ
1643 322 1723 350 πλέον
1739 324 1927 360 ἀποσεμνῠναι

1133 369 1180 395 τοῦ
1200 369 1323 404 μετρίου.
1340 369 1444 404 Μωσῆς
1467 368 1506 400 δὲ,
1532 369 1580 395 καὶ
1594 369 1753 403 φιλοσοφίας
1780 369 1824 396 ἐπ’
1838 370 1928 406 αὐτὴν

1134 415 1242 450 φθάσας
1255 415 1404 450 ἀκρότητα,
1421 415 1467 442 καὶ
1483 416 1616 450 χρησμοῖς
1631 415 1666 441 τὰ
1687 415 1772 442 πολλὰ
1798 416 1847 442 καὶ
1864 424 1928 443 cov-

1133 463 1306 489 εκτικὼτατα
1337 460 1392 487 τῶν
1416 461 1466 496 τῆς
1489 460 1595 494 φύσεως
1621 461 1817 496 ἀναδιδαχθεὶς,
1844 462 1927 496 ἔγνω,

1132 508 1200 535 διότι
1221 507 1436 541 ἀναγκαιότατὸν
1446 508 1529 539 ἐστιν,
1543 509 1572 534 ὲν
1588 509 1645 539 τοῖς
1655 506 1724 540 οὖσι,
1739 508 1769 534 τὸ
1784 509 1833 544 μὲν
1856 507 1927 536 εἶναι

1132 553 1309 590 δραστήριον,
1325 552 1339 578 ὃ
1352 553 1406 579 τῶν
1423 552 1492 579 ὅλων
1511 552 1573 584 νοῦς
1598 553 1671 579 ἐστιν
1699 553 1928 589 εἰλικρινέστατος

1133 600 1180 626 καὶ
1202 598 1455 636 ἁκραιφνέστατος,
1486 598 1617 634 κρείττων
1647 598 1664 634 ἢ
1697 599 1846 635 ἐπιστήμη,
1880 600 1928 626 καὶ

1133 646 1264 681 κρείττων
1281 646 1297 681 ἢ
1315 645 1382 672 αὐτὸ
1395 645 1425 671 τὸ
1440 644 1540 679 ἀγαθὸν
1556 645 1603 672 καὶ
1630 645 1696 672 αὐτὸ
1706 645 1736 672 τὸ
1747 645 1838 672 καλόν·
1855 645 1887 672 τδ
1899 645 1928 673 δὲ

1132 692 1292 727 παθητικὸν,
1306 692 1422 727 ἄψυχον,
1438 691 1485 718 καὶ
1499 690 1626 726 ἀκίνητον
1654 690 1683 723 ἐξ
1706 691 1800 724 αὑτοῦ,
1815 691 1928 726 κινηθὲν

1129 738 1170 770 δὲ,
1186 739 1232 766 καὶ
1247 737 1516 774 μετασχηματισθὲν,
1532 738 1580 764 καὶ
1593 737 1717 772 ψυχωθὲν
1732 737 1784 764 ὑπὸ
1802 738 1850 764 τοῦ
1865 738 1926 770 νοῦ,

1132 785 1281 820 μετέϐαλεν
1298 787 1338 817 είς
1351 785 1383 811 τδ
1400 783 1566 810 τελειότατον
1576 783 1656 819 ἔργον
1670 784 1742 810 τόνδε
1757 783 1802 811 τὸν
1812 785 1926 820 κόσμον·

1132 830 1161 857 ὃν
1179 831 1204 857 οἱ
1224 831 1374 865 φάσκοντες
1385 828 1544 864 ἀγέννητον,
1560 828 1687 864 λελήθασι
1703 829 1733 855 τὸ
1747 828 1928 865 ὠφελιμώτα-

1132 885 1178 903 τον
1193 878 1239 904 καὶ
1255 877 1472 911 ἀναγκαιότατον
1487 874 1542 901 τῶν
1556 875 1595 906 εἰς
1623 875 1763 902 εὐσέϐειαν
1775 876 1928 912 ὑποτεμνὸο

1097 905 1118 932 Β
1134 931 1219 958 μενοι,
1234 923 1284 958 τὴν
1299 905 1442 958 Ιίρόνοιαν,
1458 920 1511 947 Τοῦ
1537 921 1585 956 μὲν
1603 920 1657 956 γὰρ
1674 921 1816 955 γεγονότος
1829 905 1928 956 ὲττιμε-

1132 968 1235 995 λεῖσθαι
1245 969 1291 995 τὸν
1302 968 1408 1004 πατέρα
1422 967 1474 995 καὶ
1487 966 1610 1003 ποιητὴν.
1621 968 1693 1002 αἱρεῖ
1702 967 1790 1002 λόγος.
1803 968 1859 994 Καὶ
1872 968 1927 1004 γὰρ

1131 1014 1222 1050 πατὴρ
1235 1015 1363 1049 ἐκγόνων,
1388 1015 1437 1041 καὶ
1452 1012 1620 1049 δημιουργὸς
1636 1012 1691 1038 τῶν
1711 1013 1929 1049 δημιουργηθέν-

1130 1068 1185 1087 των
1197 1060 1357 1095 στοχάζεται
1382 1061 1431 1096 τῆς
1453 1058 1600 1093 διαμονῆς,
1624 1059 1670 1085 καὶ
1686 1059 1736 1086 ὃσα
1752 1059 1801 1094 μὲν
1818 1060 1865 1086 ἐπὶ
1877 1059 1927 1095 ξη-

1133 1104 1192 1140 μίᾳ,
1210 1105 1316 1139 μηχανῇ
1335 1104 1409 1141 πάσῃ
1424 1103 1576 1133 διωθεῖται,
1600 1102 1650 1129 ὅσα
1678 1103 1706 1129 δὲ
1737 1103 1862 1138 ὠφέλιμα
1877 1104 1926 1130 καὶ

1131 1150 1268 1185 λυσιτελῆ,
1284 1151 1372 1178 πάντα
1394 1151 1496 1185 τρόπον
1527 1148 1687 1184 ἐκπορίζειν
1703 1149 1839 1176 ἐπιποθεῖ.
1855 1150 1927 1185 Πρὸς

1130 1197 1158 1224 δὲ
1174 1197 1203 1224 τὸ
1224 1197 1260 1233 μὴ
1277 1196 1388 1231 γεγονὸς
1406 1196 1543 1227 οἰκείωσις
1569 1194 1680 1230 οὑδεμία
1700 1194 1740 1230 τῷ
1756 1195 1793 1230 μὴ
1809 1204 1928 1232 πεποιη-

1130 1243 1198 1270 κότι.
1232 1242 1422 1278 Περιμάχητον
1443 1243 1472 1269 δὲ
1492 1243 1585 1278 δόγμα
1607 1241 1654 1268 καὶ
1681 1241 1826 1276 ἀνωφελὲς,
1844 1243 1928 1279 ἀναρ-

1130 1288 1190 1324 χίαν
1203 1288 1240 1320 ὡς
1271 1289 1300 1314 ὲν
1323 1288 1400 1314 πόλει
1430 1285 1660 1319 κατασκευάζειν,
1677 1287 1746 1321 τῷδε
1760 1287 1799 1322 τῷ
1819 1287 1927 1323 κόσμῳ,

1130 1334 1175 1361 τὴν
1192 1334 1272 1368 φόϐον
1288 1334 1353 1368 (Η),
1365 1334 1382 1369 ἢ
1410 1333 1562 1370 βραϐευτὴν
1579 1333 1595 1368 ἢ
1616 1331 1744 1368 δικαστὴν
1762 1333 1813 1359 οὐκ
1826 1332 1926 1368 ἔχοντι,

1130 1379 1176 1414 ὑφ’
1191 1377 1221 1406 οὗ
1238 1379 1327 1406 πάντα
1338 1380 1537 1415 οἰκονομεῖσθαι
1567 1379 1616 1406 καὶ
1646 1378 1862 1413 πρυτανεύεσθαι
1881 1379 1926 1406 θέ-

1130 1434 1188 1460 μις.
1211 1425 1280 1451 Ἀλλ’
1307 1424 1321 1451 ὃ
1340 1433 1371 1459 γε
1395 1425 1481 1460 μέγας
1499 1425 1613 1460 Μωσῆς,
1642 1423 1860 1458 ἀλλοτριώτατον
1880 1424 1927 1450 τοῦ

1129 1470 1226 1506 ὁρατοῦ
1243 1471 1357 1506 νομίσας
1372 1469 1440 1498 εἶναι
1455 1470 1485 1497 τὸ
1511 1470 1661 1506 ἀγέννητον
1676 1469 1685 1504 ί
1694 1469 1748 1495 πᾶν
1765 1469 1820 1505 γὰρ
1835 1469 1867 1496 τὺ
1885 1471 1927 1497 αὶ-

1132 1516 1238 1552 σθητὸν,
1252 1518 1281 1543 ὲν
1295 1516 1400 1551 γενέσει
1426 1517 1473 1543 καὶ
1501 1517 1675 1552 μεταϐολαῖς,
1699 1515 1827 1542 οὐδέποτε
1857 1515 1928 1542 κατά

1130 1563 1226 1589 ταυτὸν
1239 1562 1291 1598 ὃν),
1307 1562 1346 1597 τῷ
1373 1562 1423 1598 μὲν
1435 1563 1543 1599 ἀοράτῳ
1560 1563 1606 1590 καὶ
1621 1562 1711 1598 νοητῷ
1737 1562 1926 1597 προσένειμεν,

1132 1608 1170 1640 ὡς
1185 1608 1296 1643 ἀδελφὸν
1307 1609 1353 1636 καὶ
1362 1609 1489 1644 συγγενῆ,
1497 1610 1646 1644 ἀϊδιότητα,
1656 1609 1697 1645 τῷ
1704 1609 1729 1636 δ’
1739 1608 1862 1644 αἰσθητῷ
1870 1609 1926 1643 (12)

1131 1655 1229 1681 οἰκεῖον
1245 1654 1328 1690 ονομα
1342 1656 1522 1690 ὲπεφήμισεν.
1545 1656 1621 1682 Ἐπεὶ
1645 1654 1693 1682 οὖν
1711 1654 1812 1690 ὁρατός
1831 1663 1862 1682 τε
1878 1656 1927 1682 καὶ

1131 1700 1257 1736 αἰσθητὸς
1271 1701 1313 1727 ὅδε
1324 1701 1337 1727 ὁ
1351 1701 1462 1737 κόσμος,
1480 1701 1636 1736 ἀναγκαίως
1649 1702 1682 1728 ἂν
1696 1701 1741 1737 εἴη
1766 1700 1814 1726 καὶ
1830 1709 1928 1737 γεννηο

1131 1747 1184 1779 τός·
1202 1747 1262 1773 ὅθεν
1278 1748 1328 1774 οὐκ
1344 1747 1398 1774 ἀπὺ
1411 1747 1513 1774 σκοποῦ
1529 1749 1575 1774 καὶ
1602 1748 1649 1784 τὴν
1673 1749 1784 1783 γένεσιν
1808 1747 1928 1783 ἀνέγραο

1131 1791 1181 1826 dav
1194 1791 1290 1823 αὑτοῦ,
1310 1791 1381 1826 μάλα
1399 1791 1504 1826 σεμνῶς
1532 1791 1721 1827 θεολογήσας.»
1755 1789 1853 1818 Ταῦτα
1875 1791 1928 1826 μὲν

1129 1835 1176 1864 οὖν
1190 1837 1312 1872 περὶτοῦ
1325 1837 1452 1873 γεννητὸν
1468 1836 1537 1864 εἶναι
1550 1838 1596 1864 τὸν
1612 1838 1729 1872 κόσμον.⁴
1745 1837 1775 1864 ὀ
1792 1837 1821 1863 δὲ
1843 1835 1926 1867 αὐτὸς

1130 1883 1200 1919 ἀνὴρ
1208 1883 1255 1910 καὶ
1264 1884 1327 1919 περὶ
1341 1882 1388 1909 τοῦ
1408 1883 1520 1919 προνοίᾳ
1532 1883 1689 1910 διοικεῖσθαι
1704 1883 1801 1919 (15)·ιή
1815 1883 1884 1914 πᾶν,
1895 1883 1926 1909 ὲν

1129 1930 1168 1965 τῷ
1184 1929 1255 1963 Περὶ
1267 1930 1418 1964 προνοίας,
1442 1930 1625 1957 νεανικώτατα
1653 1929 1772 1962 διέξεισι,
1793 1929 1846 1961 τὰς
1869 1929 1926 1955 τῶν

1130 1976 1218 2004 ἀθέων
1233 1976 1382 2008 ἀντιθέσεις
1407 1977 1554 2013 προτάξας,
1575 1977 1622 2003 καὶ
1653 1977 1720 2012 πρὸς
1748 1976 1835 2009 αὐτὰς
1858 1974 1926 2011 ἑξῆς

1130 2023 1356 2059 ἀποκρινάμενος.
1373 2023 1428 2050 Καὶ
1455 2023 1557 2050 τούτων
1586 2023 1624 2055 δὲ,
1653 2024 1678 2049 εί
1699 2023 1746 2049 καὶ
1760 2021 1927 2058 μακρότερα»ν

1129 2069 1239 2102 δόξειεν,
1259 2070 1315 2096 ἀλλ’
1333 2070 1370 2101 ὡς
1389 2070 1532 2104 ἀναγκαῖα,
1561 2069 1597 2096 τὰ
1621 2069 1732 2096 πλεῖστα
1761 2068 1922 2104 συντεμὼν,

1129 2116 1290 2152 ἐκθήσομαι.
1304 2115 1512 2148 Κατασκευάζει
1542 2115 1570 2142 δὲ
1592 2115 1638 2142 τὸν
1660 2115 1738 2149 λόγον
1751 2115 1846 2141 τοῦτον
1872 2114 1921 2141 τὸν

1127 2161 1237 2196 τρόπον.
1724 2160 1728 2164 ”

290 2215 358 2241 clari
373 2213 522 2248 sentirique
533 2217 638 2248 potest,
662 2213 698 2240 ita
719 2211 876 2240 necessario
905 2211 947 2237 sui
969 2217 1077 2245 quoque
1095 2213 1172 2237 ortus
1187 2208 1350 2244 principium
1380 2208 1484 2242 habuit,
1500 2208 1585 2243 ipsius
1600 2207 1680 2234 etiam
1694 2211 1784 2234 ortum
1819 2214 1918 2241 magna

289 2266 352 2286 cum
369 2259 491 2291 ratione,
522 2265 686 2293 summoque
699 2257 782 2292 digna
807 2255 941 2291 theologia
965 2255 1094 2290 gravitate
1113 2254 1285 2289 conscripsit.
1303 2264 1313 2280 ι
1340 2254 1379 2282 Ac
1412 2254 1446 2281 de
1464 2254 1557 2281 mundi
1585 2257 1645 2280 ortu
1670 2253 1802 2280 hactenus
1827 2251 1919 2280 Philo.

289 2306 342 2339 Qui
359 2314 455 2335 rursus
468 2306 494 2334 in
511 2313 555 2339 eo,
584 2313 666 2342 quem
681 2304 719 2332 De
737 2303 911 2332 Providentia
942 2302 1037 2335 edidit,
1071 2301 1228 2329 universum
1251 2300 1422 2328 Providentia
1455 2301 1510 2336 regi
1524 2321 1530 2333 ,
1559 2301 1774 2328 luculentissima
1800 2305 1828 2327 et
1843 2307 1922 2328 acer-

289 2355 360 2383 rima
392 2354 574 2390 disputatione
587 2353 737 2384 contendit,
751 2359 866 2387 quaeque
889 2351 924 2378 ab
940 2350 1031 2386 impiis
1046 2350 1224 2385 objiciuntur,
1260 2350 1297 2377 ita
1315 2349 1451 2384 proponit,
1469 2353 1498 2375 ut
1517 2356 1549 2376 ea
1579 2347 1707 2383 deinceps
1726 2348 1821 2375 omnia
1852 2355 1920 2375 con-

289 2402 369 2431 futet.
393 2402 480 2436 Quam
499 2409 550 2436 ego
581 2401 848 2436 disputationem,ut
871 2398 1021 2434 longiores
1053 2398 1170 2432 cuipiam
1203 2397 1288 2425 videri
1322 2397 1438 2424 fortasse
1452 2396 1554 2431 possit,
1575 2396 1639 2430 quia
1665 2400 1756 2422 tamen
1783 2395 1836 2422 hoc
1857 2394 1919 2422 loco

290 2450 471 2478 necassariam
484 2449 620 2480 existimo,
637 2453 738 2482 partem
762 2447 908 2474 maximam
922 2445 1076 2473 describere
1094 2444 1188 2476 statui,
1218 2444 1392 2479 paucioribus
1427 2443 1516 2470 verbis
1539 2442 1772 2476 comprehensam.
1802 2440 1848 2467 Sic
1871 2440 1920 2474 ἰαὶ-

290 2499 334 2525 tur
347 2502 427 2523 suum
443 2502 597 2524 sermonem
616 2494 690 2521 illum
708 2493 834 2520 instituit.

535 2540 618 2576 333
632 2537 746 2567 CAPUT
765 2537 833 2565 xw.

361 2587 456 2615 Divina
473 2586 645 2614 Providentia
664 2584 791 2611 mundum
805 2583 1001 2610 administrari.

1090 2539 1114 2567 D

326 2675 338 2692 ι
356 2665 433 2692 Tune
445 2664 645 2693 Providentiam
655 2685 662 2699 ,
688 2664 785 2700 inquit,
799 2667 874 2691 tanta
889 2670 951 2690 cum
968 2666 1075 2697 pertur-

325 2753 381 2787 (Η)
399 2754 455 2780 Τὸν
468 2755 569 2789 φόϐον.
586 2754 681 2786 Philo,
697 2754 743 2781 τὸν
768 2753 881 2789 ἔφορον,
904 2753 1075 2787 inspectore:-

289 2797 321 2817 εκ
337 2789 505 2824 prot'isarem,
518 2791 596 2824 longe
613 2790 720 2816 melius.

325 2822 380 2860 (12)
395 2825 540 2858 Δισθητῷ.
553 2822 630 2851 Philo
654 2825 716 2851 add.
729 2824 846 2858 γένεσιν,
858 2822 968 2858 optimc,
982 2829 1077 2857 quem-

289 2860 435 2895 admgxlum
451 2860 537 2895 νοητῷ
549 2860 688 2894 ἀῑδιότητα
706 2861 847 2895 tribuerat.

1394 2531 1590 2559 ΚΕΦΔΛΛΙΟΝ
1601 2531 1647 2557 ῐΔ’.

1130 2581 1185 2608 Τοῦ
1201 2579 1293 2607 αὐτοῦ
1308 2579 1375 2614 περῖ
1387 2579 1440 2606 τοῦ
1447 2578 1571 2621 πρρνοία
1587 2577 1660 2604 Θεοῦ
1675 2574 1850 2603 διοικεῖσθαι
1862 2575 1918 2602 τὸςρ

1454 2621 1579 2640 κοσαον.

1454 2622 1512 2640 κοσ
1551 2622 1579 2639 ν.

1165 2671 1175 2687 ι
1190 2661 1319 2698 Πρόνοιαν
1334 2658 1403 2687 εἶναι
1418 2622 1561 2694 λέγειςμέν
1584 2657 1701 2694 τοσαύτῃ
1711 2657 1767 2684 τῶν
1783 2656 1914 2692 πραγμά-

1128 2751 1228 2786 prodiit
1241 2751 1268 2778 in
1285 2751 1373 2777 lucem
1387 2757 1455 2784 opus
1470 2749 1535 2776 illud
1550 2748 1672 2786 Philonis
1685 2747 1721 2774 De
1736 2746 1914 2786 prouidentia,

1131 2781 1210 2820 cujus
1227 2787 1270 2813 hic
1285 2781 1452 2813 luculentum
1470 2783 1726 2816 saneh-agmentum
1744 2782 1781 2808 ab
1794 2781 1914 2820 Eusebio

1131 2817 1292 2855 subjicitur,
1317 2826 1391 2848 lauto
1413 2820 1502 2846 carius
1520 2819 1770 2855 luturutn,_qua_nto
1794 2817 1912 2851 longius.

1124 2853 1189 2883 «ιιίςῖ
1203 2857 1350 2884 minutiora
1365 2855 1461 2883 divina1
1476 2855 1557 2889 hujus
1572 2853 1757 2881 Proridwﬂm
1765 2859 1834 2880 cura
1850 2858 1910 2886 spo—

322 2893 379 2928 ίῑὸ)
398 2892 718 2931 Προνοῖᾷόιυικσῖὸθαι.
738 2894 874 2926 Nondum,
887 2892 958 2927 quod
974 2892 1070 2924 sciam,
1122 2893 1214 2920 .liaret.
