2070 3206
307 149 361 178 675

631 147 766 177 EL'SEBH
784 147 1028 176 CAESABIENSIS
1044 147 1119 175 OPP.
1140 146 1230 174 PARS
1244 147 1276 176 ll.
1294 163 1329 168 —
1345 148 1596 178 APOLOGETICA.

1882 152 1937 182 676

307 210 347 239 ria
368 210 543 248 neglexerint.
561 209 678 239 Prorsus
697 214 727 237 ut
740 210 768 238 in
790 210 909 244 equestri
940 209 1088 236 certamine

1141 207 1227 235 ἀνθῶν
1249 208 1370 236 ποικιλία
1391 209 1460 246 πρὸς
1486 210 1607 244 ὑγίειαν,
1632 209 1661 236 οὐ
1683 210 1751 246 πρὸς
1770 210 1867 247 ἡδονὴν
1890 212 1939 246 γέ-

307 257 453 285 nonnullos
466 255 612 291 aliquando
627 255 748 291 vidi,qui
758 255 911 282 temeritate
927 255 1090 289 praecipites,

305 311 369 332 cum
384 302 531 330 sedemlum
549 306 577 328 et
593 302 684 336 quiete
697 300 873 336 spectandum
891 305 973 333 esset,
990 301 1016 327 in
1032 308 1089 328 me-

305 349 352 377 dio
370 348 560 378 consisterent,
581 351 608 374 et
637 346 737 381 impetu
755 346 950 381 quadrigarum
970 345 1090 380 impulsi,

305 402 438 430 equorum
459 393 577 428 ungulis,
595 392 717 428 rotisque
740 400 871 419 curruum
892 393 1090 423 obtererentur,

305 441 400 476 dignas
426 439 548 467 stultitia:
568 446 664 474 ptenas
686 438 805 466 luentes.
822 439 861 465 Ac
874 438 907 466 de
922 438 964 465 his
981 438 1089 473 quidem

304 487 448 514 hactenus.
464 484 532 512 Nam
549 493 582 512 ex
606 485 757 519 repentium
776 485 886 519 quidem
909 484 1089 511 animantium

303 541 414 569 genere,
429 533 475 568 qui
485 540 589 560 veneno
606 531 719 562 feriunt,
736 531 754 559 ii
765 540 817 558 non
831 531 1011 558 Providentia:
1023 539 1090 558 con-

303 581 377 612 silio,
390 580 437 608 sed
451 588 516 607 casu
525 579 644 615 quodam
659 587 691 606 ex
708 579 788 606 rebus
803 578 864 605 aliis
874 598 881 609 ,
895 579 933 604 uti
953 578 1010 613 jam
1030 578 1088 605 dic-

302 631 361 655 tum
373 630 425 659 est,
442 629 626 661 consequente
642 630 802 653 nascuntur.
816 624 886 652 Tum
897 625 969 651 enim
984 623 1090 651 anima-

300 673 326 700 ri
343 672 441 705 solent,
451 680 511 699 cum
528 672 637 699 innatus
656 672 755 698 humor
768 671 955 698 vehementius
966 670 1088 697 incaluit.

300 719 372 746 Sunt
385 718 466 746 etiam
485 718 619 750 nonnulli,
638 719 685 754 qui
699 726 731 745 ex
746 718 804 753 ipsa
818 717 992 752 corruptione
1005 717 1088 744 vitam

300 764 441 796 hauriunt,
458 770 487 792 ut
501 765 639 797 lumbrici,
653 764 699 799 qui
714 772 746 791 ex
761 763 891 795 alimenti,
909 762 1024 797 pediculi
1042 762 1088 797 qui

296 819 333 838 ex
350 811 458 839 sudoris
474 811 540 838 vitio
551 809 771 843 oriuntur.Quos
784 816 849 836 vero
862 809 971 844 propria
984 816 1016 835 ex
1034 815 1090 835 ma-

298 856 369 883 teria
386 855 532 890 infusoque
545 855 659 888 semine,
676 854 860 890 principaliter
871 861 903 881 ac
920 854 1028 888 proprie
1040 861 1088 880 na-

1145 263 1233 288 γονεν.
1258 254 1387 282 ’Ἃπλετοι
1412 254 1466 290 γὰρ
1479 255 1580 282 τούτων
1603 255 1631 282 αἱ
1652 255 1791 291 δυνάμεις,
1808 255 1856 283 καὶ
1874 258 1937 285 καθ’

1143 301 1228 333 αὑτὰς
1250 300 1294 327 διὰ
1314 300 1367 327 τῶν
1390 300 1483 336 ὀσμῶν
1507 301 1669 336 ὠφελοῦσιν,
1692 302 1808 333 εὐωδίας
1829 302 1935 335 πάντας

1143 346 1368 382 ἀναπιμπλᾱσαι,
1390 347 1437 373 καὶ
1461 346 1526 374 πολὺ
1551 347 1651 382 μᾶλλον
1671 348 1699 374 ὲν
1719 349 1780 379 ταῖς
1798 349 1935 384 ἰατρικαῖς

1144 392 1283 419 συνθέσεσι
1308 393 1361 419 τῶν
1385 393 1545 430 φαρμάκων.
1575 394 1653 420 Ἔνια
1673 393 1727 429 γὰρ
1749 394 1936 429 ἀναμιχθέντα

1142 438 1191 470 τὰς
1210 439 1312 466 ἑαυτῶν
1327 439 1456 474 δυνάμεις
1473 439 1664 475 ἁριδηλοτέρας
1685 439 1845 475 παρέχεται,
1861 440 1934 467 καϐ-

1143 486 1213 522 άπερ
1231 487 1270 518 εὶς
1291 485 1360 518 ζώου
1375 487 1482 521 γένεσιν
1507 487 1524 521 ἡ
1550 486 1662 525 ἄρρενος
1678 486 1723 513 καὶ
1739 486 1833 522 θήλεος
1849 487 1932 522 μίξις,

1143 531 1196 567 ἰδίᾳ
1225 531 1354 567 ἐκατέρου
1384 533 1421 568 μὴ
1446 532 1598 567 πεφυκότος
1624 534 1727 565 ποιεῖν,
1754 532 1826 569 ειπερ
1845 534 1931 569 ἆμψω

1143 577 1313 604 συνελθόντα.
1348 578 1429 606 Ταῦτ’
1459 579 1617 613 ἀναγκαίως
1646 578 1771 606 λέλεκται
1800 579 1868 616 πρὸς
1897 579 1932 607 τὰ

1139 623 1221 650 ’λοιπὰ
1244 623 1297 650 τῶν
1320 623 1372 650 ὑπὸ
1395 623 1442 650 σοῦ
1468 623 1697 659 διαπορηθέντων,
1717 624 1816 660 [κεινὴν
1838 624 1931 653 πίστιν

1141 669 1307 705 ἐργάσασθαι
1336 670 1472 704 δυνάμενα
1506 671 1563 701 τοῖς
1590 669 1628 706 μὴ
1658 670 1815 705 φιλονείκως
1838 671 1930 707 ἔχουσι

1140 715 1204 751 περὶ
1233 715 1279 743 τοῦ
1302 715 1347 742 τὸν
1370 716 1435 743 Θέὺν
1458 715 1511 742 τῶν
1536 716 1714 752 ἀνθρωπίνων
1741 717 1931 752 ἐπιμελεῖσθαι

1140 761 1336 797 πραγμάτων.»
1354 762 1445 788 Ταῦτα
1460 763 1507 798 μὲν
1523 760 1569 789 οὖν
1581 763 1612 789 ἐκ
1627 762 1675 789 τοῦ
1689 762 1856 798 δηλωθέντος
1881 765 1932 790 ἐπ-

1139 808 1276 844 ετεμόμην
1291 808 1396 844 ἀνδρὸς,
1409 808 1476 844 ὁμοῦ
1501 809 1550 844 μὲν
1572 809 1693 841 δεικνὺς,
1720 806 1771 836 οἷοι
1789 809 1835 836 καὶ
1858 809 1930 838 κατὰ

1138 854 1201 885 τοὺς
1216 854 1291 885 νέθυς
1306 854 1449 888 γεγόνασιν
1467 854 1599 890 Ἐϐραίων
1623 854 1717 886 παῖδες
1727 875 1733 886 ,
1749 855 1816 890 ὁμοῦ
1834 855 1863 884 δὲ
1881 855 1930 882 καὶ

297 906 361 928 tura
386 901 522 936 producit,
535 902 553 928 ii
568 900 750 928 Pravidentite
770 908 820 927 suo
840 899 902 935 jure
917 899 1084 926 tribuuntur.

1141 899 1170 926 τὰ
1193 899 1243 934 τῆς
1265 899 1394 931 εὐσεϐοῦς
1418 899 1508 927 αὐτῶν
1533 899 1598 935 περὶ
1619 898 1686 925 Θεοῦ
1710 899 1872 935 διαλήψεως,
1894 899 1929 928 τά

298 947 463 982 Quanquam
480 948 512 974 de
525 947 661 982 prioribus
674 946 755 973 etiam
766 946 829 977 illis,
854 944 931 980 quasi
946 944 979 971 ad
997 943 1086 970 homi-

296 995 342 1022 nis
358 995 499 1021 ulilitatem
517 998 694 1029 procreentur
705 993 755 1027 ipsi
767 991 947 1027 quoque,duo
959 998 1001 1018 me
1012 998 1085 1024 quze-

294 1041 359 1069 dam
379 1041 472 1068 audire
488 1041 610 1072 memini,
625 1048 685 1075 qua:
696 1040 747 1066 hoc
767 1039 827 1066 loco
845 1038 1018 1065 dissimulare
1030 1045 1084 1064 non

1137 953 1166 971 τε
1184 945 1234 980 τῆς
1257 945 1324 981 πρὸς
1349 947 1413 978 τοὺς
1437 946 1612 982 προπάτορας
1639 945 1794 980 ὁμοφωνίας
1818 945 1926 980 ἐμφανῆ

1138 991 1286 1024 καθιστάς⁸
1314 991 1364 1028 ἠδη
1392 992 1415 1019 δ’
1431 992 1555 1019 ἐντεῦθεν
1582 991 1731 1027 μεταϐῆναι
1757 991 1852 1027 καιρὸς
1881 992 1927 1018 χά).

1139 1038 1184 1063 ἐπὶ
1200 1037 1249 1069 τὰς
1262 1037 1316 1064 τῶν
1333 1038 1431 1071 ἔξωθεν
1444 1038 1509 1075 περὶ
1521 1038 1574 1065 τῶν
1589 1038 1679 1065 αὐτῶν
1693 1038 1855 1074 μαρτυρίας.

296 1088 401 1124 placet.
435 1089 556 1116 Alterum
589 1093 641 1122 cst,
655 1096 670 1115 a
686 1087 799 1115 medicis
832 1086 995 1122 quihusdam
1015 1086 1223 1113 commemorari
1239 1087 1349 1114 solitum
1367 1096 1374 1114 :
1394 1087 1422 1114 in
1453 1087 1576 1122 pluribus
1604 1091 1752 1114 venenatos
1781 1091 1922 1123 serpentes

294 1133 359 1162 usui
379 1141 495 1166 esse,ac
513 1135 607 1170 peritis
625 1134 707 1169 hujus
738 1133 816 1164 artis,
829 1132 852 1160 si
885 1132 966 1159 modo
997 1132 1060 1163 illis,
1080 1131 1124 1159 ubi
1144 1139 1213 1165 opus
1246 1132 1319 1166 erit,
1345 1132 1462 1161 scienter
1488 1134 1647 1166 abutentur,
1669 1133 1723 1160 vim
1750 1134 1925 1168 przesentium

293 1182 477 1211 amuletorum
492 1182 640 1209 maximam
670 1185 823 1216 suppetere,
851 1178 951 1214 quibus
979 1182 1075 1214 praeter
1100 1178 1240 1205 hominum
1256 1179 1422 1214 opinionem,
1438 1180 1541 1215 integra
1553 1180 1784 1215 periculosissime
1797 1180 1926 1208 laboran-

294 1228 369 1256 tibus
386 1228 510 1257 valetudo
525 1229 654 1264 salusque
672 1229 810 1257 reddatur.
826 1227 918 1262 Itaque
936 1227 1028 1254 videas
1041 1227 1191 1254 etiamnum
1208 1235 1256 1256 eos
1271 1228 1318 1263 qui
1340 1229 1501 1257 medicinam
1533 1229 1603 1257 haud
1616 1229 1765 1257 oscitanter
1800 1237 1833 1257 ac
1862 1236 1926 1264 per-

293 1275 430 1305 functorie
440 1281 570 1316 tractant,
593 1276 770 1305 conficiendis
790 1275 912 1310 quotidie
943 1274 1088 1308 remediis,
1102 1282 1136 1302 ex
1153 1274 1275 1310 quolibet
1312 1283 1410 1311 genere
1442 1276 1554 1311 aliquid,
1577 1283 1627 1304 nec
1642 1276 1730 1304 obiter
1753 1276 1779 1303 id
1803 1275 1924 1311 quidem,

292 1325 584 1354 admiscere.Alterum
601 1333 633 1352 ex
645 1325 870 1361 philosophorum
889 1324 990 1358 potius.
1000 1331 1082 1358 quam
1103 1331 1135 1350 ex
1150 1323 1317 1350 medicorum
1333 1323 1455 1352 fontibus
1488 1324 1619 1351 haustum
1655 1323 1807 1350 videbatur.
1824 1321 1861 1349 Ea
1888 1323 1926 1350 si-

292 1372 403 1408 quidem
428 1377 584 1407 comparata
611 1372 742 1400 divinitus
767 1371 914 1398 adversum
943 1369 1082 1404 improbos
1112 1377 1253 1404 pwnarum
1278 1369 1457 1396 instrumenta
1481 1377 1541 1397 esse
1572 1369 1717 1402 statuebat,
1747 1369 1926 1404 quemadmo-

292 1420 357 1447 dum
375 1427 392 1447 a
415 1419 534 1447 ducibus
548 1423 575 1446 et
611 1417 822 1453 imperatoribus
848 1416 953 1452 ﬂagella
978 1423 1176 1450 nonnunquam
1210 1416 1359 1451 asperiora,
1396 1415 1553 1451 ferrumque
1583 1416 1671 1452 ipsum
1697 1416 1818 1444 adhiberi
1844 1416 1924 1444 solet.

291 1463 385 1498 Itaque
397 1471 459 1491 cum
477 1464 545 1491 alias
569 1463 711 1498 quiescere
726 1470 759 1490 ac
775 1462 867 1489 mitius
892 1468 973 1496 agere
989 1461 1191 1492 consueverint.
1207 1467 1264 1488 tum
1282 1463 1360 1491 novis
1382 1462 1460 1498 quasi
1494 1462 1597 1490 viribus
1630 1462 1761 1490 adversus
1779 1462 1924 1490 damnatos

291 1511 478 1543 stimulantur,
493 1510 519 1537 in
531 1517 601 1545 quos
613 1513 709 1536 natura
720 1509 777 1544 ipsa
787 1509 814 1535 in
831 1508 878 1535 illo
895 1515 947 1535 suo
983 1507 1158 1542 integerrimo
1173 1507 1390 1544 castissimoque
1404 1508 1474 1543 foro,
1504 1509 1646 1545 capitalem
1679 1510 1842 1537 sententiam
1877 1515 1924 1537 tu-

290 1555 362 1582 lerit.
375 1555 441 1583 Nam
455 1555 480 1582 in
497 1555 599 1583 aedibus
616 1555 718 1582 nostris
756 1559 786 1582 ut
822 1554 973 1589 plurimum
1011 1553 1063 1581 hoc
1096 1553 1274 1582 animantium
1301 1564 1387 1590 genus
1405 1555 1573 1588 delitescere,
1600 1556 1700 1584 falsum
1722 1558 1833 1585 omnino
1852 1563 1894 1585 est
1913 1566 1923 1587 ς

289 1601 373 1638 398
386 1610 449 1629 cum
465 1602 530 1629 illud
544 1606 620 1629 extra
638 1604 730 1635 urbes,
747 1601 773 1628 in
788 1601 904 1636 eampis,
941 1608 974 1628 ac
1011 1601 1214 1635 solitudinibus,
1234 1602 1306 1637 quod
1338 1602 1476 1630 hominem
1507 1604 1601 1638 utique
1633 1608 1761 1638 tanquam
1780 1604 1923 1631 dominum

289 1649 386 1684 fugiat,
400 1648 479 1684 vulgo
497 1648 595 1683 degere
612 1648 764 1675 videamus.
782 1646 860 1680 Quod
891 1652 984 1674 tamen
1005 1646 1069 1673 dum
1089 1654 1168 1674 secus
1200 1647 1336 1675 interdum
1370 1649 1512 1684 contingit,
1529 1657 1562 1677 ne
1585 1653 1642 1676 tum
1675 1650 1784 1684 quidem
1809 1657 1858 1677 sua
1882 1657 1924 1677 ra-

289 1695 362 1722 tione
375 1699 450 1722 carct
472 1700 534 1722 eum
550 1694 577 1721 in
591 1694 657 1722 locis
671 1694 832 1729 quibusdam
846 1693 1068 1729 prolundioribus
1088 1692 1184 1728 ingens
1199 1694 1274 1728 copia
1288 1695 1416 1722 stercoris
1428 1703 1460 1722 ac
1489 1695 1611 1723 sordium
1640 1700 1794 1731 aggeratur.
1821 1695 1923 1730 quibus

289 1749 350 1770 sese
364 1742 529 1775 immergunt
549 1740 604 1768 illa:
625 1740 764 1775 cupidius,
787 1745 966 1776 pmterquam
991 1740 1063 1775 quod
1089 1739 1147 1775 ipse
1173 1747 1281 1774 quoque
1313 1740 1392 1768 nidor
1415 1741 1551 1776 propriam
1585 1741 1711 1769 illiciendi
1738 1743 1791 1769 vim
1829 1741 1920 1768 habet.

288 1787 348 1816 Jam
364 1789 522 1816 hirundines
534 1788 676 1815 nobiscum
693 1787 797 1815 versari
821 1787 920 1814 mirum
937 1786 1059 1822 profecto
1086 1786 1165 1819 nihil,
1192 1793 1254 1813 cum
1271 1786 1305 1814 ab
1318 1786 1352 1814 iis
1371 1786 1546 1822 insequendis
1578 1788 1775 1820 abstineamus,
1809 1787 1921 1815 salutis-

288 1844 342 1872 que
355 1835 461 1863 tuendae
475 1835 620 1870 cupiditas,
638 1842 692 1862 non
723 1838 827 1862 tantum
844 1835 870 1861 in
907 1834 1013 1862 ratione
1034 1833 1156 1869 praeditis
1180 1833 1375 1865 animantibus.
1395 1834 1442 1862 sed
1459 1834 1541 1862 etiam
1576 1835 1604 1862 in
1625 1843 1658 1863 ea
1691 1836 1850 1863 carentibus
1875 1836 1920 1863 in-

288 1885 340 1912 sita
358 1883 394 1911 sit
406 1887 486 1918 atque
518 1881 618 1910 dellxa.
649 1881 684 1908 At
713 1880 813 1916 quibus
840 1881 878 1908 uti
910 1881 1035 1908 homines
1055 1881 1181 1915 vescique
1197 1884 1328 1915 possunt,
1352 1888 1448 1909 earum
1480 1890 1543 1911 vero
1567 1883 1709 1912 nobiseum
1736 1884 1810 1911 nulla
1833 1883 1917 1919 degit,

287 1930 360 1967 quod
376 1929 411 1957 ab
425 1928 530 1956 insidiis
546 1927 598 1955 sibi
613 1927 714 1955 nostris
737 1931 869 1959 metuant,
896 1927 950 1955 nisi
977 1927 1064 1955 sicubi
1086 1926 1142 1961 lege
1177 1927 1328 1961 prohibitus
1352 1935 1447 1956 earum
1483 1937 1548 1957 usus
1586 1929 1678 1957 fueriL
1701 1928 1774 1957 Urbs
1792 1931 1918 1965 quaedam

286 1982 330 2005 est
355 1973 439 2010 Syriae
482 1973 642 2006 maritima,
674 1973 836 2001 AscalOncm
867 1978 985 2006 vocant,
1018 1972 1063 2000 ubi
1094 1979 1158 1999 cum
1195 1973 1341 2008 aliquando
1372 1981 1516 2006 versarer.
1545 1983 1600 2011 quo
1642 1980 1764 2011 tempore
1800 1978 1918 2011 patrium

286 2023 315 2051 in
348 2022 478 2057 templum
505 2021 670 2056 precationis
692 2025 719 2048 et
744 2020 870 2048 sacriﬁcii
903 2028 986 2048 causa
1024 2019 1227 2055 proﬁciscebar,
1255 2021 1308 2047 vim
1337 2021 1525 2050 columbarum
1554 2023 1687 2049 inﬁnitam
1724 2031 1786 2050 cum
1818 2024 1846 2051 in
1868 2024 1919 2051 tri-

284 2070 339 2098 viis
360 2069 472 2104 passim,
495 2073 552 2095 tum
578 2067 605 2095 in
629 2067 743 2103 singulis
759 2068 840 2096 etiam
862 2068 966 2095 aedibus
987 2068 1122 2096 videbam.
1152 2068 1268 2095 Causam
1303 2070 1434 2103 (μίξει-εδιιί
1469 2070 1547 2103 mihi,
1578 2077 1624 2097 eas
1638 2077 1734 2105 capere
1762 2071 1839 2098 nefas
1857 2078 1919 2098 esse

285 2115 497 2150 responderunt,
521 2114 593 2150 quod
614 2114 671 2150 jam
696 2114 760 2141 olim
783 2114 887 2142 civibus
920 2122 1015 2142 earum
1043 2122 1093 2141 usu
1115 2112 1289 2141 interdictum
1310 2118 1391 2142 esset.
1416 2114 1506 2150 lisque
1519 2115 1587 2143 adeo
1602 2123 1690 2152 genus
1721 2116 1773 2144 hoc
1793 2118 1919 2144 animan-

286 2163 321 2192 tis
335 2163 481 2191 securitate
495 2161 643 2193 cicuratur,
659 2165 688 2188 ut
703 2168 755 2188 non
773 2164 878 2188 tantum
895 2161 946 2188 sub
971 2160 1066 2194 eodem
1086 2164 1169 2193 tecto,
1186 2160 1232 2187 sed
1250 2160 1331 2187 etiam
1347 2161 1373 2187 in
1385 2161 1480 2188 eadem
1493 2169 1586 2188 mensa
1611 2162 1752 2190 aSsidunm
1785 2163 1830 2194 sit,
1855 2170 1918 2190 con-

283 2217 416 2244 ccssaque
441 2216 506 2244 pace
531 2208 565 2235 ad
589 2208 700 2235 delicias
714 2208 852 2235 abutatur.
866 2206 915 2234 Est
949 2211 1037 2235 tamen
1072 2207 1098 2234 in
1120 2206 1247 2242 Egypto.
1264 2207 1336 2242 quod
1351 2207 1537 2236 vehementius
1559 2209 1703 2237 admirere.
1737 2209 1805 2237 Nam
1823 2217 1909 2238 croco

283 2255 355 2282 dilus
372 2255 416 2282 ille
447 2254 588 2282 hominum
626 2255 779 2286 devoratur,
815 2261 847 2281 ac
881 2254 1032 2282 bestiarum
1062 2254 1288 2287 immanissimus,
1306 2255 1378 2289 quod
1395 2254 1420 2280 in
1434 2255 1608 2282 sanctissimo
1621 2255 1674 2283 Nili
1692 2257 1806 2285 ﬂuttiine
1819 2264 1919 2284 nasca~

286 2306 328 2329 tur
345 2301 495 2337 alaturque,
510 2309 620 2329 sensum
632 2301 761 2336 aliquem,
780 2305 809 2328 ut
834 2300 889 2328 fere
915 2301 967 2328 sub
983 2300 1063 2335 aquis
1081 2301 1232 2333 delitescat,
1246 2301 1389 2336 praesentis
1423 2302 1624 2330 commoditatis
1654 2303 1745 2330 habet.
1775 2303 1798 2330 Δ
1815 2305 1916 2338 quibus

282 2348 355 2377 enim
389 2347 446 2383 ipse
473 2347 582 2378 colitur,
605 2347 676 2381 apud
698 2354 745 2374 eos
776 2348 877 2374 multus
901 2354 962 2375 esse
994 2348 1087 2381 solet;
1108 2355 1177 2382 quos
1191 2352 1282 2374 autent
1314 2347 1427 2375 infestos
1450 2353 1598 2383 pateretur,
1623 2350 1694 2384 apud
1719 2350 1779 2378 illos
1808 2359 1843 2378 ne
1867 2358 1918 2386 per

281 2395 419 2422 sonmium
432 2395 541 2430 quidem
550 2394 665 2422 videtur.
678 2393 750 2430 Ergo
765 2394 811 2430 qui
821 2394 911 2421 Nilum
924 2395 1061 2430 navigant,
1083 2394 1230 2426 interdum,
1249 2397 1279 2421 ut
1314 2394 1489 2422 audacissimi
1517 2394 1626 2427 fuerint,
1657 2403 1689 2423 ac
1724 2398 1864 2424 turmatim
1882 2405 1917 2425 eo

281 2440 429 2473 conﬂuant,
443 2441 470 2468 in
481 2448 580 2476 aquam
598 2449 631 2469 ne
643 2449 781 2469 summum
813 2441 923 2476 quidem
951 2441 1096 2468 immittcne
1115 2441 1229 2476 digitum
1245 2441 1365 2468 audeant
1395 2451 1405 2469 ε
1423 2442 1570 2475 interdum,
1587 2443 1711 2470 homines
1737 2444 1819 2470 etiam
1847 2445 1918 2471 tinti-

281 2486 386 2515 dissimi
400 2487 472 2514 ultro
498 2487 644 2522 prosiliunt
677 2491 825 2522 natantque
856 2487 1008 2514 ludibundi.
1032 2487 1180 2523 Cyclopum
1199 2487 1225 2514 in
1248 2491 1336 2515 tractu
1359 2487 1456 2522 (genus
1475 2488 1548 2516 enim
1587 2489 1614 2517 id
1638 2490 1778 2518 hominum
1818 2490 1917 2518 fabulae

282 2538 465 2562 Commentum
483 2543 517 2563 ac
540 2534 611 2563 fetus
624 2535 734 2571 quidam
753 2536 805 2571 est)
823 2535 895 2570 quod
916 2535 989 2562 nulla
1010 2535 1046 2562 ibi
1066 2535 1206 2566 sementis,
1223 2535 1349 2569 agricolae
1361 2535 1438 2568 nulli,
1470 2536 1611 2564 mitiorum
1651 2536 1759 2572 frugum
1793 2539 1917 2566 nascitur

281 2579 394 2607 omnino
426 2581 503 2613 nihil,
538 2587 567 2609 ut
590 2589 678 2618 neque
709 2589 741 2610 ex
762 2582 846 2609 nihilo
865 2581 1015 2617 quidquam
1040 2581 1114 2617 gigni
1133 2586 1231 2616 potest.
1250 2581 1354 2609 Grzecia
1369 2589 1434 2609 vero
1461 2583 1614 2610 accusanda
1635 2582 1756 2618 profecto
1782 2592 1838 2611 non
1863 2589 1914 2616 est,

279 2631 410 2659 tanquam
441 2627 516 2654 arida
531 2628 644 2656 nimium
670 2634 697 2656 et
717 2628 880 2661 infecunda;
916 2629 997 2656 habet
1022 2628 1093 2655 enim
1113 2629 1219 2657 altioris
1254 2629 1442 2663 molliorisque
1463 2629 1514 2657 soli
1537 2630 1682 2665 plerosque
1700 2635 1816 2658 tractus.
1837 2630 1916 2664 Quod

280 2670 306 2698 si
323 2675 400 2699 terra:
411 2674 533 2708 quaedam
550 2675 672 2703 barbam
685 2675 793 2711 frugum
804 2676 1072 2710 ubertatcprzestant,
1093 2680 1122 2702 ut
1135 2675 1274 2703 abundent
1289 2675 1437 2707 alimentis,
1466 2683 1561 2702 eorum
1577 2680 1667 2704 tamen
1678 2697 1686 2709 ,
1719 2677 1765 2712 qui
1793 2678 1915 2714 alantur,

280 2725 453 2755 quorumque
477 2728 558 2749 causa
591 2722 782 2750 tantummodo
802 2722 930 2750 alimenta
965 2721 1129 2758 proveniunt
1163 2723 1299 2757 paucitate
1333 2723 1467 2751 laborant.
1484 2723 1547 2750 Sola
1561 2724 1660 2759 quippe
1673 2723 1787 2758 Graecia,
1809 2725 1831 2752 si
1852 2731 1918 2752 vero

280 2764 354 2798 loqui
374 2764 497 2797 velimus,
514 2766 654 2795 hominum
684 2768 850 2803 procreauit
884 2771 936 2800 est,
965 2772 1057 2802 utpote
1075 2775 1137 2802 quae
1161 2767 1301 2795 caelestem
1323 2769 1436 2797 omnino
1467 2769 1598 2804 plantam,
1630 2770 1713 2806 399
1734 2770 1917 2806 divinumque

280 2816 401 2842 germen,
417 2815 446 2839 et
480 2812 554 2840 omni
576 2818 697 2848 exparte
728 2813 876 2849 perlectum
889 2833 896 2845 ,
915 2813 967 2841 hoc
985 2817 1028 2840 est
1050 2812 1256 2848 intelligentiam
1291 2813 1377 2848 ipsam
1392 2814 1489 2849 pariat,
1504 2822 1566 2843 cum
1597 2817 1712 2844 scicntia
1724 2817 1815 2845 nativa
1847 2825 1918 2853 qna-

275 2855 342 2885 dam
357 2858 516 2892 cognatiOne
532 2859 715 2892 coniunctam.
731 2859 817 2895 Cujus
839 2861 880 2890 rei
901 2867 984 2889 causa
1011 2860 1069 2888 haec
1087 2862 1138 2892 est,
1157 2858 1230 2894 quod
1254 2859 1326 2888 aeris
1366 2861 1497 2890 tenuitate
1532 2869 1610 2891 mens
1631 2863 1751 2892 hominis
1771 2868 1890 2892 nouatur
1904 2878 1914 2897 ε
