2070 3206
183 149 232 176 681

746 150 907 178 ΡΒᾸΕΡΑΒ.
927 151 1052 179 EVANG.
1075 151 1138 179 LIB.
1159 152 1204 180 lx.

1755 156 1807 184 632

181 196 222 234 ὂτί
241 206 279 242 μὴ
304 206 382 238 ἐκτὸς
406 207 541 244 σώφρονος
565 207 695 244 λογισμοῦ
722 209 772 245 τὴν
800 210 854 236 τῶν
876 210 956 246 δηλου

1021 219 1081 246 quae
1095 219 1182 247 usque
1195 219 1211 239 a
1225 212 1315 248 prisco
1327 213 1461 248 majorum
1479 221 1592 242 suorum
1612 222 1669 242 σενο
1683 215 1804 249 ducitur,

183 253 270 289 μένων
300 253 458 288 φιλοσοφίαν
479 254 533 281 τῶν
570 254 701 290 Ἑλλήνων
719 257 969 292 προτετιμήκαμεν.

187 296 334 323 ’Λκόλουθα
355 297 421 331 γοῦν
448 299 505 330 τοῖς
533 298 782 335 προεξητασμένοις
796 302 832 327 ⁴ὲν
853 301 892 336 τῷ
916 303 970 337 πρὸ

181 343 274 370 τούτου
305 343 502 380 συγγράμματι
532 345 578 371 καὶ
607 346 642 373 τά
674 346 725 381 τῆς
749 347 847 383 ἠθικῆς
879 348 970 380 αὐτοῖς

181 389 363 416 ἐπιτελεῖσθαι
386 391 578 426 συνασκήσεως
597 392 627 418 οὐ
647 392 728 427 μόνον
747 393 775 419 αἱ
794 394 859 429 παρ’
876 395 969 425 αὐτοῖς

181 436 252 471 ἱεραὶ
266 435 362 470 βίϐλοι,
381 435 449 462 ἀλλὰ
463 437 508 463 καὶ
527 437 580 464 τῶν
605 438 668 473 παρ’
682 438 795 474 Ἕλλησι
816 439 968 475 φιλοσόφων

178 482 204 508 οἱ
232 481 350 517 μάλιστα
377 482 515 516 διαφανεῖς
544 483 591 509 καὶ
629 483 688 510 καθ’
704 485 778 520 ἡμᾶς
810 485 967 522 βεϐοημένοι

181 527 360 563 μαρτυροῦσι.
376 528 430 555 Καὶ
442 528 474 564 δὴ
488 528 579 555 λαϐὼν
590 530 727 565 ἀνάγνωθι
736 531 770 558 τὰ
783 531 967 568 Θεοφράστου,

179 574 208 600 ὲν
227 575 283 605 τοῖς
300 574 445 610 Πορφυρίῳ
463 577 592 610 γραφεῖσι
603 577 672 610 Περὶ
682 576 736 611 τῆς
749 577 809 604 τῶν
823 578 968 614 ἐμψύχων

178 616 430 656 ἀποχῆς,κείμενα
441 619 535 647 τοῦτον
550 619 596 647 τὸν
611 621 722 657 τρόπον.

1022 257 1143 286 historia:
1156 259 1339 286 meminerint.
1362 259 1506 287 Ordiemur
1521 265 1610 288 autem
1625 262 1659 290 ab
1671 262 1738 297 ipsis
1757 271 1806 298 po-

1021 303 1078 338 puli
1092 304 1233 337 moribus,
1252 309 1282 332 ut
1307 304 1440 340 intelligas
1457 305 1582 340 prudenti
1608 314 1659 334 nos
1683 315 1806 343 sanoque

1021 349 1136 377 consilio
1151 357 1246 377 eorum
1259 350 1430 386 disciplinam
1452 350 1608 379 Graecorum
1626 353 1806 389 philosophia:

1020 397 1182 431 praetulisse.
1195 396 1291 424 Testes
1313 397 1452 425 enimvero
1476 403 1541 427 sunt
1565 407 1620 427 non
1635 408 1721 429 sacra:
1732 402 1803 429 dun—

1020 447 1097 470 taxat
1109 442 1286 470 Hebraeorum
1301 443 1408 476 litterae,
1426 445 1473 472 sed
1490 446 1573 473 etiam
1595 446 1613 474 ii
1630 447 1677 482 qui
1693 452 1721 475 et
1731 447 1806 476 Grae-

1019 495 1067 516 eos
1080 488 1151 515 inter
1163 496 1336 523 summopere
1351 488 1514 522 ﬂoruerunt,
1532 491 1667 528 hodieque
1687 495 1806 522 maxime

1018 535 1193 562 celebrantur
1206 535 1373 570 philosophi,
1387 542 1599 566 consentaneam
1612 539 1661 572 iis,
1678 548 1740 574 qua;
1759 549 1806 571 su-

1019 581 1126 615 periore
1139 581 1208 608 libro
1223 581 1366 616 diligenter
1379 583 1567 618 expendimus,
1595 592 1643 614 eos
1661 586 1726 614 vita;
1745 595 1805 614 mo-

1019 634 1135 662 rumque
1148 628 1280 655 rationem
1302 633 1403 657 tenere.
1421 629 1477 664 Age
1490 631 1582 666 igitur,
1603 639 1635 659 ea
1661 632 1731 660 mihi
1746 641 1804 668 per-

179 664 246 699 lege,
259 673 321 700 qua:
332 664 500 701 Porphyrius
512 667 539 694 in
550 675 616 696 suos
629 668 667 695 De
679 677 767 703 rerum
784 671 965 698 animatarum
984 672 1144 700 abstinentia
1164 674 1250 702 libros
1274 675 1347 703 hunc
1375 676 1402 703 in
1425 664 1536 704 modum
1551 685 1598 713 ,ει
1614 664 1804 714 Theophrasto

177 713 278 742 retulit.

442 772 641 801 ΚΕΦΑΛΔΙΟΝ
659 774 696 800 B'.

176 826 367 861 Θεοφράστου
399 829 465 863 περὶ
500 830 661 863 Ἰουδαίων,
691 831 749 859 ἀπὸ
776 832 830 860 τοῦ
859 832 885 862 α’
905 834 965 862 τῶν

210 864 380 897 Πορφιιφιου
398 864 468 898 Περὶ
491 865 545 899 τῆς
564 865 623 892 τῶν
635 866 780 901 ἐμψύχων
799 868 927 903 ἀποχῆς.

1330 776 1445 805 CAPUT
1462 776 1495 804 11.

1105 832 1147 872 _De
1159 832 1306 872 Judwis‘ex
1319 833 1506 872 Theophrasto,
1528 843 1604 869 quem
1625 835 1720 872 laudat
1732 835 1802 864 Por-

1035 869 1144 904 phyrius
1160 869 1245 903 primo
1264 869 1300 894 De
1317 877 1406 895 rerum
1418 870 1598 896 animatarum
1613 870 1783 899 abstinentia.

212 928 222 945 ι
239 919 295 947 Καί
309 929 350 947 τοι
365 906 431 947 διὸττι
451 919 507 956 (45)
525 921 619 957 Σύρων
639 923 688 958 μὲν
711 924 832 951 Ἰουδαῖοι
852 925 896 952 διὰ
914 926 958 962 sip

1052 923 1100 951 «Et
1109 932 1185 956 sane,
1199 924 1298 959 inquit,
1315 923 1337 951 si
1351 932 1383 951 ex
1399 923 1476 959 Syris
1492 924 1588 957 Judaei,
1602 925 1659 960 qui,
1674 927 1746 961 quod
1758 927 1802 953 in-

174 963 204 997 ὲξ
219 966 307 1002 ἀρχῆς
328 965 422 993 θυσίαν
445 967 485 993 ἔτι
508 969 555 995 καὶ
577 968 634 1001 νῦν,
655 971 737 1005 φησὶν
754 971 768 996 ὁ
781 971 961 1007 Θεόφραστος,

174 1011 353 1043 ζωοθυτοῦσιν
374 1012 450 1049 (46),
484 1016 508 1041 εί
531 1014 578 1042 τὸν
600 1015 679 1042 αὐτὸν
701 1017 775 1052 ἡμᾶς
799 1018 900 1053 τρόπον
921 1027 963 1050 τις

173 1057 280 1084 κελεύοι
297 1058 354 1093 (47)
370 1058 453 1091 θύειν,
467 1059 600 1096 ἀποσταίη
606 1069 654 1096 μεν
668 1061 700 1088 ἂν
711 1062 761 1097 τῆς
775 1062 910 1098 πράξεως.
924 1063 962 1090 Οὐ

172 1105 228 1140 γὰρ
241 1103 400 1140 ἑστιώμενοι
421 1105 476 1140 (48)
501 1106 556 1133 τῶν
578 1106 721 1140 τυθέντων,
752 1107 962 1140 ὁλοκαυτοῦντες

171 1151 200 1178 δὲ
213 1151 300 1178 ταῦτα
311 1151 418 1185 νυκτὸς,
434 1152 481 1179 καὶ
495 1153 555 1179 κατ’
566 1153 655 1179 αὐτῶν
671 1153 737 1180 πολὺ
755 1153 815 1189 μέλι
827 1154 875 1180 καὶ
891 1152 961 1181 οἶνον

171 1197 321 1229 λείϐοντες,
347 1198 491 1233 ἀνήλισκον
516 1198 565 1234 τὴν
592 1198 687 1225 θυσίαν
714 1198 821 1232 θᾶττον,
846 1199 889 1226 ἵνα
914 1199 961 1226 τοῦ

170 1243 257 1270 δεινοῦ
272 1243 327 1279 (49)
343 1244 403 1280 μηδ’
418 1245 432 1271 ὀ
448 1245 503 1280 (50)
517 1245 768 1280 πανὸπτηςγένοιτο
782 1246 891 1282 θεατής.
904 1246 962 1273 Καὶ

171 1289 250 1316 τοῦτο
267 1290 361 1325 δρῶσι,
377 1291 552 1325 νηστεύοντες
566 1291 616 1323 τὰς
629 1291 681 1319 ἀνά
698 1290 778 1327 μέσον
788 1291 891 1319 τούτων
904 1292 961 1327 (51)

171 1335 292 1371 ἡμέρας·
310 1336 381 1362 κατὰ
393 1336 421 1362 δὲ
436 1336 525 1363 πάντα
538 1336 632 1363 τοῦτον
644 1337 691 1363 τὸν
706 1336 811 1373 χρόνον,
827 1337 874 1364 ἆτε
887 1337 961 1371 φιλό-

171 1388 248 1415 σοφοι
270 1381 300 1407 τὸ
312 1381 391 1415 γένος
409 1381 494 1414 ὅντες,
515 1383 579 1418 περὶ
599 1381 647 1408 τοῦ
666 1382 744 1409 Θείου
767 1383 815 1418 μὲν
837 1382 961 1419 ἀλλήλοις

171 1425 293 1458 λαλοῦσι,
313 1427 363 1462 τῆς
382 1426 410 1454 δὲ
429 1428 525 1458 νυκτὸς
540 1427 594 1454 τῶν
619 1427 727 1462 ἄστρων
752 1427 888 1455 ποιοῦνται
911 1427 961 1464 τὴν

171 1472 296 1509 θεωρίαν,
320 1473 463 1508 βλέποντες
488 1475 528 1506 εἰς
554 1474 638 1506 αὐτὰ,
662 1474 709 1500 καὶ
731 1473 775 1501 διὰ
797 1474 851 1500 τῶν
874 1473 961 1510 εὐχῶν

170 1516 385 1550 θεοκλυτοῦντες.
400 1518 577 1555 Κατήρξαντο
587 1519 642 1555 γὰρ
654 1515 726 1545 οὗτοι
741 1518 844 1554 πρῶτοι
862 1518 915 1545 τῶν
930 1527 960 1545 τε

169 1563 270 1591 λοιπῶν
295 1563 389 1597 ζώων,
416 1566 464 1592 καὶ
493 1565 568 1600 σφῶν
588 1565 688 1597 αὐτῶν,
712 1566 820 1601 ἀνάγκῃ
843 1566 891 1592 καὶ
908 1566 959 1592 οὐκ

169 1610 300 1646 ἐπιθυμίᾳ
316 1611 395 1638 τοῦτο
411 1611 573 1647 πράξαντες.
597 1622 605 1638 ι

1013 969 1138 997 stitutum
1155 970 1225 1004 apud
1238 977 1286 997 eos
1304 969 1361 1004 jam
1383 970 1444 997 inde
1464 971 1498 997 ab
1515 971 1593 998 initio
1607 972 1661 999 hoc
1674 972 1802 1001 sacriﬁcii

1012 1023 1097 1050 genus
1112 1015 1205 1048 fuerit,
1220 1016 1381 1049 etiamnum,
1394 1016 1483 1051 inquit
1505 1016 1722 1052 Theophrastus,
1742 1020 1802 1046 ani-

1012 1064 1118 1088 mantes
1130 1060 1281 1092 immolant,
1298 1060 1403 1091 eodem,
1415 1069 1471 1095 quo
1481 1060 1543 1095 ipsi,
1560 1062 1614 1088 ritu
1625 1070 1703 1089 sacra
1712 1061 1801 1090 facere

1012 1113 1064 1132 nos
1075 1105 1211 1140 juberent,
1232 1113 1372 1139 nunquam
1396 1113 1429 1133 eo
1444 1113 1493 1133 nos
1515 1107 1613 1134 adduci
1632 1112 1798 1142 pateremur.

1012 1150 1067 1178 Nec
1079 1151 1151 1178 enim
1168 1151 1246 1178 caesis
1257 1151 1376 1179 victimis
1392 1151 1426 1179 ad
1453 1151 1544 1179 cibum
1559 1148 1598 1179 uti
1624 1153 1722 1187 solent,
1752 1154 1800 1181 sed

1013 1196 1132 1231 integras
1146 1204 1178 1223 ac
1194 1196 1305 1228 solidas,
1329 1201 1355 1224 et
1369 1197 1454 1224 multo
1475 1198 1554 1225 melle
1570 1198 1690 1233 vinoque
1709 1199 1800 1234 perfu-

1013 1250 1059 1270 sas
1072 1246 1154 1269 noctu
1174 1242 1292 1269 ﬂammis
1307 1243 1462 1276 absumere,
1482 1250 1514 1270 ac
1531 1248 1619 1271 totum
1632 1245 1799 1272 sacriﬁcium

1012 1288 1107 1323 paucis
1120 1289 1224 1323 aliquot
1239 1288 1314 1316 horis
1331 1296 1470 1324 peragere.
1484 1289 1578 1324 utique
1590 1289 1626 1317 'ne
1644 1290 1741 1318 oculus
1755 1291 1800 1318 ille

1012 1334 1104 1361 omnia
1116 1334 1260 1369 pervidens
1275 1334 1417 1369 indignum
1434 1335 1540 1363 facinus
1555 1336 1679 1371 aspiciat.
1696 1336 1799 1364 Deinde

1011 1386 1087 1412 vero,
1099 1379 1197 1408 diebus
1209 1380 1248 1407 illi
1261 1381 1388 1416 singulis,
1404 1381 1468 1408 dum
1484 1383 1618 1416 ejusmodi
1634 1383 1720 1410 sacris
1735 1390 1801 1417 ope-

1011 1433 1070 1453 ram
1085 1426 1160 1460 dant,
1171 1433 1233 1453 cum
1246 1426 1351 1461 jejunio
1364 1434 1425 1454 sese
1443 1427 1556 1459 dedunt,
1576 1432 1632 1454 tum
1658 1428 1691 1455 de
1705 1427 1798 1455 divino

1012 1471 1139 1505 Numine,
1157 1472 1197 1499 uti
1214 1472 1339 1500 homines
1371 1473 1430 1507 ipso
1445 1481 1542 1509 genere
1556 1474 1736 1509 philosophos
1747 1475 1798 1502 de-

1011 1521 1063 1550 cet,
1082 1520 1139 1544 toto
1155 1515 1201 1543 illo
1216 1521 1336 1552 tempore
1358 1525 1499 1545 sermones
1525 1518 1595 1545 inter
1614 1525 1643 1546 se
1658 1519 1773 1546 miscent
1788 1528 1796 1547 :

1011 1566 1092 1589 noctu
1111 1566 1201 1589 autem
1223 1562 1311 1590 sidera
1326 1563 1422 1590 defixis
1446 1563 1472 1590 in
1499 1563 1598 1590 coelum
1619 1564 1707 1591 oculis
1732 1573 1798 1592 con-

970 1602 993 1633 C
1010 1608 1186 1642 templantur,
1220 1616 1284 1636 suas
1307 1609 1410 1636 interea
1430 1617 1524 1644 preces
1548 1614 1629 1644 atque
1656 1615 1717 1638 vota
1741 1610 1797 1638 Deo

169 1662 367 1692 nuncupantes.
387 1657 420 1685 lli
446 1658 519 1685 enim
546 1666 599 1685 non
626 1663 738 1685 caeteras
770 1661 874 1685 tantum
907 1656 1078 1687 animantes,
1098 1654 1146 1682 sed
1166 1654 1248 1682 etiam
1279 1657 1441 1691 semctipsos
1465 1656 1546 1691 primi
1569 1657 1689 1684 omnium
1700 1657 1798 1684 oﬂ‘urre

168 1711 328 1740 coeperunt,
357 1706 519 1734 necessitate
544 1705 666 1741 profecto
682 1726 690 1739 ,
716 1713 772 1733 non
803 1704 953 1739 cupiditate
970 1703 1082 1731 ducti.)

438 1764 636 1791 ΚΕΦΑΛΑΙΟΝ
652 1763 689 1791 I".

169 1820 338 1854 Ῑιορφυριου
362 1820 428 1856 περὶ
454 1819 508 1854 τῆς
531 1820 564 1847 τὸ
590 1820 718 1847 παλαιὸν
740 1819 955 1856 διαλαμψιὰγης

331 1855 410 1889 παρὰ
430 1855 581 1889 Ἰουδαίοις
597 1856 788 1890 φιλοσοφίας.

199 1911 255 1938 Καὶ
276 1913 305 1938 ὲν
335 1911 374 1947 τῷ
398 1912 521 1948 τετάρτῳ
555 1912 584 1938 δὲ
610 1912 659 1948 τῆς
684 1912 769 1947 αὐτῆς
799 1912 955 1944 ὑποθέσεως

165 1957 277 1984 τοιαῦτα
291 1958 356 1994 περὶ
371 1957 425 1984 τῶν
440 1958 528 1985 αὐτῶν
545 1959 646 1993 ἱστορεῖ
665 1959 679 1984 ὁ
692 1958 856 1994 Πορφύριος·
874 1968 882 1984 ι
895 1959 956 1985 Εἰσὶ

165 2003 253 2030 τοίνυν
269 2003 325 2039 (52)
342 2004 367 2030 οἱ
384 2004 511 2036 Ἐσσαῖοι,
534 2003 655 2030 Ἰουδαῖοι
671 2003 720 2039 μὲν
738 2002 769 2029 τὺ
785 2003 873 2038 γένος,
894 2004 955 2039 φιλ-

164 2048 273 2085 ἆλληλοι
296 2049 324 2076 δὲ
348 2049 395 2076 καὶ
417 2048 471 2076 τῶν
501 2049 587 2076 ἄλλων
614 2049 703 2076 πλέον.
739 2045 819 2075 Οὗτοι
834 2048 883 2080 τὰς
905 2049 954 2084 μὲν

164 2094 260 2130 ἡδονὰς
274 2095 311 2126 ὡς
321 2094 419 2121 κακίαν
429 2095 645 2130 ἀποστρέφονται
655 2103 662 2109 ·
677 2094 727 2129 τὴν
739 2093 766 2119 δὲ
779 2093 952 2129 ἐγκράτειαν,

164 2141 210 2167 καὶ
225 2141 257 2167 τὸ
273 2141 310 2176 μὴ
326 2141 382 2172 τοῖς
398 2140 511 2167 πάθεσιν
528 2140 703 2172 ὑποπίπτειν,
718 2139 818 2175 ἀρετὴν
831 2140 953 2175 ὑπολαμ-

163 2185 284 2212 ϐάνουσι.
300 2185 355 2212 Καὶ
375 2185 464 2220 γάμου
485 2185 534 2220 μὲν
554 2185 647 2216 αὐτοῖς
664 2184 800 2220 ὑπεροψία
812 2193 818 2199 ·
843 2185 905 2217 τοὺς
928 2185 951 2211 δ’

163 2231 317 2268 ἀλλοτρίους
334 2232 432 2263 παῖδας
447 2231 673 2267 ἐκλαμϐάνοντες,
688 2231 809 2263 ἁπαλοὺς
825 2231 864 2258 ἑτι
884 2231 951 2267 πρὸς
968 2223 991 2250 Ῑ)

162 2278 196 2305 τὰ
217 2278 376 2314 μαθήματα,
399 2279 540 2312 συγγενεῖς
561 2276 700 2313 ἡγοῦνται,
723 2277 770 2304 καὶ
787 2278 842 2308 τοῖς
858 2276 950 2312 ἤθεσιν

163 2325 265 2351 ἑαυτῶν
280 2324 440 2351 ἐντυποῦσι·
457 2324 504 2351 τόν
518 2333 550 2358 γε
561 2324 649 2360 γάμον
663 2324 718 2360 (55)
732 2324 780 2351 καὶ
795 2323 844 2359 τὴν
860 2323 889 2357 ἐξ
902 2323 950 2350 αὺν

196 2411 252 2447 (45)
265 2412 322 2439 Kal
335 2420 380 2438 τοι
401 2411 488 2438 διότι.
511 2410 631 2438 Habetur
643 2410 689 2447 hic
704 2410 780 2437 locus
794 2410 949 2447 apudrPor-

161 2446 240 2483 phyr.
257 2446 426 2483 Graeco-Lat:
445 2453 533 2483 nuper
549 2454 642 2483 circus.
655 2446 722 2483 _hoc_
732 2449 774 2472 est
788 2454 851 2472 ann.
868 2446 949 2483 ltigt),

161 2479 269 2514 ῖὶὴῖυιι,
292 2489 353 2516 pag.
376 2481 442 2514 l67;
465 2479 533 2509 alter
550 2480 677 2508 editionis
702 2479 802 2508 Graecm
821 2487 882 2515 pag.
902 2481 946 2507 27.

161 2516 261 2544 Vocem
286 2516 354 2544 διὸ-ει
384 2516 517 2552 Porphyr.
544 2519 572 2543 et
604 2522 742 2543 manuscr.
772 2519 946 2551 evpungunt,

160 2557 243 2580 recte.

196 2587 251 2623 (46)
267 2588 483 2616 Ζωοθυτοῦσιν.
493 2585 646 2623 Porphyr,
660 2584 811 2623 {woﬂueot'iv
820 2605 826 2617 ,
839 2589 947 2623 utrum-

159 2619 212 2657 que
229 2619 309 2655 male,
326 2624 373 2651 sed
390 2624 441 2650 hoc
458 2622 544 2657 pejus.
556 2619 768 2657 'Nihilo_melius
780 2619 946 2652 ζωοθυτούν-

158 2654 223 2689 των,
241 2654 312 2692 quod
331 2658 412 2686 habet
428 2654 474 2685 ali.
490 2654 638 2684 imanuscr.
652 2654 769 2690 Legeud.
788 2663 852 2691 ergo
866 2660 946 2690 puta—

158 2693 244 2720 verim
261 2692 466 2725 ζωοθυτοῦντες.

189 2728 250 2764 (Π)
262 2730 316 2764 ῨΤις
331 2729 459 2756 κελεύοι.
473 2727 628 2764 iPorphyr"
643 2725 798 2764 κελεύοιεν,
820 2725 879 2764 sine
902 2734 945 2764 τις

158 2761 246 2790 recte;
260 2761 352 2791 Possit.
369 2769 457 2791 tamen
471 2761 583 2790 Eusebii
591 2761 669 2789 lectio
685 2761 807 2793 retineri,
824 2761 846 2788 si
863 2761 945 2788 modo

157 2797 224 2825 διότι
240 2798 314 2834 quod
328 2799 442 2826 habetur
452 2806 533 2834 super
543 2801 663 2834 mutetur
678 2796 706 2824 in
720 2796 772 2834 (1:5,
780 2795 944 2834 velabat-gap.

194 2830 307 2869 (48)οὐ
323 2834 379 2868 γὰρ
389 2830 571 2868 ἑστιώμενοι.
587 2832 678 2867 ignota
696 2837 722 2859 et.
738 2830 805 2860 falsa
823 2830 945 2869 loquitur

158 2867 374 2904 Theophrastus.

315 2916 412 2946 Pun.
430 2915 489 2946 Gn.
515 2913 604 2945 XXI.

1321 1761 1438 1790 CAPUT
1452 1761 1496 1790 lll.

1010 1819 1052 1846 Em
1075 1820 1232 1855 Porpliyrio,
1248 1820 1280 1847 de
1304 1820 1391 1854 prisca
1419 1825 1444 1846 et
1459 1820 1557 1854 insigni
1586 1821 1658 1854 apud
1685 1820 1794 1848 Judaros

1234 1856 1435 1890 philosophandi
1451 1856 1563 1882 ratione.

1057 1910 1116 1938 Jam
1148 1919 1213 1938 vero
1229 1932 1236 1942 .
1267 1918 1328 1945 quae
1350 1915 1512 1944 sequuntur,
1527 1911 1553 1937 in
1573 1916 1672 1946 quarto
1691 1911 1794 1939 laudati

1009 1957 1099 1992 operis
1114 1956 1195 1989 libro,
1211 1957 1244 1984 de
1258 1956 1353 1983 iisdem
1369 1955 1538 1991 Porphyrius
1552 1956 1610 1991 ipse
1622 1964 1791 1984 commemo-

1008 2007 1061 2030 rat.
1075 2002 1186 2035 cEssazi,
1199 2002 1287 2036 inquit
1299 2002 1352 2035 ille,
1365 2005 1444 2036 gente
1456 2002 1565 2036 quidem
1582 2001 1668 2030 1υάεεί
1676 2008 1749 2036 sunt,
1766 2010 1794 2031 at

1009 2050 1106 2073 mutuo
1121 2053 1182 2073 sese
1198 2053 1290 2072 amore
1319 2053 1374 2080 prae
1403 2045 1509 2072 caeteris
1524 2046 1653 2074 omnibus
1674 2048 1794 2082 comple—

1007 2096 1128 2119 ctuntur.
1144 2092 1167 2119 A
1182 2091 1368 2126 voluptatibus
1389 2091 1538 2118 abhorrent
1563 2096 1692 2127 tanquam
1705 2101 1720 2120 a
1733 2101 1793 2121 sce-

1007 2138 1079 2171 lere;
1098 2138 1291 2166 continentiam
1320 2143 1345 2166 et
1376 2138 1554 2172 cupiditatum
1571 2139 1714 2166 victoriam
1736 2140 1793 2166 vir-

1006 2184 1070 2211 tutis
1085 2184 1145 2211 loco
1156 2184 1268 2211 ducunt.
1283 2184 1391 2219 Nuptiis
1404 2185 1540 2212 abstinent
1553 2184 1591 2211 illi
1605 2185 1726 2220 quidem,
1743 2185 1791 2213 sed

1004 2230 1107 2258 alienos
1133 2231 1244 2264 liberos,
1267 2230 1332 2258 dum
1357 2231 1389 2258 ad
1419 2231 1603 2266 capessendas
1631 2231 1790 2266 disciplinas

1001 2277 1098 2304 molles
1112 2276 1203 2304 adhuc
1216 2280 1242 2304 et
1259 2276 1391 2304 ﬂexibiles
1407 2276 1426 2303 ii
1443 2281 1516 2310 sunt,
1529 2277 1685 2305 educandos
1698 2285 1789 2304 suscr-

1000 2323 1088 2357 piunt,
1105 2330 1174 2357 quos
1187 2323 1298 2357 perinde
1312 2328 1340 2350 ut
1353 2323 1521 2358 propinquos
1534 2328 1561 2350 et
1575 2323 1668 2351 aﬂines
1677 2323 1787 2357 habent,

1036 2410 1090 2446 (49)
1108 2410 1163 2437 Τοῦ
1177 2410 1292 2442 δεινοῦ,
1306 2415 1359 2439 etc.
1380 2411 1447 2439 Vide
1465 2419 1530 2438 num
1541 2411 1685 2446 Porphyrii
1703 2411 1788 2438 inter-

999 2453 1073 2479 pres,
1091 2446 1159 2473 satis
1170 2454 1201 2473 ex
1216 2446 1274 2481 ejus
1291 2452 1380 2474 mente
1394 2447 1513 2479 verterit,
1529 2454 1561 2473 ne
1573 2447 1631 2481 quis
1645 2447 1785 2482 gravitatis

1000 2481 1118 2515 mystcrii
1134 2481 1169 2507 sit
1186 2486 1327 2515 spectator.

1035 2516 1091 2552 (50)
1108 2516 1183 2549 Μηδ*
1196 2518 1223 2543 ό.
1238 2516 1383 2552 ΙξοιῬὶιγτη
1401 2517 1437 2552 μὴ
1452 2517 1476 2548 ὁ,
1492 2516 1565 2551 quod
1581 2515 1684 2543 malim.

1035 2551 1089 2587 (51)
1106 2552 1230 2578 Τούτων.
1237 2551 1389 2587 Porphyrq
1394 2551 1506 2587 :cotirou.

1034 2585 1090 2621 (52)
1111 2586 1179 2613 Εὶσὶ
1196 2585 1309 2618 τοίνυν-ζ
1323 2585 1376 2613 etc.
1393 2586 1560 2621 Porphyrius
1582 2586 1627 2613 lib.
1644 2593 1681 2617 tv,
1695 2594 1722 2621 p.
1738 2586 1783 2619 55,

998 2609 1184 2653 είιΐίᾎτῗέεὲέἑ.
1197 2609 1404 2648 maciam:
1412 2609 1785 2649 ggéiiisc‘ne‘iggais'eaaz

998 2661 1130 2683 memorat
1144 2664 1177 2683 ex
1197 2655 1333 2690 Josepho,
1349 2656 1418 2683 Belli
1433 2656 1543 2683 Judaici
1562 2656 1609 2683 lib.
1628 2664 1664 2686 ιι,
1680 2664 1740 2689 cap.
1757 2655 1782 2690 7,

998 2691 1065 2718 alias
1082 2691 1127 2723 12,
1144 2692 1178 2718 de
1192 2692 1295 2726 quibus
1314 2691 1392 2726 longe
1410 2692 1518 2719 brevius
1533 2696 1634 2726 egerat,
1649 2691 1782 2726 Antiq-'t‘:.

996 2726 1140 2788 ggtlxvnt,
1155 2725 1215 2762 cap.
1229 2726 1256 2753 2.
1273 2725 1341 2754 Vide
1362 2725 1444 2762 supra
1465 2734 1526 2762 pag.
1549 2725 1600 2755 379
1626 2732 1653 2754 et
1675 2725 1733 2762 seq.
1749 2734 1783 2754 ex

1039 2769 1119 2788 Ione.

1039 2769 1119 2789 none.

1015 2797 1088 2859 £55)
1102 2796 1161 2859 Sir
1183 2805 1216 2833 γε
1239 2796 1307 2833 γάμ.
1331 2796 1463 2833 Porphyr.
1481 2802 1509 2825 et
1529 2796 1652 2832 Ioseph,
1669 2796 1715 2824 τὸν
1731 2794 1783 2832 μὲν

1035 2852 1053 2859 ..
1071 2840 1100 2859 re
1146 2851 1153 2859 .

996 2837 1053 2866 γει,
1071 2837 1153 2860 recte.

1536 2909 1575 2939 22
