2070 3206
289 169 340 197 685

603 165 739 194 EUSEBII
761 163 1009 192 CESARIENSIS
1029 163 1106 190 OPP.
1127 163 1216 191 PARS
1235 162 1267 190 ll.
1288 176 1323 182 —
1341 160 1590 189 APOLOCETICA.

1861 158 1915 187 68$

289 227 401 261 suisque
419 223 540 252 moribus
551 221 708 249 instituunt.
728 221 818 255 Atque
830 221 882 248 hoc
893 227 947 247 non
960 225 993 246 eo
1005 227 1071 247 con-

1124 218 1170 245 τοῦ
1195 218 1318 254 διαδοχὴν
1343 218 1392 244 οὐκ
1413 217 1600 253 ἀναιροῦντες.
1622 216 1670 248 τὰς
1695 216 1723 242 δὲ
1743 216 1796 243 τῶν
1819 225 1916 251 γυναι-

289 273 352 300 silio
373 271 490 304 faciunt,
503 268 582 305 quasi
609 267 826 299 matrimonium,
855 274 970 301 quaeque
987 266 1074 299 ipsius

289 317 422 347 beneﬁcio
432 318 607 352 propagatur,
626 311 747 340 sobolem
779 319 811 338 ac
828 311 1014 346 posteritatem
1027 318 1075 337 ex-

289 365 460 393 terminatam
472 361 567 393 velint,
583 359 630 387 sed
651 362 682 385 ut
696 365 838 393 procacem
865 357 1010 385 mulierum
1026 364 1074 391 pe-

288 411 430 439 tulantiam
445 407 584 442 effugiant.
605 405 718 433 Divitias
748 408 940 440 aspernantur,
955 404 1076 431 admira-

288 457 334 484 bili
350 455 471 483 omnium
497 453 568 480 inter
593 460 654 480 sese
671 459 762 479 rerum
786 449 867 486 M5
882 449 1075 477 communione

288 500 439 536 conjuncti,
456 506 543 534 usque
571 498 649 530 adeo,
682 501 713 524 ut
736 496 883 528 neminem,
899 495 946 529 qui
957 494 1073 521 alterum

287 547 426 583 opulentia
445 549 564 581 superet,
582 543 706 572 invenire
719 543 819 578 possis.
835 541 889 569 Lex
907 542 981 569 enim
1003 541 1074 576 apud

287 594 348 621 illos
364 597 415 626 est,
430 597 462 619 ut
472 592 518 626 qui
530 591 583 619 hoc
591 591 653 618 vitae
670 590 824 617 institutum
843 587 962 623 profiteri
979 587 1072 619 velint,

287 647 352 667 suas
365 639 384 665 ii
400 637 542 665 faCultates
558 635 591 664 ad
605 642 764 664 communes
776 633 928 662 sodalitatis
941 633 1075 660 universae

287 685 408 712 rationes
421 683 575 715 conferant,
587 686 670 716 atque
693 681 730 708 ita
751 688 800 708 nec
817 680 845 706 in
861 686 1000 714 quoquam
1016 685 1074 712 ege-

286 730 365 758 statis
379 729 530 761 humilitas,
543 735 595 756 nec
606 727 751 754 immodica
767 726 810 753 vis
833 733 915 760 opum
929 733 961 752 ac
988 723 1073 752 fortu-

287 784 385 803 narum
398 779 549 811 appareat:
563 773 610 802 sed
625 774 718 808 potius
730 771 855 800 confusis
876 780 908 800 ac
930 771 1073 807 permixtis

287 823 534 858 singuloruminter
542 829 571 849 se
579 821 672 854 rebus,
684 827 739 847 una
760 819 882 847 omnium
896 818 930 846 sit
944 823 1073 852 tanquam

286 869 402 896 fratrum
424 868 574 902 eademque
601 865 751 902 possessio.
777 864 858 892 Labis
884 863 970 891 instar
983 863 1073 890 oleum

1125 265 1181 291 κῶν
1195 264 1250 300 (54)
1267 263 1410 298 ἀσελγείας
1434 263 1626 298 φυλαττόμενοι
1637 271 1643 276 ·
1662 262 1864 298 καταφρονηταὶ
1886 262 1915 288 δὲ

1126 308 1251 340 πλούτου,
1272 309 1320 335 καὶ
1341 308 1490 343 Θαυμάσιον
1506 307 1571 343 παρ’
1593 304 1684 338 αὐτοῖς
1703 305 1733 333 τὸ
1745 308 1915 338 κοινωνικὶν,

1124 354 1178 381 οὐδ’
1192 353 1266 380 ἔστιν
1278 354 1366 389 εὑρεῖν
1378 354 1472 388 κτήσει
1481 353 1540 380 τινὰ
1554 354 1619 389 παρ’
1631 353 1721 385 αὐτοῖς
1736 353 1913 388 ὑπερέχοντα.

1124 400 1215 435 Νόμος
1234 399 1288 434 γὰρ
1304 400 1367 431 τοὺς
1385 400 1424 430 εἰς
1439 398 1487 434 τὴν
1504 398 1607 434 αἵρεσιν
1629 398 1762 430 εἰσιόντας
1784 398 1915 433 δημεύειν

1124 446 1163 482 τῷ
1179 446 1299 481 τάγματι
1313 447 1362 482 τὴν
1378 446 1484 478 οὐσίαν,
1498 446 1568 472 ὥστε
1585 446 1614 472 ὲν
1631 445 1717 472 ἅπασι
1733 445 1802 480 μήτε
1819 445 1915 476 πενίας

1124 493 1305 528 ταπεινότητα
1318 492 1471 527 φαίνεσθαι,
1486 493 1548 528 μήθ’
1560 492 1696 528 ὑπεροχὴν
1712 491 1827 518 πλούτου
1838 500 1846 508 ο
1858 492 1914 519 τῶν

1124 539 1152 565 δὲ
1167 538 1282 565 ἑκάστου
1301 538 1448 574 κτημάτων
1471 537 1712 573 ἀναμεμιγμένων,
1738 537 1802 572 μίαν
1819 537 1915 574 ὥσπερ

1125 585 1248 619 ἀδελφοῖς
1263 584 1364 611 ἅπασιν
1377 584 1471 611 οὐσίαν
1491 581 1570 611 εἶναι.
1586 583 1690 619 Κηλίδα
1710 584 1738 610 δὲ
1755 583 1916 619 ὑπολαμϐά-

1124 638 1200 656 νουσι
1217 628 1350 661 τοῦλαιον,
1368 629 1419 656 κᾶν
1434 629 1546 665 ἀλειψοῇ
1571 638 1612 661 τις
1632 629 1716 661 ἄκων,
1734 630 1868 665 σμήχεται
1882 630 1916 657 τὸ

1125 675 1213 710 σῶμα.
1233 674 1270 700 Τὸ
1281 674 1336 710 γάρ
1352 674 1466 709 αὐχμεῖν
1489 675 1517 700 ὲν
1533 673 1607 709 καλῷ
1623 674 1752 706 τίθενται,
1770 674 1914 710 λευχειμο-

1124 723 1180 748 νεῖν
1195 730 1225 747 τε
1238 721 1282 747 διὰ
1296 721 1395 753 παντός
1409 721 1476 757 (55).
1492 721 1681 757 Χειροτονητοὶ
1704 721 1734 747 δὲ
1748 721 1802 748 τῶν
1816 722 1916 749 κοινῶν

1124 769 1149 795 οἱ
1165 767 1338 803 ἐπιμεληταὶ,
1354 767 1400 794 καὶ
1417 767 1563 803 ἀδιαίρετοι
1579 767 1648 803 πρὸς
1664 768 1719 804 (56)
1733 768 1860 795 ἁπάντων
1872 770 1915 801 εἰς

1124 814 1172 846 τὰς
1187 814 1280 850 χρείας
1295 814 1415 840 ἕκαστοι.
1439 814 1494 841 Μία
1515 814 1536 840 δ’
1561 815 1610 841 οὐκ
1626 814 1700 841 ἔστιν
1722 814 1811 841 αὐτῶν
1824 815 1912 848 πόλις,

1124 860 1182 886 ἀλλ’
1196 861 1225 886 ὲν
1242 860 1345 896 ἑκάστῃ
1360 859 1513 895 μετοικοῦσι
1530 859 1632 891 πολλοὶ,
1649 860 1762 891 καὶτοῖς
1780 860 1916 896 ἑτέρωθεν

287 914 398 946 habent,
412 921 467 948 quo
481 912 503 939 si
515 916 613 939 unctus
630 911 700 938 forte
712 910 848 945 quispiam
862 908 964 936 invitus
979 907 1071 940 fuerit,

1123 907 1235 941 ἥκουσιν
1253 907 1418 942 αἱρετισταῖς
1433 905 1488 941 (57)
1505 906 1692 932 ἀναπέπταται
1703 906 1737 933 τά
1751 907 1816 941 παρ’
1833 906 1915 942 ἀλλή-

287 967 388 994 corpus
402 958 427 985 ei
441 958 584 993 diligenter
612 956 776 990 abstergitur
792 963 799 982 :
816 954 971 989 squalorem
999 953 1072 980 enim

287 1010 342 1029 non
357 1009 437 1030 secus
453 1009 486 1028 ac
503 1005 664 1036 perpetuum
680 999 804 1027 candidze
821 999 904 1026 vestis
930 1006 1009 1026 usum
1021 998 1073 1025 lio-

288 1048 465 1075 noridncunt.
479 1047 680 1074 Communihus
693 1046 831 1081 suffragiis
846 1045 1000 1073 communis
1014 1053 1074 1080 pro-

287 1099 426 1122 curatores
455 1097 559 1126 creant,
592 1092 722 1127 nulloque
752 1091 875 1119 omnium
903 1091 1072 1124 discrimine,

286 1141 359 1176 quod
375 1141 472 1177 cuique
498 1148 568 1175 opus
582 1144 634 1171 est,
651 1139 791 1175 aequaliter
814 1138 942 1173 suppetit.
956 1136 1016 1165 Non
1045 1138 1073 1165 in

287 1187 417 1223 singulari
430 1187 550 1222 quadam
569 1186 678 1214 civitate
693 1184 824 1217 universi,
841 1184 890 1212 sed
914 1184 941 1211 in
958 1184 1074 1219 singulis

286 1233 396 1269 plurimi
413 1232 582 1260 domicilium
597 1231 742 1264 collocant,
761 1238 794 1257 ac
809 1229 907 1265 procul
929 1229 1074 1257 advenien-

287 1280 360 1307 tibus
376 1278 498 1314 ejusdem
510 1282 591 1306 sectae
608 1277 691 1305 sociis
706 1276 822 1304 invicem
846 1284 878 1304 ac
907 1280 1004 1304 mutuo
1024 1283 1081 1310 paa

286 1329 345 1352 tent
356 1324 459 1356 omnia,
476 1328 558 1359 atque
571 1327 601 1351 ut
612 1323 730 1359 quisque
737 1323 842 1358 primus
854 1329 903 1350 eos
923 1321 1071 1357 aspexerit,

285 1370 340 1398 illis
355 1371 463 1398 obviam
487 1369 616 1398 continuo
628 1369 742 1404 perinde
766 1376 799 1396 ac
821 1368 894 1396 notis
909 1372 937 1396 et
956 1367 1073 1395 familia-

285 1418 363 1445 ribus
379 1418 539 1453 procedunt.
554 1416 644 1451 Quare
666 1417 731 1444 dum
747 1416 798 1444 iter
825 1423 858 1443 ac
876 1415 1071 1451 profectionem

286 1465 406 1500 aliquam
418 1463 581 1499 suscipiunt,
591 1463 659 1490 nihil
677 1471 769 1491 secum
792 1469 974 1498 expensarum
989 1469 1072 1489 causa

285 1509 392 1538 deferre
407 1510 506 1538 solent.
521 1509 578 1536 lmo
593 1516 644 1536 nec
661 1512 765 1536 vestem
790 1508 932 1535 calceosve
954 1511 1071 1539 mutant,

285 1556 372 1582 donec
394 1555 486 1591 priora
500 1554 543 1582 vel
557 1554 672 1582 discissa
689 1553 801 1580 omnino
823 1552 936 1586 fuerint,
955 1553 997 1580 vel
1012 1552 1071 1587 ipsa

285 1606 420 1629 vetustate
445 1601 558 1629 detrita:
577 1604 729 1627 neceinunt
754 1599 825 1626 inter
851 1606 892 1631 se,
917 1599 1072 1626 vendunive

285 1648 453 1682 quidquam,
469 1647 515 1674 sed
534 1647 601 1674 alter
625 1653 688 1673 cum
712 1645 798 1672 altero
824 1645 884 1673 suis
910 1645 944 1672 de
978 1645 1070 1676 rebus,

285 1697 367 1729 prout
377 1701 446 1728 opus
461 1693 553 1726 habet,
575 1692 775 1725 accommodat,
795 1690 971 1725 vicissimque
982 1690 1017 1717 ab
1027 1697 1071 1722 eo,

285 1740 358 1775 quod
375 1740 426 1767 sibi
441 1739 502 1767 usui
513 1740 560 1772 sit,
572 1739 672 1774 accipit
690 1747 697 1766 :
713 1738 760 1773 qui
777 1736 885 1764 tametsi
896 1736 963 1763 nihil
977 1741 1072 1764 mutuo

273 1786 446 1821 ’rependant,
460 1793 508 1813 eos
523 1790 626 1819 tamen,
643 1793 658 1812 a
671 1784 882 1819 quibuscunque
895 1782 989 1816 Velint,
999 1782 1072 1810 acci-

283 1840 349 1867 pere
364 1831 432 1858 nihil
450 1835 532 1858 vetat.
552 1830 612 1858 Jam
628 1839 692 1858 vero
708 1829 846 1865 singulari
875 1837 939 1864 erga
963 1827 1071 1856 Numen

285 1878 386 1913 pietate
404 1884 436 1905 ac
446 1877 576 1913 religione
593 1881 666 1904 sunt.
694 1875 767 1903 Nihil
781 1876 853 1903 enim
880 1875 988 1911 profani
1006 1880 1071 1904 ante

321 1953 376 1988 (54)
392 1953 448 1986 Τὰς
461 1953 494 1980 δὲ
508 1952 568 1980 τῶν
579 1961 657 1988 γουν.⁷
669 1957 720 1980 etc.
738 1952 837 1986 lnterp.
850 1951 982 1987 Porphyr.
999 1951 1071 1984 Quo-

283 1989 372 2022 circa,
397 1989 504 2023 inquit,
533 1993 562 2014 ut
588 1988 921 2023 alienarumrfeminarum
948 1987 1070 2014 libidines

281 2022 574 2055 ςοθνεεαιιιξεπιιὸἱαε
597 2027 694 2058 agunt,
710 2022 785 2049 οὐδὲν
801 2023 869 2058 πρὸς
892 2022 966 2054 ἔπος.
989 2023 1072 2049 Addit

282 2059 392 2093 Ioseph.
408 2059 442 2086 ad
455 2059 580 2093 vituperii
592 2057 743 2089 cumulum,
760 2058 807 2084 καὶ
825 2057 962 2093 μηδεμίαν
977 2059 1071 2093 τηρεῖν

282 2095 459 2130 πεπεισμένοι
472 2094 522 2129 τὴν
538 2093 606 2130 πρὸς
620 2093 668 2120 ἕνα
678 2093 780 2130 πίστιν.

320 2127 599 2165 (55)’ᾼευχειλιονέῖν
618 2136 650 2155 τε
671 2128 719 2155 διὰ
735 2129 857 2161 παντός.
881 2127 967 2156 Velim
985 2128 1070 2155 inter-

282 2164 556 2226 pretemdPorphyrii,
573 2171 638 2191 num
660 2164 781 2192 auctoris
802 2168 920 2190 mentem
941 2171 1071 2199 assequa-

282 2205 337 2226 tur.
351 2208 378 2226 v1
398 2207 453 2226 ere.

282 2205 337 2227 tur.
351 2200 453 2227 videre.

318 2220 608 2270 (ἐδίῗάῖάδιιήρετοι
622 2234 706 2268 πρὸς,
719 2238 771 2261 etc.
782 2233 818 2260 lta
830 2240 938 2265 omnes;
953 2235 999 2261 sed
1010 2242 1070 2262 meo

280 2269 395 2305 judicio,
412 2270 442 2297 τὸ
466 2270 505 2301 εἰς
520 2270 592 2304 quod
613 2271 750 2305 sequitur,
773 2269 980 2305 expungendum
1002 2275 1066 2305 est:

281 2303 376 2340 sicque
397 2303 560 2340 ἀδιαίρετοι,
579 2304 620 2331 vel
636 2303 698 2332 cum
720 2303 882 2340 ἐπιμεληταί
906 2304 1067 2340 praecedenti

281 2313 376 2340 sicque
397 2313 560 2340 αοιαιρετοι,
579 2313 620 2331 νει
636 2313 698 2332 cum
720 2313 882 2364 επιμεληται
906 2313 1067 2338 praecedenti

281 2340 522 2376 conjungendum,
543 2340 621 2376 quasi
643 2340 717 2367 dicat
734 2348 740 2366 :
761 2375 765 2376 γ
793 2339 993 2376 ιωεὶάεεηὶιιοε
1014 2344 1069 2376 Vaut

282 2374 473 2410 procuratores
486 2375 618 2410 singulos,
637 2375 710 2402 nullo
723 2375 884 2410 cujusquam
898 2374 1066 2410 discrimine,

281 2408 404 2439 omnium
426 2408 579 2437 necessitati
604 2408 762 2445 prospicere
781 2418 788 2434 :
806 2409 847 2436 vel
859 2429 866 2439 ,
881 2408 956 2445 quod
973 2409 1066 2441 malui,

282 2447 315 2472 ad
331 2446 440 2472 ἕκαστοι
457 2445 628 2472 referendum
647 2455 654 2472 :
670 2444 716 2472 Vest
733 2448 824 2471 autem
840 2444 969 2475 ἑκάστους
982 2444 1068 2471 ἀδιαι-

283 2480 376 2516 ρέτους
399 2479 466 2507 εἶναι
491 2481 558 2516 πρὸς
584 2480 711 2507 ἁπάντων
726 2479 831 2515 χρείας,
850 2479 974 2514 singulis,
993 2480 1067 2507 nullo

283 2516 444 2550 cujusquam
472 2516 645 2547 discrimine,
675 2518 749 2550 quod
779 2516 877 2548 cuique
908 2522 976 2550 opus
1008 2520 1065 2547 est,

282 2549 421 2584 :cquallter
438 2551 613 2585 suppeditari.
632 2549 762 2582 Consule,
781 2549 804 2577 si
827 2549 930 2584 placet,
955 2549 1067 2584 Josephi

283 2589 310 2610 ει
325 2584 463 2613 Porohvrii
478 2586 648 2613 interpretes.

345 2593 463 2613 OI’DHVHI
478 2593 648 2613 interpretes.

325 2593 463 2620 rorpnyru
478 2593 648 2620 interpretes.

318 2620 373 2655 (ὄῖ)
391 2621 582 2654 Αἱρετισταῖς.
598 2620 709 2656 Joseph.
724 2621 844 2656 αἱρεταῖς
854 2639 861 2651 ,
874 2619 965 2656 minus
983 2625 1066 2656 recte.

282 2653 413 2690 Porphyr.
424 2653 608 2691 αἰρεσιώταις,
622 2653 694 2691 quod
710 2653 819 2690 probari
835 2660 931 2689 potest.
950 2653 1003 2682 Sed
1018 2664 1065 2682 co-

282 2691 348 2725 gitet
362 2692 472 2724 interpr.
491 2690 718 2724 quemadmodum
734 2691 786 2718 ista
801 2690 958 2717 reddiderit.

318 2725 373 2760 (58)
393 2725 606 2753 Ἀνιιπέπταται
624 2726 660 2753 τὰ
679 2726 747 2760 παρ’
763 2725 919 2758 ἀλλήλοις.
934 2725 971 2752 Ita
985 2726 1066 2752 etiam

282 2759 413 2796 Porphyr,
437 2761 471 2786 At
490 2759 612 2795 Josepli.,
631 2759 818 2788 ἀναπέπταται
834 2760 868 2786 τὰ
890 2759 954 2796 παρ’
975 2761 1066 2792 αὐτοῖς

281 2795 381 2831 ὁμοίως
394 2794 488 2831 ὥσπερ
505 2794 566 2831 ἴδια.

319 2830 374 2866 (59)
387 2830 480 2866 Καὶνοῖ
492 2830 609 2864 πρῶτον
620 2831 744 2866 ὶὸόιίτες.
758 2830 866 2866 Joscph.
884 2830 963 2866 longe
976 2831 1064 2863 aliter,

283 2865 329 2890 καὶ
343 2865 408 2899 προς
421 2865 466 2897 οὓς
480 2866 510 2891 οὑ
526 2866 655 2901 πρότερον
667 2864 746 2893 εἶδον.

317 2900 371 2930 (δυ)
388 2901 526 2928 Eia-[amr
541 2900 581 2934 ὼς
596 2900 670 2934 πρὸς
690 2901 841 2936 συνήθεις.
858 2901 988 2936 Porphyr.
1006 2901 1064 2929 [σα-

1125 951 1179 983 λοις
1200 952 1267 987 (58),
1284 950 1331 979 καὶ
1353 953 1376 978 οἱ
1403 951 1509 988 πρῶτον
1533 952 1631 984 ἰδόντες
1653 952 1709 987 (59)
1736 953 1853 979 εἰσίασιν
1875 952 1915 984 ὡς

1124 998 1193 1034 πρὸς
1215 998 1339 1034 συνήθεις
1362 998 1429 1032 (60).
1451 998 1496 1024 Διὸ
1519 997 1594 1024 οὐδὲν
1609 999 1830 1034 ἐπικομιζόμενοι
1855 998 1912 1033 (61)

1124 1044 1308 1080 ἀποδημοῦσιν
1320 1044 1504 1080 ἀναλωμάτων
1516 1045 1605 1071 ἕνεκα.
1617 1044 1684 1071 Οὔτε
1698 1045 1726 1071 δὲ
1739 1045 1841 1080 ἐσθῆτα
1850 1045 1913 1073 οὔτε

1124 1090 1283 1126 ὑποδήματα
1308 1091 1463 1126 ἀμείϐουσι,
1491 1091 1554 1126 πρὶν
1577 1091 1756 1126 διαρραγῆναι
1780 1091 1913 1126 πρότερον

1123 1137 1307 1168 παντάπασιν,
1331 1137 1348 1173 ἢ
1373 1137 1561 1173 δαπανηθῆναι
1582 1137 1621 1173 τῷ
1642 1137 1731 1173 χρόνῳ
1755 1137 1830 1173 (62)·
1857 1138 1913 1164 οὐδ’

1123 1183 1290 1219 ἀγοράζουσι
1311 1183 1367 1219 (65)
1384 1193 1421 1216 τι,
1444 1184 1503 1210 οὐδὲ
1525 1184 1669 1216 πωλοῦσιν,
1687 1184 1754 1211 ἀλλά
1779 1185 1818 1220 τῷ
1843 1185 1914 1220 χρῄ-

1124 1229 1196 1262 ζοντι
1212 1229 1300 1261 διδοὺς
1314 1229 1429 1261 ἕκαστος
1452 1230 1486 1256 τὰ
1509 1231 1574 1266 παρ’
1595 1231 1692 1266 ἐαυτῷ,
1707 1230 1737 1257 τὸ
1756 1232 1821 1266 παρ’
1841 1231 1914 1257 ἐκεί-

1123 1285 1169 1303 νου
1187 1276 1321 1312 χρήσιμον
1342 1275 1560 1310 ἀντικομίζεταιι
1581 1276 1627 1303 καὶ
1651 1277 1735 1312 χωρὶς
1751 1278 1801 1310 τῆς
1827 1286 1913 1312 μετα-

1123 1320 1232 1353 δόσεως,
1248 1320 1396 1352 ἀκωλύτως
1408 1320 1464 1356 (64)
1485 1321 1502 1356 ἡ
1521 1321 1671 1356 μετάληψις
1688 1322 1779 1353 αὐτοῖς
1794 1322 1858 1357 παρ’
1873 1318 1913 1348 ὧν

1123 1366 1155 1393 ἂν
1171 1366 1292 1394 ἐθέλωσι.
1319 1367 1390 1402 Πρός
1408 1375 1439 1401 γε
1463 1367 1516 1402 μὴν
1534 1367 1565 1393 τὺ
1583 1367 1658 1394 Θεῖον
1684 1368 1756 1399 ἰδίως
1778 1367 1910 1399 εὐσεϐεῖς.

1122 1414 1191 1450 Πρὶν
1205 1414 1259 1450 γὰρ
1274 1415 1401 1449 ἀνασχεῖν
1417 1413 1462 1440 τὸν
1475 1413 1559 1449 ἥλιον,
1577 1413 1655 1440 οὐδὲν
1672 1413 1839 1448 φθέγγονται
1855 1413 1912 1440 τῶν

1124 1459 1254 1496 βεϐήλων,
1275 1460 1405 1496 πατρίους
1421 1460 1449 1486 δέ
1472 1468 1548 1492 τινας
1571 1460 1612 1491 εις
1633 1459 1713 1486 αὑτὸν
1737 1459 1818 1495 εὐχὰς
1842 1459 1911 1494 (65).

1122 1505 1216 1542 ὥσπερ
1241 1506 1407 1538 ἱκετεύοντες
1428 1506 1574 1533 ἀνατεῖλαι.
1592 1506 1670 1533 Μετὰ
1685 1505 1771 1533 ταῦτα
1788 1506 1856 1542 πρὸς
1877 1506 1912 1538 ἃς

1122 1553 1233 1580 ἕκαστοι
1249 1553 1346 1588 τέχνας
1369 1553 1468 1585 ἴσασιν,
1484 1553 1537 1579 ὑπὸ
1554 1552 1609 1579 τῶν
1630 1553 1800 1588 ἐπιμελητῶν
1820 1554 1914 1588 ἀφεῖν-

1122 1608 1177 1631 ται,
1192 1599 1240 1626 καὶ
1253 1601 1334 1636 μέχρι
1349 1599 1477 1635 πέμπτης
1488 1599 1560 1635 ὥρας
1572 1599 1755 1634 ἐργασάμενοι
1769 1599 1911 1630 συντόνως,

1123 1645 1219 1673 ἔπειτα
1232 1646 1312 1673 πάλιν
1325 1646 1365 1678 εἰς
1385 1646 1414 1672 ἓν
1436 1645 1606 1681 ἀθροίζονται
1634 1646 1742 1682 χωρίον,
1760 1645 1913 1682 ζωσάμενοί

1122 1700 1152 1718 τε
1166 1691 1365 1727 σκεπάσμασιν,
1379 1691 1465 1723 οὕτως
1476 1691 1652 1718 ἀπολούονται
1664 1692 1695 1718 τὸ
1709 1692 1787 1727 σῶμα
1799 1692 1913 1728 ψυχροῖς

1124 1736 1215 1763 ὕδωρ
1238 1737 1286 1763 κα).
1309 1737 1377 1772 μετὰ
1398 1737 1500 1773 ταύτην
1522 1738 1570 1773 τὴν
1593 1738 1715 1771 ἁγνείαν,
1731 1740 1769 1770 εἰς
1787 1738 1852 1765 ἴδιον
1872 1738 1913 1765 οῖς

1106 1793 1199 1819 ,κημα
1215 1784 1347 1816 συνίασιν,
1364 1785 1392 1810 ἐν
1412 1781 1434 1818 ᾦ
1457 1784 1551 1820 μηδεν).
1567 1785 1621 1811 τῶν
1641 1785 1800 1820 ἑτεροδόξων
1819 1785 1911 1811 ἐπιτέ-

1122 1838 1240 1865 τραπται
1263 1830 1416 1866 παρελθεῖν.
1435 1831 1517 1857 Αὐτοὶ
1537 1830 1564 1857 δὲ
1582 1831 1708 1867 καθαροὶ,
1725 1831 1849 1867 καθάπερ
1870 1832 1912 1862 εἰς·

1123 1876 1199 1910 ἅγιόν
1207 1876 1362 1911 τιτέμενος,
1375 1876 1572 1912 παραγίνονται
1584 1877 1614 1903 τὺ
1626 1876 1825 1912 δειπνητήριον.
1839 1877 1913 1904 Καθ-

1123 1962 1173 1990 σινν
1189 1953 1284 1990 ὥσπερ
1308 1953 1432 1990 συνήθεις
1447 1963 1454 1981 :
1470 1953 1542 1989 quod
1566 1953 1657 1981 minus
1678 1953 1774 1988 placet.
1799 1952 1910 1990 Ioseph,

1121 1989 1237 2015 εἰσίασιν
1265 1989 1303 2020 ὡς
1328 1989 1562 2024 συνηθεστάτουςε
1581 1996 1641 2023 qua:
1665 1996 1726 2016 cum
1748 1989 1911 2022 praecedenti

1121 2025 1181 2059 ejus
1197 2024 1312 2052 lectione
1325 2023 1426 2058 optime
1438 2025 1619 2056 conveniunt,
1636 2031 1668 2051 ac
1681 2024 1714 2051 de
1729 2023 1840 2059 advenis
1854 2031 1910 2050 non

1121 2058 1154 2087 de
1184 2059 1381 2094 excipientibns
1413 2059 1550 2086 dicuntur.
1576 2059 1732 2094 Euscbiana_
1751 2058 1830 2085 lectio
1854 2066 1910 2086 non

1121 2092 1256 2135 displicet,
1272 2094 1294 2122 si
1311 2095 1391 2122 modo
1401 2094 1516 2121 εἰσίασιν
1533 2099 1651 2122 mutetur
1665 2094 1692 2121 in
1709 2092 1820 2126 ἐξίασιν,
1835 2093 1910 2120 claro

1121 2137 1319 2164 perspicuoque
1334 2137 1426 2157 sensu.

1157 2162 1211 2199 (61)
1228 2162 1381 2192 Διὸόὑδὲν
1396 2165 1638 2199 ἐπικομιζόμενοι,
1659 2168 1710 2190 etc.
1723 2162 1834 2198 Ioseph.
1851 2163 1910 2192 hac

1121 2199 1244 2234 pluribus
1257 2209 1263 2226 :
1274 2200 1318 2226 Διὸ
1335 2199 1382 2226 καὶ
1403 2200 1605 2231 ποιοῦνταιτὰς
1622 2199 1798 2234 ἀποδημίας,
1809 2199 1908 2233 inquit,

1121 2233 1196 2261 οὐδὲν
1212 2234 1261 2270 μὲν
1276 2235 1343 2266 ὅλως
1360 2234 1590 2270 ἐπικομιζόμενοι,
1605 2234 1647 2270 ara;
1663 2234 1691 2260 δὲ
1702 2233 1777 2265 τοὺς
1792 2233 1908 2270 λῃστὰς,

1121 2268 1235 2306 ἔνοπλοι·
1253 2270 1378 2306 κηδεμὼν
1394 2270 1422 2296 δὲ
1440 2268 1468 2296 ὲν
1480 2268 1582 2306 ἑκάστῃ
1604 2269 1679 2295 πόλει
1696 2277 1747 2306 του-
1767 2268 1909 2306 τάγματος

1119 2304 1255 2339 ἐξαίρετος
1270 2304 1326 2332 τῶν
1340 2305 1422 2338 ξένων
1435 2304 1633 2336 ἀποδείκνυται,
1651 2304 1788 2339 ταμιεύων
1806 2304 1909 2339 ἐσθῆτα

1119 2341 1165 2366 καὶ
1190 2339 1225 2366 τὰ
1248 2340 1397 2374 ἐπιτήδεια.
1414 2340 1572 2375 Καταστολὴ
1593 2339 1621 2366 δὲ
1638 2339 1684 2366 καὶ
1706 2339 1797 2374 σχῆμα
1812 2339 1908 2373 σώμα-

1118 2383 1173 2415 τος,
1187 2375 1437 2415 ῥμοιονποῖς-μετὰ
1460 2376 1541 2410 φόϐου
1558 2375 1825 2409 παιδαγωγουμένοις
1846 2382 1910 2400 παις

1120 2410 1170 2436 σίν.
1185 2409 1252 2435 Οὔτε
1267 2409 1294 2436 δὲ
1309 2409 1435 2444 ἐσθῆτας,
1452 2416 1503 2437 etc.

1155 2444 1260 2479 (62)*11
1272 2443 1480 2479 δαπανηθῆναι
1499 2443 1538 2476 τῷ
1552 2446 1660 2479 χρόνῳ.
1673 2443 1773 2479 lnterp.
1790 2443 1907 2478 Porph.,

1118 2480 1156 2506 uel
1175 2485 1288 2513 tempore
1302 2487 1435 2514 sumptum
1453 2481 1571 2514 fecerint.

1154 2514 1209 2548 (65)
1220 2514 1287 2540 Οὐδ’
1295 2514 1482 2549 ἀγοράζουσι,
1492 2519 1543 2542 etc.
1551 2515 1684 2549 Iosephus
1697 2515 1752 2541 haec
1760 2515 1796 2540 ila
1805 2514 1907 2541 clarius

1118 2540 1236 2585 obd‘ev’év
1251 2540 1375 2585 ἀλλήλοῖς
1391 2540 1452 2576 οὔτε
1475 2540 1664 2585 ἀγοράζουσιν,
1681 2548 1743 2576 οὔτε
1759 2549 1904 2575 πωλοῦσιν.

1124 2621 1130 2626 _
1154 2584 1210 2627 (fit)
1229 2584 1407 2627 Ὰκωλότως.
1429 2584 1551 2620 Josepli.,
1572 2585 1705 2620 Porphyr.
1722 2589 1749 2612 et
1767 2591 1906 2612 manuscr.

1118 2625 1265 2651 ἀκώλυτος,
1283 2625 1365 2647 recte.

1154 2654 1209 2690 (65)
1222 2656 1274 2688 Elc
1285 2655 1378 2682 αὐτὸν
1392 2654 1493 2690 εὐχάς.
1508 2654 1535 2681 Si
1549 2654 1716 2690 Porphyrius
1727 2654 1772 2681 hic
1785 2661 1833 2688 per
1846 2661 1908 2690 sese

1117 2689 1284 2724 loqueretur,
1301 2691 1369 2717 nihil
1386 2691 1414 2716 in
1429 2695 1522 2717 nOstra
1541 2689 1666 2717 versione
1684 2694 1818 2716 mutarem
1835 2697 1841 2714 :
1859 2689 1907 2715 sed

1117 2723 1247 2759 quoniam
1261 2724 1466 2760 Josephiﬁverba
1482 2730 1554 2757 sunt.
1579 2725 1705 2752 credibile
1726 2731 1780 2760 non
1795 2728 1837 2750 est
1854 2723 1908 2750 hoc

1117 2768 1180 2786 enin
1202 2761 1259 2787 suis
1285 2759 1337 2787 illis
1363 2759 1493 2792 Essenis,
1518 2764 1647 2795 tanquam
1670 2759 1908 2795 egregium_veraa

1116 2796 1225 2830 pictatis
1254 2800 1461 2831 argumentum.
1491 2793 1829 2831 laudi'tribuere,_quod_
1852 2795 1907 2831 soli

1116 2827 1197 2865 paulo
1213 2835 1276 2857 ante
1287 2827 1381 2857 'orlum
1395 2837 1488 2865 preces
1502 2828 1806 2865 nuneuparentZMalim
1816 2827 1908 2865 igitur

1116 2863 1198 2900 εὐχὰς
1210 2866 1248 2896 εἰς
1260 2865 1304 2891 τὸν
1316 2863 1410 2892 ’Ἥλιον
1423 2866 1554 2900 accipere,
1570 2863 1621 2891 non
1636 2872 1696 2899 qua
1705 2863 1771 2894 Soli,
1782 2863 1822 2890 vel
1834 2863 1908 2892 solis

1117 2901 1145 2928 in
1161 2902 1302 2935 honorem,
1318 2901 1365 2929 sed
1377 2908 1437 2936 quae
1454 2900 1524 2929 Solis
1540 2907 1624 2929 causa
1638 2904 1840 2935 nuncupentur.
