2070 3206
184 164 236 194 885

786 159 947 194 causam.
969 166 1094 194 EVANG.
1116 166 1179 194 LIB.
1201 166 1245 195 lx.

1761 171 1813 199 686

183 222 316 251 ισθὲντων
336 222 366 249 δὲ
386 222 446 257 μεθ’
461 223 586 258 ἡσυχίας,
600 224 615 250 ὁ
637 224 685 259 μὲν
703 224 837 255 σιτοποιὸς
851 224 881 249 ὲν
899 223 963 256 τάξε

1026 222 1093 250 solis
1103 226 1194 250 ortum
1213 222 1374 257 loquuntur,
1394 222 1441 250 sed
1455 222 1700 260 patrias‘qnasdam
1711 226 1736 254 ei
1750 235 1812 263 pre-

184 271 366 307 παρατίθησιν
380 271 489 307 ἄρτους,
501 273 516 298 ὀ
525 272 552 299 δὲ
568 272 698 308 μάγειρος
713 271 741 298 ἓν
753 272 863 306 ἀγγεῖον
874 272 902 304 ἐξ
915 272 974 303 ἐνὸς

184 316 330 352 ἐδέσματος
343 317 450 353 ἑκάστῳ
461 327 468 333 ·
490 319 711 354 προκατάρχεται
732 319 759 344 δὲ
774 319 841 352 (65')
853 319 867 344 ὁ
885 319 974 354 ἱερεὺς

183 361 232 397 τῆς
244 361 347 398 τροφῆς
362 362 447 398 ἁγνῆς
457 362 541 398 οὔσης
554 364 600 390 καὶ
612 363 735 399 καθαρᾶς
753 364 810 398 (καὶ
822 363 971 397 γεύσασθαί

183 415 242 434 τινα
265 408 330 443 πρὶν
351 408 400 444 τῆς
419 409 500 445 εὐχῆς
520 409 677 445 ἁθέμιτον)·
693 410 973 445 ἀριστοποιησάμενος

182 453 210 479 δὲ
228 454 372 490 ἐπεύχεται
393 456 502 490 μᾶλλον,
528 457 673 492 ἀρχόμενοί
696 466 726 484 τε
755 457 801 484 καὶ
825 457 972 492 παυόμενοι

183 499 340 535 γεραίρουσι
356 501 402 528 τὸν
425 502 501 529 Θεὸν.
518 503 623 529 Ἔπειθ’
639 503 676 535 ὡς
695 503 771 539 ἱερὰς
792 503 972 538 καταθέμενοι

182 545 230 577 τὰς
246 546 373 582 ἐσθῆτας,
388 548 467 575 πάλιν
481 549 522 575 ἐπ’
537 549 604 584 ἔργα
616 549 762 585 τρέπονται
776 550 855 586 μέχρι
871 550 970 586 δείλης.

182 591 324 618 ΔειπθΟὖσι
348 593 371 619 δ’
391 593 610 630 ὑποστρέψαντες
631 595 741 630 ὁμοίως,
767 596 971 631 συγκαθεζομέ-

182 645 234 663 νων
249 636 304 663 τῶν
320 637 412 671 ξένων,
431 639 456 665 οἳ
469 639 574 674 τύχοιεν
590 641 681 672 αὐτοῖς
696 641 838 676 παρόντες.
857 641 925 668 Οὔτε
938 642 967 668 δὲ

182 684 288 719 κραυγή
304 692 370 710 ποτε
384 685 430 711 τὸν
444 683 516 712 οἷκον
538 685 600 712 οὔτε
618 686 730 722 θόρυϐος
744 687 844 722 μιαίνει
855 696 861 702 ⁸
876 688 924 718 τὰς
940 688 969 714 δὲ

181 728 277 761 λαλιὰς
298 731 327 757 ὲν
351 730 427 763 τάξει
454 732 662 768 παραχωροῦσιν
682 733 820 769 ἀλλήλοις,
846 734 892 760 καὶ
912 736 968 766 τοῖς

182 774 279 807 ἔξωθεν
294 775 332 807 ὡς
349 778 496 813 μυστήριόν
511 787 536 804 τι
552 779 664 814 φρικτὸν
684 780 699 815 ὴ
714 779 768 805 τῶν
784 780 858 807 ἔνδον
879 781 967 816 σιωπὴ

181 822 385 856 καταφαίνεται.
408 823 507 850 Τούτου
530 825 559 851 δὲ
580 826 664 851 αἴτιον
687 826 703 860 ἡ
729 825 854 861 διηνεκὴς
875 825 966 861 νῆψις,

181 868 227 894 καὶ
239 869 270 895 τὸ
285 870 439 905 μετρεῖσθαι
454 871 519 906 παρ’
535 871 624 902 αὐτοῖς
640 870 742 907 τροφὴν
758 872 805 897 καὶ
822 871 903 898 ποτὸν
920 871 967 907 μέ-

180 922 225 950 χρι
241 915 323 950 κόρου
341 915 407 950 (66).
420 917 482 948 Τοῖς
497 917 525 943 δὲ
542 916 652 953 ζηλοῦσι
666 918 713 953 τὴν
727 918 832 953 αἵρεσιν
848 918 898 944 οὐκ
920 919 966 944 εὑ-

181 958 227 991 θὺς
243 961 259 995 ἡ
277 960 403 996 πάροδος,
425 962 482 988 ἀλλ’
506 964 548 990 ἐπ’
566 964 688 990 ἐνιαυτὸν
704 963 763 995 ’ἔξω
786 964 893 999 μένοντι
918 965 966 1000 τὴν

180 1005 265 1041 αὐτὴν
287 1007 458 1034 ὑποτίθενται
480 1008 593 1041 δίαιταν,
612 1009 749 1046 ἀξινάριόν
772 1019 801 1036 τε
823 1011 869 1037 καὶ
892 1011 967 1046 περί-

180 1052 258 1087 ζωμα
281 1053 386 1086 δόντες,
410 1055 457 1080 καὶ
480 1055 578 1091 λευκὴν
602 1056 712 1088 ὲσθῆτα.
740 1056 864 1083 Ἐπειδὰν
886 1057 914 1083 δὲ
937 1058 966 1083 ἐν

179 1098 266 1134 τούτῳ
327 1101 414 1135 χρόνῳ
430 1103 525 1136 πεῖραν
543 1102 705 1137 ἐγκρατείας
716 1102 763 1137 δῷ,
778 1103 901 1138 πρόσεισι
919 1103 966 1137 μὲν

179 1144 270 1179 ἔγγιον
282 1147 315 1182 τῇ
328 1146 428 1183 διαίτῃ,
447 1148 493 1174 καὶ
503 1148 693 1184 καθαρώτερον
708 1149 760 1175 τῶν
772 1149 840 1185 πρὸς
855 1149 966 1183 ἁγνείαν

179 1191 281 1218 ὑδάτων
303 1192 522 1228 μεταλαμϐάνει·
541 1194 782 1229 παραλαμϐάνεται
808 1195 836 1221 δὲ
857 1196 896 1226 είς
917 1195 966 1227 τὰς

179 1237 345 1273 συμϐιώσεις
367 1239 490 1266 οὐδέπω·
515 1240 583 1275 μετὰ
608 1240 662 1276 γὰρ
681 1240 731 1276 τὴν
746 1241 796 1276 τῆς
819 1241 965 1276 καρτερίας

179 1285 307 1319 ἐπίδειξιν
328 1286 403 1313 δυσὶν
426 1287 514 1319 ἄλλοις
537 1288 608 1314 ἔτεσι
634 1288 664 1314 τὸ
687 1286 753 1323 ἦθος
777 1287 964 1323 δοκιμάζεται,

179 1331 225 1357 καὶ
247 1331 340 1364 φανεὶς
356 1332 438 1365 ἄξιος,
456 1332 543 1364 οὕτως
564 1334 603 1365 εἰς
625 1334 670 1360 τὸν
692 1333 784 1368 ὅμιλον
798 1333 963 1369 ἐγκρίνεται.

179 1377 246 1412 Πρὶν
261 1377 289 1404 δὲ
303 1378 352 1413 τῆς
371 1379 464 1414 κοινῆς
484 1379 602 1414 ἅψασθαι
625 1379 738 1416 τροφῆς,
761 1380 858 1416 ὅρκους
875 1381 966 1413 αὐτοῖς

178 1423 273 1457 δμνυσι
288 1423 434 1459 φρικώδεις
445 1434 452 1440 ·
467 1424 574 1460 πρῷτον
598 1426 646 1461 μὲν
662 1426 820 1462 εὐσεϐήσειν
836 1426 865 1453 τὸ
878 1426 964 1460 Θείον,

178 1468 272 1496 ἔπειτα
282 1469 317 1496 τὰ
331 1470 398 1504 πρὸς
411 1470 570 1506 ἀνθρώπους
580 1472 672 1498 δίκαια
685 1472 823 1507 φυλάξειν,
837 1473 884 1499 καὶ
897 1473 965 1508 μήτε

177 1518 247 1545 κατὰ
270 1518 381 1554 γνώμην
403 1519 513 1554 βλάψειν
534 1520 605 1552 τινὰ,
631 1522 692 1556 μήτ’
712 1520 741 1552 ἐξ
766 1521 962 1555 ἐπιτάγματος,

1025 276 1071 296 ces
1087 272 1256 303 nuncupant,
1269 268 1347 304 quasi
1357 274 1386 295 ut
1398 268 1539 298 illucescat
1549 271 1727 300 obsecrando.
1742 272 1810 300 Tum

1025 315 1058 341 ad
1073 322 1144 348 eam,
1156 323 1237 350 quam
1249 315 1366 350 quisque
1381 315 1466 348 novit,
1483 321 1571 343 artem
1587 319 1732 351 praesidum
1751 328 1811 347 sese

1021 361 1100 396 jussu
1119 361 1275 394 conferunt,
1294 362 1321 388 in
1350 369 1403 396 qua
1427 368 1558 398 perpetuo
1572 369 1598 391 et
1612 366 1762 393 continenti
1776 367 1808 393 ad

1024 407 1146 441 quintam
1162 408 1257 434 horam
1283 407 1376 436 labore
1401 409 1512 442 versati,
1539 410 1664 437 eumdem
1682 411 1764 439 simul
1782 413 1810 440 in

1024 452 1113 479 locum
1129 452 1219 479 denuo
1232 454 1410 486 conveniunt,
1426 462 1459 481 ac
1473 454 1551 482 lineis
1564 456 1701 490 praecincti
1713 456 1809 492 frigida

1023 506 1122 533 corpus
1131 499 1254 531 abluunt,
1268 507 1387 534 moxque
1399 501 1433 527 ab
1442 508 1472 527 ea
1484 501 1653 535 lustratione,
1668 504 1808 537 proprium

1024 545 1050 571 in
1066 545 1245 579 domicilium,
1262 554 1317 581 quo
1345 547 1460 574 alterius
1486 552 1567 575 sectae
1589 549 1691 576 nemini
1710 549 1808 584 pedem

1023 590 1122 619 inferre
1135 591 1208 624 licet,
1230 600 1284 619 una
1301 600 1396 620 omnes
1409 593 1559 625 conﬂuunt,
1575 599 1657 629 atque
1684 595 1719 622 ab
1732 597 1807 623 omni

1022 637 1081 663 labe
1097 638 1169 672 puri,
1186 646 1240 665 non
1258 638 1337 665 aliter
1359 639 1385 665 in
1401 639 1543 666 cmnaculo
1556 648 1639 674 quam
1654 641 1681 667 in
1693 640 1807 668 delubro

1022 683 1157 710 sanctiore
1172 689 1327 711 versantur.
1345 683 1394 711 His
1409 692 1474 720 ergo
1487 685 1592 719 placide
1602 693 1634 713 ac
1650 686 1742 721 quiete
1759 695 1805 714 se-

1021 727 1154 759 dentibus,
1170 737 1253 763 panes
1280 737 1295 756 a
1321 730 1433 764 pistore,
1460 738 1600 765 unumque
1631 731 1746 766 singulis
1771 740 1805 760 ex

1020 773 1114 800 eodem
1135 773 1196 801 cibo
1219 773 1352 802 ferculum
1370 783 1385 802 a
1403 783 1491 810 coquo
1519 783 1573 802 non
1595 776 1653 803 sine
1668 778 1767 806 decore
1780 783 1807 806 et

1020 819 1114 847 ordine
1127 821 1282 855 apponitur.
1293 821 1376 849 Cibos
1390 827 1480 849 autem
1495 829 1579 856 puros
1592 822 1655 850 licet
1675 832 1708 851 ac
1723 833 1806 852 mun-

1019 865 1079 897 dos,
1104 866 1188 893 certis
1201 866 1327 901 precibus
1354 868 1482 896 sacerdos
1508 875 1570 897 ante
1586 875 1728 898 consecrat
1743 873 1806 905 (nec

1020 910 1066 937 ulli
1082 911 1137 938 nisi
1167 912 1308 946 praemissa
1334 914 1490 947 precatione
1520 915 1668 950 quidquam
1695 920 1806 950 gustare

1019 956 1060 983 fas
1070 957 1132 992 est),
1148 956 1273 993 idemque
1289 959 1413 987 confecto
1432 960 1548 994 prandio
1572 961 1678 989 cunctis
1702 961 1802 989 iterum

1018 1003 1086 1031 bene
1093 1009 1229 1039 precatur,
1241 1005 1334 1040 sicque
1349 1010 1403 1033 tam
1417 1007 1469 1034 sub
1490 1007 1570 1034 linem
1587 1015 1669 1043 quam
1681 1008 1732 1036 sub
1750 1008 1804 1036 ini-

1018 1050 1096 1083 tium,
1116 1049 1171 1077 Deo
1185 1051 1286 1078 cultum
1312 1051 1395 1087 406
1417 1052 1605 1089 honoremque
1633 1054 1803 1088 persolvunt.

1017 1095 1091 1128 Inde,
1109 1097 1284 1132 sacrisquasi
1310 1098 1431 1125 vestibus
1459 1099 1565 1133 positis,
1595 1107 1706 1127 rursum
1734 1107 1804 1134 opus

1018 1143 1133 1177 quisque
1149 1151 1229 1170 suum
1243 1144 1277 1170 ad
1294 1151 1434 1178 vesperam
1451 1152 1538 1179 usque
1546 1145 1652 1179 repetit,
1664 1153 1719 1181 quo
1736 1150 1804 1173 tem-

1018 1196 1084 1223 porc
1099 1196 1204 1216 ctenam
1220 1189 1329 1221 eodem,
1357 1197 1412 1224 quo
1433 1190 1588 1224 prandium,
1603 1190 1657 1218 ritu
1678 1197 1801 1223 sumunt,

1017 1234 1222 1262 considentibus
1239 1235 1320 1262 simul
1341 1234 1504 1270 hospitibus,
1520 1235 1544 1262 si
1562 1235 1609 1270 qui
1626 1235 1695 1263 forte
1721 1236 1803 1263 adve-

1018 1281 1263 1308 nerint.Ca:terum
1279 1281 1353 1308 nullo
1376 1290 1496 1317 unquam
1518 1282 1590 1310 aedes
1612 1287 1660 1309 aut
1684 1282 1804 1312 clamore

1018 1332 1064 1355 aut
1075 1327 1189 1362 strepitu
1201 1327 1370 1362 polluuntur,
1385 1328 1432 1355 sed
1448 1328 1509 1355 aliis
1523 1328 1570 1355 alii
1583 1328 1704 1356 modeste
1721 1333 1802 1363 atque

1017 1373 1112 1400 ordine
1132 1374 1259 1408 loquendi
1277 1373 1368 1401 locum
1392 1373 1502 1406 cedunt,
1524 1374 1646 1409 adeoque
1662 1374 1801 1407 omnibus,

1017 1422 1064 1454 qui
1080 1419 1147 1446 l‘oris
1164 1420 1228 1447 illuc
1253 1419 1410 1452 adveniunt,
1431 1419 1560 1447 horrendi
1579 1420 1666 1447 instar
1680 1420 1802 1456 mysterii

1017 1473 1122 1496 eorum,
1139 1466 1184 1500 qui
1201 1465 1298 1493 domus
1325 1465 1405 1492 istius
1422 1465 1507 1500 septis
1522 1465 1707 1499 continentur,
1723 1466 1803 1493 silen-

1019 1512 1083 1538 lium
1096 1515 1138 1538 est
1151 1520 1157 1537 :
1170 1510 1248 1545 cujus
1264 1518 1330 1538 sane
1349 1518 1432 1538 causa
1446 1514 1486 1537 est
1500 1514 1628 1544 perpetua
1643 1510 1802 1538 continens-

179 1565 304 1601 μισήσειν
315 1565 337 1591 δ’
354 1565 397 1591 ἀεὶ
410 1565 473 1597 τοὺς
494 1566 611 1597 ἀδίκους,
629 1566 675 1592 καὶ
693 1566 892 1593 συναδικεῖσθαι
907 1568 963 1598 τοῖς

1017 1564 1070 1591 que
1101 1556 1253 1591 frugalitas,
1279 1564 1332 1591 qua
1353 1557 1403 1590 lit,
1432 1561 1462 1583 ut
1486 1556 1577 1584 cibum
1602 1561 1682 1591 atque
1707 1561 1802 1591 potum

176 1610 305 1643 δικαίοις¹
321 1611 352 1637 τὸ
367 1612 462 1638 πιστὸν
483 1613 550 1638 πᾶσι
577 1613 625 1647 μὲν
647 1611 784 1647 παρέξειν,
804 1612 920 1647 μάλιστα
935 1612 963 1638 δὲ

176 1659 231 1688 τοῖς
247 1657 407 1693 κρατοῦσιν*
423 1658 452 1684 οὺ
468 1658 522 1693 γὰρ
535 1658 595 1693 δίχα
611 1657 678 1684 Θεοῦ
694 1658 898 1693 περιγίγνεσθαί
910 1667 962 1684 τινι

175 1702 206 1729 τὸ
227 1703 330 1738 ἄρχειν.
349 1703 408 1730 Κᾶν
425 1704 506 1735 αὐτὸς
522 1704 602 1740 ἄρχῃ,
622 1704 799 1740 μηδεπώποτε
823 1704 962 1740 ἐξυϐρίσαι

176 1749 216 1779 εἰς
231 1747 280 1783 τὴν
296 1747 430 1780 ἐξουσίαν,
448 1749 514 1784 μηδὲ
531 1749 634 1784 ἐσθῆτι,
656 1749 672 1784 ἦ
687 1757 740 1775 τινι
756 1749 847 1775 πλέονι
868 1749 962 1784 κόσμῳ

176 1794 238 1825 τοὺς
254 1794 488 1831 ὑποτεταγμένους
511 1795 796 1831 ὑπερλαμπρύνεσθαι.
827 1797 881 1832 Τὴν
898 1796 972 1832 ἀλήσ,

176 1839 250 1868 θειαν
271 1842 380 1877 ἀγαπᾷν
399 1842 452 1873 ἀεὶ,
471 1842 517 1868 καὶ
536 1842 598 1873 τοὺς
617 1842 799 1877 ψευδομένους
813 1842 962 1869 ἀποϐάλλε-

177 1885 253 1912 σθαι·
272 1887 366 1922 χεῖρας
381 1887 483 1922 κλοπῆς
500 1887 546 1914 καὶ
562 1887 650 1922 ψυχὴν
666 1888 771 1914 ἀνοσίου
789 1888 901 1923 κέρδους
918 1897 963 1915 κα-

175 1930 261 1967 θαρὰν
283 1931 420 1966 φυλάξειν,
447 1933 493 1959 καὶ
514 1933 581 1968 μήτε
600 1933 714 1969 κρύψειν
733 1942 760 1960 τι
780 1935 843 1965 τοὺς
865 1935 964 1970 αἱρετι-

175 1976 252 2008 στὰς,
270 1976 334 2012 μήθ’
358 1977 460 2012 ἑτέροις
484 1977 572 2003 αὐτῶν
591 1986 618 2003 τι
642 1977 781 2013 μηνύσειν,
805 1977 856 2004 κᾶν
880 1977 962 2013 μέχρι

174 2022 290 2049 θανάτου
303 2031 345 2054 τις
358 2022 493 2058 βιάζηται.
507 2023 577 2059 Πρὸς
594 2023 622 2049 δὲ
635 2023 741 2054 τούτοις
756 2023 852 2058 ὄμνυσι
868 2023 962 2058 μηδενὶ

175 2068 225 2102 μὲν
243 2067 404 2103 μεταδοῦναι
420 2068 474 2095 τῶν
493 2069 636 2104 δογμάτων
657 2068 770 2104 ἑτέρως,
791 2068 807 2103 ἢ
824 2068 862 2100 ὡς
882 2068 962 2100 αὐτὸς

175 2112 339 2148 παρέλαϐεν,
359 2114 506 2149 ἀφέξεσθαι
523 2115 555 2141 δὲ
569 2114 706 2150 λῃστείας,
723 2115 770 2140 καὶ
785 2114 962 2149 συντηρήσειν

173 2158 274 2194 ὁμοίως
287 2159 322 2186 τά
333 2168 363 2186 τε
379 2160 428 2196 τῆς
439 2160 570 2196 αἱρέσεως
587 2159 676 2187 αὐτῶν
692 2159 791 2195 βιϐλία,
807 2160 854 2186 καὶ
866 2159 899 2185 τὰ
908 2159 962 2186 τῶν

173 2205 297 2239 ἀγγέλων
311 2205 439 2240 ὀνόματα.
456 2206 576 2232 Τοιοῦτοι
589 2206 637 2241 μὲν
658 2207 682 2232 οἰ
705 2206 790 2241 ὅρκοι.
805 2206 835 2232 Οἱ
850 2205 877 2231 δὲ
891 2205 963 2231 ἁλόν-

1014 1603 1095 1637 justas
1115 1602 1286 1630 necessitatis
1306 1602 1365 1637 lege
1382 1603 1538 1629 metiantur.
1568 1601 1654 1629 Porro
1677 1602 1759 1637 hujus
1773 1602 1803 1629 iu

1016 1654 1095 1676 sectae
1109 1654 1190 1684 atque
1206 1649 1322 1676 instituti
1336 1649 1492 1676 societatem
1507 1648 1600 1675 venire
1614 1648 1733 1682 cupienti
1745 1655 1802 1675 non

1015 1695 1144 1723 continuo
1155 1699 1228 1730 patet
1242 1696 1393 1731 ingressus,
1412 1694 1458 1722 sed
1481 1695 1506 1721 ei
1524 1694 1591 1722 foris
1613 1702 1714 1721 annum
1731 1694 1802 1721 inte—

1016 1750 1094 1777 grum
1109 1742 1229 1769 manenti
1240 1748 1325 1776 genus
1336 1740 1407 1767 idem
1419 1741 1481 1767 vita:
1493 1741 1683 1775 prmscribunt,
1702 1748 1734 1768 ac
1749 1741 1801 1768 do-

1014 1788 1150 1819 labellam,
1162 1787 1311 1821 cingulum,
1327 1791 1486 1822 vestemque
1510 1786 1653 1814 candidam
1679 1786 1799 1814 tradunt.

1014 1834 1066 1867 Qui
1080 1838 1224 1869 postquam
1248 1834 1299 1861 hoc
1323 1833 1452 1868 temporis
1471 1833 1613 1860 intervallo
1628 1833 1801 1860 abstinentiae

1014 1880 1253 1915 temperautizeque
1267 1887 1323 1907 sua:
1337 1879 1500 1906 documenta
1515 1879 1599 1912 dedit,
1614 1880 1726 1914 propius
1738 1880 1800 1914 qui-

1015 1927 1074 1953 dem
1091 1925 1124 1952 ad
1136 1925 1253 1952 instituti
1268 1924 1488 1952 communionem
1501 1924 1616 1957 aeccdit,
1630 1932 1662 1953 ac
1677 1925 1800 1959 puriori—

1014 1972 1066 1998 bus
1076 1971 1155 2006 aquis
1171 1978 1224 1997 una
1239 1978 1301 1997 cum
1313 1969 1418 1997 czcteris
1442 1969 1552 1996 lustrari
1567 1969 1672 2004 incipit,
1683 1970 1800 1997 necdum

1013 2023 1104 2045 tamen
1120 2017 1153 2044 ad
1168 2017 1321 2044 convictum
1344 2016 1506 2043 admittitur.
1521 2014 1589 2042 Nam
1603 2019 1665 2050 post
1679 2015 1800 2042 toleran-

1013 2063 1058 2090 tiae
1091 2062 1288 2097 probationis-il,
1307 2061 1368 2089 aliis
1384 2061 1491 2089 duobus
1517 2060 1596 2087 annis
1627 2067 1717 2088 mores
1738 2059 1799 2094 ejus

1013 2110 1170 2144 explorant;
1187 2108 1286 2143 quibus
1313 2107 1426 2139 exactis,
1442 2107 1466 2134 si
1480 2106 1578 2141 dignus
1607 2106 1753 2138 habeatur,
1770 2106 1799 2132 in

1014 2156 1182 2184 consortium
1207 2154 1317 2181 tandem
1347 2153 1494 2188 accipiunt.
1519 2151 1684 2187 Priusquam
1707 2156 1798 2180 tamen

1014 2208 1187 2229 communem
1201 2201 1291 2228 cibum
1308 2200 1434 2235 attingat,
1461 2199 1589 2227 horrendi
1615 2206 1674 2226 sese
1685 2197 1797 2232 illisju-

174 2258 229 2281 τες,
245 2251 293 2277 καὶ
305 2251 493 2286 ἐκϐληθέντες,
515 2250 592 2285 κακῷ
618 2250 693 2285 μόρῳ
717 2249 881 2285 φθείρονται.
900 2249 962 2280 Τοῖς

1017 2248 1162 2284 risjurandi
1189 2247 1307 2275 formula
1333 2246 1503 2281 obstringit:
1522 2246 1549 2272 in
1565 2245 1660 2280 primis
1688 2244 1798 2280 quidem

174 2297 228 2332 γὰρ
246 2297 338 2334 ὅρκοις
362 2298 408 2324 καὶ
438 2299 494 2329 τοῖς
519 2297 606 2324 ἔθεσιν
628 2297 804 2332 ἐνδεδεμένοι,
833 2296 892 2322 οὐδὲ
913 2295 962 2330 τῆς

175 2344 250 2379 παρὰ
268 2345 325 2376 τοῖς
351 2343 440 2375 ἄλλοις
461 2344 563 2379 τροφῆς
586 2343 710 2370 δύνανται
733 2342 961 2378 μεταλαμϐάνειν,

176 2390 380 2425 ποηφαγῶντες
399 2390 437 2422 δὲ,
454 2391 500 2417 καὶ
516 2389 587 2425 λιμῷ
603 2389 817 2425 διαφθειρόμενοι
831 2388 962 2415 ἀπόλλυν-

174 2446 228 2464 ται.
251 2437 298 2464 Διὸ
318 2436 350 2472 δὴ
372 2436 486 2468 πολλοὺς
510 2436 680 2471 ἐλεήσαντες,
706 2435 734 2461 ὲν
754 2437 812 2466 ταῖς
834 2435 962 2469 ἐσχάταις

175 2484 307 2518 ἀνάγκαις
328 2483 468 2514 ἀνέλαϐον,
494 2482 588 2517 ἱκανὴν
602 2481 737 2517 τιμωρίαν
761 2480 903 2507 δεδωκέναι
918 2489 962 2506 νο-

176 2528 300 2564 μίζοντες
319 2529 367 2555 ἐπὶ
389 2530 446 2560 τοῖς
468 2529 647 2564 ἁμαρτήμασι
671 2527 719 2562 τὴν
744 2527 825 2562 μέχρι
848 2526 962 2553 θανάτου

176 2575 301 2609 βάσανον.
320 2574 376 2610 Τὴν
390 2574 418 2600 δὲ
441 2574 551 2601 σκαλίδα
567 2575 667 2600 διδόασι
691 2574 746 2604 τοῖς
763 2572 902 2607 μέλλουσιν
919 2573 963 2599 αἱ-

177 2622 321 2655 ρετισταῖς,
335 2621 395 2648 ἐπεὶ
414 2620 460 2647 καὶ
471 2620 547 2647 αὐτοὶ
560 2619 646 2651 ἄλλως
660 2619 690 2645 οὑ
707 2618 866 2645 θακεύουσιν
883 2618 899 2654 ἢ
917 2618 961 2653 βό-

174 2666 239 2702 θρον
256 2667 402 2703 ὀρύξαντες
426 2668 465 2698 εἰς
479 2666 559 2702 βάθος
581 2666 711 2696 ποδιαῖον,
729 2664 961 2699 περικαλύψαντες

174 2713 332 2749 θοιματίων,
347 2713 386 2746 ὼς
404 2714 442 2749 μὴ
463 2714 523 2745 ταῖς
535 2713 632 2746 αὐγαῖς
649 2711 801 2746 ἐνυϐρίζειν
819 2710 866 2736 τοῦ
882 2709 959 2737 Θεοῦ.

175 2759 299 2796 Τοσαύτη
311 2760 334 2787 δ’
356 2760 429 2787 ἐστὶν
439 2759 530 2787 αὐτῶν
546 2760 562 2794 ἡ
584 2758 690 2793 λιτότης
704 2757 724 2792 ἢ
750 2756 814 2792 περὶ
827 2756 876 2792 τὴν
890 2756 959 2783 δίαι-

211 2817 614 2854 (65⁶)11ροκατάρχεται.1⁴“οιειε
626 2817 765 2852 legendum
773 2815 958 2850 προγατεύχε-

176 2853 272 2889 ταιεοιν
286 2861 350 2881 mox
362 2854 509 2889 ἐπεύχεται
523 2853 614 2880 πάλιν.

212 2887 265 2918 (66)
280 2888 372 2919 Μέγρι
391 2886 491 2920 κόόου.
508 2889 571 2916 Post
592 2889 647 2915 hate
664 2887 759 2921 verba,
783 2891 844 2913 ante
860 2887 915 2918 τοῖς
930 2886 958 2913 δι

1014 2295 1088 2330 pium
1105 2303 1135 2322 se
1162 2302 1195 2322 ac
1216 2294 1374 2329 religiosum
1388 2295 1520 2320 adversus
1534 2291 1638 2319 Numen
1654 2290 1775 2317 futurum
1789 2297 1798 2322 ;

1014 2341 1112 2369 deinde
1126 2341 1228 2368 illibata
1242 2341 1368 2367 humanae
1379 2339 1516 2366 societatis
1542 2338 1604 2373 jura
1615 2341 1798 2366 servaturum,

1014 2387 1136 2422 adeoque
1150 2394 1199 2413 nec
1212 2391 1317 2420 sponte,
1334 2392 1383 2412 nec
1394 2384 1588 2419 alteriusjussu
1599 2383 1626 2409 in
1636 2381 1799 2416 cujusquam

1016 2432 1144 2466 injuriam
1167 2431 1313 2458 adductum
1343 2430 1394 2461 iri;
1418 2429 1464 2456 sed
1488 2429 1579 2464 potius
1607 2433 1634 2454 et
1649 2427 1800 2462 injuriosos

1015 2486 1110 2506 omnes
1126 2478 1188 2505 odio
1212 2477 1379 2509 habiturum,
1407 2481 1433 2503 et
1459 2475 1547 2502 illatas
1571 2473 1663 2509 probis
1685 2473 1799 2507 injurias

1015 2526 1160 2560 conjuncta
1182 2524 1321 2551 voluntate
1347 2523 1511 2550 subiturum.
1548 2520 1630 2547 Addit
1657 2524 1798 2554 praeterea,

1015 2570 1165 2598 constantis
1184 2574 1211 2596 et
1222 2569 1333 2602 integrm
1345 2575 1406 2594 cum
1416 2573 1478 2601 erga
1498 2571 1609 2592 caeteros
1621 2571 1727 2595 omnes,
1741 2568 1800 2590 tum

1015 2616 1163 2651 praesertim
1171 2622 1233 2649 erga
1251 2613 1378 2648 pnesides
1390 2620 1419 2640 se
1426 2612 1486 2638 lidei
1499 2612 1568 2644 fore,
1578 2610 1650 2645 quod
1664 2609 1802 2637 nulli-sino

1016 2663 1062 2690 Dei
1070 2662 1180 2689 numine
1195 2660 1345 2695 imperandi
1367 2660 1413 2694 jus
1429 2658 1565 2686 obveniat.
1581 2657 1658 2690 Quod
1676 2657 1699 2684 si
1728 2657 1799 2685 forte

1016 2709 1067 2736 sibi
1085 2707 1232 2742 aliquando
1249 2706 1396 2738 deferetur,
1423 2705 1550 2731 daturum
1577 2711 1606 2731 se
1627 2711 1749 2738 operam,
1765 2711 1798 2728 ne

1017 2755 1141 2790 potestati
1158 2761 1214 2781 suae
1230 2753 1318 2779 labem
1336 2752 1436 2783 inurat,
1456 2750 1542 2777 necin
1557 2754 1632 2777 veste
1641 2748 1799 2784 corporisve

1012 2815 1132 2852 ζηλοῦσι,
1144 2821 1240 2852 versus
1261 2814 1362 2848 aliquot
1386 2811 1520 2847 Iosephus
1537 2810 1648 2843 intexit,
1664 2809 1711 2837 sed
1727 2816 1798 2844 quos

1011 2850 1163 2879 exscribere
1175 2850 1242 2877 tanti
1259 2856 1312 2875 non
1329 2852 1381 2875 est.
