2070 3206
268 177 320 204 687

584 176 716 201 uisum
741 171 979 200 CASSARIENSIS
998 171 1072 200 OPP.
1091 171 1182 198 PARS
1201 170 1232 198 11.
1253 186 1288 191 ——
1309 170 1557 198 APOLOGETICA.

1841 172 1896 200 oss

269 239 343 266 cultu
361 245 415 272 pra:
429 236 500 269 aliis,
528 234 629 269 quibus
651 232 803 268 imperabit,
822 232 953 259 eximium
976 231 1052 266 quid-

1108 238 1156 256 ταν
1179 229 1226 256 καὶ
1251 230 1267 264 ἠ
1291 229 1424 264 ὀλιγότης,
1448 229 1485 261 ὡς
1503 230 1531 255 ὲν
1544 230 1578 265 τῇ
1590 229 1715 264 ἑϐδομάδι
1735 230 1772 265 μὴ
1791 229 1896 257 δεῖσθαι

268 292 350 320 quam
368 287 415 310 aut
431 280 600 317 splendidum
618 278 784 306 habiturum.
800 277 842 305 Ad
866 278 934 311 haec,
958 277 1054 304 verita-

269 332 432 359 tisamorcm
447 335 479 354 ac
504 325 636 358 studium,
661 324 858 358 hominumque
881 323 1053 350 mendacium

268 376 371 412 fugam,
384 380 481 401 manus
495 379 510 399 a
537 371 620 403 furto,
647 370 768 397 animum
793 370 828 397 ab
841 369 936 404 iniquo
947 374 1052 404 quaestu

267 429 366 457 purum
381 427 413 447 ae
435 419 586 449 sincerum,
613 417 693 452 plana
719 416 777 444 suis
787 421 934 451 apertaque
949 414 1052 448 omnia,

267 466 338 501 apud
355 465 457 492 alienos
469 471 533 490 vero
549 463 646 496 altum,
659 462 788 497 quodque
804 470 838 489 ne
848 461 975 497 pnesenti
993 461 1054 496 qui—

267 515 328 542 dem
345 513 420 540 necis
437 512 528 539 timori
544 511 632 543 cedat,
644 518 740 537 eorum
757 510 790 537 de
811 509 892 536 rebus
915 508 1052 536 silentium

265 560 418 596 pollicetur.
431 559 471 586 Ad
489 563 641 586 extremum
657 556 724 589 fore,
747 555 786 583 uti
802 563 852 583 nec
863 555 951 588 aliter,
970 562 1051 590 quam

266 606 411 641 acceperit,
429 613 490 632 cum
507 605 569 632 aliis
581 608 662 631 sectae
678 610 735 630 sua:
747 602 875 637 dogmata
899 601 1052 628 communi-

265 655 318 683 cet,
336 655 364 678 et
376 651 410 678 ab
424 650 499 678 omni
521 648 667 676 latrocinio
692 651 798 680 caveat,
814 646 988 682 institutique
1010 645 1052 674 sui

265 697 350 725 libros
363 701 389 724 et
403 695 562 730 angelorum
577 693 689 722 nomina
705 693 764 728 pari
787 691 926 727 diligentia
952 691 1053 719 studio-

265 750 318 778 que
334 745 486 770 conservet.
501 739 663 775 Huiusmodi
674 746 738 773 ergo
761 742 802 765 est
817 737 980 765 sacramenti
995 736 1052 764 for-

264 787 349 815 mula.
364 786 495 822 Quisquis
505 790 595 813 autem
604 784 736 820 gravioris
747 782 870 810 criminis
886 786 1012 817 peractus
1018 781 1053 810 ab

265 834 309 865 iis,
324 840 356 860 ac
371 836 512 867 propterea
537 830 642 865 ejectus
672 828 767 862 fuerit,
787 835 849 855 eum
867 828 939 855 male
965 827 1053 862 perire

263 879 345 915 407
362 886 473 906 necesse
487 882 539 905 est.
555 876 623 904 Nam
643 881 670 903 et
681 875 860 911 jurejurando
873 874 1053 909 moribuSque

265 911 440 957 constrictus,
466 931 500 951 ne
527 923 643 950 aliorum
660 922 770 958 quidem
785 921 856 950 escis
884 921 923 948 uti
949 925 1050 956 potest,
1069 911 1090 938 Β

265 970 312 998 sed
330 969 421 997 herbis
447 969 606 1004 aliquandiu
635 968 798 1001 victitando,
826 967 925 995 misere
942 967 1052 995 tandem

265 1015 338 1044 fame
359 1015 537 1044 contabescit.
566 1015 657 1048 Quare
680 1014 782 1041 multos
798 1012 851 1049 ipsi
876 1013 1053 1041 miseratione

265 1062 404 1094 commoti,
421 1069 577 1096 Supremam
593 1061 626 1088 ad
642 1060 834 1087 necessitatem
849 1060 993 1091 adductos,
1008 1066 1052 1087 re-

265 1112 404 1143 ceperunt,
430 1107 482 1135 rati
500 1107 637 1140 videlicet,
662 1113 758 1142 graves
783 1106 851 1134 satis
875 1111 1050 1141 peccatorum

266 1161 378 1181 suorum
397 1161 494 1189 poenas
515 1153 550 1180 ab
566 1153 599 1180 iis
622 1160 682 1180 esse
700 1152 751 1180 hoc
774 1152 808 1179 ad
833 1156 947 1180 mortem
965 1159 1053 1187 usque

262 1200 387 1227 cruciatu
417 1199 578 1234 pcrsolutas.
609 1197 744 1226 Caeterum
774 1197 890 1232 ligonem
918 1197 977 1224 suis
1012 1197 1052 1223 illi

265 1245 447 1272 sectatoribus
476 1244 527 1272 hac
549 1243 582 1271 de
598 1251 681 1271 causa
704 1242 824 1275 tradunt,
850 1242 922 1276 quod
945 1241 1053 1276 ipsimet

266 1298 320 1317 non
337 1289 390 1320 nisi
417 1289 444 1316 in
463 1288 550 1321 fovea,
565 1295 648 1323 quam
672 1287 748 1314 humi
765 1286 842 1322 pedis
853 1287 996 1314 altitudine
1012 1286 1053 1314 fo-

265 1335 364 1368 derint,
382 1334 525 1362 considere
542 1334 658 1366 soleant,
677 1333 759 1368 idque
773 1336 849 1360 veste
870 1332 1002 1364 obvoluti,
1015 1339 1050 1360 ne

265 1381 313 1409 Dei
330 1380 466 1416 splendori
479 1387 511 1408 ac
523 1379 606 1407 radiis
624 1379 752 1415 injuriam
767 1378 876 1406 faciant.
895 1377 928 1405 Et
938 1377 1050 1413 quidem

264 1430 340 1453 tanta
355 1426 476 1461 ipsorum
498 1425 580 1453 estin
603 1425 675 1452 victu
694 1424 845 1459 frugalitas,
860 1427 942 1458 atque
964 1424 1052 1458 parci-

265 1473 366 1504 monia,
386 1477 415 1499 ut
439 1479 473 1499 ne
493 1471 644 1506 septimana
671 1470 781 1505 quidem
804 1470 909 1504 integra
926 1470 1051 1504 egerendi

265 1520 301 1546 sit
319 1520 373 1546 ulla
402 1519 570 1546 necessitas!
602 1517 689 1550 Quam
707 1517 758 1544 sibi
781 1516 952 1543 abstinentiae
965 1517 1050 1551 legem

1107 276 1258 307 κενώσεως,
1280 276 1313 311 ἣν
1329 277 1421 312 τηρεῖν
1436 276 1561 303 εἰώθασιν
1586 277 1626 308 εις
1643 275 1742 311 ὕμνους
1764 277 1803 311 τῷ
1823 277 1896 312 Θεῷ,

1105 323 1152 350 καὶ
1177 324 1217 354 εἰς
1239 323 1401 350 ἀνάπαυσιν.
1426 323 1474 349 Ἐκ
1501 323 1529 349 δὲ
1552 323 1601 358 τῆς
1623 324 1765 358 ἀσκήσεως
1793 323 1898 359 ταύτης

1105 368 1239 403 τοσαύτην
1261 369 1423 404 πεποίηνται
1445 370 1602 405 καρτερίαν,
1625 369 1664 401 ὡς
1687 369 1897 405 στρεϐλούμενοι

1105 416 1151 441 καὶ
1161 414 1329 450 λογιζόμενοι
1347 421 1360 435 ⁸
1377 416 1423 442 καὶ
1435 416 1572 450 καόμενοι,
1588 416 1633 442 καὶ
1648 415 1692 441 διὰ
1706 416 1812 442 πάντων
1822 416 1898 443 ὁδεύ-

1104 469 1180 492 οντες
1195 460 1250 487 τῶν
1273 460 1489 496 βασανιστηρίων
1506 462 1638 496 ὀργάνων,
1652 461 1684 487 ἵν’
1699 461 1715 497 ἦ
1734 461 1898 498 βλασφημή-

1105 515 1171 533 σωσι
1185 506 1231 534 τὸν
1250 506 1435 542 νομοθέτην,ἢ
1450 507 1556 541 φάγωσι
1568 516 1594 533 τι
1610 506 1663 534 τῶν
1676 507 1828 543 ἀσυνήθων,
1849 508 1897 534 οὐ-

1104 553 1212 589 δέτερον
1235 553 1391 588 ὑπομένειν.
1411 553 1548 587 Διέδειξαν
1570 553 1598 580 δὲ
1613 554 1693 580 τοῦτο
1716 555 1744 580 ὲν
1766 553 1804 589 τῷ
1826 553 1896 590 πρὸς

1111 598 1261 634 Ῥωμαίους
1285 599 1403 635 πολέμῳ.
1427 600 1502 626 Ἐπεὶ
1515 599 1537 626 δ’
1564 599 1578 619 δ
1593 600 1623 626 οὐ
1647 599 1809 626 κολακεῦσαι
1833 600 1896 632 τοὺς,

1104 646 1303 682 αἰκιζομένους,
1324 648 1340 682 ἢ
1364 647 1495 684 δακρῦσαι
1513 648 1676 684 ὑπομένουσι
1695 654 1718 680 ο,
1742 648 1898 684 μειδιῶντες

1104 691 1132 718 δὲ
1152 692 1187 724 ἐν,
1196 694 1256 725 ταῖς
1276 693 1413 728 ἀλγηδόσι,
1434 694 1479 721 καὶ
1496 693 1754 730 κατειρωνευόμενοι
1768 694 1824 721 τῶν
1844 694 1897 726 τὰς

1105 738 1237 773 βασάνους
1254 741 1470 775 προσφερόντων,
1484 740 1596 776 εὔθυμοι
1608 741 1658 772 τὰς
1669 740 1757 776 ψυχὰς
1767 741 1896 776 ἠφίεσαν,

1103 785 1140 816 ὡς
1157 785 1238 812 πάλιν
1254 786 1437 822 κομιούμενοι.
1458 788 1512 814 Καὶ¹
1524 787 1579 824 γὰρ
1593 788 1710 824 ἔρρωται
1721 789 1785 824 παρ’
1801 789 1894 820 αὐτοῖς

1103 830 1150 864 ἣδε
1166 831 1182 866 ἡ
1201 830 1274 863 δόξα,
1291 831 1398 868 φθαρτὰ
1416 832 1465 867 μὲν
1484 829 1551 859 εἶναι
1572 833 1606 860 τὰ
1631 833 1758 868 σώματα,
1775 833 1822 860 καὶ
1843 834 1894 870 τὴν

1104 875 1169 910 ὓλην
1184 876 1214 902 οὺ
1232 877 1345 912 μόνιμον
1362 878 1461 910 αὐτῶν,
1477 879 1526 910 τὰς
1540 878 1569 905 δὲ
1580 878 1668 914 ψυχὰς
1683 879 1835 911 ἀθανάτους
1851 880 1897 907 ἀεὶ

1104 920 1240 956 διαμένειν
1251 931 1258 937 ·
1276 923 1322 949 καὶ
1338 924 1541 959 συμπλέκεσθαι
1559 925 1608 960 μὲν
1621 926 1653 952 ὲκ
1667 925 1714 952 τοῦ
1733 925 1896 953 λεπτοτάτου

1105 967 1240 1001 φοιτώσας
1271 968 1396 1004 αἰθέρος,
1423 970 1496 1006 ῥύμῃ
1526 972 1626 1006 φυσικῇ
1659 972 1896 1007 κατασπωμένας,

1103 1013 1212 1040 ἐπειδὰν
1226 1013 1248 1040 δ’
1265 1014 1380 1041 ἀνεθῶσι
1400 1015 1454 1042 τῶν
1470 1016 1540 1043 κατὰ
1558 1016 1647 1053 σάρκα
1658 1017 1775 1052 δεσμῶν,
1793 1015 1849 1044 οἷον
1863 1017 1897 1053 δὴ

1105 1060 1212 1095 μακρᾶς
1225 1060 1346 1093 δουλείας
1359 1061 1580 1098 ἀπηλλαγμένας,
1592 1064 1653 1090 τότε
1667 1064 1772 1098 χαίρειν
1789 1064 1836 1090 καὶ
1850 1072 1896 1099 με·

1102 1105 1220 1141 τεώρους
1247 1106 1387 1142 φέρεσθαι.
1411 1108 1477 1134 Ἀπὸ
1496 1107 1529 1142 δὴ
1552 1108 1602 1142 τῆς
1629 1108 1756 1144 τοιαύτης
1778 1108 1894 1144 διαίτης,

1106 1152 1151 1177 καὶ
1167 1151 1215 1187 τῆς
1231 1152 1298 1187 πρὸς
1311 1152 1448 1188 ἀλήθειαν,
1462 1153 1507 1179 καὶ
1520 1152 1569 1188 τὴν
1585 1153 1724 1180 εὐσέϐειαν
1741 1154 1895 1189 ἀσκήσεως,

1106 1197 1216 1230 εἰκότως
1233 1199 1262 1224 ἐν
1278 1199 1369 1230 αὐτοῖς
1386 1198 1487 1231 πολλοὶ,
1511 1199 1535 1225 οἳ
1552 1200 1598 1226 καὶ
1622 1199 1656 1226 τὰ
1679 1199 1809 1235 μέλλοντα
1832 1207 1897 1235 προ-

1107 1243 1300 1277 γινώσκουσιν,
1326 1243 1399 1270 ὡσὰν
1425 1244 1525 1279 βίϐλοις
1552 1246 1654 1280 ἱεραῖς,
1684 1246 1730 1272 καὶ
1756 1246 1896 1280 διαφόροις

1107 1289 1239 1322 ἁγνείαις,
1260 1290 1308 1316 καὶ
1324 1290 1475 1326 νπροφηών
1499 1291 1706 1326 ἁποψθέγμασιν
1722 1291 1896 1326 ἐμπαιδοτρι-

1107 1334 1249 1370 ϐούμενοι’
1280 1336 1392 1362 σπάνιον
1416 1336 1445 1363 δὲ
1470 1338 1494 1363 εἰ
1521 1337 1549 1363 ὲν
1574 1339 1633 1369 ταῖς
1663 1337 1895 1374 προαγορεύσεσιν

1105 1380 1258 1415 ἀστοχοῦσι.
1280 1391 1289 1407 ι
1318 1381 1411 1408 Ταῦτα
1428 1382 1477 1417 μὲν
1499 1383 1513 1408 ό
1535 1383 1698 1419 Πορφύριος,
1716 1385 1748 1410 ὲκ
1773 1383 1896 1410 παλαιῶν

1105 1425 1173 1460 (67),
1192 1426 1230 1458 ὡς
1246 1426 1328 1457 εἰκὸς,
1347 1426 1578 1462 ἀναγνωσμάτων,
1595 1429 1628 1463 τῇ
1653 1428 1707 1454 τῶν
1723 1427 1895 1462 δηλουμένων

1104 1471 1208 1507 ἀνδρῶν
1230 1471 1356 1508 εὐσεϐείᾳ
1374 1481 1404 1499 τε
1427 1473 1494 1508 ὁμοῦ
1521 1475 1566 1500 καὶ
1589 1474 1731 1509 φιλοσοφίᾳ
1747 1475 1774 1500 ὲν
1790 1474 1828 1508 τῷ
1850 1483 1895 1501 τε-

1104 1518 1195 1554 τάρτῳ
1211 1519 1406 1555 συγγράμματι
1420 1520 1475 1546 τῶν
1495 1521 1715 1547 σπουδασθέντων
1731 1521 1804 1556 αὐτῴ
1818 1521 1892 1554 Περὶ

265 1566 368 1598 dixere,
397 1564 497 1600 partim
525 1568 556 1591 ut
579 1563 612 1590 ad
644 1563 762 1598 hymnos
783 1562 838 1590 Deo
864 1562 1050 1590 concinendos

1104 1563 1156 1598 τῆς
1165 1564 1225 1591 τῶν
1237 1564 1381 1599 ἐμψύχων
1390 1565 1517 1600 ἀποχῆς,
1535 1567 1732 1603 ἐμαρτύρησεν.

264 1611 383 1646 aptiores
398 1611 462 1644 sint,
488 1609 586 1645 partim
609 1613 639 1636 ut
665 1608 779 1636 faciliori
813 1611 926 1635 utantur
950 1616 1058 1636 somno.
1079 1609 1167 1644 Atque
1199 1610 1250 1638 hoc
1278 1615 1408 1646 perpetuo
1425 1612 1534 1639 vivendi
1559 1621 1666 1648 genere,
1688 1620 1720 1640 eo
1743 1613 1895 1642 tolerantia:

264 1660 456 1692 pervenerunt,
476 1659 506 1682 ut
527 1661 578 1682 nec
612 1653 730 1687 equuleo
752 1652 888 1680 fidibusve
908 1653 971 1680 torti
996 1658 1078 1688 atque
1096 1654 1229 1687 distracti,
1251 1663 1302 1683 nec
1333 1655 1448 1684 flammis
1469 1657 1533 1689 usti,
1565 1665 1614 1684 nec
1637 1659 1742 1686 caneris
1765 1660 1894 1689 omnibus

264 1703 437 1731 cruciatuum
457 1700 593 1728 machinis
622 1699 727 1732 tentati,
745 1703 775 1727 ut
797 1699 839 1726 vel
869 1698 956 1734 legum
981 1706 1092 1726 suarum
1113 1701 1218 1728 auctori
1247 1701 1419 1734 maledicam,
1439 1703 1479 1730 vel
1497 1704 1523 1730 in
1546 1704 1674 1731 usitatum
1697 1705 1788 1732 cibum
1809 1708 1894 1734 attin-

265 1755 339 1786 gant,
379 1749 539 1776 alterutrum
567 1748 601 1774 ab
626 1754 687 1775 sese
720 1753 840 1781 unquam
867 1746 1024 1781 extorqueri
1055 1747 1203 1781 patiantur.
1239 1747 1323 1784 Cujus
1354 1749 1392 1776 rei
1427 1749 1567 1785 singulare
1589 1749 1714 1778 Romano
1739 1752 1808 1780 bello
1830 1761 1893 1788 spe-

265 1800 353 1826 cimen
378 1805 410 1825 ac
434 1796 628 1824 documentum
661 1794 769 1823 dedere.
795 1793 939 1829 Nunquam
972 1794 1046 1822 enim
1066 1795 1133 1830 ipsis
1159 1796 1274 1830 exprimi
1300 1800 1346 1823 aut
1361 1804 1424 1831 erga
1442 1802 1558 1825 tortores
1590 1799 1698 1825 mollior
1719 1807 1751 1826 ac
1766 1799 1892 1828 blandior

266 1845 320 1872 ulla
341 1852 405 1874 vox.
429 1847 476 1871 aut
503 1842 589 1870 oculis
609 1842 757 1877 lacrymula
784 1841 887 1876 potuit;
913 1841 961 1869 sed
982 1841 1009 1869 in
1041 1842 1138 1870 mediis
1160 1848 1357 1870 tormentorum
1374 1843 1513 1872 doloribus
1546 1845 1721 1878 subridcndo,
1751 1847 1892 1875 carnifices

265 1891 340 1926 ipsos
360 1889 481 1918 dicteriis
499 1889 657 1923 salibusque
675 1887 847 1920 mordebant,
871 1887 1048 1923 animumque
1067 1896 1157 1922 suum,
1191 1893 1321 1924 tanquam
1346 1889 1436 1917 denuo
1459 1891 1603 1925 recepturi,
1628 1891 1733 1926 placide
1745 1897 1828 1926 atque
1848 1894 1891 1922 hl-

264 1938 357 1965 lariter
389 1936 564 1964 emittebant.
591 1934 708 1970 Quippe,
735 1934 806 1970 apud
837 1934 912 1968 ipsos
951 1935 1023 1962 cnim
1051 1939 1181 1962 constans
1216 1935 1274 1962 haec
1301 1937 1433 1963 sententia
1469 1936 1597 1968 obtinuit,
1630 1945 1742 1972 corpora
1779 1939 1890 1973 quidem

264 1985 385 2014 interitui
418 1991 479 2012 esse
514 1983 644 2015 obnoxia,
672 1989 722 2009 nec
756 1981 842 2009 solida
870 1989 903 2009 ex
933 1981 1045 2008 materia
1071 1980 1246 2015 perennique.
1265 1982 1433 2015 consistere;
1462 1981 1570 2010 animos
1597 1987 1687 2010 tamen
1720 1983 1892 2012 immortales

263 2035 345 2061 vitam
363 2040 443 2068 agere
459 2031 666 2066 sempiternam,
687 2030 735 2065 qui
752 2029 860 2057 tametsi
885 2028 1047 2056 tenuissimo
1065 2035 1097 2055 ac
1123 2028 1302 2056 subtilissime
1331 2036 1366 2056 cx
1395 2029 1505 2060 aethere,
1526 2033 1630 2056 natura:
1648 2029 1766 2064 quodam
1785 2031 1890 2066 impetu

263 2080 389 2111 detracti,
421 2078 581 2113 corporibus
609 2078 642 2105 ad
671 2082 778 2112 tempus
804 2077 953 2112 illigantur,
978 2083 1074 2103 eorum
1103 2075 1251 2111 aliquando
1280 2081 1370 2104 tamen
1396 2077 1512 2104 vinculis
1537 2077 1667 2112 expediti,
1696 2078 1735 2105 sic
1759 2082 1891 2113 tanquam

263 2126 394 2155 servitute
420 2124 551 2152 diuturna
576 2123 693 2155 liberati,
723 2122 860 2150 exsultent
885 2121 1013 2156 deinceps
1041 2129 1074 2149 ac
1091 2121 1222 2149 sublimes
1240 2121 1372 2150 ferantur.
1403 2120 1461 2150 Hoc
1476 2122 1558 2157 igitur
1569 2130 1602 2150 ex
1628 2123 1762 2156 instituto,
1778 2128 1804 2151 et
1821 2132 1890 2152 con-

263 2174 361 2202 tinenti
373 2173 496 2201 veritatis
523 2171 687 2207 pietatisque
712 2171 814 2202 studio,
843 2170 943 2197 mirum
968 2169 1090 2204 profecto
1110 2177 1164 2197 non
1190 2173 1243 2202 est,
1266 2169 1383 2197 existere
1400 2170 1542 2205 plurimos,
1569 2178 1660 2197 rerum
1680 2171 1760 2198 etiam
1784 2171 1891 2199 futura-

263 2230 326 2250 rum
351 2221 465 2249 scientia
491 2220 629 2255 praeditos,
655 2219 754 2254 quippe
785 2217 832 2254 qui
856 2225 871 2247 a
891 2217 1006 2252 pueritia
1023 2225 1084 2244 cum
1106 2217 1191 2245 sacris
1222 2217 1330 2250 litteris,
1356 2222 1413 2245 tum
1436 2218 1519 2245 variis
1538 2218 1754 2252 lustrationibus,
1777 2220 1892 2254 prophe-

264 2274 408 2304 tarumque
428 2267 507 2295 dictis
520 2266 630 2295 assidue
643 2275 676 2294 ac
695 2266 837 2302 diligenter
863 2265 1044 2292 informentur
1069 2275 1075 2291 :
1097 2271 1126 2292 ut
1155 2272 1217 2292 raro
1244 2265 1391 2292 admodum
1418 2266 1475 2292 suis
1503 2266 1530 2292 in
1557 2266 1778 2301 praedictionibus
1793 2267 1855 2294 illos
1874 2276 1890 2295 a

263 2321 328 2341 vero
340 2313 467 2341 aberrare
479 2312 645 2346 contingat.»
664 2310 727 2340 Haac
748 2309 926 2345 Porphyrius,
938 2317 971 2337 ex
999 2309 1129 2344 antiquis,
1147 2314 1175 2337 ut
1197 2309 1277 2337 facile
1303 2310 1394 2345 quivis
1419 2310 1554 2345 intelligit,
1584 2311 1682 2339 hausta
1702 2312 1890 2344 monimentis,

263 2361 298 2388 de
315 2360 471 2388 Essmorum
498 2359 595 2394 partim
622 2359 764 2394 religione,
791 2361 889 2393 partim
926 2357 1134 2393 philosophandi
1166 2358 1282 2390 ratione,
1301 2358 1328 2385 in
1350 2363 1449 2393 quarto
1470 2358 1513 2386 sui
1525 2357 1564 2386 De
1586 2367 1673 2386 rerum
1703 2360 1889 2387 animatarunt

264 2408 424 2436 abstinentia
443 2408 534 2444 operis
551 2407 620 2434 libro
638 2411 752 2434 testatus
768 2411 821 2434 est.

511 2456 596 2493 ωε
610 2455 725 2483 CAPUT
759 2455 807 2482 iV.

1371 2452 1568 2478 ΚΕΦΑΛΛΙΟΝ
1584 2453 1619 2478 Δ’.

475 2502 517 2530 Ea:
531 2504 665 2534 Hecatwo,
679 2502 711 2529 de
727 2501 838 2528 luditis.

300 2548 440 2576 Hecataus
456 2555 546 2576 autem
564 2548 704 2581 Abderita,
724 2548 836 2582 vir_uon
853 2546 935 2574 modo
959 2545 1050 2581 philo-

300 2623 314 2638 ι
333 2618 374 2644 Iv.
395 2617 482 2651 λυγιζ.
521 2617 534 2637 δ
556 2617 598 2643 ἵσ.
618 2615 722 2651 ἐπειδὴ.
760 2620 773 2634 ε
796 2614 838 2641 la.
861 2613 1050 2649 ὑπομένοντες.

302 2684 356 2721 (67)
375 2684 598 2721 Έκγπαλᾳιῶν,
621 2688 673 2721 etc.
687 2681 752 2721 Ἰξῖοιι
774 2682 943 2721 meminerat
965 2680 1050 2721 Euse-

266 2716 415 2751 bitis,'cum
433 2720 459 2746 id
471 2720 611 2749 scriberet.
628 2720 685 2746 haec
702 2718 881 2753 Porphyrium
895 2725 910 2744 a
929 2716 1047 2750 Josepho

265 2756 375 2782 totidem
390 2762 457 2789 pene
471 2754 560 2782 verbis
573 2755 720 2788 accepisse.

302 2789 357 2824 (68)
378 2787 544 2817 Ἑκαταιου.
570 2789 608 2817 De
631 2787 684 2816 hoc
706 2789 742 2815 ita
757 2788 865 2824 VSliidaS
884 2797 892 2824 ξ
907 2787 1047 2824 Ἑκαταῖος

271 2821 429 2860 Ἄϐδηρίτης
454 2824 612 2860 φιλρσοφος,
634 2824 663 2855 ὃς
688 2823 825 2860 ὲπεκλῄθη
852 2823 899 2849 καὶ
927 2821 1048 2860 κριτικὸς

265 2857 472 2896 χραμμτιᾷδς)
491 2857 539 2896 aia?
554 2857 748 2894 γραμματικὴν
770 2857 839 2896 ἔχων
862 2857 1046 2896 παρα-σηευῄν.

266 2892 331 2927 ρυλε
345 2892 499 2922 ἐειιιιυηιιιι·
524 2892 664 2923 decurtata
684 2892 766 2921 sunt:
783 2893 878 2925 Γέγονε
892 2892 914 2919 δ’
933 2892 978 2918 ἐπὶ
994 2892 1047 2918 τῶν

1247 2497 1401 2524 Ἑκαταίου
1421 2496 1489 2531 (68),
1505 2497 1571 2530 περὶ
1591 2497 1746 2523 Ἰουδαίων.

1141 2544 1280 2574 Ἑκαταῖος
1295 2543 1323 2569 δὲ
1338 2543 1353 2568 ὸ
1371 2542 1540 2577 Ἀὃδηρίτης,
1568 2542 1638 2578 ἀνὴρ
1654 2543 1796 2577 φιλόσοφος
1831 2543 1890 2578 ἅμα

1101 2678 1237 2712 διαδόχων.
1251 2676 1346 2712 Βιϐλία
1370 2674 1452 2712 αυτοῦ
1467 2674 1573 2712 ταῦτα,
1597 2674 1661 2710 περὶ
1682 2674 1891 2712 τῆςὴποιήσεως

1106 2709 1224 2749 Ὀμήρου
1242 2712 1292 2749 διαὶ
1312 2711 1443 2749 Ἠσιόδου.
1467 2709 1588 2749 Primum
1612 2714 1700 2749 tamen
1718 2709 1786 2749 illud
1801 2718 1891 2749 metu:

1100 2744 1184 2776 brum.
1195 2747 1274 2775 facile
1290 2746 1408 2780 suppleri
1424 2749 1512 2779 potest
1525 2745 1576 2780 hoc
1590 2745 1680 2777 modo,
1692 2744 1786 2780 γέγονε
1802 2744 1825 2770 δ’
1842 2744 1890 2771 ἐπὶ

1100 2784 1152 2810 τῶν
1171 2779 1350 2816 Ἀλεξάνδρου
1367 2779 1508 2816 διαδόχων.
1536 2779 1592 2816 lrno
1608 2783 1635 2806 et
1659 2779 1710 2807 sub
1733 2779 1890 2816 Alexandro

1101 2820 1160 2852 ipso
1188 2814 1326 2845 ﬂoruerat.
1353 2815 1526 2852 gJosephus"
1539 2814 1583 2840 lib.
1600 2821 1620 2852 ﬁt
1642 2815 1888 2852 confaépt'attem,

1101 2849 1161 2886 pag.
1175 2852 1252 2884 1048,
1265 2852 1330 2878 edit.
1346 2849 1638 2886 Graeco-L:'E>gateio;
1653 2849 1888 2886 6%»6'A68qpi7qg,

1100 2884 1169 2917 ἆνῆο
1183 2887 1327 2917 φιλόσοφος
1343 2886 1401 2914 ἅμα
1419 2885 1466 2912 καὶ
1487 2885 1550 2910 περὶ
1564 2884 1613 2911 τὰς
1627 2884 1738 2913 πράξεις
1755 2884 1890 2912 ἱκανώτα-
