2070 3206
257 179 304 208 691

590 177 727 206 EUSEBll
747 175 986 205 CIESARIENSIS
1002 173 1078 202 OPP.
1103 172 1195 200 PARS
1213 171 1246 198 Il.
1266 185 1302 190 —-
1314 162 1567 197 APOLOGETICA.

1831 163 1886 191 69?.

258 239 395 273 simulque
411 237 565 272 respondet,
593 238 616 264 si
631 237 742 271 quidem
768 236 805 263 ibi
822 236 965 267 resideret,
977 241 1039 262 om—

1096 231 1185 264 ιιῦθις⁸
1211 231 1353 265 σιωπήσας
1375 229 1422 256 καὶ
1439 227 1555 259 ἑλκύσας
1571 226 1602 252 τὸ
1622 225 1710 259 τόξον,
1728 223 1819 256 ἔϐαλε,
1837 224 1886 273 καὶ

258 286 339 312 nibus
355 283 438 320 509
448 283 529 310 etiam
543 287 572 309 ut
586 289 619 309 eo
633 283 659 309 in
675 282 736 309 loco
752 281 885 309 haererent
893 280 1040 315 expedire;

258 332 300 358 sin
319 331 444 366 protinus
464 330 581 357 volando
599 329 784 361 edntenderet,
801 335 884 362 porro
898 330 1041 361 pergerent

258 374 310 409 ipsi
337 382 446 409 quoque
460 381 467 406 ;
480 374 522 401 sin
536 373 653 407 denique
665 377 748 404 retro,
764 376 839 399 retro
852 371 976 398 similiter
1000 370 1039 399 illi

257 421 387 447 redirem.
424 419 535 446 Judmus
552 419 621 446 nihil
644 423 750 450 contra,
777 418 824 446 sed
853 417 958 444 intento
975 425 1040 444 arcu

255 465 400 499 jaculatur,
419 472 552 499 avemque
569 465 688 500 conligit.
720 463 770 492 Hic
797 464 957 500 indignante
980 472 1043 499 gra-

256 511 325 538 viter
340 517 453 546 augure,
470 510 585 545 aliisque
597 510 750 543 nonnullis,
765 511 873 546 ipsique
895 518 949 538 una
967 510 1041 538 diras

256 556 469 590 imprecantibus
487 566 494 583 :
509 555 589 590 Quid,
610 556 710 591 inquit,
739 556 844 591 miseri,
859 564 947 591 usque
974 557 1042 584 adeo

255 602 366 629 furitis?
380 603 517 638 simulque
532 603 561 630 in
578 610 676 630 manus
689 607 798 638 sumpta
807 603 918 630 volucre
934 612 940 630 :
952 602 1042 630 lstane

256 648 355 682 potuit,
374 647 499 681 obsecro,
517 655 578 682 qua:
594 648 656 675 vitae
670 648 727 683 ipsa
748 655 804 675 suae
824 648 968 682 providere
987 656 1041 675 non

256 692 353 727 potuit,
378 692 438 719 sani
457 692 605 727 quidquam
623 692 656 719 de
673 696 800 726 suscepto
813 699 828 718 a
849 691 928 719 nobis
945 691 1042 718 itinere

1093 278 1138 304 τὸν
1155 276 1248 312 ὄρνιθα
1272 275 1393 308 πατάξας
1410 273 1581 301 ἀπέκτεινεν.
1606 269 1834 305 Ἀγανακτοῦντος
1856 268 1886 295 δὲ

1092 323 1139 350 τοῦ
1169 324 1291 358 μάντεως
1310 322 1357 348 καί
1382 329 1461 347 τινων
1481 319 1578 351 ἄλλων,
1611 318 1659 344 καὶ
1681 316 1886 352 καταρωμένων

1094 369 1178 404 αὐτῷ’
1207 369 1238 394 Τί
1262 367 1399 404 μαίνεσθε,
1426 367 1490 401 ἔφη,
1520 365 1732 400 κακοδαίμονες;
1756 361 1823 390 Εἶτα
1839 362 1886 389 τὸν

1094 417 1189 452 ὄρνιθα
1210 415 1300 442 λαϐὼν
1314 416 1353 446 εἰς
1374 415 1423 446 τὰς
1438 415 1540 449 χεῖρας·
1563 411 1626 443 Πῶς
1643 411 1697 446 γὰρ
1713 407 1800 442 οὗτος,
1821 410 1884 445 ἔφη,

1095 463 1143 498 τὴν
1159 461 1240 488 αὑτοῦ
1254 461 1390 497 σωτηρίαν
1401 461 1431 487 οὺ
1449 458 1590 496 προειδὼς,
1608 458 1673 493 περὶ
1685 458 1734 492 τῆς
1748 456 1886 491 ἡμετέρας

1096 509 1161 544 ἡμῖν
1184 507 1297 543 πορείας
1319 507 1352 533 ἄν
1375 515 1401 532 τι
1421 505 1497 539 ὑγιὲς
1520 504 1696 541 ἀνήγγειλεν;
1711 504 1742 530 Ei
1756 502 1810 539 γὰρ
1825 502 1886 529 ὲδύ-

1095 562 1159 580 νατο
1175 553 1375 589 προγινώσκειν
1390 551 1421 578 τὸ
1445 550 1552 587 μέλλον,
1571 550 1611 580 εἰς
1629 549 1674 575 τὸν
1690 548 1771 575 τόπον
1791 546 1887 574 τοῦτον

1095 601 1145 626 οὐκ
1172 599 1205 626 ἂν
1220 597 1296 635 ἧλθε,
1324 598 1491 634 φοϐούμενος
1517 597 1554 632 μὴ
1573 595 1702 629 τοξεύσας
1718 594 1799 621 αὐτὸν
1820 594 1889 620 ἀπο-

1096 646 1188 681 κτείνῃ
1212 646 1379 681 Μοσόμαμος
1393 646 1408 672 ὁ
1429 645 1565 676 Ἰουδαῖος.
1587 653 1596 668 ι
1617 642 1673 669 Καὶ
1695 641 1780 668 ταῦτα
1798 640 1849 676 μὲν
1872 641 1888 667 ό

1101 691 1250 723 Ἑκαταῖος.

255 738 458 772 praenuntiare?
481 738 625 765 Enimvero
643 738 667 765 si
701 745 839 773 pra-nosse
862 737 984 764 futurum
1005 736 1150 772 potuisset,
1169 745 1307 772 nunquam
1329 737 1423 772 utique
1451 736 1524 763 hunc
1549 735 1577 762 in
1594 736 1683 762 locum
1707 733 1837 766 venisset,
1853 739 1888 759 ne

255 784 416 813 Mosomami
443 785 530 814 Judaei
571 786 678 820 sagittis
705 785 811 813 coniixa
845 789 1006 812 moreretur.
1027 794 1036 811 ι
1058 783 1194 812 llactenus
1210 784 1360 812 Hecaueus.

561 833 676 861 CAPUT
701 832 733 860 V.

343 880 382 907 De
395 880 500 912 iisdem,
514 888 546 907 ex
561 880 646 915 primo
661 878 792 912 Clearchi,
807 880 840 905 de
851 887 951 906 somno.

290 958 325 985 At
348 957 508 990 Clearchus,
529 959 724 994 peripatetieus
747 958 945 994 philosophus,
971 957 1042 985 libro

255 1005 346 1040 primo
371 1003 410 1030 De
432 1012 532 1036 somno,
559 1004 732 1032 Aristotelem
747 1004 780 1031 de
800 1003 902 1031 Iudaeis
923 1003 950 1030 in
968 1011 1042 1037 eum,

255 1050 302 1086 qui
318 1049 451 1084 sequitur,
466 1049 577 1077 modum
593 1050 746 1084 loquentem
762 1049 881 1077 inducit:
903 1049 1042 1084 «Longum

254 1099 339 1129 esset,
357 1095 454 1130 inquit,
470 1103 583 1123 narrare
597 1103 678 1130 quam
699 1095 816 1130 plurima
827 1105 833 1123 :
846 1096 893 1123 sed
910 1096 1043 1131 quidquid

254 1142 308 1169 hoc
333 1142 360 1168 in
392 1141 504 1168 homine
528 1141 718 1170 admirationis
736 1142 838 1177 aliquid
867 1142 976 1175 habere,
1008 1150 1040 1169 ac

254 1187 447 1221 philosophum
464 1194 560 1222 sapere
574 1187 721 1221 videbitur,
735 1188 829 1215 eodem
851 1188 934 1215 modo
949 1196 1042 1223 perse-

254 1233 300 1267 qui
317 1232 498 1261 nihilominus
527 1233 593 1261 utile
609 1233 700 1261 l‘ucrit.
719 1233 780 1261 Tibi
797 1238 899 1266 autem,
917 1233 1041 1269 Hypero-

254 1278 343 1311 chida,
368 1286 412 1306 res
430 1279 510 1313 plane
525 1279 710 1312 admirabiles,
731 1280 959 1315 somniorumque
979 1288 1043 1315 per-

255 1323 358 1350 similes
373 1322 470 1350 referri
490 1323 539 1351 abs
557 1332 611 1357 me,
627 1329 670 1352 sat
684 1324 753 1356 scio,
778 1325 951 1352 videbuntur.
987 1325 1038 1352 Cui

254 1369 455 1405 Hyperocbides
467 1372 618 1399 verecunde
635 1381 642 1399 :
661 1371 765 1407 Quippe
779 1372 836 1400 haec
848 1372 932 1404 enim,
944 1372 1042 1407 inquit,

254 1416 314 1450 ipsa
328 1423 409 1444 causa
420 1416 504 1445 hobis
520 1417 648 1445 omnibus
666 1418 795 1445 audiendi
812 1419 961 1453 appetitum
979 1419 1041 1446 eiet.

253 1461 336 1497 Ergo,
348 1462 459 1497 subjieit
470 1463 632 1493 Aristoteles
645 1473 652 1491 :
666 1464 759 1492 Genus
774 1465 903 1498 hominis,
913 1465 1043 1500 utprteci-

253 1508 333 1544 piunt
357 1509 490 1542 rhetores,
515 1510 541 1537 in
570 1510 668 1545 primis
686 1511 851 1546 aperiamus,
880 1520 913 1540 ne
939 1513 1042 1539 scilicet

256 1562 311 1581 non
330 1556 415 1583 auditi
432 1563 448 1582 a
473 1556 552 1583 nobis
569 1564 629 1584 esse
653 1559 841 1585 narrationum
857 1559 981 1593 magistri
999 1559 1041 1585 vi-
1056 1573 1078 1602 ο

254 1601 380 1629 deantur.
398 1602 439 1629 Tu
457 1610 533 1635 vero,
559 1603 597 1630 uti
625 1603 746 1637 libuerit,
764 1605 853 1640 inquit
876 1605 1042 1641 Hypcrochi-

254 1650 312 1676 des.
328 1648 384 1685 ,llle
402 1657 467 1684 ergo
480 1653 559 1685 gente
571 1649 682 1678 Iudaeus
695 1655 764 1682 erat,
781 1659 814 1679 ex
831 1651 992 1687 leesyria.
1008 1652 1042 1682 Hi

255 1702 338 1729 porro
356 1703 372 1722 a
390 1695 501 1723 Calanis
529 1695 611 1723 Indiae
635 1697 743 1732 populis
771 1697 904 1732 originem
929 1698 1041 1732 ducunt,

255 1741 303 1775 qui
318 1740 390 1776 apud
408 1740 493 1777 Syros
505 1741 662 1770 Judaeorum
678 1751 778 1770 nomen
793 1751 808 1770 a
821 1743 883 1771 loco
899 1752 1040 1780 accepere.

254 1785 321 1820 Quae
341 1787 413 1814 enim
441 1788 476 1815 ab
496 1788 530 1815 iis
557 1789 631 1824 regio
656 1789 794 1822 incolitur,
822 1789 944 1818 Iudaeam
961 1792 1044 1826 vulgo

255 1833 409 1861 nominant.
440 1832 521 1861 Urbis
534 1838 624 1862 autem
638 1835 759 1869 ipsorum
776 1843 875 1863 nomen
888 1840 1041 1864 tortuosum

255 1880 402 1908 admodum
417 1885 444 1908 et
460 1881 620 1916 impeditum
633 1886 685 1914 est,
697 1880 865 1910 Hierusalem
874 1883 947 1910 enim
963 1891 1044 1911 voca-

257 1931 310 1954 tur.
336 1925 372 1960 ls,
389 1935 453 1954 curn
471 1935 487 1954 a
512 1927 651 1962 plerisque
676 1927 796 1963 hospitio
818 1929 1000 1963 exciperetur,
1017 1934 1045 1956 et

255 1980 271 1999 a
288 1973 475 2007 superioribus
487 1973 612 2008 partibus
629 1973 662 2001 ad
688 1974 825 2001 maritima
850 1974 911 2002 loca
928 1975 1038 2002 descen-

257 2019 345 2052 deret,
378 2027 436 2046 non
468 2026 595 2046 sermone
627 2023 744 2052 tantum,
770 2019 818 2048 sed
842 2019 923 2046 etiam
951 2019 1044 2047 animo

255 2064 366 2092 ﬁrmus
391 2069 459 2091 erat.
499 2063 581 2099 410
619 2063 703 2092 Nobis
741 2071 806 2099 ergo
837 2068 892 2091 tum
928 2064 955 2091 in
979 2064 1043 2091 Asia

255 2111 326 2138 forte
348 2109 510 2145 degentibus
539 2110 648 2141 accidit,
676 2114 707 2136 ut
733 2110 828 2136 eadem
855 2110 986 2144 appulsus
1010 2110 1043 2136 ad

255 2157 326 2188 loca,
352 2156 495 2184 nobiscum
521 2155 690 2191 aliquandiu,
723 2155 860 2190 simulque
894 2163 956 2182 cum
983 2155 1044 2183 aliis

291 2215 347 2249 (78)
362 2214 514 2248 Κλέαρχος
530 2213 573 2241 δέ.
590 2213 739 2241 Clearchus
766 2214 819 2245 hic,
835 2222 889 2240 non
905 2213 1043 2247 Ponticus,

255 2252 302 2285 qui
327 2251 396 2277 dicis
412 2255 515 2276 tantum
532 2257 614 2285 causa
639 2248 778 2285 Platonem
802 2248 930 2285 audierit,
944 2257 998 2283 quo
1012 2249 1046 2277 de

256 2284 341 2313 multa
359 2285 457 2312 Suidas
476 2294 482 2311 :
501 2284 548 2311 sed
571 2284 632 2316 ille,
650 2292 730 2318 quem
756 2284 792 2310 ita
810 2284 892 2310 verbo
915 2292 970 2311 uno
985 2293 1046 2319 per—

257 2321 375 2354 stringit,
390 2319 530 2381 Κλὲαὲχος
547 2319 644 2351 Σολεὺς
660 2319 761 2354 ἔγραψε
777 2319 891 2354 διάφορα
901 2339 908 2350 .,
925 2319 1046 2347 Solensis

257 2362 326 2381 erat.
350 2356 376 2381 id
398 2360 450 2381 est.
485 2355 537 2381 olis
559 2355 587 2381 in
604 2354 699 2381 Cilicia
720 2355 871 2381 uri-indos.
892 2354 1046 2381 Aristotelis

256 2362 326 2386 erat.
350 2356 376 2382 id
398 2360 450 2386 est,
464 2354 537 2381 Solis
559 2355 587 2381 in
604 2354 699 2382 Cilicia
720 2355 871 2382 oriundus.
892 2354 1046 2382 Aristotelis

257 2391 415 2425 discipulus.
431 2390 525 2417 Pollux
541 2389 587 2417 lib.
603 2398 633 2420 Il.
647 2398 707 2424 cap.
720 2390 736 2416 4
751 2389 890 2425 ε’ῼστᾶνέξ
903 2389 948 2416 καὶ
961 2390 1047 2416 εἴκοσι

257 2422 424 2461 εἶναι’φησιν
437 2426 451 2452 ὁ
474 2425 571 2461 Σολεὺς
592 2422 740 2460 Κλέαρχος.
762 2422 804 2461 εἷς
824 2424 877 2461 τῶν
898 2425 1048 2460 Ἀριστοτέ-

257 2461 319 2492 λους
337 2459 474 2496 μαθητῶν.
491 2459 556 2494 Ejus
571 2467 642 2494 saepe
658 2459 781 2496 morninin
796 2459 952 2496 Athenmus,
968 2461 1048 2494 eique

259 2497 333 2523 varia
347 2495 441 2522 tribuit
458 2503 552 2530 opera,
564 2495 811 2531 υιΠερὶγεοαερῶν,
826 2495 895 2521 libro
908 2502 955 2531 vn,
969 2496 1047 2531 item-

260 2539 313 2565 que
335 2530 405 2564 Περὶ
418 2531 597 2565 παροιμιῶν,
612 2533 659 2560 ubi
674 2530 702 2559 et
723 2530 936 2564 περιπατητικὸν
963 2530 1048 2558 fuisse

260 2567 299 2593 ait
316 2574 323 2592 :
339 2571 366 2592 et
379 2566 426 2592 lib.
444 2573 482 2598 rx,
495 2567 566 2601 Περὶ
577 2566 740 2595 σκελετῶν.
753 2566 813 2601 Quo
823 2572 857 2592 ex
874 2573 956 2599 opere
980 2565 1046 2592 illud

261 2601 358 2632 fuerit,
377 2601 449 2634 quod
471 2608 487 2627 a
509 2600 620 2628 Pelluce
643 2600 778 2627 laudatur.
797 2600 835 2626 De
859 2607 956 2628 somno
968 2608 1047 2627 eum-

260 2637 320 2663 dem
338 2635 489 2669 scripsisse,
503 2641 599 2669 praeter
611 2635 757 2662 Eusebium
773 2639 897 2662 nostrum
911 2634 1046 2670 Josepbus

261 2676 358 2697 auctor
370 2674 424 2705 est.
443 2670 489 2696 lib.
509 2678 516 2696 l
533 2675 601 2697 cont.
626 2671 761 2705 Apicnem,
786 2677 848 2704 pag.
874 2670 960 2703 1047,
979 2671 1045 2698 edit.

261 2704 399 2733 GraecmL.
414 2705 561 2740 Κλέαρχος,
576 2705 901 2740 ἱιιίιυὶι,ὀἈριστοτέλους
913 2705 950 2732 ὢν
960 2705 1047 2740 μαθη-

261 2740 319 2776 τὴς,
337 2741 385 2766 καὶ
399 2739 452 2776 τῷν
475 2739 506 2776 ἐκ
527 2740 577 2776 τοῦγ
595 2739 748 2776 Περιπάτου
773 2740 923 2776 φιλοσόφων
941 2739 1046 2772 οὐδενος

261 2774 393 2808 ὄεῦτερος,
414 2775 442 2800 ὲν
464 2774 502 2809 τῷ
525 2775 625 2810 πρώτῳ
637 2774 708 2809 Περὶ
723 2776 821 2802 ὕπνου
838 2775 941 2810 βιϐλίῳ,
965 2777 1046 2810 φησὶν

269 2809 453 2845 Ἀριστοτέλην
474 2810 518 2836 τὸν
534 2809 690 2837 διδάσκαλον
706 2810 799 2842 αὐτοῦ,
825 2809 887 2845 περί
906 2809 978 2842 sivo:
997 2809 1046 2837 ⁷ἁν-

262 2844 323 2880 δρὸς
343 2845 465 2881 Ἰουδαίου
481 2845 567 2871 ταῦτα
581 2846 707 2881 ξοτορεῖν,
726 2846 805 2872 αὐτὸν
819 2844 865 2871 τὸν
877 2846 953 2879 λόγον
974 2846 1044 2881 Ἀρι-

264 2880 382 2907 στοτέλει
399 2881 566 2916 παρατιθείς,
580 2880 648 2907 Tum
665 2880 816 2916 Aristotelis
833 2882 913 2907 verba
932 2880 1046 2915 subjun-

263 2923 311 2950 ειι,
328 2917 371 2943 illa
398 2915 454 2951 ipsa
465 2937 472 2949 ,
486 2923 547 2951 quae
562 2916 702 2960 describit'
716 2915 858 2944 Eusebius.
883 2915 1004 2944 Meminit
1019 2920 1045 2944 et

1357 832 1553 860 ΚΕΦΑΛΑΙΟΝ
1578 832 1616 860 Ε’.

1097 879 1253 914 Κλεάρχου
1267 879 1333 914 περὶ
1348 878 1408 906 τῶν
1423 878 1532 921 aptam,
1549 878 1607 905 ἀπὸ
1628 877 1681 904 τοῦ
1696 877 1724 904 α’
1742 876 1802 904 τῶν
1816 877 1888 912 Περὶ

1437 922 1478 940 υπ
1481 923 1550 940 νων.

1130 961 1270 997 Κλέαρχος
1293 961 1321 987 δὲ
1346 960 1400 996 (78)
1425 961 1439 986 ὁ
1456 959 1676 996 Περιπατητικὸς
1693 959 1838 993 φιλόςοφος
1859 959 1889 984 ὲν

1093 1006 1133 1042 τῷ
1147 1007 1246 1042 πρώτῳ
1257 1007 1327 1040 Περὶ
1343 1006 1441 1033 ὕπνου
1459 1006 1554 1042 βιϐλίῳ
1574 1004 1754 1042 Ἀριστοτέλει
1766 1005 1804 1040 τῷ
1816 1005 1890 1039 φιλο-

1096 1052 1169 1087 σόφῳ
1193 1051 1293 1078 τοιόνδε
1318 1051 1380 1078 τινὰ
1398 1053 1463 1088 περὶ
1485 1051 1618 1078 Ἰουδαίων
1641 1050 1782 1085 ἀνατίθησι
1798 1049 1887 1084 λόγον,

1094 1095 1145 1125 ὦδε
1154 1098 1222 1134 πρὸς
1234 1098 1310 1134 ῥῆμα
1321 1098 1435 1134 γράφων
1445 1090 1471 1122 ·”‹
1483 1097 1563 1123 Ἀλλὰ
1574 1096 1607 1123 τὰ
1625 1097 1673 1132 μὲν
1686 1095 1769 1122 πολλὰ
1784 1096 1888 1131 μακρὸν

1096 1144 1128 1171 ἂν
1146 1144 1188 1179 εἴη
1204 1144 1292 1178 λέγειν
1305 1153 1311 1159 ·
1324 1144 1374 1170 ὅσα
1385 1143 1413 1170 δὲ
1430 1143 1486 1178 ἔχει
1501 1143 1553 1170 τῶν
1562 1143 1665 1169 ἐκείνου
1683 1141 1889 1177 θαυμασιότητά

1094 1199 1155 1216 τινα
1169 1190 1216 1216 καὶ
1233 1190 1401 1225 φιλοσοφίαν,
1424 1189 1525 1224 ὁμοίως
1537 1187 1650 1214 autem
1666 1188 1697 1214 οὐ
1717 1188 1815 1224 χεῖρον.
1834 1188 1888 1213 Σα-

1095 1236 1154 1271 φῶς
1169 1237 1190 1263 δ’
1209 1236 1261 1263 ἴσθι
1277 1236 1343 1272 ('79),
1367 1233 1453 1267 εἶπεν,
1475 1234 1647 1270 ’Υπεροχίδη,
1666 1233 1821 1268 Θαυμαστὸν
1841 1233 1888 1259 καὶ

1095 1283 1210 1318 ὀνείροις
1223 1284 1269 1309 ἴσα
1282 1291 1323 1309 σοι
1336 1281 1404 1314 δόξω
1413 1281 1514 1315 λέγειν,
1526 1281 1580 1307 Καὶ
1595 1281 1609 1306 ὁ
1625 1280 1804 1316 Ὑπεροχίδης
1814 1279 1889 1306 εὐλα-

1094 1329 1226 1365 ϐούμενος
1244 1337 1250 1343 ·
1264 1329 1302 1355 Δι’
1326 1328 1393 1354 αὐτὸ
1415 1327 1479 1363 γὰρ,
1498 1327 1559 1362 ἔφη,
1583 1326 1663 1353 τοῦτο
1688 1327 1734 1353 καὶ
1754 1326 1889 1362 ζητοῦμεν

1094 1376 1209 1403 ἀκοῦσαι
1225 1376 1333 1407 πάντες.
1351 1374 1466 1407 Οὐκοῦν,
1480 1372 1556 1400 εἶπεν
1571 1375 1585 1401 ὁ
1605 1373 1802 1410 Ἀριστοτέλης,
1816 1373 1887 1399 κατὰ

1093 1422 1124 1449 τὸ
1139 1422 1192 1448 τῶν
1210 1421 1362 1458 ῥητορικῶν
1380 1421 1574 1457 παράγγελμα,
1591 1421 1668 1455 γένος
1685 1419 1765 1446 αὐτοῦ
1780 1419 1888 1455 πρῶτον

1094 1468 1251 1503 διέλθωμεν·
1282 1468 1325 1494 ἴνα
1352 1468 1388 1503 μὴ
1419 1467 1577 1502 ἁπειθῶμεν
1599 1468 1655 1498 τοῖς
1682 1466 1736 1492 τῶν
1765 1466 1888 1500 ἀπαγγε-

1093 1515 1158 1542 λιῶν
1175 1515 1229 1551 (80)
1253 1515 1432 1546 διδασκάλοις.
1455 1515 1536 1548 Λέγε,
1562 1512 1638 1540 εἶπεν
1659 1515 1674 1540 ὁ
1699 1513 1888 1548 ’Υπεροχίὀης,

1094 1561 1180 1592 οὕτως
1192 1562 1217 1588 εἰ
1230 1561 1303 1588 δοκεῖ
1315 1560 1383 1596 (8i).
1409 1561 1527 1596 Ἐκεῖνος
1542 1559 1632 1586 τοίνυν
1648 1559 1678 1585 τὸ
1696 1560 1744 1594 μὲν
1757 1559 1833 1592 γένος
1854 1557 1888 1594 ἦν

1103 1607 1226 1639 Ἰουδαῖος
1240 1607 1272 1634 ὲκ
1288 1607 1338 1642 τῆς
1354 1607 1454 1641 Κοίλης
1471 1606 1580 1642 Συρίας.
1599 1602 1677 1632 Οὗτοι
1698 1605 1719 1631 δ’
1736 1605 1804 1631 εἰσὶν
1821 1605 1890 1631 ἐιπὸ-

1097 1661 1170 1687 γονοι
1186 1653 1240 1679 τῶν
1263 1653 1293 1678 ἐν
1312 1652 1403 1683 Ἰνδοῖς
1417 1651 1550 1677 Καλανῶν
1566 1650 1632 1686 (82),
1650 1650 1725 1686 παρὰ
1748 1650 1775 1676 δὲ
1793 1650 1890 1685 Σύροις

1104 1699 1246 1732 Ἰουδαίων,
1256 1698 1374 1733 τοῦνομα
1389 1698 1526 1724 λαϐόντων
1543 1697 1596 1723 ἀπὸ
1612 1695 1658 1722 τοῦ
1672 1697 1763 1723 τόπου.
1782 1696 1889 1731 Προσα-

1097 1746 1239 1781 γορεὺεται
1261 1744 1315 1781 γὰρ
1331 1745 1359 1771 ὃν
1380 1743 1538 1771 κατοικοῦσι
1560 1743 1643 1770 τόπον
1663 1743 1791 1769 Ἰουδαία·
1810 1743 1840 1768 τὸ
1861 1742 1889 1768 δὲ

1096 1792 1146 1827 τῆς
1164 1791 1266 1822 πόλεως
1283 1790 1370 1816 αὐτῶν
1386 1789 1471 1825 ὄνομα
1486 1789 1556 1816 πάνυ
1571 1789 1675 1816 σκολιόν
1687 1789 1770 1814 ἐστιν·
1791 1788 1890 1820 Ἱερουο

1099 1836 1186 1872 σαλὴμ
1203 1836 1259 1871 (85)
1275 1835 1329 1872 γὰρ
1344 1836 1427 1871 αὐτὴν
1442 1835 1580 1862 καλοῦσιν.
1598 1832 1681 1866 Οὗτος
1696 1832 1742 1861 οὖν
1758 1835 1771 1860 ό
1785 1833 1890 1869 ἄνθρω-

1098 1893 1148 1916 πος
1164 1883 1370 1918 ἐπιξενούμενος
1385 1884 1441 1914 τοῖς
1461 1882 1577 1914 πολλοῖς,
1593 1883 1646 1909 κΞιν
1662 1882 1716 1908 τῶν
1731 1882 1786 1909 ἄνω
1798 1882 1890 1908 τόπων

1098 1931 1136 1961 εἰς
1143 1931 1204 1962 τοὺς
1217 1929 1421 1961 ἐπιθαλαττίους
1434 1928 1669 1960 ὑποκαταδαίνων,
1692 1927 1846 1963 Ἐλληνικὸς
1855 1925 1890 1963 ἦν

1098 1977 1127 2003 οὐ
1143 1978 1175 2012 τῇ
1188 1976 1320 2011 διαλέκτῳ
1343 1976 1432 2011 μόνον,
1448 1975 1514 2003 ἀλλὰ
1531 1976 1578 2002 κα)¹
1593 1976 1626 2010 τῇ
1649 1974 1739 2009 ψυχῇ.
1757 1973 1812 2000 Καὶ
1828 1973 1889 2000 τότε

1097 2022 1287 2058 διατριϐόντων
1313 2022 1390 2057 ἡμῶν
1398 2021 1461 2057 περὶ
1483 2021 1533 2056 τῆν
1554 2021 1655 2053 Ἀσίαν,
1667 2019 1829 2056 παραϐαλὼν
1849 2020 1890 2052 εἰς

1098 2069 1195 2100 αὐτοὺς
1221 2068 1284 2100 τοὺς
1313 2068 1411 2099 τόπους
1434 2067 1575 2102 ἄνθρωπος
1599 2067 1756 2101 ἐντυγχάνει
1776 2067 1842 2101 ἡμῖν
1859 2075 1889 2092 τε

1099 2114 1145 2140 καί
1157 2122 1227 2140 τισιν
1243 2113 1347 2149 ἑτέροις
1364 2113 1418 2139 τῶν
1440 2111 1634 2147 σχολαστικῶν,
1652 2111 1820 2147 πειρώμενος
1839 2112 1889 2138 αὺ-

1098 2160 1152 2187 τῶν
1168 2159 1217 2195 τῆς
1234 2159 1340 2194 σοφίας.
1358 2159 1402 2190 Ὠς
1424 2158 1452 2184 δὲ
1474 2158 1580 2190 πολλοῖς
1596 2158 1650 2193 (84)
1661 2157 1714 2184 τῶν
1731 2159 1760 2184 ὲν
1780 2158 1889 2194 παιδείᾳ

1098 2217 1224 2244 Clemens
1240 2216 1449 2247 Alexandrinus.
1471 2215 1534 2243 infr.
1551 2224 1613 2251 pag.
1627 2216 1691 2243 M0.

1135 2252 1190 2293 (79)
1207 2251 1309 2293 ἐξαερρς
1331 2252 1357 2278 δ’
1373 2252 1452 2293 left,
1477 2256 1529 2279 etc.
1554 2251 1664 2286 Joseph.
1688 2251 1725 2282 ὡς
1743 2251 1836 2286 σαφῶς
1857 2251 1887 2278 δέ

1062 2277 1083 2305 D
1100 2277 1143 2314 σοί
1275 2277 1446 2322 ιλτττέροάξίδηἒ

1135 2322 1189 2357 (80)
1212 2321 1417 2357 Ἀπαττελιώέν.
1434 2321 1545 2357 Ioseph.
1562 2321 1742 2356 ἐπαγγελιῶν.

1134 2357 1188 2392 (81)
1207 2357 1305 2390 Οῦτως
1320 2359 1346 2384 εὶ
1360 2357 1449 2392 δοκεῖ.
1466 2356 1575 2390 Ioseph.
1588 2357 1602 2383 ὅ
1614 2358 1640 2384 τί
1653 2366 1693 2392 σοι
1707 2357 1788 2384 δοκεῖ.

1133 2391 1189 2428 (82)
1205 2392 1361 2431 Καᾼατίῶν.
1373 2391 1483 2431 Ioseph.
1501 2391 1663 2431 φιλοσόφων.
1680 2391 1886 2431 Tu:ii_longiore

1097 2426 1180 2455 ductu
1195 2428 1338 2459 orationis,
1355 2427 1498 2454 καλοῦνται
1513 2427 1551 2458 δὲ,
1568 2426 1605 2458 ὣς
1620 2436 1716 2462 omni,
1736 2427 1761 2462 οι
1778 2426 1885 2460 φιλόσο-

1098 2472 1157 2497 φοι,
1183 2462 1259 2498 παρὰ
1285 2463 1334 2496 μὲν
1358 2463 1447 2498 Ἰνδοῖς
1475 2462 1708 2498 Καλανοὶκπαρὰ
1732 2461 1761 2488 δὲ
1789 2462 1886 2497 Σύροις

1104 2497 1234 2530 Ἰουδαῖος
1250 2497 1367 2532 τοῠνομα
1383 2497 1510 2528 λαϐόντες
1525 2498 1570 2523 ἐπὶ
1584 2497 1631 2523 τοῦ
1649 2497 1741 2523 τόπου.

1133 2533 1188 2569 (85)
1205 2531 1409 2569 Ἰερουονὶλὴμἶ
1424 2532 1536 2569 doseph.
1553 2532 1887 2569 'lspocakzipqp,_eo_pro-

1097 2566 1225 2601 habilius,
1237 2566 1294 2602 quo
1315 2567 1440 2594 nonnihil
1462 2575 1478 2594 a
1497 2572 1571 2594 recta
1588 2566 1653 2594 Voce
1668 2566 1795 2594 deﬂectit.
1811 2566 1884 2594 Infra

1097 2611 1158 2639 pag.
1176 2604 1227 2630 451
1253 2603 1418 2637 Eupolemus
1435 2607 1564 2639 argutam
1575 2602 1657 2639 hujus
1673 2603 1749 2639 vocis
1766 2603 1885 2639 notatio—
1932 2619 1937 2624 ι

1097 2636 1159 2665 item
1175 2636 1401 2670 comminiscitur,
1415 2637 1494 2672 quasi
1515 2637 1587 2672 ἱερὸν
1602 2637 1766 2672 Σολομῶνος,
1784 2641 1813 2662 ut
1831 2636 1884 2663 Sa-

1097 2674 1226 2701 lomonici
1244 2673 1335 2708 templi
1359 2680 1459 2700 nomen
1482 2673 1510 2700 in
1535 2673 1630 2700 urbem
1652 2673 1740 2707 ipsam
1755 2677 1884 2706 corrupto

1096 2709 1229 2736 vocabulo
1243 2708 1410 2735 redundarit.

1132 2743 1187 2779 (84)
1205 2744 1251 2776 Ὦς
1264 2743 1298 2770 δὲ
1314 2742 1450 2775 πολλοῖς,
1464 2747 1515 2770 etc.
1532 2742 1641 2777 Ioseph.
1654 2742 1691 2774 ὡς
1708 2742 1737 2769 δὲ
1751 2741 1844 2779 πολλοὶ
1848 2750 1881 2779 ξ.

1096 2779 1119 2805 ὲ,
1134 2775 1163 2805 π.
1178 2775 1449 2814 ’συνιρκειοῦντοάιυαξ
1463 2778 1541 2813 longe
1555 2775 1635 2805 aliam
1650 2776 1812 2814 sententiain
1827 2775 1886 2814 elli-

1096 2815 1171 2841 eiunt
1191 2823 1197 2840 :
1214 2813 1291 2848 quasi
1308 2821 1342 2840 eo
1361 2813 1488 2840 libentius
1503 2821 1551 2840 sua
1575 2820 1638 2840 cum
1659 2813 1713 2839 illis
1725 2813 1883 2840 communi-

1096 2854 1167 2875 caret
1181 2869 1188 2882 ,
1205 2857 1259 2884 quo
1280 2849 1371 2884 plures
1389 2848 1539 2876 eruditione
1563 2852 1724 2882 praestantes
1749 2848 1883 2874 conveni-

1096 2888 1166 2912 rent.
