2070 3206
172 166 224 194 6ῡῖ

759 165 918 194 ΡΒΑΕΡΔΒ.
940 166 1065 195 EVANG.
1079 167 1142 196 LIB.
1159 166 1205 194 lx.

1744 166 1794 194 694

172 227 352 263 συνῳκείωτο,
380 227 522 263 παρεδίδου
539 235 565 254 τι
589 226 687 262 μᾶλλον
703 224 740 254 ὧν
757 226 822 262 εἶχε.
843 238 852 253 ι
870 227 949 254 Ταῦτι

1014 229 1177 263 quihusdam
1211 228 1390 263 philosophia
1417 227 1549 258 studiosis
1576 232 1738 261 versaretur,
1768 233 1795 256 ct

173 274 219 300 καὶ
234 275 248 300 6
264 273 416 308 Κλέαρχος.

1014 281 1110 300 eorum
1128 273 1155 300 in
1172 273 1312 308 sapientiae
1336 275 1440 307 partem
1462 280 1494 299 ac
1511 271 1666 299 societatem
1679 271 1792 298 veniret.

170 321 268 355 Atque,
282 325 313 347 ut
325 327 388 348 cum
406 319 530 354 plurimis
550 319 672 347 doctrina
701 320 895 355 przestantibus
929 319 1099 349 familiariter
1131 320 1247 353 vixerat,
1270 319 1330 356 plus
1355 320 1505 354 aliquanto,
1539 327 1620 354 quam
1648 319 1791 354 acciperet,

171 368 314 395 nobiscum
328 368 374 396 ille
386 367 612 396 communicabat.
630 377 640 393 ι
659 367 696 395 Ita
708 367 873 396 Clearchus..

431 415 626 441 ΚΕιίνΑΛΑΙΟΝ
645 416 690 449 σν.

169 471 342 506 Κλήμεντος
356 471 423 506 περὶ
443 471 512 498 τῶν
521 472 795 506 μνημονευσάντων
809 473 860 500 τοῦ
881 473 970 504 ἰουν

253 506 345 534 δαίων
360 507 476 539 ἔθνους,
492 506 550 533 ἀπὸ
567 507 620 533 τοῦ
630 510 656 533 α’
669 508 870 542 Στρωματέως.

203 562 304 590 Τούτου
332 563 360 590 δὲ
390 562 558 598 μνημονεύει¹
574 563 621 590 καὶ
647 564 662 590 6
685 564 817 600 ἡμέτερος
843 565 955 600 Κλήμης

169 608 198 634 ιν
213 607 252 643 τῷ
268 608 368 643 πρώτῳ
375 608 551 644 Στρωμιιτεῖ,
560 608 592 634 δι’
604 605 640 635 ὧν
651 608 742 638 ταῦτά
751 618 841 645 φησι-ι
852 610 956 646 Κλέαρ-

168 661 214 687 χος
230 652 286 687 (85)
302 653 325 679 δ*
346 654 360 680 6
387 653 601 689 περιπατητικὸς
615 654 712 680 εἰδέναι
732 654 787 689 (86)
804 655 869 690 φησι
893 663 955 681 τινα

174 698 344 730 Ἰουδαῖον,ὃς
360 699 537 734 Ἀριστοτέλει
551 699 714 733 συνεγένετο.
723 700 790 726 »Καὶ
803 699 862 735 μεθ’
873 692 963 736 ἓτεριί

167 743 317 778 ἐπιλέγει-ι
328 745 439 780 Νουμᾶς
452 745 480 771 δὲ
497 746 510 771 6
528 745 669 780 Ῥωμαίων
688 745 813 781 βασιλεὺς
833 746 952 780 πυθαγό-

167 798 238 825 ρειος
255 790 303 825 μὲν
326 788 360 825 ἦν
378 790 492 825 (87),,ὲκ
511 790 538 817 δὲ
552 790 607 817 τῶν
633 791 771 823 Μωῢσέως
792 786 962 828 ὠφεληθεὶς(

166 836 328 863 διεκώλυσεν
345 837 529 872 ἀνθρωποειδῆ
547 838 594 863 καὶ
608 837 765 873 ζωόμορφον
782 838 872 865 εἰκόνα
885 839 952 865 Θεοῦ

1320 408 1433 438 CAPUT
1452 409 1495 436 Vl.

1011 471 1049 498 De
1060 471 1093 496 iis
1110 469 1156 505 qui
1169 468 1290 495 J-udairw
1304 467 1583 505 gentisgmeminerunt,
1599 475 1631 494 ex
1648 466 1790 499 Clemente,

1279 503 1363 537 primo
1379 501 1522 530 Stromate.

1043 562 1134 596 Atque
1162 560 1241 588 istius
1259 560 1340 586 etiam
1355 558 1479 587 Clemens
1503 563 1595 586 noster
1616 559 1685 586 libro
1703 559 1792 593 primo

1009 608 1175 636 Slromulum
1195 607 1237 634 his
1255 606 1344 633 verbis
1366 605 1508 632 meminit:
1522 612 1531 628 ι
1546 604 1695 632 Clearchus
1717 605 1791 639 peri-

1006 654 1148 689 pateticus,
1164 652 1263 687 inquit,
1278 650 1402 679 Iudaeum
1421 651 1576 686 quemdam,
1589 651 1636 686 qui
1649 659 1711 681 cum
1730 650 1792 677 Ari-

1005 699 1101 727 stotele
1115 703 1241 726 versatus
1255 702 1307 730 est,
1323 698 1372 725 abs
1394 705 1453 725 sese
1476 698 1565 725 visum
1591 705 1651 725 esse
1671 705 1791 725 comme-

1005 749 1104 773 morat.
1123 744 1274 779 rldemque
1300 743 1436 777 pluribus,
1465 743 1603 771 nonnullis
1628 744 1789 779 interjectis,

1008 801 1017 818 ι
1031 791 1131 823 Numa,
1155 790 1255 825 inquit,
1278 788 1464 817 Romanorum
1479 797 1538 821 rex,
1554 794 1583 816 ut
1601 789 1791 824 pythagormus

1006 835 1097 869 fuerit,
1113 836 1185 863 hunc
1198 835 1293 862 saltem
1309 834 1433 869 Moysise
1445 834 1555 869 scriptis
1574 834 1691 862 fructum
1706 835 1789 870 cepit,

171 881 322 917 Ῥωμαίους
347 883 458 915 κτίζειν.
485 884 527 909 Ἐν
550 882 615 918 γοῦν
643 883 739 911 ἑκατὸν
764 884 810 911 καὶ
837 884 949 920 ἑϐδομή-

1004 883 1042 909 nti
1056 881 1195 908 Romanos
1219 889 1235 908 a
1253 880 1301 907 Dei
1320 880 1468 908 simulacro
1486 880 1527 907 vel
1548 879 1576 906 in
1591 880 1721 913 hominis,
1748 881 1790 908 vel

166 936 246 954 κοντα
272 929 328 960 τοῖς
355 928 472 964 πρώτοις
497 929 585 961 ἔτεσι,
615 931 694 962 ναοὺς
724 930 951 966 οἰκοδομούμενοι,

163 973 274 1008 ἄγαλμα
285 974 359 1000 οὐδὲν
373 974 435 1001 οὔτε
449 975 575 1008 πλαστὸν,
591 975 651 1002 οὕτε
669 976 721 1012 μὴν
732 976 853 1012 γραπτὸν
865 977 954 1012 ἐποιή-

165 1027 254 1045 σαντο.
280 1019 466 1046 Ἐπεδείκνυτο
481 1020 535 1056 γὰρ
561 1021 651 1052 αὐτοῖς
668 1022 681 1047 6
705 1022 816 1056 Νουμᾶς
839 1021 871 1047 δι’
886 1021 952 1048 ἀπο-

165 1064 301 1100 ιρύψεως,
318 1066 356 1097 ὡς
371 1066 420 1092 οὐκ
442 1066 597 1102 ἐφάψασθαι
615 1067 662 1093 τοῦ
686 1067 823 1102 βελτίστου
840 1067 951 1094 δυνατὸν

161 1109 278 1146 γλώττῃ,
292 1111 364 1146 μόνῳ
375 1111 404 1138 δὲ
417 1112 456 1148 τῷ
471 1112 517 1148 νῷ.
532 1113 606 1139 »Ἔτι
618 1113 686 1148 πρὸς
695 1112 800 1144 τούτοις
809 1113 871 1148 ἑξῆς
885 1113 951 1140 ὐπο-

162 1155 222 1189 σὰς,
238 1156 303 1183 τάδε
320 1157 399 1193 φησί’
418 1166 427 1183 ι
439 1157 617 1193 Φανερώτατα
634 1158 662 1184 δὲ
674 1159 851 1194 Μεγασθένης
863 1159 877 1185 6
888 1167 952 1193 συγ-

161 1204 295 1238 γραφεὺς,
309 1204 322 1230 ὁ
338 1203 460 1239 Σελεύκῳ
473 1204 511 1239 τῷ
526 1205 655 1242 Νικάνορι
663 1204 865 1240 συμϐεϐιωκὼς,
875 1205 903 1232 ὲν
917 1207 949 1241 τῇ

160 1248 240 1284 τρίτῃ
265 1248 320 1275 τῶν
344 1249 472 1277 Ἰνδικῶν
500 1247 551 1276 ὧδε
574 1250 692 1285 γράφει·
712 1252 836 1278 Ἂπαντα
860 1251 950 1287 μέντοι

161 1295 195 1321 τὰ
205 1295 269 1331 περὶ
285 1295 390 1330 φύσεως
404 1297 536 1332 εἰρημένα
549 1297 625 1332 παρὰ
638 1298 693 1329 τοῖς
707 1297 829 1333 ἀρχαίοις
842 1298 950 1332 λέγεται

161 1339 208 1367 καὶ
234 1341 310 1375 παρὰ
332 1342 389 1373 τοῖς
404 1341 456 1373 ἔξω
478 1343 528 1378 τῆς
557 1342 679 1374 Ἑλλάδος
708 1342 897 1378 φιλοσοφοῦσι*
915 1343 949 1370 τὰ

162 1385 212 1421 μὲν
225 1387 300 1422 παρὰ
316 1388 372 1418 τοῖς
395 1388 484 1420 Ἰνδοῖς
501 1388 554 1415 ὑπὸ
569 1389 623 1415 τῶν
639 1389 817 1424 Βραχμάνων,
834 1388 867 1415 τὰ
879 1389 907 1415 δὲ
920 1391 949 1416 ὲν

160 1431 245 1467 Συρίᾳ
275 1432 326 1458 ὑπὸ
349 1432 401 1458 τῶν
419 1432 592 1468 καλουμένων
607 1434 750 1461 Ἰουδαίων.
768 1443 778 1460 ›
795 1435 855 1460 Ἔτι
881 1434 949 1469 πρὸς

159 1474 263 1507 τούτοις
278 1477 293 1502 ὁ
307 1476 424 1512 Κλήμης
445 1476 649 1512 Ἀριστοϐούλου
664 1478 710 1504 τοῦ
733 1478 947 1514 περιπατητικοῦ

159 1521 207 1547 καὶ
220 1522 374 1557 Νουμηνίου
392 1523 438 1549 τοῦ
459 1523 640 1560 πυθαγορείου
656 1524 829 1560 μνημονεύει,
844 1525 945 1559 λέγων·

1004 929 1032 956 in
1050 928 1211 963 cujusquam
1233 927 1380 954 animantis
1408 927 1525 962 speciem
1543 926 1669 961 tingendo
1684 931 1790 953 averte-

1003 975 1048 1001 rit.
1065 974 1194 1009 Adeoque
1209 974 1274 1001 totis
1293 973 1388 1001 saltem
1408 973 1505 1007 primis
1517 972 1690 1007 septuaginta
1705 979 1788 1007 supra

1002 1024 1110 1047 centum
1145 1020 1234 1052 annis,
1261 1019 1360 1053 templa
1381 1018 1491 1053 quidem
1532 1017 1710 1050 aediﬁcarunt,
1737 1017 1785 1045 sed

1003 1066 1105 1093 nullam
1144 1066 1256 1093 omnino
1301 1071 1389 1099 neque
1428 1064 1529 1096 ﬁctam,
1567 1071 1656 1098 neque
1686 1064 1787 1099 pictam

1005 1113 1151 1147 imaginem
1188 1111 1348 1138 intulerunt.
1389 1110 1447 1138 Hoc
1476 1110 1548 1138 enim
1574 1110 1648 1145 ipsos
1680 1110 1788 1138 occulte

1001 1158 1088 1186 Numa
1117 1158 1220 1190 docuit,
1248 1165 1301 1185 non
1336 1157 1439 1192 lingua,
1480 1157 1528 1185 sed
1552 1161 1643 1184 mente
1668 1157 1725 1184 sola
1746 1156 1786 1189 id,

1001 1203 1074 1239 quod
1093 1204 1226 1238 optimum
1253 1206 1306 1236 est,
1324 1202 1420 1238 attingi
1449 1209 1541 1237 posse.
1574 1201 1700 1235 iQuibus
1728 1202 1787 1229 haec

1001 1249 1081 1277 etiam
1096 1249 1223 1284 deinceps
1248 1248 1369 1284 adjungit
1382 1257 1389 1275 :
1405 1257 1414 1274 ι
1429 1247 1610 1284 Megasthenis
1624 1252 1725 1281 autem,
1741 1248 1785 1275 in-

1000 1296 1069 1331 quit,
1097 1296 1229 1327 historici,
1247 1295 1294 1330 qui
1321 1302 1384 1323 cum
1413 1294 1528 1322 Seleuco
1551 1294 1688 1322 Nicanore
1705 1294 1783 1326 vixit,

1000 1343 1070 1370 libro
1092 1342 1131 1369 De
1144 1342 1221 1369 rebus
1241 1341 1342 1369 Iudicis
1361 1341 1450 1373 tertio,
1465 1340 1635 1368 clarissimus
1649 1340 1694 1368 hic
1709 1342 1786 1368 locus

999 1392 1042 1415 est
1058 1385 1216 1424 :Quidquid
1238 1387 1272 1414 ab
1304 1385 1434 1421 antiquis.
1451 1387 1484 1414 de
1501 1391 1598 1413 natura
1612 1387 1715 1414 dictum
1732 1391 1785 1419 est,

998 1441 1095 1462 eorum
1110 1434 1194 1462 etiam
1205 1433 1252 1468 qui
1267 1436 1344 1460 extra
1358 1431 1489 1459 Graeciam
1503 1431 1744 1466 philosophantur,
1756 1437 1786 1459 ut

999 1479 1200 1507 Brachmanum
1223 1478 1295 1513 apud
1313 1473 1406 1510 Indos,
1422 1482 1448 1505 ct
1474 1476 1633 1504 Judatorum
1648 1477 1675 1503 in
1692 1476 1782 1511 Syria,

999 1533 1126 1554 sermone
1147 1524 1326 1552 celebratum
1366 1522 1406 1550 Ae
1431 1529 1529 1550 rursus
1560 1521 1633 1549 idem
1657 1521 1784 1549 Clemens

162 1578 170 1592 ι
183 1567 383 1603 Ἀριστόϐουλος
390 1569 418 1595 δὲ
426 1569 453 1595 ἐν
463 1569 502 1604 τῷ
510 1569 610 1605 πρώτῳ
618 1569 671 1596 τῶν
680 1570 757 1604 Πρὸς
765 1570 819 1597 τὸν
824 1570 948 1605 Φιλομή-

999 1572 1184 1600 Aristobulum
1207 1569 1413 1606 peripateticum
1436 1573 1463 1596 et
1495 1567 1659 1595 Numenium
1686 1569 1785 1603 pytha-

160 1614 325 1647 τορα,’κατὰ
340 1614 412 1647 λέξιν
428 1615 528 1650 γράφει
541 1624 547 1630 ·
562 1615 790 1652 Κατηκολούθηκε
802 1617 831 1643 δὲ
847 1617 861 1642 ὁ
877 1618 947 1645 Ι]λά-

158 1668 211 1685 των
224 1660 257 1694 τῇ
271 1659 330 1686 καθ’
340 1661 413 1696 ἡμᾶς
429 1660 636 1697 νομοθεσίᾳ,καὶ
646 1662 761 1697 φανερός
769 1663 825 1689 εστι
834 1671 945 1696 περιερ-

157 1705 293 1740 γασμένος
305 1705 407 1733 ἕκαστα
417 1707 469 1733 τῶν
477 1707 506 1733 ἐν
520 1707 588 1743 αὐτῇ
600 1707 762 1743 λεγομένων.
775 1709 946 1744 Διηρμήνευ-

158 1761 202 1778 ται
215 1752 243 1779 δὲ
250 1753 302 1789 πρὸ
308 1754 462 1790 Δημητρίου
469 1755 512 1788 ὑφ’
523 1754 634 1790 ἑτέρων,
642 1756 694 1791 πρὸ
705 1755 755 1790 τῆς
772 1755 946 1790 Ἀλεξάνδρου

159 1800 206 1826 καί
213 1800 324 1835 Περσῶν
330 1799 586 1836 ὲπικρατήσεως,τά
595 1809 625 1826 τε
638 1800 708 1827 κατὰ
714 1800 762 1836 τὴν
772 1800 801 1833 ἐξ
809 1801 946 1835 Αἰγύπτου

158 1845 298 1882 ἐξαγωγὴν
309 1845 363 1872 τῶν
385 1845 516 1882 Ἑϐραίων
534 1845 588 1873 τῶν
603 1846 744 1882 ἡμετέρων
758 1846 884 1880 πολιτῶν,
899 1847 946 1874 καὶ

158 1891 246 1926 ἡτῶν
270 1890 419 1925 γεγονότων
449 1891 577 1917 ἁπάντων
599 1890 689 1922 αὐτοῖς
712 1890 872 1925 ἐπιφάνεια,
900 1891 947 1917 καὶ

158 1937 290 1971 κράτησις
305 1937 354 1971 τῆς
367 1935 467 1971 χώρας,
483 1936 530 1962 καὶ
540 1935 589 1971 τῆς
603 1935 667 1970 ὅλης
680 1935 839 1970 νομοθεσίας
851 1935 947 1971 ἐπεξή-

158 1989 248 2017 γησις.
265 1982 344 2008 Ὥστε
367 1981 478 2017 εὔδηλον
493 1979 563 2007 εἶναι
586 1980 631 2007 τὸν
651 1980 847 2016 προειρημένον
872 1981 946 2015 φιλό-

156 2035 239 2062 σοφον
252 2027 390 2062 εἰληφέναι
402 2026 497 2059 πολλά,
508 2026 605 2060 γέγονε
614 2025 674 2061 γὰρ
681 2025 848 2062 πολυμαθὴς,
856 2025 946 2058 καθὼς

157 2073 204 2099 καὶ
218 2072 380 2108 Πυθαγόρας
395 2071 481 2099 πολλὰ
490 2071 545 2098 τῶν
561 2072 626 2107 παρ’
643 2072 708 2107 ἡμῖν
723 2071 891 2107 μετενεγκὼν
906 2072 945 2104 είς

157 2121 205 2156 τὴν
228 2121 324 2147 ἑαυτοῦ
345 2119 564 2155 δογματοτεοιίαν.
581 2119 735 2154 Νουμήνιος
749 2118 777 2144 δὲ
795 2119 810 2144 6
827 2118 945 2152 πυθαγο-

158 2165 234 2200 ρικδς
250 2165 392 2199 φιλόσοφος
410 2166 539 2200 ἄντικρυς
553 2165 667 2200 γράφει·
685 2164 717 2190 Τί
733 2164 787 2199 γάρ
804 2165 860 2190 ἐστι
873 2164 945 2191 Πλά-

156 2217 210 2237 των
223 2209 240 2244 ῆ
271 2210 390 2246 Μωῦσῆς
403 2210 564 2243 ἀττικίςων;
585 2220 594 2236 ›
613 2210 706 2236 Ταῦτα
721 2210 735 2236 6
748 2209 873 2246 Κλήμης.

998 1625 1118 1653 goraum
1141 1617 1233 1644 laudat
1246 1616 1289 1643 his
1302 1615 1392 1643 verbis
1405 1624 1412 1642 :
1427 1615 1615 1642 «Aristobulus
1631 1614 1668 1640 ‘in
1695 1614 1783 1648 primo

997 1671 1104 1697 eorum,
1122 1671 1192 1698 quos
1208 1663 1242 1689 ad
1262 1662 1442 1689 Philomelam
1458 1661 1571 1696 scripsit
1590 1661 1665 1688 hunc
1681 1660 1709 1688 in
1724 1667 1784 1687 mo-

997 1710 1061 1736 dum
1076 1709 1215 1744 loquitur:
1241 1707 1319 1735 Plato
1342 1708 1399 1743 ipse
1414 1715 1524 1743 quoque
1547 1707 1655 1742 reipub.
1678 1713 1783 1735 nostra)

997 1756 1070 1791 leges
1085 1760 1112 1782 et
1131 1755 1256 1782 instituta
1272 1759 1390 1782 sectatus
1404 1759 1457 1788 est,
1477 1762 1492 1781 a
1508 1762 1563 1790 quo
1578 1758 1670 1789 partes
1685 1762 1782 1782 eorum

997 1802 1120 1837 singulas
1144 1801 1253 1829 curiose
1262 1808 1293 1828 ac
1306 1800 1450 1836 diligenter
1464 1801 1601 1836 inspectas
1611 1804 1638 1828 et
1653 1808 1784 1828 excuSsas

996 1855 1056 1874 esse
1069 1851 1188 1874 constat.
1198 1845 1267 1873 Nam
1283 1846 1317 1873 ab
1326 1846 1379 1873 alio
1394 1846 1511 1881 quodam
1525 1851 1588 1873 ante
1603 1846 1781 1876 Demetrium.

998 1893 1120 1927 adeoque
1150 1896 1213 1919 ante
1236 1891 1383 1919 Alexandri
1408 1899 1440 1919 ac
1464 1891 1610 1919 Persarum
1635 1892 1782 1927 imperium

996 1945 1128 1966 conversa
1144 1937 1237 1965 Graece
1260 1937 1378 1971 fuerant,
1401 1944 1455 1964 non
1470 1944 1501 1963 ea
1522 1937 1615 1969 modo,
1635 1945 1698 1972 quae
1718 1937 1782 1965 dum

996 1982 1077 2018 41],
1093 1989 1126 2008 ex
1139 1980 1256 2017 Egypto
1272 1980 1377 2008 Hebraei
1402 1981 1474 2009 cives
1488 1981 1575 2009 nostri
1590 1982 1780 2016 educerentur,

996 2027 1043 2054 sed
1072 2026 1154 2054 etiam
1182 2033 1352 2061 quaecunque
1367 2026 1422 2054 illis
1438 2026 1603 2062 singularem
1630 2027 1662 2055 ad
1680 2027 1781 2055 famam

996 2072 1113 2107 insignia
1125 2072 1372 2107 contigerunt,tum
1384 2072 1612 2107 quemadmodum
1627 2081 1659 2100 ea
1671 2074 1782 2108 regione

995 2119 1073 2153 potiti
1109 2119 1174 2151 sint,
1208 2118 1330 2152 adeoque
1357 2117 1437 2153 Legis
1468 2118 1595 2146 universa
1618 2118 1780 2153 complexio,

996 2164 1086 2197 Quare
1099 2164 1202 2192 nemini
1218 2164 1331 2192 dubium
1346 2171 1406 2192 esse
1423 2169 1513 2199 potest
1528 2165 1595 2200 quin
1617 2165 1702 2191 multa
1719 2164 1782 2191 inde

995 2210 1123 2239 laudatus
1132 2211 1310 2245 philosophus
1320 2210 1503 2245 excerpserit:
1516 2209 1696 2245 plurimarum
1708 2209 1781 2237 enim

157 2263 248 2284 rerum
263 2255 377 2285 scientia
400 2255 502 2288 ﬂoruit,
528 2255 756 2291 quemadmodum
782 2261 809 2283 et
838 2255 1017 2291 Pythagoras,
1046 2257 1093 2291 qui
1122 2260 1150 2284 et
1167 2256 1224 2291 ipse
1239 2256 1373 2291 permulta
1395 2256 1496 2285 nostris
1512 2263 1528 2283 e
1542 2256 1647 2291 legibus
1659 2256 1687 2282 in
1700 2260 1782 2283 secta;

156 2311 213 2332 sua:
240 2308 372 2340 praecepta
400 2304 532 2332 traduxit.
556 2303 634 2337 Quod
655 2308 745 2331 autem
773 2303 937 2332 Numenium
971 2304 1165 2339 philosophum
1188 2304 1393 2339 pythagoricum
1425 2304 1530 2337 attinet,
1555 2303 1693 2338 ipsissima
1723 2303 1782 2330 haec

155 2349 237 2378 verba
253 2350 333 2379 habet
346 2360 352 2378 :
367 2349 438 2383 Quid
452 2351 524 2378 enim
537 2350 610 2377 aliud
620 2349 696 2378 Plato
707 2355 747 2378 est
762 2359 843 2386 quam
857 2351 964 2387 Moyses
981 2351 1069 2381 Attica
1085 2351 1176 2386 lingua
1190 2351 1324 2386 loquens?
1342 2360 1351 2376 ›
1369 2351 1457 2385 Atque
1474 2351 1526 2377 ista
1540 2350 1675 2378 Clemens.

424 2406 623 2433 ΚΕΦΑΛΔΙΟΝ
643 2407 678 2432 Z'.

170 2464 340 2508 Νουμηνίοιι
366 2463 418 2490 τοῦ
443 2462 640 2502 πυθαγορικρῦ
665 2464 835 2497 φιλοσόφου
845 2463 930 2503 μητρὶ

235 2498 387 2530 laudatam,
402 2497 461 2526 ἀπὸ
477 2506 529 2524 του
541 2501 565 2524 α’
577 2506 636 2524 των
647 2498 717 2532 Περὶ
731 2499 869 2532 τὰγαθου.

379 2518 387 2530 ν
402 2517 461 2526 ’.ιιι-ιν
479 2517 527 2524 ννυ
541 2517 560 2524 νυ
580 2517 628 2524 rw!
647 2517 717 2530 ,ευ-μυ
732 2517 869 2530 ιυιιιπυυν·

190 2555 245 2580 Καὶ
269 2554 350 2581 αὐτοῦ
376 2555 405 2581 δὲ
431 2554 478 2581 τοῦ
501 2554 684 2591 πυθαγορικοῦ
715 2555 869 2589 φιλοσόφου,
894 2554 941 2582 τοῦ

154 2599 308 2634 Νουμηνίου
332 2600 414 2635 λέγω,
442 2601 495 2627 ἀπὸ
522 2601 569 2627 τοῦ
591 2601 698 2636 πρώτου
719 2601 789 2635 Περὶ
814 2601 942 2636 τάγαθοῦ

156 2646 217 2672 τάδε
233 2646 442 2682 παραθήσομαι)
455 2656 464 2672 ι
477 2647 524 2678 Εἰς
531 2647 560 2674 δὲ
572 2647 650 2674 τοῦτο
658 2648 758 2683 δεήσει,
771 2648 881 2674 εἰπόντα
895 2647 940 2674 καὶ

156 2691 345 2727 σημηνάμενον
360 2693 418 2724 ταῖς
444 2693 605 2728 μαρτυρίαις
625 2691 672 2719 τοῦ
698 2692 850 2725 Πλάτωνος,
874 2693 939 2720 ἁνα-

189 2779 421 2817 ςξζὸλΚλέιιρχος.
445 2780 571 2809 Clemens
598 2782 656 2810 haec
680 2782 760 2810 habet
783 2790 844 2817 pag.
874 2783 937 2816 2‘25,

155 2814 219 2841 edit.
236 2815 407 2842 Graeco-Lat.

184 2849 386 2888 _186)§ldévat.
412 2850 527 2878 Dubium
551 2856 602 2885 est,
637 2860 734 2880 eumne
772 2852 822 2880 sibi
849 2853 936 2880 visunt

153 2882 239 2912 fuisse"
252 2885 335 2918 dicat,
352 2891 398 2913 aut
415 2892 551 2922 utcunque
564 2882 712 2923 cognitum.

1290 2407 1404 2434 CAPUT
1424 2407 1480 2434 VII.

994 2463 1032 2490 De
1046 2463 1159 2497 ludwis,
1176 2471 1209 2490 ex
1225 2463 1350 2490 Numenii
1367 2463 1514 2498 philosophi
1526 2464 1690 2498 pythagorai
1711 2464 1779 2491 libro

1255 2499 1340 2533 primo
1356 2499 1395 2526 De
1416 2500 1492 2526 bono.

1030 2556 1108 2584 Libet
1117 2560 1207 2584 autem
1218 2563 1251 2583 ex
1268 2556 1356 2591 primo
1369 2556 1492 2591 ejusdem
1509 2555 1635 2584 Numenii
1646 2556 1685 2584 De
1700 2557 1777 2590 bona,

993 2603 1067 2630 hunc
1081 2608 1211 2637 praeterea
1226 2602 1317 2629 locum
1332 2602 1467 2637 subjicere
1483 2611 1490 2629 :
1510 2612 1520 2628 ι
1547 2602 1600 2636 Qui
1629 2602 1711 2636 hanc,
1737 2603 1779 2630 in-

993 2649 1063 2684 quit,
1076 2649 1104 2675 in
1117 2649 1328 2684 disputationem
1351 2649 1491 2683 ingressus
1516 2648 1638 2677 Platonis
1660 2657 1719 2676 eam
1739 2654 1778 2677 tc-

993 2694 1130 2722 slimoniis
1143 2694 1304 2729 ohsignarit,
1321 2693 1444 2721 eamdem
1460 2693 1495 2721 ab
1511 2693 1571 2729 ipso
1598 2702 1708 2730 quoque
1731 2703 1778 2724 su-

1027 2784 1089 2819 (87)-
1099 2783 1297 2820 Πυθςιγόρειος
1308 2783 1365 2818 μὲν
1377 2782 1425 2819 ἦν.
1437 2783 1566 2812 immanis
1579 2785 1611 2811 de
1624 2785 1776 2820 Pythagora

993 2819 1210 2855 προχρονισμόί,
1234 2819 1261 2846 in
1290 2827 1344 2853 quo
1371 2820 1469 2846 mirum
1492 2825 1533 2847 est
1555 2819 1777 2848 etiam’hms’isse

992 2853 1166 2882 Clementem.
1187 2853 1223 2881 De
1241 2855 1290 2881 hoc
1308 2858 1333 2881 et
1346 2855 1480 2882 similibus
1495 2856 1540 2883 lib.
1559 2864 1579 2883 χ,
1594 2856 1773 2883 commodius.
