2070 3206
153 190 206 218 705

409 249 607 276 ΚΕΦΑΛΑΙΟΝ
626 250 684 282 ις’.

153 295 221 330 Περὶ
237 294 292 321 τοῦ
304 294 364 321 τῶν
381 295 518 335 Ἐϐραιιιης
528 294 715 339 προπᾴτορος
733 295 869 329 Ἀϐραὰμ,
884 295 942 322 ἀπὸ

463 338 516 356 του
531 339 634 356 αυτου.

197 375 282 403 Πάλιν
310 375 449 408 Μωῢσὲως
477 375 527 411 τὴν
555 376 626 403 κατὰ
653 376 698 403 τὸν
720 375 851 411 Ἑϐραίων
878 385 945 412 προ-

155 423 260 458 πάτορα
292 422 417 457 Ἀὖραὰμ
442 422 561 457 ἱστορίαν
587 423 626 454 είς
649 422 749 454 πλάτος
773 422 944 459 ἐπιθεμένου,

156 469 303 505 μαρτυρεῖν
324 468 398 503 αὐτῷ
416 468 463 494 καὶ
482 468 544 500 τοὺς
568 468 667 501 ἔξωθεν
691 469 844 505 ἱστορικοὺς
858 470 872 496 ὁ
891 469 946 496 Ἰώ-

156 524 242 550 σηπος
256 514 328 549 λέγει
347 515 391 541 διὰ
414 514 531 541 τούτων·
551 524 560 540 ι
580 515 750 550 Μνημονεύει
765 516 821 550 (24)
837 516 866 542 δὲ
881 517 946 552 ἡμῖν

155 561 201 588 τοῦ
226 561 328 596 πατρὸς
349 561 504 596 Ἀίῖραάμου
530 561 691 597 Βηρωσσὸς,
718 563 767 589 οὐκ
794 563 945 598 ὀνομάζων,

155 607 241 642 λέγων
259 607 288 634 δὲ
301 606 386 639 οὕτως
398 614 406 622 ·
422 608 498 637 Μετὰ
523 607 568 634 τὸν
591 608 780 644 κατακλυσμὸν
790 609 889 646 δεκάτῃ
901 619 947 645 γε-

156 653 203 688 νεᾷ
219 651 294 688 παρὰ
306 652 450 685 Χαλδαίοις
462 662 505 685 τις
523 651 556 689 ἦν
573 654 675 686 δίκαιος
690 655 769 691 ἀνὴρ,
785 655 831 682 καὶ
849 656 945 691 μέγας,

157 700 204 725 καὶ
219 698 254 725 τὰ
267 698 381 733 οὐράνια
400 699 542 735 ἔμπειρος.
569 700 710 733 Ἑκαταῖος
727 701 755 727 δὲ
764 701 864 728 καὶτοῦ
881 711 948 738 μνη-

157 743 251 778 σθῆναι
275 744 367 770 πλεῖόν
383 753 409 771 τι
434 745 578 781 πεποίηκε.
595 746 699 773 Βιδλίον
716 747 770 783 γὰρ
783 749 847 784 περὶ
864 748 946 775 αὑτοῦ

158 790 358 826 συνταξάμενος
379 791 517 819 κατέλιπε.
542 792 673 824 Νικόλαος
695 793 723 820 δὲ
740 795 754 819 ὀ
770 794 947 830 Δαμασκηνὸς

157 836 186 862 ἐν
197 837 229 871 τῇ
247 836 362 872 τετάρτῃ
374 836 427 863 τῶν
445 837 593 871 Ἰστοριῶν
610 838 684 872 λέγει
705 839 806 871 obsto;-
833 841 947 876 Ἀδραά-

159 890 213 918 μης
229 881 386 909 ὲὸασίλευσε
403 883 561 917 Δαμασκοῦ.
578 883 680 919 ἔπηλυς
697 885 745 912 σὺν
762 886 868 921 στρατῷ
884 887 946 921 ἀφι-

717 188 877 216 ΡΚΑΞΡΑΒ.
900 188 1026 216 EVANG.
1053 188 1118 216 LIB.
1140 189 1185 217 1x.

1732 194 1785 222 τοο

1284 249 1398 278 CAPUT
1419 251 1489 279 XVI.

1046 294 1084 321 De
1092 294 1264 322 Ilebrteorum
1274 297 1390 358 omnim;
1402 303 1509 331 parente
1517 297 1676 332 Abraltamo,
1685 307 1717 326 cz

1341 340 1371 358 eo
1392 341 1442 358 em.

1341 340 1442 359 eadem.

1029 376 1149 412 Moysem
1162 381 1303 411 praeterea,
1319 377 1346 405 in
1362 384 1395 405 ea
1409 385 1491 413 quam
1507 378 1567 407 fuse
1580 379 1614 407 de
1627 380 1784 408 Abrahamo

995 421 1171 449 Hebraeorum
1186 426 1298 457 parente
1313 422 1419 454 scribit,
1433 423 1560 456 historia,
1579 425 1785 454 consentientes

996 468 1097 496 habere
1111 469 1226 504 gentiles
1242 468 1388 498 historicos
1403 469 1538 505 Josephus
1560 477 1654 502 auctor
1668 477 1719 500 est.
1737 472 1783 501 Sic

995 515 1067 543 enim
1082 515 1222 550 loquitur:
1238 523 1247 540 ε
1259 515 1298 543 Ac
1311 515 1428 544 Berosus
1444 517 1554 552 quidem
1566 517 1714 546 Abrahami
1734 527 1783 553 pa-

996 561 1081 589 rentis
1107 561 1204 595 nostri,
1226 569 1373 597 suppresso
1389 562 1452 590 licet
1477 563 1598 598 nomine,
1625 564 1667 592 his
1691 570 1783 594 tamen

1001 607 1092 635 verbis
1120 607 1246 635 meminit
1277 616 1283 634 ι
1308 606 1388 635 Circa
1405 608 1540 636 decimam
1565 613 1627 644 post
1649 610 1783 638 diluvium

996 657 1114 686 aetatem,
1132 653 1175 681 vir
1188 653 1299 688 quidam
1321 653 1393 688 apud
1417 653 1559 683 Chaldaeos
1578 656 1656 686 vixit.
1676 664 1784 685 summa

997 707 1058 727 cum
1081 699 1235 735 integritate
1257 707 1377 734 morum,
1406 704 1463 728 tum
1486 701 1569 729 etiam
1588 702 1719 738 dignitate
1740 711 1784 731 re-

997 754 1113 781 rumque
1125 746 1277 774 cmlestium
1299 747 1456 782 cognitione
1476 748 1616 783 praeditus.
1638 749 1782 778 Hecataus

997 800 1061 820 vero
1079 800 1131 820 non
1151 792 1212 827 ejus
1234 796 1342 821 tantum
1370 794 1459 821 obiter
1474 795 1609 827 meminit,
1632 796 1679 823 sed
1701 797 1783 824 etiam

995 839 1100 874 justum
1114 838 1147 866 de
1163 838 1223 874 ipso
1232 839 1360 867 volumen
1376 840 1507 875 scriptum
1520 841 1639 876 reliquit.
1654 841 1785 871 Nicola‘ts

998 889 1089 911 autem
1104 882 1293 912 Damascenus
1309 890 1408 920 quarto
1425 885 1607 913 Historiarum
1623 886 1693 914 libro
1712 888 1785 916 hunc

157 927 256 962 γμένος
270 929 302 955 ὲκ
315 928 365 964 τῆς
379 929 430 964 γῆς
441 929 490 965 τῆς
505 929 574 965 ὑπὲρ
588 930 735 958 Βαϐυλῶνα
748 932 888 960 Χαλδαίων
905 932 947 959 λε-

1001 930 1025 956 in
1035 930 1146 958 modum
1154 929 1275 966 loquitur
1300 939 1307 958 :
1328 931 1499 960 Abrahames
1509 931 1633 961 Damasci
1648 933 1782 968 regnavit,

157 974 285 1009 γομὲνης.
306 974 373 1002 Μετ’
396 975 426 1001 οὐ
451 975 534 1002 πολὺν
556 976 651 1012 χρόνον
675 976 822 1009 ἐξαναστὰς
835 979 881 1005 καὶ
894 979 948 1005 ἀπὸ

157 1020 258 1057 ταύτης
270 1021 320 1056 τῆς
335 1021 437 1057 χώρας,
449 1022 497 1049 σὺν
511 1022 550 1057 τῷ
565 1023 686 1059 σφετέρῳ
701 1024 757 1059 λαῷ
773 1025 813 1056 εὶς
825 1024 873 1060 τὴν
888 1025 949 1052 τότε

147 1066 210 1102 ιμὲν
233 1066 388 1093 Χαναναίαν
412 1067 572 1103 λεγομένην,
594 1068 640 1095 νῦν
661 1069 690 1096 δὲ
709 1071 836 1097 Ἰουδαίαν
861 1072 948 1107 μετῴ-

159 1118 236 1145 κησε,
255 1111 301 1137 καὶ
323 1112 347 1138 οἱ
372 1112 419 1138 ἀπ’
439 1112 544 1139 ἐκείνου
571 1113 764 1149 πληθύσαντες,
781 1117 845 1151 περὶ
868 1114 905 1143 ὧν
920 1118 949 1145 ὲν

159 1157 201 1183 ὲτέ
207 1166 244 1192 ρῳ
258 1157 330 1192 λόγῳ
344 1158 458 1193 διέξειμι
469 1158 503 1185 τὰ
522 1160 709 1196 ἱστορούμενα.
723 1163 776 1188 Τοῦ
788 1171 818 1189 τε
833 1163 950 1199 Ἀϐραά-

162 1212 210 1238 μου
228 1203 268 1230 ἔτι
283 1205 329 1231 καὶ
342 1204 389 1231 νῦν
406 1205 435 1232 ἐν
456 1207 489 1241 τῇ
510 1207 675 1244 Δαμασκηνῇ
695 1207 725 1236 τὸ
743 1208 828 1244 ὗνομα
840 1209 949 1243 δοξάζε-

159 1258 212 1281 ται,
230 1250 277 1277 καὶ
295 1249 375 1286 κώμη
397 1251 444 1278 ἀπ’
465 1252 547 1278 αὑτοῦ
570 1253 717 1285 δείκνυται,
741 1254 895 1290 Ἀὕραάμου
909 1257 949 1283 οτ-

161 1304 239 1331 κησις
245 1296 388 1332 λεγομένη.
396 1297 517 1338 Λιμοῦηδὲ
527 1298 593 1334 (24‘)
603 1299 709 1334 χρόνοις
717 1299 829 1335 ὕστερον
836 1301 884 1336 τὴν
893 1303 949 1328 Χα-

161 1343 270 1369 ναναίαν
293 1343 501 1376 καταλαϐόντος,
525 1344 695 1380 Ἀϐραάμης,
720 1346 885 1380 Αἰγυπτίους
905 1348 949 1374 εὐ-

162 1387 296 1423 δαιμονεῖν
312 1388 472 1424 πυθόμενος,
489 1390 604 1426 διαίρειν
624 1391 692 1426 πρὸς
708 1392 806 1425 αὐτοὺς
827 1391 861 1427 ἦν
884 1393 951 1428 πρό-

164 1433 255 1469 θυμος,
270 1435 320 1470 τῆς
333 1443 361 1461 τε
374 1435 503 1469 ἀφθονίας
512 1436 561 1472 τῆς
570 1437 680 1464 ἐκείνων
695 1437 824 1473 μεθέξων,
839 1440 884 1466 καὶ
896 1440 950 1467 τῶν

165 1480 256 1515 ἱερέων
281 1481 418 1517 ἀκροατὴς
437 1481 574 1517 ἐσόμενος,
598 1479 635 1510 ὧν
655 1483 758 1518 λέγοιεν
781 1485 845 1520 περὶ
870 1486 949 1519 θεῶν,

163 1526 179 1561 ἦ
210 1526 264 1561 γὰρ
293 1526 447 1562 κρείσσοσιν
481 1528 614 1563 εὑρεθεῖσι
647 1530 907 1566 κατακολουθήσειν,
933 1532 949 1568 ἢ

165 1573 381 1607 μετακοσμήσειν
395 1573 493 1605 αὐτοὺς
507 1574 552 1600 ἐπὶ
571 1574 601 1601 τὸ
616 1574 734 1610 βέλτιον,
751 1576 831 1608 αὐτὸς
847 1577 951 1613 ἀμείνω

164 1618 276 1653 φρονῶν.
293 1617 349 1645 Εἴθ’
367 1619 431 1654 ὲξῆς
461 1620 581 1654 ἐπιλέγει
592 1629 598 1635 ·
617 1622 672 1648 Καὶ
700 1622 783 1657 συνῆν
795 1623 950 1657 Αἰγυπτίων
964 1614 985 1642 C

162 1665 219 1695 τοῖς
232 1664 416 1698 λογιωτάτοις,
438 1665 487 1701 τήν
504 1674 533 1692 τε
550 1666 650 1702 ἀρετὴν
664 1667 756 1700 αὐτοῦ,
777 1668 824 1695 καὶ
840 1668 890 1704 τὴν
906 1669 949 1695 ἐπ’

164 1711 237 1746 αὖτῷ
249 1711 328 1744 δόξαν
338 1712 460 1739 ἐντεῦθεν
472 1713 687 1750 ἐπιφανεστέραν
703 1714 801 1751 συνέϐη
813 1715 949 1750 γενέσθαι.

165 1757 224 1783 Τῶν
244 1758 300 1794 γὰρ
321 1759 476 1792 Αἰγυπτίων
497 1759 636 1795 διαφόροις
655 1761 845 1796 ἀρεσκομένων
868 1761 949 1794 ἔθεσι,

164 1805 211 1831 καὶ
223 1805 257 1831 τὰ
270 1806 335 1840 παρ’
348 1805 472 1841 ἀλλήλοις
491 1806 706 1841 ἐκφαυλιζόντων
720 1808 832 1843 νόμιμα,
848 1808 894 1834 καὶ
908 1807 952 1835 διὰ

165 1851 243 1877 τοῦτο
263 1851 401 1887 δυσμενῶς
425 1852 541 1888 ἐχόντων
562 1853 630 1888 πρὸς
650 1853 790 1888 ἀλλήλους,
807 1853 952 1889 συμϐαλὼν

165 1897 253 1924 αὐτῶν
268 1898 402 1930 ἑκάστοις,
415 1899 462 1925 καὶ
477 1898 613 1926 διαπτύων
626 1899 688 1931 τοὺς
699 1899 804 1934 λόγους,
819 1899 866 1932 οὒς
878 1901 952 1927 ἐποι-

164 1943 242 1970 οῦντο
267 1944 331 1979 περὶ
352 1944 407 1971 τῶν
432 1945 520 1977 ἰδίων,
545 1946 639 1977 κενοὺς
668 1945 715 1972 καὶ
744 1946 824 1981 μηδὲν
855 1946 953 1981 ἀληθὲς

165 1990 274 2024 ἔχοντας
288 1991 430 2024 ἀπέφαινε.
445 1991 617 2026 Θαυμασθεὶς
632 1988 677 2018 οὖν
690 1991 735 2018 ὑπ’
749 1991 838 2018 αὐτῶν
851 1992 880 2018 ὲν
892 1993 953 2024 ταῖς

166 2035 318 2066 συνουσίαις
333 2034 371 2066 ὡς
391 2035 583 2068 συνετώτατος,
600 2037 646 2062 καὶ
661 2036 746 2068 δεινὸς
760 2037 828 2072 ἀνὴρ
843 2037 874 2063 οὐ
890 2037 953 2072 νοῆ-

166 2090 210 2107 σαι
232 2081 321 2116 μόνον,
337 2081 405 2108 ἀλλὰ
424 2082 470 2108 καὶ
492 2084 583 2109 πεῖσαι
606 2082 692 2116 λέγων
710 2083 773 2118 περὶ
795 2080 831 2109 ὧν
847 2082 879 2110 ἂν
894 2084 953 2109 ἐπι-

165 2127 303 2162 χειρήσειε
317 2127 463 2158 διδάσκειν,
477 2129 526 2164 τήν
536 2137 564 2154 τε
578 2128 759 2164 ἀριθμητικὴν
771 2128 861 2160 αὐτοῖς
876 2128 952 2164 χαρίρ

166 2172 251 2203 ζεται,
267 2174 314 2199 καὶ
328 2172 362 2199 τὰ
375 2174 438 2209 περὶ
452 2174 627 2210 ἀστρολογίαν
642 2174 817 2210 παραδίδωσι.
832 2175 888 2210 Πρὸ
899 2174 952 2210 γὰρ

165 2218 216 2253 τῆς
238 2218 393 2255 Ἀϐραάμου
418 2223 577 2255 παρουσίας,
601 2219 744 2254 Αἰγύπτιοι
766 2221 867 2247 τούτων
881 2219 952 2256 εἶχον

165 2263 290 2299 ἀμαθῶς.
309 2265 357 2291 Ἐκ
373 2265 513 2292 Χαλδαίων
527 2262 580 2302 γὰρ
599 2266 675 2292 ταῦτ’
697 2266 837 2302 ἐφοίτησεν
849 2267 888 2298 εὶς
904 2267 951 2292 Αἴ-

166 2317 279 2344 γυπτον,
293 2310 354 2337 ὅθεν
365 2308 429 2346 ἦλθε
449 2311 496 2338 καὶ
519 2313 558 2343 είς
580 2313 642 2344 τοὺς
655 2311 795 2348 Ἕλληνας.
813 2322 822 2338 ι
836 2312 926 2339 Ταῦτα
940 2313 953 2338 ὁ

173 2355 314 2391 Ἰώσηπος.

999 983 1062 1003 eum
1079 983 1113 1003 ex
1126 976 1238 1012 regione
1256 976 1447 1005 Chaldaeorum
1465 978 1535 1006 ultra
1550 978 1717 1014 Babylonem
1733 980 1785 1008 sita

999 1029 1062 1050 eum
1088 1022 1211 1050 exercitu
1238 1022 1395 1058 profectus,
1419 1031 1452 1051 eo
1473 1025 1696 1060 commigrasset:
1724 1025 1788 1053 inde

999 1073 1064 1093 vero
1081 1065 1153 1093 haud
1170 1066 1252 1102 longo
1268 1071 1330 1101 post
1351 1071 1482 1102 tempore,
1502 1070 1615 1097 mutatis
1639 1070 1728 1098 denuo
1744 1078 1788 1098 se-

999 1113 1089 1146 dibus,
1103 1121 1174 1146 eam,
1190 1121 1251 1148 qua
1269 1118 1326 1141 tum
1343 1113 1508 1146 Chananaea,
1535 1123 1609 1142 nunc
1627 1119 1719 1143 autem
1734 1115 1788 1143 Ju-

1000 1160 1056 1188 daaa
1071 1165 1256 1195 nuncupatur.
1274 1168 1335 1187 cum
1351 1161 1408 1188 suis
1425 1161 1551 1194 incoluit,
1572 1169 1677 1190 necnon;|
1710 1161 1787 1189 illius

999 1206 1102 1241 posteri
1127 1213 1243 1233 numero
1264 1214 1295 1233 ac
1310 1206 1484 1233 multitudine
1506 1206 1590 1238 aucti,
1612 1215 1729 1242 quorum
1752 1207 1788 1235 de

1000 1253 1082 1280 rebus
1098 1251 1181 1279 alium
1197 1252 1264 1279 mihi
1286 1260 1388 1287 sepono
1411 1253 1518 1280 dicendi
1538 1253 1639 1280 locum.
1658 1252 1691 1280 Et
1705 1260 1785 1286 vero,

1001 1298 1114 1326 illustris
1129 1298 1279 1325 etiamnum
1296 1297 1458 1326 Abrahama:
1471 1298 1590 1326 nominis
1611 1303 1667 1326 tota
1683 1299 1788 1333 passim

1002 1345 1168 1374 Damascena
1182 1346 1293 1381 regione
1307 1346 1439 1373 memoria
1455 1350 1508 1378 est,
1522 1353 1554 1372 ac
1570 1349 1661 1373 certus
1675 1345 1785 1380 quidam

1001 1391 1079 1419 vicus
1093 1392 1255 1424 ostenditur,
1277 1391 1349 1426 quod
1371 1391 1532 1418 Abrahamae
1547 1390 1717 1417 domicilium
1736 1397 1788 1417 no-

1001 1438 1116 1465 minant.
1138 1439 1249 1471 Verum,
1263 1438 1309 1465 ubi
1326 1437 1416 1473 gravis
1429 1441 1523 1472 postea
1538 1437 1624 1464 fames
1638 1437 1665 1464 in
1681 1437 1788 1464 Chana-

1002 1491 1087 1511 nzeam
1102 1483 1281 1518 incubuisset,
1301 1484 1324 1512 is
1338 1484 1411 1519 quod
1427 1492 1542 1511 annonae
1554 1484 1631 1518 copia
1644 1483 1787 1519 Egyptial

1003 1529 1141 1557 abundare
1157 1529 1330 1566 intelligeret,
1347 1530 1464 1557 libenter
1481 1530 1593 1556 omnino
1610 1537 1670 1557 sese
1686 1530 1719 1556 ad
1737 1537 1787 1557 eos

1003 1575 1132 1607 contulit,
1154 1575 1254 1610 partim
1280 1580 1311 1603 ut
1336 1575 1458 1610 ipsorum
1489 1575 1613 1602 ubertate
1639 1575 1785 1609 frueretur,

1003 1621 1101 1655 partim
1117 1625 1147 1648 ut
1163 1622 1353 1657 Egyptiorum
1368 1621 1538 1649 sacerdotum
1560 1621 1593 1648 de
1607 1621 1660 1649 diis
1680 1621 1786 1655 opinio-

1003 1674 1064 1693 nem
1080 1667 1229 1702 acciperet:
1246 1667 1298 1695 hoc
1314 1667 1408 1702 utique
1428 1667 1554 1699 consilio,
1569 1666 1607 1694 uti
1624 1667 1646 1694 si
1673 1666 1786 1694 meliora

1006 1714 1153 1747 traderent,
1182 1722 1214 1741 ea
1242 1718 1410 1748 sectaretur;
1436 1713 1478 1741 sin
1499 1717 1589 1740 autem
1614 1712 1705 1740 verius
1728 1713 1787 1747 ipse

1005 1761 1128 1793 sentiret,
1146 1768 1193 1787 eos
1213 1765 1310 1788 contra
1325 1760 1464 1787 saniorem
1490 1759 1522 1786 ad
1539 1763 1656 1786 mentem
1677 1762 1789 1786 senten-

1005 1805 1124 1840 tiamque
1147 1805 1309 1833 traduceret.
1340 1805 1378 1833 Ac
1407 1805 1534 1839 deinceps
1562 1804 1599 1831 ita
1629 1804 1785 1839 subjungit:

1004 1851 1073 1879 Cum
1102 1850 1302 1887 Egyptiorum,
1322 1851 1420 1886 inquit,
1445 1850 1638 1878 eruditissimis
1668 1849 1789 1877 familia-

1007 1897 1073 1924 riter
1090 1900 1220 1928 uteretur,
1236 1903 1336 1923 novum
1351 1896 1410 1930 ipse
1427 1903 1481 1922 non
1502 1895 1536 1922 ad
1557 1895 1683 1922 virtutem
1706 1896 1788 1923 modo

1005 1951 1094 1974 suam,
1110 1950 1203 1969 verum
1219 1942 1301 1968 etiam
1317 1941 1351 1968 ad
1367 1941 1485 1968 nominis
1497 1940 1726 1967 existimationem
1740 1940 1788 1968 de-

1006 1997 1055 2016 cus
1079 1996 1110 2015 ac
1129 1987 1297 2022 splendorem
1321 1986 1455 2021 adjunxit.
1482 1985 1549 2012 Nam
1576 1986 1648 2020 quod
1667 1986 1788 2021 Egyptii

1006 2033 1222 2069 discrepantibus
1236 2032 1358 2059 moribus
1369 2031 1505 2063 delectati,
1522 2039 1586 2058 suos
1600 2031 1708 2066 ipsituet
1720 2032 1789 2058 alio-

1006 2088 1066 2108 rum
1082 2080 1127 2106 alii
1141 2079 1210 2106 ritus
1224 2078 1315 2105 verbis
1325 2077 1472 2110 elevareut,
1484 2081 1634 2111 mutuoque
1646 2081 1790 2111 propterea

1005 2126 1089 2162 418
1101 2125 1164 2152 odio
1178 2127 1344 2156 tenerentur,
1360 2123 1404 2151 ille
1418 2130 1480 2151 cum
1493 2123 1609 2158 singulis
1622 2123 1658 2149 ita
1673 2123 1788 2150 seorsim

1006 2173 1111 2207 agebat,
1128 2176 1157 2198 ut
1172 2169 1303 2206 quidquid
1320 2170 1378 2197 suis
1399 2170 1499 2204 quique
1518 2170 1552 2197 de
1565 2169 1645 2197 rebus
1664 2177 1695 2196 ac
1706 2169 1790 2203 placi-

1007 2219 1042 2246 tis
1058 2217 1229 2252 disputarent
1248 2216 1274 2243 id
1288 2220 1374 2242 totum
1389 2215 1447 2250 ipsc
1460 2219 1610 2250 respueret,
1626 2218 1653 2242 et
1665 2215 1698 2241 ab
1714 2213 1788 2241 omni

1007 2263 1119 2292 veritate
1143 2269 1258 2289 vacuum
1281 2268 1342 2288 esse
1368 2261 1577 2288 demonstraret.
1610 2259 1669 2293 Quo
1685 2259 1789 2287 factum

1007 2315 1058 2344 est,
1084 2313 1115 2336 ut
1134 2309 1162 2335 in
1183 2306 1351 2343 quotidiauis
1364 2313 1426 2333 eum
1455 2305 1612 2340 mutuisque
1632 2304 1787 2339 congressi-

1005 2357 1067 2388 bus,
1082 2359 1212 2389 tanquam
1225 2351 1468 2388 sapientissimum,
1479 2358 1530 2378 nec
1540 2349 1670 2385 singulari
1683 2353 1787 2375 tantum

167 2402 334 2437 intelligendi
366 2403 392 2430 vi
415 2403 568 2438 praeditum,
600 2405 646 2431 sed
669 2405 750 2432 etiam
771 2404 805 2432 ad
827 2404 1046 2439 persuadendum
1077 2401 1148 2433 aliis,
1163 2399 1294 2435 quidquid
1306 2397 1476 2433 probandum
1505 2396 1681 2430 suscepisset,
1694 2398 1788 2429 poten-

167 2448 305 2476 tissimum
335 2449 547 2477 admirarentur.
580 2451 675 2485 Itaque
700 2451 900 2478 arithmeticam
925 2458 973 2477 eos
1009 2453 1091 2484 atque
1133 2445 1308 2481 astrologiam
1333 2444 1437 2479 prolixe
1457 2451 1489 2471 ac
1512 2442 1662 2493 liberaliter
1683 2440 1786 2493 docuit.

168 2496 267 2531 quibus
297 2496 325 2524 in
355 2497 471 2531 artibus,
492 2503 554 2525 ante
583 2498 669 2533 ipsius
687 2498 843 2532 adventum,
866 2497 989 2533 Egyptii
1009 2496 1130 2531 hospites
1150 2494 1263 2522 omnino
1288 2500 1322 2520 ac
1343 2491 1475 2527 peregrini
1500 2490 1618 2517 fuerant.
1642 2487 1747 2523 Quippe
1770 2493 1786 2513 a

167 2543 302 2572 Chaldaeis
316 2544 343 2572 in
359 2544 517 2581 Egyptum,
538 2545 656 2581 indeque
680 2546 712 2574 ad
723 2545 832 2574 Graecos
861 2546 1004 2580 utriusque
1027 2548 1160 2580 praecepta
1177 2543 1381 2577 permanarunt.
1402 2549 1411 2564 ι
1428 2538 1490 2565 Haec
1505 2536 1650 2572 Iosephus.

430 2594 626 2620 ΚΕΦΛΛᾹΙΟΝ
646 2594 694 2620 ΙΖ¹.

167 2638 346 2674 Εὐπολέμου
361 2639 428 2674 περὶ
449 2639 580 2674 Ἀϐραὰμ,
599 2639 658 2666 ἀπὸ
678 2639 734 2674 τῆς
755 2639 951 2673 Ἀλεξάνδρου

230 2674 285 2701 τοῦ
298 2676 501 2710 Πολυΐστορος
519 2675 585 2709 περὶ.
605 2674 751 2701 Ἰουδαίων
765 2674 890 2710 γραφῆς.

203 2733 314 2769 Συνᾴδει
338 2733 369 2760 δὲ
383 2733 487 2765 τούτοις
504 2733 551 2760 καὶ
562 2733 576 2759 ὁ
590 2732 746 2768 Πολυΐστωρ
764 2731 950 2768 Ἀλέξανδρος,

169 2779 299 2812 mhi-mg
311 2781 349 2808 ὢν
361 2781 408 2807 καὶ
424 2779 581 2816 πολυμαθὴς
597 2779 676 2815 ἀνὴρ,
687 2780 742 2811 τοῖς
754 2787 784 2805 τε
801 2779 838 2814 μὴ
854 2778 955 2814 πάρερ-

169 2833 217 2860 γον
232 2825 278 2852 τὸν
294 2825 348 2852 ἀπὸ
369 2825 491 2857 παιδείας
513 2824 616 2860 καρπὸν
639 2823 830 2859 πεποιημένοις
844 2821 954 2857 Ἕλλησι

207 2904 273 2941 (Ἠ.)
283 2904 467 2941 Μνημονεύει
478 2923 485 2934 ,
499 2907 563 2941 rte.
587 2901 636 2930 llic
657 2902 736 2939 locus,
747 2905 836 2929 exstat
852 2907 912 2935 cap.
923 2899 950 2931 8,

172 2938 221 2968 lib.
234 2947 243 2966 ι
258 2939 401 2974 Antiqui!“
417 2946 476 2974 pag.
496 2938 538 2966 16.

1292 2585 1406 2614 CAPUT
1420 2585 1500 2612 XVII.

1005 2636 1044 2664 De
1060 2635 1220 2665 Abrahamo,
1234 2641 1266 2660 ea;
1288 2630 1442 2665 Eupolemo,
1460 2638 1535 2665 quem
1558 2629 1651 2656 laudat
1667 2628 1785 2656 Alexan-

1102 2671 1148 2697 der
1163 2669 1326 2704 Polyhistor,
1351 2666 1395 2692 ubi
1418 2666 1449 2692 de
1465 2665 1567 2693 Judwis
1585 2664 1687 2693 scribit.

1055 2727 1160 2761 Quibus
1184 2725 1339 2761 Polyhistor
1358 2721 1511 2750 Alexander
1525 2721 1603 2756 plane
1614 2720 1785 2756 suﬂragatur,

1007 2774 1050 2801 vir
1067 2772 1168 2802 summi
1185 2770 1286 2806 ingenii
1301 2769 1446 2803 multaeque
1462 2766 1636 2799 eruditionis,
1662 2766 1786 2800 idemque

1007 2820 1108 2848 Grecis
1124 2817 1293 2848 hominibus,
1307 2815 1354 2851 qui
1373 2822 1426 2841 non
1443 2813 1537 2841 leviter
1557 2820 1588 2841 ac
1602 2811 1787 2848 perfunctorie

1043 2897 1108 2929 (24‘)
1129 2895 1222 2930 Λιμοῦ
1233 2892 1276 2921 δέ.
1300 2892 1368 2931 lli-nc
1383 2899 1483 2931 novum
1494 2889 1727 2931 _c_aput_.losephus
1741 2897 1787 2918 or—

1012 2926 1094 2968 ditur,
1103 2926 1227 2966 suisque,
1243 2937 1296 2957 non
1316 2927 1429 2961 Nicolai,
1445 2926 1534 2955 verbis
1552 2926 1644 2954 utitur.
