2070 3206
166 182 215 213 709

739 185 900 213 ΡΒᾹΞΡᾹΒ.
922 182 1048 212 EVANG.
1069 182 1133 210 LIB.
1155 182 1202 211 IX.

1739 185 1793 213 ne

164 247 217 276 τοῖς
232 245 442 280 εἰσηγήσασθαι,
458 246 577 281 φάμενον
599 245 786 277 Βαϐυλωνίους
801 245 888 272 ταῦτα
904 244 948 272 καὶ

1003 243 1151 271 Abraliami
1166 250 1279 270 uxorem
1296 250 1356 271 esse
1371 243 1561 278 comperisset,
1580 243 1637 271 viro
1651 251 1702 272 suo
1729 245 1792 271 red-

163 291 241 318 αὗτὺν
265 291 420 326 εὑρηκέναι,
437 291 486 326 τὴν
511 292 539 317 δὲ
559 291 666 327 εὕρεσιν
692 292 781 318 αὐτῶν
805 293 845 323 εἰς
864 291 949 327 Ἑνὼχ

163 337 350 372 ἀναπέμπειν,
385 338 430 364 καὶ
462 337 555 364 τοῦτον
587 337 731 373 εὑρηκέναι
766 337 873 372 πρῶτον
901 337 950 372 τὴν

163 382 338 418 ἀστρολογίαν
357 383 424 415 (99),
438 384 487 410 οὐκ
501 383 675 418 Αἰγυπτίους.
692 383 877 415 Βαϐυλωνίους
896 382 951 418 γὰρ

163 427 249 462 λέγειν
270 427 379 463 πρῶτον
392 428 517 462 γενέσθαι
529 428 624 464 Βῆλον,
648 429 677 455 ὃν
690 427 758 455 εἶναι
784 428 902 465 Κρόνον·
918 429 951 454 ἐκ

162 473 255 500 τούτου
269 474 298 500 δὲ
310 474 435 508 γενέσθαι
449 474 533 509 Βῆλον
549 474 595 500 καὶ
614 474 734 506 Χαναὰν,
749 473 843 500 τοῦτον
860 473 888 500 δὲ
903 473 950 500 τὸν

162 520 270 547 Χαναὰν
284 520 412 554 γεννῆσαι
433 520 480 546 τὸν
498 519 602 555 πατέρα
622 519 676 545 τῶν
689 519 829 546 Φοινίκων.
847 517 949 545 Τούτου

162 566 189 594 δὲ
205 566 284 602 Χοὺμ
300 566 356 592 υἰὺν
377 566 513 600 γενέσθαι,
537 566 566 593 ὅν
585 566 637 593 ὑπὸ
657 565 711 592 τῶν
728 565 859 601 Ἑλλήνων
871 564 950 599 λέγε-

163 611 223 639 σθαι
241 611 382 642 Ἀσὸολον,
395 612 500 647 πατέρα
519 612 547 638 δὲ,
570 611 717 643 Αἰθιόπων,
734 610 848 646 ἀδελφὸν
859 611 888 637 δὲ
902 609 949 636 τοῦ

162 659 330 695 Μεστραείμ,
346 659 452 695 πατέρα
477 659 641 693 Αἰγυπτίων.
660 658 791 694 ’Έλληνας
808 657 836 684 δὲ
860 657 950 691 λέγειν

161 705 206 731 τὸν
224 704 358 732 Ἄτλαντα
375 705 520 740 εὑρηκέναι
543 704 734 740 ἀστρολογίαν·
761 701 829 730 εἶναι
849 703 877 729 δὲ
905 702 950 729 τὸν

164 749 296 776 Ἄτλαντα
317 750 361 776 τὸν
386 750 466 776 αὑτὸν
491 750 538 776 καὶ
558 749 652 785 Ἑνώχ.
667 749 720 776 Τοῦ
731 749 759 775 δὲ
777 748 860 784 Ἑνὼχ
878 748 951 782 γενέ-

163 797 222 824 σθαι
249 797 306 824 υἰὺν
327 797 516 830 Μαθουσάλαν,
537 797 566 823 ὂν
591 796 679 823 πάντα
695 796 728 823 δι’
748 795 870 830 ἀγγέλων
884 794 950 822 Θεοῦ

161 845 272 878 γνῶναι,
288 845 335 871 καὶ
348 845 429 880 ἡμεῖς
441 843 527 875 οὕτως
541 842 698 878 ἐπιγνῶναι.
712 852 721 868 3

1004 289 1111 317 diderit.
1128 288 1273 320 Caeterum,
1298 296 1360 316 cum
1387 289 1458 324 apud
1486 288 1646 324 Heliopolim
1665 289 1791 318 Abraha-

1003 343 1065 362 mus
1085 335 1277 370 IEgyptiorum
1306 336 1479 363 sacerdotum
1494 337 1692 363 consuetudine
1707 337 1792 371 pluri-

1003 389 1078 408 mum
1094 385 1226 415 uteretur,
1251 381 1337 408 multa
1361 382 1446 416 ipsos,
1471 389 1578 409 necnon
1603 383 1792 418 astrologiam,

1004 436 1118 464 quaeque
1134 429 1167 455 ad
1183 436 1243 456 eam
1260 429 1399 463 pertinent
1413 429 1516 461 omnia,
1533 428 1580 455 illo
1595 429 1709 456 docente
1722 429 1792 456 didi-

1004 475 1076 502 cisse
1091 474 1183 506 tradit,
1202 474 1243 502 sic
1259 478 1350 501 tamen
1370 481 1464 501 eorum
1482 474 1665 502 inventionem
1682 474 1793 509 Babylo-

1003 519 1057 546 niis
1074 525 1155 554 atque
1168 519 1326 546 Abrahamo
1343 519 1395 553 ipsi
1410 519 1574 553 attribuens,
1598 524 1628 546 ut
1641 519 1791 554 principem

1003 565 1112 593 illorum
1129 569 1269 592 auctorem
1284 564 1428 592 Enoclium
1454 565 1539 593 fuisse
1558 569 1670 599 statuat,
1692 566 1793 600 quippe

1003 610 1050 645 qui
1063 610 1168 645 primus
1180 610 1305 637 omnium
1313 610 1499 645 astrologiam
1512 610 1654 644 invenerit,
1672 618 1726 638 non
1739 618 1791 638 au-

1002 660 1056 683 tem
1076 655 1208 692 Egyptii.
1225 655 1372 684 Enimvero
1394 656 1560 692 Babylonios
1575 657 1668 684 dicere
1685 657 1792 688 solitos.

1002 702 1122 736 primum
1137 703 1275 731 exstitisse
1291 702 1396 736 Belum,
1423 703 1470 738 qui
1496 702 1632 730 Saturnus
1646 703 1728 737 vulgo
1742 709 1792 730 no-

1003 749 1133 782 minetur,
1148 749 1250 784 quique
1263 748 1360 776 Belum
1377 749 1493 776 alterum
1505 756 1568 776 cum
1583 747 1732 776 Chanaane
1746 757 1793 776 su—

1005 794 1122 829 sceperit
1146 804 1153 821 :
1179 794 1251 823 hunc
1275 803 1341 824 vero
1358 795 1545 828 Clianaanem,
1562 794 1725 822 Phoenicum
1742 802 1792 830 pa-

1004 844 1107 868 rentem
1132 842 1270 876 genuisse,
1298 841 1377 877 cujus
1402 841 1476 869 illius
1498 841 1624 869 Chumus
1643 842 1789 875 exstiterit,
1819 853 1822 861 ·

161 900 240 926 quem
255 891 387 919 Asbolum
415 891 502 919 Graeci
531 890 696 918 nominant:
726 898 789 917 eum
822 888 969 916 Mestraimi
989 887 1111 921 fratrem,
1136 888 1354 924 Ethiopumque
1378 889 1460 917 simul
1480 894 1508 918 et
1531 889 1722 925 Egyptiorum
1747 897 1794 925 pa-

161 944 264 966 rentem
294 938 378 966 fuisse
406 948 413 965 :

440 939 549 966 tametsi
568 938 703 965 Atlantem
718 937 805 965 Graeci
829 937 983 972 astrologiae
1002 936 1172 964 inventorem
1197 944 1258 964 esse
1286 937 1386 969 velint;
1420 938 1469 965 sed
1496 937 1627 964 nimirum
1653 937 1791 965 Atlantem

117 996 120 1002 ι
161 985 284 1013 eiimdem
301 993 361 1014 esse
381 993 460 1021 quem
491 985 717 1020 Enoebum,'qui
743 984 971 1012 Mathusalamum
1007 984 1092 1011 [illum
1113 984 1259 1019 habuerit;
1290 985 1420 1021 huncque
1441 985 1476 1013 ab
1501 986 1605 1021 angelis
1631 984 1678 1013 Dei
1701 986 1794 1013 omnia

161 1034 297 1068 didicisse,
313 1042 373 1069 quae
393 1034 501 1061 tandem
522 1033 555 1060 ad
566 1041 616 1061 nos
630 1033 868 1068 cognitionemque
883 1037 1003 1060 nostram
1021 1032 1217 1064 permanarint.
1242 1042 1251 1058 ι

415 1091 614 1118 ΚΕΦΑΛΑΙΟΝ
640 1092 692 1118 lll'.

167 1149 362 1184 Ἀρταπάνου,
376 1150 441 1184 περὶ
455 1150 508 1176 τοῦ
522 1148 625 1180 αὐτοῦ,
642 1149 699 1175 ἀπὸ
713 1148 767 1183 τῆς
780 1149 874 1183 αὐτῆς
886 1157 952 1184 γερα-

379 1185 439 1219 φῆς
450 1185 504 1211 τοῦ
517 1185 731 1217 Πολυΐστορος.

196 1253 205 1268 ι
217 1242 386 1278 Ἀρτάπανος
393 1242 421 1270 δέ
433 1249 513 1276 φησιν
524 1241 551 1266 έν
566 1240 627 1272 τοῖς
635 1239 805 1272 Ἰουδαϊκοῖς
819 1239 882 1271 τοὺς
900 1240 949 1275 μὲν

166 1285 307 1317 Ἰουδαίους
324 1286 504 1321 ὀνομάζεσθαι
528 1285 656 1322 Ἑρμιοὺο
683 1285 750 1321 (50),
769 1285 783 1312 ὃ
797 1284 866 1312 εἶναι
883 1285 949 1321 μεθ-

161 1331 341 1366 ερμηνευθὲν,
362 1332 431 1358 κατὰ
461 1332 511 1367 τὴν
541 1331 652 1357 Ἐλλάδα
680 1331 779 1366 φωνὴν,
800 1331 948 1358 Ἰουδαῖοι·

161 1376 299 1403 καλεῖσθαι
311 1376 339 1403 δὲ
357 1377 455 1408 αὐτοὺς
474 1377 611 1411 Ἐϐραίους
627 1375 680 1402 ἀπὸ
701 1376 866 1412 Ἀϐραάμου.
881 1377 948 1403 Τοῦ-

161 1431 204 1449 τον
216 1423 244 1449 δέ
257 1431 324 1458 φησι
344 1424 471 1458 πανοικίᾳ
494 1424 580 1450 ἐλθεῖν
600 1426 639 1457 εἰς
658 1424 794 1459 Αἴγυπτον
819 1424 887 1459 πρὸς
903 1424 948 1450 τὸν

161 1470 212 1496 τῶν
225 1470 381 1503 Αἰγυπτίων
395 1470 505 1505 βασιλέα
519 1470 689 1507 Φαρεθώνην,
702 1470 749 1497 καὶ
761 1470 810 1506 τὴν
821 1470 948 1506 ἀστρολο-

161 1517 220 1550 γίαν
234 1517 314 1544 αὐτὸν
326 1517 428 1550 διδάξαι
438 1526 444 1532 ·
462 1517 589 1553 μείναντα
605 1518 632 1544 δὲ
648 1518 694 1552 ἐτη
711 1518 769 1544 ἐκεῖ
785 1517 880 1550 εἰκοσι,
894 1517 949 1543 πά-

161 1562 200 1589 λιν
212 1564 251 1594 εἰς
262 1564 326 1594 τοὺς
336 1563 406 1590 κατὰ
416 1564 515 1599 Συρίαν
527 1563 714 1599 ἀπαλλαγῆναι
728 1564 828 1595 τόπους
836 1572 843 1579 ·
857 1563 910 1590 τῶν
919 1563 948 1589 δὲ

160 1609 246 1644 τούτῳ
260 1609 438 1636 συνελθόντων
450 1609 563 1642 πολλοὺς
578 1611 606 1636 ὲν
626 1610 768 1645 Αἰγυπτίῳ
784 1611 947 1645 καταμεῖναι

160 1655 202 1681 διὰ
221 1656 270 1691 τὴν
289 1655 460 1691 εὐδαιμονίαν
478 1658 527 1692 τῆς
550 1656 649 1692 χώρας.
674 1656 717 1683 Ἐν
733 1657 761 1683 δὲ
777 1656 945 1688 ἀδεσπότοις,

160 1701 275 1737 εἱρομεν
295 1702 419 1738 Ἀϐραὰμ.
434 1703 601 1739 ἀναφέροντα
620 1703 660 1734 εἰς
679 1703 742 1735 τοὺς
756 1703 896 1737 γίγαντας,
909 1703 947 1728 οἰ-

160 1747 272 1779 κοῦντας
283 1749 311 1774 ὲν
325 1749 357 1783 τῇ
369 1748 536 1783 Βαϐυλωνίᾳ,
546 1748 589 1774 διὰ
599 1749 648 1784 τὴν
661 1748 788 1774 ἀσέϐειαν
798 1748 908 1779 τούτους
918 1747 946 1773 δὲ

160 1793 212 1819 ὑπὸ
227 1793 280 1820 τῶν
299 1793 367 1820 θεῶν
391 1795 576 1830 ἀναιρεθῆναι,
597 1791 634 1821 ὧν
656 1794 703 1821 ἕνα
725 1794 826 1830 Βῆλον,
849 1793 947 1828 ὲκφεὺ-
962 1798 982 1827 c

159 1847 240 1873 γοντα
253 1839 299 1866 τὸν
314 1839 437 1871 θάνατον,
453 1842 481 1867 ἐν
495 1840 632 1867 Βαϐυλῶνι
653 1842 824 1876 κατοικῆσαι,
843 1841 947 1876 πύργον

158 1892 188 1911 τε
200 1885 449 1918 κατασκευάσαντα,
462 1886 490 1911 ἐν
501 1885 574 1921 αὐτῷ
581 1885 744 1917 διαιτᾶσθαι,
753 1886 782 1912 ὃν
792 1885 824 1921 δὴ
838 1886 891 1912 ἀπὸ
899 1885 946 1912 τοῦ

159 1932 411 1964 κατασκευάσαντος
430 1932 527 1968 Βήλου,
540 1932 625 1967 Βῆλον
643 1932 899 1968 ὁνομασθῆναι.Τὺν
919 1932 947 1958 δὲ

164 1977 328 2014 Ἀὃρὰαμον,
347 1979 396 2014 τὴν
411 1978 605 2014 ἀστρολογικὴν
618 1979 772 2015 ἐπιστήμην
790 1978 946 2005 παιδευθέν-

157 2032 202 2053 τα,
219 2024 328 2060 πρῶτον
344 2024 394 2059 μὲν
409 2023 495 2050 ἐλθεῖν
517 2025 556 2056 εἰς
573 2025 712 2060 Φοινίκην,
728 2024 773 2050 καὶ
787 2024 850 2056 τοὺς
865 2025 948 2050 Φοίνι-

158 2078 208 2100 κας
227 2070 405 2105 ἀστρολογίαν
428 2070 542 2103 διδάξαι,
566 2070 678 2106 ὕστερον
699 2071 728 2097 δὲ
746 2071 785 2101 εἰς
810 2070 946 2104 Αἴγυπτον

159 2115 370 2151 παραγενέσθαι.
393 2125 403 2142 ι

417 2199 615 2227 ΚΕΦΑΛΑΙΟΝ
634 2200 683 2226 ΙΘ¹.

158 2255 303 2289 Μήλωνος
319 2255 385 2290 περί
400 2256 454 2283 τοῦ
467 2256 690 2297 αὑτοῦ,ηόμοίως
705 2256 763 2283 ἀπὸ
782 2255 837 2290 τῆς
851 2255 945 2291 αὐτῆς

486 2300 612 2327 τραφης-

196 2358 206 2373 ι
226 2349 254 2375 '0
269 2348 296 2375 δὲ
313 2349 362 2385 τὴν
376 2349 508 2384 συσκευὴν
525 2349 573 2384 τὴν
584 2349 654 2376 κατὰ
684 2349 817 2376 Ἰουδαίων
837 2349 945 2385 γράψας
961 2360 983 2387 D

159 2395 257 2428 Μῆλων
273 2395 342 2421 κατὰ
353 2395 399 2422 τὸν
411 2395 602 2430 κατακλυσμόν
630 2404 712 2431 φησιν
725 2395 777 2422 ἀπὸ
784 2396 834 2430 τῆς
842 2395 942 2430 ’Λρμε-

159 2439 216 2471 νίας
229 2439 356 2466 ἀπελθεῖν
371 2440 416 2466 τὸν
430 2440 635 2476 περιλειφθέντα
647 2441 788 2476 ἄνθρωπον
807 2440 875 2476 μετὰ
889 2439 943 2467 τῶν

158 2484 234 2517 υἰῶν,
249 2485 282 2512 ἐκ
293 2485 347 2512 τῶν
363 2485 434 2512 ἰδίων
446 2486 651 2521 ἐξελαυνόμενον
662 2486 713 2513 ὑπὸ
726 2486 779 2512 τῶν
791 2486 941 2522 ἐγχωρίων·

194 2550 249 2585 (29)
272 2551 331 2585 Τὴν
347 2552 557 2586 ἀστρολογίαν.
579 2551 689 2586 Joseph.
708 2552 838 2586 Antiquit.
855 2551 901 2577 lib.
922 2558 941 2582 ι,

157 2586 217 2630 c.9‘
229 2587 306 2630 z’Tﬁv
319 2595 349 2613 τε
365 2587 548 2630 αριθμητιξῂν
562 2588 651 2618 αὐτοῖς
670 2587 811 2630 χαρίζεται
821 2586 892 2630 ,ικαὶ
908 2586 942 2628 τα

157 2621 221 2655 πρὶ
235 2620 596 2664 ἀστρονομίανβταιραδίδωσι
609 2631 614 2637 ·
633 2620 752 2664 προ-γὰρ
765 2622 814 2656 τῆς
831 2620 943 2663 Ἀϐραά-

159 2664 210 2692 μου
235 2657 386 2692 παρουσίας
401 2657 442 2689 εἰς
459 2658 612 2692 Αἴγυπτον,
634 2659 657 2683 οἰ
677 2657 819 2691 Αἰγύπτιοι
840 2657 942 2682 τούτων

157 2689 229 2725 εἶχον
251 2689 374 2727 ἀμαθῶς.
400 2689 505 2720 Parum
524 2700 590 2720 sane
606 2689 803 2727 probabiliter;
827 2699 888 2718 cum
915 2695 941 2718 et

157 2726 297 2760 perbrevis
311 2727 370 2762 ejus
392 2728 418 2754 in
434 2727 551 2763 {Egypto
565 2726 641 2754 mora
657 2727 754 2758 fuerit,
769 2732 795 2753 et
812 2726 941 2761 gravissi—

158 2763 210 2797 {nis
224 2770 277 2789 non
295 2763 377 2789 modo
392 2763 477 2793 curis,
490 2762 540 2790 sed
556 2764 635 2790 etiam
652 2762 780 2797 periculis
798 2766 938 2796 occupata.

158 2795 223 2833 Nam
238 2798 311 2832 quod
325 2799 445 2833 adjuugit
461 2798 615 2832 Artapanus
625 2817 632 2829 ,
647 2795 832 2824 Abrahamum
853 2804 941 2833 annos

160 2832 251 2866 viginti
270 2832 420 2869 haesissem
438 2833 564 2869 IEgypto,
579 2833 745 2860 luculentum
764 2837 804 2860 est
817 2832 941 2859 cumula-

160 2870 271 2894 tumque
287 2867 468 2894 mendacium.

160 2875 214 2893 ium
238 2875 271 2894 ne
287 2875 468 2894 mendacium.

131 2924 137 2928 .
192 2875 247 2938 (53)
273 2901 416 2936 Ἑρμιούθ.
443 2903 495 2931 Pro
522 2903 668 2940 Ἐρμιούδ,
695 2907 724 2931 ut
745 2903 868 2936 videtur;
889 2901 941 2929 nisi

1229 1090 1311 1127 420
1331 1089 1445 1118 CAPUT
1465 1090 1562 1118 XVIII.

1088 1147 1127 1175 De
1136 1149 1235 1180 eodem,
1248 1156 1280 1175 ex
1293 1149 1438 1182 Arlnpano,
1449 1156 1525 1183 quem
1543 1148 1692 1183 cilatlidem

1317 1183 1482 1219 Polyhistor.

1043 1251 1052 1268 ι
1064 1241 1125 1270 Jam
1136 1249 1201 1270 vero
1212 1241 1367 1276 Artapanus
1385 1241 1412 1268 in
1429 1241 1527 1268 Rerum
1546 1240 1725 1268 Iudaicarum
1750 1241 1792 1268 Iti-

1001 1287 1098 1317 storia,
1120 1286 1229 1315 Iudaeos
1257 1287 1353 1314 scribit
1378 1287 1522 1314 Ilermiuth
1549 1288 1706 1322 nominari;
1733 1297 1794 1325 quae

1003 1339 1067 1365 vox,
1086 1332 1109 1360 si
1125 1332 1212 1359 Graaei
1227 1332 1303 1368 loqui
1326 1333 1406 1364 velis,
1431 1332 1539 1360 Juda’os
1568 1339 1664 1367 sonet;
1682 1334 1792 1362 eosdem

1001 1384 1068 1403 vero
1095 1377 1243 1405 Abraliami
1270 1386 1304 1405 ex
1334 1379 1445 1406 nomine
1474 1378 1603 1407 llebrmos
1628 1380 1791 1414 nuncupari.

1001 1421 1187 1450 Abraliamuiu
1202 1429 1293 1451 autem
1308 1425 1334 1451 in
1351 1424 1498 1459 [Egyptum
1515 1432 1577 1452 cum
1593 1425 1723 1452 universa
1752 1423 1793 1451 fa-

1002 1468 1078 1495 milia
1093 1469 1126 1496 ad
1137 1468 1319 1497 Parethonem
1334 1469 1526 1505 [Egyptiorum
1539 1478 1628 1505 rcgom
1648 1478 1708 1498 sese
1725 1478 1792 1497 con-

1002 1513 1108 1546 tulisse,
1133 1522 1215 1548 quem
1241 1522 1303 1541 cum
1326 1515 1480 1550 astrologim
1495 1515 1639 1549 praeceptis
1656 1515 1793 1543 instituis-

1002 1563 1054 1592 set,
1068 1566 1100 1586 ac
1111 1559 1208 1594 viginti
1226 1559 1398 1588 continentes
1414 1568 1503 1588 annos
1520 1561 1621 1588 ibidem
1633 1561 1743 1595 egisset,
1762 1561 1792 1589 in

1002 1603 1109 1640 Syriam
1122 1604 1212 1632 denuo
1228 1605 1403 1640 remigrasse,
1420 1605 1557 1640 plerisque
1571 1613 1683 1633 suorum
1700 1607 1736 1633 ob
1748 1614 1792 1633 re-

1001 1650 1088 1685 gionis
1112 1650 1263 1678 ubertatem
1288 1652 1315 1678 in
1337 1650 1456 1687 {Egypto
1479 1652 1673 1680 residentibus.
1700 1652 1815 1686 Quan-‘

1001 1704 1082 1731 quam
1098 1696 1124 1723 in
1142 1696 1219 1724 libris
1232 1697 1535 1732 quibusdam,quorum
1550 1703 1675 1726 auctores
1696 1699 1792 1726 incerti

1002 1746 1077 1774 sunt,
1094 1742 1282 1769 Abrahamum
1303 1742 1458 1770 invenimus
1472 1743 1504 1770 ad
1524 1743 1647 1778 gigantes
1673 1743 1790 1772 venisse.

1001 1786 1057 1814 llos
1072 1794 1154 1821 porro
1171 1795 1242 1827 cum.
1253 1787 1431 1824 Babyloniam
1447 1789 1609 1821 incolerent,
1624 1796 1645 1823 a7
1660 1789 1712 1817 diis
1726 1797 1791 1825 pro-

999 1837 1058 1867 pter
1073 1833 1239 1867 impietatem
1265 1834 1401 1862 extinctos
1424 1841 1457 1861 ac
1479 1835 1603 1863 sublatos
1619 1835 1715 1868 fuisse,
1736 1843 1792 1863 uno

1000 1883 1105 1906 tantum
1122 1878 1189 1907 Belo
1201 1881 1359 1915 superstite,
1373 1881 1420 1916 qui
1433 1882 1518 1908 exitio
1533 1882 1687 1909 subductus
1702 1882 1791 1918 Baby-

998 1924 1088 1951 lonem
1106 1926 1234 1958 tenuerit,
1261 1926 1408 1961 sedemque
1435 1927 1486 1954 sibi
1510 1927 1540 1953 in
1562 1934 1593 1954 ea
1611 1927 1791 1962 turri,quam

1000 1970 1116 2005 ipsemet
1127 1972 1306 2004 excitaverat,
1319 1980 1458 2008 quamque
1472 1972 1567 2000 Belum
1588 1973 1740 2001 conditoris
1755 1981 1790 2001 ex

1000 2016 1113 2043 nomine
1135 2017 1318 2052 appellarunt,
1338 2017 1480 2053 delegerit.
1496 2017 1684 2045 Abraliamum
1698 2025 1790 2046 autem

1000 2062 1174 2098 astrologiam
1189 2063 1313 2098 apprime
1328 2063 1484 2096 callentem,
1498 2065 1618 2099 primum
1634 2064 1660 2091 in
1676 2063 1789 2093 Pliaeni-

1000 2107 1083 2141 ciam,
1108 2108 1154 2136 ubi
1172 2108 1318 2137 Phoenices
1340 2110 1435 2137 eadem
1458 2109 1573 2138 scientia
1598 2110 1738 2142 imbuerit,
1757 2117 1790 2138 ac

1001 2151 1139 2180 deindein
1151 2152 1299 2189 Egyptum
1317 2154 1461 2190 migrasse.
1487 2165 1496 2181 ι

1293 2202 1408 2230 CAPUT
1427 2203 1498 2231 XlX.

1051 2259 1090 2287 De
1107 2260 1207 2293 eodem,
1221 2268 1254 2287 ea:
1275 2260 1387 2295 Helene,
1404 2265 1433 2287 ut
1450 2261 1530 2296 refert
1545 2261 1613 2288 idem
1632 2265 1735 2288 auctor.

1041 2360 1049 2376 (
1069 2349 1103 2377 At
1115 2349 1197 2384 Melo,
1222 2350 1246 2377 is
1262 2350 1309 2386 qui
1334 2351 1465 2378 adversus
1488 2350 1596 2378 Judwos
1618 2357 1687 2385 opus
1719 2349 1789 2377 inte-

997 2404 1073 2432 grum
1085 2397 1179 2428 edidit,
1201 2397 1291 2424 virum
1318 2397 1476 2432 quemdam,
1500 2397 1546 2432 qui
1562 2404 1624 2424 cum
1642 2396 1704 2423 ﬁliis
1716 2395 1788 2423 dilu-

998 2444 1070 2470 vium
1084 2443 1224 2478 eﬂ'ugerat,
1254 2444 1288 2470 ab
1301 2443 1435 2478 indigenis
1450 2443 1577 2470 Armenia
1591 2443 1711 2477 pulsum,
1722 2442 1788 2469 aedi-

998 2489 1103 2523 busque
1119 2495 1151 2516 ac
1162 2488 1385 2523 possessionibus
1399 2488 1516 2521 ejectum
1538 2487 1608 2521 suis,
1625 2487 1786 2514 intermedia

995 2556 1077 2584 etiam
1095 2556 1132 2582 ita
1149 2556 1290 2591 legendum
1317 2560 1369 2583 est.
1386 2554 1453 2582 Nam
1470 2554 1541 2581 lianc
1555 2561 1784 2591 quoquevocem,

994 2599 1027 2618 ex
1043 2592 1148 2618 duabus
1161 2589 1296 2618 coaluisse
1311 2591 1364 2618 dici
1381 2595 1480 2625 potest,
1491 2594 1532 2619 ἰν
1544 2595 1605 2619 Dm
1615 2589 1693 2623 quasi
1703 2589 1785 2624 Syro-

994 2626 1102 2654 Judaaus
1114 2647 1121 2658 ,
1143 2634 1211 2659 non,
1226 2625 1337 2653 Iudaeus
1353 2631 1468 2652 tantum.
1493 2626 1528 2651 At
1542 2625 1680 2652 communi
1701 2625 1784 2660 Syro-

994 2669 1055 2688 rum
1073 2662 1182 2688 nomine
1194 2682 1201 2693 ,
1218 2661 1323 2695 profani
1350 2662 1508 2695 scriptores,
1524 2660 1631 2687 Juilwos
1646 2667 1717 2694 saepe
1735 2660 1784 2695 de-

994 2697 1112 2730 signant.
1129 2694 1254 2724 Herodot.
1275 2697 1321 2723 lib.
1341 2704 1371 2728 ιι,
1389 2694 1437 2722 καὶ
1451 2696 1558 2731 Σύροισι
1575 2694 1784 2731 πεζῇ-ὀγΝεκὼς

995 2731 1138 2766 συμΰαλὼν
1155 2733 1183 2758 ἐν
1200 2731 1333 2766 Μαγδὸλῳ
1349 2731 1468 2766 ἐνίκησε.
1486 2730 1567 2765 Atqui
1578 2739 1611 2757 ex
1629 2730 1662 2757 IV
1679 2730 1783 2765 Regum

992 2767 1028 2794 25
1039 2771 1146 2794 constat
1172 2766 1280 2794 Ncchao
1294 2775 1383 2801 regem
1400 2766 1520 2801 Egypti,
1535 2766 1611 2793 .losia
1629 2766 1783 2801 interfecto.

993 2803 1125 2829 tributum
1137 2801 1238 2829 Judaeis
1254 2800 1385 2829 indixisse
1400 2809 1406 2827 :
1424 2800 1530 2828 tametsi
1546 2803 1634 2828 locum
1653 2800 1784 2836 Mageddo

997 2837 1138 2872 Scriptura
1153 2841 1308 2872 vocet,non
1327 2837 1490 2872 Magdolum.
1508 2837 1580 2863 Infra
1595 2837 1719 2864 eamdem
1733 2843 1784 2863 vo-

997 2871 1167 2901 cem’iterum
1184 2873 1217 2900 de
1230 2871 1332 2901 Judaeis
1348 2871 1501 2907 Artapanus
1517 2876 1639 2908 usurpat.
