2070 3206
288 156 340 182 7ιὲ

625 153 760 182 EUSEBll
779 150 1020 180 CESARIENSIS
1039 149 1113 178 OPP.
1134 148 1224 176 PARS
1243 148 1274 175 Il.
1296 148 1543 178 APOL'OGETICA.

1854 151 1906 180 716

288 213 365 240 Liam
391 217 418 240 et
446 212 589 240 Bachclem
619 212 739 243 duxisse,
763 211 835 238 circa
859 217 960 237 annum
984 208 1070 236 aetatis

1127 207 1239 242 Ῥουϐὴν
1248 215 1255 221 ·
1272 207 1316 233 καὶ
1328 206 1366 241 τῷ
1381 207 1435 234 ἔτει
1452 208 1480 234 δὲ
1494 207 1533 243 τῷ
1544 208 1656 243 ὲννάτῳ,
1665 209 1728 245 μηνὶ
1742 209 1838 245 ὀγδόῳ,
1856 211 1906 237 Συ-

287 262 415 294 quartum
442 263 468 285 et
485 257 693 292 octogesimum,
709 257 880 291 aliorumque
900 260 1003 290 septem
1020 262 1068 281 an-

287 313 386 332 norum
400 305 488 339 spatio
498 304 598 330 liberos
613 302 767 336 suscepisse
783 302 894 329 omnino
914 301 1068 328 duodecim.

287 350 393 386 Quippe
422 350 509 377 octavi
533 349 596 376 anni
621 356 716 375 mense
740 348 846 375 decimo
863 347 1005 375 Rubenum
1023 355 1070 381 ge—

288 397 392 426 nuisse.
410 396 474 422 noni
492 400 589 423 octavo
609 394 784 429 Symeonem,
801 394 898 421 decimi
917 398 993 421 sexto
1020 393 1071 420 Le-

287 444 393 474 viuum,
413 442 549 469 undecimi
573 446 671 476 quarto
692 441 802 468 ludam.
821 440 890 467 Tum
904 448 969 467 vero
984 448 998 467 a
1014 439 1070 466 Ra-

287 489 373 519 chele.
390 488 462 523 quod
477 488 578 515 sterilis
599 492 680 519 esset,
700 487 824 514 muliebri
848 487 978 514 adversus
994 494 1070 513 soro-

287 542 343 561 rem
361 534 461 560 invidia
478 533 620 568 ﬂagrante,
637 532 765 567 Zelpham
779 532 905 560 ancillam
932 532 958 559 in
976 531 1070 559 Jacobi

287 580 385 607 lectum
395 579 490 607 eodem
503 584 623 614 tempore
636 579 800 606 submissam
815 579 909 611 fuisse,
921 586 976 613 quo
988 579 1069 606 etiam

286 625 359 651 Balla
382 623 602 659 Nephtbalimum
630 624 796 659 conceperit,
820 625 884 651 anui
901 624 1006 652 scilicet
1020 632 1072 651 un-

286 671 384 698 decimi
401 678 495 698 mense
508 671 615 705 quinto,
631 678 663 697 ac
680 671 833 698 ouodeeimi
849 671 969 698 secundo
984 671 1070 697 lilium

285 718 432 752 peperisse,
461 725 540 751 quem
558 716 677 743 Gathum
693 717 740 744 Lia
759 716 925 750 nominarit;
943 717 1072 745 alterum-

284 771 338 798 que
355 763 483 797 deinceps
499 763 621 797 ejusdem
638 763 701 789 aoni
722 770 816 790 mense
839 762 1010 797 duodecimo,
1027 763 1071 790 cui

283 809 378 836 Aseris
408 817 509 836 nomen
534 809 628 836 cadent
656 808 702 836 Lia
730 808 843 836 dederit.
869 808 989 836 Rursum
1006 817 1072 836 vero

284 854 360 882 Liam
377 863 425 888 pro
441 855 629 889 mandragorae
642 855 740 890 pomis,
753 862 814 890 qua:
829 854 960 882 Rubenus
972 855 1004 882 ad
1015 854 1070 882 Ra-

285 902 388 929 chelem
408 902 548 934 attulerat,
563 901 714 936 eodemque
730 906 850 936 tempore
868 901 997 937 Zelpham
1017 909 1066 928 an-
1084 894 1105 921 Β

285 946 387 979 cillam,
403 946 456 974 hoc
474 951 516 974 est
528 947 592 974 anni
609 946 762 974 duodecimi
780 953 874 973 mense
891 947 970 974 tertio
984 946 1068 973 ﬁlium

285 994 454 1028 concepisse,
471 994 648 1028 ejusdemque
671 992 733 1019 anni
749 991 912 1020 duodecimo
933 993 1068 1027 genuisse,

283 1048 364 1076 quem
389 1039 556 1067 lssaclmrem
579 1039 754 1073 nuncuparit.
772 1038 862 1073 Atque
877 1038 975 1066 iterum
993 1037 1070 1066 Liam

284 1087 382 1114 decimi
394 1087 467 1114 tertii
483 1086 590 1114 decimo
604 1086 719 1113 alterum
735 1085 890 1120 suscepisse
902 1085 1012 1112 nomine
1021 1087 1071 1113 Za-

285 1133 429 1166 bulonem;
445 1133 600 1168 iterumque
611 1131 710 1159 decimi
732 1132 821 1167 quarti
842 1136 940 1159 octavo
963 1132 1070 1160 Danum

287 1179 436 1215 peperisse.
454 1179 600 1206 Hachelem
616 1186 692 1211 vero,
707 1186 792 1213 quum
808 1178 902 1206 eodem
921 1177 978 1206 fere
1001 1185 1070 1206 tem-

284 1234 360 1260 pore,
377 1233 432 1261 quo
446 1224 494 1252 Lia
515 1224 610 1251 Dinam
625 1224 709 1251 tiliam
722 1228 890 1259 susceperat,
905 1229 1012 1251 uterum
1024 1232 1071 1260 ge-

285 1277 359 1300 stare
373 1272 511 1306 ccepisset,
524 1270 589 1298 anni
603 1270 701 1300 decimi
712 1271 801 1305 quarti
817 1278 911 1298 mense
928 1274 1024 1298 octavo
1037 1270 1070 1297 li—

284 1319 351 1345 lium
369 1325 537 1352 procreasse,
551 1325 632 1351 quem
647 1315 795 1351 Josephum
812 1316 974 1351 appellarit;
988 1321 1071 1351 atque

285 1365 322 1391 ita
340 1364 447 1392 liberos'
455 1365 567 1391 omnino
582 1363 725 1391 duodecim
739 1362 852 1396 Iacobo,
875 1368 977 1398 septem
991 1363 1071 1390 annis

284 1411 385 1446 quibus
400 1410 472 1445 apud
493 1409 633 1437 Labanum
651 1409 765 1441 vixerat,
788 1413 867 1436 natos
890 1408 983 1436 fuisse.
1001 1408 1069 1435 Tum

284 1465 349 1484 vero
367 1456 400 1484 ad
415 1461 519 1492 patrem
535 1455 598 1483 licet
619 1455 646 1482 in
665 1459 764 1482 terram
781 1454 964 1482 Chanamcam
983 1453 1071 1481 redire

284 1508 448 1538 cupientem,
463 1501 567 1530 Labani
582 1506 671 1528 tamen
687 1501 813 1536 precibus
825 1501 927 1528 victum
943 1500 1011 1527 alios
1022 1507 1071 1527 sex

284 1557 372 1576 annos
396 1549 496 1576 ibidem
518 1552 717 1575 commoratum
745 1554 817 1579 esse,
842 1546 934 1581 itaque
959 1545 1104 1594 Charraac

285 1595 355 1630 apud
367 1593 509 1622 Labanum
530 1598 604 1621 totos
629 1599 655 1621 et
682 1593 852 1621 continentes
866 1592 962 1627 viginti
982 1599 1069 1618 annos

283 1642 381 1676 egisse.
399 1640 504 1673 Quibus
525 1640 639 1672 exactis,
661 1639 776 1674 patriam
804 1638 937 1673 repetenti
957 1637 1069 1665 obvium

284 1686 332 1714 Dei
348 1686 485 1721 angelum,
504 1690 648 1721 postquam
672 1685 830 1719 aliquandiu
847 1692 910 1712 cum
932 1691 965 1711 eo
984 1683 1070 1711 lucta-

284 1741 328 1759 tus
342 1736 425 1765 esset,
442 1732 530 1759 femur
544 1731 602 1766 ejus
617 1738 671 1766 qua
698 1734 775 1765 parte
802 1730 885 1757 latius
898 1734 941 1757 est
957 1736 1070 1764 percus-

284 1779 364 1811 sisse,
378 1777 566 1812 Jacobumque
585 1777 666 1804 simul
689 1784 721 1804 eo
734 1776 857 1804 membro
871 1779 1069 1811 torpescentem

282 1825 440 1852 claudicare
454 1824 571 1858 coepisse
582 1824 648 1858 (quo
662 1823 764 1851 factum
780 1823 919 1858 deinceps,
934 1827 965 1850 ut
979 1830 1013 1850 ex
1027 1830 1071 1858 pe-

317 1885 334 1901 ει
351 1880 395 1907 lo.
413 1880 463 1906 οὐκ
483 1879 629 1906 ἐσθίεσθαι.

282 1939 377 1963 curate
400 1935 496 1962 scribit
514 1934 686 1966 Demetrius.
705 1938 733 1962 ut
749 1941 846 1962 novem
862 1934 972 1962 circiter
986 1934 1070 1962 inter-

283 1971 355 1999 v‘allo
371 1970 484 2002 Ruben,
502 1969 656 2005 fratresque
677 1974 872 2002 nascerentur;
890 1969 964 2005 quod
987 1970 1069 1997 etiam

283 2007 311 2034 in
328 2007 434 2034 caeteris
448 2005 575 2033 omnibus
593 2005 685 2032 liberis
698 2005 852 2033 observavit
867 2015 874 2032 ε
890 2005 957 2032 tides
974 2005 1011 2033 sit
1023 2013 1069 2039 pe-

283 2050 330 2069 nes
343 2047 493 2069 auctorem.
506 2040 638 2068 Miuutam
653 2041 725 2068 hanc
743 2041 910 2075 diligentiam
929 2039 1070 2076 Scriptura

283 2078 396 2105 missam
412 2076 485 2103 fecit.

318 2111 549 2147 (45)Παιδισκητ
562 2111 691 2145 Ζελφάν.
703 2110 850 2138 Nominum
866 2110 936 2138 facta
953 2111 1069 2147 mutatio

281 2145 333 2177 est.
351 2145 416 2174 Bala
433 2147 505 2173 enim
528 2146 654 2174 Raclielis
671 2147 768 2174 ancilla
785 2147 944 2179 vocabatur,
968 2145 1068 2174 Genes.

284 2191 351 2215 xxx,
384 2183 410 2209 5.
443 2181 499 2209 Lia:
530 2189 605 2215 vero,
635 2181 844 2216 Zelplia;ibid.,
870 2182 898 2208 9.
914 2181 991 2208 Hunc
1004 2182 1067 2208 item

283 2218 428 2262 ρειηεμίί,
439 2216 950 2262 '99"?!-awesaae:facile;
966 2216 1065 2262 esset
1082 2235 1105 2262 ι)

283 2258 350 2281 tom.
365 2253 391 2284 Ι,
415 2259 488 2279 anno
504 2253 597 2280 mundi
615 2251 699 2285 2285,
715 2260 747 2279 ac
761 2252 910 2287 praesertim
927 2253 954 2278 in
967 2251 1066 2284 schol.,

283 2294 310 2316 ct
322 2289 450 2316 Petavius
464 2289 527 2314 item
543 2293 636 2314 noster
649 2287 696 2314 lib.
713 2295 751 2319 Ix,
765 2295 826 2322 cap.
840 2287 882 2319 19,
899 2287 989 2321 magni
1004 2294 1068 2314 vere

281 2325 372 2359 operis
388 2323 426 2350 De
441 2323 562 2359 doctrina
577 2328 733 2359 temporum.

317 2359 373 2394 (46)
393 2357 560 2385 Συλλαϐεῐν
582 2356 636 2384 τὸν
656 2357 835 2394 Νεφθαλείιέ.
861 2356 958 2384 Veram
983 2357 1067 2385 habes

282 2392 498 2429 patriarcharum
525 2394 638 2429 istorum
657 2400 753 2420 seriem
771 2393 796 2420 in
810 2392 909 2420 Genes.
926 2400 985 2427 cap.
1001 2401 1066 2421 xxix

282 2428 309 2456 et
323 2437 387 2456 xxx.
404 2428 469 2455 Bala
487 2429 596 2463 quidem
610 2428 831 2462 Nephthalimum
851 2428 953 2463 genuit,
968 2433 998 2455 ut
1016 2429 1065 2455 ha-

282 2465 371 2496 betur,
385 2464 483 2491 Genes.
500 2472 569 2496 xxx,
581 2464 608 2490 8.
625 2463 677 2490 Sed
696 2463 848 2490 Demetrius
863 2464 905 2490 bis
920 2464 1041 2497 peccavit
1057 2472 1064 2490 :

283 2500 377 2532 semel,
392 2500 464 2533 quod
481 2499 536 2526 Lize
551 2498 644 2526 Balam
661 2499 808 2532 attribuat;
823 2499 922 2525 iterum
938 2499 1010 2533 quod
1028 2500 1063 2531 ei,

283 2534 444 2596 qu‘am’thiw
469 2535 595 2562 ancillam
616 2533 733 2568 fecerat,
751 2533 971 2569 Neplithalimum
992 2534 1066 2562 hunc

302 2578 316 2595 e
336 2577 373 2596 eri
389 2590 395 2596 .

283 2570 395 2596 dederit.

319 2604 375 2640 (47)
401 2605 486 2640 {lupa
514 2604 633 2640 Ῥαχήλ·
652 2604 827 2633 συλλαϐεῖν.
850 2604 884 2631 Et
911 2604 955 2631 hic
979 2604 1064 2640 multa

284 2644 380 2674 peccat
402 2639 567 2667 Demetrius.
575 2639 703 2668 Primum
728 2641 849 2668 indicare
865 2640 972 2666 videtur
988 2639 1063 2666 Liam

284 2675 453 2709 concepisse,
479 2682 527 2702 nec
543 2680 633 2703 tamen
658 2677 741 2703 fctum
768 2676 818 2710 ipsi
843 2675 926 2702 ullum
938 2675 1062 2710 tribuit:

284 2710 467 2746 (itiraacasane
479 2710 569 2738 minus
583 2711 627 2739 hic
641 2719 708 2746 pura
721 2709 921 2746 sunt:)deinde
935 2709 1063 2746 Zelpliam

284 2745 340 2771 Lua:
356 2745 460 2776 reddit,
483 2753 562 2779 quam
579 2745 813 2774 ante’sustulerat.
831 2745 923 2772 Tertio
938 2745 1063 2772 lssacha-

286 2788 341 2806 rem
364 2780 447 2806 tilium
464 2780 523 2817 ejus
537 2780 612 2814 facit,
625 2790 707 2817 quem
723 2783 837 2817 ipsamet
847 2781 894 2808 Lia
909 2785 1062 2816 pepererat,

285 2817 383 2842 Cenes.
399 2822 463 2847 xxx,
478 2815 521 2842 18.

321 2849 494 2886 (λεὶ-Τεκεῐε
509 2849 575 2886 νειὸν
591 2851 682 2886 ὄνομα
698 2852 765 2878 Δάν.
782 2852 854 2880 Cave
870 2852 975 2879 credas.
1003 2851 1065 2878 Fuit

284 2885 358 2912 enitu
384 2884 442 2912 Dan
467 2884 546 2922 'Bala:
574 2884 699 2915 Racuelis
724 2889 828 2916 ancilla:
855 2888 1062 2924 primogenitus.

1122 253 1193 289 μεών
1203 262 1209 268 ·
1226 253 1321 289 καὶτῷ
1335 254 1389 280 ἔτει
1403 254 1431 280 δὲ
1444 254 1483 290 τῷ
1499 255 1614 290 δεκάτῳ,
1627 255 1693 291 μηνὶ
1706 256 1791 292 ἕκτῳ,
1807 258 1888 283 Λευΐν
1898 267 1904 273 ·

1119 299 1159 335 τῷ
1172 299 1200 326 δὲ
1216 299 1350 335 ἑνδεκάτῳ
1373 299 1439 332 ἔτει,
1465 301 1531 337 μηνὶ
1552 302 1683 337 τετάρτῳ,
1705 302 1819 329 Ἰούδαν
1843 303 1906 330 Ῥα-

1120 346 1171 382 χήλ
1184 355 1214 372 τε
1231 345 1268 381 μὴ
1286 346 1428 374 τίκτουσαν
1443 347 1561 382 ζηλῶσαι
1582 348 1632 383 τὴν
1645 347 1773 383 ἀδελφὴν,
1788 349 1836 376 καὶ
1853 358 1906 376 πα-

1122 393 1277 428 ρακοιμίσαι
1299 392 1337 428 τῷ
1358 392 1454 419 Ἰακὼό
1479 394 1527 429 τὴν
1550 394 1649 429 ἑαυτῆς
1672 394 1817 431 παιδίσκην
1842 396 1907 423 Ζελ⁴

1120 438 1173 472 φὰν
1189 438 1254 473 (45),
1275 438 1314 474 τῷ
1331 438 1405 473 αὐτῷ
1428 439 1525 474 χρόνῳ,
1542 435 1564 473 ᾧ
1581 440 1627 466 καὶ
1645 439 1752 467 Βάλλαν
1768 441 1907 469 συλλαϐεῖν

1119 484 1165 510 τὸν
1186 484 1422 520 Νεφθαλεὶμμῦ),
1440 485 1479 520 τῷ
1506 485 1639 521 ἑνδεκάτῳ
1662 486 1726 518 ἔτει,
1746 488 1812 523 μηνὶ
1838 487 1907 523 πέμ.-

1120 537 1189 564 πτῳ,
1199 530 1245 556 καὶ
1256 531 1344 556 τεκεῖν
1359 529 1398 565 τῷ
1409 530 1550 566 δωδεκάτῳ
1560 530 1625 563 ἔτει,
1632 531 1750 568 δευτέρῳ
1764 533 1830 569 μηνὶ
1839 534 1906 566 υἱὸν,

1120 574 1150 601 ὃν
1171 575 1223 602 ὑπὸ
1239 576 1320 607 Λείας
1336 576 1390 603 Γὰθ
1405 576 1597 613 ὀνομασθῆναι.
1616 577 1672 604 Καὶ
1694 578 1726 605 ἐκ
1748 579 1798 614 τῆς
1812 580 1907 616 αὐτῆς,

1120 620 1167 647 τοῦ
1179 620 1260 648 αὐτοῦ
1272 621 1358 654 ἔτους,
1371 621 1418 648 καὶ
1434 622 1517 657 μηνὸς
1530 622 1691 655 δωδεκάτου,
1700 624 1793 660 ἕτερον
1807 628 1906 659 τεκεῖν,

1120 667 1149 694 ὂν
1166 667 1211 694 καὶ
1227 667 1306 694 αὐτὸν
1323 668 1573 704 προσαγορευθῆναι
1586 669 1638 696 ὑπὸ
1649 670 1730 702 Λείας
1749 671 1908 708 Ἀσήρ.Καὶ

1121 713 1202 740 Λείαν
1228 714 1308 741 πάλιν
1333 715 1393 741 ἀντὶ
1415 714 1470 741 τῶν
1494 715 1585 750 μήλων
1601 715 1654 742 τῶν
1672 717 1870 754 μανδραγόρου,
1890 718 1909 746 ἃ.

1127 759 1240 795 Ῥουϐὴν
1263 761 1430 795 εἰσενεγκεῖν
1447 761 1523 796 παρὰ
1549 761 1667 797 Ῥαχήλ·
1689 762 1828 790 συλλαϐεῖν
1853 764 1909 799 (Π)

1121 805 1169 832 καὶ
1181 806 1231 842 τὴν
1254 806 1400 841 παιδίσκην
1417 807 1521 841 Ζελφὰν
1536 805 1576 841 τῷ
1590 806 1663 842 αὺτῷ
1675 808 1772 844 χρόνῳ,
1783 809 1822 845 τῷ
1833 809 1910 836 δωδε-

1122 852 1196 888 κάτῳ
1214 853 1279 885 ἔτει,
1301 853 1365 889 μηνὶ
1385 853 1477 889 τρίτῳ,
1491 854 1538 880 καὶ
1554 857 1642 882 τεκεῖν
1658 855 1705 882 τοῦ
1723 856 1806 883 αὐτοῦ
1820 856 1909 889 ἔτους,

1118 899 1204 935 μηνὸς
1217 900 1378 934 δωδεκάτου,
1388 901 1454 932 υἱὸν,
1468 902 1515 928 καὶ
1530 902 1614 938 ὄνομα
1631 903 1706 938 αὐτῷ
1718 903 1812 930 θέσθαι
1827 904 1910 932 Ἰσσά-

1121 953 1182 980 χαρ.
1196 946 1251 972 Καὶ
1274 946 1354 972 πάλιν
1377 947 1460 973 Λείαν
1475 947 1515 982 τῷ
1529 948 1744 984 τρισκαιδεκάτῳ
1760 948 1825 982 ἔτει,
1845 950 1910 985 μηνὶ

1120 992 1234 1027 δεκάτῳ,
1259 993 1315 1019 υἱὸν
1339 993 1417 1020 ἄλλον
1434 995 1534 1026 τεκεῖν,
1550 990 1573 1028 ᾧ
1590 994 1674 1030 δνομα
1693 995 1845 1027 Ζαϐουλὼν,
1863 996 1910 1023 καὶ

1120 1039 1170 1074 τὴν
1186 1039 1270 1075 αὐτὴν
1292 1039 1330 1074 τῷ
1343 1040 1631 1076 τεσσαρεσκαιδεκάτη)
1647 1041 1711 1073 ἔτει,
1729 1043 1794 1078 μηνὶ
1812 1043 1907 1078 ὀγδόῳ,

1119 1085 1274 1111 τεκεζνυὶὸν
1286 1085 1370 1120 ὄνομα
1381 1085 1434 1112 Δάν
1446 1086 1512 1121 (48)·
1525 1086 1555 1112 ὲν
1563 1083 1586 1120 ᾧ
1595 1087 1643 1113 καὶ
1657 1087 1757 1123 Ῥαχὴλ
1770 1088 1862 1114 λαϐεῖν
1879 1089 1910 1115 ὲν

1121 1130 1218 1164 γαστρὶ
1229 1129 1266 1165 τῷ
1281 1129 1353 1165 αὺτῷ
1369 1127 1497 1166 χρόνῳ,ᾧ
1510 1131 1556 1158 καὶ
1572 1131 1655 1159 Λείαν
1671 1134 1760 1160 τεκεῖν
1772 1133 1909 1170 θυγατέρα

1121 1176 1228 1208 Δεῖναν,
1257 1177 1304 1203 καὶ
1326 1179 1416 1204 τεκεῖν
1443 1178 1483 1214 τῷ
1514 1180 1802 1216 τεσσαρεσκαιδεκάτη)
1832 1180 1908 1213 ἔτει,

1123 1223 1187 1258 μηνὶ
1197 1222 1291 1259 ὀγδὸῳ,
1302 1223 1368 1257 υἱὸν,
1379 1224 1408 1251 ὃν
1421 1225 1602 1261 ὀνομασθῆναι
1622 1226 1732 1262 Ἰωσὴφ,
1745 1226 1815 1253 ὥστε
1829 1235 1909 1261 γεγοο

1121 1268 1194 1295 νέναι
1207 1269 1236 1295 ἐν
1249 1271 1303 1302 τοῖς
1316 1270 1385 1297 ἑπτὰ
1394 1270 1465 1297 ἔτεσι
1478 1273 1534 1304 τοῖς
1546 1272 1622 1308 παρὰ
1631 1272 1723 1299 Λάϐαν
1730 1272 1833 1300 δώδεκα
1845 1282 1910 1300 παι-

1121 1315 1174 1341 δία.
1188 1315 1302 1342 Θέλοντα
1315 1316 1343 1343 δὲ
1358 1316 1404 1344 τὸν
1421 1317 1517 1344 Ἰακὼϐ
1535 1318 1603 1353 πρὸς
1615 1319 1660 1345 τὸν
1676 1319 1781 1354 πατέρα
1798 1319 1839 1351 είς
1851 1320 1909 1346 Χα-

1121 1361 1188 1388 ναὰν
1214 1362 1332 1395 ἀπιέναι,
1349 1362 1497 1396 ἀξιωθέντα
1521 1364 1573 1391 ὑπὸ
1592 1364 1685 1392 Λάϐαν
1711 1365 1778 1392 ἄλλα
1804 1365 1852 1401 ἔτη
1877 1365 1908 1398 ἒξ

1123 1408 1223 1442 μεῖναι,
1236 1408 1305 1434 ὥστε
1315 1408 1348 1435 τὰ
1365 1409 1452 1435 πάντα
1465 1410 1545 1437 αὑτὸν
1563 1412 1650 1446 μεῖναι
1663 1411 1692 1437 ἐν
1708 1411 1821 1447 Χαρρὰν
1832 1415 1908 1448 παρὰ

1121 1452 1212 1479 Λάϐαν
1231 1453 1278 1489 ἔτη
1295 1454 1381 1481 εἴκοσι
1397 1455 1464 1491 (49).
1482 1456 1659 1492 Πορευομὲνῳ
1671 1457 1699 1484 δὲ
1714 1457 1787 1492 αὑτῷ
1800 1459 1840 1490 εις
1852 1458 1909 1485 Χα-

1121 1499 1197 1531 ναὰν,
1215 1500 1328 1535 ἄγγελον
1343 1500 1391 1528 τοῦ
1410 1501 1478 1528 Θειιῦ
1493 1502 1642 1536 παλεῦσαι,
1658 1503 1706 1530 καὶ
1723 1504 1842 1539 ἅψασθαι
1858 1504 1908 1531 τοῦ

1122 1546 1238 1578 πλάτους
1262 1547 1310 1573 τοῦ
1327 1547 1416 1583 μηροῦ
1433 1547 1480 1574 τοῦ
1499 1548 1609 1575 Ἰακώ6“
1623 1550 1668 1576 τὸν
1683 1550 1712 1576 δὲ
1736 1551 1908 1586 νσρκήσαντα

1121 1591 1288 1624 ἒπισκάζειν.
1298 1592 1378 1619 Ὅθεν
1387 1593 1417 1619 οὐ
1430 1593 1589 1620 καθίεσθαι·
1597 1595 1650 1622 τῶν
1661 1596 1766 1631 κτηνῶν
1775 1596 1804 1623 τὸ
1814 1598 1843 1623 ὲν
1850 1599 1907 1629 τοῖς

1120 1639 1217 1674 μηροῖς
1225 1638 1329 1674 νεῦρον.
1342 1639 1396 1666 Καὶ
1402 1640 1483 1674 φάναι
1491 1640 1564 1676 αὐτῷ
1571 1641 1616 1667 τὸν
1625 1642 1750 1677 ἄγγελον,
1770 1643 1823 1670 ἀπὸ
1828 1643 1906 1670 τοῦδε

1121 1684 1219 1720 μηκέτι
1232 1684 1339 1717 Ἰακὼϐ,
1358 1686 1415 1712 ἀλλ’
1429 1687 1535 1723 Ἰσραὴλ
1545 1688 1849 1724 ὀνομασθήσεσθαι.Καὶ
1862 1689 1906 1715 ὲλ-

1120 1728 1176 1756 θεῖν
1186 1729 1266 1756 αὐτὸν
1274 1730 1323 1766 τῆς
1330 1730 1440 1758 Χαναὰν
1452 1732 1503 1767 γῆς
1514 1732 1553 1764 εἰς
1565 1732 1661 1768 ἑτέραν
1674 1733 1907 1770 Σικίμιιιν,ἐχοντα

1122 1775 1217 1802 παιδία
1233 1775 1345 1812 Ῥουϐὴν
1356 1776 1423 1803 ἐτῶν
1436 1777 1480 1810 ιϐ’,
1499 1777 1591 1813 μηνῶν
1603 1778 1685 1805 δυοῖν·
1698 1779 1827 1814 Συμεῶνα
1838 1780 1906 1807 ἐτῶν

1120 1821 1222 1858 ιϐ’(ὅθ),
1235 1822 1326 1858 μηνῶν
1334 1823 1483 1860 τεσσάρων·
1492 1824 1573 1852 Λευῒν
1582 1825 1650 1853 ἑτῶν
1658 1825 1690 1852 ιϐ’
1696 1825 1856 1863 (51),μηνῶν
1863 1827 1903 1861 ἑξ²

1119 1935 1216 1964 Genes.
1231 1944 1295 1969 xxx,
1312 1937 1339 1964 6.

1138 2006 1143 2012 '
1156 1972 1212 2012 (:59).
1231 1973 1300 2006 Ἕτη
1314 1972 1420 2012 etamen.
1442 1971 1540 2000 Genes.
1556 1981 1633 2012 xxxi,
1646 1974 1679 2012 4i
1693 1985 1700 2012 ι
1715 1985 1725 2001 ι
1738 1974 1839 2010 Sicque
1853 1983 1903 2011 per

1119 2008 1213 2045 viginti
1230 2015 1317 2045 annos
1333 2008 1359 2034 in
1378 2008 1459 2035 domo
1473 2013 1518 2035 tua
1537 2010 1634 2036 servivi
1653 2011 1718 2042 tibi,
1735 2008 1904 2045 quattuorde-

1119 2043 1172 2070 cim
1188 2049 1237 2077 pro
1252 2042 1406 2081 ﬁliabus,»et
1419 2051 1466 2081 sex
1479 2051 1528 2081 pro
1542 2045 1675 2081 gregibus
1689 2042 1754 2072 tuis'.
1776 2055 1786 2072 ι
1803 2045 1904 2081 Perpe-

1120 2085 1179 2116 ram
1200 2084 1265 2116 ergo
1286 2076 1421 2112 Josephus
1439 2076 1570 2116 ᾼιιὶίᾳιιίῖ.
1665 2089 1691 2112 ι,
1712 2088 1771 2115 cap.
1790 2081 1841 2113 19,
1856 2076 1905 2116 qui
1934 2082 1937 2085 ’

1119 2111 1322 2150 ζοεερὶιῖοηιι,
1339 2111 1420 2146 quem
1438 2111 1578 2150 scriptura
1592 2115 1698 2142 decimo
1714 2111 1813 2150 quarto
1829 2111 1903 2143 anno

1121 2147 1350 2186 Bacheibnatum
1376 2155 1435 2175 esse
1451 2147 1547 2186 docet,
1564 2150 1626 2186 _hoe
1646 2147 1741 2186 viginti
1767 2159 1903 2179 annorum

1121 2182 1293 2220 intervallum
1318 2183 1533 2220 circumscribat.
1561 2183 1657 2212 Statim
1675 2182 1751 2212 Enim
1774 2191 1836 2220 post
1858 2187 1905 2215 illa

1119 2217 1588 2263 malumEtiamne!
1616 2220 1734 2263 Ῥαχήλη
1755 2217 1866 2263 ,ίίνετςιι
1887 2224 1904 2250 ὁ

1125 2252 1252 2292 dibu-qna;
1271 2252 1491 2292 uiég,»_subjungi_t
1506 2254 1621 2292 εΤοῦτον
1636 2252 1784 2292 name»
1796 2257 1902 2292 χρόνον,

1133 2262 1252 2314 magno;
1271 2262 1338 2284 υιος,
1352 2262 1491 2288 ευιῃυηειι
1506 2262 1514 2280 :
1527 2262 1621 2282 ιοντον
1636 2264 1724 2282 παντα
1738 2262 1784 2283 τὸν
1796 2262 1900 2292 χρόνον¹

1119 2287 1174 2327 ἐτη.
1205 2288 1304 2327 ξ-ὲστὶν
1326 2289 1446 2327 εἴκοσιν,
1459 2289 1611 2327 ’ἐποίμαινε
1631 2290 1669 2327 τῷ
1693 2291 1830 2327 πενθερῷ,
1847 2299 1900 2321 etc,

1118 2322 1174 2363 ψει
1195 2323 1318 2350 dicamus
1336 2324 1377 2350 bis
1393 2323 1481 2351 verbis
1495 2322 1588 2351 τοῦτον
1605 2322 1693 2363 πάντα
1720 2322 1902 2363 τδνηίρόνον,

1119 2359 1190 2396 banc
1211 2366 1320 2392 quoque
1342 2366 1389 2396 sex
1404 2367 1538 2396 annorum
1561 2361 1718 2396 προσθήκην
1745 2359 1902 2390 inclusisse.

1118 2391 1319 2433 Yideatporip,
1336 2394 1383 2428 qui
1401 2402 1493 2433 secum
1507 2395 1564 2429 ipse
1579 2391 1741 2433 consentiat,
1755 2398 1801 2431 qui
1820 2406 1903 2432 supe-

1118 2429 1174 2467 rius
1191 2437 1243 2455 non
1266 2429 1316 2467 nisi
1339 2430 1531 2467 post_alterum
1554 2432 1692 2467 servitutis
1708 2429 1900 2467 septenniuin.

1117 2463 1225 2490 ductam
1249 2471 1264 2490 a
1286 2463 1370 2490 Jacob
1394 2464 1537 2492 Rachelem
1555 2466 1663 2494 dixerit.
1691 2463 1822 2495 An‘vero
1852 2463 1901 2495 sex

1118 2502 1220 2525 tantum
1247 2500 1327 2534 annis
1350 2500 1595 2534 consequentibus,
1615 2501 1714 2528 liberos
1733 2509 1766 2529 ex
1783 2502 1901 2530 Ra‘chele

1117 2533 1392 2571 ιςυεεεριιῗηῖιλιευιιι
1408 2533 1458 2562 est.
1479 2534 1546 2562 Nam
1557 2537 1705 2571 ‘conceptis
1721 2538 1809 2565 verbis
1826 2537 1902 2565 Scri-

1117 2573 1196 2607 ptura
1209 2569 1395 2607 tradit,_simul
1417 2578 1452 2607 ex
1465 2571 1613 2607 ambabus,
1637 2569 1835 2607 ainbarumque
1850 2581 1901 2600 an-

1116 2604 1194 2665 cillisl
1208 2604 1360 2644 suscepisse
1375 2613 1380 2630 :
1399 2605 1470 2632 unde
1483 2606 1564 2632 etiam
1581 2606 1626 2633 illa
1640 2607 1755 2634 duarum
1772 2604 1900 2635 sororum

1116 2647 1184 2665 acum
1197 2645 1261 2665 auo.

1115 2645 1261 2666 ωιιιυιειιιο.

1151 2674 1218 2711 ςὸυ)
1251 2674 1393 2709 Συμεῶνα
1422 2674 1494 2701 ἐτῶν
1526 2676 1569 2703 ιϐ’.
1608 2676 1763 2711 Legendum
1788 2677 1901 2706 omnino

1115 2709 1182 2748 ἐτῶν
1199 2713 1247 2742 ια’,
1268 2711 1369 2748 alioqui
1386 2711 1492 2738 duobus
1507 2709 1782 2740 mensibusrkubeuo
1796 2713 1901 2748 primo-

1115 2745 1205 2779 genito
1221 2746 1311 2772 senior
1324 2750 1405 2772 esset.

1151 2780 1214 2817 (δι),
1237 2780 1329 2817 Λευτν
1344 2780 1420 2806 ἐτῶν
1439 2781 1483 2807 ιϐ’.
1507 2781 1618 2817 Corrige
1638 2782 1762 2810 similiter
1784 2783 1854 2810 ὲτῶν
1870 2786 1899 2816 ι’,

1115 2815 1216 2850 alioqui
1237 2816 1377 2843 mensibus
1391 2821 1508 2850 quatuor
1529 2815 1639 2844 fratrem
1662 2822 1726 2844 natu
1748 2819 1898 2846 maximum

1115 2850 1352 2913 ?§%¢3::Lﬁ:‘9uid
1366 2852 1439 2886 quod
1457 2853 1582 2887 Superior
1609 2852 1756 2888 μηνολογία
1771 2861 1820 2888 per
1836 2861 1897 2881 sese

1116 2890 1142 2913 id
1155 2890 1290 2921 postulati
