2070 3206
178 182 227 209 7l'l

742 181 902 209 ’PR/EPAR.
924 182 1049 210 LV'ANG.
1069 182 1132 211 LIB.
1152 184 1196 211 ix.

1749 191 1798 217 7m

183 239 282 266 Ἰούδαν
295 237 363 265 ἑτῶν
376 238 408 271 0',
422 238 513 273 μηνῶν
527 238 599 265 ὀκτώ
608 247 614 253 ·
628 239 785 275 Νεφθαλεὶμ
800 240 868 267 ὲτῶν
882 241 954 267 ὀκτὼ

1017 241 1132 269 cudibus
1148 241 1260 269 femoris
1273 250 1385 270 nervum
1397 243 1552 272 Iudmorum
1569 245 1683 281 attingat
1697 253 1798 281 nemo).

179 285 270 322 μηνῶν
282 285 347 312 δέκα
356 294 363 300 ·
377 285 431 312 Γὰδ
443 285 510 311 ἐτῶν
519 285 600 316 ὀκτὼ,
614 286 704 321 μηνῶν
714 286 788 313 δέκα⁶
804 287 887 323 Ἀσὴρ
897 288 965 314 ἐτῶν

177 331 265 359 ὸκτὼ-
286 332 413 367 Ἰσσάχαρ
440 331 507 358 ἐτῶν
531 331 618 358 ὀκτώ·
638 333 779 359 Ζαὸουλὼν
795 333 864 359 ἐτῶν
884 334 964 365 ἑπτὰ,

178 378 270 413 μηνῶν
296 379 385 404 δυοῖν·
415 378 509 404 Δείναν
538 378 607 404 ἐτῶν
630 378 669 410 ἓξ,
692 379 783 414 μηνῶν
807 380 963 415 τεσσάρωψ

181 424 280 460 Ἰωσὴφ
308 424 377 450 ἐτῶν
399 424 438 456 ἒξ,
467 423 560 460 μηνῶν
576 425 724 460 τεσσάρων.
747 426 914 461 Παροικῆσαι
930 427 965 453 -δὲ

182 469 289 506 Ἰσραὴλ
313 470 390 506 παρὰ
405 470 518 506 Ἑμμὼρ
537 470 585 506 ἔτη
597 471 662 497 δέκα
681 471 748 506 (52),
766 473 813 499 καὶ
830 472 965 508 φθαρῆναι

175 516 223 552 τὴν
244 517 351 552 Ἰσραὴλ
366 517 501 552 Θυγατέρα
516 517 610 544 Δείναν
624 517 675 543 ὑπὸ
687 518 776 553 Συχὲμ
788 518 835 544 τοῦ
852 518 965 554 Ἑμμὼρ

175 561 245 595 υἱοῦ,
262 562 330 589 ἑτῶν
356 560 437 589 οὖσαν
459 563 565 595 δεκαὲξ,
586 564 677 599 μηνῶν
693 565 841 600 τεσσάρων.
871 565 964 596 Ἐξαλ-

175 608 304 645 λομὲνους
317 609 346 635 δὲ
361 609 423 640 τοὺς
445 609 552 646 Ἰσραὴλ
575 609 660 642 υἱοὺς,
678 610 809 645 Συμεῶνα
828 610 876 645 μὲν
901 610 966 636 ὄντα

175 654 242 681 ἑτῶν
264 655 427 687 εἰκοσιενὺς,
455 656 546 691 μηνῶν
568 657 719 692 τεσσάρων,
743 655 822 682 Λευῒν
846 656 873 683 δὲ
898 657 965 683 ἐτῶν

175 701 269 733 εἴκοσι,
294 701 386 737 μηνῶν
412 702 451 735 ἓξ,
474 702 631 728 ἀποκτεῖναι
650 702 695 728 τόν
718 711 748 728 τε
772 702 895 738 Ἑμμὼρ,
918 704 964 730 καὶ

174 747 264 783 Συχὲμ
291 748 335 774 τὸν
350 748 406 774 υἱὸν
422 748 515 779 αὐτοῦ,
530 749 576 775 καὶ
587 749 689 780 πάντας
705 748 768 780 τοὺς
781 749 907 784 ἄρσενας,
922 750 966 776 διὰ

175 793 224 829 τὴν
239 793 334 826 Δείνας
351 793 464 830 φθοράν.
474 794 569 821 Ἰακὼὸ
583 794 612 821 δὲ
626 795 686 821 τότε
700 793 767 821 εἶναι
784 795 853 821 ἐτῶν
870 796 966 822 ἑκατὸν

174 838 253 865 ἑπτά.
273 839 399 866 Ἐλθόντα
421 840 450 866 δὲ
472 838 518 867 οὖν
539 841 620 867 αὐτὸν
637 842 677 872 εἰς
696 841 785 872 Λουξὰ
801 841 850 876 τῆς
864 842 964 878 Βαθὴλ,

173 885 255 919 φάναι
274 885 319 912 τὸν
342 885 407 913 Θεὸν
427 886 524 921 μηκέτι
544 886 650 918 Ἰακὼῦ,
668 887 725 914 ἀλλ’
745 887 852 924 Ἰσραὴλ
864 888 963 924 ὀνομά-

172 930 275 963 ζεσθαι.
295 930 415 958 Ἐκεῖθεν
430 931 459 958 δὲ
471 931 561 958 ἐλθεῖν
575 932 614 963 εἰς
626 932 770 968 Χαφραθὰ,
786 932 861 959 ἔνθεν
876 942 965 970 παρα-

171 977 297 1011 γενέσθαι
313 979 353 1010 εἰς
380 976 511 1014 Ἐφραθὰ,
533 978 566 1014 ἢν
591 977 660 1006 εἶναι
681 978 815 1014 Βηθλεὲμ,
832 980 878 1006 καὶ
899 989 962 1014 γεν-

172 1024 251 1060 νῆσαι
278 1024 358 1051 αὐτὸν
382 1025 441 1051 ἐκεῖ
463 1025 600 1060 Βενιαμὶν,
617 1026 664 1052 καὶ
676 1025 835 1062 τελευτῆσαι
852 1027 961 1063 Ῥαχὴλ,

170 1070 302 1098 τεκοῦσαν
316 1071 362 1098 τὸν
379 1071 521 1107 Βενιαμὶν,
539 1071 691 1106 συμϐιῶσαι
708 1072 731 1098 δ’
757 1073 825 1109 αὐτῇ
848 1074 893 1100 τὸν
910 1075 961 1100 Ἰα-

171 1116 228 1144 κὼΰ
251 1116 300 1152 ἔτη
326 1117 486 1153 εἰκοσιτρία.
505 1118 622 1144 Αὖτόθεν
648 1118 677 1145 δὲ
698 1119 785 1146 ἐλθεῖν
807 1120 852 1146 τὸν
865 1120 962 1147 Ἰακὼϐ

170 1164 210 1196 εις
227 1163 351 1201 Μαμόρῆ
367 1164 416 1198 τῆς
436 1164 559 1199 Χεϐρὼν,
580 1165 647 1200 πρὸς
665 1166 758 1193 Ἰσαὰκ
776 1166 822 1192 τὸν
844 1168 960 1204 πατέρα.

171 1205 291 1234 Εἶναιδὲ
309 1207 368 1234 τότε
389 1208 486 1243 Ἰωσὴφ
508 1208 576 1235 ὲτῶν
598 1209 743 1243 δεκαεπτὰ,
757 1211 804 1237 κα¹ι
825 1213 961 1249 πραθῆναι

171 1252 255 1280 αὐτὸν
270 1254 310 1285 εἰς
329 1253 476 1288 Αἴγυπτον,
495 1255 541 1280 καὶ
560 1256 587 1281 ὲν
604 1255 642 1290 τῷ
664 1256 842 1293 δεσμωτηρίῳ
868 1261 958 1294 μεῖναι

171 1297 217 1334 ἔτη
229 1298 369 1334 δεκατρία.
386 1299 450 1325 ὥστ’
471 1298 540 1326 εἶναι
557 1301 636 1328 αὐτὸν
651 1302 718 1328 ἐτῶν
736 1303 891 1338 τριάκοντα,
906 1305 960 1332 Ἰα-

171 1344 228 1370 κὼδ
243 1345 271 1372 δὲ
286 1344 355 1372 ἐτῶν
369 1345 465 1372 ἑκατὸν
484 1345 560 1377 δέκα,
578 1347 606 1372 ὲν
626 1344 648 1380 ᾧ
670 1349 716 1374 καὶ
735 1349 895 1385 τελευτῆσαι
915 1351 961 1378 τὸν

170 1389 263 1417 Ἰσαὰκ
278 1390 332 1417 ἔτει
348 1391 387 1417 ἑνὶ
404 1391 567 1428 ἔμπροσθεν,
593 1393 660 1419 ἐτῶν
676 1393 741 1421 ὄντα
757 1395 853 1422 ἑκατὸν
867 1397 960 1433 ὀγδοή-

170 1443 260 1462 κσντα.
284 1436 421 1471 Κρίναντα
443 1436 471 1462 δὲ
494 1436 532 1472 τῷ
550 1437 654 1471 βασιλεῖ
672 1439 718 1464 τὸν
747 1439 847 1476 Ἰωσὴφ
867 1441 902 1468 τὰ
919 1443 959 1468 ἑν-

171 1479 262 1512 ῦπνια,
281 1479 363 1516 ἄρξαι
373 1480 511 1514 Αἰγύπτου
525 1481 571 1517 ἔτη
586 1482 666 1514 ἑπτὰ,
681 1484 709 1510 ὲν
724 1481 765 1515 οἷς
773 1485 819 1511 καὶ
832 1488 958 1523 συνοικῆ-

171 1534 214 1552 σαι
230 1524 347 1559 Ἀσενὲθ,
370 1526 509 1563 Πεντεφρῇ
524 1527 572 1554 τοῦ
594 1528 791 1562 Ἡλιουπόλεως
805 1531 900 1568 ἱερέως
914 1533 960 1560 θυ-

169 1572 259 1608 γατρὶ,
276 1573 323 1600 καὶ
336 1573 464 1610 γεννῆσαι
480 1575 629 1611 Μανασσῆν
644 1578 691 1603 καὶ
703 1577 835 1613 Ἐφραῒμ,
848 1579 896 1606 καὶ
910 1580 958 1607 τοῦ

169 1617 248 1654 λιμοῦ
277 1619 447 1654 ἐπιγενέσθαι
461 1620 509 1655 ἐτη
532 1620 564 1656 β’.
588 1621 639 1647 Τὸν
656 1622 683 1649 δὲ
700 1623 799 1660 Ἰωσὴφ
817 1624 864 1661 ἐτη
882 1626 960 1654 ἐννέα

169 1665 366 1701 εὐτυχήσαντα,
385 1667 453 1703 πρὸς
478 1668 522 1695 τὸν
549 1669 654 1706 πατέρα
678 1670 716 1706 μὴ
737 1670 854 1706 πέμψαι,
870 1671 914 1698 διὰ
929 1673 959 1698 τὸ

169 1711 285 1748 ποιμένα
307 1712 388 1739 αὐτόν
413 1721 444 1740 τε
468 1714 514 1741 καὶ
534 1715 597 1748 τοὺς
610 1716 741 1752 ἀδελφοὺς
752 1715 837 1744 εἶναι·
853 1717 959 1745 ἐπονεί-

166 1755 256 1784 διστον
282 1757 311 1784 δὲ
341 1759 501 1793 Αἰγυπτίοις
528 1758 597 1788 εἶναι
630 1762 663 1790 τὸ
697 1764 862 1798 ποιμαίνειν.
896 1765 957 1790 ’Ότι

165 1801 196 1828 δὲ
222 1802 269 1830 διὰ
296 1803 376 1830 τοῦτο
405 1805 456 1832 οὐκ
490 1805 622 1842 ἔπεμψεν,
656 1807 737 1834 αὐτὸν
763 1809 954 1845 δεδηλωκέναι.

166 1847 312 1876 Ἐλθόντων
331 1849 386 1886 γὰρ
405 1851 486 1878 αὑτοῦ
507 1852 562 1879 τῶν
580 1854 728 1888 συγγενῶν,
742 1855 824 1889 φάναι
854 1856 956 1888 αὐτοῖς,

167 1894 215 1920 ἐὰν
229 1894 367 1930 κληθῶσιν
400 1897 452 1923 ὑπὸ
476 1898 523 1924 τοῦ
553 1898 697 1934 βασιλέως,
721 1900 767 1926 καὶ
804 1901 958 1937 ἐρωτῶνται

165 1940 194 1967 τί
224 1941 455 1978 διαπράσσονται,
491 1944 582 1978 λέγειν
625 1947 824 1982 κτηνοτρόφους
860 1949 958 1980 αὐτοὺς

165 1985 246 2014 εἶναι.
262 1988 453 2024 Διαπορεῖσθαι
471 1990 509 2023 δὲ,
531 1990 575 2017 διὰ
591 1991 618 2017 τί
634 2001 700 2020 ποτε
716 1994 730 2019 ὀ
746 1993 845 2030 Ἰωσὴφ
863 1995 958 2022 Βενια-

166 2032 214 2068 μὶν
228 2032 274 2059 ἐπὶ
292 2032 339 2061 τοῦ
363 2034 473 2070 ἀρίστου
496 2036 714 2064 πενταπλασίονα
745 2038 840 2074 μερίδα
863 2040 956 2072 ἔδωκε,

166 2078 205 2114 μὴ
227 2078 376 2115 δυναμένου
401 2080 482 2108 αὑτοῦ
513 2081 631 2110 τοσαῦτα
659 2085 848 2112 καταναλῶσαι
877 2088 955 2122 κρέα.

163 2123 252 2151 Τοῦτο
273 2122 321 2152 οὖν
339 2126 419 2153 αὐτὸν
432 2128 611 2163 πεποιηκέναι
635 2129 680 2156 διὰ
704 2130 734 2156 τὸ
760 2131 793 2158 ἐκ
809 2132 858 2167 τῆς
875 2134 958 2166 Λείας

163 2170 205 2206 τῷ
234 2171 318 2209 πατρὶ
344 2171 426 2199 αὑτοῦ
459 2174 598 2208 γεγονέναι
627 2176 702 2208 υἱοὺς
737 2177 828 2209 ἑπτὰ,
867 2179 911 2205 ἐκ.
929 2180 956 2206 δὲ

170 2217 273 2254 Ῥαχὴλ
285 2218 335 2254 τῆς
352 2220 454 2256 μητρὸς
476 2220 558 2247 αὑτοῦ
572 2221 618 2248 δύο
628 2231 634 2237 ·
657 2222 702 2249 διὰ
717 2223 795 2250 τοῦτο
812 2224 850 2260 τῷ
864 2225 956 2253 Βενια-

1016 286 1057 313 Ab
1067 287 1163 321 angelo
1180 291 1271 314 autem
1283 287 1405 315 futurum
1421 290 1550 322 audiisse,
1576 296 1606 318 ut
1620 291 1645 318 in
1661 297 1799 326 posterum
1845 323 1853 327 ,

1016 338 1071 358 non
1086 331 1216 364 Iacobus,
1238 333 1284 359 seu
1305 332 1387 360 Israel
1407 340 1560 363 vocaretur.
1587 335 1680 372 Itaque
1696 338 1722 365 in
1739 345 1799 366 eam

1017 381 1093 404 terra
1113 377 1242 404 Chanaan
1270 379 1437 407 successisse
1461 385 1576 415 partem,
1603 390 1665 417 quae
1690 383 1801 412 Sicimis

1017 422 1131 448 adversa
1146 427 1228 453 esset,
1254 423 1402 451 liberorum
1419 432 1532 452 suorum
1557 427 1687 454 comitatu
1713 429 1800 464 stipa-

1016 471 1084 494 tum.
1097 466 1118 493 E
1130 467 1230 502 quibus
1242 467 1373 497 Rubenus
1384 478 1470 498 annos
1483 471 1625 499 duodecim
1638 480 1801 510 mensesque

1016 513 1085 541 duos
1104 517 1186 541 natus
1201 518 1270 548 erat,
1287 514 1406 550 Symeon
1421 524 1509 544 annos
1524 517 1635 545 totidem
1651 522 1678 546 et
1692 527 1800 547 menses

1017 564 1145 594 quatuor,
1163 559 1282 588 Levinus
1294 568 1382 589 annos
1393 563 1547 597 duodecim,
1566 571 1729 600 mensesque
1741 574 1800 596 sex.

1016 604 1100 633 Iudas
1114 613 1201 633 annos
1218 614 1314 633 novem
1333 614 1364 635 ac
1379 616 1487 636 menses
1508 614 1581 642 octo,
1594 609 1802 645 Nephthalimus

1017 649 1098 685 424
1113 658 1199 678 annos
1215 657 1287 683 octo.
1302 660 1465 689 mensesque
1491 654 1594 687 decem,
1617 656 1709 684 Gallus
1738 659 1802 685 toti-

1017 696 1090 728 dem.
1114 697 1183 724 Aser
1197 702 1223 724 et
1238 697 1363 726 lssachar
1384 707 1471 727 annos
1486 706 1559 733 octo,
1576 701 1697 730 Zahulon
1715 711 1802 731 annos

1017 746 1118 776 septem
1133 750 1295 778 mensesque
1309 744 1388 778 duos,
1415 745 1481 772 Dina
1506 753 1532 773 et
1555 747 1691 783 Iosephus
1714 753 1802 777 annos

1017 795 1064 815 sex
1087 792 1114 815 et
1130 796 1236 816 menses
1254 795 1382 824 quatuor.
1407 791 1540 819 Cancrum
1568 794 1695 822 israelem
1721 796 1801 822 annis

1017 833 1070 860 sibi
1085 834 1177 862 decem
1191 835 1269 868 juxta
1290 835 1446 864 Emmorem
1462 838 1631 866 domicilium
1645 840 1779 875 delegisse
1793 849 1801 868 :

1015 879 1094 914 cujus
1108 881 1169 908 filia!
1189 880 1264 908 Dina'.
1286 890 1373 910 annos
1401 888 1471 911 natae
1494 885 1612 912 Setiecim
1640 889 1804 921 mensesque

1016 930 1146 961 quatuor,
1159 934 1222 954 cum
1239 927 1389 963 Sychcmus
1412 928 1549 957 Emmoris
1575 930 1648 958 ﬁlius
1675 935 1800 966 stuprum

1015 971 1169 1004 obtulisset,
1187 971 1362 1008 Symeonem,
1377 974 1425 1009 qui
1438 983 1559 1003 mensem
1572 980 1700 1011 quartum
1718 985 1801 1012 supra

1014 1023 1117 1043 annum
1129 1017 1289 1044 vicesimum
1305 1019 1436 1052 primum,
1455 1024 1482 1046 et
1498 1019 1641 1053 Levinum,
1656 1021 1703 1055 qui
1721 1029 1802 1049 men-

1013 1070 1071 1089 sem
1087 1066 1192 1090 sextum
1205 1070 1287 1098 supra
1301 1072 1406 1092 annum
1418 1065 1579 1093 vicesimum
1595 1072 1696 1102 ageret,
1713 1067 1802 1095 lsrae-

1013 1111 1047 1139 lis
1059 1111 1141 1145 ﬁlios,
1160 1112 1262 1139 sororis
1278 1112 1379 1147 injuria
1405 1115 1522 1148 graviter
1543 1120 1708 1149 commotos,
1732 1116 1799 1143 Em-

1013 1164 1117 1184 morem
1137 1165 1168 1185 ac
1183 1157 1347 1193 Sycnemum
1366 1159 1425 1194 ejus
1446 1160 1545 1193 tilium,
1574 1169 1718 1197 maresque
1738 1163 1799 1189 nni-

1013 1210 1105 1230 versos
1122 1203 1224 1238 impetu
1240 1203 1313 1231 facto
1326 1205 1479 1237 cecidisse;
1507 1215 1561 1241 quo
1577 1212 1700 1243 tempore
1714 1217 1801 1236 anno-

1013 1257 1072 1276 rum
1105 1255 1207 1285 septem
1233 1258 1315 1286 supra
1342 1256 1451 1279 centum
1479 1252 1597 1281 Iacobus
1621 1259 1704 1282 esset.
1730 1254 1798 1282 Eum

1012 1302 1105 1329 porro,
1124 1303 1187 1324 curn
1202 1296 1303 1325 Lusam
1319 1297 1439 1326 Bathelis
1459 1299 1553 1327 urbem
1570 1300 1699 1332 venisset,
1714 1309 1729 1328 a
1743 1301 1799 1328 Deo

1010 1341 1129 1376 jussum,
1145 1343 1240 1371 relicto
1257 1343 1350 1372 Jacobi
1371 1345 1491 1378 nomine,
1505 1346 1630 1374 lsraelem
1645 1349 1798 1383 nuncupari

1012 1388 1136 1423 cmpissc.
1155 1388 1224 1417 Tum
1252 1390 1448 1425 Caphratham,
1473 1392 1591 1427 indeque
1616 1393 1797 1428 Ephratham.

1011 1442 1094 1468 quam
1120 1435 1307 1464 Bethleemum
1332 1442 1442 1470 vocant,
1461 1439 1584 1474 petiisse,
1611 1439 1657 1467 ubi
1684 1439 1798 1471 Rachel,

1012 1485 1140 1515 suscepto
1154 1481 1326 1517 Benjamino,
1341 1484 1412 1511 diem
1428 1492 1586 1520 supremum
1599 1482 1707 1518 obierit,
1721 1495 1798 1522 pos:-

1011 1533 1094 1560 quam
1109 1534 1197 1555 annos
1215 1532 1269 1556 tres
1283 1537 1315 1557 ac
1331 1530 1425 1565 viginti
1439 1539 1502 1559 cum
1519 1539 1550 1559 ea
1571 1531 1691 1560 Iacobus
1714 1532 1799 1561 vixis-

1011 1576 1052 1599 set
1070 1581 1077 1598 :
1096 1573 1158 1601 inde
1171 1581 1268 1602 rursus
1286 1575 1424 1604 Mambren
1441 1577 1592 1606 Chebronis
1616 1579 1745 1614 oppidum
1764 1582 1797 1608 ad

1448 1603 1591 1606 cam"..-
1620 1603 1745 1614 Ἵνα...
1764 1603 1797 1608 η..

973 1603 994 1632 C
1012 1617 1135 1646 lsaacum
1153 1624 1259 1654 patrem
1281 1623 1398 1650 venisse.
1415 1623 1450 1651 At
1464 1623 1614 1660 Iosephum
1629 1634 1662 1653 eo
1676 1630 1799 1662 tempore

1010 1672 1072 1692 cum
1088 1671 1162 1694 esset
1176 1674 1310 1696 annorum
1326 1671 1530 1704 septemdecim,
1554 1671 1690 1708 Egyptiis
1703 1675 1798 1701 vendi-

1012 1716 1079 1745 tum,
1092 1717 1163 1740 totos
1176 1714 1305 1742 tredecim
1322 1723 1410 1744 annos
1424 1717 1452 1744 in
1463 1717 1580 1745 vinculis
1597 1718 1693 1752 fuisse,
1710 1720 1799 1748 donec

1010 1758 1069 1792 ipse
1084 1759 1194 1794 quidem
1206 1761 1388 1796 tricesimum,
1398 1762 1516 1792 Iacobus
1529 1773 1594 1793 vero
1604 1766 1739 1794 decimum
1752 1776 1799 1794 su-

1010 1810 1059 1837 pra
1074 1806 1253 1832 centesimum
1279 1807 1366 1835 aetatis
1391 1816 1494 1837 annum
1511 1809 1688 1843 confecisset,
1705 1811 1798 1840 lsaaco

1007 1849 1064 1883 jam
1080 1857 1152 1877 anno
1169 1852 1320 1886 superiore,
1337 1853 1390 1880 hoc
1404 1858 1447 1881 est
1457 1855 1544 1882 attatis
1557 1857 1727 1892 octogesimo
1752 1866 1799 1885 διι-

1009 1903 1058 1930 pra
1071 1897 1250 1924 centesimum
1274 1899 1328 1925 vita
1352 1899 1455 1927 functo.
1470 1901 1508 1929 Ac
1523 1897 1671 1937 Iosephum
1686 1904 1798 1938 quidem

1009 1946 1070 1976 post
1087 1941 1192 1970 felicem
1213 1944 1284 1979 regis
1305 1946 1475 1973 soumiorum
1497 1949 1718 1984 explicationem,
1747 1952 1798 1979 toti

1010 1988 1128 2024 [Egypto
1142 1989 1222 2016 annis
1239 1994 1341 2025 septem
1360 1991 1513 2026 praefuisse,
1527 2001 1583 2029 quo
1593 1998 1717 2030 tempore
1729 1997 1797 2025 Ase-

1010 2035 1118 2062 nethem
1147 2034 1307 2070 Pentephrae
1333 2035 1505 2072 Heliopoleos
1531 2040 1681 2069 sacerdotis
1711 2042 1795 2070 tiliam

1008 2080 1151 2116 conjugcm
1165 2081 1285 2114 duxerit,
1300 2086 1382 2117 atque
1394 2091 1428 2111 ex
1450 2091 1482 2111 ea
1501 2084 1655 2113 Manassem
1681 2087 1798 2122 Eplirai-

1009 2135 1138 2162 mumque
1154 2129 1314 2162 susceperit.
1334 2129 1403 2156 Tum
1419 2131 1499 2159 annis
1517 2131 1625 2160 duobus
1655 2133 1727 2161 fame
1756 2135 1797 2162 la»

1009 2172 1098 2200 horari
1114 2177 1244 2209 emptum.
1256 2172 1389 2202 Eumdem
1403 2183 1467 2204 vero
1478 2184 1575 2205 novem
1589 2186 1722 2206 annorum
1735 2187 1798 2215 spa-

1008 2219 1056 2252 tio,
1071 2219 1172 2255 quibus
1185 2220 1323 2249 fortunate
1337 2223 1484 2250 admodum
1500 2223 1611 2258 vixerit,
1628 2230 1736 2259 patrem
1753 2235 1796 2254 ac-

165 2265 214 2299 μὶν
238 2264 319 2291 πέντε
347 2265 457 2301 μερίδας
487 2267 665 2302 παραθεῖναι,
691 2269 738 2295 καὶ
764 2270 846 2297 αὑτὸν
862 2271 955 2299 λαῦεῖν

1009 2274 1116 2294 cersere
1128 2267 1259 2300 noluisse,
1272 2269 1346 2303 quod
1369 2273 1423 2297 tam
1437 2270 1495 2305 ipse
1512 2279 1594 2306 quam
1617 2271 1717 2300 fratres
1734 2281 1797 2307 pas-

165 2310 231 2345 μίαν
245 2311 313 2346 (53)·
324 2312 449 2346 γενέσθαι
467 2310 512 2340 οὖν
529 2313 610 2346 ἑπτὰ,
624 2315 691 2347 ὅσας
709 2317 831 2348 καὶτοὺς
852 2318 884 2344 ἐκ
901 2319 951 2354 τῆς

162 2354 245 2388 Λείας
267 2356 342 2388 υἱοὺς
363 2357 464 2385 λαϐεῖν.
510 2358 644 2391 Ὡσαύτως
659 2360 688 2387 δὲ
716 2362 762 2388 καὶ
778 2363 824 2389 ἐπὶ
839 2363 886 2389 τοῦ
903 2364 952 2395 τὰς

200 2421 257 2459 (52)
279 2422 349 2459 ᾜτῃ
369 2423 450 2451 δέκα.
467 2424 566 2452 Genes.
594 2434 697 2458 xxnn,
714 2427 755 2453 l7.
774 2427 860 2455 Iacob
874 2434 952 2456 ante-

163 2457 246 2492 quam
269 2457 303 2485 ad
322 2458 438 2499 Sicimqg.
454 2460 567 2499 veniret,
588 2462 658 2488 eoin
673 2457 734 2499 loco
750 2463 867 2499 tentoria
883 2464 950 2499 figit,

163 2499 245 2529 quem
260 2497 401 2529 propterea
416 2494 528 2525 Sochot.
543 2495 568 2522 id
584 2500 626 2524 est
656 2497 842 2529 tabernacula.
858 2494 948 2526 nomi—

163 2527 329 2567 navit.
352 2530 473 2567 quandiu
497 2530 555 2567 illic_
575 2531 700 2560 haeserit.
729 2527 869 2567 Scriptura
896 2542 950 2560 non

162 2562 254 2599 docet.
280 2561 350 2599 _Sunt
362 2561 419 2599 ἰιιιί
433 2565 526 2593 decem
542 2565 598 2592 fere
613 2574 700 2594 annos
728 2567 753 2594 in
770 2561 871 2594 Shehot
896 2573 952 2595 tra-

162 2597 262 2636 ductos
277 2597 361 2636 fuisse
380 2597 482 2636 velint.
505 2605 535 2627 ut
557 2601 697 2635 perbrevis
719 2603 790 2636 apud
813 2602 950 2631 Sicimitas

162 2632 224 2666 ejus
237 2640 314 2661 mora
335 2634 426 2662 fuerit.
444 2635 544 2662 Contra
557 2632 710 2664 Demetrius
727 2632 829 2665 Sochot
846 2646 879 2665 ne
894 2647 951 2666 me-

162 2668 412 2706 minitquidemhat
425 2670 518 2700 decem
527 2678 614 2698 annos
626 2671 685 2706 ejus
694 2673 763 2706 apud
776 2672 949 2701 Hemmorem

163 2702 326 2743 habitationi
344 2704 449 2743 tribuit.
463 2706 553 2743 >Sane_
566 2702 735 2743 probabilius
750 2708 867 2740 videtur,
881 2717 949 2743 pau-

162 2738 204 2774 cis
219 2738 334 2774 omnino
349 2740 390 2766 vel
405 2741 496 2773 annis,
512 2741 555 2768 vel
567 2738 652 2768 etiam
668 2743 819 2774 mensibus,
832 2738 905 2770 illam
922 2745 949 2772 in

163 2772 266 2813 §pcho_t_
278 2782 383 2813 moram
398 2775 597 2808 circumscribi,
612 2785 673 2804 cum
688 2772 827 2813 Scriptura
843 2783 948 2807 tantum

162 2807 235 2846 dicat
249 2809 286 2846 ibi
302 2810 355 2836 lixa
372 2817 434 2838 esse
455 2812 587 2845 tentoria;
612 2813 682 2846 apud
707 2807 843 2841 Sicimitas
856 2819 947 2842 autem

162 2842 417 2880 domiciliumﬁesse
437 2842 610 2874 collocatum.
629 2842 705 2880 Quod
731 2854 820 2876 autem
846 2850 946 2877 Genes.

162 2886 255 2919 igitur,
267 2879 314 2910 21,
332 2879 445 2913 ﬂemor,
459 2890 520 2919 cum
538 2882 604 2915 filio,
617 2879 710 2910 Jacobi
729 2883 860 2911 familiam
875 2885 947 2919 apud

164 2913 302 2943 Sicimitas
325 2917 536 2950 commendans,
563 2913 636 2946 viros
661 2920 788 2953 pacilicos
818 2913 944 2947 esse'di-

1004 2313 1099 2340 cendis
1113 2314 1210 2341 ovibus
1225 2322 1335 2349 operam
1350 2316 1455 2349 darent,
1472 2325 1534 2352 qua:
1548 2317 1610 2345 vita:
1632 2319 1703 2346 ratio
1725 2321 1796 2354 apud

1003 2357 1146 2394 Egyptios
1158 2360 1258 2393 probro
1271 2361 1430 2389 duceretur.
1455 2362 1543 2398 Atque
1553 2363 1624 2391 hanc
1639 2364 1663 2391 ei
1677 2372 1727 2392 cur
1743 2373 1794 2403 pa-

1003 2431 1055 2458 cat,
1071 2431 1135 2466 cto"
1154 2426 1180 2454 id
1197 2428 1359 2466 tamAhrevis
1376 2438 1458 2457 morae
1472 2436 1634 2466 argumento
1658 2440 1712 2459 non
1727 2439 1769 2460 est
1785 2443 1792 2460 :

1004 2469 1066 2488 nam
1082 2462 1281 2502 aliquot_anuis
1296 2471 1395 2502 eorum
1410 2462 1544 2502 lnorfs'et
1556 2466 1665 2501 ingenia
1682 2468 1794 2502 probari

1003 2501 1161 2536 potuerunt.
1186 2497 1242 2525 Nec
1261 2505 1343 2536 urget
1365 2500 1433 2536 illud
1459 2497 1610 2533 Torniclli',
1633 2497 1708 2536 quod
1736 2509 1795 2531 tum

1004 2533 1243 2571 prinnun‘egressa
1260 2533 1328 2571 Dina
1345 2535 1480 2567 videatur,
1497 2537 1574 2571 quasi
1589 2533 1682 2564 recens
1701 2546 1734 2566 eo
1749 2548 1795 2566 vc—

1003 2567 1098 2607 n‘isset.
1115 2566 1183 2595 Nam
1206 2569 1278 2602 quod
1292 2570 1417 2607 _ante‘vel
1437 2566 1548 2604 egressa
1567 2580 1620 2598 non
1637 2573 1733 2607 fuerit,
1751 2576 1794 2602 vel

1003 2603 1151 2641 si_egressa
1165 2609 1206 2641 est
1217 2623 1224 2632 .
1241 2604 1331 2641 probri
1342 2605 1418 2641 rnihil
1433 2607 1566 2633 subierit:
1582 2607 1642 2641 ejus
1661 2609 1715 2641 rei,
1727 2603 1792 2636 eum

1003 2637 1078 2679 alite,
1105 2641 1161 2664 tum
1181 2638 1240 2665 haec
1265 2639 1291 2679 in
1308 2640 1500 2679 primiscausa
1517 2649 1578 2679 esse
1597 2637 1792 2679 'potpitfquod

1002 2673 1122 2710 nonduin
1137 2680 1185 2710 per
1202 2674 1289 2710 relatis
1302 2673 1370 2702 satis
1385 2675 1412 2702 id
1427 2676 1531 2704 liceret.
1546 2678 1580 2704 At
1592 2673 1623 2704 ἐκ
1641 2673 1791 2710 Demetrio.

1001 2715 1064 2734 eum
1078 2707 1209 2746 iniuriam
1226 2709 1297 2746 illam
1310 2711 1425 2744 accepit.
1442 2719 1575 2739 annorum
1592 2715 1710 2741 sedecim
1728 2707 1790 2746 fuit,

1002 2747 1049 2769 aut
1061 2743 1179 2783 circiter.
1196 2744 1290 2783 Adde,
1314 2743 1385 2783 tum,
1398 2746 1468 2783 forte
1490 2748 1609 2774 oblatam
1620 2770 1628 2780 ,
1651 2757 1712 2783 quae
1729 2743 1792 2777 ante

1001 2779 1143 2839 lcommoda
1163 2780 1231 2807 satis
1247 2787 1302 2806 non
1317 2779 1421 2815 fuerat,
1434 2782 1494 2816 ejus
1507 2783 1601 2818 flagitii
1616 2779 1791 2814 occasio-ueni

1014 2821 1098 2839 uisse.

1014 2821 1098 2840 [11558-

1036 2848 1202 2889 (55)_Iilz'ar.
1234 2850 1337 2879 Sensus
1363 2858 1389 2879 et
1415 2853 1562 2881 ἀκολουθία
1585 2856 1706 2889 postulat
1727 2855 1791 2889 δύο,

1001 2883 1101 2918 alioqui
1123 2893 1170 2913 sex
1196 2891 1320 2921 tantum,
1342 2895 1395 2915 non
1418 2894 1522 2924 septem
1541 2883 1632 2924 partes
1651 2883 1792 2919 habiturus

1000 2923 1068 2947 erat.
