2070 3206
274 170 324 197 ’119

272 275 414 306 claratum.
441 273 582 300 Fratribus
602 273 673 300 enim
696 273 764 305 suis,
783 280 845 299 cum
869 272 903 299 ad
926 281 987 300 eum
1004 273 1054 300 ali-

230 314 238 318 ’
271 320 381 356 quando
393 319 541 349 venissent,
564 318 617 346 hoc
632 318 658 345 in
680 318 816 345 mandatis
832 319 919 353 ipsum
935 318 1053 351 dedisse,

272 367 322 400 uti,
336 367 358 394 si
374 367 444 394 forte
468 373 483 394 a
510 373 573 401 rege
595 369 811 398 accerserentur,
834 365 933 400 rogati,
957 365 1054 400 ecquid

271 412 333 439 vitae
358 417 443 446 genus
467 409 660 444 proﬁterentur
680 429 687 441 ,
716 409 794 444 equis
826 409 931 437 alendis
958 418 1055 437 vacare

271 464 331 484 sese
362 455 564 495 responderent.
600 454 789 489 Benjaminum
827 454 901 490 quod
938 455 1053 488 attinet,

271 502 413 537 quaesitum
438 509 453 528 a
481 501 627 536 plerisque,
652 501 828 536 quamobrem
855 500 989 536 Iosephus
1014 502 1055 528 in-

270 554 312 576 ter
347 547 534 583 prandendum
581 551 685 582 partem
725 547 749 574 ei
783 547 925 582 quintuplo
962 547 1055 581 singu-

271 595 305 622 lis
338 594 470 629 majorem
506 593 606 628 appoui
642 593 780 625 voluerit,
811 601 871 620 cum
911 598 950 620 tot
987 593 1056 621 cibis

271 639 428 667 adolescens
458 646 507 673 par
538 646 599 666 esse
629 647 681 666 non
718 643 819 673 posset.
857 638 938 675 425
971 639 1055 673 Cujus

270 686 310 713 rei
345 685 414 712 hanc
441 685 486 712 ille
516 684 648 711 rationem
674 684 822 722 allerebat,
849 686 921 720 quod
954 684 1055 712 Iacobo

270 732 340 766 patri
368 736 469 766 septem
501 738 533 757 ex
561 730 630 763 Lia,
665 738 698 757 ex
726 730 842 758 Rachele
877 738 941 758 vero
969 736 1055 759 matre

271 785 331 810 sua,
349 778 404 805 duo
426 782 530 805 tantum
551 777 629 805 liberi
653 777 708 804 nati
731 782 838 810 essent;
860 785 943 812 eoque
961 777 1055 813 Benja-

271 823 347 850 mino
361 827 453 858 partes
468 823 599 858 quinque,
614 823 665 850 sibi
681 828 771 850 autem
787 823 854 850 duas
870 823 1009 855 tribuisse,
1026 828 1056 851 ut

270 862 332 895 cum
349 868 503 903 septenario
528 868 584 895 Liae
608 868 724 896 filiorum
740 876 854 896 numero
872 869 989 903 partium
1005 877 1056 896 nu-

589 167 723 197 EUSEBII
743 167 980 196 CIESARIENSIS
1004 167 1079 196 OPP.
1099 167 1191 195 PARS
1210 168 1243 196 ll.
1263 183 1299 190 —
1317 168 1567 197 APOLOGETICA.

273 234 341 256 trem
365 235 420 254 non
443 227 543 255 acciret
559 234 671 254 causam
689 226 784 258 fuisse,
801 226 834 253 ab
855 234 888 253 eo
900 234 929 253 re
941 226 997 261 ipsa
1012 226 1057 254 de-

1110 226 1205 257 στολάς
1235 225 1326 253 δοῦναι
1353 227 1460 262 ἑκάστῳ
1491 227 1606 259 διπλᾶς,

1843 173 1896 201 720

1647 227 1685 263 τῷ
1712 228 1740 255 δὲ
1765 228 1896 264 Βενιαμὶν

1107 271 1189 298 πέντε
1214 271 1262 297 καὶ
1286 272 1457 306 τριακοσίους
1482 272 1614 307 χρυσοῦς,
1641 273 1688 299 καὶ
1711 273 1749 308 τῷ
1766 274 1850 309 πατρὶ
1865 274 1895 301 δὲ

1107 316 1265 343 ἀποστεῖλαι
1296 317 1367 343 κατὰ
1394 317 1498 350 ταύτὰ,
1540 317 1610 345 ὥστε
1637 318 1683 345 τὸν
1712 317 1785 346 οἷκον
1812 320 1895 348 αὑτοῦ

1106 363 1155 398 τῆς
1180 363 1282 398 μητρὸς
1296 361 1365 390 εἶναι
1390 362 1459 389 ἴσον.
1502 364 1619 398 Οἰκῆσαι
1638 365 1666 391 δὲ
1691 365 1790 397 αὐτοὺς
1814 367 1842 393 ὲν
1859 368 1895 403 γῇ

1107 409 1218 435 Χαναὰν
1229 429 1236 441 ,
1265 409 1312 444 ἀφ’
1328 406 1359 436 οὗ
1382 409 1525 444 ὲκλεγῆναι
1546 410 1670 446 Ἀϐραὰμ
1684 412 1716 438 ὲκ
1729 412 1782 438 τῶν
1799 413 1894 446 ἐθνῶν,

1107 455 1154 482 καὶ
1167 455 1305 491 μετελθεῖν
1315 455 1354 486 εἰς
1364 455 1484 488 Χαναὰν,
1502 456 1626 491 Ἀϐραὰμ
1636 457 1703 485 ἑτῶν
1713 458 1894 493 εἰκοσιπέντε,

1114 501 1205 528 Ἰσαὰκ
1215 501 1283 527 ἐτῶν
1293 501 1339 536 egi,
1344 510 1425 528 κοντα
1435 522 1443 534 ,
1460 501 1555 529 Ἰακὼϐ
1566 503 1633 529 ἐτῶν
1645 503 1741 530 ἑκατὸν
1750 505 1896 540 τριάκοντα

1108 546 1226 580 γίνεσθαι
1239 567 1247 580 ,
1264 547 1297 574 τὰ
1312 547 1400 574 πάντα
1417 547 1463 583 ἐτη
1480 548 1508 574 ἐν
1523 550 1558 584 γῇ
1572 549 1682 576 Χαναὰν
1701 554 1748 577 σιε’
1762 551 1829 586 (54)·
1848 553 1896 579 καὶ

1107 593 1146 628 τῷ
1159 593 1244 629 τρίτῳ
1260 594 1314 620 ἔτει
1325 614 1332 626 ,
1355 594 1434 629 λιμοῦ
1450 594 1534 630 οὔσης
1547 596 1575 621 ὲν
1592 596 1737 632 Αἰγύπτῳ,
1753 597 1839 624 ὲλοείν
1855 598 1895 630 εις

1108 639 1243 673 Δῖγυπτον
1259 639 1304 666 τὸν
1325 639 1420 667 Ἰακὼϐ
1431 661 1438 673 ,
1462 641 1526 667 ὄντα
1543 640 1612 667 ὲτῶν
1629 642 1725 669 ἑκατὸν
1737 644 1894 679 τριάκοντα.

1115 685 1229 720 Ῥουϐὴν
1249 685 1318 711 ἑτῶν
1334 688 1386 720 με’,
1404 685 1534 720 Συμεῶνα
1560 686 1628 712 ἑτῶν
1644 686 1694 722 μδ¹,
1723 687 1803 714 Λειῖν
1826 688 1895 715 ἑτῶν

1110 734 1164 765 μγ’,
1192 730 1292 757 Ἰούδαν
1317 730 1385 757 ἐτῶν
1410 731 1463 766 μβ’,
1488 731 1580 766 μηνῶν
1596 731 1696 767 τριῶν,
1726 733 1808 770 Ἀσὴρ
1826 734 1895 760 ἐτῶν

1110 776 1165 811 (55)
1188 780 1231 811 μ’,
1254 776 1346 813 μηνῶν
1362 777 1449 809 ὀκτὼ,
1463 778 1622 813 Νεφθαλεὶμ
1641 778 1710 806 ἐτῶν
1727 783 1784 814 μα’,
1803 780 1896 815 μηνῶν

1109 823 1148 855 ζ’,
1165 823 1219 849 Γὰδ
1234 823 1301 849 ἐτῶν
1317 823 1372 859 μα’,
1390 823 1481 859 μηνῶν
1499 827 1533 858 γ’,
1549 824 1690 851 Ζαϐουλὼν
1705 826 1773 852 ὲτῶν
1788 829 1824 861 μ’,
1837 825 1897 852 Δει-

1109 877 1156 895 ναν
1170 868 1238 895 ἐτῶν
1254 868 1303 900 λθ’,
1318 869 1445 904 Βενιαμὶν
1456 869 1524 896 ὲτῶν
1536 873 1588 904 κη’.
1605 869 1656 896 Τὸν
1671 869 1699 896 δὲ
1717 870 1815 905 Ἰωσήφ
1829 879 1896 906 φησι

271 922 365 942 merus
377 919 539 950 aequaretur.
575 913 705 942 Similiter
725 915 809 942 stolas
819 915 928 950 quidem
944 916 1057 952 singulis

1110 914 1232 949 γενέσθαι
1248 915 1276 941 ἐν
1293 915 1421 950 Αἰγύπτῳ
1433 914 1479 951 ἔτη
1497 915 1535 942 λθ¹
1561 915 1627 951 (56).
1645 915 1721 943 Εἶναι
1736 916 1764 943 δὲ
1781 916 1835 942 ἀπὸ
1848 915 1894 942 τοῦ

271 960 404 994 geminas,
423 965 451 988 at
465 960 625 995 Benjamino
636 961 757 996 quinque
769 969 831 988 eum
847 962 936 989 aureis
952 968 1056 990 trecen-

272 1007 307 1033 tis
322 1006 445 1039 dedisse,
469 1007 632 1041 totidemque
654 1007 687 1033 ad
704 1011 806 1041 patrem
831 1007 953 1040 misisse,
967 1008 1005 1035 uti
1023 1016 1056 1035 ne

271 1059 324 1087 qua
339 1052 365 1078 in
379 1059 407 1079 re
420 1057 542 1079 materna
558 1051 661 1079 familia
678 1053 753 1079 alteri
771 1054 939 1080 concederet.
971 1055 1056 1081 Caete-

271 1104 343 1128 rum,
356 1104 388 1124 ex
399 1104 453 1131 quo
469 1096 640 1125 Abrahamus
656 1098 790 1125 universis
805 1105 819 1125 a
832 1098 956 1133 gentibus
965 1099 1056 1126 divina

269 1145 410 1172 voluntate
430 1145 558 1178 selectos,
582 1146 608 1172 in
623 1150 724 1173 terram
739 1145 919 1174 Chananaaain
939 1147 1055 1181 primum

271 1196 460 1224 concesserat,
475 1192 562 1226 ipsum
580 1193 688 1227 quidem
702 1200 789 1220 annos
806 1193 900 1228 viginti
924 1193 1055 1228 quinque,

271 1237 396 1264 lsaaeum
415 1243 481 1264 vero
504 1238 644 1270 sexaginta
656 1257 662 1268 ,
677 1236 806 1264 Iacobum
819 1238 935 1272 denique
948 1237 1056 1273 triginta

272 1290 355 1317 supra
368 1286 488 1316 centum,
513 1282 610 1310 ibidem
627 1284 724 1318 egisse,
750 1284 795 1317 qui
817 1291 911 1311 omnes
923 1291 1056 1311 annorum

272 1327 427 1362 quindecim
444 1336 524 1360 supra
535 1328 665 1355 ducentos
679 1336 814 1356 summam
827 1329 953 1356 efﬁciant.
971 1327 1058 1363 Atque

272 1373 325 1400 hoc
347 1374 424 1408 ipso,
443 1374 487 1408 qui
511 1374 590 1401 famis
617 1375 689 1409 apud
712 1375 855 1410 Egyptios
879 1376 973 1403 tertius
989 1379 1057 1407 erat,

272 1423 398 1446 cunctam
425 1426 520 1446 eurum
548 1417 678 1446 familiam
699 1419 726 1446 in
742 1419 887 1455 Egyptum
914 1420 1056 1455 migrasse.

272 1472 335 1492 cum
351 1464 480 1493 Rubenus
507 1474 595 1494 annos
620 1467 741 1502 quinque
769 1474 851 1501 supra
879 1466 1058 1501 quadraginta

273 1515 353 1539 natus
370 1517 452 1545 esset,
469 1511 585 1548 Symeon
607 1518 723 1548 quatuor
736 1518 762 1540 et
776 1513 965 1548 quadraginta,
980 1512 1058 1540 Levi-

273 1564 325 1584 nus
338 1561 392 1584 tres
409 1562 435 1585 et
449 1559 637 1593 quadraginta,
650 1558 735 1586 Iudas
746 1559 815 1586 duos
829 1562 856 1586 et
867 1559 1056 1593 quadraginta,

273 1610 335 1630 cum
349 1603 435 1631 tribus
450 1603 562 1638 insuper
585 1605 734 1634 mensibus.
759 1605 826 1631 Aser
837 1604 1014 1639 quadraginta
1031 1607 1059 1631 et

274 1657 382 1677 menses
405 1654 485 1683 octo,
499 1649 708 1685 Nephthalimus
732 1658 815 1677 unum
830 1656 857 1678 et
878 1651 1058 1685 quadraginta

275 1702 438 1730 menSesque
453 1700 567 1730 septem,
580 1695 672 1724 Gadus
688 1696 799 1723 totidem
814 1704 975 1731 mensesque
993 1701 1058 1728 tres,

275 1739 396 1768 Zabulon
413 1740 603 1776 quadraginta,
614 1741 681 1769 Dina
695 1749 792 1769 novem
807 1749 840 1769 ac
852 1741 973 1777 triginta,
991 1741 1060 1768 Ben-

274 1787 394 1822 jaminus
414 1792 476 1815 octo
490 1792 517 1815 et
530 1787 635 1823 viginti.
665 1786 812 1822 Iosephum
827 1792 916 1816 autem
931 1788 958 1815 in
976 1787 1060 1823 Egy-

276 1837 322 1867 pto
350 1833 429 1861 annis
455 1841 550 1861 novem
578 1841 610 1861 ac
641 1833 749 1868 triginta
775 1833 886 1861 vixisse.
915 1832 1009 1867 Itaque
1026 1833 1060 1860 ah

313 1909 369 1945 (54)
395 1910 443 1936 Ἐν
456 1908 495 1944 γῇ
510 1909 632 1937 Χαναὰν
645 1913 710 1937 σιε¹.
725 1910 857 1937 Accurata
873 1909 1058 1943 chronologia.

276 1944 344 1972 Nam
362 1944 548 1977 'Abraliamus,
563 1945 607 1979 qui
622 1953 694 1972 anno
707 1946 795 1972 :etatis
811 1945 845 1972 '75
862 1946 887 1971 in
900 1945 1060 1972 Chananiti-

277 1982 338 2008 dem
364 1986 488 2013 venerat,
504 1981 676 2007 centenarius
690 1988 752 2007 cum
767 1985 857 2012 esset,
872 1981 995 2008 lsaacum
1013 1987 1061 2015 ge-

279 2017 354 2048 nuit,
375 2021 404 2042 ut
420 2016 534 2042 habetur
547 2015 645 2043 Genes.
663 2024 726 2047 xxt,
744 2015 770 2043 5.
787 2016 869 2050 Atqui
886 2016 920 2042 ab
938 2023 1010 2042 anno
1028 2015 1062 2042 75

279 2051 312 2078 ad
337 2051 388 2078 100
410 2051 474 2077 anni
489 2050 586 2085 viginti
606 2050 726 2085 quinque
743 2049 931 2077 numerantur.
942 2049 1061 2085 ilsaacus

278 2091 367 2113 autem
396 2084 604 2121 sexagenarius,
615 2084 751 2113 Iacobum
766 2090 792 2112 et
807 2085 877 2112 Esau
893 2093 925 2112 ex
940 2084 1061 2113 Rebecca

279 2121 415 2155 suscepit,
434 2120 531 2148 Cenes.
548 2128 611 2151 xxv.
627 2121 672 2153 26,
696 2121 742 2155 qui
760 2121 822 2147 anni
847 2121 986 2154 sexaginta
999 2128 1060 2148 curn

279 2157 414 2191 prioribus
429 2157 523 2191 viginti
540 2157 673 2191 quinque.
688 2164 774 2183 annos
790 2155 908 2182 eiliciunt
923 2157 1062 2191 ocloginla

279 2190 409 2225 quinque.
438 2191 579 2218 Postremo
610 2190 727 2218 Iacobus
751 2198 824 2217 anno
848 2191 934 2217 aetatis
959 2190 1008 2217 150
1029 2191 1060 2223 jn

280 2226 426 2261 Egyptum
443 2226 597 2256 descendit,
621 2227 718 2253 Geues.
749 2234 837 2254 xuii.
861 2227 887 2253 9.
915 2225 1019 2258 Quibus
1039 2226 1060 2252 si

1113 959 1197 994 Ἀδὰμ
1207 979 1214 989 ,
1229 959 1285 995 (57)
1303 959 1354 991 ἕως
1368 959 1414 986 τοῦ
1428 960 1557 987 εἰσελθεῖν
1569 962 1608 992 εἰς
1623 961 1757 996 Αἴγυπτον
1772 962 1835 993 τοὺς
1847 961 1894 988 τοῦ

1113 1005 1209 1041 Ἰωσὴφ
1222 1007 1360 1040 συγγενεῖς
1375 1005 1420 1042 ἔτη
1433 1007 1506 1042 γχκδ¹
1518 1015 1524 1022 ·
1538 1007 1591 1034 ἀπὺ
1605 1007 1633 1034 δὲ
1644 1007 1691 1034 τοῦ
1703 1007 1895 1044 κατακλυσμοῦ

1106 1051 1157 1084 ἕως
1181 1052 1231 1087 τῆς
1254 1052 1350 1079 Ἰακὼϐ
1380 1053 1530 1088 παρουσίας
1547 1054 1587 1085 εἰς
1605 1053 1741 1088 Αἴγυπτον
1757 1054 1875 1090 ἕτη,ατξ¹
1887 1063 1894 1070 ·

1107 1099 1153 1133 ἀφ’
1169 1095 1199 1124 οὗ
1212 1098 1240 1124 δὲ
1255 1099 1397 1134 ὲκλεγῆναι
1423 1099 1543 1135 Ἀϐραὰμ
1559 1099 1591 1125 ὲκ
1603 1099 1656 1126 τῶν
1673 1099 1756 1126 ἐθνῶν
1768 1120 1775 1132 ,
1793 1101 1839 1126 καὶ
1850 1100 1893 1126 ὲλ-
1925 1107 1935 1116 ·

1107 1144 1163 1171 θεῖν
1173 1145 1204 1170 ἐκ
1215 1144 1326 1180 Χαρρὰν
1337 1145 1377 1176 εἰς
1392 1144 1500 1172 Χαναὰν
1508 1166 1515 1178 ,
1526 1145 1578 1177 ἕως
1590 1144 1622 1171 ἂν
1635 1146 1675 1177 εἰς
1688 1146 1822 1179 Αἴγυπτον
1832 1146 1895 1178 τοὺς

1107 1189 1171 1225 περὶ
1194 1189 1289 1216 Ἰακὼϐ
1315 1189 1421 1220 ἐλθεῖν,
1436 1189 1483 1225 ἐτη
1512 1193 1570 1217 σιε¹.
1599 1190 1695 1217 Ἰακὼϐ
1714 1191 1742 1217 δὲ
1765 1192 1797 1217 ἐκ
1821 1191 1898 1227 Χαρ-

1108 1234 1158 1269 ρὰν
1189 1233 1255 1269 πρὸς
1282 1233 1374 1260 Λάϐαν
1401 1234 1507 1266 ἐλθεῖν,
1536 1234 1604 1261 ὲτῶν
1623 1235 1686 1262 ὄντα
1703 1239 1728 1262 π’
1756 1235 1830 1271 (58),
1847 1237 1895 1263 καὶ

1108 1280 1238 1315 γεννῆσαι
1255 1280 1336 1306 Λευῖν
1348 1289 1354 1295 ·
1385 1280 1466 1307 Λευῒν
1484 1281 1512 1307 δὲ
1529 1282 1557 1307 ὲν
1571 1281 1700 1317 Αἰγύπτῳ
1722 1282 1895 1316 ἐπιγενέσθαι

1108 1327 1154 1362 ἔτη
1167 1327 1209 1360 ιζ’,
1227 1325 1311 1362 ἀφόὖ
1322 1328 1353 1354 ἐκ
1366 1327 1476 1355 Χαναὰν
1492 1328 1572 1355 αὐτὸν
1589 1328 1674 1354 ἐλθεῖν
1694 1329 1734 1359 εἰς
1749 1329 1893 1362 Αιγυπτον,

1108 1372 1179 1399 ὥστε
1195 1372 1265 1400 εἶναι
1282 1373 1362 1400 αὑτὸν
1378 1374 1446 1400 ἐτῶν
1461 1374 1492 1407 ξ’,
1516 1374 1563 1400 καὶ
1579 1374 1708 1408 γεννῆσαι
1723 1374 1798 1400 Κλαθ
1818 1374 1873 1408 (59)
1886 1383 1892 1390 ·

1108 1419 1181 1454 αὐτῴ
1197 1419 1224 1445 δὲ
1253 1418 1307 1445 ἔτει
1330 1415 1352 1452 ᾧ
1380 1420 1503 1453 γενέσθαι
1532 1419 1606 1446 Κλὰο
1635 1419 1707 1454 (60),
1735 1419 1894 1454 τελευτῆσαι

1114 1463 1211 1491 Ἰακὼϐ
1248 1465 1277 1490 ἐν
1315 1465 1465 1500 Αἱγύτπῳ,
1507 1465 1687 1500 εὐλογήσαντα
1709 1465 1773 1496 τοὺς
1797 1464 1894 1500 Ἰωσὴφ

1108 1510 1199 1542 υἱοὺς,
1227 1509 1291 1537 ὄντα
1308 1511 1376 1537 ὲτῶν
1404 1511 1465 1546 ρμζ¹
1493 1511 1565 1547 (Gl),
1586 1511 1769 1538 καταλιπόντα
1798 1510 1895 1546 Ἰωσὴφ

1109 1555 1177 1582 ἑτῶν
1188 1559 1246 1588 νς¹.
1256 1556 1337 1582 Λευῖν
1352 1557 1380 1583 δὲ
1399 1557 1542 1592 γενόμενον
1558 1556 1627 1583 ὲτῶν
1643 1556 1702 1592 ρλζ’
1714 1556 1874 1592 τελευτῆσαι
1885 1565 1894 1571 ·

1108 1601 1183 1628 Κλὰο
1196 1602 1222 1628 δὲ
1238 1602 1302 1628 ὄντα
1324 1603 1392 1629 ἐτῶν
1406 1605 1431 1638 μ’
1449 1602 1515 1637 (61⁸)
1539 1603 1665 1638 γεννῆσαι
1688 1602 1811 1638 Ἀϐραὰμ
1826 1601 1895 1637 (62).

1108 1648 1138 1674 ὃν
1170 1647 1238 1674 ἐτῶν
1268 1645 1337 1674 εἶναι
1368 1648 1404 1675 ιδ’
1420 1649 1476 1674 ’ὲν
1506 1644 1527 1681 ᾧ
1557 1647 1714 1683 τελευτῆσαι
1747 1647 1844 1683 Ἰωσὴφ
1866 1648 1897 1674 ὲν

1108 1693 1239 1729 Αἰγύπτῳ
1265 1693 1329 1720 ὅντα
1355 1696 1396 1729 ρι’
1423 1694 1509 1720 ὲτῶνν
1530 1693 1605 1721 Κλὰο
1625 1694 1652 1720 δὲ
1671 1694 1814 1729 γενόμενον
1831 1694 1896 1721 ἐκα-

1108 1739 1153 1766 τὸν
1168 1739 1215 1774 λγ¹
1241 1739 1417 1774 τελευτῆσαι.
1452 1739 1577 1775 Ἀϐραὰμ
1598 1739 1689 1766 λαϐεῖν
1714 1741 1830 1774 γυναῖκα
1845 1739 1896 1775 τὴν

1108 1784 1156 1811 τοῦ
1187 1785 1258 1812 θείου
1290 1784 1428 1821 θυγατέρα
1461 1785 1607 1820 Ἰωχαϐὲτ,
1638 1785 1685 1812 καὶ
1709 1785 1774 1812 ὄντα
1806 1786 1896 1812 ἐνιαυ-

1109 1831 1163 1859 τῶν
1192 1835 1238 1864 oe’,
1269 1832 1397 1868 γεννῆσαι
1420 1830 1524 1866 ’Δαρὼν
1553 1832 1599 1858 καὶ
1627 1831 1740 1866 Μωσῆν.
1764 1831 1895 1864 Γεννῆσαι

1111 1905 1247 1934 Diluvium
1263 1907 1358 1934 incidit
1378 1907 1404 1933 in
1427 1915 1499 1934 anno
1516 1907 1608 1935 mundi
1627 1907 1705 1938 l655,
1724 1915 1805 1941 quam
1820 1917 1896 1936 sum-

1111 1949 1183 1978 mam
1198 1942 1221 1970 si
1241 1942 1393 1970 detraxeris
1408 1950 1441 1969 ex
1456 1942 1525 1970 2257
1536 1963 1544 1976 ,
1561 1947 1724 1978 supererunt
1738 1943 1807 1974 582;
1833 1951 1896 1978 pro-

1112 1976 1175 2013 inde
1190 1985 1280 2004 annus
1295 1978 1339 2004 ille
1353 1979 1485 2004 adventus
1502 1978 1529 2004 in
1548 1977 1706 2013 Egyptum.
1722 1986 1753 2005 ex
1771 1976 1894 2013 ejusdem

1111 2012 1297 2046 chrunologiaa
1314 2013 1466 2047 principiis,
1480 2013 1531 2039 erit
1546 2012 1634 2040 annus
1649 2021 1664 2040 a
1679 2014 1781 2040 diluvio
1795 2012 1858 2040 582.

1149 2047 1206 2083 (58)
1240 2047 1328 2083 Ὲτῶν
1351 2047 1425 2075 ὄντα
1448 2050 1486 2074 π’.
1515 2047 1648 2083 Circiter,
1677 2055 1731 2075 non
1760 2048 1892 2082 ἀκριϐῶς.

1112 2082 1294 2144 rTqmjpnim,
1321 2087 1351 2110 ut
1375 2083 1455 2110 etiam
1480 2087 1542 2110 ante
1567 2082 1735 2116 Demetrius,
1760 2090 1893 2110 annorum

1125 2123 1164 2144 1111.
1204 2126 1225 2143 l.

1125 2119 1164 2145 uit
1182 2117 1225 2143 77.

1160 2153 1203 2185 59)
1224 2151 1317 2179 Κλάθ.
1331 2151 1415 2178 Caath
1432 2152 1589 2184 vocabatur,
1604 2160 1657 2180 non
1672 2153 1759 2180 Clalh.

1160 2189 1204 2222 60)
1226 2187 1371 2213 Γενέσθαι
1391 2188 1482 2213 Κλάθ.
1506 2187 1560 2214 lino
1581 2196 1646 2215 sane
1663 2188 1754 2214 multis
1771 2191 1833 2215 ante
1849 2186 1895 2214 Ia-

1113 2224 1174 2250 cobi
1201 2227 1315 2249 mortem
1349 2222 1540 2256 annis:un
1563 2229 1653 2250 tamen
1687 2228 1761 2250 certo
1787 2222 1894 2250 deﬁniri

280 2257 416 2289 addiieris
431 2263 534 2295 priores
551 2261 601 2293 85,
622 2261 765 2288 homadem
784 2261 856 2287 illam
885 2257 996 2288 habebis
1013 2269 1061 2287 an-
1078 2257 1099 2283 D
1115 2259 1156 2285 vix
1166 2262 1270 2295 _pote_s_t.

280 2305 378 2324 noriim
390 2297 452 2324 215.

316 2331 373 2367 (55)
394 2331 480 2365 Ἀσὶιρ
496 2331 580 2362 ἑτῶν,
595 2336 647 2358 etc.
664 2330 787 2365 Sequens
796 2330 1062 2367 annorumristor_um

280 2364 350 2394 ratio
367 2364 473 2401 longius
488 2375 502 2393 a
520 2367 631 2393 Veritate
653 2364 777 2394 discedit.
795 2365 887 2392 Primo
901 2364 1064 2401 enini,Dan

281 2411 295 2429 a
314 2401 382 2430 Iuda
399 2400 540 2437 proximus
553 2401 614 2432 iuit,
627 2401 805 2437 Geiies._xxx,
820 2401 846 2428 5.
862 2400 1064 2437 Drinde_Neph-

281 2435 410 2465 thaliinus
431 2437 534 2464 Danum
552 2438 691 2471 sequitur,
716 2435 936 2470 Nephthaliinuui
954 2435 1064 2469 Cadus,

282 2472 386 2500 Gadum
401 2475 484 2504 Aser,
500 2479 579 2506 quem
596 2472 637 2499 hic
653 2477 716 2498 ante
736 2471 955 2505 Neplithalinium
973 2479 1065 2497 recen-

283 2512 340 2539 set,
364 2509 513 2542 eodemque
537 2513 627 2534 tamen
651 2507 787 2542 juniorem
806 2506 879 2534 facit.
895 2506 1004 2542 Asercm
1023 2514 1068 2533 se-

284 2543 376 2576 quitur
394 2541 533 2575 Issachar,
550 2543 719 2569 lssacharem
738 2541 877 2573 Zabulou,
899 2541 1065 2568 Zabulonem

286 2577 363 2607 Dina,
381 2577 474 2604 Dmam
489 2577 633 2611 Iosephus,
648 2576 797 2612 Ιυεειριιυιιι
814 2577 1001 2612 Benjaminus.

321 2612 377 2646 (56)
404 2612 451 2638 Ἐν
462 2613 599 2647 Αἰγύπτῳ
613 2613 665 2645 ἐτη
681 2614 736 2639 λιν.
756 2612 812 2639 lmo
827 2613 974 2646 nonaginta
988 2617 1043 2639 tres
1057 2621 1064 2638 :

285 2647 418 2681 siquidem
434 2646 505 2674 anno
526 2647 559 2674 17
583 2649 608 2674 in
634 2647 779 2682 A‘lgyptum
802 2647 952 2678 abductus,
967 2646 1064 2674 Genes.

286 2690 396 2743 ηχὲέι.
418 2681 446 2709 2,
462 2682 562 2709 ibidem
588 2690 659 2709 anno
678 2681 726 2708 llO
748 2688 871 2709 mortuus
888 2687 946 2715 est,
968 2682 1064 2710 Cenes.

287 2724 318 2743 ι.
354 2736 379 2743 -.

287 2724 318 2749 ι,
334 2724 379 2743 zz.

323 2752 378 2786 (57)
404 2751 470 2778 Ἀπὸ
488 2752 541 2778 τοῦ
562 2752 647 2786 Ἀδάμ
660 2773 667 2784 ,
693 2757 745 2779 etc.
762 2752 875 2784 Creatn,
893 2761 926 2778 an
943 2752 1067 2779 mortuo?
1082 2758 1085 2763 '

289 2787 468 2820 undecunque
496 2795 634 2819 numeres,
651 2793 705 2814 tam
721 2788 841 2814 incertus
855 2793 896 2814 est
913 2788 956 2814 hic
970 2795 1066 2814 nume-

289 2830 350 2854 rus.
374 2830 454 2856 quam
476 2830 563 2849 annus
576 2823 650 2849 orbis
668 2823 779 2849 conditi.
797 2822 825 2849 ln
848 2821 937 2849 Patris
964 2822 1064 2850 Petavii

288 2856 480 2891 Chronologia,
497 2857 540 2883 cui
563 2857 710 2891 plurimum
728 2858 817 2884 tribuo
829 2879 837 2890 ,
856 2865 944 2884 annus
960 2859 1003 2884 ille
1020 2856 1066 2884 Ia-

288 2893 349 2920 cobi
363 2892 390 2919 in
406 2892 549 2928 Atigyptum
567 2892 695 2926 καθόδου,
712 2893 805 2920 mundi
827 2900 915 2920 annus
929 2898 970 2921 est
984 2893 1065 2921 Ξὶὸτ.

1150 2293 1206 2325 (61)
1231 2291 1318 2318 Ἐτῶν
1330 2291 1402 2326 ρμζθ.
1420 2292 1457 2318 Ita
1475 2291 1571 2319 Genes.
1592 2300 1678 2324 xrvn,
1692 2292 1736 2319 27.

1151 2328 1216 2363 (61')
1235 2328 1318 2354 Κλὰθ
1339 2327 1410 2363 ὄντα
1430 2326 1505 2353 ἐτῶν
1521 2327 1664 2363 _u'._Error
1679 2336 1711 2354 ex
1729 2327 1811 2362 priori
1829 2335 1895 2354 cou-

1115 2361 1241 2398 sequelis.
1260 2371 1314 2397 quo
1328 2362 1421 2389 eodem
1437 2370 1509 2389 anno
1522 2367 1546 2388 et
1562 2361 1693 2398 Iacobum
1709 2361 1856 2394 mortuum,
1868 2367 1895 2389 et

1115 2398 1248 2426 Caathum
1264 2398 1290 2424 in
1306 2398 1391 2424 lucem
1407 2398 1509 2424 editum
1527 2398 1625 2431 posuit.
1643 2397 1726 2424 Error
1736 2403 1826 2424 autem
1842 2401 1893 2429 est,

1116 2441 1177 2460 cum
1195 2433 1256 2459 inde
1272 2438 1400 2468 sequatur
1418 2438 1509 2459 natum
1524 2441 1584 2468 esse
1600 2433 1732 2460 Canthum
1761 2433 1787 2458 in
1811 2431 1895 2468 [Egy-

1117 2475 1172 2503 pto,
1189 2475 1250 2495 cum
1268 2473 1359 2503 tamen
1375 2467 1459 2494 frater
1471 2467 1530 2502 ejus
1550 2467 1734 2503 Mei-arituatu
1752 2467 1893 2498 minimus,

1116 2501 1178 2530 ante
1193 2504 1267 2529 illiilli
1287 2503 1313 2529 in
1328 2501 1444 2537 (Egypto
1459 2508 1537 2529 natus
1548 2502 1638 2533 fuerit,
1651 2502 1749 2529 Cenes.
1764 2511 1835 2533 xLVi,
1851 2503 1892 2529 ll.

1115 2538 1200 2565 Multo
1216 2546 1280 2572 ergo
1297 2538 1387 2565 senior
1410 2538 1527 2564 Canthus
1550 2543 1624 2569 erat,
1641 2545 1701 2564 cum
1718 2538 1894 2563 Ainraamum

1116 2575 1219 2608 genuit.
1238 2574 1332 2599 Annus
1352 2577 1442 2599 tamen
1458 2573 1500 2599 ille
1514 2573 1583 2599 haud
1596 2572 1706 2603 certius,
1723 2580 1805 2607 quam
1822 2572 1895 2606 ejus-

1116 2609 1177 2635 dem
1190 2608 1285 2635 Caathi
1303 2613 1379 2635 ortus
1397 2608 1532 2641 designari
1546 2612 1644 2641 potest.

1152 2643 1208 2675 (6'2)
1234 2641 1365 2677 Ἁϐραάμ.
1389 2641 1518 2670 Hebraico
1532 2647 1626 2674 nam.
1655 2641 1809 2669 Demetrius
1835 2641 1896 2669 fecit

1123 2677 1257 2714 Ἀϐραάμ,
1272 2676 1378 2704 sublato
1393 2687 1422 2713 μ,
1439 2683 1465 2704 et
1485 2678 1621 2714 insertou
1634 2677 1707 2714 :_nisi
1726 2682 1814 2714 tamen
1830 2676 1895 2714 seri:

1117 2711 1207 2748 pserat
1229 2711 1372 2748 ’Ἃμραάμη
1391 2711 1565 2747 Septuaginta
1592 2711 1735 2747 ’Λμϐρὰμ,
1762 2713 1865 2739 inserto
1880 2711 1896 2736 6

1117 2747 1152 2775 ob
1169 2747 1332 2782 euphoniam
1345 2747 1358 2774 ':
1375 2749 1494 2783 vulgaris
1508 2748 1579 2773 enim
1604 2748 1647 2783 hic
1661 2755 1738 2774 error
1754 2753 1794 2774 est
1804 2768 1811 2780 ,
1825 2747 1896 2782 quod

1117 2783 1143 2809 in
1168 2784 1344 2817 manuscript.
1361 2782 1501 2810 codicibus
1520 2790 1539 2816 μ
1556 2787 1582 2809 et
1600 2782 1616 2807 6
1634 2783 1728 2808 eodem
1745 2783 1799 2809 fere
1817 2783 1895 2809 modo

1117 2818 1301 2853 pingerentur.
1320 2819 1365 2846 Sic
1389 2817 1459 2846 infra
1479 2818 1643 2853 Μωαμῖται,
1666 2825 1714 2852 pro
1736 2817 1898 2849 Μωαϐῖται,

1117 2854 1246 2888 scriptum
1261 2858 1313 2880 est.
