2091 3208
159 180 211 208 799

743 180 905 209 ΡΒΕΡΑΚ
926 181 1052 208 EVANG.
1072 180 1138 208 LIB.
1156 180 1202 209 1x.

1733 180 1785 208 750

157 236 216 265 εἶτα
231 238 279 265 τὸν
295 239 325 265 ἐν
344 238 512 267 Ἡλιουπόλει
525 239 589 266 ναδν
609 235 823 266 κατασκευάσαι.
846 239 948 268 Τοῦτον

1002 240 1119 268 Ierrhin
1142 239 1227 268 ﬁliam
1257 243 1423 273 susceptam,
1441 245 1474 266 ac
1488 237 1654 272 Chiam-plura
1675 236 1784 264 cuidam

157 284 185 310 δέ
199 285 330 320 γεννῆσαι
348 285 486 321 θυγατέρα
502 286 616 321 Μέρῤιν,
627 287 660 321 ὴν
676 286 800 321 Χενεφρῇ
817 294 869 312 τινι
882 295 946 313 κατ-

159 331 301 364 εγγυῆσαι,
327 330 382 357 τῶν
408 331 477 366 ὑπὲρ
502 332 615 366 Μέμφιν
638 332 727 358 τόπων
763 331 943 366 βασιλεύοντι·

159 373 272 405 πολλοὺς
285 374 340 410 γὰρ
355 375 414 401 τότε
431 377 480 410 τῆς
502 376 639 410 Αίγύπτου
663 376 823 411 βασιλεύειν.
840 378 946 413 Ταύτην

158 419 186 446 δὲ
201 420 312 456 στείραν
329 421 503 456 ὑπάρχουσαν
520 422 702 449 ὑποϐαλέσθαι
719 424 789 456 τινὸς
805 424 859 451 τῶν
881 425 946 451 Ἰου-

158 464 240 492 δαίων
261 466 385 493 παιδίον·
398 467 476 494 τοῦτο
494 468 523 494 δὲ
548 468 663 496 Μώῡσον
682 469 828 504 ὀνημάσαι·
851 470 903 497 ὑπὸ
918 470 946 496 δὲ

158 511 211 538 τῶν
242 512 372 549 Ἑλλήνων
396 514 477 540 αὑτὸν
501 515 672 550 ἀνδρωθέντα
697 517 834 544 Μουσαῖον
861 526 946 553 προσ-

159 559 351 595 αγορευθῆναι.
360 560 487 587 Γενέσθαι
498 561 525 587 δὲ
536 562 581 587 τὸν
592 563 707 589 Μώῦσον
717 563 810 589 τοῦτον
826 563 947 599 Ὀρφέως

159 605 317 633 διδάσκαλον
327 615 334 622 ·
351 606 520 642 ἀνδρωθέντα
540 607 562 634 δ’
579 608 660 635 αὑτὸν
676 609 760 636 πολλὰ
774 611 829 641 τοῖς
842 609 947 646 ἀνθρώ-

162 660 221 684 ποις
235 652 372 688 εὔχρηστα
388 653 562 689 παραδοῦναι.
578 655 631 681 Καὶ
647 655 701 691 γὰρ
719 656 807 688 πλοῖα,
829 657 876 683 καὶ
898 665 948 692 μη-

162 698 245 733 χανὰς
262 699 331 734 πρὸς
347 699 397 731 τὰς
422 699 584 733 λιθοθεσίας,
603 701 648 727 καὶ
663 701 697 728 τὰ
711 701 847 736 Αἰγύπτια
867 702 946 734 ὅπλα,

161 744 208 771 καὶ
222 744 255 771 τὰ
273 744 376 780 ὄργανα
388 745 422 772 τὰ
439 745 583 781 ὑδρευτικὰ
599 747 645 773 καὶ
662 747 812 782 πολεμικὰ,
839 748 885 774 καὶ
900 747 948 782 τὴν

162 789 319 825 φιλοσοφίαν
335 789 471 826 ὲξευρεῖψ
488 791 527 818 ἑτι
545 791 573 817 δὲ
589 791 636 827 τὴν
650 792 726 818 πόλιν
743 794 781 824 είς
794 792 837 824 λς’
851 792 949 827 νομοὺς

161 836 273 867 διελεῖν.
289 837 335 864 καὶ
358 838 465 872 ἑκάστῳ
484 837 538 864 τῶν
565 838 654 873 νομῶν
673 838 805 871 ἀποτάξαι
821 839 866 865 τὸν
883 838 948 865 Θεὸν

164 882 355 918 σεφθήσεσθαι,
379 883 413 909 τά
428 892 457 909 τε
481 883 540 919 ἱερὰ
565 884 715 919 γράμματα
740 887 796 916 τοῖς
814 884 945 920 ἱερεῦσιν·

997 286 1101 321 regioni
1119 293 1200 320 supra
1216 284 1362 318 Memphim
1380 284 1437 312 sitae
1460 283 1602 318 imperanti
1621 283 1783 317 desponsam

998 332 1081 359 fuisse
1101 340 1107 358 :
1126 336 1183 358 tum
1208 330 1279 357 enim
1306 330 1397 365 plures
1420 329 1567 365 Egyptum
1594 329 1703 364 regulos
1733 329 1784 355 ha-

997 378 1099 404 buisse.
1118 376 1192 403 llanc
1205 382 1296 411 porro,
1317 374 1418 402 sterilis
1436 383 1497 403 cum
1510 378 1592 406 esset,
1609 373 1709 402 Judaea:
1726 381 1785 401 mu-

997 423 1071 450 lieris
1096 421 1226 449 infantem
1259 420 1446 455 supposuisse,
1468 428 1549 455 quem
1576 419 1698 455 Moysum
1726 419 1784 454 ipsa

998 469 1126 503 primum,
1142 467 1238 494 deinde
1253 474 1316 493 vero
1330 466 1426 498 Grzeci,
1442 474 1504 494 cum
1531 466 1563 493 ad
1589 465 1693 493 virilem
1716 470 1783 492 teta~

998 520 1050 541 tem
1067 514 1244 548 pervenisset,
1262 512 1392 540 Musaeum
1410 513 1587 540 nominarint.
1603 512 1691 547 Atque
1711 512 1785 539 hunc

998 561 1095 595 Orphei
1120 560 1279 594 magistrum
1304 559 1389 587 fuisse
1415 563 1579 590 memorant,
1596 567 1629 586 ac
1650 559 1783 594 permulta

998 608 1119 634 humano
1144 606 1236 642 generi
1260 606 1406 633 utilissima
1433 606 1586 633 tradidisse.
1603 604 1642 632 Illi
1660 605 1744 637 enim,
1759 609 1786 631 ct

998 653 1181 688 navigiorum,
1197 657 1223 678 et
1248 651 1447 684 machinarum,
1466 651 1566 686 quibus
1591 650 1700 678 adducti
1724 658 1785 678 sur-

998 707 1058 727 sum
1083 700 1186 734 lupides
1214 700 1283 726 inter
1306 707 1367 726 sese
1393 704 1486 735 postea
1512 704 1745 734 coagmententur,
1761 704 1788 726 et

999 753 1138 772 armorum
1156 745 1391 781 Algyptiacorum,
1407 749 1434 772 et
1457 745 1702 772 instrumentorum
1727 753 1789 780 par-

999 792 1047 819 tim
1071 792 1228 819 haurienda:
1248 793 1289 819 vel
1307 791 1472 819 deducenda:
1491 799 1580 826 aqua),
1598 791 1697 826 partim
1718 791 1789 818 bello

1000 837 1229 869 necessariorum,
1245 837 1386 872 ipsiusque
1403 836 1471 864 adeo
1491 836 1671 871 philosophia;
1695 835 1790 863 inven-

1001 883 1101 910 tionem
1118 889 1257 918 acceptam
1272 882 1371 910 ferunt.
1388 882 1428 910 Ad
1445 882 1502 910 haec
1516 882 1654 910 civitatem
1669 882 1703 910 ab
1715 890 1747 910 eo
1762 883 1791 910 in

162 926 230 955 εἷναι
246 929 274 955 δὲ
289 929 336 956 καὶ
351 928 492 965 αἰλούρους
504 951 511 962 ,
528 930 575 956 καὶ
593 929 685 961 κύνας,
709 930 757 956 καὶ
778 930 860 962 ἴϐεις
881 931 949 956 ἀπο-

1002 936 1049 955 sex
1063 933 1090 955 et
1106 928 1215 963 triginta
1232 927 1408 963 praefecturas
1423 927 1550 961 divisam,
1563 935 1683 962 suosque
1697 927 1791 962 singu-

161 974 294 1010 νεῖμαιδέ
309 974 423 1006 καὶτοῖς
444 975 560 1010 ἱερεῦσιν
579 974 716 1011 ἐξαίρετον
739 975 841 1011 χώραν,
858 976 950 1002 Ταῦτα

161 1018 189 1046 δὲ
206 1019 296 1046 πάντα,
314 1020 427 1055 ποιῆσαι
443 1020 521 1056 χάριν
538 1020 585 1046 τοῦ
609 1020 657 1056 τὴν
674 1022 821 1056 μοναρχίαν
841 1021 949 1056 βεϐαίαν

161 1065 200 1101 τῷ
214 1066 340 1102 Χενεφρῇ
357 1065 528 1101 διαφυλάξαι.
544 1066 678 1101 Πρότερον
701 1066 755 1102 γὰρ
773 1067 950 1099 ἀδιατάκτους

162 1110 243 1144 Βντας
256 1112 320 1143 τοὺς
333 1111 438 1146 ὄχλους,
458 1111 523 1138 ποτέ
538 1112 587 1147 μὲν
604 1111 757 1144 ἐκϐάλλειν,
772 1112 836 1138 ποτὲ
846 1112 875 1139 δέ
883 1113 951 1140 καθ-

166 1160 282 1184 ιστάνειν
315 1156 450 1192 βασιλεῖς,
476 1157 522 1184 καὶ
539 1157 668 1188 πολλάκις
687 1157 738 1192 μὲν
756 1157 819 1188 τοὺς
841 1157 949 1189 αὐτοὺς,

163 1201 266 1233 ἐνιὰκις
283 1202 312 1229 δέ
329 1203 433 1234 ἄλλους.
454 1203 504 1229 Διὰ
528 1202 612 1230 ταῦτα
633 1200 679 1229 οὖν
692 1203 737 1230 τὸν
761 1201 874 1230 Μώῦσον
898 1203 951 1229 ὑπὸ

162 1247 215 1275 τῶν
231 1247 317 1283 δχλων
334 1249 518 1284 ἀγαπηθῆναι,
536 1249 582 1275 καὶ
598 1249 649 1276 ὑπὸ
666 1249 718 1276 τῶν
735 1249 829 1284 ίερέων
846 1249 951 1276 ἰσοθέου

162 1295 245 1331 τιμῆς
270 1295 471 1327 καταξιωθέντα
501 1296 752 1332 προσαγορευθῆναι
777 1296 878 1332 Ἑρμῆν
907 1296 952 1322 διὰ

163 1341 213 1376 τὴν
226 1341 281 1368 τῶν
299 1342 378 1377 ἱερῶν
395 1343 566 1378 γραμμάτων
582 1343 738 1378 ἑρμηνείαν.
754 1342 804 1369 Τὸν
821 1342 850 1369 δὲ
870 1343 952 1369 Χενε-

164 1387 246 1422 φρῆν,
272 1387 377 1423 ὁρῶντα
400 1387 450 1422 τὴν
474 1388 574 1424 ἀρετὴν
595 1388 641 1414 τοῦ
667 1388 802 1419 Μωΰσου,
822 1388 952 1422 φθονῆσαι

163 1433 246 1468 αὐτῷ,
257 1433 304 1460 καὶ
315 1432 405 1468 ζητεῖν
420 1434 500 1460 αὑτὸν
517 1434 559 1460 ἐπ’
570 1434 673 1470 εὐλόγῳ
687 1434 760 1469 αἰτίᾳ
771 1434 824 1461 τινὶ
837 1434 950 1462 ἀνελεῖν.

163 1479 217 1505 Καὶ
231 1479 262 1515 δή
286 1487 350 1505 ποτε
368 1479 421 1506 τῶν
443 1480 578 1506 Αἰθιόπων
607 1480 894 1516 ἐπιστρατευσαμένων
919 1482 951 1516 τῇ

162 1526 303 1561 Αἴγυπτῳ.
319 1527 365 1553 τὸν
380 1526 531 1562 Χενεφρῆν,
550 1526 719 1553 ὑπολαόόντα
733 1527 877 1562 εὑρηκέναι
894 1535 953 1553 και-

162 1577 209 1608 ρον
221 1572 340 1604 εὔθετον,
360 1572 465 1607 πέμψαι
485 1572 530 1598 τὸν
551 1572 666 1598 Μώῦσον
682 1573 724 1598 ἐπ’
748 1572 846 1604 αὐτοὺς
869 1580 953 1608 στρα-

164 1618 246 1653 τηγὸν
264 1617 333 1653 μετὰ
356 1617 505 1652 δυνάμεως.
531 1618 567 1644 Τὸ
588 1617 615 1644 δὲ
639 1618 692 1643 τῶν
717 1618 854 1651 συγγενῶν
878 1617 952 1652 αὐτῷ

164 1663 297 1699 συστῆσαι
313 1663 424 1699 πλῆθος,
440 1663 610 1690 ὑπολαϐόντα
632 1663 731 1699 ῥαδίως
749 1663 828 1689 αὐτὸν
845 1663 889 1689 διὰ
904 1663 952 1698 τὴν

161 1710 217 1737 τῶν
232 1710 405 1746 στρατιωτῶν
422 1709 562 1736 ἀσθένειαν
576 1710 628 1736 ὑπὸ
643 1709 697 1736 τῶν
717 1710 853 1745 πολεμίων
875 1711 951 1736 ἀναι-

164 1756 336 1792 ρεθήσεσθαι.
352 1756 404 1783 Τὸν
419 1757 447 1783 δὲ
462 1756 577 1783 Μώῦσον
594 1756 705 1782 ἐλθόντα
715 1756 761 1782 ἐπὶ
776 1756 822 1782 τὸν
837 1757 953 1792 Ἐρμου-

163 1802 276 1838 πολίτην
291 1802 490 1838 ὀνομαζόμενον
510 1801 607 1836 νομὸν,
621 1801 716 1836 έχοντα
733 1802 798 1837 περὶ
821 1801 887 1828 δέκα
903 1810 953 1836 μυ-

164 1849 259 1885 ριάδας
280 1848 427 1884 γεωργῶν,
459 1847 540 1874 αὑτοῦ
568 1847 812 1882 καταστρατεῦσαι.
843 1847 953 1882 Πέμψαι

162 1896 189 1921 δὲ
207 1895 375 1930 στρατηγοὺς
393 1894 456 1926 τοὺς
481 1893 749 1929 ποοκαθεδουμένους
772 1894 822 1929 τῆς
844 1894 952 1930 χώρας,

162 1941 209 1974 οὓς
230 1942 263 1977 δὴ
277 1942 447 1968 πλεονεκτεῖν
467 1941 608 1974 ἐπιῳανῶς
628 1941 699 1967 κατὰ
716 1941 765 1972 τὰς
780 1941 880 1976 μάχας.
903 1942 953 1968 Λέ-

162 1997 222 2023 γειν
244 1988 273 2015 δέ
288 1997 371 2024 φησιν
399 1988 603 2018 Ἡλιουπολίτας
622 1987 748 2020 γενέσθαι
773 1988 817 2013 τὸν
838 1987 954 2022 πόλεμον

161 2034 256 2062 τοῦτον
278 2034 324 2070 ἐτη
344 2034 419 2061 δέκα.
434 2034 502 2065 Τοὺς
519 2031 564 2060 οὖν
581 2033 646 2068 περὶ
661 2032 706 2059 τὸν
723 2032 847 2066 Μώῡτον,
866 2033 909 2059 διὰ
923 2033 954 2058 τὸ

164 2080 279 2116 μέγεθος
314 2080 364 2115 τῆς
393 2080 542 2114 στρατιᾶς,
579 2078 655 2105 πόλιν
686 2079 715 2104 ὲν
749 2078 835 2114 τούτῳ
863 2078 953 2104 κτίσαι

162 2126 202 2162 τῷ
231 2126 307 2162 τόπῳ
324 2146 333 2159 ,
357 2126 404 2152 καὶ
427 2125 476 2160 τὴν
508 2125 560 2150 ἶϐιν
596 2124 624 2150 ἐν
656 2123 729 2159 αὑτῷ
768 2123 952 2158 καθιερῶσαι,

162 2173 207 2200 διὰ
236 2173 266 2200 τὸ
292 2172 394 2208 ταύτην
424 2172 575 2208 βλάπτοντα
600 2171 657 2203 ζῶα
696 2171 760 2202 τοὺς
793 2169 953 2205 ἀνθρώπους

163 2219 294 2254 ἀναιρεῖν.
329 2217 552 2254 Προσαγορεῦσαι
589 2216 617 2243 δὲ
650 2217 735 2251 αὐτὴν
763 2215 951 2252 Ἐρμούπολιν.

1000 976 1034 1003 lis
1049 974 1159 1002 Numini
1173 974 1289 1002 colendo
1307 975 1376 1002 ritus
1392 975 1557 1009 assignatas,
1575 974 1734 1009 litterasque
1752 981 1793 1001 ειν

1000 1028 1071 1051 cras,
1087 1024 1153 1054 puta
1176 1018 1280 1051 felium,
1296 1026 1407 1050 canum,
1424 1018 1509 1045 ibium
1528 1018 1629 1053 ﬁguras
1642 1017 1793 1044 sacerdoti-

1000 1069 1051 1096 bus
1077 1075 1139 1095 cum
1168 1066 1300 1102 singulari
1328 1074 1360 1093 ac
1381 1065 1490 1102 propria
1515 1065 1627 1100 regione
1647 1064 1793 1091 attributas

1001 1114 1094 1142 fuisse.
1113 1113 1179 1147 Qua;
1193 1112 1285 1140 omnia
1309 1120 1341 1140 eo
1362 1111 1476 1139 consilio
1490 1110 1643 1146 perfecerit,
1661 1114 1691 1137 ut
1714 1117 1792 1137 sum-

1001 1168 1076 1188 mum
1099 1159 1267 1194 Chenephra:
1291 1158 1435 1192 imperium
1459 1157 1609 1190 stabiliret;
1625 1164 1689 1184 cum
1717 1155 1793 1183 nullo

1001 1206 1129 1234 distincta
1144 1205 1240 1233 ordine
1256 1204 1403 1232 multitudo
1418 1211 1495 1238 reges
1517 1206 1596 1230 antea
1611 1202 1692 1230 modo
1708 1202 1792 1236 ejice-

1002 1257 1053 1285 ret,
1069 1252 1150 1279 modo
1172 1255 1288 1284 crearet,
1304 1258 1335 1278 ac
1363 1257 1433 1285 saepe
1445 1249 1554 1284 quidem
1572 1248 1693 1281 eosdem,
1709 1247 1794 1274 inter-

1002 1299 1067 1326 dum
1081 1298 1162 1325 ctiam
1182 1298 1260 1324 alios.
1279 1296 1384 1329 Quibus
1406 1296 1465 1330 ipse
1484 1295 1564 1322 rebus
1579 1302 1635 1321 non
1651 1293 1731 1321 modo
1745 1300 1795 1328 po-

1002 1345 1127 1380 pulorum
1160 1344 1211 1371 sibi
1241 1351 1361 1370 amorem
1388 1341 1560 1373 conciliarit,
1590 1348 1685 1368 verum
1711 1340 1793 1367 etiam

1003 1400 1094 1427 parem
1120 1390 1227 1426 superis
1253 1390 1383 1416 honorem
1406 1396 1421 1415 a
1439 1387 1639 1420 sacerdotibus,
1664 1386 1710 1421 qui
1733 1386 1794 1421 Ἐρ-

1005 1438 1058 1474 μῆν
1073 1436 1160 1468 illum,
1179 1436 1230 1463 hoc
1241 1440 1282 1462 est
1296 1434 1471 1465 Mercurium,
1486 1433 1543 1460 sive
1559 1433 1743 1466 interpretem.
1758 1431 1794 1458 0h

1004 1491 1144 1511 sacrarum
1170 1483 1321 1509 litterarum
1352 1480 1511 1516 ἑρμηνείαν,
1529 1478 1793 1513 interpretationem,

1004 1529 1185 1564 appellarunt,
1203 1527 1281 1554 facile
1305 1525 1467 1561 impetrarit.
1484 1525 1518 1552 At
1533 1532 1598 1551 vero
1615 1523 1793 1558 Chenephren

978 1604 986 1612 η
1005 1576 1090 1612 Moysi
1118 1575 1265 1603 virtutibus
1295 1574 1471 1604 invidentem,
1495 1570 1646 1607 perimcndi
1674 1569 1794 1597 hominis

1004 1623 1123 1650 colorem
1139 1622 1269 1656 aliquem,
1280 1621 1479 1654 honestamque
1493 1617 1610 1653 speciem
1622 1616 1792 1651 quzesivisse.

1004 1668 1098 1703 Itaque
1116 1675 1178 1695 cum
1193 1667 1219 1694 in
1237 1666 1385 1702 [Egyptum
1403 1665 1501 1692 armati
1518 1663 1661 1697 Ethiopes
1678 1661 1795 1689 invasis-

1005 1718 1075 1746 sent,
1092 1712 1264 1740 commodam
1290 1711 1340 1738 sibi
1362 1709 1492 1737 facinoris
1524 1708 1642 1736 oblatam
1670 1707 1795 1735 occasio-

1005 1767 1065 1786 netn
1095 1766 1156 1786 esse
1182 1762 1283 1788 ratum,
1299 1756 1422 1793 Moysum
1454 1755 1646 1790 imperatorem
1663 1753 1794 1780 adversus

1004 1813 1051 1833 eos
1079 1813 1141 1832 cum
1158 1804 1290 1835 exercitu,
1307 1810 1340 1829 ex
1356 1801 1503 1837 gentilibus
1516 1805 1543 1828 et
1557 1799 1720 1835 propinquis
1734 1798 1795 1832 ejus

1005 1851 1152 1879 maximam
1166 1855 1269 1885 partem
1285 1848 1404 1876 conflato
1422 1847 1540 1879 misisse,
1558 1845 1632 1881 quod
1651 1852 1714 1872 eum
1731 1852 1796 1880 pro-

1004 1903 1063 1932 pter
1078 1897 1194 1923 militum
1215 1894 1429 1922 imbecillitatem
1444 1893 1479 1920 ab
1497 1892 1574 1920 hoste
1587 1891 1662 1918 nullo
1684 1891 1795 1927 negotio

1005 1942 1204 1971 conficiendum
1231 1946 1347 1976 putaret.
1361 1939 1484 1975 Moysum
1499 1944 1588 1966 autem
1602 1937 1636 1964 ad
1651 1937 1795 1972 praefectu-

1004 1998 1062 2016 ram
1083 1987 1241 2023 quamdam,
1262 1986 1307 2013 cui
1337 1985 1528 2019 Hermopolim:
1555 1992 1666 2015 nomen,
1679 1991 1795 2019 quaeque

1004 2035 1164 2061 colonorum
1194 2031 1226 2058 ad
1260 2035 1368 2058 centum
1401 2030 1484 2057 millia
1511 2029 1683 2061 numerabat,
1704 2028 1795 2063 profe-

1005 2086 1089 2111 ctum,
1105 2084 1194 2106 castra
1222 2078 1259 2106 ibi
1281 2077 1422 2113 posuisse;
1437 2077 1589 2111 legatorum
1607 2082 1720 2103 suorum
1738 2073 1794 2101 for-

1004 2125 1119 2153 tissimis
1132 2133 1164 2152 ac
1181 2123 1380 2151 strenuissimis
1397 2122 1552 2157 quibusque
1571 2120 1731 2156 praemissis,
1747 2119 1794 2154 qui

1004 2172 1095 2199 locum
1116 2179 1148 2198 ac
1169 2171 1259 2198 sedem
1277 2173 1452 2204 occuparent.
1466 2167 1545 2201 Quod
1561 2167 1661 2195 bellum
1678 2170 1735 2193 toto
1748 2166 1795 2192 de-

1005 2218 1102 2245 ccnnio
1132 2221 1237 2253 gestum
1263 2223 1335 2250 esse,
1349 2215 1384 2242 ab
1398 2214 1606 2249 Heliopolitanis
1631 2220 1690 2240 sese
1716 2219 1795 2239 acce-

163 2264 241 2291 οὕτω
255 2263 288 2300 δὴ
315 2265 376 2295 τοὺς
400 2263 529 2294 Αἰθίοπας
541 2283 548 2295 ,
566 2262 668 2297 καίπερ
688 2262 768 2293 ὄντας
797 2261 951 2296 πολεμίους,

1007 2264 1079 2299 pisse
1103 2268 1228 2291 testatur.
1241 2262 1328 2290 Porro
1352 2261 1486 2297 Moysum,
1503 2260 1642 2295 copiarum
1657 2258 1798 2294 magnitu-

164 2310 275 2346 στέρξαι
294 2310 341 2337 τὸν
355 2309 487 2342 Μώῡσον,
504 2309 574 2335 ὥστε
593 2310 640 2335 καὶ
657 2309 705 2343 τὴν
728 2308 883 2344 περιτομὴν
899 2307 953 2333 τῶν

163 2357 270 2384 αἰδοίων
287 2357 352 2391 παρ’
367 2356 471 2383 ἐκείνου
491 2355 603 2392 μαθεῖν·
627 2356 657 2382 οὐ
684 2356 763 2391 μόνον
779 2355 808 2382 δὲ
831 2355 952 2385 τούτους,

164 2402 231 2429 ἀλλὰ
255 2402 303 2429 καὶ
327 2403 391 2434 τοὺς
420 2403 502 2438 ἱερεῖς
518 2401 649 2434 ἅπαντας.
674 2402 726 2428 Τὸν
742 2402 770 2428 δέ
797 2401 953 2436 Χενεφρῆν,

162 2448 290 2481 λυθέντος
304 2448 351 2475 τοῦ
366 2448 497 2483 πολέμου,
512 2448 583 2483 λόγῳ
601 2449 649 2483 μὲν
665 2448 745 2474 αὑτὸν
761 2447 952 2479 ἀποδέξασθαι,

163 2493 275 2529 ἔργῳδὲ
289 2494 482 2520 ἐπιδουλεύειν.
500 2494 685 2529 Παρελὸμενον
701 2492 766 2527 γοῦν
787 2493 869 2519 αὑτοῦ
891 2493 954 2523 τοὺς

163 2542 270 2578 ὕχλονς,
283 2542 347 2573 τοὺς
365 2542 414 2576 μὲν
432 2542 477 2568 ἐπὶ
491 2542 524 2568 τὰ
540 2542 601 2577 ὅρια
621 2541 669 2576 τῆς
680 2540 823 2571 Αἰθιοπίας
835 2539 952 2574 πέμψαι.

164 2587 343 2623 προφυλακῆς
360 2587 457 2622 χάριν·
482 2589 538 2618 τοῖς
556 2587 584 2613 δὲ
608 2586 758 2622 προστάξαι
782 2586 827 2612 τὸν
846 2587 875 2611 ὲν
894 2585 954 2616 Διὸς

163 2633 240 2659 πόλει
255 2633 318 2660 ναὸν
335 2632 366 2664 ἐξ
386 2632 472 2666 ὀπτῆς
497 2632 607 2658 πλίνθου
625 2629 877 2665 κατεσκευασμένον
905 2638 954 2655 κα-

164 2679 270 2715 θαιρεῖν
281 2687 288 2694 ·
304 2678 397 2713 ἕτερον
410 2678 438 2704 δὲ
455 2678 552 2705 λίθινον
570 2676 784 2715 κατασκευάσαι,
801 2676 831 2702 τὸ
841 2674 954 2710 πλησίον

164 2726 226 2761 ὅρος
249 2725 464 2760 λατομὴσαντας.
490 2724 575 2756 Τάξαι
604 2723 632 2750 δὲ
659 2724 705 2749 ἐπὶ
727 2711 777 2757 τῆς
801 2721 954 2756 οἰκοδομίας

164 2772 314 2807 ἐπιστάτην
330 2771 491 2807 Ναχέρωτα.
506 2770 557 2797 Τὸν
571 2770 609 2801 δὲ,
626 2768 736 2795 ἐλθόντα
754 2769 823 2803 μετὰ
838 2769 954 2795 Μωῧσου

165 2819 203 2850 εἰς
216 2817 341 2852 Μέμφιν,
355 2816 489 2843 πυθέσθαι
513 2817 577 2852 παρ’
593 2814 686 2846 αὑτοῦ,
705 2815 731 2841 εἴ
746 2824 772 2841 τι
796 2815 860 2842 tuo
881 2815 955 2841 ἐστὶν

166 2863 314 2899 εὔχρηστον
330 2863 386 2893 τοῖς
400 2861 563 2897 ἀνθρώποις.
581 2861 633 2886 Τὸν
658 2860 685 2886 δὲ
702 2861 784 2893 φάναι
805 2860 882 2894 γένος
901 2860 955 2885 τῶν

167 2906 245 2941 βοῶν,
263 2906 303 2934 διὸ
317 2907 348 2933 τὸ
361 2906 409 2941 τὴν
433 2907 483 2941 γῆν
501 2906 553 2932 ὑπὸ
574 2905 674 2932 τούτων
693 2904 833 2934 manu.
857 2905 907 2932 Τὸν
925 2905 953 2932 δὲ

1005 2307 1068 2335 dine
1085 2308 1261 2338 instructum,
1281 2306 1377 2335 eodem
1396 2307 1422 2333 in
1440 2306 1501 2333 loco
1521 2305 1617 2333 urbem
1630 2303 1794 2335 condidisse,

1006 2354 1190 2389 Hermopolim
1221 2355 1340 2386 nomine,
1363 2353 1390 2380 in
1414 2361 1466 2387 qua
1497 2352 1614 2386 primum
1631 2350 1707 2381 ibim,
1721 2350 1797 2384 quod

1005 2400 1100 2427 noxias
1126 2400 1282 2426 hominibus
1307 2399 1460 2426 animantes
1476 2398 1601 2432 perimat,
1616 2395 1793 2423 consecrarit.

1005 2445 1084 2481 433
1101 2444 1245 2479 ΛΕιΙιὶορθε
1271 2449 1362 2471 autem
1389 2444 1474 2478 ipsos,
1490 2443 1597 2470 tametsi
1619 2442 1721 2473 hostes,
1739 2446 1794 2467 tam

1006 2499 1141 2526 propenso
1154 2495 1244 2518 tamen
1258 2490 1285 2517 in
1304 2490 1427 2526 Moysum
1442 2490 1535 2516 animo
1554 2488 1649 2519 fuisse,
1666 2491 1695 2514 ut
1709 2486 1794 2520 ipsius

1005 2545 1113 2572 quoque
1128 2537 1347 2564 circumcisionis
1369 2536 1403 2563 ab
1428 2543 1460 2562 eo
1487 2536 1568 2562 ritum
1586 2534 1750 2568 acciperent.
1766 2532 1794 2559 ld

1005 2584 1076 2618 quod
1091 2592 1105 2610 a
1121 2583 1310 2610 sacerdotibus
1325 2583 1406 2609 etiam
1422 2580 1713 2616 ornuibns’praastitum
1737 2577 1795 2605 fue-

1007 2630 1050 2656 rit.
1066 2630 1200 2657 Czeterum
1224 2629 1415 2663 Chenephren,
1433 2627 1556 2655 confecto
1582 2627 1664 2660 bello,
1685 2625 1794 2653 tametsi

1007 2675 1220 2702 benevolentiam
1238 2682 1287 2701 ore
1304 2673 1456 2705 simularet,
1475 2673 1543 2700 clam
1570 2673 1595 2700 ei
1621 2676 1710 2700 tamen
1727 2671 1794 2698 insi-

1005 2720 1072 2747 diari
1099 2720 1188 2754 reipsa
1217 2718 1379 2753 perrexisse.
1411 2717 1503 2751 itaque
1531 2716 1615 2752 Moysi
1640 2715 1732 2750 copias
1754 2714 1793 2742 ita

1005 2766 1175 2798 distraxisse,
1192 2770 1221 2792 ut
1251 2765 1350 2800 partim
1378 2764 1410 2791 ad
1433 2763 1580 2798 Ethiopian
1605 2761 1722 2789 conlinia
1745 2767 1794 2795 per

1007 2819 1116 2839 causam
1134 2810 1254 2846 praesidii
1270 2809 1417 2844 ablegaret,
1433 2808 1532 2843 partim
1553 2807 1711 2842 Diospoleos
1726 2810 1792 2832 tcm-
1824 2836 1827 2839 _

1007 2858 1079 2893 plum
1094 2857 1184 2892 operis
1199 2856 1307 2884 lateritii
1321 2856 1440 2887 diruere,
1455 2855 1593 2890 aliudque,
1608 2854 1743 2889 lapidibus
1757 2859 1793 2878 ex

1006 2904 1096 2932 vicino
1127 2908 1217 2931 monte
1244 2902 1332 2936 caesis,
1350 2902 1484 2938 lapideum
1510 2902 1643 2930 :cdilicarc
1676 2901 1793 2936 juhrrct.
