2091 3208
301 169 350 196 751

618 171 752 199 EUSEBll
769 173 1014 201 CASSARIENSIS
1033 174 1110 202 OPP.
1133 174 1224 203 PARS
1243 175 1275 203 ll.
1296 191 1331 197 —
1350 175 1606 207 APOLOCETICA.

1875 181 1926 210 732

301 232 370 260 Huic
386 234 460 268 operi
479 233 653 262 Nacherotem
670 236 814 270 quemdam
831 237 865 263 ab
882 244 915 264 eo
931 236 1077 271 praefectun

1140 236 1290 271 Χενεφρῆν,
1306 237 1564 272 προσαγορεύσαντα
1578 237 1678 273 ταῦρον
1691 239 1782 270 'Amv,
1799 239 1926 267 κελεύσαι

299 288 371 310 esse.
385 281 430 316 qui
445 280 589 316 Memphim
605 290 658 308 una
672 290 733 309 cum
743 282 835 318 Moyso
853 283 1001 318 profectus,
1013 293 1087 319 quae-

299 327 377 354 sierit
401 335 433 354 ex
463 335 506 358 eo.
540 328 671 362 numquid
698 334 826 363 praeterea
850 330 968 358 humano
994 333 1086 368 generi

299 373 473 399 commodum
498 373 616 408 utfleque
638 378 742 401 nosset.
770 375 819 402 Cui
834 375 955 411 Moysus,
971 385 1000 404 se
1022 386 1086 405 vero

299 427 390 450 nosse,
404 419 487 446 boves
510 420 651 453 nimirum,
662 421 763 455 quibus
787 422 815 449 in
841 424 943 451 aranda
958 430 1029 453 terra
1046 426 1086 452 uti

298 465 399 492 liceret.
417 465 451 491 At
467 465 656 501 Chenephreu,
673 467 719 495 ubi
743 473 821 496 tauro
837 469 902 504 Apis
925 478 1023 498 nomen
1044 473 1086 499 in-

297 511 418 542 didisset,
433 512 457 539 ei
479 513 610 539 continuo
627 515 756 549 templum
783 523 798 542 a
823 517 996 545 multitudine
1010 519 1084 553 poni,

297 557 446 592 eodemque
461 558 607 587 translatas
621 561 774 589 animantes
788 570 802 589 a
817 562 910 598 Moyso
926 564 1003 599 prius
1018 573 1084 592 eon-

297 608 418 631 secratas
441 605 549 639 sepeliri
573 605 702 638 voluisse,
718 608 755 634 uti
771 616 862 635 rerum
878 611 911 636 ab
925 618 957 637 eo
973 612 1084 639 institu-

297 654 386 676 tarum
410 650 568 677 memoriam
592 659 646 678 una
671 653 807 684 sepeliret.
831 654 931 682 Verum
945 657 1084 685 abaliena-

297 699 339 722 tos
354 703 368 722 a
385 703 414 723 se
432 701 573 731 propterea
596 706 658 725 cum
674 699 863 735 [Egyptiorum
881 703 987 731 animos
1004 704 1084 731 intel-

296 740 401 775 ligeret,
414 743 483 769 clam
504 743 684 779 jurejurando
707 747 858 774 amicorum
872 757 983 777 suorum
1003 750 1081 778 fidem

295 786 487 821 obstrinxisse,
504 791 542 817 uti
570 799 603 818 ne
629 792 690 826 quis
716 792 809 829 Moyso
828 799 940 829 paratas
968 797 1082 826 insidias

295 833 422 866 aperiret.
434 835 569 870 simulque
585 836 691 865 futuros
706 839 786 867 caulis
800 847 926 869 auctores
940 842 1083 879 designas-

295 887 334 906 se.
356 879 578 909 Reclamantibus
603 884 739 917 omnibus,
756 885 973 920 Chanethotheu.
998 897 1080 923 quem

1140 281 1212 317 ίερὸν
1226 281 1308 308 αὐτοῦ
1326 283 1389 314 τοὺς
1404 283 1501 318 δχλους
1514 283 1740 319 καθιδρύσασθαι,
1755 285 1802 311 καὶ
1818 285 1852 312 τὰ
1869 285 1927 318 ζῶα

1137 328 1172 354 τὰ
1198 328 1398 363 καθιερωθέντα
1425 330 1477 356 ὑπὸ
1499 330 1546 357 τοῦ
1577 331 1694 358 Μωῢσου
1722 331 1842 359 κελεύειν
1868 333 1927 359 ἐκεῖ

1138 374 1271 410 φέροντας
1289 375 1418 406 θάπτειν,
1435 376 1636 412 κατακρύπτειν
1650 377 1734 404 θέλων
1754 378 1810 413 (72)
1826 379 1861 405 τὰ
1876 380 1924 407 τοῦ

1136 420 1253 447 Μωΰσου
1266 422 1448 457 ἐπινοήματα.
1467 422 1708 455 Ἀποξενωσάντων
1731 425 1759 451 δὲ
1773 425 1853 452 αὐτὸν
1870 426 1924 454 τῶν

1135 467 1303 500 Αίγυπτίων,
1317 468 1509 505 ὁρκωμοτῆσαι
1526 470 1588 501 τοὺς
1604 470 1696 505 φίλους
1715 471 1751 507 μὴ
1770 471 1924 505 ἐξαγγεῖλαι

1135 513 1174 547 τῷ
1188 513 1298 548 Μωΰσῳ
1319 514 1369 549 τὴν
1393 515 1639 551 ἐπισυνισταμένην
1666 516 1741 552 αύτῷ
1759 518 1903 554 ἐπιϐουλὴν
1915 539 1922 550 ,

1136 559 1182 585 καὶ
1197 558 1378 594 προϐαλέσθαι
1396 561 1459 592 τοὺς
1476 562 1673 597 ἀναιρήσοντας
1691 563 1781 590 αὐτόν.
1802 564 1926 598 Μηδενδς

1134 604 1156 630 δ’
1172 605 1386 638 ὑπακούσαντος,
1397 607 1524 634 ὀνειδίσαι
1536 607 1581 635 τὺν
1595 609 1736 644 Χενεφρῆν
1749 609 1921 645 Χανεθὼθην,

1134 650 1180 677 τὸν
1209 651 1325 686 μάλιστα
1349 653 1616 689 προσαγορευόμενον
1641 654 1687 681 ὑπ’
1711 654 1802 681 αὑτοῦ.
1825 655 1877 681 Τὸν
1893 656 1923 682 δέ

1134 697 1324 729 ὀνειδισθὲντα,
1337 698 1502 734 ὑποσχέσθαι
1516 700 1566 735 τὴν
1581 699 1712 732 ἐπίθεσιν,
1728 700 1843 727 λαϐόντα
1862 710 1924 728 και-

1135 741 1191 776 ρόν.
1209 741 1276 769 ’Υπδ
1289 742 1318 768 δὲ
1332 743 1427 770 τοῦτον
1441 744 1487 770 τδν
1497 744 1602 780 καιρὸν,
1620 745 1668 780 τῆς
1685 745 1819 780 Μέῤῥιδος
1831 746 1924 773 τελευ-

1132 787 1264 823 τησάσης,
1284 789 1450 825 ὑποσχέσθαι
1472 791 1517 817 τὸν
1539 790 1681 827 Χενεφρῆν
1702 791 1741 827 τῷ
1758 801 1786 818 τε
1812 793 1923 830 Morta,»

1132 835 1179 861 καὶ
1196 835 1234 870 τῷ
1251 835 1399 871 Χανεθώθῃ
1417 836 1446 862 τὺ
1465 836 1553 872 σῶμα,
1571 837 1642 864 ὥστε
1656 838 1868 874 διακομίσαντας
1882 841 1923 871 είς

1131 881 1196 911 τοὺς
1209 881 1279 916 ὑπὲρ
1294 881 1431 916 Αἴγυπτον
1451 882 1550 914 τόπους
1568 882 1666 917 θάψαι,
1694 883 1864 912 ὑπολαϐόντα
1876 885 1922 912 τὸν

295 934 327 952 ex
346 927 473 954 omnibus
495 929 631 964 praecipue
645 931 777 964 nominat,
799 933 923 960 acerbius
940 934 1077 970 increpas-

1130 925 1246 953 Μὼὖσον
1260 927 1313 954 ὑπὸ
1328 928 1375 954 τοῦ
1398 928 1526 955 Χανεθὼθ
1545 929 1780 964 ἀναιρεθήσεσθαι.
1802 931 1921 967 Πορευο-

294 978 335 1003 se,
349 971 395 1006 qui
412 973 483 1006 regis
501 975 609 1002 tandem
627 976 777 1005 oil'ensione
792 985 943 1013 permotus,
959 988 1082 1009 commo-

293 1017 329 1044 do
356 1024 386 1045 se
417 1022 536 1054 tempore
566 1020 672 1050 facinus
699 1024 835 1052 obiturum
854 1027 994 1062 receperit.
1011 1028 1081 1064 Ergo

293 1071 356 1090 cum
385 1064 411 1090 in
440 1073 487 1092 eos
515 1065 585 1094 forte
610 1068 669 1096 dies
692 1069 807 1098 Merrhis
821 1072 912 1101 obitus
929 1074 1079 1108 incidisset,

293 1107 470 1144 Chenephrcu
488 1113 667 1141 transferendi
685 1115 755 1143 ultra
774 1117 881 1153 Egypti
899 1120 966 1147 ﬁnes
980 1128 1078 1156 corpo~

293 1155 343 1186 ris,
363 1156 517 1192 ibidemque
539 1161 697 1194 sepeliendi.
722 1162 816 1198 Moyse
835 1169 862 1191 et
883 1165 1080 1195 Chancthothaa

292 1206 454 1235 potestatem
483 1204 591 1237 fecisse,
615 1215 676 1234 cum
706 1209 876 1238 interfectum
907 1212 939 1239 iri
964 1213 999 1240 ab
1026 1214 1080 1241 isto

292 1246 415 1283 Moysum
431 1254 548 1284 putaret.
565 1251 664 1280 Verum
684 1254 789 1283 insidiis
803 1264 818 1283 a
833 1259 944 1285 conscio
961 1260 1078 1293 quodam

293 1294 319 1320 in
343 1294 440 1322 itinere
457 1297 508 1323 sibi
531 1299 682 1332 patefactis,
700 1300 821 1337 Moysum
837 1304 917 1331 saluti
938 1313 995 1333 suze
1017 1307 1079 1334 dili-

292 1340 399 1373 gentius
416 1343 520 1371 cavisse
538 1353 545 1371 :
565 1346 620 1377 cui,
639 1352 700 1380 post
722 1349 854 1383 sepultam
873 1350 1005 1384 Merrhin,
1024 1352 1079 1379 Me-

292 1393 408 1422 roesque
424 1397 523 1417 nomen
541 1391 624 1419 fluvio
639 1398 720 1425 atque
734 1395 794 1422 urbi
810 1396 842 1422 ad
863 1395 975 1425 ﬂuvium
991 1398 1077 1426 adifi-

290 1437 358 1460 catat
381 1434 537 1469 impositum
556 1438 656 1472 (quam
671 1440 780 1474 quidem
797 1441 927 1476 Merrhiu,
946 1443 1078 1479 indigena:

290 1478 362 1506 haud
388 1481 486 1509 minori
509 1491 590 1518 quam
617 1485 668 1513 lsin
696 1487 782 1521 ipsam
800 1489 930 1524 religione
947 1499 1078 1519 veneren—

290 1525 354 1557 tur),
374 1527 462 1555 Aaron
479 1529 571 1561 frater,
590 1532 636 1565 qui
650 1538 676 1559 et
692 1533 748 1567 ipse
760 1535 975 1569 conjurationem
992 1538 1077 1566 resci-

289 1577 374 1603 verat,
391 1579 485 1601 auctor
501 1575 592 1609 fuerit,
610 1578 647 1604 uti
662 1577 750 1613 fugam
766 1580 793 1606 in
809 1581 937 1609 Arabiam
951 1591 1075 1618 eapcsse-
1088 1599 1110 1626 ε

288 1622 339 1644 ret.
359 1617 436 1646 illum
456 1627 520 1655 ergo
535 1622 680 1649 consilium
700 1624 793 1652 fratris
807 1632 942 1660 secutum,
956 1627 1074 1664 Memphi

289 1663 414 1697 solvisse,
431 1665 546 1701 Niloque
574 1669 687 1702 lrajccto
717 1671 744 1697 in
773 1672 900 1700 Arabiam
927 1663 1072 1709 appulisse.

288 1706 370 1743 (‘35.
381 1707 597 1738 Chanethothem
611 1720 686 1746 vero,
697 1713 758 1750 fuga
769 1716 912 1751 intellecta,
924 1706 1037 1747 insidias
1049 1722 1074 1747 ei

288 1754 445 1788 tetendisse,
459 1756 559 1790 quibus
575 1764 717 1793 exceptum
745 1763 926 1797 opprimeret;
951 1765 1074 1800 adeoque

287 1797 405 1826 venienti
431 1801 525 1828 stricto
547 1802 638 1836 gladio
650 1805 803 1844 occurrisse
821 1816 827 1834 :
843 1812 870 1834 at
888 1807 1011 1844 Moysum
1027 1811 1074 1839 ho-

288 1843 389 1871 minem
405 1852 562 1881 orcupasse,
578 1856 628 1876 nec
644 1849 703 1884 ejus
720 1841 824 1880 tantum
847 1854 999 1884 inhibuisse
1015 1865 1074 1884 ma-

287 1896 364 1920 num,
379 1890 426 1917 sed
443 1891 524 1919 etiam
549 1893 624 1921 illum
650 1895 749 1924 educto
770 1905 835 1926 eusc
858 1901 1024 1930 confodisse.
1051 1903 1071 1930 E

286 1935 401 1970 vestigio
429 1936 550 1972 elapsum
579 1940 606 1967 in
637 1941 777 1975 Arabiam,
791 1944 824 1972 ad
844 1945 987 1982 llaguelem
1013 1949 1073 1984 ejus

285 1984 343 2007 tum
358 1982 477 2016 regionis
496 1985 647 2020 principem
663 1989 821 2023 adhaesisse,
837 1992 872 2019 ab
884 2000 972 2028 eoque
988 1982 1071 2022 filiam

285 2027 312 2052 in
329 2035 440 2055 uxorem
460 2031 608 2066 accepisse.
628 2032 714 2062 Porro
731 2044 792 2063 cum
809 2037 835 2064 in
850 2027 992 2074 IEgyptios
1013 2049 1072 2069 mo-

286 2081 347 2100 vere
364 2074 502 2109 Raguelus
527 2078 701 2107 vehementer
726 2086 842 2116 optaret,
857 2089 886 2111 ut
901 2084 1024 2121 Moysum
1039 2095 1071 2114 eo

283 2117 438 2152 deduceret,
453 2120 567 2156 filiaeque
581 2124 663 2151 simul
677 2133 709 2152 ac
723 2134 821 2159 genero
836 2128 979 2164 imperium
994 2140 1070 2160 asse-

284 2169 355 2191 reret
375 2174 382 2192 :
400 2165 534 2202 llluysum,
550 2169 621 2204 quod
635 2171 780 2205 gentilibus
799 2174 856 2202 suis
879 2181 1021 2212 metueret,
1037 2179 1071 2206 ab

282 2218 314 2236 ea
340 2211 429 2246 ipsum
455 2218 545 2241 mente
570 2215 709 2244 dimovere
722 2224 850 2247 conatum
866 2228 926 2250 esse
948 2211 1069 2258 quidem,

283 2257 329 2284 sed
351 2262 441 2286 tamen
470 2264 497 2286 et
516 2261 651 2290 Arabibus
677 2263 823 2299 abstinere,
852 2271 879 2294 et
903 2276 937 2296 ex
952 2257 1068 2305 )Egypto
1086 2278 1106 2304 ι)

282 2303 387 2336 praedas
417 2313 497 2340 agere
527 2315 542 2333 a
568 2307 688 2342 Raguelo
712 2310 819 2344 jussum
840 2311 934 2341 fuisse.
965 2303 1068 2344 Interea

281 2347 458 2384 Chenephren
473 2352 633 2387 elephantia:
654 2355 750 2383 morbo
774 2358 928 2386 mortalium
946 2362 1067 2390 omnium

281 2395 430 2431 principem
447 2398 558 2432 abiisse,
572 2408 633 2427 cum
651 2401 677 2428 in
693 2410 754 2429 eum
770 2404 921 2439 incidisset,
933 2408 1004 2441 quod
1019 2408 1069 2436 Ju~

280 2440 363 2474 datos,
381 2442 466 2471 lanea:
488 2446 572 2472 vestis
588 2454 638 2474 usu
656 2448 804 2482 prohibito,
823 2451 952 2480 sindones
967 2454 1067 2488 jussis-

281 2491 322 2513 set
336 2487 458 2521 induere,
477 2499 531 2526 quo
546 2491 652 2521 facilius
669 2495 697 2521 in
712 2502 759 2522 eos
774 2496 825 2523 hoc
838 2505 852 2524 a
868 2487 974 2526 caeteris
991 2500 1064 2527 cultu

280 2531 422 2561 distinctos
434 2537 529 2565 saevire
541 2545 642 2573 posset.
658 2541 692 2568 At
703 2540 824 2578 Moysum
839 2544 927 2579 gentis
944 2554 1000 2573 suae
1015 2547 1066 2573 mi-

280 2577 366 2604 serias
381 2581 450 2614 apud
469 2581 552 2610 Deum
569 2585 678 2613 assidue
691 2587 891 2622 deprecantem,
906 2598 938 2617 eo
954 2591 1063 2619 demum

280 2627 401 2657 tempore
409 2624 512 2654 Numen
523 2630 668 2664 propitium
683 2633 822 2667 habuisse,
833 2642 864 2663 ac
877 2642 988 2671 repente
1002 2646 1064 2665 suc—

279 2677 390 2697 censum
415 2679 430 2698 e
446 2677 517 2702 terra
531 2676 620 2711 ignem
635 2681 758 2714 erupisse
773 2681 820 2713 ait,
836 2683 882 2718 qui
898 2686 1003 2712 tametsi
1022 2686 1063 2713 lo-

278 2722 327 2742 cus
343 2716 377 2743 ab
395 2719 468 2745 omni
493 2719 565 2754 ligno
589 2724 696 2759 aliaque
724 2728 835 2754 materia
846 2716 907 2764 ‘igni
927 2731 1062 2765 pascendo

277 2767 339 2795 apta
355 2771 457 2793 vacuus
470 2772 550 2801 esset,
567 2771 663 2799 ardere
676 2777 764 2801 tamen
780 2782 835 2802 non
852 2775 1059 2811 dcsinerct.Quo

315 2830 374 2858 οἵσ.
395 2838 665 2872 προκατασχήσαντα.
705 2840 718 2860 ιι
739 2843 781 2870 tu.
798 2845 916 2878 γεγονός.

310 2897 365 2926 ιη)

1133 971 1222 1006 μένων
1237 973 1265 1000 δὲ
1281 973 1381 1006 αὐτῶν,
1396 974 1444 1008 τὴν
1455 974 1600 1010 ἐπιϐουλὴν
1614 975 1652 1010 τῷ
1668 975 1778 1012 Μωΰσῳ
1787 977 1841 1003 τῶν
1858 985 1921 1004 συν-

1131 1018 1238 1045 ειδότων
1256 1019 1411 1054 ἐξαγγεῖλαί
1428 1030 1499 1048 τινα.
1518 1021 1569 1047 Τὸν
1593 1022 1621 1048 δὲ
1645 1022 1815 1056 φυλάσσοντα
1839 1023 1921 1050 αὐτὸν

1130 1063 1179 1098 τὴν
1195 1064 1243 1099 μὲν
1264 1065 1369 1100 Μέρῤιν
1389 1065 1483 1100 θάψαι,
1503 1066 1548 1092 τὸν
1566 1067 1594 1093 δὲ
1614 1067 1747 1103 ποταμὸν,
1762 1068 1810 1094 καὶ
1826 1068 1876 1103 τὴν
1891 1069 1920 1095 ὲν

1130 1109 1226 1143 ἐκείνῳ
1241 1109 1318 1136 πόλιν
1333 1111 1442 1146 Μερόην
1465 1112 1697 1148 προσαγορεῦσαι.
1715 1113 1868 1148 (Τιμᾶσθαι
1891 1114 1920 1140 δὲ

1129 1154 1178 1190 τὴν
1191 1155 1297 1190 mng
1318 1156 1421 1192 ταύτην
1434 1157 1487 1184 ὑπὸ
1507 1157 1561 1184 τῶν
1581 1158 1721 1194 ἐγχωρίων
1743 1159 1793 1186 οὐκ
1810 1159 1920 1186 ἔλαττον

1129 1201 1145 1236 ἢ
1165 1201 1214 1237 τὴν
1233 1199 1327 1237 Ἶσιν.)
1352 1203 1476 1238 ’Δάρωνα
1488 1204 1516 1230 δὲ
1537 1203 1581 1231 τὸν
1595 1204 1641 1231 τοῦ
1662 1206 1778 1232 Μωΰσου
1795 1206 1918 1240 ἀδελφὸν,

1128 1246 1164 1273 τὰ
1182 1247 1247 1282 περὶ
1266 1247 1315 1283 τὴν
1330 1248 1476 1284 ἐπιϐουλὴν
1490 1250 1648 1284 ἐπιγνόντα,
1668 1251 1866 1286 συμϐουλεῦσαι
1880 1252 1919 1287 τῷ

1129 1292 1235 1328 ἀδελφῷ
1247 1296 1342 1328 φυγεῖν
1360 1296 1400 1326 εἰς
1421 1296 1470 1330 τὴν
1487 1296 1626 1332 Ἀραϐίαν.
1647 1298 1698 1324 Τδν
1721 1297 1748 1325 δὲ
1763 1299 1918 1331 πεισθέντα,

1128 1339 1181 1365 ἀπὸ
1205 1340 1344 1375 Μέμφεως
1363 1341 1409 1368 τὸν
1428 1340 1524 1369 Νεῖλον
1543 1343 1759 1378 διαπλεύσαντα,
1779 1346 1918 1374 ἀπαλλάσ-

1129 1385 1221 1412 σεσθαι
1234 1388 1273 1418 εὶς
1283 1387 1332 1422 τὴν
1349 1388 1487 1424 Ἀραϐίαν,
1506 1389 1557 1415 Τὸν
1569 1389 1597 1415 δὲ
1608 1390 1782 1427 Χανεθώθην,
1798 1391 1918 1428 πυθόμε-

1127 1441 1171 1459 νον
1186 1432 1232 1459 τοῦ
1252 1433 1369 1460 Μωΰσου
1386 1435 1434 1470 τὴν
1454 1435 1553 1471 φυγὴν,
1577 1436 1728 1472 ἐνεδρεύειν
1747 1438 1785 1470 ὡς
1805 1439 1917 1477 ἀναιρή-

1129 1485 1219 1504 σοντα.
1233 1478 1331 1505 ’[δόντα
1344 1479 1372 1506 δὲ
1385 1480 1541 1515 ἐρχόμενον,
1552 1482 1704 1510 σπάσασθαι
1717 1483 1766 1520 τὴν
1781 1485 1917 1521 μάχαιραν

1127 1522 1170 1549 ἐπ’
1187 1523 1277 1550 αὐτόν.
1289 1524 1341 1551 Τὸν
1353 1525 1381 1551 δὲ
1393 1525 1518 1557 Μώῦσον,
1535 1529 1780 1564 προκαταχήσαντα
1791 1535 1804 1550 ι
1821 1531 1871 1566 τήν
1886 1540 1917 1558 τε

1125 1569 1204 1604 χεῖρα
1227 1571 1373 1604 κατασχεῖν
1399 1571 1479 1598 αὑτοῦ
1493 1592 1500 1602 ,
1518 1573 1565 1599 καὶ
1591 1574 1762 1610 σπασάμενον
1778 1575 1808 1602 τὸ
1829 1576 1916 1612 ξίφος,

1127 1614 1254 1649 φονεῦσαι
1284 1615 1329 1642 τὸν
1363 1617 1537 1652 Χανεθὼθην.
1558 1620 1718 1655 Διεκδρᾱναι
1743 1621 1772 1647 δὲ
1799 1623 1840 1654 εἰς
1866 1623 1915 1658 τὴν

1132 1661 1268 1696 Ἀραϐίαν,
1280 1662 1327 1688 καὶ
1340 1663 1496 1698 Ῥαγουήλῳ
1507 1664 1545 1700 τῷ
1552 1665 1604 1691 τῶν
1618 1666 1707 1693 τόπων
1723 1667 1833 1702 ἄρχοντι
1848 1677 1914 1703 συμ-

1125 1705 1214 1738 ϐιοῦν,
1229 1706 1344 1733 λαϐόντα
1365 1708 1413 1744 τὴν
1436 1709 1541 1735 ἐκείνου
1564 1709 1709 1746 θυγατέρα.
1732 1711 1784 1739 Τὸν
1803 1711 1832 1738 δὲ
1856 1712 1913 1739 Ῥα-

1125 1752 1237 1788 γουῆλον
1253 1753 1395 1788 βούλεσθαι
1419 1755 1577 1790 στρατεύειν
1593 1757 1639 1783 ἐπὶ
1660 1757 1723 1790 τοὺς
1739 1758 1914 1792 Αίγυπτίους,

1125 1799 1254 1833 κατάγειν
1269 1799 1430 1835 βουλόμενον
1443 1802 1488 1828 τὸν
1500 1802 1626 1835 Μώῦσον,
1639 1804 1685 1830 καὶ
1694 1804 1743 1840 τὴν
1756 1804 1913 1833 δυναστείαν

1123 1847 1155 1880 τῇ
1172 1854 1202 1872 τε
1215 1846 1329 1882 θυγατρὶ
1344 1847 1391 1873 καὶ
1406 1847 1445 1882 τῷ
1458 1848 1576 1883 γαμϐρῷ
1590 1850 1805 1876 κατασκευάσαι.
1819 1851 1870 1877 Τὸν
1884 1851 1912 1877 δέ

1124 1891 1239 1918 Μώῡσον
1255 1891 1449 1925 ἀποκωλῦσαι,
1469 1893 1665 1928 στοχαζόμενον
1681 1895 1734 1921 τῶν
1757 1895 1911 1930 ὁμοφύλων.

1123 1937 1175 1963 Τὸν
1204 1937 1232 1963 δὲ
1258 1938 1421 1972 Ῥαγουῆλον
1455 1939 1637 1967 διακωλύοντα
1670 1941 1825 1976 στρατεύειν
1857 1943 1910 1974 τοῖς

1125 1982 1237 2017 Ἄραψι,
1250 1983 1399 2019 προστάξαι
1411 1984 1552 2020 λῃστεύειν
1566 1985 1615 2021 τὴν
1633 1986 1778 2020 Αἴγυπτον.
1798 1987 1865 2014 ’Υπὸ
1882 1988 1910 2015 δὲ

1121 2029 1167 2055 τὸν
1198 2029 1279 2056 αὑτὸν
1304 2030 1398 2065 χρόνον
1419 2032 1465 2057 καὶ
1491 2032 1631 2067 Χενεφρῆν
1654 2034 1760 2068 πρῶτον
1783 2034 1910 2062 ἁπάντων

1122 2075 1273 2110 ἀνθρώπων
1306 2076 1538 2110 ἐλεφαντιάσαντα
1568 2079 1741 2113 μεταλλάξαι.
1765 2080 1860 2116 Τούτῳ
1881 2080 1909 2107 δὲ

1121 2120 1159 2155 τῷ
1181 2120 1261 2147 πάθει
1286 2123 1444 2156 περιπεσεῖν
1465 2123 1507 2149 διὰ
1522 2123 1552 2150 τὸ
1573 2125 1636 2155 τοὺς
1656 2125 1798 2158 Ἰουδαίους
1826 2134 1906 2161 προσ-

1120 2163 1200 2196 τάξαι
1217 2164 1338 2196 σινδόνας
1362 2166 1578 2201 ἀμφιέννυσθαι,
1596 2169 1676 2204 ἐρεᾶν
1700 2170 1722 2196 δ’
1747 2170 1849 2206 ἐσθῆτα
1870 2171 1907 2206 μὴ

1120 2208 1310 2243 ἀμπέχεσθαι,
1336 2210 1410 2242 ὅπως
1422 2211 1497 2243 ὄντες
1521 2213 1651 2249 ἐπίσημοι
1671 2215 1838 2247 κολάζωνται
1862 2216 1907 2243 ὑπ’

1121 2254 1213 2280 αὐτοῦ.
1226 2255 1277 2280 Τὸν
1292 2255 1321 2281 δὲ
1344 2255 1459 2283 Μώῡσον
1476 2257 1603 2292 εὔχεσθαι
1623 2259 1662 2294 τῷ
1684 2259 1759 2295 Θεῷ,
1777 2260 1828 2296 ἤδη
1844 2261 1907 2288 ποτὲ

1121 2300 1184 2331 τοὺς
1197 2301 1278 2332 λαοὺς
1297 2301 1398 2328 παῦσαι
1421 2303 1475 2329 τῶν
1491 2305 1691 2334 κακοπαθειῶν.
1719 2307 1906 2342 Ἰλασκομένου

1119 2345 1141 2371 δ’
1158 2346 1251 2379 αὑτοῦ,
1269 2348 1424 2382 αἰφνιδίως,
1449 2351 1547 2385 φησὶν,
1564 2352 1596 2378 ἐκ
1622 2353 1672 2388 τῆς
1688 2353 1740 2388 γῆς
1757 2353 1813 2389 πῦρ
1841 2354 1904 2380 ἀνα-

1119 2390 1230 2425 φθῆναι,
1245 2392 1384 2419 καὶτοῦτο
1397 2395 1526 2430 κᾴεσθαι,
1548 2397 1616 2431 μήτε
1637 2397 1702 2432 ὕλης
1727 2400 1797 2434 μήτε
1823 2399 1906 2434 ἄλλης

1117 2434 1190 2466 τινὸς
1208 2435 1316 2467 ξυλείας
1328 2435 1412 2472 οὔσης
1435 2439 1463 2464 ἐν
1488 2438 1526 2473 τῷ
1543 2440 1626 2475 τόπῳ.
1651 2440 1704 2467 Τὸν
1724 2441 1753 2467 δὲ
1776 2441 1904 2475 Μώῦσον,

1116 2480 1242 2508 δείσαντα
1258 2482 1289 2508 τὸ
1302 2483 1379 2516 γένος
1390 2484 1414 2515 ι’,
1438 2484 1563 2518 φεύγειν·
1583 2486 1675 2522 φωνὴν
1691 2487 1715 2513 δ’
1732 2487 1806 2522 αὐτῷ
1830 2487 1905 2515 θείαν

1115 2527 1210 2558 εἰπεῖν,
1230 2528 1386 2563 στρατεύειν
1400 2530 1442 2556 ἐπ’
1455 2529 1602 2564 Αἴγυπτον,
1616 2531 1662 2558 καὶ
1679 2532 1742 2564 τοὺς
1762 2533 1904 2565 Ἰουδαίους

1115 2572 1297 2605 διασώσαντα,
1315 2575 1356 2606 είς
1378 2575 1427 2609 τὴν
1442 2576 1559 2611 ἀρχαίαν
1573 2578 1686 2611 ἀγαγεῖν
1706 2577 1833 2614 πατρίδα.
1852 2579 1904 2605 Τὸν

1115 2616 1153 2647 δὲ,
1172 2617 1356 2653 θαρρήσαντα.
1375 2619 1490 2655 δύναμιν
1510 2621 1641 2656 πολεμίαν
1655 2622 1768 2656 ἐπάγειν
1785 2622 1902 2656 διαγνῶ-

1115 2671 1157 2689 ναι
1179 2664 1236 2695 τοῖς
1260 2665 1428 2698 Αἰγυπτίοις.
1452 2666 1562 2701 Πρῶτον
1588 2667 1615 2693 δὲ
1632 2667 1700 2703 πρὸς
1721 2667 1842 2704 Ἀαρῶνα
1857 2668 1902 2694 τὸν

1114 2707 1227 2741 ἀδελφὸν
1244 2708 1339 2736 ἐλθεῖν.
1354 2709 1404 2736 Τὸν
1423 2711 1451 2736 δὲ
1465 2710 1575 2745 βασιλέα
1595 2711 1649 2738 τῶν
1666 2712 1832 2746 Αίγυπτίων,
1849 2722 1901 2739 πυ-

1114 2752 1226 2788 θόμενον
1239 2754 1289 2790 τὴν
1313 2755 1361 2782 τοῦ
1376 2757 1494 2783 Μωῦσου
1509 2758 1658 2792 παρουσίαν
1669 2777 1676 2789 ,
1694 2758 1806 2785 καλέσαι
1832 2759 1900 2794 πρὸς

1112 2799 1203 2832 αὑτὸν,
1221 2801 1267 2827 καὶ
1283 2802 1463 2829 πυνθάνεσθαι
1481 2805 1523 2838 ἐφ’
1536 2804 1589 2838 ὅτῳ
1603 2804 1673 2839 ἥκοι.
1690 2804 1742 2830 Τὸν
1763 2803 1791 2830 δὲ
1805 2805 1899 2838 φάναι,

392 2901 498 2931 Θὲ.,ων.
525 2905 644 2942 (Ion-ign.
668 2908 776 2937 θέλοντα
800 2918 956 2948 :poslrema
982 2917 1054 2944 enim
1075 2918 1190 2953 syllaba,
1205 2921 1239 2948 ob
1257 2923 1398 2955 sequentis
1414 2924 1620 2952 similitudinem
1638 2926 1736 2953 abrasa
1755 2930 1807 2953 est.
