2091 3208
191 190 241 217 733

769 179 926 209 ΡΒᾹΞΡΑΒ.
948 174 1074 204 EVANG.
1096 175 1159 202 LIB.
1180 174 1226 202 lx.

1757 177 1808 206 75‘

190 244 338 283 προστάξαι
351 244 426 280 αὐτῷ
442 243 489 271 τὸν
501 242 551 278 τῆς
576 241 738 277 οἰκουμένης
747 241 888 274 Δεσπότην
906 238 965 265 ἁπο-

1025 236 1148 270 prodigio
1162 237 1300 272 Moysum,
1316 245 1378 265 cum
1396 238 1543 267 exterritus
1555 240 1671 276 fugeret,
1685 250 1752 270 voce
1767 244 1809 271 di-

189 292 267 319 λῦσαι
281 292 343 323 τοὺς
366 290 518 322 Ἰουδαίους.
534 288 588 316 Τδν
604 288 643 321 δὲ,
659 287 819 323 πυθόμενον,
832 287 872 318 εις
888 285 974 320 φυλα-

189 337 239 373 κὴν
263 335 344 363 αὑτὸν
356 333 506 371 καθεῖρξαι.
531 333 637 365 Νυκτὸς
660 332 689 359 δὲ
713 331 908 367 ἐπιγενομένης
925 331 974 362 τάς

187 392 216 410 τε
251 381 337 418 θύρας
373 382 464 413 πάσας
484 380 644 416 αὐτομάτως
669 378 825 414 ἀνοιχθῆναι
859 377 906 404 τοῦ
928 376 972 403 δε-

190 428 359 465 σμωτηρίου,
382 429 428 455 καὶ
449 427 504 454 τῶν
525 426 652 461 φυλάκων
671 425 717 457 οὒς
735 426 783 458 μὲν
802 424 972 458 τελευτῆσαι,

188 475 264 507 τινὰς
286 475 314 502 δὲ
338 475 391 502 ὑπὸ
419 474 464 501 τοῦ
492 473 576 500 ὖπνου
598 473 768 508 παρεθῆναι,
792 471 827 497 τὰ
851 480 880 497 τε
904 470 973 497 ὅπλα

187 523 361 558 κατεαγῆναι.
383 522 539 554 Ἐξελθόντα
552 521 580 547 δὲ
592 521 637 547 τὸν
650 520 775 552 Μώῦσον,
788 520 834 546 ἐπὶ
851 519 885 545 τὰ
898 518 973 553 βασί-

187 570 244 596 λεια
257 569 342 596 ὲλθεῐν
352 578 358 584 ·
371 569 485 605 εὑρόντα
498 568 526 594 δὲ
538 568 713 603 ἀνεῳγμένας
729 566 778 598 τὰς
791 566 875 601 θύρας
888 565 973 591 εἰσελ-

189 615 254 649 θεῖν,
270 615 318 642 καὶ
333 615 427 642 ἐνθάδε
441 615 495 641 τῶν
510 614 635 649 φυλάκων
649 613 820 648 παρειμένων
833 613 879 639 τὸν
897 611 973 646 βασι-

188 661 236 688 λέα
248 661 392 698 ἐξεγεῖραι.
411 662 462 688 Τὸν
481 662 519 693 δὲ,
538 661 707 695 ἐκπλαγέντα
723 660 768 686 ἐπὶ
786 659 825 695 τῷ
839 658 970 693 γεγονότι,

187 707 312 735 κελεῦσαι
328 708 366 743 τῷ
388 709 497 744 Μωῢσῳ
518 708 548 734 τὸ
562 707 607 734 τοῦ
628 707 784 742 πέμψαντος
804 706 883 732 αὑτὸν
904 704 971 731 Θεοῦ

187 756 270 781 εἰπεῖν
287 755 382 789 ὖνομα,
397 755 610 790 διαχλευάσαντα
622 754 712 781 αὐτόν.
728 754 780 780 Τὸν
800 753 838 785 δὲ,
853 751 972 788 προσκὺυ

185 801 272 835 ψαντα
282 802 348 836 πρὸς
360 801 391 827 τὸ
401 799 456 832 οὖς,
470 801 566 827 εἰπεῖν.
577 800 741 827 Ἀκούσαντα
752 800 780 826 δὲ
792 800 837 826 τὸν
850 799 970 834 βασιλέα,

186 849 277 874 πεσεῖν
293 847 398 881 ἄφωνον
409 856 415 862 ”
437 847 652 883 διακρατηθέντα
671 847 699 873 δὲ
715 847 766 873 ὑπὸ
780 846 825 873 τοῦ
842 847 969 878 Μωῦσου,

185 894 266 920 πάλιν
283 893 443 921 ἀναϐιῶσαι.
459 894 604 930 Γράψαντα
626 895 654 920 δὲ
673 894 790 928 τοῢνομα
810 895 852 925 είς
867 893 969 925 δέλτον,
987 912 1006 938 Β

185 941 471 976 κατασφραγίσασθαι·
486 941 540 968 τῶν
553 941 582 967 δὲ
603 942 697 976 ἱερέων
712 942 757 968 τὸν
771 941 970 976 ἐκφαυλίσαντα

183 988 218 1014 τὰ
233 987 262 1014 ἐν
283 989 316 1023 τῇ
333 988 451 1014 πινακίδι
473 988 661 1024 γεγραμμένα,
680 988 748 1023 μετὰ
776 987 899 1023 σπασμοῦ
925 987 970 1014 τὸν

184 1034 240 1069 βίον
255 1035 447 1069 ὲκλιμπάνειν’
464 1036 550 1061 είπεῖν
570 1044 599 1061 τε
623 1035 668 1061 τὸν
689 1035 801 1070 βασιλέα
816 1035 927 1070 σημεῖόν
942 1043 968 1061 τι

183 1078 257 1114 αὐτῷ
271 1079 393 1115 ποιῆσαι.
410 1079 461 1106 Τὸν
475 1080 502 1106 δὲ
517 1080 643 1112 Μώῡσον,
661 1081 694 1117 ἣν
708 1079 763 1116 εἶχε
778 1081 874 1116 ῥάϐδον
888 1081 969 1107 ἐκδα-

182 1126 271 1160 λόντα,
287 1127 349 1161 ὅφιν
367 1127 478 1162 ποιῆσαι
488 1136 494 1142 ·
514 1127 682 1162 πτοηθέντων
698 1127 726 1153 δὲ
745 1127 862 1159 πάντων,
876 1127 968 1153 ἐπιλα-

181 1171 294 1208 εόμενον
311 1173 361 1208 τῆς
371 1173 454 1208 οὐρᾶς
465 1172 617 1206 ἀνελέσθαι,
630 1173 676 1199 καὶ
687 1173 766 1199 πάλιν
779 1173 875 1208 eaeam
891 1173 968 1207 ποιῆ-

183 1227 237 1245 σαι.
248 1218 417 1254 Προελθόντα
435 1220 463 1246 δὲ
478 1219 585 1255 μικρὸν,
600 1219 644 1245 τὸν
657 1218 752 1245 Νεῖλον
766 1221 798 1254 τῇ
815 1219 905 1255 ῥάϐδῳ
916 1228 967 1246 πα-

181 1264 277 1297 τάξαι¹
299 1265 344 1291 τὸν
366 1265 393 1291 δὲ
418 1265 549 1300 ποταμὸν,
567 1265 698 1299 πολύχουν
713 1265 866 1300 γενόμενον,
883 1273 967 1291 κατα-

182 1309 290 1342 κλύζειν
307 1310 370 1346 ὃλην
383 1310 432 1346 τὴν
444 1310 587 1344 Αἴγυπτον.
598 1311 662 1337 Ἀπὸ
679 1311 737 1337 τότε
752 1311 780 1337 δὲ
796 1312 842 1338 καὶ
856 1311 904 1346 τὴν
918 1321 966 1338 κα-

181 1356 295 1384 τάϐασιν
308 1356 389 1383 αὑτοῦ
407 1357 536 1397 γίνεσθαι.
554 1357 707 1391 Συναγαγὸν
722 1357 749 1384 δὲ
763 1357 793 1383 τὸ
808 1357 879 1392 ὕδωρ
896 1358 964 1384 ἀπο-

181 1402 267 1435 ζέσαι,
283 1404 330 1429 καὶ
345 1403 379 1430 τὰ
395 1404 513 1439 ποτάμια
526 1403 678 1439 διαφθεῖραι
692 1403 758 1436 ζῶα,
771 1404 833 1435 τούς
846 1413 875 1430 τε
886 1403 965 1436 λαοὺς

180 1449 223 1475 διὰ
244 1450 293 1485 τὴν
315 1449 394 1484 δίψαν
414 1449 581 1485 φθείρεσθαι.
603 1450 654 1476 Τὺν
674 1450 701 1476 δὲ
727 1450 848 1485 βασιλέα,
864 1450 965 1477 τούτων

180 1495 334 1530 γενομένων
346 1495 399 1522 τῶν
412 1495 541 1531 τεράτων,
551 1496 632 1530 φάναι
646 1495 713 1531 μετὰ
726 1495 798 1530 μῆνα
813 1496 874 1527 τοὺς
883 1495 964 1527 λαοὺς

179 1540 334 1572 ἀπολύσειν,
350 1540 396 1567 ἐὰν
417 1541 628 1576 ἀποκαταστήσῃ
654 1540 699 1567 τὸν
723 1541 852 1575 ποταμόν.
870 1541 921 1568 Τὸν
935 1540 963 1567 δὲ

1025 281 1126 309 vinitus
1151 282 1274 311 immissa
1298 284 1466 313 admonitum
1481 294 1552 319 esse.
1571 291 1601 314 ut
1620 288 1647 316 in
1660 288 1808 325 Egyptum

1024 327 1193 361 expeditione
1205 333 1341 364 suscepta,
1355 329 1463 359 Judzeos
1477 331 1615 365 liberaret,
1625 340 1657 360 ac
1664 335 1807 368 pristinam

1024 373 1052 402 in
1065 374 1181 409 patriam
1197 375 1343 411 aliquando
1355 377 1505 406 reduceret.
1527 378 1621 415 Itaque
1648 381 1809 409 conﬁrmato

1024 420 1116 448 animo
1124 421 1224 449 bellum
1241 423 1374 459 Egyptiis
1387 425 1488 453 inferre
1501 427 1639 460 statuisse,
1654 428 1693 455 sic
1707 434 1807 461 tamen,

1025 471 1054 493 ut
1073 467 1209 494 Aaronem
1228 468 1338 496 fratrem
1354 475 1417 497 ante
1432 471 1524 498 omnia
1539 474 1707 501 conveniret.
1723 474 1808 509 Cujus

1024 513 1140 540 adventu
1156 514 1298 547 nuntiam,
1316 515 1473 551 Egyptium
1499 526 1588 553 regem
1612 527 1645 546 ex
1667 527 1709 553 eo,
1726 528 1806 555 quem

1024 560 1056 586 ad
1082 567 1143 587 sese
1163 560 1305 588 confestim
1322 568 1491 597 evocaverat,
1509 566 1659 600 quaesiisse,
1675 574 1806 601 quorsum

1024 605 1087 632 illuc
1102 606 1219 634 venisset
1238 615 1245 633 :
1264 607 1351 641 ipsum
1367 614 1468 642 autem,
1486 611 1561 639 orbis
1579 612 1699 640 universi
1715 614 1808 641 mode-

1022 653 1123 680 ratoris
1145 653 1224 687 jussu
1249 662 1281 681 ac
1305 656 1414 683 nomine
1431 658 1486 692 regi
1501 658 1687 691 denuntiasse,
1704 660 1742 687 uti
1758 659 1807 687 Ju-

1022 697 1096 726 dzeos
1123 699 1224 727 liberos
1248 708 1414 737 securosque
1440 703 1596 732 dimitteret.
1612 705 1806 738 Quamobrem,

1022 750 1083 769 cum
1101 743 1128 770 in
1142 751 1278 771 carcerem
1303 745 1337 772 ab
1356 753 1389 773 eo
1402 748 1542 782 conjectus
1554 754 1635 783 esset,
1649 756 1730 779 noctu
1745 760 1808 787 por-

1022 793 1063 816 tas
1093 797 1188 817 omnes
1216 791 1335 819 carceris
1362 798 1458 827 sponte
1479 795 1610 829 patuisse,
1626 799 1808 834 custodesque

1022 837 1120 871 partim
1151 839 1292 872 repentino
1319 839 1441 868 sublatos
1469 841 1597 875 interitu,
1626 846 1724 878 partim
1753 846 1807 874 alto

1022 892 1119 912 somno
1136 886 1242 914 solutos
1260 887 1353 915 fractis
1380 889 1482 923 passim
1497 890 1581 918 armis
1591 891 1721 925 jacuisse.
1737 892 1805 928 Moy-

1021 940 1081 960 sum
1098 941 1113 960 e
1131 934 1244 969 vestigio
1258 943 1317 962 sese
1331 935 1357 962 in
1372 936 1486 971 regiam,
1511 937 1654 972 patefactis
1668 939 1749 966 etiam
1767 940 1806 967 ul-

1021 984 1063 1006 tro
1074 979 1178 1014 januis,
1193 980 1327 1013 intulisse,
1341 990 1373 1009 ac
1388 982 1564 1017 praesidiariis
1586 984 1720 1013 militibus
1743 994 1806 1020 pro-

1021 1025 1104 1053 fundo
1120 1034 1228 1062 quoque
1242 1035 1339 1055 somno
1351 1029 1474 1063 sepultis,
1491 1037 1580 1065 regem
1597 1031 1805 1066 exeitasse;qui

1019 1071 1084 1099 facti
1111 1073 1256 1101 novitatem
1283 1074 1400 1108 primum
1426 1076 1534 1110 quidem
1549 1076 1727 1111 obstupuerit,
1743 1086 1806 1104 mox

1019 1123 1119 1151 tamen,
1137 1121 1216 1155 quasi
1232 1120 1311 1148 ludos
1324 1121 1445 1158 Moysum
1461 1122 1571 1155 faceret,
1582 1122 1650 1150 Deia
1659 1132 1713 1158 quo
1724 1123 1806 1160 5.35

1018 1165 1119 1194 missus
1144 1171 1226 1198 esset,
1247 1175 1346 1194 nomen
1372 1176 1434 1196 eum
1461 1169 1566 1204 aperire
1578 1170 1690 1204 jusserit
1709 1181 1715 1198 :
1732 1172 1804 1206 quod

1019 1212 1064 1239 ubi
1080 1211 1189 1248 Moysus
1205 1214 1232 1241 in
1251 1222 1342 1241 aurem
1359 1215 1536 1249 insinuasset,
1555 1225 1644 1251 regem
1662 1218 1735 1246 illico
1745 1227 1805 1245 mu-

1019 1264 1074 1287 tum
1092 1261 1256 1294 concidisse,
1271 1262 1358 1289 donec
1387 1263 1422 1290 ab
1451 1264 1546 1291 eodem
1565 1269 1691 1299 arreptus
1704 1265 1755 1292 sibi
1772 1273 1805 1292 ac

1017 1306 1077 1334 vitae
1090 1307 1256 1335 redderetur.
1275 1308 1307 1335 Et
1323 1309 1398 1336 illum
1412 1309 1520 1344 quidem
1536 1310 1685 1338 indicatum
1703 1319 1803 1338 nomen

1017 1353 1122 1385 tabellis
1147 1355 1330 1391 inscripsisse,
1346 1364 1414 1390 quas
1436 1357 1610 1391 postmodum
1627 1357 1779 1392 obsignarit
1795 1367 1802 1384 ε

1016 1401 1160 1435 quemdam
1175 1410 1238 1429 vero
1252 1403 1431 1436 sacerdotem,
1443 1403 1488 1438 qui
1503 1404 1597 1439 scripti
1612 1404 1730 1431 nominis
1743 1412 1803 1431 ma~

1012 1446 1138 1480 jestatem
1150 1447 1277 1481 elevaret,
1294 1448 1434 1483 repentino
1449 1457 1559 1483 spasmo
1571 1455 1724 1484 correptum
1742 1457 1803 1483 per-

1015 1492 1090 1521 iisse.
1105 1493 1248 1526 Praeterea,
1267 1502 1328 1521 cum
1353 1502 1398 1522 rex
1421 1503 1436 1521 a
1459 1495 1551 1531 Moyso
1572 1495 1726 1530 prodigium
1752 1496 1803 1522 ali-

1017 1539 1089 1574 quod
1117 1544 1264 1574 expeteret,
1282 1548 1344 1568 eum
1369 1549 1450 1576 quam
1466 1550 1547 1569 manu
1561 1541 1665 1576 virgam
1682 1542 1801 1574 tenebat,

179 1587 305 1618 Μὼὒσον,
318 1587 398 1614 πάλιν
421 1588 452 1622 τῇ
478 1587 567 1622 ράὁδῳ
592 1587 747 1620 πατάξαντα
769 1587 800 1613 τὸ
820 1586 900 1622 ὕδωρ,
917 1596 962 1613 συ-

1017 1586 1044 1612 in
1061 1592 1213 1621 serpentem
1243 1587 1332 1614 subito
1348 1588 1523 1621 convertisse,
1541 1588 1723 1623 omnibusque
1742 1593 1800 1616 stu-

179 1633 282 1660 στεῖλαι
303 1634 332 1659 τὸ
346 1633 444 1669 ῥεῦμα.
463 1634 561 1660 Τούτου
576 1633 604 1659 δὲ
617 1633 772 1668 γενομένου,
788 1633 834 1660 τὸν
852 1633 964 1668 βασιλέα

177 1679 240 1711 τοὺς
267 1680 349 1716 ἱερεῖς
370 1682 432 1712 τους
451 1680 520 1715 ὑπὲρ
544 1680 653 1714 Μέμφιν
675 1680 798 1712 καλέσαι,
815 1681 861 1707 καὶ
882 1680 963 1714 φάναι

178 1726 276 1758 αὐτοὺς
289 1727 456 1761 ἀναιρήσειν,
466 1726 513 1752 καὶ
526 1726 560 1752 τὰ
574 1727 633 1761 [api
651 1726 846 1761 κατασκάψειν,
863 1726 910 1752 ἐὰν
927 1728 964 1762 μὴ

177 1774 224 1799 καὶ
247 1773 324 1799 αὐτοὶ
347 1773 595 1808 τερατουργήσωσι.
613 1773 681 1804 Τοὺς
700 1773 728 1799 δὲ
747 1772 807 1806 τᾷτε
826 1772 869 1799 διά
884 1782 964 1799 τινων

179 1818 327 1853 μαγγάνων
351 1819 398 1844 καὶ
421 1818 553 1845 ἐπαοιδῶν
567 1818 699 1854 δράκοντα
719 1819 839 1853 ποιῆσαι,
857 1819 903 1845 καὶ
919 1818 964 1845 τὸν

177 1865 300 1900 ποταμὸν
324 1864 509 1900 μεταχρῶσαι.
525 1865 576 1891 Τὸν
604 1865 631 1891 δὲ
659 1865 770 1900 βασιλέα
797 1873 965 1900 φρονηματι-

178 1911 275 1937 σθέντα
299 1911 345 1937 ἐπὶ
361 1910 399 1945 τῷ
422 1910 551 1944 γεγονότι,
568 1911 642 1946 πάσῃ
655 1910 774 1945 τιμωρίᾳ
791 1910 838 1939 καὶ
856 1910 964 1937 κολάσει

177 1955 346 1987 καταικίζειν
368 1956 431 1986 τοὺς
453 1955 603 1987 Ἰουδαίους.
617 1956 668 1982 Τὸν
688 1955 715 1981 δὲ
738 1955 862 1988 Μὼῡσον,
878 1956 964 1983 ταῦτα

175 2002 291 2037 ὁρῶντα,
305 2001 371 2029 ἄλλα
387 2010 416 2027 τε
434 2003 535 2036 σημεῖα
550 2002 669 2038 ποιῆσαι,
684 2002 730 2028 καὶ
745 2002 901 2036 πατάξαντα
916 2003 964 2038 τὴν

176 2049 228 2084 γῆν
288 2048 389 2083 ρἀδῳ,
402 2047 469 2080 ζῶόν
484 2057 510 2074 τι
527 2049 626 2084 πτηνὸν
641 2049 751 2080 ἀνεῖναι,
764 2048 777 2074 ὃ
793 2049 963 2084 λυμῄνασοαι

177 2095 240 2127 τοὺς
257 2095 430 2128 Αἰγυπτίους,
447 2094 537 2121 πάντα
553 2103 582 2121 τε
596 2095 775 2129 ἐξελκωθῆναι
790 2095 823 2122 τὰ
839 2095 960 2131 σώματα.

177 2140 238 2168 Τῶν
249 2141 277 2167 δὲ
293 2140 393 2176 ἰατρῶν
406 2140 442 2176 μὴ
453 2140 608 2176 δυναμένων
620 2141 711 2167 ἰᾶσθαι
723 2141 786 2172 τοὺς
799 2141 961 2176 κάμνοντας,

175 2187 247 2214 οὕτω
261 2188 342 2214 πάλιν
355 2188 474 2219 ἀνέσεως
487 2189 579 2222 τυχεῖν
591 2189 653 2218 τοὺς
669 2187 820 2219 Ἰουδαίους.
836 2188 919 2215 Πάλιν
932 2197 961 2214 τε

175 2235 219 2261 τὸν
233 2235 349 2261 Μὼῦσον
371 2237 503 2270 βάτραχον
525 2235 568 2260 διὰ
588 2235 637 2268 τῆς
653 2234 750 2268 ράΰδου
766 2235 877 2266 ἀνεῖναι,
894 2235 962 2270 πρὸς
978 2251 1000 2278 D

172 2281 202 2308 δὲ
211 2281 316 2313 τούτοις
325 2281 447 2317 ἀκρίδας,
457 2283 502 2307 καί
515 2279 640 2312 σκνίπας.
650 2280 698 2307 Διὰ
711 2281 823 2307 τοῦτοδὲ
837 2281 884 2308 καὶ
896 2282 960 2313 τοὺς

172 2328 337 2363 Αίγυπτίους
360 2328 409 2363 τὴν
438 2327 533 2362 ῥάϐδον
559 2327 713 2353 ἀνατιθέναι
736 2328 776 2358 εἰς
798 2328 851 2354 πᾶν
877 2328 957 2363 ἱερὸν,

171 2375 272 2410 ὁμοίως
284 2374 312 2401 δὲ
329 2375 375 2401 καὶ
390 2376 423 2409 τῇ
440 2374 527 2405 Ἴσιδι,
546 2374 588 2400 διὰ
609 2374 639 2400 τὸ
657 2373 706 2409 τὴν
728 2374 779 2409 γῆν
793 2372 861 2400 εἶναι
875 2373 957 2404 Ἶσιν,

171 2421 322 2456 παιομένην
344 2420 373 2446 δὲ
392 2421 425 2455 τῇ
447 2419 552 2455 ῥάϐδῳ,
564 2419 598 2445 τά
613 2420 713 2454 τέρατα
727 2420 840 2446 ἀνεῖναι.
860 2419 912 2445 Τοῦ
929 2419 958 2445 δὲ

171 2467 304 2502 βασιλέως
321 2466 361 2493 ἔτι
375 2466 586 2501 ἀφρονουμένου,
603 2466 648 2492 τὸν
664 2465 778 2492 Μώῡσον
793 2465 912 2501 χάλαζάν
928 2474 957 2492 τε

169 2514 219 2539 καὶ
239 2513 366 2548 σεισμοὺς
390 2513 433 2539 διὰ
455 2512 549 2543 νυκτὸς
563 2512 733 2543 ἀποτελέσαι,
749 2512 818 2538 ὥστε
835 2513 897 2544 τοὺς
913 2512 957 2538 τὸν

170 2558 282 2594 σεισμὸν
304 2559 454 2592 φεύγοντας
476 2558 530 2584 ἀπὸ
553 2558 601 2591 τῆς
624 2558 743 2593 χαλάζης
771 2558 956 2593 ἀναιρεῖσθαι,

168 2605 232 2637 τούς
253 2613 285 2631 τε
301 2605 350 2640 τὴν
372 2604 490 2639 χάλαζαν
509 2605 681 2636 ἐπικλίνοντας
702 2605 754 2631 ὑπὸ
769 2605 823 2632 τῶν
838 2605 957 2640 σεισμῶν

166 2648 381 2684 διαφθείρεσθαι.
398 2650 549 2684 Συμπεσεῖν
560 2649 587 2675 δὲ
600 2649 659 2675 τότε
674 2649 723 2681 τὰς
739 2650 787 2685 μὲν
801 2650 889 2681 οἰκίας
903 2652 956 2678 πά-

168 2703 230 2726 σας,
245 2694 299 2720 τῶν
315 2703 345 2720 τε
361 2695 433 2721 ναῶν
448 2695 510 2727 τοὺς
522 2695 673 2726 πλείστους.
690 2695 848 2722 Τελευταῖον
862 2698 955 2723 τοιαύ-

166 2749 228 2772 ταις
247 2741 399 2776 συμφοραῖς
412 2742 592 2776 περιπεσόντα
612 2741 657 2767 τὸν
676 2740 795 2775 βασιλέα,
812 2742 874 2774 τοὺς
896 2743 956 2769 ’1ου-

166 2786 259 2818 δαίους
281 2786 426 2813 ἀπολῦσαι.
445 2788 514 2819 Τοὺς
535 2787 564 2820 δὲ
593 2787 781 2823 χρησαμένους
805 2788 880 2823 παρὰ
902 2788 955 2815 τῶν

166 2833 322 2866 Αἰγυπτίων
340 2832 424 2859 πολλὰ
441 2834 490 2868 μὲν
506 2834 667 2871 ἐκπώματα,
683 2835 731 2860 οὐκ
747 2835 836 2869 ὀλίγον
849 2836 877 2862 δὲ
891 2837 896 2862 ί
902 2846 954 2871 μα-

167 2879 271 2910 τισμὺν,
288 2879 370 2911 ἄλλην
393 2888 421 2905 τε
448 2880 598 2912 παμπληθῆ
625 2881 720 2913 γάζαν,
734 2881 877 2914 διαϐάντας
892 2884 953 2914 τοὺς

1016 1632 1153 1667 pentibus,
1173 1637 1280 1668 arrepta
1310 1634 1396 1660 cauda
1423 1633 1540 1668 priorem
1565 1634 1590 1661 ei
1609 1642 1705 1662 rursus
1719 1634 1802 1669 virga:

1016 1678 1130 1705 formam
1148 1678 1305 1706 reddidisse.
1321 1678 1405 1706 Paulo
1422 1684 1482 1714 post
1503 1678 1593 1706 Nilum
1616 1679 1710 1707 eadem
1725 1680 1798 1715 virga

1015 1732 1184 1759 percussum,
1202 1725 1444 1752 intumescentibus
1469 1726 1560 1759 undis,
1576 1725 1721 1761 [Egyptum
1737 1728 1800 1753 uni-

1016 1779 1122 1799 versam
1138 1771 1290 1806 proluisse;
1306 1779 1339 1798 ex
1355 1778 1442 1806 eoque
1453 1777 1573 1806 tempore
1582 1772 1660 1800 statis
1673 1772 1800 1806 deinceps

1015 1818 1120 1846 vicibus
1137 1818 1163 1845 in
1180 1826 1261 1852 agros
1276 1825 1335 1844 sese
1351 1816 1440 1845 Nilum
1451 1817 1588 1846 eﬂ'udisse.
1598 1817 1657 1845 Mox
1673 1819 1799 1846 collecta:

1014 1871 1041 1892 et
1052 1860 1207 1900 stagnantes
1221 1866 1322 1899 passim
1336 1872 1421 1899 aquas
1436 1864 1604 1898 elferbuisse,
1616 1872 1666 1892 nec
1678 1864 1799 1899 piscibus

1015 1911 1097 1938 modo
1120 1911 1271 1944 interitum,
1289 1911 1335 1938 sed
1361 1910 1496 1938 exitialem
1518 1918 1627 1945 quoque
1643 1911 1800 1938 hominibus

1015 1957 1088 1985 sitim
1101 1956 1236 1984 attulisse.
1250 1956 1342 1991 Itaque
1359 1964 1449 1991 regem
1464 1961 1503 1983 tot
1516 1956 1648 1991 prodigiis
1662 1957 1798 1988 territum,

1015 2012 1074 2031 sese
1088 2008 1149 2038 post
1164 2003 1401 2031 mensemJudazos
1418 2002 1594 2030 dimissurum
1610 2002 1799 2036 spopondisse,

1014 2049 1037 2076 si
1054 2049 1186 2084 pristinus
1201 2048 1306 2075 ﬂumini
1329 2052 1417 2075 status
1429 2056 1444 2074 a
1461 2047 1554 2083 Moyso
1570 2047 1728 2076 redderetur
1743 2056 1749 2074 :
1767 2047 1800 2074 il-

1014 2098 1070 2124 lum
1097 2105 1196 2132 aquam
1221 2097 1310 2124 denuo
1328 2096 1403 2131 virga
1427 2095 1556 2130 tetigisse,
1575 2094 1725 2129 eodemque
1739 2101 1799 2121 mo-

1014 2149 1105 2172 mento
1134 2144 1294 2171 insolentem
1321 2143 1380 2178 ejus
1408 2143 1537 2177 impetum
1567 2141 1732 2169 constitisse.
1749 2140 1798 2168 Hic

1013 2199 1077 2218 vero
1093 2198 1195 2225 regem,
1209 2190 1339 2223 evocatis,
1355 2189 1402 2224 qui
1427 2195 1502 2216 trans
1528 2187 1672 2223 Memphim
1698 2188 1798 2215 incole-

1014 2237 1090 2269 bant,
1107 2237 1307 2269 sacerdotibus,
1323 2244 1417 2264 necem
1440 2236 1568 2264 omnibus
1582 2235 1796 2266 interminatum,

1013 2285 1065 2311 nisi
1088 2284 1187 2311 similia
1206 2284 1256 2319 ipsi
1272 2291 1380 2318 quoque
1395 2283 1517 2318 prodigia
1534 2282 1715 2310 ostenderent.
1730 2280 1795 2313 Eos,

1012 2328 1156 2363 praestigiis
1170 2333 1196 2355 et
1213 2328 1385 2356 cantionibus
1401 2327 1565 2362 quibusdam
1580 2330 1690 2361 repente
1704 2326 1796 2353 draco-

1012 2376 1065 2409 nis]
1077 2375 1194 2410 speciem
1219 2374 1363 2408 objecisse,
1379 2382 1410 2401 ac
1424 2373 1544 2400 ﬂuminis
1563 2373 1681 2400 colorem
1697 2369 1795 2399 immu-

1012 2427 1100 2453 tasse;
1127 2429 1181 2455 quo
1206 2420 1277 2447 facto
1301 2420 1441 2446 elatiorem
1464 2427 1496 2446 ac
1519 2418 1692 2445 tumidiorem
1712 2425 1794 2452 quam

1011 2473 1090 2495 antea
1108 2475 1207 2501 regem,
1225 2463 1299 2493 omni
1318 2474 1459 2500 poenarum
1482 2473 1513 2492 ac
1537 2463 1730 2498 suppliciorum
1752 2470 1794 2498 ge-

1011 2521 1075 2540 nere
1090 2513 1262 2547 postmodum
1277 2511 1383 2538 Judteos
1398 2518 1520 2538 vexasse.
1531 2510 1607 2543 Quod
1622 2509 1667 2536 ubi
1686 2508 1794 2544 Moysus

1010 2559 1122 2590 videret,
1136 2566 1197 2585 cum
1213 2558 1264 2584 alia
1280 2557 1408 2591 pleraque
1423 2557 1457 2583 ab
1471 2563 1504 2582 eo
1517 2555 1646 2582 miracula
1663 2554 1732 2582 edita
1749 2562 1793 2581 cs—

1010 2613 1050 2637 se,
1068 2609 1125 2631 tum
1141 2612 1173 2630 ex
1196 2608 1277 2635 terra,
1292 2610 1373 2637 quam
1402 2602 1478 2636 virga
1508 2605 1690 2636 percusserat,
1708 2608 1793 2635 genus

1009 2650 1144 2684 quoddam
1161 2649 1223 2676 alati
1241 2642 1388 2675 animantis
1404 2647 1550 2680 exstitisse,
1566 2647 1636 2681 quod
1652 2646 1793 2681 Egyptios

1009 2696 1126 2730 pessime
1150 2699 1270 2726 vexaret,
1295 2693 1472 2727 omniumque
1501 2692 1662 2727 corporibus
1689 2692 1790 2718 l'mdum

1010 2742 1146 2769 morsibus
1160 2740 1409 2776 punctionibusque
1430 2740 1487 2768 suis
1503 2740 1580 2767 ulcus
1593 2739 1723 2766 inureret.
1742 2738 1791 2765 Cui

1009 2789 1103 2815 morbo
1126 2796 1188 2815 cum
1217 2787 1321 2815 nullum
1340 2786 1437 2814 medici
1455 2786 1604 2813 remedium
1630 2786 1789 2815 invenirent,

1008 2835 1115 2862 Jndmos
1140 2834 1337 2869 aliquantulum
1363 2833 1453 2860 denuo
1482 2833 1642 2867 respirasse.
1668 2832 1788 2867 Moysnm

1008 2888 1082 2914 vero,
1099 2881 1218 2914 ejusdem
1233 2881 1314 2915 virga:
1328 2884 1455 2908 contactu
1478 2887 1558 2907 ranas
1574 2878 1789 2914 prmtcrradocu-
