2091 3208
273 153 321 181 751

542 207 655 235 CAPUT
673 207 792 234 XXXIV.

384 265 470 294 Suran
487 265 622 292 Salomoni
642 265 695 300 regi
714 273 808 300 magno
819 265 942 291 salutem.

311 334 321 350 ι
331 323 492 352 Benedictus
501 322 570 350 Deus
579 328 656 350 terrae
664 329 696 349 ac
704 322 765 350 cceli
777 322 910 354 conditor,
920 322 1059 357 quivirum

271 371 406 406 optimum
419 377 450 396 ac
467 369 586 404 parentis
600 368 694 404 optimi
711 369 795 395 lilium
811 369 931 403 elegerit.
945 368 1062 396 Litteras

272 420 335 442 tuas
348 414 426 441 simul
450 419 531 448 atque
553 413 669 449 perlegi.
687 421 821 441 summam
836 414 928 440 animo
939 413 1061 448 volupta-

274 465 328 487 tem
343 459 417 494 cepi,
435 459 543 494 Deoque
563 459 663 494 gratias
676 459 733 493 egi,
748 459 821 494 quod
837 467 949 494 regnum
965 466 1060 494 capes-

274 506 368 534 sisses.
391 505 467 538 Quod
499 509 588 532 autem
613 513 628 533 a
650 505 729 532 nobis
760 505 884 532 homines
910 512 1062 540 operasque

275 552 364 587 poscis
374 573 381 585 ,
396 550 541 586 Tyriorum
558 559 590 578 ac
604 551 765 578 Phoenicum
781 551 916 586 octoginta
930 550 1012 577 millia
1027 551 1061 578 ad

274 602 301 625 te
316 597 399 629 misi,
420 602 501 631 alque
525 597 595 624 inter
616 601 728 624 creteros
750 597 945 629 architectum,
974 595 1061 630 patria

274 643 385 678 quidem
413 642 524 678 Tyrium
539 662 546 675 ,
568 642 615 670 sed
637 646 724 670 matre
748 641 840 669 Judma
860 642 1008 677 cadentque
1028 649 1062 669 ex

274 690 384 719 Davidis
411 691 480 718 tri-bu
506 696 617 718 natum:
640 690 686 725 qui
712 690 760 717 tibi
787 696 956 724 quaecunque
976 696 1008 715 ex
1029 695 1062 715 eo

275 737 432 772 qumsieris,
449 744 509 771 qua:
531 737 591 764 cwli
610 736 692 771 hujus
711 735 815 762 ambitu
834 735 1022 765 continemur,
1038 733 1062 760 si

275 782 358 810 modo
374 782 407 809 ad
422 782 632 809 architecturam
649 781 832 814 pertinebunt.
848 788 879 807 ea
895 787 957 806 cum
974 780 1063 806 scien-

273 833 317 856 ter
331 828 463 855 edisseret
474 827 575 860 omnia,
591 832 647 854 tum
657 827 738 854 etiam
750 827 829 854 facile
842 825 971 861 perﬁciet.
984 825 1060 858 Quod

608 150 739 178 EESEBII
759 148 998 177 CASSARlENSlS
1017 148 1092 176 OPP.
1113 147 1202 176 PARS
1221 148 1253 178 ll.
1273 164 1302 170 —
1317 147 1565 178 APOLOGETICA.
1841 151 1894 178 75?

1319 240 1321 249 γ
1363 207 1560 234 ΚΕΦΔΛΔΙΟΝ
1578 209 1638 234 AA’.

1153 264 1271 298 Σούρων
1288 263 1438 298 Σολομῶν]
1453 264 1579 296 ,ϐασιλεῖ
1587 264 1707 300 μεγάλῳ
1723 265 1847 300 χαίρειν.

1148 329 1157 345 ‹
1176 319 1328 356 Εὐλογητὸς
1348 321 1362 346 ὁ
1375 320 1451 353 Θεὸς,
1469 321 1499 353 ὃς
1521 321 1570 356 τὴν
1586 321 1638 355 γῆν
1661 321 1707 347 καὶ
1726 320 1772 347 τὸν
1783 320 1896 356 οὐρανὸν

1109 366 1226 399 ἔκτισεν,
1244 366 1272 398 ὃς
1287 366 1372 392 εἵλετο
1387 366 1526 402 ἄνθρωπον
1541 367 1656 402 χρηστὸν
1675 367 1708 392 ὲκ
1719 366 1837 402 χρηστοῦ
1849 367 1896 393 άν-

1110 411 1182 446 ὂρός.
1199 411 1273 446 Ἅμα
1288 410 1335 437 τοῦ
1352 411 1503 445 ἀναγνῶναι
1520 412 1568 447 τὴν
1583 411 1658 447 παρὰ
1675 411 1721 438 σοῦ
1744 411 1896 447 ἐπιστολὴν,

1112 457 1214 493 σφόδρα
1234 457 1344 493 ἐχάρην,
1360 458 1406 484 καὶ
1429 457 1562 493 εὐλόγησα
1577 457 1622 484 τὸν
1636 457 1712 490 Θεὸν,
1728 458 1774 484 ἐπὶ
1791 458 1831 493 τῷ
1845 466 1897 485 πα-

1111 503 1267 539 ρειληφέναι
1283 511 1313 530 σε
1325 504 1374 539 τὴν
1392 503 1539 539 βασιλείαν.
1553 504 1620 540 Περὶ
1631 504 1664 530 δὲ
1677 500 1714 530 ὧν
1724 504 1839 539 γράφεις
1854 513 1899 540 μοι

1111 549 1176 585 περὶ
1188 549 1241 576 τῶν
1253 549 1322 576 κατὰ
1334 550 1396 581 τοὺς
1408 549 1490 581 λαοὺς
1499 550 1560 581 τοὺς
1571 550 1636 584 παρ’
1648 550 1723 585 ἡμῖν,
1741 541 1900 577 ἀπέσταλκά

1112 604 1153 622 σοι
1170 595 1275 631 Τυρίων
1291 596 1338 622 καὶ
1351 596 1482 627 Φοινίκων
1495 595 1736 630 ὀκτακισμυρίους,
1751 596 1798 623 καὶ
1819 596 1898 632 ἀρχι-

1111 641 1224 668 τέκτονά
1239 649 1280 667 σοι
1294 641 1452 668 ἀπέσταλκα
1468 641 1608 677 ἄνθρωπον
1624 641 1733 677 Τύριον,
1749 642 1781 668 ἐκ
1798 641 1900 677 μητρὸς

1118 684 1256 718 Ἰουδαίας,
1270 687 1302 714 ὲκ
1317 688 1365 723 τῆς
1382 687 1470 722 φυλῆς
1485 687 1535 722 τῆς
1549 686 1640 719 Δαϐὶδ,
1656 687 1726 723 ὑπὲρ
1752 684 1790 714 ὧν
1806 687 1839 714 ἂν
1852 687 1900 714 αὺ-

1111 733 1156 760 τὸν
1168 733 1309 769 ἐρωτήσῃς
1321 732 1376 760 τῶν
1393 733 1444 760 ὑπὸ
1462 733 1506 759 τὸν
1519 733 1632 768 οὐρανὸν
1649 733 1757 759 πάντων
1771 733 1817 759 καὶ
1828 739 1840 753 ι
1854 733 1901 769 άρ-

1113 779 1289 814 χιτεκτονίαν,
1305 779 1472 814 ὑφηγήσεταί
1485 787 1525 805 σοι
1535 779 1581 805 καὶ
1592 779 1708 814 ποιησει.
1727 779 1795 814 Περὶ
1807 778 1836 806 δὲ
1846 778 1900 807 τῶν

1113 825 1226 852 δεόντων
1253 826 1300 852 καὶ
1326 825 1565 861 ἁποστελλομένων
1589 833 1631 851 σοι
1661 825 1781 858 παίδων,
1810 826 1901 859 καλῶς

276 877 417 908 superest,
430 873 546 908 partium
563 878 670 900 tuarum
685 873 746 905 erit,
762 872 796 899 ad
812 872 934 899 locorum
949 870 1061 906 praefec-

1116 873 1236 908 ποιήσεις
1253 871 1406 903 ἐπιστείλας
1421 872 1477 904 τοῖς
1490 871 1559 898 κατὰ
1577 872 1659 898 τόπον
1672 871 1811 908 ἐπάρχοις,
1826 872 1900 904 ὅπως

276 924 319 948 tos
333 920 471 951 scribere,
487 919 525 946 uti
539 919 600 945 huic
628 923 708 945 tantm
728 918 868 945 hominum
885 916 1061 950 multitudini,

276 973 445 1001 quaacunque
456 965 610 992 necessaria
623 963 733 996 fuerint,
744 964 885 998 diligenter
903 963 1063 998 abundeque

276 1011 442 1047 provideant.
462 1020 472 1037 ι
492 1010 620 1038 Salomon
640 1010 738 1045 igitur,
763 1010 806 1037 his
837 1010 922 1046 lectis,
936 1015 1063 1045 paterno-

276 1065 337 1085 rum
351 1057 500 1084 amicorum
517 1056 619 1083 auxilio
643 1055 745 1088 fretus,
772 1060 798 1082 et
818 1055 963 1091 Tyriorum
985 1055 1063 1083 Sido-

276 1102 439 1137 niorumque
452 1110 534 1129 manu
548 1102 664 1136 stipatus
675 1122 683 1135 ,
698 1099 812 1130 lustrato
831 1105 925 1129 monte
939 1100 1044 1128 Libano
1054 1120 1062 1133 ,

276 1148 408 1183 quidquid
434 1148 570 1183 lignorum
587 1155 602 1174 a
620 1152 732 1182 parente
751 1154 852 1175 caesum
873 1147 938 1174 olim
957 1146 1062 1179 fuerat,

279 1199 328 1228 per
342 1199 419 1219 mare
443 1190 546 1226 .loppen
563 1199 649 1226 usque
661 1192 823 1224 transvexit,
839 1191 954 1226 indeque
967 1191 1063 1227 pedes-

279 1237 312 1264 tri
325 1237 406 1264 ductu
433 1236 646 1272 Hierosolymam
676 1237 864 1272 comportavit.
887 1237 1014 1265 Protinus
1030 1238 1064 1265 ad

277 1282 371 1316 templi
387 1281 442 1309 Deo
455 1282 510 1309 voti
526 1289 586 1309 sese
611 1282 817 1310 aediﬁcationem
842 1283 975 1315 accinxit,
992 1291 1064 1311 anno

278 1327 366 1354 aetatis
379 1327 484 1354 decimo
501 1327 590 1354 tertio.
610 1327 688 1360 Quod
713 1328 740 1354 in
764 1336 832 1363 opus
848 1329 912 1356 dum
938 1329 1064 1356 universa

279 1372 324 1399 illa
340 1373 509 1400 diversorum
524 1374 687 1408 populorum
712 1375 859 1402 multitudo
879 1374 1063 1409 incumberet,

280 1418 366 1446 tribus
387 1418 542 1446 Iudaeorum
556 1419 700 1447 duodecim
717 1427 761 1447 res
777 1420 945 1448 necessarias
955 1425 1064 1448 centum

279 1470 306 1492 et
322 1465 461 1500 sexaginta
476 1466 617 1493 hominum
641 1467 762 1494 millibus
784 1469 819 1494 ita
836 1467 1064 1502 suppeditabant,

280 1515 311 1538 ut
326 1519 406 1538 suum
434 1512 548 1548 singulae
571 1520 694 1540 mensem
709 1513 773 1541 huic
786 1521 857 1540 cura:
872 1521 903 1541 ac
916 1514 1065 1548 provisioni

1112 918 1262 954 χορηγῆται
1272 918 1306 944 τὰ
1314 916 1432 944 δέοντα.)
1441 917 1556 944 Διελθὼν
1568 917 1596 944 δὲ
1607 917 1743 953 Σολομὼν,
1756 918 1824 953 ἔχων
1837 918 1900 950 τοὺς

1113 965 1263 1000 πατρικοὺς
1279 964 1371 999 φίλους
1385 964 1430 991 ἐπὶ
1444 964 1474 990 τὸ
1485 964 1546 1000 ὅρος
1561 964 1608 991 τοῦ
1622 964 1749 996 Λιϐάνου,
1768 963 1900 999 μετὰτῶν

1112 1011 1245 1038 Σιδωνίων
1261 1011 1308 1037 καὶ
1321 1010 1436 1046 Τυρίων,
1459 1011 1609 1046 μετήνεγκε
1624 1010 1658 1037 τὰ
1674 1009 1739 1042 ξύλα
1753 1010 1786 1037 τὰ
1803 1018 1902 1046 προκε-
1917 1017 1922 1021 ‘

1113 1056 1238 1092 κομμένα
1252 1056 1304 1082 ὑπὸ
1316 1055 1363 1082 τοῦ
1380 1056 1482 1092 πατρὺς
1494 1056 1575 1082 αὑτοῦ
1592 1055 1635 1082 διὰ
1648 1056 1698 1091 τῆς
1711 1055 1845 1091 θαλάττης
1862 1057 1902 1088 εἰς

1120 1101 1241 1137 Ἰόππην,
1256 1101 1360 1128 ἐκεῖθεν
1374 1101 1402 1127 δὲ
1415 1099 1482 1136 πεζῇ
1499 1101 1540 1132 είς
1556 1101 1745 1137 Ἱεροσόλυμαο
1761 1101 1808 1128 καὶ
1819 1101 1903 1137 ἄρξα-

1115 1146 1175 1173 σθαι
1199 1147 1348 1182 οἰκοδομεῖν
1367 1146 1398 1172 τὸ
1419 1146 1490 1182 ιερὸν
1508 1146 1554 1173 τοῦ
1569 1146 1648 1179 Θεοῦ,
1674 1146 1739 1173 ὄντα
1764 1146 1832 1173 ἑτῶν
1855 1149 1901 1180 ιδ’.

1121 1192 1300 1228 Ἐργάζεσθαι
1318 1192 1347 1219 δὲ
1359 1192 1393 1219 τὰ
1408 1192 1471 1228 ἔθνη
1493 1191 1527 1218 τὰ
1542 1192 1736 1228 προειρημένα,
1755 1192 1802 1219 καὶ
1817 1191 1902 1227 φυλὰς

1117 1239 1148 1265 ιϐ’
1162 1239 1216 1265 τῶν
1236 1238 1380 1270 Ἰουδαίων,
1400 1238 1447 1266 καὶ
1461 1238 1589 1274 παρέχειν
1607 1239 1662 1274 (88)
1678 1240 1737 1270 ταῖς
1756 1238 1902 1265 ἑκκαίδεκα

1116 1285 1229 1321 μυριάσι
1245 1285 1279 1312 τὰ
1306 1285 1398 1312 δέοντα
1425 1285 1513 1324 πάντα
1537 1284 1608 1311 κατὰ
1630 1285 1701 1319 μῆνα
1717 1284 1802 1320 φυλὴν
1826 1284 1901 1319 μίαν,

1115 1330 1279 1366 θεμελιῶσαί
1307 1339 1336 1357 τε
1360 1330 1405 1357 τὸν
1431 1330 1492 1357 ναὸν
1515 1329 1562 1356 τοῦ
1586 1329 1670 1361 Θεοῦ,
1693 1331 1779 1366 μῆκος
1807 1330 1901 1366 πηχῶν

1115 1375 1144 1409 ἓξ
1159 1375 1227 1411 (83),
1252 1375 1350 1406 πλάτος
1366 1375 1460 1411 πηχῶν
1475 1375 1512 1408 ξ’·
1528 1375 1558 1402 τὸ
1578 1376 1606 1402 δὲ
1622 1375 1722 1407 πλάτος
1740 1375 1788 1411 τῆς
1801 1375 1902 1402 οἰκοδο-

1117 1422 1170 1457 μῆς
1195 1422 1243 1448 καὶ
1266 1421 1319 1448 τῶν
1341 1421 1472 1456 θεμελίων
1493 1420 1589 1456 πηχῶν
1604 1421 1627 1448 ι’.
1647 1421 1724 1448 Οὕτω
1751 1421 1806 1457 γὰρ
1828 1421 1902 1457 αὑτῷ

1116 1467 1265 1503 προστάξαι
1287 1467 1379 1494 Νάθαν
1402 1467 1448 1494 τὸν
1472 1468 1612 1504 προφήτην
1628 1467 1675 1494 τοῦ
1691 1467 1769 1494 Θεοῦ.
1796 1467 1903 1494 Οἰκοδο-

1117 1513 1177 1548 μεῖν
1189 1512 1217 1538 δὲ
1230 1512 1342 1545 ἐναλλὰξ
1360 1513 1441 1548 δόμον
1458 1513 1556 1539 λίθινον
1570 1513 1615 1539 καὶ
1635 1513 1762 1549 ἕνδεσμον
1773 1513 1900 1549 κυπαρίσ-

280 1556 445 1591 assignatum
460 1561 487 1584 et
509 1557 673 1592 descriptum
704 1557 844 1585 haberent.
874 1557 946 1594 Ergo
971 1559 1063 1594 templi

1116 1567 1198 1590 σινον,
1226 1558 1377 1590 πελεκίνοις
1400 1559 1508 1594 χαλκοῖς
1529 1559 1708 1592 ταλαντιαίοις
1726 1559 1902 1595 καταλαμὸά-

280 1600 456 1628 fundamenta
475 1602 565 1636 jacta,
584 1603 656 1637 quod
670 1611 732 1629 cum
750 1604 889 1637 sexaginta
911 1604 1063 1632 cubitorum

281 1645 461 1681 longitudine,
478 1647 643 1682 totidemque
659 1648 801 1676 latitudine
814 1650 930 1683 spatium
946 1658 1064 1686 occupa-

281 1695 339 1724 ret,
352 1695 408 1718 tum
428 1699 492 1718 vero
514 1691 688 1720 fundamenta
716 1693 869 1722 latitudinis
896 1695 953 1730 ipsa
973 1703 1020 1731 per
1034 1703 1064 1723 se

281 1735 373 1763 decem
387 1737 498 1764 omnino
515 1738 621 1765 cubitos
635 1739 802 1766 obtinebant.
812 1739 895 1776 450
907 1741 952 1768 Sic
964 1742 1035 1768 enim
1049 1750 1064 1770 a

281 1781 388 1809 Nathan
397 1782 444 1810 Dei
454 1783 583 1818 propheta
590 1784 684 1819 jussus
695 1785 822 1813 Salomon
831 1787 928 1814 fuerat.
935 1788 973 1815 Ac
980 1791 1065 1816 struc-

283 1832 370 1855 turam
386 1828 495 1863 quidem
523 1829 677 1857 universam
689 1831 726 1857 ita
750 1832 885 1867 compingi
911 1833 1011 1867 voluit,
1036 1839 1066 1862 ut

281 1873 379 1900 alterni
396 1881 457 1901 sese
471 1874 602 1909 lapidum,
619 1879 646 1902 et
659 1877 878 1910 cypressinarum
890 1878 1007 1906 trabium
1020 1887 1065 1906 or-

281 1919 358 1946 dines
380 1919 549 1954 exciperent,
577 1921 650 1955 quod
679 1926 824 1957 utrumque
852 1923 956 1951 corium
984 1926 1064 1953 aeneis

282 1964 463 1998 quibusdam,
481 1965 569 2000 iisque
586 1966 677 1993 talenti
692 1968 797 2001 pondo,
818 1969 952 1996 sce‘urium
969 1970 1063 2003 instar,

280 2011 398 2038 vinculis
411 2012 615 2046 astringel‘etur.
631 2012 690 2040 Jam
706 2019 792 2042 stante
809 2016 928 2043 universi
959 2018 1063 2045 zedilicii

282 2057 367 2091 mole,
391 2058 510 2085 cedrinis
536 2059 757 2095 cupressinisque
784 2061 882 2088 tabulis
903 2063 1064 2090 exteriorem

283 2104 402 2139 lapidum
417 2103 528 2137 faciem,
546 2112 580 2132 ne
608 2106 716 2133 oculum
741 2106 901 2140 oﬂ‘enderet,
926 2109 1065 2144 unilequa~

283 2158 336 2184 que
350 2150 471 2183 vestivit;
486 2150 641 2178 interiorem
651 2160 714 2178 vero
730 2153 770 2179 sic
790 2152 925 2180 inauravit
935 2174 941 2184 ,
954 2160 982 2181 ιιι
998 2163 1065 2182 con-

283 2193 361 2222 ﬂatos
387 2202 420 2222 ex
438 2203 505 2222 auro
525 2196 621 2223 lateres
642 2196 796 2224 cubitorum
820 2198 956 2233 quinque,
980 2200 1063 2228 clavis

283 2241 417 2274 argenteis
429 2246 546 2275 quatuor
556 2261 563 2274 ,
574 2241 667 2268 talenti
687 2243 793 2276 pondo,
819 2248 898 2277 atque
911 2244 1023 2271 uberum
1041 2245 1068 2272 in

284 2287 488 2314 similitudinem
501 2287 640 2315 collocatis
650 2288 685 2316 ad
699 2289 816 2324 parietes
829 2289 955 2325 adigeret.
972 2290 1070 2325 Sicque

285 2331 465 2365 apavimento
485 2332 518 2358 ad
543 2339 682 2360 summum
706 2340 793 2368 usque
814 2337 914 2361 tectum
928 2334 1000 2362 aedes
1013 2339 1067 2362 tota

286 2384 352 2403 auro
366 2377 535 2405 collucebat:
563 2378 703 2413 ipsiusque
720 2378 786 2406 adeo
803 2378 939 2414 laquearis
956 2388 1068 2408 aureum

287 2422 436 2450 tabulatum
446 2443 454 2455 ,
467 2423 586 2451 exterius
595 2431 658 2450 vero
671 2423 777 2451 culmen
795 2432 894 2452 azreum
910 2429 995 2452 totum
1011 2431 1070 2454 erat

286 2467 338 2494 hoc
350 2473 391 2495 est
416 2470 494 2496 aereis
515 2470 612 2505 tegulis
629 2469 690 2497 fuso
703 2478 756 2498 aere
773 2470 896 2498 conﬂatis
912 2471 1067 2499 instratum.

284 2511 434 2540 Columnas
455 2518 584 2548 prmterea
609 2516 677 2543 duas
693 2516 720 2542 in
736 2516 836 2550 templo
855 2517 965 2548 statuit,
983 2525 1069 2545 aereas

283 2556 393 2590 quidem
419 2558 497 2591 illas,
520 2560 566 2586 sed
583 2566 649 2586 auro
664 2560 812 2594 purissimo
833 2562 865 2588 ad
893 2561 968 2597 digiti
990 2565 1069 2591 unius

286 2602 494 2631 crassitudinem
507 2604 646 2638 inductas,
662 2614 677 2633 a
689 2606 791 2634 dextris
807 2615 887 2634 unam
898 2627 905 2639 .
922 2609 1034 2636 alteram
1053 2617 1068 2637 a

286 2646 420 2682 sinistris;
435 2650 528 2677 ambas
543 2656 631 2678 autem
647 2651 780 2686 ejusmodi
794 2673 801 2684 ,
813 2661 875 2687 qua:
900 2653 1069 2689 longitudine

284 2697 387 2720 tectum
400 2695 488 2728 ipsum
505 2697 682 2732 attingerent,
708 2698 808 2725 ambitu
827 2699 933 2727 cubitos
956 2700 1069 2735 singulm

331 2756 344 2771 ι
364 2752 407 2780 τσ.
426 2753 479 2779 τῶν
499 2755 576 2784 κατά,
616 2756 630 2775 b
642 2757 682 2783 Ισ.
699 2758 879 2792 καταχέαντα.

291 2850 306 2877 g
325 2807 380 2869 (£8)
400 2810 453 2837 Καὶ
471 2811 619 2846 παρέχειν.
635 2813 687 2839 Καί
704 2814 802 2845 rectius
813 2834 821 2847 .
838 2814 944 2850 opinor,
969 2823 1069 2850 expuu-

309 2853 321 2868 ;ι
357 2852 376 2871 Γ.
686 2854 688 2857 ’

309 2852 376 2871 λιυῑ.
686 2854 688 2857 ¹

1119 1613 1212 1636 νοντας
1223 1606 1285 1636 τοὺς
1295 1605 1340 1631 δύο
1349 1605 1456 1640 δόμους.
1468 1606 1545 1633 Οὕτω
1553 1606 1574 1632 δ’
1586 1606 1666 1633 αὐτὸν
1677 1606 1902 1642 οἰκοδομήσαντα,

1118 1650 1235 1683 ξυλῶσαι
1253 1651 1350 1683 ἔξωθεν
1366 1651 1495 1688 κεδρίνοις
1513 1651 1601 1684 ξύλοις
1623 1652 1670 1678 καὶ
1686 1652 1902 1687 κυπαρισσίνοις,

1118 1696 1187 1723 ὥστε
1201 1696 1249 1732 τὴν
1262 1696 1364 1732 λιθίνην
1377 1697 1519 1733 οἰκοδομὴν
1540 1698 1576 1733 μὴ
1600 1697 1751 1732 φαίνεσθαι,
1766 1697 1904 1733 χρυσῶσαί

1117 1751 1146 1768 τε
1160 1742 1205 1769 τὸν
1219 1743 1282 1769 ναὸν
1300 1742 1399 1769 ἔσωθεν
1415 1743 1553 1777 χωννύντα
1573 1743 1681 1770 πλινθία
1701 1744 1789 1778 χρυσᾶ
1807 1752 1904 1770 πεντα-

1119 1789 1204 1824 πήχη,
1222 1787 1267 1814 καὶ
1282 1787 1454 1823 προστιθέναι
1474 1789 1659 1824 προσηλοῦντα
1674 1789 1748 1824 ἣλοις
1763 1789 1902 1826 ἀργυροῖς,

1118 1835 1296 1867 ταλαντιαίοις
1308 1834 1356 1870 τὴν
1372 1835 1462 1870 ὁλκὴν,
1480 1835 1647 1870 μαστοειδέσι
1663 1836 1708 1862 τὸν
1724 1835 1835 1871 ῥυθμὸν,
1846 1835 1904 1862 τέσ-

1120 1889 1199 1916 σαρσι
1212 1880 1240 1907 δὲ
1254 1881 1299 1906 τὸν
1321 1879 1447 1916 ἀριθμόν.
1467 1881 1544 1908 Οὕτω
1556 1881 1577 1907 δ’
1593 1881 1673 1908 αὐτὸν
1691 1881 1830 1917 χρυσῶσαι
1850 1880 1904 1908 ἀπὸ

1119 1927 1232 1962 ἐδάφους
1247 1926 1299 1958 ἕως
1311 1927 1360 1962 τῆς
1376 1927 1485 1963 ὀροφῆς,
1500 1927 1530 1953 τό
1549 1936 1578 1953 τε
1599 1928 1727 1962 ὀρόφωμα
1749 1928 1861 1963 ποιῆσαι
1872 1927 1903 1953 ἔτι

1119 1973 1304 2009 φατνωμάτων
1324 1974 1441 2009 χρυσῶν,
1457 1973 1488 2000 τὸ
1507 1973 1535 2000 δὲ
1555 1973 1632 2009 δῶμα
1652 1974 1762 2010 ποιῆσαι
1777 1973 1902 2009 χαλκοῦν,

1118 2019 1172 2045 ἀπὸ
1197 2019 1351 2055 κεραμίδων
1377 2018 1494 2054 χαλκῶν,
1521 2019 1619 2054 χαλκὸν
1647 2019 1829 2055 χωνεύσαντα,
1858 2019 1903 2046 καὶ

1118 2064 1211 2091 τοῦτον
1226 2065 1392 2100 καταχέοντα
1401 2065 1423 2091 ιι.
1439 2065 1552 2100 Ποιῆσαι
1560 2065 1586 2092 δὲ
1597 2066 1643 2092 δύο
1652 2066 1762 2098 στύλους
1777 2065 1903 2102 χαλκοῦς,

1119 2113 1165 2138 καὶ
1198 2112 1406 2147 καταχρυσῶσαι
1430 2112 1527 2143 αὐτοὺς
1550 2113 1652 2148 χρυσίῳ
1670 2113 1765 2148 ἀδόλῳ,
1781 2112 1904 2149 δακτύλῳ

1118 2157 1147 2182 τὸ
1168 2156 1262 2192 πάχος.
1283 2154 1358 2183 Εἶναι
1382 2156 1411 2183 δὲ
1435 2157 1497 2188 τοὺς
1519 2157 1629 2189 στύλους
1651 2158 1690 2194 τῷ
1708 2157 1764 2194 ναῷ
1781 2159 1905 2194 ἰσομεγέ-

1121 2202 1186 2234 θεις,
1201 2203 1231 2229 τὸ
1240 2203 1268 2229 δὲ
1288 2202 1386 2234 πλάτος
1400 2202 1491 2238 κύκλῳ
1505 2203 1619 2230 ἕκαστον
1633 2204 1709 2230 κίονα
1720 2204 1814 2240 πηχῶν
1827 2204 1902 2231 δέκα’

1123 2248 1217 2283 στῆναι
1226 2248 1253 2275 δὲ
1270 2248 1368 2280 αὐτοὺς
1378 2248 1424 2274 τοῦ
1441 2248 1515 2275 οἴκου
1531 2249 1560 2275 ὃν
1578 2249 1663 2284 μὲνέκ
1679 2249 1783 2282 δεξιῶν»
1795 2249 1860 2276 δνδὲ
1874 2250 1903 2283 ἐξ

1121 2293 1278 2328 εὐωνύμων.
1295 2293 1408 2328 Ποιῆσαι
1423 2293 1451 2319 δὲ
1469 2293 1514 2319 καὶ
1528 2293 1637 2328 λυχνίας
1652 2295 1763 2329 χρυσᾶς,
1782 2294 1848 2321 δέκα
1860 2287 1910 2322 ’τά-ν

1120 2339 1203 2366 λαντα
1219 2339 1336 2374 ἑκάστην
1358 2338 1439 2374 ὁλκὴν
1465 2338 1593 2372 ἀγούσας,
1619 2339 1769 2375 ὑπόδειγμα
1789 2339 1905 2367 λαϐόντα

1121 2385 1170 2420 τὴν
1199 2385 1255 2411 ὑπὸ
1274 2384 1394 2415 Μωσέως
1415 2385 1443 2411 ὲν
1460 2385 1492 2419 τῇ
1512 2385 1595 2420 σκηνῇ
1613 2384 1658 2411 τοῦ
1685 2385 1834 2420 μαρτυρίου
1859 2393 1905 2411 τε·

1121 2430 1221 2456 θεῖσαν.
1240 2430 1338 2465 Στῆσαι
1353 2429 1374 2455 δ’
1391 2428 1420 2461 ἐξ
1434 2429 1562 2465 ἐκατέρου
1578 2429 1675 2465 μέρους
1684 2429 1731 2456 τοῦ
1745 2429 1840 2464 σηκοῦ,
1856 2430 1905 2462 τὰς

1122 2476 1171 2511 μὲν
1187 2477 1219 2502 ἐκ
1232 2475 1336 2508 δεξιῶν,
1349 2475 1396 2506 τὰς
1406 2475 1434 2501 δὲ
1450 2475 1478 2508 ἐξ
1495 2475 1649 2510 εὐωνύμων.
1663 2475 1778 2511 Ποιῆσαι
1787 2476 1810 2502 δ’
1824 2476 1905 2503 αὑτὸν

1121 2521 1167 2547 καὶ
1179 2520 1290 2555 λύχνους
1316 2519 1432 2556 χρυσοῦς
1447 2519 1477 2552 o’,
1495 2519 1564 2546 ὥστε
1590 2520 1713 2547 καίεσθαι
1734 2520 1774 2554 ἐφ’
1787 2521 1906 2557 ἑκάστης

1120 2566 1229 2601 λυχνίας
1258 2566 1335 2592 ἑπτά.
1354 2565 1535 2601 Οἰκοδομῆσαι
1555 2565 1583 2592 δὲ
1603 2566 1649 2592 καὶ
1673 2565 1723 2598 τὰς
1747 2565 1835 2598 πύλας
1857 2565 1905 2593 τοῦ

1122 2611 1206 2647 ἱεροῦ,
1233 2612 1280 2638 καὶ
1304 2611 1512 2646 κατακοσμῆσαι
1525 2611 1627 2647 χρυσίῳ
1639 2611 1685 2638 καὶ
1705 2611 1842 2648 ἀργυρίῳ·
1857 2612 1906 2640 καὶ

1120 2656 1321 2690 καταστεγάσαι
1349 2656 1508 2692 φατνώμασι
1533 2657 1661 2692 κεδρίνοις
1675 2657 1723 2684 καὶ
1743 2656 1904 2693 κυπαρισσί-

1120 2711 1184 2734 νοις.
1201 2702 1316 2738 Ποιῆσαι
1331 2703 1413 2730 δὲκαὶ
1427 2703 1497 2729 κατὰ.
1512 2703 1542 2730 τὸ
1557 2703 1624 2739 πρὸς
1643 2703 1742 2740 βορρᾶν
1757 2703 1839 2740 μέρος
1856 2702 1906 2731 τοῦ

1156 2815 1211 2850 (89)
1231 2815 1339 2849 Πηχῶν
1362 2815 1419 2850 ἓξκ
1436 2814 1508 2841 Verti
1535 2814 1645 2849 perinde
1667 2822 1698 2841 ac
1720 2815 1742 2840 si
1771 2816 1904 2850 legeretur

1120 2849 1214 2886 πηχῶν
1229 2850 1259 2883 ξ’.
1275 2850 1393 2879 Consule
1407 2849 1554 2885 .loscphum
1572 2851 1702 2885 Antiquit.
1721 2857 1768 2878 vm
1780 2870 1787 2883 ,
1803 2851 1832 2878 2.
