  <div class='ocr_page' id='page_1' title='image "/cluster/home/n/w/nwhite01/storage/ocr_20150623/21/njp.32101077772489/418.png"; bbox 0 0 2091 3208; ppageno 0'>
   <div class='ocr_carea' id='block_1_1' title="bbox 219 171 270 199">
    <p class='ocr_par' dir='ltr' id='par_1_1' title="bbox 219 171 270 199">
     <span class='ocr_line' id='line_1_1' title="bbox 219 171 270 199; baseline 0.039 -2"><span class='ocrx_word' id='word_1_1' title='bbox 219 171 270 199; x_wconf 73' lang='grc'><strong>’153</strong></span> 
     </span>
    </p>
   </div>
   <div class='ocr_carea' id='block_1_2' title="bbox 804 168 1264 198">
    <p class='ocr_par' dir='ltr' id='par_1_2' title="bbox 804 168 1264 198">
     <span class='ocr_line' id='line_1_2' title="bbox 804 168 1264 198; baseline 0.002 -2"><span class='ocrx_word' id='word_1_2' title='bbox 804 168 970 197; x_wconf 62' lang='lat' dir='ltr'><strong>PREPAB.</strong></span> <span class='ocrx_word' id='word_1_3' title='bbox 991 169 1119 197; x_wconf 68' lang='lat' dir='ltr'><strong>EVANG.</strong></span> <span class='ocrx_word' id='word_1_4' title='bbox 1140 169 1203 198; x_wconf 86' lang='lat' dir='ltr'><strong>LIB.</strong></span> <span class='ocrx_word' id='word_1_5' title='bbox 1219 169 1264 197; x_wconf 73' lang='lat' dir='ltr'><strong>IX.</strong></span> 
     </span>
    </p>
   </div>
   <div class='ocr_carea' id='block_1_3' title="bbox 1791 170 1845 198">
    <p class='ocr_par' dir='ltr' id='par_1_3' title="bbox 1791 170 1845 198">
     <span class='ocr_line' id='line_1_3' title="bbox 1791 170 1845 198; baseline 0 0"><span class='ocrx_word' id='word_1_6' title='bbox 1791 170 1845 198; x_wconf 62' lang='lat' dir='ltr'><strong>&quot;Si</strong></span> 
     </span>
    </p>
   </div>
   <div class='ocr_carea' id='block_1_4' title="bbox 215 226 1010 265">
    <p class='ocr_par' dir='ltr' id='par_1_4' title="bbox 215 226 1007 265">
     <span class='ocr_line' id='line_1_4' title="bbox 215 226 1007 265; baseline -0.004 -9"><span class='ocrx_word' id='word_1_7' title='bbox 215 229 291 265; x_wconf 60' lang='grc' dir='ltr'>ἱεροῦ</span> <span class='ocrx_word' id='word_1_8' title='bbox 312 228 403 260; x_wconf 81' lang='grc' dir='ltr'>στοὰν,</span> <span class='ocrx_word' id='word_1_9' title='bbox 418 228 464 255; x_wconf 79' lang='grc' dir='ltr'>καὶ</span> <span class='ocrx_word' id='word_1_10' title='bbox 489 228 602 257; x_wconf 77' lang='grc' dir='ltr'>στύλους</span> <span class='ocrx_word' id='word_1_11' title='bbox 627 228 694 263; x_wconf 73' lang='grc' dir='ltr'>αὐτῇ</span> <span class='ocrx_word' id='word_1_12' title='bbox 715 227 867 262; x_wconf 75' lang='grc' dir='ltr'>ὑποστῆσαι</span> <span class='ocrx_word' id='word_1_13' title='bbox 891 226 1007 263; x_wconf 75' lang='grc' dir='ltr'><strong>χαλκοῦς</strong></span> 
     </span>
    </p>
   </div>
   <div class='ocr_carea' id='block_1_5' title="bbox 1061 226 1845 265">
    <p class='ocr_par' dir='ltr' id='par_1_5' title="bbox 1061 226 1845 262">
     <span class='ocr_line' id='line_1_5' title="bbox 1061 226 1845 262; baseline 0.003 -8"><span class='ocrx_word' id='word_1_14' title='bbox 1061 227 1153 255; x_wconf 84' lang='lat' dir='ltr'><strong>decem</strong></span> <span class='ocrx_word' id='word_1_15' title='bbox 1168 228 1319 262; x_wconf 84' lang='lat' dir='ltr'><strong>implerent.</strong></span> <span class='ocrx_word' id='word_1_16' title='bbox 1333 226 1422 254; x_wconf 78' lang='lat' dir='ltr'><strong>Aurea</strong></span> <span class='ocrx_word' id='word_1_17' title='bbox 1437 226 1518 255; x_wconf 85' lang='lat' dir='ltr'><strong>etiam</strong></span> <span class='ocrx_word' id='word_1_18' title='bbox 1532 227 1694 255; x_wconf 84' lang='lat' dir='ltr'><strong>candelabra</strong></span> <span class='ocrx_word' id='word_1_19' title='bbox 1718 227 1775 255; x_wconf 78' lang='lat' dir='ltr'><strong>ﬁeri</strong></span> <span class='ocrx_word' id='word_1_20' title='bbox 1796 236 1845 256; x_wconf 74' lang='lat' dir='ltr'><strong>cu-</strong></span> 
     </span>
    </p>
   </div>
   <div class='ocr_carea' id='block_1_6' title="bbox 218 273 1009 311">
    <p class='ocr_par' dir='ltr' id='par_1_6' title="bbox 218 273 1009 311">
     <span class='ocr_line' id='line_1_6' title="bbox 218 273 1009 311; baseline -0.001 -10"><span class='ocrx_word' id='word_1_21' title='bbox 218 278 273 311; x_wconf 81' lang='grc' dir='ltr'><strong>μη’.</strong></span> <span class='ocrx_word' id='word_1_22' title='bbox 291 275 503 301; x_wconf 76' lang='grc' dir='ltr'>Κατασκευασαι</span> <span class='ocrx_word' id='word_1_23' title='bbox 517 274 545 300; x_wconf 77' lang='grc' dir='ltr'>δὲ</span> <span class='ocrx_word' id='word_1_24' title='bbox 572 274 619 301; x_wconf 72' lang='grc' dir='ltr'>καὶ</span> <span class='ocrx_word' id='word_1_25' title='bbox 635 274 754 309; x_wconf 75' lang='grc' dir='ltr'>λουτῆρα</span> <span class='ocrx_word' id='word_1_26' title='bbox 777 273 894 309; x_wconf 78' lang='grc' dir='ltr'><strong>χαλκοῦν</strong></span> <span class='ocrx_word' id='word_1_27' title='bbox 923 274 1009 308; x_wconf 75' lang='grc' dir='ltr'>μῆκος</span> 
     </span>
    </p>
   </div>
   <div class='ocr_carea' id='block_1_7' title="bbox 217 319 1006 355">
    <p class='ocr_par' dir='ltr' id='par_1_7' title="bbox 217 319 1006 355">
     <span class='ocr_line' id='line_1_7' title="bbox 217 319 1006 355; baseline -0.001 -9"><span class='ocrx_word' id='word_1_28' title='bbox 217 320 312 355; x_wconf 70' lang='grc' dir='ltr'><strong>Ιπηχῶν</strong></span> <span class='ocrx_word' id='word_1_29' title='bbox 326 323 360 353; x_wconf 85' lang='grc' dir='ltr'>κ’,</span> <span class='ocrx_word' id='word_1_30' title='bbox 376 321 423 346; x_wconf 79' lang='grc' dir='ltr'>καὶ</span> <span class='ocrx_word' id='word_1_31' title='bbox 437 320 536 351; x_wconf 78' lang='grc' dir='ltr'><strong>πλάτος</strong></span> <span class='ocrx_word' id='word_1_32' title='bbox 547 319 642 354; x_wconf 79' lang='grc' dir='ltr'>πηχῶν</span> <span class='ocrx_word' id='word_1_33' title='bbox 656 320 689 346; x_wconf 76' lang='grc' dir='ltr'><strong>κ’·</strong></span> <span class='ocrx_word' id='word_1_34' title='bbox 704 320 733 346; x_wconf 82' lang='grc' dir='ltr'>τὸ</span> <span class='ocrx_word' id='word_1_35' title='bbox 748 320 775 345; x_wconf 80' lang='grc' dir='ltr'>δὲ</span> <span class='ocrx_word' id='word_1_36' title='bbox 792 319 857 354; x_wconf 73' lang='grc' dir='ltr'>ὕψος</span> <span class='ocrx_word' id='word_1_37' title='bbox 870 319 964 353; x_wconf 73' lang='grc' dir='ltr'>πηχῶν</span> <span class='ocrx_word' id='word_1_38' title='bbox 976 319 1006 345; x_wconf 84' lang='grc' dir='ltr'><strong>ε’.</strong></span> 
     </span>
    </p>
   </div>
   <div class='ocr_carea' id='block_1_8' title="bbox 217 363 1008 401">
    <p class='ocr_par' dir='ltr' id='par_1_8' title="bbox 217 363 1008 401">
     <span class='ocr_line' id='line_1_8' title="bbox 217 363 1008 401; baseline -0.005 -8"><span class='ocrx_word' id='word_1_39' title='bbox 217 367 333 401; x_wconf 82' lang='grc' dir='ltr'>Ποιῆσαι</span> <span class='ocrx_word' id='word_1_40' title='bbox 350 366 379 393; x_wconf 82' lang='grc' dir='ltr'>δὲ</span> <span class='ocrx_word' id='word_1_41' title='bbox 396 367 438 392; x_wconf 72' lang='grc' dir='ltr'><strong>ἐπ’</strong></span> <span class='ocrx_word' id='word_1_42' title='bbox 452 365 526 400; x_wconf 82' lang='grc' dir='ltr'>αὑτῴ</span> <span class='ocrx_word' id='word_1_43' title='bbox 544 365 677 400; x_wconf 75' lang='grc' dir='ltr'><strong>στεφάνην</strong></span> <span class='ocrx_word' id='word_1_44' title='bbox 702 365 769 401; x_wconf 76' lang='grc' dir='ltr'>πρὸς</span> <span class='ocrx_word' id='word_1_45' title='bbox 792 364 841 400; x_wconf 84' lang='grc' dir='ltr'>τὴν</span> <span class='ocrx_word' id='word_1_46' title='bbox 858 364 934 399; x_wconf 73' lang='grc' dir='ltr'>βάσιν</span> <span class='ocrx_word' id='word_1_47' title='bbox 958 363 1008 395; x_wconf 77' lang='grc' dir='ltr'><strong>ἔξω</strong></span> 
     </span>
    </p>
   </div>
   <div class='ocr_carea' id='block_1_9' title="bbox 217 408 1007 448">
    <p class='ocr_par' dir='ltr' id='par_1_9' title="bbox 217 408 1007 448">
     <span class='ocr_line' id='line_1_9' title="bbox 217 408 1007 448; baseline -0.005 -10"><span class='ocrx_word' id='word_1_48' title='bbox 217 411 405 448; x_wconf 75' lang='grc' dir='ltr'><strong>ὑπερέχουσαν</strong></span> <span class='ocrx_word' id='word_1_49' title='bbox 419 412 507 446; x_wconf 78' lang='grc' dir='ltr'>πῆχυν</span> <span class='ocrx_word' id='word_1_50' title='bbox 529 411 576 437; x_wconf 74' lang='grc' dir='ltr'>ἕνα</span> <span class='ocrx_word' id='word_1_51' title='bbox 591 411 658 446; x_wconf 78' lang='grc' dir='ltr'>πρὸς</span> <span class='ocrx_word' id='word_1_52' title='bbox 672 411 701 437; x_wconf 80' lang='grc' dir='ltr'><strong>τὸ</strong></span> <span class='ocrx_word' id='word_1_53' title='bbox 717 412 780 441; x_wconf 75' lang='grc' dir='ltr'>τοὺς</span> <span class='ocrx_word' id='word_1_54' title='bbox 800 410 882 445; x_wconf 77' lang='grc' dir='ltr'>ἱερεῖς</span> <span class='ocrx_word' id='word_1_55' title='bbox 896 408 959 440; x_wconf 79' lang='grc' dir='ltr'>τούς</span> <span class='ocrx_word' id='word_1_56' title='bbox 979 417 1007 434; x_wconf 85' lang='grc' dir='ltr'>τε</span> 
     </span>
    </p>
   </div>
   <div class='ocr_carea' id='block_1_10' title="bbox 216 455 1008 492">
    <p class='ocr_par' dir='ltr' id='par_1_10' title="bbox 216 455 1008 492">
     <span class='ocr_line' id='line_1_10' title="bbox 216 455 1008 492; baseline -0.004 -8"><span class='ocrx_word' id='word_1_57' title='bbox 216 457 301 488; x_wconf 75' lang='grc' dir='ltr'>πόδας</span> <span class='ocrx_word' id='word_1_58' title='bbox 316 456 544 492; x_wconf 74' lang='grc' dir='ltr'>προσκλύζεσθαι,</span> <span class='ocrx_word' id='word_1_59' title='bbox 561 458 608 483; x_wconf 79' lang='grc' dir='ltr'>καὶ</span> <span class='ocrx_word' id='word_1_60' title='bbox 625 457 673 488; x_wconf 76' lang='grc' dir='ltr'>τὰς</span> <span class='ocrx_word' id='word_1_61' title='bbox 689 458 781 492; x_wconf 73' lang='grc' dir='ltr'>χεῖρας</span> <span class='ocrx_word' id='word_1_62' title='bbox 795 455 936 482; x_wconf 84' lang='grc' dir='ltr'>νίπτεσοαι</span> <span class='ocrx_word' id='word_1_63' title='bbox 949 456 1008 481; x_wconf 61' lang='lat' dir='ltr'><strong>ﬁmo</strong></span> 
     </span>
    </p>
   </div>
   <div class='ocr_carea' id='block_1_11' title="bbox 216 500 1008 537">
    <p class='ocr_par' dir='ltr' id='par_1_11' title="bbox 216 500 1008 537">
     <span class='ocr_line' id='line_1_11' title="bbox 216 500 1008 537; baseline -0.004 -8"><span class='ocrx_word' id='word_1_64' title='bbox 216 503 359 534; x_wconf 70' lang='grc' dir='ltr'>ϐαίνοντας</span> <span class='ocrx_word' id='word_1_65' title='bbox 369 511 376 517; x_wconf 73' lang='grc'><strong><em>⁸</em></strong></span> <span class='ocrx_word' id='word_1_66' title='bbox 401 503 512 537; x_wconf 78' lang='grc' dir='ltr'>ποιῆσαι</span> <span class='ocrx_word' id='word_1_67' title='bbox 534 502 561 528; x_wconf 81' lang='grc' dir='ltr'>δὲ</span> <span class='ocrx_word' id='word_1_68' title='bbox 579 502 626 529; x_wconf 67' lang='grc' dir='ltr'>καὶ</span> <span class='ocrx_word' id='word_1_69' title='bbox 646 502 695 532; x_wconf 82' lang='grc' dir='ltr'>τὰς</span> <span class='ocrx_word' id='word_1_70' title='bbox 710 502 802 536; x_wconf 76' lang='grc' dir='ltr'>βάσεις</span> <span class='ocrx_word' id='word_1_71' title='bbox 817 501 864 527; x_wconf 78' lang='grc' dir='ltr'><strong>τοῦ</strong></span> <span class='ocrx_word' id='word_1_72' title='bbox 878 500 1008 536; x_wconf 69' lang='grc' dir='ltr'>λοντῆρος</span> 
     </span>
    </p>
   </div>
   <div class='ocr_carea' id='block_1_12' title="bbox 217 548 1008 586">
    <p class='ocr_par' dir='ltr' id='par_1_12' title="bbox 217 548 1008 586">
     <span class='ocr_line' id='line_1_12' title="bbox 217 548 1008 586; baseline -0.005 -9"><span class='ocrx_word' id='word_1_73' title='bbox 217 549 359 586; x_wconf 74' lang='grc' dir='ltr'><strong>τορευτὰς,</strong></span> <span class='ocrx_word' id='word_1_74' title='bbox 381 549 518 584; x_wconf 79' lang='grc' dir='ltr'>χωνευτὰς</span> <span class='ocrx_word' id='word_1_75' title='bbox 540 548 652 582; x_wconf 83' lang='grc' dir='ltr'>δώδεκα,</span> <span class='ocrx_word' id='word_1_76' title='bbox 671 549 717 575; x_wconf 71' lang='grc' dir='ltr'>καὶ</span> <span class='ocrx_word' id='word_1_77' title='bbox 733 548 772 583; x_wconf 83' lang='grc' dir='ltr'>τῷ</span> <span class='ocrx_word' id='word_1_78' title='bbox 792 548 853 583; x_wconf 60' lang='grc' dir='ltr'>ὕψει</span> <span class='ocrx_word' id='word_1_79' title='bbox 875 548 1008 583; x_wconf 81' lang='grc' dir='ltr'>ἀνδρομή-</span> 
     </span>
    </p>
   </div>
   <div class='ocr_carea' id='block_1_13' title="bbox 218 594 1006 631">
    <p class='ocr_par' dir='ltr' id='par_1_13' title="bbox 218 594 1006 631">
     <span class='ocr_line' id='line_1_13' title="bbox 218 594 1006 631; baseline -0.004 -8"><span class='ocrx_word' id='word_1_80' title='bbox 218 605 276 629; x_wconf 84' lang='grc' dir='ltr'>κεις</span> <span class='ocrx_word' id='word_1_81' title='bbox 285 605 293 612; x_wconf 85' lang='grc'><strong>·</strong></span> <span class='ocrx_word' id='word_1_82' title='bbox 305 596 353 623; x_wconf 76' lang='grc' dir='ltr'><strong>καὶ</strong></span> <span class='ocrx_word' id='word_1_83' title='bbox 366 595 462 630; x_wconf 84' lang='grc' dir='ltr'>στῆσαι</span> <span class='ocrx_word' id='word_1_84' title='bbox 478 595 507 628; x_wconf 77' lang='grc' dir='ltr'><strong>ἐξ</strong></span> <span class='ocrx_word' id='word_1_85' title='bbox 518 595 630 631; x_wconf 77' lang='grc' dir='ltr'>ὑστέρου</span> <span class='ocrx_word' id='word_1_86' title='bbox 647 595 746 631; x_wconf 86' lang='grc' dir='ltr'>μέρους</span> <span class='ocrx_word' id='word_1_87' title='bbox 756 595 808 621; x_wconf 77' lang='grc' dir='ltr'>ὑπὸ</span> <span class='ocrx_word' id='word_1_88' title='bbox 824 595 869 621; x_wconf 83' lang='grc' dir='ltr'>τὸν</span> <span class='ocrx_word' id='word_1_89' title='bbox 878 594 1006 629; x_wconf 78' lang='grc' dir='ltr'>λουτῆρα,</span> 
     </span>
    </p>
   </div>
   <div class='ocr_carea' id='block_1_14' title="bbox 217 641 1008 677">
    <p class='ocr_par' dir='ltr' id='par_1_14' title="bbox 217 641 1008 677">
     <span class='ocr_line' id='line_1_14' title="bbox 217 641 1008 677; baseline -0.004 -8"><span class='ocrx_word' id='word_1_90' title='bbox 217 643 250 670; x_wconf 71' lang='grc' dir='ltr'>ἑκ</span> <span class='ocrx_word' id='word_1_91' title='bbox 268 641 363 675; x_wconf 79' lang='grc' dir='ltr'>δεξιῶν</span> <span class='ocrx_word' id='word_1_92' title='bbox 387 642 433 668; x_wconf 83' lang='grc' dir='ltr'>τοῦ</span> <span class='ocrx_word' id='word_1_93' title='bbox 458 642 661 677; x_wconf 72' lang='grc' dir='ltr'><strong>θυσιαστηρίου.</strong></span> <span class='ocrx_word' id='word_1_94' title='bbox 683 642 797 676; x_wconf 80' lang='grc' dir='ltr'>Ποιῆσαι</span> <span class='ocrx_word' id='word_1_95' title='bbox 815 641 843 668; x_wconf 77' lang='grc' dir='ltr'>δὲ</span> <span class='ocrx_word' id='word_1_96' title='bbox 862 641 909 667; x_wconf 77' lang='grc' dir='ltr'>καὶ</span> <span class='ocrx_word' id='word_1_97' title='bbox 931 641 1008 675; x_wconf 76' lang='grc' dir='ltr'>βάσιν</span> 
     </span>
    </p>
   </div>
   <div class='ocr_carea' id='block_1_15' title="bbox 217 687 1006 724">
    <p class='ocr_par' dir='ltr' id='par_1_15' title="bbox 217 687 1006 724">
     <span class='ocr_line' id='line_1_15' title="bbox 217 687 1006 724; baseline 0.003 -10"><span class='ocrx_word' id='word_1_98' title='bbox 217 688 321 724; x_wconf 75' lang='grc' dir='ltr'>χαλκῆν</span> <span class='ocrx_word' id='word_1_99' title='bbox 342 688 381 723; x_wconf 85' lang='grc' dir='ltr'>τῷ</span> <span class='ocrx_word' id='word_1_100' title='bbox 402 688 463 723; x_wconf 68' lang='grc' dir='ltr'>ὕψει</span> <span class='ocrx_word' id='word_1_101' title='bbox 486 688 581 723; x_wconf 74' lang='grc' dir='ltr'>πηχῶν</span> <span class='ocrx_word' id='word_1_102' title='bbox 607 688 690 719; x_wconf 86' lang='grc' dir='ltr'><strong>δυοῖν,</strong></span> <span class='ocrx_word' id='word_1_103' title='bbox 716 688 785 715; x_wconf 74' lang='grc' dir='ltr'>κατὰ</span> <span class='ocrx_word' id='word_1_104' title='bbox 812 688 856 714; x_wconf 85' lang='grc' dir='ltr'><strong>τὸν</strong></span> <span class='ocrx_word' id='word_1_105' title='bbox 880 687 1006 722; x_wconf 76' lang='grc' dir='ltr'><strong>λουτῆρα,</strong></span> 
     </span>
    </p>
   </div>
   <div class='ocr_carea' id='block_1_16' title="bbox 217 734 1008 771">
    <p class='ocr_par' dir='ltr' id='par_1_16' title="bbox 217 734 1008 771">
     <span class='ocr_line' id='line_1_16' title="bbox 217 734 1008 771; baseline -0.003 -10"><span class='ocrx_word' id='word_1_106' title='bbox 217 734 251 761; x_wconf 70' lang='grc' dir='ltr'><strong>ἶν’</strong></span> <span class='ocrx_word' id='word_1_107' title='bbox 281 735 420 771; x_wconf 72' lang='grc' dir='ltr'><strong>ἐφεστήκῃ</strong></span> <span class='ocrx_word' id='word_1_108' title='bbox 451 736 494 761; x_wconf 78' lang='grc' dir='ltr'><strong>ἐπ’</strong></span> <span class='ocrx_word' id='word_1_109' title='bbox 519 736 604 771; x_wconf 69' lang='grc' dir='ltr'>αὐτῆς</span> <span class='ocrx_word' id='word_1_110' title='bbox 632 736 646 761; x_wconf 85' lang='grc' dir='ltr'>ὁ</span> <span class='ocrx_word' id='word_1_111' title='bbox 672 734 814 770; x_wconf 73' lang='grc' dir='ltr'>βασιλεὺς,</span> <span class='ocrx_word' id='word_1_112' title='bbox 848 734 910 760; x_wconf 74' lang='grc' dir='ltr'>ὅταν</span> <span class='ocrx_word' id='word_1_113' title='bbox 926 742 1008 770; x_wconf 82' lang='grc' dir='ltr'>προσ-</span> 
     </span>
    </p>
   </div>
   <div class='ocr_carea' id='block_1_17' title="bbox 216 779 1006 816">
    <p class='ocr_par' dir='ltr' id='par_1_17' title="bbox 216 779 1006 816">
     <span class='ocr_line' id='line_1_17' title="bbox 216 779 1006 816; baseline -0.003 -9"><span class='ocrx_word' id='word_1_114' title='bbox 216 779 349 816; x_wconf 75' lang='grc' dir='ltr'>εὐχηται,</span> <span class='ocrx_word' id='word_1_115' title='bbox 364 780 439 812; x_wconf 82' lang='grc' dir='ltr'>ὅπως</span> <span class='ocrx_word' id='word_1_116' title='bbox 464 781 614 816; x_wconf 73' lang='grc' dir='ltr'>ὀπτάνηται</span> <span class='ocrx_word' id='word_1_117' title='bbox 636 780 675 816; x_wconf 89' lang='grc' dir='ltr'>τῷ</span> <span class='ocrx_word' id='word_1_118' title='bbox 702 779 760 815; x_wconf 81' lang='grc' dir='ltr'><strong>λαῷ</strong></span> <span class='ocrx_word' id='word_1_119' title='bbox 779 780 832 807; x_wconf 83' lang='grc' dir='ltr'>τῶν</span> <span class='ocrx_word' id='word_1_120' title='bbox 862 779 1006 806; x_wconf 71' lang='grc' dir='ltr'>Ἰουδαίων.</span> 
     </span>
    </p>
   </div>
   <div class='ocr_carea' id='block_1_18' title="bbox 217 826 1008 862">
    <p class='ocr_par' dir='ltr' id='par_1_18' title="bbox 217 826 1008 862">
     <span class='ocr_line' id='line_1_18' title="bbox 217 826 1008 862; baseline -0.001 -9"><span class='ocrx_word' id='word_1_121' title='bbox 217 826 399 862; x_wconf 78' lang='grc' dir='ltr'>Οίκοδομῆσαι</span> <span class='ocrx_word' id='word_1_122' title='bbox 413 827 441 853; x_wconf 78' lang='grc' dir='ltr'>δὲ</span> <span class='ocrx_word' id='word_1_123' title='bbox 458 827 505 854; x_wconf 79' lang='grc' dir='ltr'>καὶ</span> <span class='ocrx_word' id='word_1_124' title='bbox 518 827 547 854; x_wconf 83' lang='grc' dir='ltr'><strong>τὺ</strong></span> <span class='ocrx_word' id='word_1_125' title='bbox 563 827 754 862; x_wconf 78' lang='grc' dir='ltr'><strong>θυσιαστήριον</strong></span> <span class='ocrx_word' id='word_1_126' title='bbox 767 848 774 859; x_wconf 88' lang='grc'><strong>,</strong></span> <span class='ocrx_word' id='word_1_127' title='bbox 797 826 892 862; x_wconf 80' lang='grc' dir='ltr'>πηχῶν</span> <span class='ocrx_word' id='word_1_128' title='bbox 910 826 947 852; x_wconf 83' lang='grc' dir='ltr'><strong>κε’</strong></span> <span class='ocrx_word' id='word_1_129' title='bbox 962 827 1008 852; x_wconf 71' lang='grc' dir='ltr'><strong>ἐπὶ</strong></span> 
     </span>
    </p>
   </div>
   <div class='ocr_carea' id='block_1_19' title="bbox 217 871 1009 907">
    <p class='ocr_par' dir='ltr' id='par_1_19' title="bbox 217 871 1009 907">
     <span class='ocr_line' id='line_1_19' title="bbox 217 871 1009 907; baseline 0 -9"><span class='ocrx_word' id='word_1_130' title='bbox 217 873 315 907; x_wconf 80' lang='grc' dir='ltr'><strong>πήχεις</strong></span> <span class='ocrx_word' id='word_1_131' title='bbox 330 871 364 904; x_wconf 82' lang='grc' dir='ltr'>κ’,</span> <span class='ocrx_word' id='word_1_132' title='bbox 375 872 406 898; x_wconf 83' lang='grc' dir='ltr'><strong>τὸ</strong></span> <span class='ocrx_word' id='word_1_133' title='bbox 421 873 442 899; x_wconf 82' lang='grc' dir='ltr'>δ’</span> <span class='ocrx_word' id='word_1_134' title='bbox 459 871 525 907; x_wconf 66' lang='grc' dir='ltr'>ὕψος</span> <span class='ocrx_word' id='word_1_135' title='bbox 542 872 637 907; x_wconf 82' lang='grc' dir='ltr'>πηχῶν</span> <span class='ocrx_word' id='word_1_136' title='bbox 656 872 699 898; x_wconf 76' lang='lat' dir='ltr'><strong>t6’.</strong></span> <span class='ocrx_word' id='word_1_137' title='bbox 715 871 830 907; x_wconf 85' lang='grc' dir='ltr'>Ποιῆσαι</span> <span class='ocrx_word' id='word_1_138' title='bbox 845 871 872 898; x_wconf 77' lang='grc' dir='ltr'>δὲ</span> <span class='ocrx_word' id='word_1_139' title='bbox 894 872 941 898; x_wconf 71' lang='grc' dir='ltr'>καὶ</span> <span class='ocrx_word' id='word_1_140' title='bbox 962 872 1009 898; x_wconf 80' lang='grc' dir='ltr'>δα-</span> 
     </span>
    </p>
   </div>
   <div class='ocr_carea' id='block_1_20' title="bbox 216 917 1006 953">
    <p class='ocr_par' dir='ltr' id='par_1_20' title="bbox 216 917 1006 953">
     <span class='ocr_line' id='line_1_20' title="bbox 216 917 1006 953; baseline 0 -9"><span class='ocrx_word' id='word_1_141' title='bbox 216 917 342 949; x_wconf 85' lang='grc' dir='ltr'>κτυλίους</span> <span class='ocrx_word' id='word_1_142' title='bbox 357 917 402 945; x_wconf 79' lang='grc' dir='ltr'><strong>δύο</strong></span> <span class='ocrx_word' id='word_1_143' title='bbox 412 918 528 953; x_wconf 82' lang='grc' dir='ltr'>χαλκοῦς</span> <span class='ocrx_word' id='word_1_144' title='bbox 539 918 727 950; x_wconf 74' lang='grc' dir='ltr'>ἀλυσιδωτοὺς,</span> <span class='ocrx_word' id='word_1_145' title='bbox 740 919 786 945; x_wconf 79' lang='grc' dir='ltr'>καὶ</span> <span class='ocrx_word' id='word_1_146' title='bbox 801 918 897 953; x_wconf 81' lang='grc' dir='ltr'>στῆσαι</span> <span class='ocrx_word' id='word_1_147' title='bbox 909 918 1006 949; x_wconf 70' lang='grc' dir='ltr'>αὐτοὺς</span> 
     </span>
    </p>
   </div>
   <div class='ocr_carea' id='block_1_21' title="bbox 216 963 1006 1000">
    <p class='ocr_par' dir='ltr' id='par_1_21' title="bbox 216 963 1006 1000">
     <span class='ocr_line' id='line_1_21' title="bbox 216 963 1006 1000; baseline 0 -10"><span class='ocrx_word' id='word_1_148' title='bbox 216 963 262 990; x_wconf 70' lang='grc' dir='ltr'><strong>ἐπὶ</strong></span> <span class='ocrx_word' id='word_1_149' title='bbox 292 964 496 1000; x_wconf 77' lang='grc' dir='ltr'><strong>μηχανημάτων</strong></span> <span class='ocrx_word' id='word_1_150' title='bbox 518 964 704 999; x_wconf 79' lang='grc' dir='ltr'><strong>ὑπερεχόντων</strong></span> <span class='ocrx_word' id='word_1_151' title='bbox 734 964 773 999; x_wconf 82' lang='grc' dir='ltr'>τῷ</span> <span class='ocrx_word' id='word_1_152' title='bbox 787 963 850 999; x_wconf 74' lang='grc' dir='ltr'>ὕψει</span> <span class='ocrx_word' id='word_1_153' title='bbox 876 963 921 990; x_wconf 80' lang='grc' dir='ltr'>τὸν</span> <span class='ocrx_word' id='word_1_154' title='bbox 944 963 1006 990; x_wconf 77' lang='grc' dir='ltr'>ναὸν</span> 
     </span>
    </p>
   </div>
   <div class='ocr_carea' id='block_1_22' title="bbox 216 1009 1006 1046">
    <p class='ocr_par' dir='ltr' id='par_1_22' title="bbox 216 1009 1006 1046">
     <span class='ocr_line' id='line_1_22' title="bbox 216 1009 1006 1046; baseline -0.003 -8"><span class='ocrx_word' id='word_1_155' title='bbox 216 1010 314 1046; x_wconf 74' lang='grc' dir='ltr'>πήχεις</span> <span class='ocrx_word' id='word_1_156' title='bbox 327 1010 361 1042; x_wconf 88' lang='grc' dir='ltr'>κ’,</span> <span class='ocrx_word' id='word_1_157' title='bbox 378 1011 425 1038; x_wconf 76' lang='grc' dir='ltr'>καὶ</span> <span class='ocrx_word' id='word_1_158' title='bbox 440 1010 560 1043; x_wconf 73' lang='grc' dir='ltr'><strong>σκιάζειν</strong></span> <span class='ocrx_word' id='word_1_159' title='bbox 575 1011 666 1038; x_wconf 77' lang='grc' dir='ltr'>ἐπάνω</span> <span class='ocrx_word' id='word_1_160' title='bbox 681 1009 780 1042; x_wconf 79' lang='grc' dir='ltr'>παντὸς</span> <span class='ocrx_word' id='word_1_161' title='bbox 796 1010 842 1037; x_wconf 86' lang='grc' dir='ltr'><strong>τοῦ</strong></span> <span class='ocrx_word' id='word_1_162' title='bbox 861 1009 944 1046; x_wconf 76' lang='grc' dir='ltr'><strong>ἱεροῦ·</strong></span> <span class='ocrx_word' id='word_1_163' title='bbox 960 1010 1006 1036; x_wconf 70' lang='grc' dir='ltr'>καὶ</span> 
     </span>
    </p>
   </div>
   <div class='ocr_carea' id='block_1_23' title="bbox 216 1055 1006 1092">
    <p class='ocr_par' dir='ltr' id='par_1_23' title="bbox 216 1055 1006 1092">
     <span class='ocr_line' id='line_1_23' title="bbox 216 1055 1006 1092; baseline -0.001 -10"><span class='ocrx_word' id='word_1_164' title='bbox 216 1055 426 1092; x_wconf 78' lang='grc' dir='ltr'>προσκρεμάσαι</span> <span class='ocrx_word' id='word_1_165' title='bbox 440 1056 543 1092; x_wconf 77' lang='grc' dir='ltr'>ἑκάστῃ</span> <span class='ocrx_word' id='word_1_166' title='bbox 559 1055 648 1082; x_wconf 80' lang='grc' dir='ltr'>δικτύῖ</span> <span class='ocrx_word' id='word_1_167' title='bbox 673 1055 801 1087; x_wconf 77' lang='grc' dir='ltr'>κώδωνας</span> <span class='ocrx_word' id='word_1_168' title='bbox 822 1055 939 1090; x_wconf 78' lang='grc' dir='ltr'><strong>χαλκοῦς</strong></span> <span class='ocrx_word' id='word_1_169' title='bbox 961 1064 1006 1082; x_wconf 85' lang='grc' dir='ltr'>τα-</span> 
     </span>
    </p>
   </div>
   <div class='ocr_carea' id='block_1_24' title="bbox 216 1101 1005 1137">
    <p class='ocr_par' dir='ltr' id='par_1_24' title="bbox 216 1101 1005 1137">
     <span class='ocr_line' id='line_1_24' title="bbox 216 1101 1005 1137; baseline 0 -9"><span class='ocrx_word' id='word_1_170' title='bbox 216 1101 370 1134; x_wconf 82' lang='grc' dir='ltr'>λαντιαίους</span> <span class='ocrx_word' id='word_1_171' title='bbox 392 1102 598 1137; x_wconf 75' lang='grc' dir='ltr'>τετρακοσίους’</span> <span class='ocrx_word' id='word_1_172' title='bbox 622 1102 668 1128; x_wconf 75' lang='grc' dir='ltr'>καὶ</span> <span class='ocrx_word' id='word_1_173' title='bbox 685 1102 796 1137; x_wconf 82' lang='grc' dir='ltr'>ποιῆσαι</span> <span class='ocrx_word' id='word_1_174' title='bbox 822 1101 885 1133; x_wconf 82' lang='grc' dir='ltr'>ὅλας</span> <span class='ocrx_word' id='word_1_175' title='bbox 900 1101 948 1133; x_wconf 79' lang='grc' dir='ltr'>τὰς</span> <span class='ocrx_word' id='word_1_176' title='bbox 966 1102 1005 1128; x_wconf 88' lang='grc' dir='ltr'>δι-</span> 
     </span>
    </p>
   </div>
   <div class='ocr_carea' id='block_1_25' title="bbox 216 1147 1006 1184">
    <p class='ocr_par' dir='ltr' id='par_1_25' title="bbox 216 1147 1006 1184">
     <span class='ocr_line' id='line_1_25' title="bbox 216 1147 1006 1184; baseline 0 -10"><span class='ocrx_word' id='word_1_177' title='bbox 216 1147 312 1180; x_wconf 85' lang='grc' dir='ltr'>κτύας,</span> <span class='ocrx_word' id='word_1_178' title='bbox 326 1148 395 1184; x_wconf 71' lang='grc' dir='ltr'>πρὸς</span> <span class='ocrx_word' id='word_1_179' title='bbox 405 1148 435 1175; x_wconf 84' lang='grc' dir='ltr'>τὸ</span> <span class='ocrx_word' id='word_1_180' title='bbox 447 1148 542 1183; x_wconf 75' lang='grc' dir='ltr'>ψοφεῖν</span> <span class='ocrx_word' id='word_1_181' title='bbox 555 1148 618 1180; x_wconf 81' lang='grc' dir='ltr'>τοὺς</span> <span class='ocrx_word' id='word_1_182' title='bbox 634 1147 770 1180; x_wconf 78' lang='grc' dir='ltr'>κώδωνας,</span> <span class='ocrx_word' id='word_1_183' title='bbox 790 1148 836 1175; x_wconf 82' lang='grc' dir='ltr'>καὶ</span> <span class='ocrx_word' id='word_1_184' title='bbox 862 1148 1006 1175; x_wconf 75' lang='grc' dir='ltr'>ἀποσοϐεῖν</span> 
     </span>
    </p>
   </div>
   <div class='ocr_carea' id='block_1_26' title="bbox 217 1194 1007 1230">
    <p class='ocr_par' dir='ltr' id='par_1_26' title="bbox 217 1194 1007 1230">
     <span class='ocr_line' id='line_1_26' title="bbox 217 1194 1007 1230; baseline 0 -9"><span class='ocrx_word' id='word_1_185' title='bbox 217 1194 252 1222; x_wconf 73' lang='grc' dir='ltr'><strong>τὰ</strong></span> <span class='ocrx_word' id='word_1_186' title='bbox 268 1194 361 1230; x_wconf 67' lang='grc' dir='ltr'>ὄρνεα,</span> <span class='ocrx_word' id='word_1_187' title='bbox 378 1195 451 1227; x_wconf 81' lang='grc' dir='ltr'>ὅπως</span> <span class='ocrx_word' id='word_1_188' title='bbox 467 1194 503 1230; x_wconf 87' lang='grc' dir='ltr'>μὴ</span> <span class='ocrx_word' id='word_1_189' title='bbox 520 1194 617 1230; x_wconf 76' lang='grc' dir='ltr'>καθίζῃ</span> <span class='ocrx_word' id='word_1_190' title='bbox 630 1194 675 1221; x_wconf 74' lang='grc' dir='ltr'><strong>ἐπὶ</strong></span> <span class='ocrx_word' id='word_1_191' title='bbox 690 1194 736 1220; x_wconf 84' lang='grc' dir='ltr'>τοῦ</span> <span class='ocrx_word' id='word_1_192' title='bbox 757 1194 841 1230; x_wconf 85' lang='grc' dir='ltr'>ἱεροῦ,</span> <span class='ocrx_word' id='word_1_193' title='bbox 862 1195 929 1230; x_wconf 85' lang='grc' dir='ltr'>μηδὲ</span> <span class='ocrx_word' id='word_1_194' title='bbox 948 1204 1007 1222; x_wconf 88' lang='grc' dir='ltr'>νοσ-</span> 
     </span>
    </p>
   </div>
   <div class='ocr_carea' id='block_1_27' title="bbox 220 1239 1007 1276">
    <p class='ocr_par' dir='ltr' id='par_1_27' title="bbox 220 1239 1007 1276">
     <span class='ocr_line' id='line_1_27' title="bbox 220 1239 1007 1276; baseline 0 -10"><span class='ocrx_word' id='word_1_195' title='bbox 220 1239 286 1276; x_wconf 80' lang='grc' dir='ltr'>σεύῃ</span> <span class='ocrx_word' id='word_1_196' title='bbox 298 1240 344 1267; x_wconf 78' lang='grc' dir='ltr'><strong>ἐπὶ</strong></span> <span class='ocrx_word' id='word_1_197' title='bbox 359 1242 414 1272; x_wconf 79' lang='grc' dir='ltr'>τοῖς</span> <span class='ocrx_word' id='word_1_198' title='bbox 427 1239 586 1275; x_wconf 85' lang='grc' dir='ltr'>φατνώμασι</span> <span class='ocrx_word' id='word_1_199' title='bbox 603 1239 657 1266; x_wconf 84' lang='grc' dir='ltr'><strong>τῶν</strong></span> <span class='ocrx_word' id='word_1_200' title='bbox 679 1239 769 1266; x_wconf 82' lang='grc' dir='ltr'>πυλῶν</span> <span class='ocrx_word' id='word_1_201' title='bbox 781 1240 828 1266; x_wconf 76' lang='grc' dir='ltr'>καὶ</span> <span class='ocrx_word' id='word_1_202' title='bbox 847 1240 942 1273; x_wconf 80' lang='grc' dir='ltr'>στοῶν,</span> <span class='ocrx_word' id='word_1_203' title='bbox 960 1241 1007 1266; x_wconf 64' lang='grc' dir='ltr'>καὶ</span> 
     </span>
    </p>
   </div>
   <div class='ocr_carea' id='block_1_28' title="bbox 220 1286 1007 1322">
    <p class='ocr_par' dir='ltr' id='par_1_28' title="bbox 220 1286 1007 1322">
     <span class='ocr_line' id='line_1_28' title="bbox 220 1286 1007 1322; baseline 0.001 -10"><span class='ocrx_word' id='word_1_204' title='bbox 220 1286 320 1321; x_wconf 77' lang='grc' dir='ltr'><strong>μολύνῃ</strong></span> <span class='ocrx_word' id='word_1_205' title='bbox 339 1287 395 1318; x_wconf 87' lang='grc' dir='ltr'>τοῖς</span> <span class='ocrx_word' id='word_1_206' title='bbox 413 1286 610 1322; x_wconf 76' lang='grc' dir='ltr'>ἁποπατήμρισι</span> <span class='ocrx_word' id='word_1_207' title='bbox 629 1286 658 1312; x_wconf 77' lang='grc' dir='ltr'>τὸ</span> <span class='ocrx_word' id='word_1_208' title='bbox 688 1286 769 1322; x_wconf 80' lang='grc' dir='ltr'><strong>ἱερόν.</strong></span> <span class='ocrx_word' id='word_1_209' title='bbox 799 1286 959 1321; x_wconf 82' lang='grc' dir='ltr'>Περιὸαλεῖν</span> <span class='ocrx_word' id='word_1_210' title='bbox 979 1286 1007 1313; x_wconf 73' lang='grc' dir='ltr'>δὲ</span> 
     </span>
    </p>
   </div>
   <div class='ocr_carea' id='block_1_29' title="bbox 220 1331 1005 1368">
    <p class='ocr_par' dir='ltr' id='par_1_29' title="bbox 220 1331 1005 1368">
     <span class='ocr_line' id='line_1_29' title="bbox 220 1331 1005 1368; baseline -0.001 -9"><span class='ocrx_word' id='word_1_211' title='bbox 220 1332 266 1359; x_wconf 76' lang='grc' dir='ltr'>καὶ</span> <span class='ocrx_word' id='word_1_212' title='bbox 282 1331 315 1359; x_wconf 78' lang='grc' dir='ltr'>τὰ</span> <span class='ocrx_word' id='word_1_213' title='bbox 340 1332 511 1368; x_wconf 81' lang='grc' dir='ltr'>Ἱεροσόλυμα</span> <span class='ocrx_word' id='word_1_214' title='bbox 522 1332 570 1368; x_wconf 85' lang='grc' dir='ltr'>τὴν</span> <span class='ocrx_word' id='word_1_215' title='bbox 585 1331 662 1358; x_wconf 81' lang='grc' dir='ltr'>πόλιν</span> <span class='ocrx_word' id='word_1_216' title='bbox 677 1332 788 1367; x_wconf 81' lang='grc' dir='ltr'>τείχεσι,</span> <span class='ocrx_word' id='word_1_217' title='bbox 815 1333 861 1359; x_wconf 79' lang='grc' dir='ltr'>καὶ</span> <span class='ocrx_word' id='word_1_218' title='bbox 880 1332 1005 1367; x_wconf 80' lang='grc' dir='ltr'>πύργοις,</span> 
     </span>
    </p>
   </div>
   <div class='ocr_carea' id='block_1_30' title="bbox 220 1377 1005 1414">
    <p class='ocr_par' dir='ltr' id='par_1_30' title="bbox 220 1377 1005 1414">
     <span class='ocr_line' id='line_1_30' title="bbox 220 1377 1005 1414; baseline 0.001 -11"><span class='ocrx_word' id='word_1_219' title='bbox 220 1377 268 1403; x_wconf 79' lang='grc' dir='ltr'>καὶ</span> <span class='ocrx_word' id='word_1_220' title='bbox 290 1377 415 1413; x_wconf 71' lang='grc' dir='ltr'>τάφροις.</span> <span class='ocrx_word' id='word_1_221' title='bbox 445 1379 626 1414; x_wconf 75' lang='grc' dir='ltr'>Οἰκοδομῆσαι</span> <span class='ocrx_word' id='word_1_222' title='bbox 655 1378 683 1405; x_wconf 86' lang='grc' dir='ltr'>δὲ</span> <span class='ocrx_word' id='word_1_223' title='bbox 711 1379 758 1404; x_wconf 76' lang='grc' dir='ltr'><strong>καὶ</strong></span> <span class='ocrx_word' id='word_1_224' title='bbox 773 1377 895 1413; x_wconf 79' lang='grc' dir='ltr'>βασίλεια</span> <span class='ocrx_word' id='word_1_225' title='bbox 907 1377 1005 1412; x_wconf 82' lang='grc' dir='ltr'>ἑαυτῷ.</span> 
     </span>
    </p>
   </div>
   <div class='ocr_carea' id='block_1_31' title="bbox 220 1421 1007 1460">
    <p class='ocr_par' dir='ltr' id='par_1_31' title="bbox 220 1421 1007 1460">
     <span class='ocr_line' id='line_1_31' title="bbox 220 1421 1007 1460; baseline -0.001 -12"><span class='ocrx_word' id='word_1_226' title='bbox 220 1421 477 1458; x_wconf 74' lang='grc' dir='ltr'>Προσαγορευθῆναι</span> <span class='ocrx_word' id='word_1_227' title='bbox 496 1423 525 1450; x_wconf 78' lang='grc' dir='ltr'>δὲ</span> <span class='ocrx_word' id='word_1_228' title='bbox 543 1423 650 1460; x_wconf 71' lang='grc' dir='ltr'>πρῶτον</span> <span class='ocrx_word' id='word_1_229' title='bbox 663 1423 711 1458; x_wconf 84' lang='grc' dir='ltr'>μὲν</span> <span class='ocrx_word' id='word_1_230' title='bbox 725 1423 756 1450; x_wconf 81' lang='grc' dir='ltr'><strong>τὸ</strong></span> <span class='ocrx_word' id='word_1_231' title='bbox 770 1423 919 1458; x_wconf 75' lang='grc' dir='ltr'>ἀνάκτορον</span> <span class='ocrx_word' id='word_1_232' title='bbox 936 1423 1007 1458; x_wconf 82' lang='grc' dir='ltr'>ἱερὸν</span> 
     </span>
    </p>
   </div>
   <div class='ocr_carea' id='block_1_32' title="bbox 221 1467 1007 1505">
    <p class='ocr_par' dir='ltr' id='par_1_32' title="bbox 221 1467 1007 1505">
     <span class='ocr_line' id='line_1_32' title="bbox 221 1467 1007 1505; baseline -0.001 -10"><span class='ocrx_word' id='word_1_233' title='bbox 221 1467 387 1503; x_wconf 75' lang='grc' dir='ltr'>Σολομῶνος,</span> <span class='ocrx_word' id='word_1_234' title='bbox 411 1469 524 1505; x_wconf 70' lang='grc' dir='ltr'>ὕστερον</span> <span class='ocrx_word' id='word_1_235' title='bbox 540 1469 578 1500; x_wconf 81' lang='grc' dir='ltr'>δὲ,</span> <span class='ocrx_word' id='word_1_236' title='bbox 601 1469 836 1505; x_wconf 81' lang='grc' dir='ltr'>παρεφθαρμένως</span> <span class='ocrx_word' id='word_1_237' title='bbox 859 1468 907 1504; x_wconf 82' lang='grc' dir='ltr'>τὴν</span> <span class='ocrx_word' id='word_1_238' title='bbox 932 1468 1007 1494; x_wconf 77' lang='grc' dir='ltr'>πόλιν</span> 
     </span>
    </p>
   </div>
   <div class='ocr_carea' id='block_1_33' title="bbox 220 1512 1007 1549">
    <p class='ocr_par' dir='ltr' id='par_1_33' title="bbox 220 1512 1007 1549">
     <span class='ocr_line' id='line_1_33' title="bbox 220 1512 1007 1549; baseline -0.001 -9"><span class='ocrx_word' id='word_1_239' title='bbox 220 1513 275 1540; x_wconf 70' lang='grc' dir='ltr'>ἀπὺ</span> <span class='ocrx_word' id='word_1_240' title='bbox 286 1512 333 1539; x_wconf 73' lang='grc' dir='ltr'><strong>τοῦ</strong></span> <span class='ocrx_word' id='word_1_241' title='bbox 352 1513 425 1549; x_wconf 77' lang='grc' dir='ltr'>ἱεροῦ</span> <span class='ocrx_word' id='word_1_242' title='bbox 448 1513 623 1549; x_wconf 78' lang='grc' dir='ltr'>Ἰερουσαλὴμ</span> <span class='ocrx_word' id='word_1_243' title='bbox 633 1513 830 1549; x_wconf 81' lang='grc' dir='ltr'>ὀνομασθῆναι·</span> <span class='ocrx_word' id='word_1_244' title='bbox 847 1513 899 1540; x_wconf 79' lang='grc' dir='ltr'><strong>ὑπὸ</strong></span> <span class='ocrx_word' id='word_1_245' title='bbox 915 1513 942 1539; x_wconf 73' lang='grc' dir='ltr'>δὲ</span> <span class='ocrx_word' id='word_1_246' title='bbox 955 1512 1007 1539; x_wconf 80' lang='grc' dir='ltr'><strong>τῶν</strong></span> 
     </span>
    </p>
   </div>
   <div class='ocr_carea' id='block_1_34' title="bbox 225 1557 1008 1595">
    <p class='ocr_par' dir='ltr' id='par_1_34' title="bbox 225 1557 1008 1595">
     <span class='ocr_line' id='line_1_34' title="bbox 225 1557 1008 1595; baseline -0.004 -9"><span class='ocrx_word' id='word_1_247' title='bbox 225 1557 359 1595; x_wconf 74' lang='grc' dir='ltr'><strong>Ἑλλήνων</strong></span> <span class='ocrx_word' id='word_1_248' title='bbox 375 1558 542 1595; x_wconf 83' lang='grc' dir='ltr'>φερωνύμως</span> <span class='ocrx_word' id='word_1_249' title='bbox 564 1558 737 1594; x_wconf 81' lang='grc' dir='ltr'>Ἰεροσόλυμα</span> <span class='ocrx_word' id='word_1_250' title='bbox 760 1557 895 1592; x_wconf 83' lang='grc' dir='ltr'>λέγεσθαι.</span> <span class='ocrx_word' id='word_1_251' title='bbox 912 1557 1008 1584; x_wconf 79' lang='grc' dir='ltr'>Συντε-</span> 
     </span>
    </p>
   </div>
   <div class='ocr_carea' id='block_1_35' title="bbox 220 1603 1009 1641">
    <p class='ocr_par' dir='ltr' id='par_1_35' title="bbox 220 1603 1009 1641">
     <span class='ocr_line' id='line_1_35' title="bbox 220 1603 1009 1641; baseline -0.004 -9"><span class='ocrx_word' id='word_1_252' title='bbox 220 1603 337 1632; x_wconf 75' lang='grc' dir='ltr'>λὲσαντα</span> <span class='ocrx_word' id='word_1_253' title='bbox 355 1605 383 1632; x_wconf 79' lang='grc' dir='ltr'>δὲ</span> <span class='ocrx_word' id='word_1_254' title='bbox 402 1604 432 1632; x_wconf 79' lang='grc' dir='ltr'><strong>τὸ</strong></span> <span class='ocrx_word' id='word_1_255' title='bbox 448 1605 519 1641; x_wconf 76' lang='grc' dir='ltr'>ἱερὸν</span> <span class='ocrx_word' id='word_1_256' title='bbox 539 1605 586 1631; x_wconf 82' lang='grc' dir='ltr'>καὶ</span> <span class='ocrx_word' id='word_1_257' title='bbox 607 1604 657 1640; x_wconf 76' lang='grc' dir='ltr'>τὴν</span> <span class='ocrx_word' id='word_1_258' title='bbox 671 1604 747 1631; x_wconf 82' lang='grc' dir='ltr'>πόλιν</span> <span class='ocrx_word' id='word_1_259' title='bbox 770 1603 941 1639; x_wconf 86' lang='grc' dir='ltr'>τειχίσαντα,</span> <span class='ocrx_word' id='word_1_260' title='bbox 967 1603 1009 1629; x_wconf 79' lang='grc' dir='ltr'><strong>ὲλ-</strong></span> 
     </span>
    </p>
   </div>
   <div class='ocr_carea' id='block_1_36' title="bbox 222 1648 1010 1686">
    <p class='ocr_par' dir='ltr' id='par_1_36' title="bbox 222 1648 1010 1686">
     <span class='ocr_line' id='line_1_36' title="bbox 222 1648 1010 1686; baseline -0.004 -9"><span class='ocrx_word' id='word_1_261' title='bbox 222 1651 280 1677; x_wconf 82' lang='grc' dir='ltr'><strong>θεῖν</strong></span> <span class='ocrx_word' id='word_1_262' title='bbox 291 1651 332 1682; x_wconf 80' lang='grc' dir='ltr'><strong>εἰς</strong></span> <span class='ocrx_word' id='word_1_263' title='bbox 342 1650 451 1686; x_wconf 88' lang='grc' dir='ltr'><strong>Σηλὼμ,</strong></span> <span class='ocrx_word' id='word_1_264' title='bbox 467 1651 515 1676; x_wconf 75' lang='grc' dir='ltr'><strong>καὶ</strong></span> <span class='ocrx_word' id='word_1_265' title='bbox 531 1649 626 1676; x_wconf 80' lang='grc' dir='ltr'>Θυσίαν</span> <span class='ocrx_word' id='word_1_266' title='bbox 655 1649 693 1685; x_wconf 79' lang='grc' dir='ltr'>τῷ</span> <span class='ocrx_word' id='word_1_267' title='bbox 712 1649 772 1684; x_wconf 88' lang='grc' dir='ltr'><strong>Θεῷ</strong></span> <span class='ocrx_word' id='word_1_268' title='bbox 791 1650 831 1680; x_wconf 80' lang='grc' dir='ltr'>είς</span> <span class='ocrx_word' id='word_1_269' title='bbox 853 1648 1010 1684; x_wconf 78' lang='grc' dir='ltr'>ὁλοκάρπω-</span> 
     </span>
    </p>
   </div>
   <div class='ocr_carea' id='block_1_37' title="bbox 222 1694 1009 1732">
    <p class='ocr_par' dir='ltr' id='par_1_37' title="bbox 222 1694 1009 1732">
     <span class='ocr_line' id='line_1_37' title="bbox 222 1694 1009 1732; baseline -0.003 -9"><span class='ocrx_word' id='word_1_270' title='bbox 222 1705 265 1724; x_wconf 86' lang='grc' dir='ltr'><strong>σιν</strong></span> <span class='ocrx_word' id='word_1_271' title='bbox 283 1697 478 1732; x_wconf 84' lang='grc' dir='ltr'>προσαγαγεῖν,</span> <span class='ocrx_word' id='word_1_272' title='bbox 497 1695 560 1731; x_wconf 82' lang='grc' dir='ltr'><strong>βοῦς</strong></span> <span class='ocrx_word' id='word_1_273' title='bbox 574 1695 685 1731; x_wconf 84' lang='grc' dir='ltr'><strong>χιλίους.</strong></span> <span class='ocrx_word' id='word_1_274' title='bbox 700 1696 823 1722; x_wconf 80' lang='grc' dir='ltr'>Λαὸόντα</span> <span class='ocrx_word' id='word_1_275' title='bbox 841 1694 869 1721; x_wconf 84' lang='grc' dir='ltr'>δὲ</span> <span class='ocrx_word' id='word_1_276' title='bbox 883 1694 930 1730; x_wconf 81' lang='grc' dir='ltr'><strong>τὴν</strong></span> <span class='ocrx_word' id='word_1_277' title='bbox 943 1702 1009 1730; x_wconf 78' lang='grc' dir='ltr'>σκη-</span> 
     </span>
    </p>
   </div>
   <div class='ocr_carea' id='block_1_38' title="bbox 221 1741 1010 1779">
    <p class='ocr_par' dir='ltr' id='par_1_38' title="bbox 221 1741 1010 1779">
     <span class='ocr_line' id='line_1_38' title="bbox 221 1741 1010 1779; baseline -0.004 -9"><span class='ocrx_word' id='word_1_278' title='bbox 221 1744 273 1779; x_wconf 75' lang='grc' dir='ltr'>νὴν</span> <span class='ocrx_word' id='word_1_279' title='bbox 287 1743 336 1771; x_wconf 76' lang='grc' dir='ltr'>καὶ</span> <span class='ocrx_word' id='word_1_280' title='bbox 351 1743 381 1770; x_wconf 76' lang='grc' dir='ltr'>τὺ</span> <span class='ocrx_word' id='word_1_281' title='bbox 399 1743 600 1778; x_wconf 75' lang='grc' dir='ltr'><strong>θυσιαστήριον,</strong></span> <span class='ocrx_word' id='word_1_282' title='bbox 621 1743 714 1770; x_wconf 75' lang='grc' dir='ltr'>καὶτὰ</span> <span class='ocrx_word' id='word_1_283' title='bbox 734 1742 819 1777; x_wconf 84' lang='grc' dir='ltr'>σκεύη</span> <span class='ocrx_word' id='word_1_284' title='bbox 830 1762 838 1774; x_wconf 92' lang='grc'><strong>,</strong></span> <span class='ocrx_word' id='word_1_285' title='bbox 858 1741 876 1769; x_wconf 76' lang='grc' dir='ltr'>ἃ</span> <span class='ocrx_word' id='word_1_286' title='bbox 899 1742 1010 1777; x_wconf 77' lang='grc' dir='ltr'>ἐποίησε</span> 
     </span>
    </p>
   </div>
   <div class='ocr_carea' id='block_1_39' title="bbox 223 1787 1012 1825">
    <p class='ocr_par' dir='ltr' id='par_1_39' title="bbox 223 1787 1012 1825">
     <span class='ocr_line' id='line_1_39' title="bbox 223 1787 1012 1825; baseline -0.004 -9"><span class='ocrx_word' id='word_1_287' title='bbox 223 1789 339 1825; x_wconf 82' lang='grc' dir='ltr'><strong>Μωσῆς,</strong></span> <span class='ocrx_word' id='word_1_288' title='bbox 361 1790 401 1820; x_wconf 79' lang='grc' dir='ltr'>εἰς</span> <span class='ocrx_word' id='word_1_289' title='bbox 417 1788 591 1825; x_wconf 83' lang='grc' dir='ltr'>Ἱεροσόλυμα</span> <span class='ocrx_word' id='word_1_290' title='bbox 614 1790 735 1823; x_wconf 76' lang='grc' dir='ltr'><strong>ἐνεγκεῖν</strong></span> <span class='ocrx_word' id='word_1_291' title='bbox 745 1809 752 1821; x_wconf 85' lang='grc'><strong>,</strong></span> <span class='ocrx_word' id='word_1_292' title='bbox 784 1788 832 1815; x_wconf 64' lang='grc' dir='ltr'><strong>καί⁸</strong></span> <span class='ocrx_word' id='word_1_293' title='bbox 849 1789 877 1815; x_wconf 79' lang='grc' dir='ltr'>ὲν</span> <span class='ocrx_word' id='word_1_294' title='bbox 890 1788 929 1824; x_wconf 84' lang='grc' dir='ltr'>τῷ</span> <span class='ocrx_word' id='word_1_295' title='bbox 945 1787 1012 1822; x_wconf 77' lang='grc' dir='ltr'>οἴκῳ</span> 
     </span>
    </p>
   </div>
   <div class='ocr_carea' id='block_1_40' title="bbox 223 1833 1010 1871">
    <p class='ocr_par' dir='ltr' id='par_1_40' title="bbox 223 1833 1010 1871">
     <span class='ocr_line' id='line_1_40' title="bbox 223 1833 1010 1871; baseline -0.004 -9"><span class='ocrx_word' id='word_1_296' title='bbox 223 1833 321 1862; x_wconf 81' lang='grc' dir='ltr'>θεῖναι.</span> <span class='ocrx_word' id='word_1_297' title='bbox 338 1834 395 1862; x_wconf 79' lang='grc' dir='ltr'><strong>Καὶ</strong></span> <span class='ocrx_word' id='word_1_298' title='bbox 415 1835 465 1871; x_wconf 83' lang='grc' dir='ltr'>τὴν</span> <span class='ocrx_word' id='word_1_299' title='bbox 491 1834 607 1862; x_wconf 79' lang='grc' dir='ltr'>κιεωτδν</span> <span class='ocrx_word' id='word_1_300' title='bbox 621 1835 649 1861; x_wconf 80' lang='grc' dir='ltr'>δὲ</span> <span class='ocrx_word' id='word_1_301' title='bbox 666 1834 771 1861; x_wconf 76' lang='grc' dir='ltr'>καὶτὸν</span> <span class='ocrx_word' id='word_1_302' title='bbox 784 1834 875 1869; x_wconf 80' lang='grc' dir='ltr'>βωμὸν</span> <span class='ocrx_word' id='word_1_303' title='bbox 887 1833 930 1860; x_wconf 78' lang='grc' dir='ltr'>τὸν</span> <span class='ocrx_word' id='word_1_304' title='bbox 944 1842 1010 1869; x_wconf 89' lang='grc' dir='ltr'>χρυ-</span> 
     </span>
    </p>
   </div>
   <div class='ocr_carea' id='block_1_41' title="bbox 225 1878 1013 1916">
    <p class='ocr_par' dir='ltr' id='par_1_41' title="bbox 225 1878 1013 1916">
     <span class='ocr_line' id='line_1_41' title="bbox 225 1878 1013 1916; baseline -0.003 -9"><span class='ocrx_word' id='word_1_305' title='bbox 225 1880 299 1913; x_wconf 76' lang='grc' dir='ltr'>σοῦν,</span> <span class='ocrx_word' id='word_1_306' title='bbox 322 1880 369 1907; x_wconf 73' lang='grc' dir='ltr'>καὶ</span> <span class='ocrx_word' id='word_1_307' title='bbox 393 1880 442 1916; x_wconf 85' lang='grc' dir='ltr'><strong>τὴν</strong></span> <span class='ocrx_word' id='word_1_308' title='bbox 467 1880 593 1916; x_wconf 83' lang='grc' dir='ltr'>λυχνίαν,</span> <span class='ocrx_word' id='word_1_309' title='bbox 612 1880 659 1907; x_wconf 78' lang='grc' dir='ltr'>καὶ</span> <span class='ocrx_word' id='word_1_310' title='bbox 676 1879 725 1916; x_wconf 85' lang='grc' dir='ltr'>τὴν</span> <span class='ocrx_word' id='word_1_311' title='bbox 742 1879 891 1915; x_wconf 79' lang='grc' dir='ltr'>τράπεζαν,</span> <span class='ocrx_word' id='word_1_312' title='bbox 915 1880 962 1906; x_wconf 81' lang='grc' dir='ltr'>καὶ</span> <span class='ocrx_word' id='word_1_313' title='bbox 978 1878 1013 1905; x_wconf 71' lang='grc' dir='ltr'>τὰ</span> 
     </span>
    </p>
   </div>
   <div class='ocr_carea' id='block_1_42' title="bbox 224 1924 1012 1962">
    <p class='ocr_par' dir='ltr' id='par_1_42' title="bbox 224 1924 1012 1962">
     <span class='ocr_line' id='line_1_42' title="bbox 224 1924 1012 1962; baseline -0.001 -9"><span class='ocrx_word' id='word_1_314' title='bbox 224 1924 292 1953; x_wconf 73' lang='grc' dir='ltr'>ἄλλα</span> <span class='ocrx_word' id='word_1_315' title='bbox 321 1925 404 1962; x_wconf 76' lang='grc' dir='ltr'>σκεύη</span> <span class='ocrx_word' id='word_1_316' title='bbox 433 1926 492 1952; x_wconf 77' lang='grc' dir='ltr'>ἐκεῖ</span> <span class='ocrx_word' id='word_1_317' title='bbox 517 1925 719 1957; x_wconf 76' lang='grc' dir='ltr'>κατατίθεσθαι,</span> <span class='ocrx_word' id='word_1_318' title='bbox 749 1925 839 1957; x_wconf 83' lang='grc' dir='ltr'>καθὼς</span> <span class='ocrx_word' id='word_1_319' title='bbox 863 1925 1012 1960; x_wconf 78' lang='grc' dir='ltr'>προστάξαι</span> 
     </span>
    </p>
   </div>
   <div class='ocr_carea' id='block_1_43' title="bbox 227 1971 1012 2009">
    <p class='ocr_par' dir='ltr' id='par_1_43' title="bbox 227 1971 1012 2009">
     <span class='ocr_line' id='line_1_43' title="bbox 227 1971 1012 2009; baseline -0.001 -10"><span class='ocrx_word' id='word_1_320' title='bbox 227 1971 302 2008; x_wconf 82' lang='grc' dir='ltr'>αὐτῷ</span> <span class='ocrx_word' id='word_1_321' title='bbox 320 1972 365 1999; x_wconf 83' lang='grc' dir='ltr'>τὸν</span> <span class='ocrx_word' id='word_1_322' title='bbox 376 1973 527 2009; x_wconf 78' lang='grc' dir='ltr'>προφήτην.</span> <span class='ocrx_word' id='word_1_323' title='bbox 548 1973 737 2008; x_wconf 85' lang='grc' dir='ltr'>Προσαγαγεῐν</span> <span class='ocrx_word' id='word_1_324' title='bbox 751 1972 779 1998; x_wconf 85' lang='grc' dir='ltr'>δὲ</span> <span class='ocrx_word' id='word_1_325' title='bbox 795 1972 833 2007; x_wconf 82' lang='grc' dir='ltr'><strong>τῷ</strong></span> <span class='ocrx_word' id='word_1_326' title='bbox 845 1972 904 2006; x_wconf 83' lang='grc' dir='ltr'>Θεῷ</span> <span class='ocrx_word' id='word_1_327' title='bbox 918 1971 1012 1998; x_wconf 77' lang='grc' dir='ltr'>θυσίαν</span> 
     </span>
    </p>
   </div>
   <div class='ocr_carea' id='block_1_44' title="bbox 227 2017 1013 2054">
    <p class='ocr_par' dir='ltr' id='par_1_44' title="bbox 227 2017 1013 2054">
     <span class='ocr_line' id='line_1_44' title="bbox 227 2017 1013 2054; baseline -0.003 -10"><span class='ocrx_word' id='word_1_328' title='bbox 227 2018 337 2054; x_wconf 82' lang='grc' dir='ltr'>μυρίαν,</span> <span class='ocrx_word' id='word_1_329' title='bbox 353 2018 478 2053; x_wconf 74' lang='grc' dir='ltr'>πρόϐατα</span> <span class='ocrx_word' id='word_1_330' title='bbox 493 2018 619 2054; x_wconf 85' lang='grc' dir='ltr'>δισχίλια.</span> <span class='ocrx_word' id='word_1_331' title='bbox 634 2017 749 2053; x_wconf 85' lang='grc' dir='ltr'><strong>μόσχους</strong></span> <span class='ocrx_word' id='word_1_332' title='bbox 768 2017 931 2053; x_wconf 80' lang='grc' dir='ltr'>τρισχιλίους</span> <span class='ocrx_word' id='word_1_333' title='bbox 948 2026 1013 2043; x_wconf 84' lang='grc' dir='ltr'>πεν-</span> 
     </span>
    </p>
   </div>
   <div class='ocr_carea' id='block_1_45' title="bbox 226 2063 1013 2100">
    <p class='ocr_par' dir='ltr' id='par_1_45' title="bbox 226 2063 1013 2100">
     <span class='ocr_line' id='line_1_45' title="bbox 226 2063 1013 2100; baseline -0.003 -9"><span class='ocrx_word' id='word_1_334' title='bbox 226 2064 380 2096; x_wconf 72' lang='grc' dir='ltr'>τακοσίους.</span> <span class='ocrx_word' id='word_1_335' title='bbox 406 2063 442 2090; x_wconf 87' lang='grc' dir='ltr'><strong>Τὸ</strong></span> <span class='ocrx_word' id='word_1_336' title='bbox 466 2064 494 2090; x_wconf 84' lang='grc' dir='ltr'>δὲ</span> <span class='ocrx_word' id='word_1_337' title='bbox 512 2064 623 2100; x_wconf 69' lang='grc' dir='ltr'>σύμπαν</span> <span class='ocrx_word' id='word_1_338' title='bbox 641 2063 761 2100; x_wconf 86' lang='grc' dir='ltr'>χρυσίον,</span> <span class='ocrx_word' id='word_1_339' title='bbox 786 2064 816 2090; x_wconf 79' lang='grc' dir='ltr'><strong>τὸ</strong></span> <span class='ocrx_word' id='word_1_340' title='bbox 831 2064 870 2093; x_wconf 70' lang='grc' dir='ltr'><strong>εἰς</strong></span> <span class='ocrx_word' id='word_1_341' title='bbox 882 2064 945 2094; x_wconf 71' lang='grc' dir='ltr'>τοὺς</span> <span class='ocrx_word' id='word_1_342' title='bbox 968 2063 1013 2090; x_wconf 69' lang='grc' dir='ltr'><strong>δύο</strong></span> 
     </span>
    </p>
   </div>
   <div class='ocr_carea' id='block_1_46' title="bbox 213 2107 1015 2146">
    <p class='ocr_par' dir='ltr' id='par_1_46' title="bbox 213 2107 1015 2146">
     <span class='ocr_line' id='line_1_46' title="bbox 213 2107 1015 2146; baseline -0.004 -8"><span class='ocrx_word' id='word_1_343' title='bbox 213 2110 341 2143; x_wconf 77' lang='grc' dir='ltr'><strong>,στύλους</strong></span> <span class='ocrx_word' id='word_1_344' title='bbox 365 2111 412 2138; x_wconf 78' lang='grc' dir='ltr'>καὶ</span> <span class='ocrx_word' id='word_1_345' title='bbox 436 2111 482 2138; x_wconf 72' lang='grc' dir='ltr'><strong>τδν</strong></span> <span class='ocrx_word' id='word_1_346' title='bbox 496 2110 559 2138; x_wconf 85' lang='grc' dir='ltr'>ναὺν</span> <span class='ocrx_word' id='word_1_347' title='bbox 582 2110 786 2146; x_wconf 83' lang='grc' dir='ltr'>καταχρησθὲν,</span> <span class='ocrx_word' id='word_1_348' title='bbox 810 2107 878 2136; x_wconf 77' lang='grc' dir='ltr'>εἶναι</span> <span class='ocrx_word' id='word_1_349' title='bbox 897 2110 1015 2136; x_wconf 57' lang='grc' dir='ltr'>τάλαντα.</span> 
     </span>
    </p>
   </div>
   <div class='ocr_carea' id='block_1_47' title="bbox 231 2156 1015 2193">
    <p class='ocr_par' dir='ltr' id='par_1_47' title="bbox 231 2156 1015 2193">
     <span class='ocr_line' id='line_1_47' title="bbox 231 2156 1015 2193; baseline 0.001 -10"><span class='ocrx_word' id='word_1_350' title='bbox 231 2157 369 2193; x_wconf 82' lang='grc' dir='ltr'>μυριάδων</span> <span class='ocrx_word' id='word_1_351' title='bbox 380 2156 429 2190; x_wconf 68' lang='grc' dir='ltr'>υξ,</span> <span class='ocrx_word' id='word_1_352' title='bbox 447 2158 486 2189; x_wconf 84' lang='grc' dir='ltr'><strong>είς</strong></span> <span class='ocrx_word' id='word_1_353' title='bbox 497 2157 525 2184; x_wconf 79' lang='grc' dir='ltr'>δὲ</span> <span class='ocrx_word' id='word_1_354' title='bbox 541 2158 603 2188; x_wconf 76' lang='grc' dir='ltr'>τοὺς</span> <span class='ocrx_word' id='word_1_355' title='bbox 613 2157 694 2192; x_wconf 76' lang='grc' dir='ltr'>ἥλους</span> <span class='ocrx_word' id='word_1_356' title='bbox 708 2156 755 2183; x_wconf 71' lang='grc' dir='ltr'>καὶ</span> <span class='ocrx_word' id='word_1_357' title='bbox 771 2156 820 2191; x_wconf 75' lang='grc' dir='ltr'><strong>τὴν</strong></span> <span class='ocrx_word' id='word_1_358' title='bbox 837 2156 918 2191; x_wconf 72' lang='grc' dir='ltr'>ἄλλην</span> <span class='ocrx_word' id='word_1_359' title='bbox 935 2165 1015 2184; x_wconf 79' lang='grc' dir='ltr'>κατα·</span> 
     </span>
    </p>
   </div>
   <div class='ocr_carea' id='block_1_48' title="bbox 229 2201 1015 2238">
    <p class='ocr_par' dir='ltr' id='par_1_48' title="bbox 229 2201 1015 2238">
     <span class='ocr_line' id='line_1_48' title="bbox 229 2201 1015 2238; baseline -0.003 -10"><span class='ocrx_word' id='word_1_360' title='bbox 229 2201 330 2238; x_wconf 72' lang='grc' dir='ltr'>σκευὴν</span> <span class='ocrx_word' id='word_1_361' title='bbox 344 2202 474 2238; x_wconf 77' lang='grc' dir='ltr'>ἀργυρίου</span> <span class='ocrx_word' id='word_1_362' title='bbox 490 2201 607 2228; x_wconf 82' lang='grc' dir='ltr'>τάλαντα</span> <span class='ocrx_word' id='word_1_363' title='bbox 619 2201 692 2236; x_wconf 86' lang='grc' dir='ltr'>χίλια</span> <span class='ocrx_word' id='word_1_364' title='bbox 714 2201 836 2228; x_wconf 75' lang='grc' dir='ltr'>διακόσια</span> <span class='ocrx_word' id='word_1_365' title='bbox 857 2209 1015 2236; x_wconf 83' lang='grc' dir='ltr'>τριακοντα-</span> 
     </span>
    </p>
   </div>
   <div class='ocr_carea' id='block_1_49' title="bbox 1061 272 1845 308">
    <p class='ocr_par' dir='ltr' id='par_1_49' title="bbox 1061 272 1845 308">
     <span class='ocr_line' id='line_1_49' title="bbox 1061 272 1845 308; baseline 0 -8"><span class='ocrx_word' id='word_1_366' title='bbox 1061 273 1129 300; x_wconf 77' lang='lat' dir='ltr'><strong>ravit</strong></span> <span class='ocrx_word' id='word_1_367' title='bbox 1139 294 1146 304; x_wconf 85' lang='lat'><strong>,</strong></span> <span class='ocrx_word' id='word_1_368' title='bbox 1160 273 1249 308; x_wconf 91' lang='lat' dir='ltr'><strong>pondo</strong></span> <span class='ocrx_word' id='word_1_369' title='bbox 1261 272 1366 308; x_wconf 83' lang='lat' dir='ltr'><strong>singula</strong></span> <span class='ocrx_word' id='word_1_370' title='bbox 1384 273 1516 301; x_wconf 88' lang='lat' dir='ltr'><strong>talentum</strong></span> <span class='ocrx_word' id='word_1_371' title='bbox 1523 273 1626 306; x_wconf 82' lang='lat' dir='ltr'><strong>decem,</strong></span> <span class='ocrx_word' id='word_1_372' title='bbox 1643 281 1703 308; x_wconf 58' lang='lat' dir='ltr'><strong>quae</strong></span> <span class='ocrx_word' id='word_1_373' title='bbox 1717 274 1749 301; x_wconf 76' lang='lat' dir='ltr'><strong>ad</strong></span> <span class='ocrx_word' id='word_1_374' title='bbox 1763 274 1845 306; x_wconf 74' lang='lat' dir='ltr'><strong>illius,</strong></span> 
     </span>
    </p>
   </div>
   <div class='ocr_carea' id='block_1_50' title="bbox 1061 318 1847 354">
    <p class='ocr_par' dir='ltr' id='par_1_50' title="bbox 1061 318 1847 354">
     <span class='ocr_line' id='line_1_50' title="bbox 1061 318 1847 354; baseline 0.001 -8"><span class='ocrx_word' id='word_1_375' title='bbox 1061 320 1131 354; x_wconf 87' lang='lat' dir='ltr'><strong>quod</strong></span> <span class='ocrx_word' id='word_1_376' title='bbox 1149 320 1175 346; x_wconf 90' lang='lat' dir='ltr'><strong>in</strong></span> <span class='ocrx_word' id='word_1_377' title='bbox 1196 319 1374 346; x_wconf 89' lang='lat' dir='ltr'><strong>tabernaculo</strong></span> <span class='ocrx_word' id='word_1_378' title='bbox 1386 318 1701 347; x_wconf 85' lang='lat' dir='ltr'><strong>testimoniicollocatum</strong></span> <span class='ocrx_word' id='word_1_379' title='bbox 1722 327 1737 347; x_wconf 89' lang='lat' dir='ltr'><strong>a</strong></span> <span class='ocrx_word' id='word_1_380' title='bbox 1755 318 1847 354; x_wconf 80' lang='lat' dir='ltr'><strong>Moyse</strong></span> 
     </span>
    </p>
   </div>
   <div class='ocr_carea' id='block_1_51' title="bbox 1062 364 1848 400">
    <p class='ocr_par' dir='ltr' id='par_1_51' title="bbox 1062 364 1848 400">
     <span class='ocr_line' id='line_1_51' title="bbox 1062 364 1848 400; baseline -0.001 -8"><span class='ocrx_word' id='word_1_381' title='bbox 1062 366 1165 398; x_wconf 83' lang='lat' dir='ltr'><strong>fuerat,</strong></span> <span class='ocrx_word' id='word_1_382' title='bbox 1179 366 1317 400; x_wconf 76' lang='lat' dir='ltr'><strong>exemplar</strong></span> <span class='ocrx_word' id='word_1_383' title='bbox 1339 365 1483 400; x_wconf 81' lang='lat' dir='ltr'><strong>expressit.</strong></span> <span class='ocrx_word' id='word_1_384' title='bbox 1494 364 1563 400; x_wconf 59' lang='lat' dir='ltr'><strong>dixre</strong></span> <span class='ocrx_word' id='word_1_385' title='bbox 1584 369 1698 400; x_wconf 87' lang='lat' dir='ltr'><strong>utraque</strong></span> <span class='ocrx_word' id='word_1_386' title='bbox 1721 365 1848 393; x_wconf 74' lang='lat' dir='ltr'><strong>similiter</strong></span> 
     </span>
    </p>
   </div>
   <div class='ocr_carea' id='block_1_52' title="bbox 1059 411 1846 446">
    <p class='ocr_par' dir='ltr' id='par_1_52' title="bbox 1059 411 1846 446">
     <span class='ocr_line' id='line_1_52' title="bbox 1059 411 1846 446; baseline -0.001 -7"><span class='ocrx_word' id='word_1_387' title='bbox 1059 412 1124 439; x_wconf 75' lang='lat' dir='ltr'><strong>aedis</strong></span> <span class='ocrx_word' id='word_1_388' title='bbox 1136 420 1169 438; x_wconf 79' lang='lat' dir='ltr'><strong>ex</strong></span> <span class='ocrx_word' id='word_1_389' title='bbox 1187 417 1262 446; x_wconf 84' lang='lat' dir='ltr'><strong>parte</strong></span> <span class='ocrx_word' id='word_1_390' title='bbox 1274 411 1431 441; x_wconf 76' lang='lat' dir='ltr'><strong>constituta.</strong></span> <span class='ocrx_word' id='word_1_391' title='bbox 1444 411 1477 438; x_wconf 86' lang='lat' dir='ltr'><strong>ad</strong></span> <span class='ocrx_word' id='word_1_392' title='bbox 1494 411 1632 438; x_wconf 79' lang='lat' dir='ltr'><strong>dexteram</strong></span> <span class='ocrx_word' id='word_1_393' title='bbox 1651 411 1704 438; x_wconf 86' lang='lat' dir='ltr'><strong>alia</strong></span> <span class='ocrx_word' id='word_1_394' title='bbox 1715 431 1722 443; x_wconf 86' lang='lat'><strong>,</strong></span> <span class='ocrx_word' id='word_1_395' title='bbox 1744 411 1796 438; x_wconf 82' lang='lat' dir='ltr'><strong>alia</strong></span> <span class='ocrx_word' id='word_1_396' title='bbox 1812 411 1846 438; x_wconf 91' lang='lat' dir='ltr'><strong>ad</strong></span> 
     </span>
    </p>
   </div>
   <div class='ocr_carea' id='block_1_53' title="bbox 1060 456 1846 491">
    <p class='ocr_par' dir='ltr' id='par_1_53' title="bbox 1060 456 1846 491">
     <span class='ocr_line' id='line_1_53' title="bbox 1060 456 1846 491; baseline 0 -8"><span class='ocrx_word' id='word_1_397' title='bbox 1060 457 1216 489; x_wconf 88' lang='lat' dir='ltr'><strong>sinistram,</strong></span> <span class='ocrx_word' id='word_1_398' title='bbox 1230 457 1381 491; x_wconf 72' lang='lat' dir='ltr'><strong>additzeque</strong></span> <span class='ocrx_word' id='word_1_399' title='bbox 1391 456 1605 483; x_wconf 66' lang='lat' dir='ltr'><strong>aurea-lucernae</strong></span> <span class='ocrx_word' id='word_1_400' title='bbox 1617 457 1798 491; x_wconf 73' lang='lat' dir='ltr'><strong>septuaginta,</strong></span> <span class='ocrx_word' id='word_1_401' title='bbox 1816 461 1846 483; x_wconf 89' lang='lat' dir='ltr'><strong>ut</strong></span> 
     </span>
    </p>
   </div>
   <div class='ocr_carea' id='block_1_54' title="bbox 1059 502 1843 538">
    <p class='ocr_par' dir='ltr' id='par_1_54' title="bbox 1059 502 1843 538">
     <span class='ocr_line' id='line_1_54' title="bbox 1059 502 1843 538; baseline -0.003 -8"><span class='ocrx_word' id='word_1_402' title='bbox 1059 508 1160 538; x_wconf 79' lang='lat' dir='ltr'><strong>aeptem</strong></span> <span class='ocrx_word' id='word_1_403' title='bbox 1196 511 1325 530; x_wconf 88' lang='lat' dir='ltr'><strong>accensas</strong></span> <span class='ocrx_word' id='word_1_404' title='bbox 1347 503 1508 530; x_wconf 84' lang='lat' dir='ltr'><strong>candelabra</strong></span> <span class='ocrx_word' id='word_1_405' title='bbox 1537 503 1641 538; x_wconf 80' lang='lat' dir='ltr'><strong>singula</strong></span> <span class='ocrx_word' id='word_1_406' title='bbox 1668 502 1843 530; x_wconf 88' lang='lat' dir='ltr'><strong>sustinerent.</strong></span> 
     </span>
    </p>
   </div>
   <div class='ocr_carea' id='block_1_55' title="bbox 1061 547 1846 584">
    <p class='ocr_par' dir='ltr' id='par_1_55' title="bbox 1061 547 1846 584">
     <span class='ocr_line' id='line_1_55' title="bbox 1061 547 1846 584; baseline -0.003 -8"><span class='ocrx_word' id='word_1_407' title='bbox 1061 549 1164 584; x_wconf 80' lang='lat' dir='ltr'><strong>Templi</strong></span> <span class='ocrx_word' id='word_1_408' title='bbox 1176 557 1285 584; x_wconf 86' lang='lat' dir='ltr'><strong>quoque</strong></span> <span class='ocrx_word' id='word_1_409' title='bbox 1301 549 1392 576; x_wconf 77' lang='lat' dir='ltr'><strong>valvas</strong></span> <span class='ocrx_word' id='word_1_410' title='bbox 1410 556 1476 577; x_wconf 87' lang='lat' dir='ltr'><strong>auro</strong></span> <span class='ocrx_word' id='word_1_411' title='bbox 1488 554 1653 584; x_wconf 84' lang='lat' dir='ltr'><strong>argentoque</strong></span> <span class='ocrx_word' id='word_1_412' title='bbox 1669 549 1749 580; x_wconf 72' lang='lat' dir='ltr'><strong>texit,</strong></span> <span class='ocrx_word' id='word_1_413' title='bbox 1759 547 1846 574; x_wconf 80' lang='lat' dir='ltr'><strong>forni-</strong></span> 
     </span>
    </p>
   </div>
   <div class='ocr_carea' id='block_1_56' title="bbox 1060 593 1846 630">
    <p class='ocr_par' dir='ltr' id='par_1_56' title="bbox 1060 593 1846 630">
     <span class='ocr_line' id='line_1_56' title="bbox 1060 593 1846 630; baseline -0.003 -8"><span class='ocrx_word' id='word_1_414' title='bbox 1060 602 1173 629; x_wconf 83' lang='lat' dir='ltr'><strong>cemque</strong></span> <span class='ocrx_word' id='word_1_415' title='bbox 1192 595 1308 629; x_wconf 73' lang='lat' dir='ltr'><strong>desuper</strong></span> <span class='ocrx_word' id='word_1_416' title='bbox 1324 595 1442 622; x_wconf 90' lang='lat' dir='ltr'><strong>cedrinis</strong></span> <span class='ocrx_word' id='word_1_417' title='bbox 1466 603 1498 622; x_wconf 90' lang='lat' dir='ltr'><strong>ac</strong></span> <span class='ocrx_word' id='word_1_418' title='bbox 1509 594 1673 630; x_wconf 73' lang='lat' dir='ltr'><strong>eyprcssinis</strong></span> <span class='ocrx_word' id='word_1_419' title='bbox 1692 602 1725 621; x_wconf 75' lang='lat' dir='ltr'><strong>ex</strong></span> <span class='ocrx_word' id='word_1_420' title='bbox 1748 593 1846 621; x_wconf 79' lang='lat' dir='ltr'><strong>tabulis</strong></span> 
     </span>
    </p>
   </div>
   <div class='ocr_carea' id='block_1_57' title="bbox 1060 639 1846 675">
    <p class='ocr_par' dir='ltr' id='par_1_57' title="bbox 1060 639 1846 675">
     <span class='ocr_line' id='line_1_57' title="bbox 1060 639 1846 675; baseline -0.001 -9"><span class='ocrx_word' id='word_1_421' title='bbox 1060 640 1187 668; x_wconf 81' lang='lat' dir='ltr'><strong>sinuavit.</strong></span> <span class='ocrx_word' id='word_1_422' title='bbox 1201 640 1260 667; x_wconf 87' lang='lat' dir='ltr'><strong>Jam</strong></span> <span class='ocrx_word' id='word_1_423' title='bbox 1284 640 1316 667; x_wconf 87' lang='lat' dir='ltr'><strong>ad</strong></span> <span class='ocrx_word' id='word_1_424' title='bbox 1338 640 1574 675; x_wconf 87' lang='lat' dir='ltr'><strong>septentrionalem</strong></span> <span class='ocrx_word' id='word_1_425' title='bbox 1598 639 1662 667; x_wconf 69' lang='lat' dir='ltr'><strong>tedis</strong></span> <span class='ocrx_word' id='word_1_426' title='bbox 1679 644 1783 675; x_wconf 87' lang='lat' dir='ltr'><strong>partctn</strong></span> <span class='ocrx_word' id='word_1_427' title='bbox 1803 639 1846 666; x_wconf 90' lang='lat' dir='ltr'><strong>in-</strong></span> 
     </span>
    </p>
   </div>
   <div class='ocr_carea' id='block_1_58' title="bbox 1059 685 1846 722">
    <p class='ocr_par' dir='ltr' id='par_1_58' title="bbox 1059 685 1846 722">
     <span class='ocr_line' id='line_1_58' title="bbox 1059 685 1846 722; baseline -0.001 -9"><span class='ocrx_word' id='word_1_428' title='bbox 1059 691 1164 722; x_wconf 80' lang='lat' dir='ltr'><strong>gentem</strong></span> <span class='ocrx_word' id='word_1_429' title='bbox 1195 687 1328 722; x_wconf 74' lang='lat' dir='ltr'><strong>portieum</strong></span> <span class='ocrx_word' id='word_1_430' title='bbox 1349 687 1468 721; x_wconf 84' lang='lat' dir='ltr'><strong>aperuit.</strong></span> <span class='ocrx_word' id='word_1_431' title='bbox 1493 685 1628 713; x_wconf 77' lang='lat' dir='ltr'><strong>columnis</strong></span> <span class='ocrx_word' id='word_1_432' title='bbox 1647 686 1724 713; x_wconf 60' lang='lat' dir='ltr'><strong>aereis</strong></span> <span class='ocrx_word' id='word_1_433' title='bbox 1745 689 1806 712; x_wconf 82' lang='lat' dir='ltr'><strong>octo</strong></span> <span class='ocrx_word' id='word_1_434' title='bbox 1819 689 1846 712; x_wconf 87' lang='lat' dir='ltr'><strong>et</strong></span> 
     </span>
    </p>
   </div>
   <div class='ocr_carea' id='block_1_59' title="bbox 1059 731 1845 768">
    <p class='ocr_par' dir='ltr' id='par_1_59' title="bbox 1059 731 1845 768">
     <span class='ocr_line' id='line_1_59' title="bbox 1059 731 1845 768; baseline -0.001 -9"><span class='ocrx_word' id='word_1_435' title='bbox 1059 733 1238 768; x_wconf 74' lang='lat' dir='ltr'><strong>quadraginta</strong></span> <span class='ocrx_word' id='word_1_436' title='bbox 1272 732 1419 759; x_wconf 71' lang='lat' dir='ltr'><strong>suifultam.</strong></span> <span class='ocrx_word' id='word_1_437' title='bbox 1462 732 1579 759; x_wconf 87' lang='lat' dir='ltr'><strong>Labrum</strong></span> <span class='ocrx_word' id='word_1_438' title='bbox 1615 732 1678 758; x_wconf 88' lang='lat' dir='ltr'><strong>item</strong></span> <span class='ocrx_word' id='word_1_439' title='bbox 1721 731 1845 766; x_wconf 76' lang='lat' dir='ltr'><strong>adjunxit</strong></span> 
     </span>
    </p>
   </div>
   <div class='ocr_carea' id='block_1_60' title="bbox 1059 775 1844 814">
    <p class='ocr_par' dir='ltr' id='par_1_60' title="bbox 1059 775 1844 814">
     <span class='ocr_line' id='line_1_60' title="bbox 1059 775 1844 814; baseline -0.005 -8"><span class='ocrx_word' id='word_1_440' title='bbox 1059 787 1179 809; x_wconf 70' lang='lat' dir='ltr'><strong>:rneum.</strong></span> <span class='ocrx_word' id='word_1_441' title='bbox 1198 778 1375 814; x_wconf 80' lang='lat' dir='ltr'><strong>longitudinis</strong></span> <span class='ocrx_word' id='word_1_442' title='bbox 1391 778 1499 813; x_wconf 90' lang='lat' dir='ltr'><strong>quidem</strong></span> <span class='ocrx_word' id='word_1_443' title='bbox 1523 784 1555 804; x_wconf 89' lang='lat' dir='ltr'><strong>ac</strong></span> <span class='ocrx_word' id='word_1_444' title='bbox 1572 776 1722 804; x_wconf 83' lang='lat' dir='ltr'><strong>latitudinis</strong></span> <span class='ocrx_word' id='word_1_445' title='bbox 1738 775 1844 811; x_wconf 84' lang='lat' dir='ltr'><strong>viginti,</strong></span> 
     </span>
    </p>
   </div>
   <div class='ocr_carea' id='block_1_61' title="bbox 1059 822 1843 859">
    <p class='ocr_par' dir='ltr' id='par_1_61' title="bbox 1059 822 1843 859">
     <span class='ocr_line' id='line_1_61' title="bbox 1059 822 1843 859; baseline -0.005 -7"><span class='ocrx_word' id='word_1_446' title='bbox 1059 825 1209 852; x_wconf 78' lang='lat' dir='ltr'><strong>altitudinis</strong></span> <span class='ocrx_word' id='word_1_447' title='bbox 1233 831 1296 851; x_wconf 87' lang='lat' dir='ltr'><strong>vero</strong></span> <span class='ocrx_word' id='word_1_448' title='bbox 1318 824 1439 859; x_wconf 89' lang='lat' dir='ltr'><strong>quinque</strong></span> <span class='ocrx_word' id='word_1_449' title='bbox 1468 823 1599 850; x_wconf 81' lang='lat' dir='ltr'><strong>duntaxat</strong></span> <span class='ocrx_word' id='word_1_450' title='bbox 1611 822 1717 850; x_wconf 86' lang='lat' dir='ltr'><strong>cubitos</strong></span> <span class='ocrx_word' id='word_1_451' title='bbox 1731 822 1843 849; x_wconf 85' lang='lat' dir='ltr'><strong>habens.</strong></span> 
     </span>
    </p>
   </div>
   <div class='ocr_carea' id='block_1_62' title="bbox 1060 869 1845 904">
    <p class='ocr_par' dir='ltr' id='par_1_62' title="bbox 1060 869 1845 904">
     <span class='ocr_line' id='line_1_62' title="bbox 1060 869 1845 904; baseline -0.004 -7"><span class='ocrx_word' id='word_1_452' title='bbox 1060 870 1117 898; x_wconf 83' lang='lat' dir='ltr'><strong>Hoc</strong></span> <span class='ocrx_word' id='word_1_453' title='bbox 1135 870 1234 897; x_wconf 87' lang='lat' dir='ltr'><strong>limbus</strong></span> <span class='ocrx_word' id='word_1_454' title='bbox 1249 869 1359 904; x_wconf 90' lang='lat' dir='ltr'><strong>quidam</strong></span> <span class='ocrx_word' id='word_1_455' title='bbox 1372 869 1490 897; x_wconf 75' lang='lat' dir='ltr'><strong>exterius</strong></span> <span class='ocrx_word' id='word_1_456' title='bbox 1501 869 1534 896; x_wconf 84' lang='lat' dir='ltr'><strong>ad</strong></span> <span class='ocrx_word' id='word_1_457' title='bbox 1544 869 1664 896; x_wconf 92' lang='lat' dir='ltr'><strong>cubitum</strong></span> <span class='ocrx_word' id='word_1_458' title='bbox 1679 875 1763 895; x_wconf 87' lang='lat' dir='ltr'><strong>unum</strong></span> <span class='ocrx_word' id='word_1_459' title='bbox 1775 869 1845 895; x_wconf 90' lang='lat' dir='ltr'><strong>emi-</strong></span> 
     </span>
    </p>
   </div>
   <div class='ocr_carea' id='block_1_63' title="bbox 1060 914 1846 949">
    <p class='ocr_par' dir='ltr' id='par_1_63' title="bbox 1060 914 1846 949">
     <span class='ocr_line' id='line_1_63' title="bbox 1060 914 1846 949; baseline -0.004 -5"><span class='ocrx_word' id='word_1_460' title='bbox 1060 924 1131 944; x_wconf 89' lang='lat' dir='ltr'><strong>nens</strong></span> <span class='ocrx_word' id='word_1_461' title='bbox 1143 936 1150 948; x_wconf 84' lang='lat'><strong><em>.</em></strong></span> <span class='ocrx_word' id='word_1_462' title='bbox 1166 923 1198 944; x_wconf 87' lang='lat' dir='ltr'><strong>ac</strong></span> <span class='ocrx_word' id='word_1_463' title='bbox 1211 924 1307 944; x_wconf 85' lang='lat' dir='ltr'><strong>versus</strong></span> <span class='ocrx_word' id='word_1_464' title='bbox 1321 915 1409 943; x_wconf 86' lang='lat' dir='ltr'><strong>basim</strong></span> <span class='ocrx_word' id='word_1_465' title='bbox 1419 915 1620 942; x_wconf 83' lang='lat' dir='ltr'><strong>circumductus</strong></span> <span class='ocrx_word' id='word_1_466' title='bbox 1635 914 1782 946; x_wconf 82' lang='lat' dir='ltr'><strong>ambiebat.</strong></span> <span class='ocrx_word' id='word_1_467' title='bbox 1791 921 1846 949; x_wconf 87' lang='lat' dir='ltr'><strong>quo</strong></span> 
     </span>
    </p>
   </div>
   <div class='ocr_carea' id='block_1_64' title="bbox 1059 959 1846 994">
    <p class='ocr_par' dir='ltr' id='par_1_64' title="bbox 1059 959 1846 994">
     <span class='ocr_line' id='line_1_64' title="bbox 1059 959 1846 994; baseline -0.005 -4"><span class='ocrx_word' id='word_1_468' title='bbox 1059 962 1168 990; x_wconf 78' lang='lat' dir='ltr'><strong>facilius</strong></span> <span class='ocrx_word' id='word_1_469' title='bbox 1184 969 1335 990; x_wconf 86' lang='lat' dir='ltr'><strong>conscenso</strong></span> <span class='ocrx_word' id='word_1_470' title='bbox 1361 961 1450 994; x_wconf 86' lang='lat' dir='ltr'><strong>labro,</strong></span> <span class='ocrx_word' id='word_1_471' title='bbox 1481 959 1636 988; x_wconf 82' lang='lat' dir='ltr'><strong>sacerdotes</strong></span> <span class='ocrx_word' id='word_1_472' title='bbox 1659 960 1757 994; x_wconf 89' lang='lat' dir='ltr'><strong>pedum</strong></span> <span class='ocrx_word' id='word_1_473' title='bbox 1786 967 1846 986; x_wconf 85' lang='lat' dir='ltr'><strong>ma-</strong></span> 
     </span>
    </p>
   </div>
   <div class='ocr_carea' id='block_1_65' title="bbox 1060 1005 1846 1043">
    <p class='ocr_par' dir='ltr' id='par_1_65' title="bbox 1060 1005 1846 1043">
     <span class='ocr_line' id='line_1_65' title="bbox 1060 1005 1846 1043; baseline -0.005 -7"><span class='ocrx_word' id='word_1_474' title='bbox 1060 1015 1199 1043; x_wconf 89' lang='lat' dir='ltr'><strong>nuumque</strong></span> <span class='ocrx_word' id='word_1_475' title='bbox 1216 1008 1309 1034; x_wconf 86' lang='lat' dir='ltr'><strong>sordes</strong></span> <span class='ocrx_word' id='word_1_476' title='bbox 1326 1007 1458 1034; x_wconf 82' lang='lat' dir='ltr'><strong>cluet-ent.</strong></span> <span class='ocrx_word' id='word_1_477' title='bbox 1478 1005 1571 1032; x_wconf 86' lang='lat' dir='ltr'><strong>Eidem</strong></span> <span class='ocrx_word' id='word_1_478' title='bbox 1589 1005 1689 1041; x_wconf 75' lang='lat' dir='ltr'><strong>gradus</strong></span> <span class='ocrx_word' id='word_1_479' title='bbox 1706 1005 1846 1033; x_wconf 87' lang='lat' dir='ltr'><strong>tornatiles</strong></span> 
     </span>
    </p>
   </div>
   <div class='ocr_carea' id='block_1_66' title="bbox 1060 1052 1848 1089">
    <p class='ocr_par' dir='ltr' id='par_1_66' title="bbox 1060 1052 1848 1089">
     <span class='ocr_line' id='line_1_66' title="bbox 1060 1052 1848 1089; baseline -0.003 -7"><span class='ocrx_word' id='word_1_480' title='bbox 1060 1054 1206 1089; x_wconf 80' lang='lat' dir='ltr'><strong>fusilesque</strong></span> <span class='ocrx_word' id='word_1_481' title='bbox 1227 1053 1371 1081; x_wconf 80' lang='lat' dir='ltr'><strong>duodecim</strong></span> <span class='ocrx_word' id='word_1_482' title='bbox 1382 1073 1388 1085; x_wconf 84' lang='lat'><strong>,</strong></span> <span class='ocrx_word' id='word_1_483' title='bbox 1401 1061 1463 1080; x_wconf 92' lang='lat' dir='ltr'><strong>cum</strong></span> <span class='ocrx_word' id='word_1_484' title='bbox 1477 1053 1550 1087; x_wconf 88' lang='lat' dir='ltr'><strong>justa</strong></span> <span class='ocrx_word' id='word_1_485' title='bbox 1566 1052 1686 1080; x_wconf 87' lang='lat' dir='ltr'><strong>hominis</strong></span> <span class='ocrx_word' id='word_1_486' title='bbox 1699 1052 1782 1081; x_wconf 85' lang='lat' dir='ltr'><strong>unius</strong></span> <span class='ocrx_word' id='word_1_487' title='bbox 1791 1060 1848 1080; x_wconf 72' lang='lat' dir='ltr'><strong>ma&lt;</strong></span> 
     </span>
    </p>
   </div>
   <div class='ocr_carea' id='block_1_67' title="bbox 1060 1098 1845 1137">
    <p class='ocr_par' dir='ltr' id='par_1_67' title="bbox 1060 1098 1845 1137">
     <span class='ocr_line' id='line_1_67' title="bbox 1060 1098 1845 1137; baseline -0.003 -10"><span class='ocrx_word' id='word_1_488' title='bbox 1060 1100 1200 1135; x_wconf 81' lang='lat' dir='ltr'><strong>gnitudine</strong></span> <span class='ocrx_word' id='word_1_489' title='bbox 1212 1098 1346 1134; x_wconf 78' lang='lat' dir='ltr'><strong>adzequati</strong></span> <span class='ocrx_word' id='word_1_490' title='bbox 1360 1119 1367 1131; x_wconf 90' lang='lat'><strong>,</strong></span> <span class='ocrx_word' id='word_1_491' title='bbox 1381 1098 1414 1126; x_wconf 83' lang='lat' dir='ltr'><strong>ad</strong></span> <span class='ocrx_word' id='word_1_492' title='bbox 1432 1103 1535 1134; x_wconf 84' lang='lat' dir='ltr'><strong>partem</strong></span> <span class='ocrx_word' id='word_1_493' title='bbox 1557 1099 1630 1126; x_wconf 89' lang='lat' dir='ltr'><strong>illius</strong></span> <span class='ocrx_word' id='word_1_494' title='bbox 1654 1099 1845 1137; x_wconf 73' lang='lat' dir='ltr'><strong>posteriorem,</strong></span> 
     </span>
    </p>
   </div>
   <div class='ocr_carea' id='block_1_68' title="bbox 1060 1144 1847 1180">
    <p class='ocr_par' dir='ltr' id='par_1_68' title="bbox 1060 1144 1847 1180">
     <span class='ocr_line' id='line_1_68' title="bbox 1060 1144 1847 1180; baseline -0.001 -7"><span class='ocrx_word' id='word_1_495' title='bbox 1060 1146 1153 1174; x_wconf 90' lang='lat' dir='ltr'><strong>altaris</strong></span> <span class='ocrx_word' id='word_1_496' title='bbox 1165 1154 1229 1174; x_wconf 79' lang='lat' dir='ltr'><strong>vero</strong></span> <span class='ocrx_word' id='word_1_497' title='bbox 1240 1146 1378 1173; x_wconf 76' lang='lat' dir='ltr'><strong>dexteram</strong></span> <span class='ocrx_word' id='word_1_498' title='bbox 1393 1144 1535 1180; x_wconf 85' lang='lat' dir='ltr'><strong>suppositi.</strong></span> <span class='ocrx_word' id='word_1_499' title='bbox 1551 1145 1647 1172; x_wconf 81' lang='lat' dir='ltr'><strong>Addita</strong></span> <span class='ocrx_word' id='word_1_500' title='bbox 1668 1145 1778 1180; x_wconf 85' lang='lat' dir='ltr'><strong>insuper</strong></span> <span class='ocrx_word' id='word_1_501' title='bbox 1797 1145 1847 1172; x_wconf 85' lang='lat' dir='ltr'><strong>ba-</strong></span> 
     </span>
    </p>
   </div>
   <div class='ocr_carea' id='block_1_69' title="bbox 1060 1191 1847 1227">
    <p class='ocr_par' dir='ltr' id='par_1_69' title="bbox 1060 1191 1847 1227">
     <span class='ocr_line' id='line_1_69' title="bbox 1060 1191 1847 1227; baseline -0.003 -7"><span class='ocrx_word' id='word_1_502' title='bbox 1060 1194 1098 1221; x_wconf 88' lang='lat' dir='ltr'><strong>sis</strong></span> <span class='ocrx_word' id='word_1_503' title='bbox 1111 1200 1201 1225; x_wconf 76' lang='lat' dir='ltr'><strong>:cnca,</strong></span> <span class='ocrx_word' id='word_1_504' title='bbox 1217 1199 1271 1219; x_wconf 89' lang='lat' dir='ltr'><strong>non</strong></span> <span class='ocrx_word' id='word_1_505' title='bbox 1286 1191 1379 1227; x_wconf 88' lang='lat' dir='ltr'><strong>procul</strong></span> <span class='ocrx_word' id='word_1_506' title='bbox 1392 1200 1407 1218; x_wconf 95' lang='lat' dir='ltr'><strong>a</strong></span> <span class='ocrx_word' id='word_1_507' title='bbox 1416 1191 1502 1224; x_wconf 83' lang='lat' dir='ltr'><strong>labro,</strong></span> <span class='ocrx_word' id='word_1_508' title='bbox 1515 1191 1769 1218; x_wconf 88' lang='lat' dir='ltr'><strong>altitudinecubitos</strong></span> <span class='ocrx_word' id='word_1_509' title='bbox 1778 1191 1847 1218; x_wconf 81' lang='lat' dir='ltr'><strong>duos</strong></span> 
     </span>
    </p>
   </div>
   <div class='ocr_carea' id='block_1_70' title="bbox 1060 1237 1847 1271">
    <p class='ocr_par' dir='ltr' id='par_1_70' title="bbox 1060 1237 1847 1271">
     <span class='ocr_line' id='line_1_70' title="bbox 1060 1237 1847 1271; baseline -0.003 -6"><span class='ocrx_word' id='word_1_510' title='bbox 1060 1238 1203 1271; x_wconf 87' lang='lat' dir='ltr'><strong>obtinens,</strong></span> <span class='ocrx_word' id='word_1_511' title='bbox 1250 1238 1294 1265; x_wconf 92' lang='lat' dir='ltr'><strong>cui</strong></span> <span class='ocrx_word' id='word_1_512' title='bbox 1337 1245 1384 1264; x_wconf 85' lang='lat' dir='ltr'><strong>rex</strong></span> <span class='ocrx_word' id='word_1_513' title='bbox 1428 1240 1556 1264; x_wconf 88' lang='lat' dir='ltr'><strong>oraturus</strong></span> <span class='ocrx_word' id='word_1_514' title='bbox 1592 1237 1746 1269; x_wconf 88' lang='lat' dir='ltr'><strong>insisteret,</strong></span> <span class='ocrx_word' id='word_1_515' title='bbox 1791 1243 1847 1271; x_wconf 88' lang='lat' dir='ltr'><strong>quo</strong></span> 
     </span>
    </p>
   </div>
   <div class='ocr_carea' id='block_1_71' title="bbox 1061 1281 1845 1317">
    <p class='ocr_par' dir='ltr' id='par_1_71' title="bbox 1061 1281 1845 1317">
     <span class='ocr_line' id='line_1_71' title="bbox 1061 1281 1845 1317; baseline -0.004 -7"><span class='ocrx_word' id='word_1_516' title='bbox 1061 1283 1167 1310; x_wconf 78' lang='lat' dir='ltr'><strong>facilius</strong></span> <span class='ocrx_word' id='word_1_517' title='bbox 1191 1282 1411 1310; x_wconf 84' lang='lat' dir='ltr'><strong>acircumstante</strong></span> <span class='ocrx_word' id='word_1_518' title='bbox 1436 1281 1529 1310; x_wconf 66' lang='lat' dir='ltr'><strong>Iudaeo</strong></span> <span class='ocrx_word' id='word_1_519' title='bbox 1550 1282 1651 1317; x_wconf 89' lang='lat' dir='ltr'><strong>populo</strong></span> <span class='ocrx_word' id='word_1_520' title='bbox 1679 1286 1845 1309; x_wconf 84' lang='lat' dir='ltr'><strong>cerneretur.</strong></span> 
     </span>
    </p>
   </div>
   <div class='ocr_carea' id='block_1_72' title="bbox 1059 1326 1848 1364">
    <p class='ocr_par' dir='ltr' id='par_1_72' title="bbox 1059 1326 1848 1364">
     <span class='ocr_line' id='line_1_72' title="bbox 1059 1326 1848 1364; baseline -0.003 -9"><span class='ocrx_word' id='word_1_521' title='bbox 1059 1328 1139 1364; x_wconf 66' lang='grc'><strong>45],</strong></span> <span class='ocrx_word' id='word_1_522' title='bbox 1156 1328 1196 1355; x_wconf 86' lang='lat' dir='ltr'><strong>Ad</strong></span> <span class='ocrx_word' id='word_1_523' title='bbox 1212 1328 1269 1355; x_wconf 73' lang='lat' dir='ltr'><strong>lucc</strong></span> <span class='ocrx_word' id='word_1_524' title='bbox 1284 1328 1369 1355; x_wconf 87' lang='lat' dir='ltr'><strong>altare</strong></span> <span class='ocrx_word' id='word_1_525' title='bbox 1385 1328 1481 1361; x_wconf 82' lang='lat' dir='ltr'><strong>erexit,</strong></span> <span class='ocrx_word' id='word_1_526' title='bbox 1505 1328 1585 1362; x_wconf 87' lang='lat' dir='ltr'><strong>cujus</strong></span> <span class='ocrx_word' id='word_1_527' title='bbox 1604 1326 1723 1355; x_wconf 86' lang='lat' dir='ltr'><strong>ambitus</strong></span> <span class='ocrx_word' id='word_1_528' title='bbox 1741 1327 1848 1354; x_wconf 87' lang='lat' dir='ltr'><strong>cubito—</strong></span> 
     </span>
    </p>
   </div>
   <div class='ocr_carea' id='block_1_73' title="bbox 1061 1371 1848 1408">
    <p class='ocr_par' dir='ltr' id='par_1_73' title="bbox 1061 1371 1848 1408">
     <span class='ocr_line' id='line_1_73' title="bbox 1061 1371 1848 1408; baseline -0.003 -7"><span class='ocrx_word' id='word_1_529' title='bbox 1061 1381 1120 1401; x_wconf 83' lang='lat' dir='ltr'><strong>rum</strong></span> <span class='ocrx_word' id='word_1_530' title='bbox 1145 1373 1266 1408; x_wconf 85' lang='lat' dir='ltr'><strong>quinque</strong></span> <span class='ocrx_word' id='word_1_531' title='bbox 1284 1377 1310 1400; x_wconf 89' lang='lat' dir='ltr'><strong>et</strong></span> <span class='ocrx_word' id='word_1_532' title='bbox 1333 1372 1512 1408; x_wconf 78' lang='lat' dir='ltr'><strong>quadraginta</strong></span> <span class='ocrx_word' id='word_1_533' title='bbox 1527 1393 1534 1405; x_wconf 92' lang='lat'><strong>,</strong></span> <span class='ocrx_word' id='word_1_534' title='bbox 1551 1372 1663 1399; x_wconf 87' lang='lat' dir='ltr'><strong>altitudo</strong></span> <span class='ocrx_word' id='word_1_535' title='bbox 1690 1379 1754 1399; x_wconf 86' lang='lat' dir='ltr'><strong>vero</strong></span> <span class='ocrx_word' id='word_1_536' title='bbox 1779 1371 1848 1399; x_wconf 88' lang='lat' dir='ltr'><strong>duo-</strong></span> 
     </span>
    </p>
   </div>
   <div class='ocr_carea' id='block_1_74' title="bbox 1060 1416 1848 1449">
    <p class='ocr_par' dir='ltr' id='par_1_74' title="bbox 1060 1416 1848 1449">
     <span class='ocr_line' id='line_1_74' title="bbox 1060 1416 1848 1449; baseline -0.001 -3"><span class='ocrx_word' id='word_1_537' title='bbox 1060 1418 1147 1446; x_wconf 87' lang='lat' dir='ltr'><strong>decim</strong></span> <span class='ocrx_word' id='word_1_538' title='bbox 1175 1422 1280 1445; x_wconf 84' lang='lat' dir='ltr'><strong>tantum</strong></span> <span class='ocrx_word' id='word_1_539' title='bbox 1305 1423 1387 1445; x_wconf 82' lang='lat' dir='ltr'><strong>esset.</strong></span> <span class='ocrx_word' id='word_1_540' title='bbox 1412 1416 1568 1449; x_wconf 84' lang='lat' dir='ltr'><strong>Postremo.</strong></span> <span class='ocrx_word' id='word_1_541' title='bbox 1596 1418 1712 1444; x_wconf 88' lang='lat' dir='ltr'><strong>annulos</strong></span> <span class='ocrx_word' id='word_1_542' title='bbox 1738 1425 1771 1445; x_wconf 75' lang='lat' dir='ltr'><strong>ex</strong></span> <span class='ocrx_word' id='word_1_543' title='bbox 1795 1426 1848 1445; x_wconf 70' lang='lat' dir='ltr'><strong>aere</strong></span> 
     </span>
    </p>
   </div>
   <div class='ocr_carea' id='block_1_75' title="bbox 1061 1463 1846 1498">
    <p class='ocr_par' dir='ltr' id='par_1_75' title="bbox 1061 1463 1846 1498">
     <span class='ocr_line' id='line_1_75' title="bbox 1061 1463 1846 1498; baseline 0.001 -8"><span class='ocrx_word' id='word_1_544' title='bbox 1061 1463 1185 1498; x_wconf 75' lang='lat' dir='ltr'><strong>geminos</strong></span> <span class='ocrx_word' id='word_1_545' title='bbox 1212 1464 1315 1491; x_wconf 83' lang='lat' dir='ltr'><strong>catenis</strong></span> <span class='ocrx_word' id='word_1_546' title='bbox 1339 1463 1487 1498; x_wconf 88' lang='lat' dir='ltr'><strong>implicitos</strong></span> <span class='ocrx_word' id='word_1_547' title='bbox 1501 1483 1509 1495; x_wconf 91' lang='lat'><strong>,</strong></span> <span class='ocrx_word' id='word_1_548' title='bbox 1527 1463 1661 1490; x_wconf 86' lang='lat' dir='ltr'><strong>machinis</strong></span> <span class='ocrx_word' id='word_1_549' title='bbox 1683 1463 1846 1498; x_wconf 84' lang='lat' dir='ltr'><strong>quibusdam</strong></span> 
     </span>
    </p>
   </div>
   <div class='ocr_carea' id='block_1_76' title="bbox 1061 1507 1848 1544">
    <p class='ocr_par' dir='ltr' id='par_1_76' title="bbox 1061 1507 1848 1544">
     <span class='ocr_line' id='line_1_76' title="bbox 1061 1507 1848 1544; baseline 0.003 -9"><span class='ocrx_word' id='word_1_550' title='bbox 1061 1517 1143 1543; x_wconf 80' lang='lat' dir='ltr'><strong>supra</strong></span> <span class='ocrx_word' id='word_1_551' title='bbox 1159 1508 1251 1543; x_wconf 88' lang='lat' dir='ltr'><strong>templi</strong></span> <span class='ocrx_word' id='word_1_552' title='bbox 1271 1507 1409 1544; x_wconf 75' lang='lat' dir='ltr'><strong>fastigium</strong></span> <span class='ocrx_word' id='word_1_553' title='bbox 1434 1508 1529 1544; x_wconf 76' lang='lat' dir='ltr'><strong>viginti</strong></span> <span class='ocrx_word' id='word_1_554' title='bbox 1554 1507 1653 1536; x_wconf 75' lang='lat' dir='ltr'><strong>cubitis</strong></span> <span class='ocrx_word' id='word_1_555' title='bbox 1676 1509 1848 1538; x_wconf 79' lang='lat' dir='ltr'><strong>exstantibus</strong></span> 
     </span>
    </p>
   </div>
   <div class='ocr_carea' id='block_1_77' title="bbox 1061 1553 1846 1588">
    <p class='ocr_par' dir='ltr' id='par_1_77' title="bbox 1061 1553 1846 1588">
     <span class='ocr_line' id='line_1_77' title="bbox 1061 1553 1846 1588; baseline 0.003 -8"><span class='ocrx_word' id='word_1_556' title='bbox 1061 1554 1208 1588; x_wconf 87' lang='lat' dir='ltr'><strong>impositis,</strong></span> <span class='ocrx_word' id='word_1_557' title='bbox 1223 1561 1341 1588; x_wconf 91' lang='lat' dir='ltr'><strong>quorum</strong></span> <span class='ocrx_word' id='word_1_558' title='bbox 1355 1553 1452 1581; x_wconf 87' lang='lat' dir='ltr'><strong>umbra</strong></span> <span class='ocrx_word' id='word_1_559' title='bbox 1466 1554 1492 1580; x_wconf 95' lang='lat' dir='ltr'><strong>in</strong></span> <span class='ocrx_word' id='word_1_560' title='bbox 1510 1559 1596 1581; x_wconf 91' lang='lat' dir='ltr'><strong>totum</strong></span> <span class='ocrx_word' id='word_1_561' title='bbox 1609 1554 1725 1588; x_wconf 88' lang='lat' dir='ltr'><strong>desuper</strong></span> <span class='ocrx_word' id='word_1_562' title='bbox 1739 1554 1846 1582; x_wconf 83' lang='lat' dir='ltr'><strong>culmen</strong></span> 
     </span>
    </p>
   </div>
   <div class='ocr_carea' id='block_1_78' title="bbox 1061 1599 1848 1635">
    <p class='ocr_par' dir='ltr' id='par_1_78' title="bbox 1061 1599 1848 1635">
     <span class='ocr_line' id='line_1_78' title="bbox 1061 1599 1848 1635; baseline 0.003 -9"><span class='ocrx_word' id='word_1_563' title='bbox 1061 1599 1250 1627; x_wconf 87' lang='lat' dir='ltr'><strong>incumberet:</strong></span> <span class='ocrx_word' id='word_1_564' title='bbox 1265 1606 1334 1634; x_wconf 88' lang='lat' dir='ltr'><strong>eque</strong></span> <span class='ocrx_word' id='word_1_565' title='bbox 1350 1599 1465 1635; x_wconf 76' lang='lat' dir='ltr'><strong>singulis</strong></span> <span class='ocrx_word' id='word_1_566' title='bbox 1478 1599 1579 1626; x_wconf 85' lang='lat' dir='ltr'><strong>retibus</strong></span> <span class='ocrx_word' id='word_1_567' title='bbox 1593 1607 1639 1626; x_wconf 88' lang='lat' dir='ltr'><strong>seu</strong></span> <span class='ocrx_word' id='word_1_568' title='bbox 1654 1600 1758 1627; x_wconf 90' lang='lat' dir='ltr'><strong>catenis</strong></span> <span class='ocrx_word' id='word_1_569' title='bbox 1774 1608 1848 1629; x_wconf 81' lang='lat' dir='ltr'><strong>amca</strong></span> 
     </span>
    </p>
   </div>
   <div class='ocr_carea' id='block_1_79' title="bbox 1061 1644 1846 1680">
    <p class='ocr_par' dir='ltr' id='par_1_79' title="bbox 1061 1644 1846 1680">
     <span class='ocr_line' id='line_1_79' title="bbox 1061 1644 1846 1680; baseline 0.003 -9"><span class='ocrx_word' id='word_1_570' title='bbox 1061 1644 1256 1676; x_wconf 86' lang='lat' dir='ltr'><strong>tintinnabula,</strong></span> <span class='ocrx_word' id='word_1_571' title='bbox 1270 1645 1363 1672; x_wconf 77' lang='lat' dir='ltr'><strong>talenti</strong></span> <span class='ocrx_word' id='word_1_572' title='bbox 1375 1645 1476 1679; x_wconf 88' lang='lat' dir='ltr'><strong>pondo,</strong></span> <span class='ocrx_word' id='word_1_573' title='bbox 1486 1645 1683 1680; x_wconf 78' lang='lat' dir='ltr'><strong>quadringenta</strong></span> <span class='ocrx_word' id='word_1_574' title='bbox 1696 1646 1846 1680; x_wconf 86' lang='lat' dir='ltr'><strong>suspendit,</strong></span> 
     </span>
    </p>
   </div>
   <div class='ocr_carea' id='block_1_80' title="bbox 1060 1690 1844 1725">
    <p class='ocr_par' dir='ltr' id='par_1_80' title="bbox 1060 1690 1844 1725">
     <span class='ocr_line' id='line_1_80' title="bbox 1060 1690 1844 1725; baseline -0.001 -8"><span class='ocrx_word' id='word_1_575' title='bbox 1060 1697 1121 1725; x_wconf 65' lang='lat' dir='ltr'><strong>quae</strong></span> <span class='ocrx_word' id='word_1_576' title='bbox 1134 1691 1237 1717; x_wconf 88' lang='lat' dir='ltr'><strong>catenis</strong></span> <span class='ocrx_word' id='word_1_577' title='bbox 1252 1691 1398 1717; x_wconf 90' lang='lat' dir='ltr'><strong>commotis</strong></span> <span class='ocrx_word' id='word_1_578' title='bbox 1415 1690 1532 1725; x_wconf 87' lang='lat' dir='ltr'><strong>impulsa</strong></span> <span class='ocrx_word' id='word_1_579' title='bbox 1543 1710 1550 1722; x_wconf 87' lang='lat'><strong>,</strong></span> <span class='ocrx_word' id='word_1_580' title='bbox 1567 1691 1666 1717; x_wconf 89' lang='lat' dir='ltr'><strong>tinnitu</strong></span> <span class='ocrx_word' id='word_1_581' title='bbox 1684 1698 1716 1718; x_wconf 91' lang='lat' dir='ltr'><strong>ac</strong></span> <span class='ocrx_word' id='word_1_582' title='bbox 1733 1690 1844 1725; x_wconf 89' lang='lat' dir='ltr'><strong>strepitu</strong></span> 
     </span>
    </p>
   </div>
   <div class='ocr_carea' id='block_1_81' title="bbox 1061 1735 1849 1771">
    <p class='ocr_par' dir='ltr' id='par_1_81' title="bbox 1061 1735 1849 1771">
     <span class='ocr_line' id='line_1_81' title="bbox 1061 1735 1849 1771; baseline 0.001 -9"><span class='ocrx_word' id='word_1_583' title='bbox 1061 1735 1185 1764; x_wconf 77' lang='lat' dir='ltr'><strong>volucres</strong></span> <span class='ocrx_word' id='word_1_584' title='bbox 1203 1735 1343 1770; x_wconf 84' lang='lat' dir='ltr'><strong>abigerent</strong></span> <span class='ocrx_word' id='word_1_585' title='bbox 1357 1755 1364 1767; x_wconf 91' lang='lat'><strong>,</strong></span> <span class='ocrx_word' id='word_1_586' title='bbox 1390 1743 1423 1763; x_wconf 90' lang='lat' dir='ltr'><strong>ne</strong></span> <span class='ocrx_word' id='word_1_587' title='bbox 1439 1735 1480 1762; x_wconf 82' lang='lat' dir='ltr'><strong>vel</strong></span> <span class='ocrx_word' id='word_1_588' title='bbox 1506 1735 1656 1763; x_wconf 84' lang='lat' dir='ltr'><strong>insiderent</strong></span> <span class='ocrx_word' id='word_1_589' title='bbox 1674 1736 1772 1771; x_wconf 88' lang='lat' dir='ltr'><strong>templo</strong></span> <span class='ocrx_word' id='word_1_590' title='bbox 1784 1756 1791 1768; x_wconf 91' lang='lat'><strong>,</strong></span> <span class='ocrx_word' id='word_1_591' title='bbox 1807 1738 1849 1764; x_wconf 81' lang='lat' dir='ltr'><strong>vel</strong></span> 
     </span>
    </p>
   </div>
   <div class='ocr_carea' id='block_1_82' title="bbox 1062 1781 1848 1815">
    <p class='ocr_par' dir='ltr' id='par_1_82' title="bbox 1062 1781 1848 1815">
     <span class='ocr_line' id='line_1_82' title="bbox 1062 1781 1848 1815; baseline 0.001 -8"><span class='ocrx_word' id='word_1_592' title='bbox 1062 1781 1141 1808; x_wconf 89' lang='lat' dir='ltr'><strong>nidos</strong></span> <span class='ocrx_word' id='word_1_593' title='bbox 1166 1781 1194 1808; x_wconf 93' lang='lat' dir='ltr'><strong>in</strong></span> <span class='ocrx_word' id='word_1_594' title='bbox 1211 1781 1352 1808; x_wconf 82' lang='lat' dir='ltr'><strong>valvarum</strong></span> <span class='ocrx_word' id='word_1_595' title='bbox 1379 1785 1426 1808; x_wconf 89' lang='lat' dir='ltr'><strong>aut</strong></span> <span class='ocrx_word' id='word_1_596' title='bbox 1451 1781 1605 1815; x_wconf 90' lang='lat' dir='ltr'><strong>porticuum</strong></span> <span class='ocrx_word' id='word_1_597' title='bbox 1632 1781 1760 1809; x_wconf 89' lang='lat' dir='ltr'><strong>tabulatis</strong></span> <span class='ocrx_word' id='word_1_598' title='bbox 1783 1789 1848 1809; x_wconf 87' lang='lat' dir='ltr'><strong>con—</strong></span> 
     </span>
    </p>
   </div>
   <div class='ocr_carea' id='block_1_83' title="bbox 1062 1826 1847 1861">
    <p class='ocr_par' dir='ltr' id='par_1_83' title="bbox 1062 1826 1847 1861">
     <span class='ocr_line' id='line_1_83' title="bbox 1062 1826 1847 1861; baseline 0 -8"><span class='ocrx_word' id='word_1_599' title='bbox 1062 1830 1208 1857; x_wconf 89' lang='lat' dir='ltr'><strong>struerent,</strong></span> <span class='ocrx_word' id='word_1_600' title='bbox 1226 1826 1366 1861; x_wconf 63' lang='lat' dir='ltr'><strong>aedemque</strong></span> <span class='ocrx_word' id='word_1_601' title='bbox 1391 1833 1497 1853; x_wconf 88' lang='lat' dir='ltr'><strong>sacram</strong></span> <span class='ocrx_word' id='word_1_602' title='bbox 1524 1827 1651 1854; x_wconf 90' lang='lat' dir='ltr'><strong>sordibus</strong></span> <span class='ocrx_word' id='word_1_603' title='bbox 1664 1826 1847 1861; x_wconf 88' lang='lat' dir='ltr'><strong>inquinarent.</strong></span> 
     </span>
    </p>
   </div>
   <div class='ocr_carea' id='block_1_84' title="bbox 1062 1871 1847 1907">
    <p class='ocr_par' dir='ltr' id='par_1_84' title="bbox 1062 1871 1847 1907">
     <span class='ocr_line' id='line_1_84' title="bbox 1062 1871 1847 1907; baseline 0 -8"><span class='ocrx_word' id='word_1_604' title='bbox 1062 1872 1146 1899; x_wconf 85' lang='lat' dir='ltr'><strong>Porro</strong></span> <span class='ocrx_word' id='word_1_605' title='bbox 1164 1872 1250 1906; x_wconf 87' lang='lat' dir='ltr'><strong>ipsam</strong></span> <span class='ocrx_word' id='word_1_606' title='bbox 1277 1879 1386 1906; x_wconf 60' lang='lat' dir='ltr'><strong>quoilue</strong></span> <span class='ocrx_word' id='word_1_607' title='bbox 1408 1871 1601 1907; x_wconf 60' lang='lat' dir='ltr'><strong>Hierosolyma!</strong></span> <span class='ocrx_word' id='word_1_608' title='bbox 1622 1873 1716 1899; x_wconf 89' lang='lat' dir='ltr'><strong>urbem</strong></span> <span class='ocrx_word' id='word_1_609' title='bbox 1740 1871 1827 1900; x_wconf 81' lang='lat' dir='ltr'><strong>nutris</strong></span> <span class='ocrx_word' id='word_1_610' title='bbox 1840 1893 1847 1904; x_wconf 84' lang='grc'><strong>,</strong></span> 
     </span>
    </p>
   </div>
   <div class='ocr_carea' id='block_1_85' title="bbox 1063 1918 1849 1953">
    <p class='ocr_par' dir='ltr' id='par_1_85' title="bbox 1063 1918 1849 1953">
     <span class='ocr_line' id='line_1_85' title="bbox 1063 1918 1849 1953; baseline 0 -8"><span class='ocrx_word' id='word_1_611' title='bbox 1063 1918 1195 1951; x_wconf 77' lang='lat' dir='ltr'><strong>turribus,</strong></span> <span class='ocrx_word' id='word_1_612' title='bbox 1212 1918 1350 1952; x_wconf 80' lang='lat' dir='ltr'><strong>fossisque</strong></span> <span class='ocrx_word' id='word_1_613' title='bbox 1367 1918 1487 1950; x_wconf 81' lang='lat' dir='ltr'><strong>vallavit,</strong></span> <span class='ocrx_word' id='word_1_614' title='bbox 1505 1922 1704 1953; x_wconf 78' lang='lat' dir='ltr'><strong>augustamque</strong></span> <span class='ocrx_word' id='word_1_615' title='bbox 1728 1918 1780 1946; x_wconf 66' lang='lat' dir='ltr'><strong>sin</strong></span> <span class='ocrx_word' id='word_1_616' title='bbox 1798 1918 1849 1953; x_wconf 88' lang='lat' dir='ltr'><strong>ipsi</strong></span> 
     </span>
    </p>
   </div>
   <div class='ocr_carea' id='block_1_86' title="bbox 1064 1962 1849 1999">
    <p class='ocr_par' dir='ltr' id='par_1_86' title="bbox 1064 1962 1849 1999">
     <span class='ocr_line' id='line_1_86' title="bbox 1064 1962 1849 1999; baseline -0.001 -8"><span class='ocrx_word' id='word_1_617' title='bbox 1064 1965 1165 1999; x_wconf 80' lang='lat' dir='ltr'><strong>regiam</strong></span> <span class='ocrx_word' id='word_1_618' title='bbox 1178 1963 1315 1990; x_wconf 81' lang='lat' dir='ltr'><strong>excitavit.</strong></span> <span class='ocrx_word' id='word_1_619' title='bbox 1325 1963 1357 1989; x_wconf 80' lang='lat' dir='ltr'><strong>At</strong></span> <span class='ocrx_word' id='word_1_620' title='bbox 1372 1962 1490 1996; x_wconf 88' lang='lat' dir='ltr'><strong>primum</strong></span> <span class='ocrx_word' id='word_1_621' title='bbox 1501 1963 1610 1998; x_wconf 86' lang='lat' dir='ltr'><strong>quidem</strong></span> <span class='ocrx_word' id='word_1_622' title='bbox 1623 1970 1700 1990; x_wconf 85' lang='lat' dir='ltr'><strong>sacra</strong></span> <span class='ocrx_word' id='word_1_623' title='bbox 1711 1963 1756 1990; x_wconf 93' lang='lat' dir='ltr'><strong>illa</strong></span> <span class='ocrx_word' id='word_1_624' title='bbox 1768 1963 1849 1997; x_wconf 70' lang='lat' dir='ltr'><strong>aedes,</strong></span> 
     </span>
    </p>
   </div>
   <div class='ocr_carea' id='block_1_87' title="bbox 1065 2008 1850 2045">
    <p class='ocr_par' dir='ltr' id='par_1_87' title="bbox 1065 2008 1850 2045">
     <span class='ocr_line' id='line_1_87' title="bbox 1065 2008 1850 2045; baseline -0.001 -8"><span class='ocrx_word' id='word_1_625' title='bbox 1065 2010 1135 2045; x_wconf 79' lang='grc' dir='ltr'>ἱερὸν</span> <span class='ocrx_word' id='word_1_626' title='bbox 1147 2009 1313 2044; x_wconf 82' lang='grc' dir='ltr'>Σολομῶνος,</span> <span class='ocrx_word' id='word_1_627' title='bbox 1326 2008 1480 2036; x_wconf 90' lang='lat' dir='ltr'><strong>Salomonis</strong></span> <span class='ocrx_word' id='word_1_628' title='bbox 1494 2009 1634 2043; x_wconf 88' lang='lat' dir='ltr'><strong>templum,</strong></span> <span class='ocrx_word' id='word_1_629' title='bbox 1646 2009 1783 2036; x_wconf 89' lang='lat' dir='ltr'><strong>nominata</strong></span> <span class='ocrx_word' id='word_1_630' title='bbox 1792 2013 1850 2042; x_wconf 81' lang='lat' dir='ltr'><strong>est;</strong></span> 
     </span>
    </p>
   </div>
   <div class='ocr_carea' id='block_1_88' title="bbox 1064 2053 1850 2090">
    <p class='ocr_par' dir='ltr' id='par_1_88' title="bbox 1064 2053 1850 2090">
     <span class='ocr_line' id='line_1_88' title="bbox 1064 2053 1850 2090; baseline -0.003 -7"><span class='ocrx_word' id='word_1_631' title='bbox 1064 2057 1161 2084; x_wconf 84' lang='lat' dir='ltr'><strong>deinde</strong></span> <span class='ocrx_word' id='word_1_632' title='bbox 1179 2063 1253 2088; x_wconf 82' lang='lat' dir='ltr'><strong>vero,</strong></span> <span class='ocrx_word' id='word_1_633' title='bbox 1272 2055 1337 2082; x_wconf 89' lang='lat' dir='ltr'><strong>urbs</strong></span> <span class='ocrx_word' id='word_1_634' title='bbox 1352 2055 1409 2090; x_wconf 87' lang='lat' dir='ltr'><strong>ipsa</strong></span> <span class='ocrx_word' id='word_1_635' title='bbox 1427 2053 1596 2082; x_wconf 75' lang='lat' dir='ltr'><strong>Hierusalth</strong></span> <span class='ocrx_word' id='word_1_636' title='bbox 1607 2075 1614 2088; x_wconf 95' lang='lat'><strong>,</strong></span> <span class='ocrx_word' id='word_1_637' title='bbox 1632 2059 1760 2089; x_wconf 90' lang='lat' dir='ltr'><strong>corrupto</strong></span> <span class='ocrx_word' id='word_1_638' title='bbox 1773 2055 1850 2082; x_wconf 86' lang='lat' dir='ltr'><strong>vitia-</strong></span> 
     </span>
    </p>
   </div>
   <div class='ocr_carea' id='block_1_89' title="bbox 1065 2100 1849 2137">
    <p class='ocr_par' dir='ltr' id='par_1_89' title="bbox 1065 2100 1849 2137">
     <span class='ocr_line' id='line_1_89' title="bbox 1065 2100 1849 2137; baseline -0.003 -8"><span class='ocrx_word' id='word_1_639' title='bbox 1065 2108 1148 2137; x_wconf 76' lang='lat' dir='ltr'><strong>toque</strong></span> <span class='ocrx_word' id='word_1_640' title='bbox 1163 2102 1254 2136; x_wconf 80' lang='lat' dir='ltr'><strong>templi</strong></span> <span class='ocrx_word' id='word_1_641' title='bbox 1271 2102 1379 2128; x_wconf 87' lang='lat' dir='ltr'><strong>nomine</strong></span> <span class='ocrx_word' id='word_1_642' title='bbox 1399 2101 1543 2135; x_wconf 84' lang='lat' dir='ltr'><strong>appellata,</strong></span> <span class='ocrx_word' id='word_1_643' title='bbox 1560 2108 1641 2135; x_wconf 89' lang='lat' dir='ltr'><strong>quam</strong></span> <span class='ocrx_word' id='word_1_644' title='bbox 1659 2100 1745 2127; x_wconf 70' lang='lat' dir='ltr'><strong>Graeci</strong></span> <span class='ocrx_word' id='word_1_645' title='bbox 1759 2106 1849 2135; x_wconf 86' lang='lat' dir='ltr'><strong>postea</strong></span> 
     </span>
    </p>
   </div>
   <div class='ocr_carea' id='block_1_90' title="bbox 1066 2145 1850 2183">
    <p class='ocr_par' dir='ltr' id='par_1_90' title="bbox 1066 2145 1850 2183">
     <span class='ocr_line' id='line_1_90' title="bbox 1066 2145 1850 2183; baseline -0.005 -8"><span class='ocrx_word' id='word_1_646' title='bbox 1066 2148 1281 2183; x_wconf 82' lang='lat' dir='ltr'><strong>Hierosolymam</strong></span> <span class='ocrx_word' id='word_1_647' title='bbox 1299 2147 1370 2173; x_wconf 80' lang='lat' dir='ltr'><strong>aiiini</strong></span> <span class='ocrx_word' id='word_1_648' title='bbox 1386 2146 1548 2181; x_wconf 75' lang='lat' dir='ltr'><strong>geminoque</strong></span> <span class='ocrx_word' id='word_1_649' title='bbox 1563 2145 1694 2172; x_wconf 77' lang='lat' dir='ltr'><strong>vocabulo</strong></span> <span class='ocrx_word' id='word_1_650' title='bbox 1711 2152 1850 2179; x_wconf 87' lang='lat' dir='ltr'><strong>nuncupa-</strong></span> 
     </span>
    </p>
   </div>
   <div class='ocr_carea' id='block_1_91' title="bbox 1067 2189 1851 2227">
    <p class='ocr_par' dir='ltr' id='par_1_91' title="bbox 1067 2189 1851 2227">
     <span class='ocr_line' id='line_1_91' title="bbox 1067 2189 1851 2227; baseline -0.006 -5"><span class='ocrx_word' id='word_1_651' title='bbox 1067 2199 1140 2222; x_wconf 89' lang='lat' dir='ltr'><strong>runt.</strong></span> <span class='ocrx_word' id='word_1_652' title='bbox 1156 2194 1213 2221; x_wconf 77' lang='lat' dir='ltr'><strong>Rex</strong></span> <span class='ocrx_word' id='word_1_653' title='bbox 1226 2198 1315 2220; x_wconf 84' lang='lat' dir='ltr'><strong>autem</strong></span> <span class='ocrx_word' id='word_1_654' title='bbox 1329 2197 1390 2227; x_wconf 87' lang='lat' dir='ltr'><strong>post</strong></span> <span class='ocrx_word' id='word_1_655' title='bbox 1408 2192 1538 2226; x_wconf 90' lang='lat' dir='ltr'><strong>templum</strong></span> <span class='ocrx_word' id='word_1_656' title='bbox 1554 2191 1727 2223; x_wconf 64' lang='lat' dir='ltr'><strong>aediﬁcatum,</strong></span> <span class='ocrx_word' id='word_1_657' title='bbox 1742 2189 1851 2227; x_wconf 71' lang='lat' dir='ltr'><strong>urbem-</strong></span> 
     </span>
    </p>
   </div>
   <div class='ocr_carea' id='block_1_92' title="bbox 227 2236 1010 2284">
    <p class='ocr_par' dir='ltr' id='par_1_92' title="bbox 227 2246 1010 2284">
     <span class='ocr_line' id='line_1_92' title="bbox 227 2246 1010 2284; baseline -0.005 -8"><span class='ocrx_word' id='word_1_658' title='bbox 227 2248 288 2276; x_wconf 83' lang='grc' dir='ltr'><strong>δύο·</strong></span> <span class='ocrx_word' id='word_1_659' title='bbox 303 2248 404 2284; x_wconf 78' lang='grc' dir='ltr'>χαλκοῦ</span> <span class='ocrx_word' id='word_1_660' title='bbox 418 2248 447 2274; x_wconf 79' lang='grc' dir='ltr'>δὲ</span> <span class='ocrx_word' id='word_1_661' title='bbox 464 2249 503 2280; x_wconf 75' lang='grc' dir='ltr'>εἰς</span> <span class='ocrx_word' id='word_1_662' title='bbox 518 2248 579 2279; x_wconf 80' lang='grc' dir='ltr'>τοὺς</span> <span class='ocrx_word' id='word_1_663' title='bbox 592 2248 685 2279; x_wconf 85' lang='grc' dir='ltr'>κίονας</span> <span class='ocrx_word' id='word_1_664' title='bbox 699 2247 745 2274; x_wconf 73' lang='grc' dir='ltr'>καὶ</span> <span class='ocrx_word' id='word_1_665' title='bbox 763 2247 807 2274; x_wconf 74' lang='grc' dir='ltr'>τὸν</span> <span class='ocrx_word' id='word_1_666' title='bbox 830 2246 948 2282; x_wconf 78' lang='grc' dir='ltr'>λουτῆρα</span> <span class='ocrx_word' id='word_1_667' title='bbox 966 2247 1010 2273; x_wconf 60' lang='grc' dir='ltr'>καὶ</span> 
     </span>
    </p>
   </div>
   <div class='ocr_carea' id='block_1_93' title="bbox 1061 2236 1851 2284">
    <p class='ocr_par' dir='ltr' id='par_1_93' title="bbox 1066 2236 1851 2275">
     <span class='ocr_line' id='line_1_93' title="bbox 1066 2236 1851 2275; baseline -0.005 -8"><span class='ocrx_word' id='word_1_668' title='bbox 1066 2248 1119 2275; x_wconf 92' lang='lat' dir='ltr'><strong>que</strong></span> <span class='ocrx_word' id='word_1_669' title='bbox 1132 2239 1276 2271; x_wconf 87' lang='lat' dir='ltr'><strong>munitam,</strong></span> <span class='ocrx_word' id='word_1_670' title='bbox 1293 2237 1431 2265; x_wconf 87' lang='lat' dir='ltr'><strong>Selomum</strong></span> <span class='ocrx_word' id='word_1_671' title='bbox 1450 2236 1598 2272; x_wconf 78' lang='lat' dir='ltr'><strong>profectus,</strong></span> <span class='ocrx_word' id='word_1_672' title='bbox 1613 2236 1666 2263; x_wconf 86' lang='lat' dir='ltr'><strong>Deo</strong></span> <span class='ocrx_word' id='word_1_673' title='bbox 1682 2236 1754 2263; x_wconf 87' lang='lat' dir='ltr'><strong>mille</strong></span> <span class='ocrx_word' id='word_1_674' title='bbox 1769 2236 1851 2263; x_wconf 89' lang='lat' dir='ltr'><strong>boum</strong></span> 
     </span>
    </p>
   </div>
   <div class='ocr_carea' id='block_1_94' title="bbox 229 2292 1012 2329">
    <p class='ocr_par' dir='ltr' id='par_1_94' title="bbox 229 2292 1012 2329">
     <span class='ocr_line' id='line_1_94' title="bbox 229 2292 1012 2329; baseline -0.003 -9"><span class='ocrx_word' id='word_1_675' title='bbox 229 2294 278 2329; x_wconf 72' lang='grc' dir='ltr'>τὴν</span> <span class='ocrx_word' id='word_1_676' title='bbox 293 2292 373 2320; x_wconf 83' lang='grc' dir='ltr'>στοὰν</span> <span class='ocrx_word' id='word_1_677' title='bbox 385 2293 504 2320; x_wconf 84' lang='grc' dir='ltr'>τάλαντα</span> <span class='ocrx_word' id='word_1_678' title='bbox 523 2292 606 2328; x_wconf 78' lang='grc' dir='ltr'>μύρια</span> <span class='ocrx_word' id='word_1_679' title='bbox 625 2292 813 2327; x_wconf 76' lang='grc' dir='ltr'>ὀκτακισχίλια</span> <span class='ocrx_word' id='word_1_680' title='bbox 836 2292 1012 2327; x_wconf 83' lang='grc' dir='ltr'>πεντήκοντα.</span> 
     </span>
    </p>
   </div>
   <div class='ocr_carea' id='block_1_95' title="bbox 233 2338 1013 2375">
    <p class='ocr_par' dir='ltr' id='par_1_95' title="bbox 233 2338 1013 2375">
     <span class='ocr_line' id='line_1_95' title="bbox 233 2338 1013 2375; baseline -0.004 -8"><span class='ocrx_word' id='word_1_681' title='bbox 233 2339 408 2375; x_wconf 66' lang='grc' dir='ltr'>’Δποπέμψαι</span> <span class='ocrx_word' id='word_1_682' title='bbox 422 2339 451 2365; x_wconf 79' lang='grc' dir='ltr'>δὲ</span> <span class='ocrx_word' id='word_1_683' title='bbox 467 2339 511 2366; x_wconf 79' lang='grc' dir='ltr'>τὸν</span> <span class='ocrx_word' id='word_1_684' title='bbox 531 2338 675 2374; x_wconf 84' lang='grc' dir='ltr'>Σολομῶνα</span> <span class='ocrx_word' id='word_1_685' title='bbox 691 2339 739 2365; x_wconf 83' lang='grc' dir='ltr'>καὶ</span> <span class='ocrx_word' id='word_1_686' title='bbox 759 2339 821 2370; x_wconf 72' lang='grc' dir='ltr'>τοὺς</span> <span class='ocrx_word' id='word_1_687' title='bbox 839 2338 1013 2372; x_wconf 76' lang='grc' dir='ltr'>Αἰγυπτίους,</span> 
     </span>
    </p>
   </div>
   <div class='ocr_carea' id='block_1_96' title="bbox 227 2384 1015 2419">
    <p class='ocr_par' dir='ltr' id='par_1_96' title="bbox 227 2384 1015 2419">
     <span class='ocr_line' id='line_1_96' title="bbox 227 2384 1015 2419; baseline -0.006 -6"><span class='ocrx_word' id='word_1_688' title='bbox 227 2386 276 2413; x_wconf 70' lang='grc' dir='ltr'>καὶ</span> <span class='ocrx_word' id='word_1_689' title='bbox 292 2385 356 2417; x_wconf 79' lang='grc' dir='ltr'>τοὺς</span> <span class='ocrx_word' id='word_1_690' title='bbox 374 2385 508 2416; x_wconf 76' lang='grc' dir='ltr'>Φοίνικας,</span> <span class='ocrx_word' id='word_1_691' title='bbox 526 2384 658 2415; x_wconf 81' lang='grc' dir='ltr'>ἑκάστους</span> <span class='ocrx_word' id='word_1_692' title='bbox 668 2384 707 2415; x_wconf 83' lang='grc' dir='ltr'><strong>εἰς</strong></span> <span class='ocrx_word' id='word_1_693' title='bbox 718 2384 766 2419; x_wconf 76' lang='grc' dir='ltr'><strong>τὴν</strong></span> <span class='ocrx_word' id='word_1_694' title='bbox 786 2384 899 2417; x_wconf 78' lang='grc' dir='ltr'>ἑαυτῶν,</span> <span class='ocrx_word' id='word_1_695' title='bbox 909 2384 1015 2418; x_wconf 74' lang='grc' dir='ltr'>ἑκάστῳ</span> 
     </span>
    </p>
   </div>
   <div class='ocr_carea' id='block_1_97' title="bbox 229 2428 1016 2469">
    <p class='ocr_par' dir='ltr' id='par_1_97' title="bbox 229 2428 1016 2469">
     <span class='ocr_line' id='line_1_97' title="bbox 229 2428 1016 2469; baseline -0.003 -11"><span class='ocrx_word' id='word_1_696' title='bbox 229 2431 332 2469; x_wconf 79' lang='grc' dir='ltr'>χρυσοῦ</span> <span class='ocrx_word' id='word_1_697' title='bbox 349 2431 457 2463; x_wconf 76' lang='grc' dir='ltr'>σίκλους</span> <span class='ocrx_word' id='word_1_698' title='bbox 472 2431 550 2458; x_wconf 86' lang='grc' dir='ltr'>δόντα</span> <span class='ocrx_word' id='word_1_699' title='bbox 563 2430 627 2458; x_wconf 76' lang='grc' dir='ltr'>δέκα</span> <span class='ocrx_word' id='word_1_700' title='bbox 637 2439 643 2445; x_wconf 86' lang='grc'><strong>·</strong></span> <span class='ocrx_word' id='word_1_701' title='bbox 663 2431 694 2457; x_wconf 81' lang='grc' dir='ltr'>τὸ</span> <span class='ocrx_word' id='word_1_702' title='bbox 708 2431 737 2457; x_wconf 83' lang='grc' dir='ltr'>δὲ</span> <span class='ocrx_word' id='word_1_703' title='bbox 749 2431 878 2458; x_wconf 83' lang='grc' dir='ltr'>τάλαντον</span> <span class='ocrx_word' id='word_1_704' title='bbox 891 2428 960 2456; x_wconf 73' lang='grc' dir='ltr'>εἶναι</span> <span class='ocrx_word' id='word_1_705' title='bbox 975 2430 1016 2456; x_wconf 87' lang='grc' dir='ltr'><strong>σί-</strong></span> 
     </span>
    </p>
   </div>
   <div class='ocr_carea' id='block_1_98' title="bbox 229 2476 1015 2513">
    <p class='ocr_par' dir='ltr' id='par_1_98' title="bbox 229 2476 1015 2513">
     <span class='ocr_line' id='line_1_98' title="bbox 229 2476 1015 2513; baseline -0.004 -8"><span class='ocrx_word' id='word_1_706' title='bbox 229 2478 303 2506; x_wconf 84' lang='grc' dir='ltr'>κλον.</span> <span class='ocrx_word' id='word_1_707' title='bbox 322 2478 377 2505; x_wconf 73' lang='grc' dir='ltr'>Καὶ</span> <span class='ocrx_word' id='word_1_708' title='bbox 393 2477 431 2513; x_wconf 83' lang='grc' dir='ltr'><strong>τῷ</strong></span> <span class='ocrx_word' id='word_1_709' title='bbox 449 2478 498 2513; x_wconf 75' lang='grc' dir='ltr'><strong>μὲν</strong></span> <span class='ocrx_word' id='word_1_710' title='bbox 512 2476 655 2512; x_wconf 65' lang='grc' dir='ltr'><strong>Αἰγύπττοῦ</strong></span> <span class='ocrx_word' id='word_1_711' title='bbox 669 2476 773 2511; x_wconf 82' lang='grc' dir='ltr'>βασιλεῖ</span> <span class='ocrx_word' id='word_1_712' title='bbox 794 2477 905 2512; x_wconf 70' lang='grc' dir='ltr'>Οὐαερρῇ</span> <span class='ocrx_word' id='word_1_713' title='bbox 926 2476 1015 2503; x_wconf 72' lang='grc' dir='ltr'>ἐλαίου</span> 
     </span>
    </p>
   </div>
   <div class='ocr_carea' id='block_1_99' title="bbox 233 2520 1014 2557">
    <p class='ocr_par' dir='ltr' id='par_1_99' title="bbox 233 2520 1014 2557">
     <span class='ocr_line' id='line_1_99' title="bbox 233 2520 1014 2557; baseline -0.001 -10"><span class='ocrx_word' id='word_1_714' title='bbox 233 2520 369 2557; x_wconf 83' lang='grc' dir='ltr'>μετρητὰς</span> <span class='ocrx_word' id='word_1_715' title='bbox 387 2521 510 2557; x_wconf 82' lang='grc' dir='ltr'>μυρίους,</span> <span class='ocrx_word' id='word_1_716' title='bbox 525 2521 753 2555; x_wconf 77' lang='grc' dir='ltr'>φοινικοὸαλάνων</span> <span class='ocrx_word' id='word_1_717' title='bbox 778 2520 899 2556; x_wconf 76' lang='grc' dir='ltr'>ἀρτάϐας</span> <span class='ocrx_word' id='word_1_718' title='bbox 917 2521 1014 2556; x_wconf 81' lang='grc' dir='ltr'>χιλίας,</span> 
     </span>
    </p>
   </div>
   <div class='ocr_carea' id='block_1_100' title="bbox 232 2566 1017 2603">
    <p class='ocr_par' dir='ltr' id='par_1_100' title="bbox 232 2566 1017 2603">
     <span class='ocr_line' id='line_1_100' title="bbox 232 2566 1017 2603; baseline -0.003 -9"><span class='ocrx_word' id='word_1_719' title='bbox 232 2567 340 2602; x_wconf 67' lang='grc' dir='ltr'>μέλιτος</span> <span class='ocrx_word' id='word_1_720' title='bbox 356 2568 385 2595; x_wconf 82' lang='grc' dir='ltr'>δὲ</span> <span class='ocrx_word' id='word_1_721' title='bbox 397 2569 494 2603; x_wconf 84' lang='grc' dir='ltr'>ἀγγεῖα</span> <span class='ocrx_word' id='word_1_722' title='bbox 507 2568 614 2599; x_wconf 60' lang='grc' dir='ltr'>ἐκατὸν,</span> <span class='ocrx_word' id='word_1_723' title='bbox 629 2567 674 2594; x_wconf 67' lang='grc' dir='ltr'><strong>καὶ</strong></span> <span class='ocrx_word' id='word_1_724' title='bbox 688 2566 821 2603; x_wconf 79' lang='grc' dir='ltr'>ἀρώματα</span> <span class='ocrx_word' id='word_1_725' title='bbox 840 2567 961 2601; x_wconf 68' lang='grc' dir='ltr'>πέμψαι·</span> <span class='ocrx_word' id='word_1_726' title='bbox 978 2566 1017 2602; x_wconf 71' lang='grc' dir='ltr'>τῷ</span> 
     </span>
    </p>
   </div>
   <div class='ocr_carea' id='block_1_101' title="bbox 229 2611 1033 2649">
    <p class='ocr_par' dir='ltr' id='par_1_101' title="bbox 229 2611 1033 2649">
     <span class='ocr_line' id='line_1_101' title="bbox 229 2611 1033 2649; baseline 0 -11"><span class='ocrx_word' id='word_1_727' title='bbox 229 2611 259 2639; x_wconf 71' lang='grc' dir='ltr'>δὶ</span> <span class='ocrx_word' id='word_1_728' title='bbox 273 2611 390 2648; x_wconf 79' lang='grc' dir='ltr'>Σοὺρωνι</span> <span class='ocrx_word' id='word_1_729' title='bbox 400 2613 440 2644; x_wconf 84' lang='grc' dir='ltr'>εἰς</span> <span class='ocrx_word' id='word_1_730' title='bbox 453 2612 541 2649; x_wconf 80' lang='grc' dir='ltr'>Τῦρον</span> <span class='ocrx_word' id='word_1_731' title='bbox 555 2613 660 2648; x_wconf 66' lang='grc' dir='ltr'>πέμψαι</span> <span class='ocrx_word' id='word_1_732' title='bbox 677 2612 722 2638; x_wconf 77' lang='grc' dir='ltr'>τὸν</span> <span class='ocrx_word' id='word_1_733' title='bbox 736 2611 853 2648; x_wconf 82' lang='grc' dir='ltr'>χρυσοῦν</span> <span class='ocrx_word' id='word_1_734' title='bbox 864 2612 940 2639; x_wconf 75' lang='grc' dir='ltr'>κίονα</span> <span class='ocrx_word' id='word_1_735' title='bbox 952 2632 959 2644; x_wconf 92' lang='grc'><strong>,</strong></span> <span class='ocrx_word' id='word_1_736' title='bbox 972 2612 1017 2638; x_wconf 76' lang='grc' dir='ltr'><strong>τὸν</strong></span> <span class='ocrx_word' id='word_1_737' title='bbox 1030 2635 1033 2638; x_wconf 95' lang='grc'><strong>,</strong></span> 
     </span>
    </p>
   </div>
   <div class='ocr_carea' id='block_1_102' title="bbox 230 2657 1018 2694">
    <p class='ocr_par' dir='ltr' id='par_1_102' title="bbox 230 2657 1018 2694">
     <span class='ocr_line' id='line_1_102' title="bbox 230 2657 1018 2694; baseline -0.001 -9"><span class='ocrx_word' id='word_1_738' title='bbox 230 2659 260 2685; x_wconf 76' lang='grc' dir='ltr'>ὲν</span> <span class='ocrx_word' id='word_1_739' title='bbox 278 2658 358 2694; x_wconf 82' lang='grc' dir='ltr'><strong>Τύρῳ</strong></span> <span class='ocrx_word' id='word_1_740' title='bbox 371 2658 547 2694; x_wconf 75' lang='grc' dir='ltr'>ἀνακείμενον</span> <span class='ocrx_word' id='word_1_741' title='bbox 557 2660 585 2685; x_wconf 82' lang='grc' dir='ltr'>ὲν</span> <span class='ocrx_word' id='word_1_742' title='bbox 601 2658 639 2694; x_wconf 83' lang='grc' dir='ltr'>τῷ</span> <span class='ocrx_word' id='word_1_743' title='bbox 658 2657 723 2694; x_wconf 75' lang='grc' dir='ltr'>ἱερῷ</span> <span class='ocrx_word' id='word_1_744' title='bbox 739 2658 874 2690; x_wconf 37' lang='grc' dir='ltr'><strong>τοῦμΔιός.</strong></span> <span class='ocrx_word' id='word_1_745' title='bbox 892 2658 1018 2693; x_wconf 73' lang='grc' dir='ltr'>Θεόφιλος</span> 
     </span>
    </p>
   </div>
   <div class='ocr_carea' id='block_1_103' title="bbox 230 2703 1018 2740">
    <p class='ocr_par' dir='ltr' id='par_1_103' title="bbox 230 2703 1018 2740">
     <span class='ocr_line' id='line_1_103' title="bbox 230 2703 1018 2740; baseline -0.001 -10"><span class='ocrx_word' id='word_1_746' title='bbox 230 2703 260 2731; x_wconf 69' lang='grc' dir='ltr'>δέ</span> <span class='ocrx_word' id='word_1_747' title='bbox 274 2712 340 2739; x_wconf 77' lang='grc' dir='ltr'>φησι</span> <span class='ocrx_word' id='word_1_748' title='bbox 351 2704 398 2731; x_wconf 75' lang='grc' dir='ltr'><strong>τὸν</strong></span> <span class='ocrx_word' id='word_1_749' title='bbox 411 2704 629 2740; x_wconf 80' lang='grc' dir='ltr'>περισσεύσαντα</span> <span class='ocrx_word' id='word_1_750' title='bbox 641 2704 739 2739; x_wconf 80' lang='grc' dir='ltr'>χρυσὸν</span> <span class='ocrx_word' id='word_1_751' title='bbox 759 2704 804 2730; x_wconf 83' lang='grc' dir='ltr'>τὸν</span> <span class='ocrx_word' id='word_1_752' title='bbox 819 2703 963 2739; x_wconf 83' lang='grc' dir='ltr'>Σολομῶνα</span> <span class='ocrx_word' id='word_1_753' title='bbox 979 2703 1018 2738; x_wconf 77' lang='grc' dir='ltr'>τῷ</span> 
     </span>
    </p>
   </div>
   <div class='ocr_carea' id='block_1_104' title="bbox 232 2749 1018 2786">
    <p class='ocr_par' dir='ltr' id='par_1_104' title="bbox 232 2749 1018 2786">
     <span class='ocr_line' id='line_1_104' title="bbox 232 2749 1018 2786; baseline -0.001 -10"><span class='ocrx_word' id='word_1_754' title='bbox 232 2751 325 2786; x_wconf 82' lang='grc' dir='ltr'>Τυρίῳ</span> <span class='ocrx_word' id='word_1_755' title='bbox 341 2750 446 2785; x_wconf 86' lang='grc' dir='ltr'><strong>βασιλεῖ</strong></span> <span class='ocrx_word' id='word_1_756' title='bbox 459 2751 575 2786; x_wconf 63' lang='grc' dir='ltr'>πέμψαι.</span> <span class='ocrx_word' id='word_1_757' title='bbox 595 2749 645 2777; x_wconf 82' lang='grc' dir='ltr'><strong>Τὸν</strong></span> <span class='ocrx_word' id='word_1_758' title='bbox 660 2750 697 2782; x_wconf 79' lang='grc' dir='ltr'>δὲ,</span> <span class='ocrx_word' id='word_1_759' title='bbox 716 2749 806 2776; x_wconf 81' lang='grc' dir='ltr'>εἰκόνα</span> <span class='ocrx_word' id='word_1_760' title='bbox 825 2750 875 2785; x_wconf 85' lang='grc' dir='ltr'><strong>τῆς</strong></span> <span class='ocrx_word' id='word_1_761' title='bbox 886 2749 1018 2784; x_wconf 77' lang='grc' dir='ltr'>θυγατρὸς</span> 
     </span>
    </p>
   </div>
   <div class='ocr_carea' id='block_1_105' title="bbox 233 2792 1017 2831">
    <p class='ocr_par' dir='ltr' id='par_1_105' title="bbox 233 2792 1017 2831">
     <span class='ocr_line' id='line_1_105' title="bbox 233 2792 1017 2831; baseline -0.005 -8"><span class='ocrx_word' id='word_1_762' title='bbox 233 2795 302 2827; x_wconf 80' lang='grc' dir='ltr'>ζῶον</span> <span class='ocrx_word' id='word_1_763' title='bbox 318 2795 715 2831; x_wconf 77' lang='grc' dir='ltr'>ὁλοσὼματον.κατασκευάσαι.</span> <span class='ocrx_word' id='word_1_764' title='bbox 733 2794 779 2821; x_wconf 75' lang='grc' dir='ltr'>καὶ</span> <span class='ocrx_word' id='word_1_765' title='bbox 792 2794 900 2829; x_wconf 79' lang='grc' dir='ltr'>ἔλυτρον</span> <span class='ocrx_word' id='word_1_766' title='bbox 918 2792 957 2828; x_wconf 84' lang='grc' dir='ltr'>τῷ</span> <span class='ocrx_word' id='word_1_767' title='bbox 971 2793 1017 2820; x_wconf 80' lang='grc' dir='ltr'><strong>ἀν-</strong></span> 
     </span>
    </p>
   </div>
   <div class='ocr_carea' id='block_1_106' title="bbox 232 2840 1018 2878">
    <p class='ocr_par' dir='ltr' id='par_1_106' title="bbox 232 2840 1018 2878">
     <span class='ocr_line' id='line_1_106' title="bbox 232 2840 1018 2878; baseline -0.004 -9"><span class='ocrx_word' id='word_1_768' title='bbox 232 2842 336 2877; x_wconf 84' lang='grc' dir='ltr'>δριάντι</span> <span class='ocrx_word' id='word_1_769' title='bbox 355 2842 401 2869; x_wconf 78' lang='grc' dir='ltr'>τὸν</span> <span class='ocrx_word' id='word_1_770' title='bbox 425 2842 541 2878; x_wconf 85' lang='grc' dir='ltr'>χρυσοῦν</span> <span class='ocrx_word' id='word_1_771' title='bbox 565 2842 642 2869; x_wconf 85' lang='grc' dir='ltr'>κίονα</span> <span class='ocrx_word' id='word_1_772' title='bbox 663 2842 824 2877; x_wconf 80' lang='grc' dir='ltr'>περιθεῖναι.</span> <span class='ocrx_word' id='word_1_773' title='bbox 851 2840 965 2875; x_wconf 81' lang='grc' dir='ltr'>Ποιῆσαι</span> <span class='ocrx_word' id='word_1_774' title='bbox 991 2840 1018 2866; x_wconf 81' lang='grc' dir='ltr'>δέ</span> 
     </span>
    </p>
   </div>
   <div class='ocr_carea' id='block_1_107' title="bbox 232 2887 1017 2929">
    <p class='ocr_par' dir='ltr' id='par_1_107' title="bbox 232 2887 1017 2929">
     <span class='ocr_line' id='line_1_107' title="bbox 232 2887 1017 2929; baseline -0.003 -14"><span class='ocrx_word' id='word_1_775' title='bbox 232 2897 315 2925; x_wconf 76' lang='grc' dir='ltr'>φησιν</span> <span class='ocrx_word' id='word_1_776' title='bbox 323 2890 338 2916; x_wconf 81' lang='grc' dir='ltr'><strong><em>ὁ</em></strong></span> <span class='ocrx_word' id='word_1_777' title='bbox 350 2889 505 2925; x_wconf 73' lang='grc' dir='ltr'>Εὐπόλεμος</span> <span class='ocrx_word' id='word_1_778' title='bbox 516 2889 562 2916; x_wconf 67' lang='grc' dir='ltr'>τὸν</span> <span class='ocrx_word' id='word_1_779' title='bbox 576 2888 720 2923; x_wconf 81' lang='grc' dir='ltr'><strong>Σολομῶνα</strong></span> <span class='ocrx_word' id='word_1_780' title='bbox 732 2888 778 2914; x_wconf 66' lang='grc' dir='ltr'>καὶ</span> <span class='ocrx_word' id='word_1_781' title='bbox 790 2887 908 2929; x_wconf 59' lang='grc' dir='ltr'>έὶσπίδας</span> <span class='ocrx_word' id='word_1_782' title='bbox 917 2888 1017 2923; x_wconf 74' lang='grc' dir='ltr'>χρυσᾶς</span> 
     </span>
    </p>
   </div>
   <div class='ocr_carea' id='block_1_108' title="bbox 1069 2282 1850 2317">
    <p class='ocr_par' dir='ltr' id='par_1_108' title="bbox 1069 2282 1850 2317">
     <span class='ocr_line' id='line_1_108' title="bbox 1069 2282 1850 2317; baseline -0.006 -5"><span class='ocrx_word' id='word_1_783' title='bbox 1069 2285 1260 2312; x_wconf 88' lang='lat' dir='ltr'><strong>holocaustum</strong></span> <span class='ocrx_word' id='word_1_784' title='bbox 1280 2283 1379 2310; x_wconf 88' lang='lat' dir='ltr'><strong>obtulit</strong></span> <span class='ocrx_word' id='word_1_785' title='bbox 1395 2291 1402 2316; x_wconf 89' lang='lat'><strong>;</strong></span> <span class='ocrx_word' id='word_1_786' title='bbox 1417 2282 1542 2317; x_wconf 88' lang='lat' dir='ltr'><strong>idemque</strong></span> <span class='ocrx_word' id='word_1_787' title='bbox 1556 2282 1740 2316; x_wconf 87' lang='lat' dir='ltr'><strong>postmodum,</strong></span> <span class='ocrx_word' id='word_1_788' title='bbox 1767 2285 1794 2308; x_wconf 88' lang='lat' dir='ltr'><strong>et</strong></span> <span class='ocrx_word' id='word_1_789' title='bbox 1810 2286 1850 2308; x_wconf 88' lang='lat' dir='ltr'><strong>ta-</strong></span> 
     </span>
    </p>
   </div>
   <div class='ocr_carea' id='block_1_109' title="bbox 1067 2327 1853 2364">
    <p class='ocr_par' dir='ltr' id='par_1_109' title="bbox 1067 2327 1853 2364">
     <span class='ocr_line' id='line_1_109' title="bbox 1067 2327 1853 2364; baseline -0.006 -5"><span class='ocrx_word' id='word_1_790' title='bbox 1067 2331 1254 2361; x_wconf 87' lang='lat' dir='ltr'><strong>bernaculum,</strong></span> <span class='ocrx_word' id='word_1_791' title='bbox 1270 2335 1296 2357; x_wconf 88' lang='lat' dir='ltr'><strong>et</strong></span> <span class='ocrx_word' id='word_1_792' title='bbox 1311 2338 1398 2362; x_wconf 82' lang='lat' dir='ltr'><strong>aram,</strong></span> <span class='ocrx_word' id='word_1_793' title='bbox 1415 2335 1440 2356; x_wconf 91' lang='lat' dir='ltr'><strong>ct</strong></span> <span class='ocrx_word' id='word_1_794' title='bbox 1453 2328 1588 2364; x_wconf 86' lang='lat' dir='ltr'><strong>quidquid</strong></span> <span class='ocrx_word' id='word_1_795' title='bbox 1602 2336 1686 2356; x_wconf 68' lang='lat' dir='ltr'><strong>sacra:</strong></span> <span class='ocrx_word' id='word_1_796' title='bbox 1700 2327 1853 2363; x_wconf 87' lang='lat' dir='ltr'><strong>supellccti-</strong></span> 
     </span>
    </p>
   </div>
   <div class='ocr_carea' id='block_1_110' title="bbox 1067 2375 1851 2412">
    <p class='ocr_par' dir='ltr' id='par_1_110' title="bbox 1067 2375 1851 2412">
     <span class='ocr_line' id='line_1_110' title="bbox 1067 2375 1851 2412; baseline -0.006 -7"><span class='ocrx_word' id='word_1_797' title='bbox 1067 2378 1100 2406; x_wconf 92' lang='lat' dir='ltr'><strong>lis</strong></span> <span class='ocrx_word' id='word_1_798' title='bbox 1109 2381 1296 2412; x_wconf 85' lang='lat' dir='ltr'><strong>comparatum</strong></span> <span class='ocrx_word' id='word_1_799' title='bbox 1307 2383 1323 2403; x_wconf 92' lang='lat' dir='ltr'><strong>a</strong></span> <span class='ocrx_word' id='word_1_800' title='bbox 1333 2375 1407 2402; x_wconf 71' lang='lat' dir='ltr'><strong>Most:</strong></span> <span class='ocrx_word' id='word_1_801' title='bbox 1415 2375 1514 2406; x_wconf 77' lang='lat' dir='ltr'><strong>fuerat,</strong></span> <span class='ocrx_word' id='word_1_802' title='bbox 1524 2382 1626 2407; x_wconf 87' lang='lat' dir='ltr'><strong>arcam,</strong></span> <span class='ocrx_word' id='word_1_803' title='bbox 1635 2375 1719 2402; x_wconf 88' lang='lat' dir='ltr'><strong>altare</strong></span> <span class='ocrx_word' id='word_1_804' title='bbox 1727 2381 1851 2407; x_wconf 89' lang='lat' dir='ltr'><strong>aureum,</strong></span> 
     </span>
    </p>
   </div>
   <div class='ocr_carea' id='block_1_111' title="bbox 1067 2418 1851 2455">
    <p class='ocr_par' dir='ltr' id='par_1_111' title="bbox 1067 2418 1851 2455">
     <span class='ocr_line' id='line_1_111' title="bbox 1067 2418 1851 2455; baseline -0.005 -5"><span class='ocrx_word' id='word_1_805' title='bbox 1067 2423 1272 2454; x_wconf 82' lang='lat' dir='ltr'><strong>candelabrum,</strong></span> <span class='ocrx_word' id='word_1_806' title='bbox 1291 2429 1423 2454; x_wconf 88' lang='lat' dir='ltr'><strong>mensam,</strong></span> <span class='ocrx_word' id='word_1_807' title='bbox 1435 2425 1462 2448; x_wconf 89' lang='lat' dir='ltr'><strong>et</strong></span> <span class='ocrx_word' id='word_1_808' title='bbox 1475 2419 1607 2455; x_wconf 85' lang='lat' dir='ltr'><strong>quidquid</strong></span> <span class='ocrx_word' id='word_1_809' title='bbox 1623 2419 1696 2447; x_wconf 82' lang='lat' dir='ltr'><strong>aliud</strong></span> <span class='ocrx_word' id='word_1_810' title='bbox 1711 2418 1772 2451; x_wconf 82' lang='lat' dir='ltr'><strong>fuit,</strong></span> <span class='ocrx_word' id='word_1_811' title='bbox 1790 2419 1851 2447; x_wconf 86' lang='lat' dir='ltr'><strong>Ilie-</strong></span> 
     </span>
    </p>
   </div>
   <div class='ocr_carea' id='block_1_112' title="bbox 1067 2466 1853 2504">
    <p class='ocr_par' dir='ltr' id='par_1_112' title="bbox 1067 2466 1853 2504">
     <span class='ocr_line' id='line_1_112' title="bbox 1067 2466 1853 2504; baseline -0.005 -8"><span class='ocrx_word' id='word_1_812' title='bbox 1067 2469 1233 2504; x_wconf 70' lang='lat' dir='ltr'><strong>rosolymam</strong></span> <span class='ocrx_word' id='word_1_813' title='bbox 1250 2471 1468 2503; x_wconf 83' lang='lat' dir='ltr'><strong>comportatum,</strong></span> <span class='ocrx_word' id='word_1_814' title='bbox 1494 2474 1571 2494; x_wconf 84' lang='lat' dir='ltr'><strong>sacra</strong></span> <span class='ocrx_word' id='word_1_815' title='bbox 1587 2466 1614 2493; x_wconf 91' lang='lat' dir='ltr'><strong>in</strong></span> <span class='ocrx_word' id='word_1_816' title='bbox 1637 2466 1692 2493; x_wconf 63' lang='lat' dir='ltr'><strong>aede</strong></span> <span class='ocrx_word' id='word_1_817' title='bbox 1716 2466 1853 2501; x_wconf 76' lang='lat' dir='ltr'><strong>prophch</strong></span> 
     </span>
    </p>
   </div>
   <div class='ocr_carea' id='block_1_113' title="bbox 1065 2511 1851 2551">
    <p class='ocr_par' dir='ltr' id='par_1_113' title="bbox 1065 2511 1851 2551">
     <span class='ocr_line' id='line_1_113' title="bbox 1065 2511 1851 2551; baseline -0.006 -8"><span class='ocrx_word' id='word_1_818' title='bbox 1065 2516 1144 2551; x_wconf 80' lang='lat' dir='ltr'><strong>jussu</strong></span> <span class='ocrx_word' id='word_1_819' title='bbox 1157 2514 1289 2550; x_wconf 86' lang='lat' dir='ltr'><strong>reposuit,</strong></span> <span class='ocrx_word' id='word_1_820' title='bbox 1301 2513 1436 2547; x_wconf 89' lang='lat' dir='ltr'><strong>simulque</strong></span> <span class='ocrx_word' id='word_1_821' title='bbox 1448 2513 1610 2540; x_wconf 89' lang='lat' dir='ltr'><strong>immensum</strong></span> <span class='ocrx_word' id='word_1_822' title='bbox 1622 2511 1676 2539; x_wconf 84' lang='lat' dir='ltr'><strong>Deo</strong></span> <span class='ocrx_word' id='word_1_823' title='bbox 1688 2511 1851 2540; x_wconf 84' lang='lat' dir='ltr'><strong>sacriﬁcium</strong></span> 
     </span>
    </p>
   </div>
   <div class='ocr_carea' id='block_1_114' title="bbox 1070 2557 1853 2595">
    <p class='ocr_par' dir='ltr' id='par_1_114' title="bbox 1070 2557 1853 2595">
     <span class='ocr_line' id='line_1_114' title="bbox 1070 2557 1853 2595; baseline -0.006 -7"><span class='ocrx_word' id='word_1_824' title='bbox 1070 2561 1145 2595; x_wconf 82' lang='lat' dir='ltr'><strong>fecit,</strong></span> <span class='ocrx_word' id='word_1_825' title='bbox 1163 2561 1261 2588; x_wconf 87' lang='lat' dir='ltr'><strong>ovibus</strong></span> <span class='ocrx_word' id='word_1_826' title='bbox 1275 2559 1309 2587; x_wconf 88' lang='lat' dir='ltr'><strong>ad</strong></span> <span class='ocrx_word' id='word_1_827' title='bbox 1333 2559 1387 2586; x_wconf 92' lang='lat' dir='ltr'><strong>duo</strong></span> <span class='ocrx_word' id='word_1_828' title='bbox 1404 2566 1435 2586; x_wconf 84' lang='lat' dir='ltr'><strong>ac</strong></span> <span class='ocrx_word' id='word_1_829' title='bbox 1451 2558 1575 2593; x_wconf 85' lang='lat' dir='ltr'><strong>juvencis</strong></span> <span class='ocrx_word' id='word_1_830' title='bbox 1599 2558 1632 2585; x_wconf 90' lang='lat' dir='ltr'><strong>ad</strong></span> <span class='ocrx_word' id='word_1_831' title='bbox 1646 2558 1698 2584; x_wconf 86' lang='lat' dir='ltr'><strong>tria</strong></span> <span class='ocrx_word' id='word_1_832' title='bbox 1719 2557 1802 2584; x_wconf 85' lang='lat' dir='ltr'><strong>millia</strong></span> <span class='ocrx_word' id='word_1_833' title='bbox 1827 2563 1853 2584; x_wconf 86' lang='lat' dir='ltr'><strong>et</strong></span> 
     </span>
    </p>
   </div>
   <div class='ocr_carea' id='block_1_115' title="bbox 1068 2599 1852 2643">
    <p class='ocr_par' dir='ltr' id='par_1_115' title="bbox 1068 2599 1852 2643">
     <span class='ocr_line' id='line_1_115' title="bbox 1068 2599 1852 2643; baseline -0.006 -8"><span class='ocrx_word' id='word_1_834' title='bbox 1068 2608 1216 2643; x_wconf 75' lang='lat' dir='ltr'><strong>quingenta</strong></span> <span class='ocrx_word' id='word_1_835' title='bbox 1233 2607 1370 2634; x_wconf 85' lang='lat' dir='ltr'><strong>mactatis.</strong></span> <span class='ocrx_word' id='word_1_836' title='bbox 1387 2605 1518 2633; x_wconf 63' lang='lat' dir='ltr'><strong>Cmterum</strong></span> <span class='ocrx_word' id='word_1_837' title='bbox 1543 2605 1584 2632; x_wconf 81' lang='lat' dir='ltr'><strong>vis</strong></span> <span class='ocrx_word' id='word_1_838' title='bbox 1608 2604 1668 2631; x_wconf 89' lang='lat' dir='ltr'><strong>auri</strong></span> <span class='ocrx_word' id='word_1_839' title='bbox 1693 2599 1801 2636; x_wconf 87' lang='lat' dir='ltr'><strong>cuncta,</strong></span> <span class='ocrx_word' id='word_1_840' title='bbox 1826 2603 1852 2630; x_wconf 92' lang='lat' dir='ltr'><strong>in</strong></span> 
     </span>
    </p>
   </div>
   <div class='ocr_carea' id='block_1_116' title="bbox 1069 2650 1852 2686">
    <p class='ocr_par' dir='ltr' id='par_1_116' title="bbox 1069 2650 1852 2686">
     <span class='ocr_line' id='line_1_116' title="bbox 1069 2650 1852 2686; baseline -0.005 -6"><span class='ocrx_word' id='word_1_841' title='bbox 1069 2654 1212 2681; x_wconf 84' lang='lat' dir='ltr'><strong>columnas</strong></span> <span class='ocrx_word' id='word_1_842' title='bbox 1230 2653 1299 2679; x_wconf 87' lang='lat' dir='ltr'><strong>duas</strong></span> <span class='ocrx_word' id='word_1_843' title='bbox 1311 2673 1317 2685; x_wconf 87' lang='lat'><strong>,</strong></span> <span class='ocrx_word' id='word_1_844' title='bbox 1335 2660 1367 2678; x_wconf 89' lang='lat' dir='ltr'><strong>ac</strong></span> <span class='ocrx_word' id='word_1_845' title='bbox 1385 2651 1512 2686; x_wconf 86' lang='lat' dir='ltr'><strong>templum</strong></span> <span class='ocrx_word' id='word_1_846' title='bbox 1538 2650 1694 2677; x_wconf 88' lang='lat' dir='ltr'><strong>universum</strong></span> <span class='ocrx_word' id='word_1_847' title='bbox 1717 2653 1852 2685; x_wconf 61' lang='lat' dir='ltr'><strong>expetmt,</strong></span> 
     </span>
    </p>
   </div>
   <div class='ocr_carea' id='block_1_117' title="bbox 1071 2696 1853 2733">
    <p class='ocr_par' dir='ltr' id='par_1_117' title="bbox 1071 2696 1853 2733">
     <span class='ocr_line' id='line_1_117' title="bbox 1071 2696 1853 2733; baseline -0.005 -7"><span class='ocrx_word' id='word_1_848' title='bbox 1071 2700 1201 2726; x_wconf 86' lang='lat' dir='ltr'><strong>talentum</strong></span> <span class='ocrx_word' id='word_1_849' title='bbox 1217 2698 1267 2725; x_wconf 76' lang='lat' dir='ltr'><strong>fuit</strong></span> <span class='ocrx_word' id='word_1_850' title='bbox 1292 2698 1454 2733; x_wconf 72' lang='lat' dir='ltr'><strong>quadragies</strong></span> <span class='ocrx_word' id='word_1_851' title='bbox 1478 2697 1587 2729; x_wconf 71' lang='lat' dir='ltr'><strong>sexies;</strong></span> <span class='ocrx_word' id='word_1_852' title='bbox 1612 2696 1715 2731; x_wconf 77' lang='lat' dir='ltr'><strong>argenti</strong></span> <span class='ocrx_word' id='word_1_853' title='bbox 1739 2704 1803 2723; x_wconf 84' lang='lat' dir='ltr'><strong>vero</strong></span> <span class='ocrx_word' id='word_1_854' title='bbox 1826 2697 1853 2722; x_wconf 89' lang='lat' dir='ltr'><strong>in</strong></span> 
     </span>
    </p>
   </div>
   <div class='ocr_carea' id='block_1_118' title="bbox 1071 2743 1854 2779">
    <p class='ocr_par' dir='ltr' id='par_1_118' title="bbox 1071 2743 1854 2779">
     <span class='ocr_line' id='line_1_118' title="bbox 1071 2743 1854 2779; baseline -0.005 -6"><span class='ocrx_word' id='word_1_855' title='bbox 1071 2747 1162 2773; x_wconf 81' lang='lat' dir='ltr'><strong>clavos</strong></span> <span class='ocrx_word' id='word_1_856' title='bbox 1176 2752 1207 2772; x_wconf 84' lang='lat' dir='ltr'><strong>ac</strong></span> <span class='ocrx_word' id='word_1_857' title='bbox 1221 2745 1356 2779; x_wconf 82' lang='lat' dir='ltr'><strong>reliquum</strong></span> <span class='ocrx_word' id='word_1_858' title='bbox 1373 2749 1548 2778; x_wconf 86' lang='lat' dir='ltr'><strong>apparatum,</strong></span> <span class='ocrx_word' id='word_1_859' title='bbox 1563 2743 1741 2770; x_wconf 89' lang='lat' dir='ltr'><strong>ducentorum</strong></span> <span class='ocrx_word' id='word_1_860' title='bbox 1759 2751 1791 2769; x_wconf 90' lang='lat' dir='ltr'><strong>ac</strong></span> <span class='ocrx_word' id='word_1_861' title='bbox 1807 2743 1854 2769; x_wconf 91' lang='lat' dir='ltr'><strong>tri-</strong></span> 
     </span>
    </p>
   </div>
   <div class='ocr_carea' id='block_1_119' title="bbox 1071 2791 1853 2827">
    <p class='ocr_par' dir='ltr' id='par_1_119' title="bbox 1071 2791 1853 2827">
     <span class='ocr_line' id='line_1_119' title="bbox 1071 2791 1853 2827; baseline -0.006 -7"><span class='ocrx_word' id='word_1_862' title='bbox 1071 2794 1144 2827; x_wconf 76' lang='lat' dir='ltr'><strong>ginta</strong></span> <span class='ocrx_word' id='word_1_863' title='bbox 1156 2793 1239 2820; x_wconf 89' lang='lat' dir='ltr'><strong>duutn</strong></span> <span class='ocrx_word' id='word_1_864' title='bbox 1253 2799 1334 2826; x_wconf 90' lang='lat' dir='ltr'><strong>supra</strong></span> <span class='ocrx_word' id='word_1_865' title='bbox 1347 2793 1435 2823; x_wconf 80' lang='lat' dir='ltr'><strong>mille;</strong></span> <span class='ocrx_word' id='word_1_866' title='bbox 1447 2792 1508 2819; x_wconf 78' lang='lat' dir='ltr'><strong>:eris</strong></span> <span class='ocrx_word' id='word_1_867' title='bbox 1521 2791 1648 2826; x_wconf 86' lang='lat' dir='ltr'><strong>denique,</strong></span> <span class='ocrx_word' id='word_1_868' title='bbox 1660 2791 1686 2818; x_wconf 85' lang='lat' dir='ltr'><strong>in</strong></span> <span class='ocrx_word' id='word_1_869' title='bbox 1701 2798 1853 2821; x_wconf 78' lang='lat' dir='ltr'><strong>co-umnas,</strong></span> 
     </span>
    </p>
   </div>
   <div class='ocr_carea' id='block_1_120' title="bbox 1071 2837 1854 2874">
    <p class='ocr_par' dir='ltr' id='par_1_120' title="bbox 1071 2837 1854 2874">
     <span class='ocr_line' id='line_1_120' title="bbox 1071 2837 1854 2874; baseline -0.006 -7"><span class='ocrx_word' id='word_1_870' title='bbox 1071 2840 1175 2867; x_wconf 90' lang='lat' dir='ltr'><strong>labrum</strong></span> <span class='ocrx_word' id='word_1_871' title='bbox 1191 2844 1217 2866; x_wconf 83' lang='lat' dir='ltr'><strong>et</strong></span> <span class='ocrx_word' id='word_1_872' title='bbox 1235 2839 1379 2874; x_wconf 82' lang='lat' dir='ltr'><strong>porticum.</strong></span> <span class='ocrx_word' id='word_1_873' title='bbox 1396 2839 1591 2874; x_wconf 63' lang='lat' dir='ltr'><strong>quinquaginta</strong></span> <span class='ocrx_word' id='word_1_874' title='bbox 1608 2846 1688 2872; x_wconf 85' lang='lat' dir='ltr'><strong>supra</strong></span> <span class='ocrx_word' id='word_1_875' title='bbox 1704 2837 1854 2864; x_wconf 82' lang='lat' dir='ltr'><strong>octodecim</strong></span> 
     </span>
    </p>
   </div>
   <div class='ocr_carea' id='block_1_121' title="bbox 1072 2882 1854 2921">
    <p class='ocr_par' dir='ltr' id='par_1_121' title="bbox 1072 2882 1854 2921">
     <span class='ocr_line' id='line_1_121' title="bbox 1072 2882 1854 2921; baseline -0.006 -7"><span class='ocrx_word' id='word_1_876' title='bbox 1072 2886 1164 2914; x_wconf 80' lang='lat' dir='ltr'><strong>millia.</strong></span> <span class='ocrx_word' id='word_1_877' title='bbox 1190 2885 1275 2913; x_wconf 81' lang='lat' dir='ltr'><strong>Porro</strong></span> <span class='ocrx_word' id='word_1_878' title='bbox 1302 2884 1443 2921; x_wconf 60' lang='lat' dir='ltr'><strong>Egyptios</strong></span> <span class='ocrx_word' id='word_1_879' title='bbox 1469 2893 1499 2912; x_wconf 91' lang='lat' dir='ltr'><strong>ac</strong></span> <span class='ocrx_word' id='word_1_880' title='bbox 1522 2884 1683 2918; x_wconf 69' lang='lat' dir='ltr'><strong>l‘htnniccs,</strong></span> <span class='ocrx_word' id='word_1_881' title='bbox 1709 2883 1801 2910; x_wconf 76' lang='lat' dir='ltr'><strong>divisis</strong></span> <span class='ocrx_word' id='word_1_882' title='bbox 1826 2882 1854 2909; x_wconf 81' lang='lat' dir='ltr'><strong>in</strong></span> 
     </span>
    </p>
   </div>
  </div>
