2091 3208
215 168 267 197 75‘!

784 168 945 197 PREPAR.
965 169 1090 198 EVANG.
1110 170 1173 199 LIB.
1193 170 1238 198 lx.

1786 172 1838 200 758

219 229 371 266 Ἀρισταῖος
385 228 414 255 έν
424 227 463 264 τῷ
475 229 606 264 γραφέντι
619 228 694 264 αὖτῷ
707 227 800 265 βιϐλίῳ
816 230 880 265 περὶ
890 229 938 265 τῆς
953 230 999 266 ἐρ-

1051 230 1271 266 interpretatione
1284 229 1457 265 conscripsit,
1473 229 1507 257 de
1521 230 1601 265 aquis
1613 229 1667 257 illis
1680 230 1838 267 Hierosol-y-
1857 264 1860 269 ν

216 276 328 312 μηνείας
342 275 389 301 τοῦ
400 275 455 301 τῶν
474 275 608 302 Ἰουδαίων
621 274 704 310 νόμου
719 274 805 302 ταῦτα
816 275 927 311 ἱστορεῖ·
939 285 949 301 ε
970 276 1000 302 '0

211 321 240 348 δὲ
257 319 331 352 οἶκος
357 320 506 347 ἀποϐλέπει
523 320 592 355 πρὸς
616 319 668 355 ἠῶ,
692 320 727 347 τὰ
752 320 776 346 δ’
794 321 905 348 ὀπίσθια
918 321 1000 349 αὑτοῦ

213 366 282 402 πρὸς
296 366 425 402 ἑσπέραν.
439 365 475 392 Τὺ
489 365 517 392 δὲ
536 366 590 393 πᾶν
605 365 703 400 ἔδαφος
722 365 902 401 λιθόστρωτον
935 366 1002 394 καθ-

214 412 323 448 έστηκε,
346 412 392 438 καὶ
403 411 522 447 κλίματα
543 411 613 448 πρὸς
637 412 700 443 τοὺς
714 411 884 447 καθήκοντας
902 412 1001 445 τόπους

213 457 269 493 ἔχει
283 458 333 492 τῆς
349 457 404 484 τῶν
416 457 519 483 ὑδάτων
535 457 666 493 ὲπιρροἦς
680 456 783 488 ἕνεκεν,
798 457 815 493 ἢ
837 457 940 491 γίνεται
957 457 1001 484 διὰ

212 503 262 539 τὴν
286 503 385 539 σμῆξιν
400 502 455 529 τῶν
469 502 522 529 ἀπὸ
533 502 587 532 τῷν
612 501 712 529 θυσιῶν
736 502 875 538 αἱμάτων*
905 503 1001 530 πολλαὶ

213 551 266 586 γὰρ
284 550 411 585 μυριάδες
421 549 527 585 κτηνῶν
535 549 716 584 προσάγονται
729 549 800 576 κατὰ
814 549 863 581 τὰς
872 550 926 576 τῶν
941 550 1001 586 ἑορ-

213 597 267 624 τῶν
285 597 401 632 ἡμέρας.
417 596 532 627 Ὕδατος
545 596 572 622 δὲ
592 595 768 627 ἁνέκλειπτός
781 595 838 622 ἐστι
860 595 999 628 σύστασις,

213 643 251 675 ὡς
264 643 297 670 ἂν
314 643 361 669 καὶ
372 642 463 678 πηγῆς
473 641 574 669 ἔσωθεν
594 641 763 678 πολυρῤύτου
784 641 906 676 φυσικῶς
923 642 1000 677 ὲπιῤ-

215 688 338 724 ῥεούσης,
355 689 394 715 ἔτι
404 689 432 715 δὲ
447 687 607 723 θαυμασίων
622 688 668 715 καὶ
682 687 837 723 ἀδιηγήτων
848 688 1000 724 ὑποδοχέων

213 735 390 771 ὑπαρχόντων
403 733 457 761 ὑπὸ
467 734 528 769 γῆν,
544 733 635 766 καθὼς
649 733 805 768 ὲπέφαινον,
832 734 912 760 πέντε
935 742 999 760 στα-

212 780 275 807 δίων
290 779 421 807 κυκλόθεν
436 779 486 814 τῆς
500 779 571 806 κατὰ
586 780 617 805 τὸ
642 779 714 815 ἱερὸν
729 779 891 814 καταὸολῆς,
909 780 955 807 καὶ
969 780 1000 806 ὲκ

212 825 314 853 τούτων
334 825 466 861 σύριγγας
492 825 659 861 ἀναρίθμους
689 824 750 852 καθ’
772 825 887 852 ἕκαστον
918 825 1000 861 μέρος

212 873 323 904 ἑαυταῖς
346 872 536 902 συναπτόντων
560 871 614 898 τῶν
641 871 794 907 ῥευμάτων.
825 871 880 899 Καὶ
912 871 999 898 ταῦτα

1051 277 1154 304 mitana
1169 277 1237 304 urbe
1261 276 1409 304 ﬂuentibus
1427 276 1472 303 ita.
1491 282 1606 303 narrat:
1634 285 1644 302 ε
1673 275 1814 311 Templum
1827 298 1836 310 ,
1857 276 1862 303 ε

1052 323 1150 358 inquit,
1167 331 1181 351 a
1200 323 1288 350 l'ronte
1304 327 1393 350 ortum
1408 343 1416 355 ,
1437 330 1566 351 occasum
1584 330 1599 350 a
1623 327 1699 358 tergo
1721 327 1835 358 spectat.

1052 369 1146 396 Solum
1171 368 1231 403 ejus
1256 368 1414 396 universum
1439 367 1529 403 lapide
1551 372 1664 395 stratum
1679 388 1687 401 ,
1712 368 1838 401 idemque

1051 414 1133 441 certis
1148 419 1175 441 et
1189 414 1349 448 opportunis
1366 414 1393 441 in
1415 414 1482 442 locis
1503 415 1644 447 declivius,
1661 423 1715 451 quo
1729 415 1838 444 facilius

1051 467 1129 495 aqua:
1144 460 1302 493 decurrant,
1321 460 1421 495 quibus
1437 460 1471 488 ad
1488 460 1698 497 abstergendum
1713 462 1839 490 victima-

1051 513 1112 532 rum
1137 506 1296 541 sanguinem
1322 507 1506 540 pavimentum
1531 508 1618 542 prolui
1642 514 1753 534 necesse
1775 498 1837 539 est,

1050 550 1122 585 quod
1138 551 1222 577 multa
1240 558 1368 585 pecorum
1384 551 1467 579 millia
1480 552 1578 580 diebus
1595 551 1670 580 festis
1694 552 1838 579 immolen-

1051 600 1104 622 tur.
1126 595 1165 622 Ac
1184 596 1311 630 perennis
1336 596 1444 631 quidem
1471 601 1613 632 propterea
1637 601 1679 625 est
1704 604 1837 632 aquarum

1050 639 1186 674 ejusmodi
1204 640 1244 667 \is
1260 644 1341 675 atque
1356 640 1583 676 collectio,,quod
1599 649 1660 669 eum
1676 649 1709 669 ex
1726 641 1838 669 interio-

1050 686 1127 712 ribus
1145 685 1195 713 soli
1213 685 1366 715 visceribus
1379 707 1387 719 ,
1403 686 1467 714 fons
1488 687 1597 721 quidam
1621 687 1788 719 uberrimus,
1805 695 1838 715 ac

1051 731 1184 766 plurimas
1198 736 1289 760 sectus
1302 732 1330 760 in
1351 740 1443 766 venas,
1458 740 1496 760 eo,
1506 733 1565 761 loco
1578 733 1671 761 nativo
1692 741 1774 761 cursu
1792 733 1836 760 in-

1053 777 1139 811 ﬂuat;
1158 782 1215 806 tum
1230 786 1295 806 vero
1317 779 1456 807 mirabiles
1470 784 1600 814 praterea
1622 779 1691 812 tubi,
1708 779 1838 814 omnique

1050 824 1176 852 oratione
1199 825 1316 860 majores
1338 826 1389 854 sub
1413 831 1512 853 terram
1537 826 1668 853 elaborati
1691 825 1762 858 sint,
1777 825 1835 860 qui,

1050 875 1184 906 quantum
1195 878 1228 899 ex
1242 871 1303 899 visu
1317 872 1453 907 conjicere
1466 871 1538 905 licet,
1550 872 1670 907 quinque
1685 871 1835 899 stadiorum

211 918 300 945 πάντα
314 917 536 953 μεμολυϐδῶσθαι
554 917 613 943 κατ’
629 917 742 951 ἐδάφους
757 917 803 944 καί¹
819 917 979 953 τῶνιτοίχων
989 925 996 933 ⁸

1051 917 1124 944 circa
1143 917 1234 953 templi
1249 917 1349 946 molem
1365 927 1461 954 gyrum
1484 918 1612 950 eiliciant,
1626 926 1659 945 ex
1675 917 1775 953 quibus
1794 917 1835 943 in-

211 963 258 990 ὲπὶ
280 963 310 990 δὲ
328 963 432 990 τούτων
458 960 588 998 κεχύσθαι
617 962 686 989 πολὺ
713 962 814 998 πλῆθος
840 962 996 995 κονιάσεως,

210 1007 329 1043 ἐνεργῶς
340 1007 530 1043 γεγενημένων
543 1007 679 1034 ἁπάντων.
698 1016 708 1033 ι

1051 963 1234 991 numerabiles
1251 962 1444 999 ESA‘ﬁstulm
1465 964 1499 991 ad
1515 964 1600 991 latera
1616 962 1721 998 singula
1736 962 1836 998 produ-

1052 1012 1160 1043 cantur,
1174 1009 1275 1044 quibus
1289 1018 1366 1045 aqua:
1379 1010 1507 1038 omnibus
1521 1018 1553 1038 ex
1567 1009 1690 1045 partibus
1700 1008 1836 1037 conﬂuen-

211 1062 252 1085 tes
271 1062 426 1093 egerantur.
442 1058 530 1094 Atque
546 1058 604 1085 lucc
622 1057 726 1090 omnia,
743 1057 841 1092 partim
875 1057 910 1085 ad
931 1057 1126 1093 pavimentum,
1151 1059 1249 1093 partim
1274 1058 1307 1085 ad
1339 1058 1412 1094 ipsos
1435 1066 1543 1093 quoque
1576 1057 1716 1093 parietes,
1753 1062 1835 1090 opere

211 1103 377 1139 plumbario,
396 1103 485 1132 infusa
507 1104 624 1139 desuper
652 1103 678 1131 vi
708 1111 806 1140 magna
833 1104 926 1137 calcis,
960 1103 1154 1138 adhaerescere,
1187 1105 1309 1141 adeoque
1320 1105 1451 1140 singulari
1466 1111 1493 1133 et
1506 1109 1632 1133 accurata
1642 1103 1764 1139 quadam
1776 1105 1835 1130 arte

211 1157 337 1180 constare
350 1152 455 1180 scribit.
472 1161 481 1178 ι

466 1198 663 1227 ΚΕΦΑΛΔῘΟΝ
676 1197 737 1226 ΛΘ’.

262 1254 453 1290 Εὐπολέμου,
464 1254 531 1288 περὶ
554 1254 690 1290 Ἱερεμίου
708 1254 762 1282 τοῦ
776 1254 939 1288 προφήτου.

250 1311 312 1338 Ἐπὶ
322 1312 438 1345 τούτοις,
466 1311 513 1339 καὶ
534 1311 584 1348 τῆς
611 1311 742 1348 Ἱερεμίου
760 1312 928 1348 προφητείας
948 1312 995 1339 τοῦ

210 1358 388 1394 Πολυΐστορος
403 1358 512 1394 μνήμην
521 1357 721 1398 πεποιημένου,
744 1358 819 1394 ἡμᾶς
841 1358 998 1394 ἀποσιωπῆ-

210 1413 255 1431 σαι
271 1404 373 1440 ταύτην
389 1404 497 1432 πάντων
513 1405 546 1431 ἂν
567 1404 609 1439 εἴη
625 1403 864 1440 παραλογώτατον.
889 1403 998 1431 Κείσθω

209 1450 297 1477 τοίνυν
316 1451 364 1477 καὶ
379 1450 461 1486 αὓτη·
483 1459 492 1476 ι
506 1448 573 1477 Εἶτα
591 1450 729 1486 Ἰωακείμ.
749 1450 910 1476 Ἐπὶτούτου
931 1458 1000 1486 προ-

209 1496 342 1531 φητεῦσαι
365 1497 498 1532 Ἰερεμίαν
511 1496 556 1523 τὸν
570 1497 721 1532 προφήτην.
746 1496 864 1529 Τοῦτον,
884 1497 936 1524 ὑπὸ
951 1497 998 1524 τοῦ

209 1543 277 1570 Θεοῦ
295 1543 492 1576 ἀποσταλέντα,
518 1543 681 1571 καταλαϐεῖν
699 1544 763 1575 τοὺς
790 1543 932 1576 Ἰουδαίους
952 1543 999 1570 θυ-

209 1589 352 1621 σιάζοντας
369 1589 470 1625 εἰδώλῳ
483 1589 585 1625 χρυσῷ,
602 1586 625 1624 ᾧ
639 1587 709 1617 εἶναι
729 1589 815 1626 ὄνομα
831 1590 914 1617 Βάαλ.
931 1590 1000 1618 Τοῦ-
1012 1608 1033 1637 C

209 1644 254 1663 τον
268 1636 295 1663 δὲ
312 1636 403 1669 αὐτοῖς
426 1636 474 1672 τὴν
492 1637 643 1672 μέλλουσαν
660 1638 775 1674 ἀτυχίαν
797 1637 926 1674 δηλῶσαι.
946 1637 999 1664 Τὸν

208 1681 238 1709 δὲ
255 1683 383 1718 Ἰωακεὶμ
401 1683 489 1716 ζῶντα
513 1683 594 1710 αὐτὸν
612 1684 788 1711 ἐπιϐαλέσθαι
810 1683 979 1711 κατακαῦσαι
990 1693 997 1700 ·

209 1728 255 1757 τὸν
266 1728 295 1755 δὲ
311 1728 394 1763 φάναι
415 1730 471 1760 τοῖς
493 1729 581 1762 ξύλοις
602 1729 706 1761 τούτοις
733 1729 913 1761 Βαὸυλωνίοις
934 1729 997 1763 ὀψο-

210 1774 344 1809 ποιήσειν,
362 1774 536 1810 καὶσκάψειν
552 1775 602 1806 τὰς
615 1775 662 1801 τοῦ
677 1775 812 1810 Τίγριδος,
823 1775 869 1802 καὶ
887 1775 997 1811 Εὐφρά-

209 1827 257 1846 του
270 1819 405 1855 διώρυχας
415 1820 691 1856 αἰχμαλωτισθέντας.
708 1821 759 1847 Τὸν
772 1820 801 1847 δὲ
811 1821 864 1851 τῶν
875 1822 911 1847 Ba
917 1821 999 1848 ϐυλω-

210 1865 275 1892 νίων
288 1865 401 1901 βασιλέα
426 1866 581 1895 ἀκούσαντα
595 1866 830 1902 Ναϐουχοδονόσορ
844 1866 877 1893 τὰ
887 1867 939 1893 ὑπὸ
951 1866 997 1893 τοῦ

215 1911 346 1948 Ἱερεμίου
365 1911 612 1948 προμαντευθέντα,
629 1911 818 1948 παρακαλέσαι
835 1912 998 1947 Ἀστιϐάρην

209 1957 254 1986 τὸν
269 1958 370 1993 Μήδων
380 1957 489 1993 βασιλέα
501 1957 694 1993 συστρατεύειν
704 1957 787 1992 αὐτῷ.
802 1957 998 1993 Παραλαϐόντα

208 1999 238 2026 δὲ
250 1999 437 2031 Βαϐυλωνίους
448 1999 495 2026 καὶ
509 1999 628 2034 Μήδους,
643 1999 690 2025 καὶ
705 1999 894 2033 συναγαγόντα
907 1999 998 2031 πεζῶν

211 2046 261 2081 μὲν
271 2045 467 2076 ὀκτωκαίδεκα,
487 2045 591 2071 ῑππέων
603 2045 632 2071 δὲ
657 2045 792 2080 μυριάδας
809 2044 929 2079 δώδεκα,
951 2045 998 2072 καὶ

210 2091 300 2124 πεζῶν
320 2091 435 2127 ἅρματα
457 2090 552 2126 μύρια,
571 2091 678 2126 πρῶτον
692 2091 741 2126 μὲν
764 2090 813 2126 τὴν
834 2091 997 2126 Σαμαρεῖτιν

209 2137 462 2174 καταστρέψασθαι,
477 2137 524 2164 καὶ
536 2137 692 2169 Γαλιλαίαν,
707 2137 753 2164 καλ⁸
763 2136 938 2169 Σκυθόπολιν,
951 2138 997 2167 καὶ

208 2186 273 2216 τοὺς
287 2186 317 2211 ὲν
332 2185 365 2220 τῇ
379 2184 523 2214 Γαλαατίδι
536 2184 677 2215 οἰκοῦντας
693 2182 849 2214 Ἰουδαίους·
876 2180 954 2214 αὖθις
967 2182 996 2209 δὲ

208 2229 244 2262 τὰ
266 2229 437 2265 Ἰεροσόλυμα
451 2230 630 2266 παραλαϐεῖν,
643 2229 689 2257 καὶ
701 2229 746 2255 τὸν
767 2228 900 2255 Ἰουδαίων
921 2227 996 2263 βασι-

1312 1195 1426 1226 CAPUT
1451 1196 1571 1224 XXXIX.

1182 1254 1219 1282 De
1230 1253 1346 1282 Ieremia
1359 1255 1495 1290 propheta,
1507 1263 1538 1282 ex
1553 1254 1706 1291 Eupokmo.

1084 1311 1119 1338 At
1133 1311 1217 1343 enim,
1230 1318 1291 1338 cum
1304 1310 1429 1338 laudatus
1444 1318 1526 1345 supra
1544 1309 1698 1346 Polyhistor
1710 1309 1834 1338 Ieremia

1050 1364 1159 1392 quoque
1174 1356 1322 1391 prophetiae
1342 1355 1507 1387 meminerit,
1526 1356 1724 1388 ineptissimum
1739 1356 1833 1391 utique

1049 1401 1131 1433 foret,
1148 1401 1219 1429 hanc
1235 1408 1250 1428 a
1274 1401 1353 1428 nobis
1370 1401 1478 1428 silentio
1501 1400 1642 1436 praeteriri.
1665 1400 1731 1427 Eam
1753 1400 1835 1436 igitur

1050 1447 1103 1475 hoc
1115 1447 1196 1475 etiam
1210 1447 1270 1474 loco
1284 1451 1448 1474 attexamus.
1468 1456 1478 1472 ι
1496 1446 1565 1473 Tum
1589 1446 1770 1478 Joachimum,
1791 1447 1833 1473 in-

1049 1491 1117 1527 quit,
1132 1498 1244 1526 regnum
1260 1491 1412 1526 capessisse
1426 1512 1434 1524 ,
1451 1491 1530 1526 cujus
1554 1496 1676 1526 tempore
1703 1490 1833 1519 Jeremias

1049 1536 1179 1573 propheta
1195 1537 1306 1565 oracula
1321 1544 1369 1564 sua
1384 1536 1508 1564 ediderit.
1523 1536 1637 1572 Quippe,
1657 1537 1728 1564 hunc
1746 1544 1760 1563 a
1778 1536 1833 1564 Deo

1050 1584 1176 1615 missum,
1190 1582 1310 1615 Iudaeos,
1326 1582 1432 1610 interim
1447 1583 1511 1610 dum
1526 1583 1598 1610 idolo
1612 1583 1718 1610 cuidam
1732 1590 1832 1614 aureo,

1051 1628 1159 1656 Baalem
1175 1629 1319 1661 vocabant,
1344 1627 1510 1655 sacriﬁcium
1527 1627 1656 1661 facerent,
1681 1627 1832 1662 deprehen-

1050 1675 1133 1708 disse,
1146 1675 1243 1710 quibus
1256 1668 1653 1710 impendentemsealamitatem
1667 1673 1831 1709 praedixerit.

1050 1722 1089 1750 Ac
1104 1721 1275 1749 Joaebimum
1294 1721 1415 1756 quidem,
1435 1720 1526 1747 vivum
1541 1720 1616 1747 illum
1639 1727 1671 1747 ac
1684 1719 1831 1754 spirantem

1048 1775 1172 1796 cremare
1182 1767 1302 1795 voluisse
1313 1775 1319 1793 :
1332 1771 1360 1794 at
1370 1771 1466 1794 contra
1475 1766 1649 1794 denuntiasse
1661 1765 1832 1801 prophetam,

1048 1812 1100 1840 hoc
1114 1819 1162 1840 eos
1179 1812 1316 1847 lignorum
1337 1819 1433 1846 genere
1451 1811 1606 1846 Babyloniis
1621 1811 1736 1839 obsonia
1754 1818 1834 1838 cura-

1048 1863 1136 1890 turos,
1150 1861 1177 1885 et
1192 1857 1301 1885 canales
1313 1857 1346 1884 ad
1359 1857 1519 1884 derivandas
1533 1856 1623 1892 Tigris
1638 1860 1665 1884 et
1687 1855 1832 1891 Euphratis

1048 1904 1136 1932 undas
1152 1903 1275 1931 t‘ossuros
1300 1910 1375 1936 esse,
1391 1907 1570 1937 posteaquam
1586 1910 1680 1930 eorum
1693 1903 1720 1930 in
1735 1910 1833 1930 manus

1049 1958 1080 1978 ac
1095 1954 1257 1986 potestatem
1271 1950 1418 1978 venissent.
1446 1948 1539 1983 Itaque
1553 1947 1830 1975 Nabucodonosorem

1049 1997 1258 2033 Babyloniorum
1273 2003 1375 2030 regem,
1392 1996 1438 2023 ubi
1451 2003 1524 2027 rem,
1540 1994 1677 2030 quomodo
1700 1995 1734 2021 ah
1758 1993 1832 2022 lere-

1048 2043 1102 2070 mia
1114 2041 1296 2077 praenuntiata
1317 2040 1419 2072 fuerat,
1434 2040 1599 2072 rescivisset,
1616 2039 1759 2066 Astibaren
1777 2038 1832 2065 Me-

1047 2089 1144 2116 dorum
1170 2095 1272 2123 regem,
1293 2087 1334 2114 uti
1349 2086 1431 2122 hujus
1460 2084 1641 2120 expeditionis
1664 2084 1756 2112 socius
1770 2091 1832 2112 esse

1046 2133 1136 2165 vellet,
1158 2133 1337 2166 obsecrasse;
1352 2132 1552 2167 conjunctoque
1569 2130 1778 2166 Babyloniorum
1798 2138 1830 2158 ac

1046 2179 1187 2207 Medorum
1211 2179 1330 2207 exercitu
1344 2198 1352 2211 ,
1378 2178 1425 2213 qui
1453 2182 1551 2214 praeter
1578 2178 1671 2205 decem
1698 2184 1830 2204 curruum

1046 2226 1130 2253 millia
1141 2246 1149 2259 ,
1173 2225 1293 2260 peditum
1310 2225 1447 2259 octoginta
1464 2232 1546 2259 supra
1563 2228 1669 2252 centum
1684 2243 1691 2256 ,
1708 2224 1830 2258 equitum

209 2274 258 2303 λέα
279 2275 406 2310 Ἰωακεὶμ
420 2275 577 2312 ιζωγρῆσαι.
600 2275 652 2302 Τὸν
673 2275 702 2304 δὲ
726 2273 825 2310 χρυσὸν
843 2274 890 2301 τὸν
908 2275 936 2300 ὲν
956 2273 995 2309 τῷ

1048 2279 1110 2300 vero
1124 2276 1234 2299 centum
1250 2279 1282 2299 ac
1293 2271 1389 2307 viginti
1406 2271 1527 2298 millibus
1543 2274 1693 2302 constaret,
1710 2269 1829 2304 primum

209 2320 286 2357 ἱερῷ,
304 2322 351 2348 καὶ
362 2321 491 2357 ἄργυρον,
505 2322 552 2348 καὶ
565 2321 663 2357 χαλκὸν
674 2320 832 2353 ἐκλέξαντα,
859 2320 899 2351 είς
910 2319 998 2346 Βαϐυ-

207 2366 283 2396 λῶνα
297 2367 453 2394 ἀποστεῖλαι
466 2368 550 2403 χωρὶς
561 2367 611 2401 τῆς
622 2366 738 2394 κιϐωτοῦ
753 2365 799 2395 χαὶ
816 2365 870 2392 τῶν
884 2366 912 2392 έν
927 2365 996 2400 αὐτῇ

210 2413 333 2440 πλακῶν.
349 2413 456 2448 Ταύτην
470 2413 499 2440 δὲ
512 2413 558 2439 τὸν
579 2412 711 2449 Ἱερεμίαν
727 2413 882 2447 κατασχεῖν.
895 2422 905 2439 ι

1045 2318 1165 2353 quidem,
1180 2317 1332 2345 Samariam
1347 2339 1354 2350 ,
1370 2317 1518 2350 Galilzam,
1533 2316 1728 2352 Scythopolim,
1739 2319 1765 2342 et
1779 2314 1829 2342 Ju-

1045 2365 1119 2392 ἀθέου
1141 2363 1307 2391 Galaatidem
1333 2363 1483 2391 incolentes
1507 2363 1657 2390 delevisse:
1674 2369 1738 2388 mox
1764 2369 1829 2388 vero

1045 2410 1131 2445 ipsam
1146 2417 1255 2445 quoque
1265 2409 1491 2445 Hierosolymam,
1503 2408 1727 2442 Joachimumque
1738 2414 1827 2442 regem

208 2459 301 2486 vivum
333 2458 449 2493 cepisse,
476 2463 503 2486 et
517 2458 649 2493 quidquid
669 2458 695 2484 in
712 2458 811 2492 templo
825 2457 895 2488 auri,
919 2456 1022 2492 argenti
1041 2456 1156 2491 terisque
1172 2456 1400 2490 fuit,'detraetum
1425 2455 1587 2490 Babylonem
1603 2453 1720 2488 misisse,
1732 2459 1829 2489 praeter

209 2514 314 2540 arcam,
326 2510 354 2534 et
368 2507 488 2534 inclusas
502 2506 528 2533 in
544 2513 575 2533 ea
590 2505 714 2533 tabulas:
737 2505 808 2532 hanc
821 2505 893 2532 enim
908 2512 991 2540 penes
1008 2504 1153 2532 Jeremiam
1171 2504 1344 2532 remansisse.
1356 2515 1365 2530 ι

472 2551 671 2578 ΚΕΦΑΛΑΙΟΝ
693 2549 738 2577 Μ’.

208 2606 458 2642 Βηρωσσοῦφι),
476 2606 542 2640 περὶ
571 2605 627 2642 τῆς

243 2642 323 2674 σίας,
336 2643 390 2675 τῆς
403 2641 463 2669 ὑπὸ
474 2641 754 2675 Ναϐουχοδονόσορ·
776 2641 825 2667 καὶ
845 2641 911 2674 περὶ
934 2641 994 2668 τῶν

241 2676 397 2708 ,βασιλέων
408 2676 463 2710 τῆς
480 2676 658 2708 Βαϐυλῶνος
677 2675 735 2703 ἀπὸ
760 2675 812 2702 τοῦ
839 2677 993 2703 Ναόοπαλ-

242 2712 379 2779 λρῖσάρου
393 2711 478 2746 μέχρι
494 2712 568 2746 πρὸς
583 2712 635 2738 τὸν
650 2711 761 2744 Κῦρον·
777 2711 837 2738 ἀπὸ
855 2711 914 2737 τῶν
935 2712 990 2738 Ἰω-

241 2755 264 2773 σ
285 2754 355 2773 που.

246 2801 257 2817 ι
272 2791 383 2823 Τούτοις
398 2791 562 2826 ἐπισυνάψαι
576 2792 723 2825 ἀναγκαῖον
734 2791 782 2818 καὶ
804 2791 838 2818 τὰ
857 2791 931 2826 περὶ
942 2791 991 2826 τῆς

661 2605 822 2646 Ἰουδαίων¹
843 2606 993 2646 αἰχμαλω-

1339 2547 1454 2576 CAPUT
1480 2547 1535 2575 XL.

1042 2606 1167 2643 555Ex
1177 2606 1286 2637 Beraso,
1296 2612 1369 2665 (gem
1376 2603 1505 2635 lost-phus
1516 2602 1620 2634 laudat,
1626 2602 1664 2631 ,de
1670 2602 1827 2639 ludrrarupt

1075 2642 1229 2665 captivitate
1242 2640 1289 2665 sub
1328 2639 1558 2665 abuchodonosore
1569 2646 1577 2665 :
1591 2638 1673 2665 deuue
1683 2638 1826 2665 Babulonis

1075 2638 1229 2676 Ea'plivitate
1242 2640 1289 2676 sub
1298 2638 1558 2676 Nabuchodonosore
1568 2646 1577 2669 ;
1591 2638 1826 2676 άειιιιςθαὺμίοῃῖδ

1076 2673 1189 2710 regibus,
1213 2684 1229 2702 a
1247 2674 1475 2709 Nabopallasara,
1504 2681 1584 2708 usque
1604 2674 1637 2699 ad
1657 2673 1766 2708 Cyrum.
1787 2673 1826 2699 ha:

1075 2705 1198 2746 ldaepho.

1082 2799 1090 2815 ι
1109 2788 1156 2817 His
1170 2796 1262 2824 porro,
1277 2788 1432 2816 Judtcorum
1459 2787 1540 2815 ctiam
1557 2788 1737 2823 captivitatem
1757 2791 1825 2814 atto-

243 2851 300 2885 (9l)
320 2851 493 2884 Βηρωσσοῦ.
514 2850 649 2878 Eximium
672 2851 804 2886 planeque
819 2846 931 2879 aureum
948 2855 990 2879 est
1009 2851 1059 2879 hoc
1085 2850 1194 2878 Berossi
1206 2849 1403 2885 fragmentum,
1429 2848 1500 2883 quod
1521 2847 1652 2884 Joscphus
1679 2848 1725 2876 lib.
1752 2857 1769 2876 ι.
1798 2848 1823 2874 in

210 2887 345 2921 Apionem,
358 2893 418 2921 pag.
433 2886 500 2914 loti
515 2891 543 2914 et
560 2886 640 2919 1043,
657 2887 836 2915 conservavit.
