2091 3208
297 173 351 202 753

618 172 754 200 EUSEBH
770 171 1009 201 CAESARIENSIS
1029 172 1071 200 ΟΡ

1121 170 1219 200 PARS‘
1228 172 1261 200 Π.
1280 170 1320 191 —-'
1331 160 1587 198 APOLOGETICA,

1862 167 1915 195 780

296 241 370 266 lere,
388 241 470 268 quam
483 241 498 261 a
514 232 785 261 Nubuchodonosore
801 235 874 268 passi
900 239 974 266 sunt,
994 242 1071 269 opera

1140 227 1273 259 Ἰουδαίων
1288 230 1475 266 αἰχμαλωσίας
1488 231 1538 265 τῆς
1554 229 1605 256 ὑπὸ
1621 227 1861 263 Ναϐουχοδονόσορ,
1873 227 1913 262 ὃς,

295 280 413 315 pretium
441 279 532 307 fuerit.
558 279 583 306 ls
607 280 680 307 enim
694 280 778 307 motis
796 281 823 307 in
839 280 966 308 rebellem
983 281 1080 314 copiis,

294 325 368 360 justa
394 325 495 353 victum
511 324 570 352 acie
588 333 615 351 in
626 330 785 360 potestatem
811 327 914 362 redegit
936 335 1024 358 suam,
1051 335 1082 354 ac

295 371 432 406 regionem
447 371 549 405 passim
562 371 717 398 universam
732 372 765 398 ad
781 371 921 406 imperium
938 381 1017 399 suum
1033 373 1081 399 ad-

293 417 392 452 junxit.
410 416 466 444 Sub
481 417 552 444 idem
567 421 685 452 tempus,
700 426 761 446 cum
779 419 983 453 Nabopallasari
996 420 1082 454 patris

296 462 350 494 sui,
366 462 459 489 lethali
473 463 568 490 morbo
586 463 711 497 confecti,
735 463 887 498 Babylone,
900 469 961 500 post
984 465 1081 492 vicesi-

293 515 368 535 mum
383 508 500 542 primum
516 509 590 543 regni
609 510 651 536 sui
665 517 766 536 annum
778 531 786 543 ,
805 511 893 538 obitus
909 512 1078 546 contigisset,

293 552 591 586 Nabuchodonosorus,
600 562 662 581 cum
674 563 832 589 supremum
843 556 902 590 ejus
916 557 987 583 diem
1000 557 1079 591 paulo

294 604 353 634 post
366 600 525 634 accopisset,
534 601 615 628 rebus
623 601 730 637 Aﬁgypti
741 603 911 638 compositis,
921 606 1079 639 ueterisque

293 645 438 678 provinciis
453 649 478 671 et
492 645 660 678 Judaeorum,
689 646 861 681 Phasnicum,
878 656 909 675 ac
936 649 1077 685 Syrorum,

292 689 412 723 gentium
431 688 549 724 {Egypto
564 690 716 718 vicinarum
733 693 847 727 captivis
860 694 1011 721 amicorum
1029 703 1078 722 su-

291 741 369 760 orum
388 735 449 761 lidei
467 737 678 769 commendatis,
695 738 794 765 sesein
807 738 983 774 Babyloniam
1002 749 1077 768 recc-

292 781 339 814 pit.
362 789 371 806 )
390 780 462 808 Idem
490 782 652 816 quibusdam
679 783 846 817 iuterjectis:
868 795 876 810 ι
898 784 1077 813 Nabuchodo-

290 833 418 860 nosorus,
435 828 535 862 inquit,
545 829 602 863 jam
621 829 727 862 aﬂ‘ecto,
742 838 822 864 quem
841 832 922 866 paulo
938 834 1075 867 antedixi,

290 880 380 904 muro,
395 880 457 899 cum
478 874 504 900 in
526 875 651 901 murbum
664 876 814 909 incidisset,
834 886 906 904 anno
919 880 993 914 regni
1009 888 1077 915 qua-

290 919 444 952 dragesimo
456 920 536 947 tertio
553 921 680 956 migravit
695 930 709 949 e
722 923 787 950 vita.
806 923 856 951 Cui
873 932 934 951 cum
958 925 1077 954 Erilma-

289 963 422 991 luruehus
435 964 556 998 ejusdem
573 965 645 993 tilius
669 967 857 998 successisset,
872 968 945 1002 quod
969 976 1075 997 summa

289 1015 378 1035 rerum
395 1008 696 1044 nefarieacpetulanter
712 1012 886 1046 abuteretur,
903 1021 976 1041 anno
991 1014 1075 1041 altero

287 1061 369 1088 quam
398 1061 512 1089 regnare
531 1061 660 1090 coeperat,
689 1056 861 1093 Neriglisarm
887 1060 991 1087 sororis
1019 1068 1076 1087 suae

287 1101 411 1135 conjugis
425 1101 533 1129 insidiis
560 1103 698 1130 occubuit.
714 1103 780 1131 Post
804 1113 896 1139 quem,
923 1106 993 1133 idem
1017 1106 1076 1142 ipse

287 1144 466 1180 Neriglisaras
490 1147 638 1182 parricida,
654 1153 782 1184 suscepto
809 1149 933 1184 imperio,
958 1156 1075 1185 quatuor

286 1194 393 1219 tantum
413 1200 500 1220 annos
520 1193 652 1228 regnavit.
665 1191 833 1229 Ejus‘autcm
848 1195 930 1228 (ilius,
947 1197 1077 1224 Cltabaes.

286 1238 437 1265 soarachus
463 1239 583 1272 nomine,
601 1240 710 1268 tametsi
719 1241 809 1269 adhuc
827 1249 894 1276 puer
906 1251 1015 1271 menses
1028 1251 1074 1271 no-

285 1291 344 1311 vem
359 1292 471 1319 regnum
504 1287 650 1320 tenuisset,
665 1291 754 1314 tamen
767 1288 839 1322 quod
859 1289 915 1323 jam
933 1294 988 1317 tum
1001 1291 1075 1319 exsi-

284 1333 399 1356 stentem
415 1330 514 1359 indolis
526 1333 687 1366 pravitatem
703 1334 867 1368 ostenderet,
880 1343 894 1362 a
911 1337 1073 1364 necessariis

282 1375 342 1402 suis
354 1375 425 1402 clam
439 1381 574 1405 mactatus
592 1378 705 1406 interiit.
719 1378 779 1412 Quo
803 1381 921 1415 sublato,
938 1389 1001 1409 mox
1018 1381 1072 1410 Na-

283 1420 403 1448 bonnido
417 1422 525 1449 cuidam
548 1423 696 1460 Babylonio
724 1426 846 1461 ejusdem
875 1427 1072 1462 conjurationis

283 1467 368 1498 surio.
381 1469 521 1497 communi
534 1470 728 1498 insidiatorum
745 1473 860 1500 consilio
885 1474 1006 1502 delatum
1024 1476 1072 1502 im-

281 1513 386 1547 perium
403 1518 453 1541 est.
476 1514 534 1543 Hoc
560 1523 701 1552 regnante,
721 1518 867 1553 Babylonis
882 1521 995 1553 mwnia,
1011 1530 1072 1556 quze

1132 279 1171 314 τῷ
1197 278 1336 314 ἀποστάτῃ
1360 277 1583 312 ἐπιστρατεύσας,
1603 276 1649 302 καὶ
1676 274 1912 310 παραταξάμενος,

1132 323 1214 350 αὑτοῦ
1226 332 1254 350 τε
1271 322 1422 358 ἐκυρίευσε,
1439 323 1485 349 καὶ
1497 322 1545 356 τὴν
1560 320 1651 357 χώραν
1667 320 1775 353 ἐξαῦθις
1795 319 1846 346 ὑπὸ
1864 318 1914 355 τὴν

1132 369 1212 396 αὐτοῦ
1247 369 1382 404 βασιλείαν
1413 369 1569 402 ἐποιήσατο.
1604 366 1648 401 Τῷ
1674 374 1704 392 τε
1727 366 1810 400 πατρὶ
1831 364 1912 391 αὑτοῦ

1132 417 1230 451 συνέϐη
1248 415 1496 450 Ναδοπαλλασὰρῳ,
1513 413 1582 440 κατὰ
1596 413 1689 439 τοῦτον
1702 412 1747 438 τὸν
1761 411 1854 448 καιρὸν
1865 412 1914 447 ἀῤ-

1133 463 1311 498 ρωστήσαντι,
1325 463 1353 487 ὲν
1370 462 1402 496 τῇ
1419 459 1597 486 Βαϐυλωνίων
1606 458 1680 484 πόλει
1697 457 1859 492 μεταλλάξαι
1869 456 1914 483 τὸν

1133 508 1206 542 βίον,
1227 508 1274 543 ἔτη
1298 505 1501 542 βεϐασιλευκότι
1519 505 1571 532 κα’.
1595 504 1759 539 Αίσθόμενος
1769 503 1798 530 δὲ
1810 504 1869 538 μετ’
1882 503 1912 529 οὗ

1131 554 1215 580 πολὺν
1230 553 1323 588 χρόνον
1336 552 1385 588 τὴν
1395 551 1442 579 τοῦ
1457 551 1560 587 πατρὸς
1572 550 1698 585 τελευτὴν
1717 549 1914 584 Ναϐουχοδονό-

1131 607 1219 634 σορος,
1235 600 1408 634 καταστήσας
1421 598 1457 624 τὰ
1467 597 1536 624 κατὰ
1545 597 1595 632 τὴν
1605 597 1739 630 Αἴγυπτον
1752 596 1912 632 πράγματα,

1129 646 1176 672 καὶ
1189 645 1237 680 τὴν
1260 645 1354 680 λοιπὴν
1376 643 1481 679 χώραν,
1500 643 1547 670 καὶ
1566 644 1629 674 τοὺς
1638 641 1825 677 αἰχμαλώτους
1850 641 1915 668 Ἰου-

1129 692 1210 718 δαίων
1228 700 1258 717 τε
1280 691 1327 718 καὶ
1341 690 1480 721 Φοινίκων,
1493 689 1539 715 καὶ
1552 689 1644 724 Σύρων
1654 688 1707 714 τῶν
1721 687 1792 714 κατὰ
1805 687 1854 723 τὴν
1869 687 1915 714 Al-

1129 745 1230 770 γυπτον
1245 736 1345 767 ὲθνῶν,-
1354 735 1487 767 συντάξας
1500 735 1555 761 τισὶ
1564 735 1619 760 τῶν
1632 734 1730 769 φίλων,
1745 734 1785 765 είς
1800 733 1848 768 τὴν
1860 733 1914 759 Ba-

1129 782 1260 809 ϐυλωνίαν
1271 782 1443 816 παρεγένετο.
1457 781 1524 807 »Καὶ
1537 779 1594 815 μεθ’
1610 779 1690 815 ἕτερά
1701 787 1775 814 φησι·
1793 778 1915 805 «Ναϐου-

1128 827 1298 863 χοδονόσορος
1318 827 1366 862 μὲν
1383 824 1428 853 οὖν
1445 825 1512 861 μετὰ
1526 826 1556 852 τὸ
1571 825 1702 861 ἄρξασθαι
1721 823 1768 851 τοῦ
1785 833 1913 863 προειρη-

1131 873 1211 908 μένου
1230 862 1345 907 τείχους,
1362 873 1488 907 ἐμπεσὼν
1503 872 1543 903 εἰς
1566 870 1737 906 ἀρρωστίαν,
1763 862 1911 905 μετήλλαξε

1092 905 1113 932 Β
1127 905 1171 945 τὸν
1199 905 1479 954 βίονξβεϐασιλευκὼς
1506 918 1551 953 ἐτη
1648 917 1702 952 Τῆς
1725 917 1761 950 δὲ,
1776 916 1912 951 βασιλείας

1127 965 1219 1000 κύριος
1232 965 1338 998 ἐγένετο
1350 965 1364 990 ὁ
1378 965 1435 996 υίὸς
1453 963 1533 990 αὑτοῦ
1544 963 1804 998 Εὑιλμαλούρουχος.
1818 960 1911 995 Οὗτος,

1127 1010 1246 1046 πρὸστὰς
1260 1010 1313 1036 τῶν
1330 1010 1499 1045 πραγμάτων
1517 1008 1624 1044 ἀνόμως
1646 1008 1692 1034 καὶ
1706 1007 1838 1042 ἀσελγῶς,
1852 1007 1912 1035 ἔπι-

1127 1056 1281 1088 ϐουλευθεὶς
1301 1056 1353 1082 ὑπὸ
1371 1056 1417 1082 τοῦ
1430 1057 1479 1091 τὴν
1507 1055 1622 1090 ἀδελφὴν
1642 1054 1747 1089 ἔχοντος
1760 1052 1842 1081 αὑτοῦ
1859 1053 1914 1090 Νη-

1127 1101 1294 1137 ριγλισάρου,
1308 1101 1437 1138 ἀνῃρέθη,
1450 1100 1610 1136 βασιλεύσας
1625 1100 1671 1136 ἐτη
1688 1099 1719 1134 β’.
1740 1099 1819 1127 Μετὰ
1841 1099 1870 1126 δὲ
1882 1099 1913 1126 τὺ

1126 1148 1301 1184 ἀναιρεθῆναι
1319 1148 1412 1174 τοῦτον
1423 1169 1430 1180 ,
1448 1148 1636 1183 διαδεξάμενος
1649 1148 1699 1181 τὴν
1720 1147 1806 1184 ἀρχὴν
1823 1147 1911 1177 dim-

1126 1195 1272 1226 ϐουλεύσας
1297 1195 1370 1230 αὺτῷ
1387 1195 1606 1231 Νηριγλισάρης,
1627 1195 1801 1222 ἐϐασίλευσεν
1819 1195 1866 1230 ἐτη
1878 1194 1900 1221 δ’
1900 1213 1911 1224 .

1125 1241 1226 1268 Τούτου
1245 1242 1301 1273 υίὸς
1315 1242 1560 1277 Χαϐαεσσοαρᾱχος
1572 1242 1712 1277 ἐκυρίευσε
1732 1241 1781 1276 μὲν
1803 1241 1852 1277 τῆς
1864 1240 1912 1276 βα·

1125 1288 1237 1320 σιλείας,
1252 1290 1316 1320 παῖς
1332 1288 1379 1321 ὢν,
1398 1289 1484 1323 μῆνας
1496 1288 1572 1315 ἐννέα
1583 1297 1590 1303 ·
1605 1287 1804 1319 ἐπιϐουλευθεὶς
1814 1288 1853 1320 δὲ,
1867 1286 1913 1315 διὰ

1124 1332 1154 1359 τὺ
1169 1333 1251 1359 πολλὰ
1263 1333 1401 1367 ἐκφαίνειν
1415 1333 1548 1368 κακοήθη,
1563 1333 1615 1359 ὑπὸ
1623 1332 1676 1359 τῶν
1689 1333 1772 1368 φίλων
1786 1333 1911 1368 ἀπετυμ-

1124 1379 1252 1414 πανίσθη.
1277 1379 1455 1415 Ἀπολομὲνου
1472 1380 1500 1406 δὲ
1512 1380 1617 1412 τούτου,
1631 1379 1802 1411 συνελθόντες
1814 1379 1839 1406 et
1854 1380 1913 1406 ἑπι-

1124 1425 1317 1456 ϐουλεύσαντες
1330 1425 1414 1460 αὐτῷ,
1435 1427 1510 1461 κοινῇ
1526 1426 1574 1461 τὴν
1593 1425 1729 1461 βασιλείαν
1744 1425 1911 1461 περιέθηκαν

1124 1471 1277 1506 Ναϐοννίδῳ
1291 1471 1344 1498 τινὶ
1356 1471 1409 1497 τῶν
1425 1472 1456 1497 ὲκ
1470 1471 1627 1502 Βαϐυλῶνος
1640 1472 1696 1497 ὖντι
1713 1472 1744 1497 ὲκ
1758 1470 1807 1506 τῆς
1827 1470 1911 1506 αὐτῆς

1123 1517 1335 1549 ἑπισυστάσεως.
1354 1518 1415 1544 Ἐπὶ
1435 1517 1530 1544 τούτου
1553 1517 1586 1544 τὰ
1607 1517 1671 1553 περὶ
1693 1516 1816 1552 ποταμὸν
1834 1516 1909 1552 τείχη

281 1558 386 1587 ﬂumini
399 1561 536 1596 adjacent,
553 1568 632 1590 cocto
648 1563 732 1590 latere
752 1571 783 1591 ac
802 1565 935 1593 bitumine
947 1568 1070 1601 splendi-

1122 1564 1171 1599 τῆς
1180 1564 1357 1592 Βαϐυλωνίων
1371 1564 1473 1596 πόλεως
1488 1564 1517 1597 ἐξ
1529 1564 1616 1598 ὀπτῆς
1625 1563 1736 1590 πλίνθου
1745 1563 1792 1590 καὶ
1806 1562 1911 1597 ἀσφάλ-

280 1605 342 1634 dius
356 1607 486 1634 aediﬁcata
497 1612 572 1635 sunt.
597 1608 684 1644 Regni
698 1617 762 1637 vero
775 1611 910 1639 decimum
922 1614 1068 1648 septimum

281 1658 378 1688 agente
395 1662 508 1689 acinum,
527 1656 615 1690 Cyrus
627 1655 710 1694 456
724 1657 874 1686 cxl’ersidc
887 1668 948 1686 cum
969 1661 1070 1696 ingenti

280 1700 419 1734 profectus
427 1703 559 1734 exercitu,
572 1711 604 1731 ac
619 1704 752 1738 reliquum
762 1706 821 1741 ejus
833 1707 977 1741 imperium
988 1717 1069 1737 omne

280 1746 437 1780 populatus,
452 1747 478 1774 in
495 1747 671 1784 Babyloniam
686 1751 772 1785 ipsam
789 1752 896 1780 invasit.
914 1754 1069 1789 Quamrjus

281 1791 490 1826 impressionem
506 1793 685 1824 Nabonnidus
713 1805 775 1824 cum
801 1799 944 1833 sensisset,
959 1801 985 1828 ei
1005 1809 1068 1828 cum

279 1839 400 1867 exercitu
414 1841 613 1868 occurrendum
625 1843 735 1872 statuit:
750 1852 844 1872 verum
862 1853 952 1881 pugna
967 1847 1067 1880 vietus,

279 1892 342 1913 cum
363 1885 536 1920 paucissimis
557 1887 628 1923 fuga:
644 1890 790 1918 comitibus
807 1899 866 1919 sese
885 1891 1067 1927 Borsippeno-

279 1937 341 1957 rum
355 1931 467 1959 inclusit
480 1931 590 1967 oppido.
601 1932 688 1968 Cyrus
703 1939 805 1968 autem,
819 1935 956 1971 Babylone
972 1937 1067 1964 obses-

278 1982 320 2006 sa,
340 1982 402 2002 cum
418 1983 513 2004 muros
521 1981 596 2004 extra
614 1978 707 2006 urbem
722 1979 801 2015 longe
825 1986 948 2015 palentes
972 1982 1068 2010 subrui

276 2020 415 2055 jussisset,
437 2023 510 2057 quod
525 2023 661 2052 dilIicilior
675 2030 702 2052 et
727 2027 866 2054 actuosior
883 2028 1005 2062 ejusdem
1020 2037 1067 2057 ex—

277 2068 408 2102 pugnatio
422 2069 569 2101 videretur,
584 2070 747 2106 Borsippum
765 2073 859 2106 movit,
875 2073 1066 2102 Nabnnnidum

277 2113 454 2142 obsessurus.
469 2116 503 2142 At
518 2115 553 2147 is,
567 2117 710 2144 obsidione
733 2123 876 2153 occupata,
905 2120 975 2155 Cyro
1005 2129 1067 2149 sese

278 2159 400 2193 tradidit,
415 2160 461 2195 qui
478 2168 540 2188 eum
552 2164 757 2197 perhumaniter
769 2164 904 2197 habitum,
917 2165 1066 2202 Babylonia

277 2210 382 2232 Lantum
395 2207 500 2239 cedere,
517 2209 580 2236 etin
597 2209 742 2237 Carmania
767 2211 894 2246 deinceps
905 2213 1009 2240 versari
1020 2222 1064 2241 vo-

1123 1617 1170 1635 του
1182 1609 1383 1645 κατεκοσμήθη.
1407 1609 1497 1644 οὔσης
1519 1609 1546 1635 δὲ
1562 1609 1611 1644 τῆς
1628 1609 1763 1644 βασιλείας
1783 1607 1863 1635 αὑτοῦ
1879 1609 1910 1636 ὲν

1122 1654 1161 1690 τῷ
1176 1655 1395 1690 ἑπτακαιδεκάτῳ
1412 1655 1476 1686 ἔτει,
1493 1654 1699 1690 προσεληλυθὼς
1712 1654 1802 1689 Κῦρος
1815 1655 1847 1680 ἑκ
1858 1653 1911 1690 τῆς

1124 1700 1251 1736 Περσίδος
1265 1701 1332 1735 μετὰ
1354 1700 1495 1735 δυνάμεως
1517 1699 1633 1735 πολλῆς,
1652 1699 1909 1735 καταστρεψάμενος

1122 1747 1171 1780 τὴν
1185 1745 1279 1780 λοιπὴν
1297 1746 1434 1780 βασιλείαν
1449 1745 1567 1776 ἃπασαν,
1581 1745 1709 1781 ὥρμησεν
1724 1745 1770 1771 ὲπὶ
1782 1745 1831 1780 τῆς
1852 1745 1909 1772 Βα-

1123 1791 1268 1823 ϐυλωνίας·
1279 1791 1443 1826 Αίσθόμενος
1455 1791 1482 1817 δὲ
1498 1791 1659 1823 Ναϐόννιδος
1683 1791 1731 1827 τὴν
1750 1790 1842 1825 ἔφοδον
1859 1790 1908 1818 αὗ-

1121 1836 1180 1867 τοῦ,
1200 1837 1360 1872 ἀπαντήσας
1375 1837 1445 1872 μετὰ
1460 1837 1508 1872 τῆς
1524 1837 1671 1872 δυνάμεως,
1687 1837 1734 1863 καὶ
1750 1835 1909 1873 παραταξά-

1122 1891 1212 1917 μενος,
1239 1883 1369 1918 ἡσσηθεὶς
1397 1885 1430 1918 τῇ
1450 1883 1535 1919 μάχῃ,
1563 1883 1610 1910 καὶ
1638 1882 1730 1918 φυγὼν
1758 1882 1906 1917 ὀλιγοστὸς,

1123 1927 1297 1963 συνεκλείσθη
1322 1929 1360 1960 είς
1373 1928 1421 1963 τὴν
1437 1928 1633 1964 Βορσιππηνῶν
1661 1928 1747 1955 πόλιν.
1777 1927 1908 1964 Κῦροςδδ

1122 1974 1267 2001 Βαϐυλῶνα
1284 1975 1512 2010 καταλαϐόμενος,
1529 1975 1576 2002 καὶ
1591 1975 1720 2007 συντάξας
1733 1975 1767 2002 τὰ
1786 1975 1840 2009 ἔξω
1857 1974 1908 2011 τῆς

1121 2017 1223 2049 πόλεως
1234 2019 1309 2054 τείχη
1325 2019 1508 2054 κατασκάψαι.
1522 2020 1564 2046 διὰ
1580 2019 1610 2046 τὸ
1626 2019 1685 2046 λίαν
1697 2019 1770 2055 αὐτῷ
1783 2027 1908 2056 πραγμα-

1120 2065 1198 2101 τικὴν
1221 2066 1267 2092 καὶ
1288 2066 1442 2092 δυσάλωτον
1462 2067 1576 2101 φανῆναι
1597 2067 1646 2102 τὴν
1667 2066 1907 2100 πόλιν,ἀνέξευξεν

1121 2110 1167 2136 ἐπὶ
1182 2111 1344 2147 Βόρσιππον,
1357 2112 1578 2147 ἐκπολιορκήσων
1595 2120 1640 2138 τον
1661 2112 1829 2139 Ναϐόννιδον.
1851 2112 1906 2139 Τοῦ

1120 2155 1147 2182 δὲ
1174 2156 1335 2183 Ναϐοννίδου
1365 2157 1413 2192 οὐχ
1438 2158 1633 2192 ὑπομείναντος
1659 2158 1707 2194 τὴν
1739 2158 1905 2194 πολιορκίαν,

1120 2200 1177 2226 ἀλλ’
1191 2201 1391 2236 ἐγχειρίσαντος
1404 2201 1484 2227 αὐτὸν
1498 2202 1639 2238 πρότερον,
1655 2203 1826 2239 χρησάμενος
1847 2202 1906 2230 Κῦ-

276 2249 336 2276 luit.
350 2250 408 2283 Qua
420 2252 447 2279 in
463 2253 584 2288 regione,
596 2254 684 2283 donec
708 2264 866 2291 supremum
882 2259 970 2286 obiret
982 2259 1064 2293 diem,

1121 2253 1166 2280 ρος
1186 2245 1391 2281 φιλανθρώπως,
1409 2246 1456 2271 καὶ
1477 2245 1538 2278 δοὺς
1554 2248 1710 2283 οίκητὴριον
1735 2246 1809 2283 αὑτῷ
1829 2248 1906 2283 Καρ-

276 2293 454 2326 Nabonnidus
473 2300 609 2334 reliquum
636 2309 717 2330 omne
742 2303 805 2330 vita:
830 2307 938 2338 tempus
966 2306 1063 2339 exegit.

275 2341 366 2376 Atque
380 2343 438 2371 base
448 2346 570 2373 narratio
589 2348 806 2376 consentientem
836 2349 916 2377 habet
940 2358 1001 2378 eum
1015 2359 1064 2378 no-

275 2387 341 2415 stris
367 2388 465 2417 litteris
482 2391 634 2420 veritatem.
650 2393 790 2422 Proditum
809 2395 881 2422 enim
897 2396 930 2423 iis
946 2401 997 2429 est,
1009 2396 1064 2424 Na-

276 2431 535 2464 buchodonosorum
549 2446 622 2465 anno
630 2441 706 2475 regni
717 2442 759 2468 sui
771 2441 878 2468 decimo
889 2448 986 2469 octavo
999 2448 1065 2470 tem-

276 2478 351 2511 plum
367 2486 491 2509 nostrum
506 2484 628 2512 funditus
642 2487 783 2520 evertisse,
795 2488 910 2523 ejusque
925 2489 1062 2516 excidium

278 2526 349 2549 totos
372 2526 571 2564 quinquaginta
604 2539 692 2559 annos
718 2533 853 2565 durasse;
877 2542 949 2561 anno
972 2540 1062 2562 autem

278 2566 340 2601 Cyri
353 2570 428 2603 regni
453 2574 574 2601 secundo
587 2576 694 2603 restitui
707 2584 837 2612 coeptum,
854 2578 927 2606 Darii
954 2581 1060 2608 tandem

278 2611 382 2683 decilmo
392 2615 513 2648 partibus
527 2621 654 2649 omnibus
669 2611 825 2650 absolutum
840 2632 908 2652 esse.
929 2635 939 2650 ι
955 2625 1007 2653 Ista
1021 2625 1063 2653 Jo-

280 2664 328 2683 εει)
339 2666 391 2683 tus.

280 2664 391 2691 sepnus.

563 2753 676 2780 CAPUT
701 2755 767 2781 XLI.

276 2803 312 2830 De
333 2804 594 2840 Nabuchodonosore,
615 2815 651 2870 0th
661 2811 766 2870 cgndita
780 2814 811 2837 ab
829 2820 857 2838 eo
871 2811 1016 2846 Babylone.
1029 2821 1061 2840 ea:

615 2860 623 2869 ,ν
655 2854 669 2870 u
690 2854 747 2870 euu.

615 2854 747 2879 .rtvyaenu.

313 2884 367 2919 Ego
379 2894 452 2921 vero,
475 2888 500 2914 in
515 2897 555 2921 ea,
573 2898 652 2923 quam
672 2891 816 2925 Abydenus
834 2893 870 2919 De
887 2894 1053 2927 Assyriorum

1119 2290 1215 2325 μανίαν
1228 2310 1234 2321 ,
1255 2290 1406 2325 ἐξέπεμψεν
1426 2292 1457 2317 ἐκ
1478 2291 1528 2326 τῆς
1549 2292 1730 2324 Βαϐυλωνίας.
1745 2293 1904 2326 Ναϐόννιδος

1118 2336 1166 2370 μὲν
1178 2334 1234 2368 οὖν,
1247 2336 1292 2362 τὸν
1304 2336 1394 2362 λοιπὸν
1409 2337 1455 2363 τοῦ
1468 2338 1563 2372 χρόνου
1573 2338 1760 2373 διαγενόμενος
1770 2339 1800 2365 ἐν
1813 2339 1904 2374 ἐκείνῃ

1116 2383 1148 2416 τῇ
1165 2381 1251 2417 χώρᾳ,
1267 2382 1432 2417 κατέστρεψε
1448 2383 1491 2408 τὸν
1510 2383 1576 2418 βίον.
1588 2383 1679 2410 Ταῦτα
1694 2384 1838 2420 σύμφωνον
1847 2384 1904 2420 ἔχει

1114 2429 1174 2458 ταῖς
1190 2428 1338 2464 ἡμετέραις
1354 2428 1453 2463 βίϐλοις
1469 2429 1517 2465 τὴν
1528 2429 1665 2464 ἀλήθειαν.
1683 2430 1839 2466 Γέγραπται
1849 2430 1904 2466 γὰρ

1115 2473 1143 2499 ἐν
1154 2473 1258 2504 αὑταῖς,
1274 2474 1313 2499 ὅτι
1327 2473 1590 2509 Ναϐουχοδονόσορος
1605 2474 1829 2510 ὀκτωκαιδεκάτῳ
1852 2474 1904 2510 τῆς

1115 2519 1196 2546 αὑτοῦ
1215 2520 1351 2555 βασιλείας
1365 2520 1418 2546 ἔτει
1435 2521 1480 2546 τὸν
1505 2522 1570 2556 παρ’
1582 2522 1648 2557 ἡμῖν
1669 2521 1731 2548 ναὸν
1757 2522 1901 2557 ἠρήμωσε,

1113 2567 1160 2592 καὶ
1174 2564 1207 2601 ἦν
1219 2567 1322 2601 ἀφανὴς
1340 2567 1384 2593 ἐπὶ
1401 2567 1448 2602 ἔτη
1466 2568 1632 2602 πεντήκοντα
1644 2576 1650 2583 '
1673 2568 1789 2603 δευτέρῳ
1807 2567 1836 2594 δὲ
1851 2568 1902 2604 τῆς

1113 2612 1204 2647 Κύρου
1224 2612 1361 2647 βασιλείας
1379 2613 1432 2639 ἔτει
1454 2613 1509 2639 τῶν
1531 2613 1660 2649 θεμελίων
1683 2614 1901 2650 ὑποϐληθέντα-Ν,

1112 2659 1215 2694 δεκάτῳ
1229 2659 1308 2685 πάλιν
1318 2659 1366 2695 τῆς
1379 2660 1490 2695 Δαρείου
1504 2659 1639 2694 βασιλείας
1651 2659 1901 2696 ὲτελέσθη.›Ταῦτα

1113 2706 1127 2731 ὁ
1151 2703 1310 2739 Ίώσηππος.
1567 2703 1570 2707 ’

1360 2750 1556 2777 ΚΕΦΑΛΑΙΟΝ
1584 2751 1651 2778 MA'.

1119 2804 1189 2832 Ἀπὸ
1205 2805 1258 2839 τῆς
1282 2805 1571 2867 Ἀϐυδηνοῗςτρὲιρῆς
1590 2805 1657 2840 περὶ
1677 2807 1731 2834 τοῦ
1748 2807 1901 2842 Ναϐουχο-

1451 2849 1486 2866 or
1504 2849 1569 2867 oon.

1451 2849 1569 2874 ονοσορ.

1151 2893 1234 2930 Εὗρον
1267 2896 1293 2922 δὲ
1324 2896 1369 2923 καὶ
1395 2897 1423 2922 ὲν
1445 2897 1476 2930 τῇ
1499 2896 1642 2931 Ἀϐυδηνοῦ
1658 2898 1720 2932 περὶ
1750 2898 1899 2925 Ἀσσυρίων
