2091 3208
287 183 341 213 ⁸163
591 180 726 210 EUSEBII
746 180 988 210 CESARIENSiS
1005 181 1079 210 OPP.
1100 182 1190 210 PARS
1210 182 1241 209 ll“.
1264 197 1298 205 η-
1322 181 1572 210 APOLOGETICA.
1856 182 1908 210 765

288 245 419 272 redonem
445 242 540 269 urbem
566 241 696 269 adversus
710 241 830 269 Arabum
852 242 1017 278 irruptiones
1032 251 1080 270 ex-

1131 242 1217 269 6υλὼν
1233 243 1250 278 ἠ
1274 243 1388 279 μεγάλη,
1402 244 1436 280 ἢν
1451 243 1506 278 ὲγὼ
1524 243 1684 280 ᾠκοδόμησα
1698 243 1737 274 εἰς
1750 239 1823 270 οἷκον
1836 242 1911 277 βασι-

288 289 393 320 citavit,
406 288 591 324 palatiumque
602 294 683 314 suum
696 287 841 314 arboribus
863 288 978 316 consitis
993 293 1072 323 (pen-

1131 289 1201 321 λείας
1214 290 1242 316 ἐν
1258 289 1296 324 τῷ
1306 290 1401 325 κράτει
1411 290 1460 325 τῆς
1475 290 1564 326 ἰσχύος
1583 299 1633 325 μου
1661 290 1700 322 είς
1716 289 1795 324 τιμὴν
1808 288 1859 323 τῆς
1870 288 1913 315 δό-

290 335 354 363 siles
384 335 477 361 hortos
496 333 632 368 vocabat).
649 332 803 360 exornavit.
823 342 833 359 ι
861 334 950 369 Atque
971 334 1028 361 haec
1041 342 1076 361 ex

1132 333 1179 370 εης
1199 343 1265 369 μους
1279 335 1323 362 ὅτε
1340 335 1414 367 ὄντος
1430 336 1469 363 ἐτι
1484 335 1530 362 τοῦ
1547 335 1625 369 λόγου
1647 335 1692 361 ὲπὶ
1711 335 1844 370 στόματος
1861 335 1910 361 αὒ-

290 380 419 416 Abydeno
433 379 534 407 referre
544 379 716 414 potissimum
730 387 763 407 eo
775 380 870 412 libuit,
887 379 961 414 quod
973 379 999 406 in
1017 379 1075 414 ipsa

1131 380 1188 412 τοῦ,
1195 390 1204 406 ι
1214 382 1247 408 τὰ
1254 382 1303 415 τῆς
1316 382 1494 417 μετελθούσης
1504 382 1693 417 καταστροφῆς
1704 382 1776 416 αὐτῷ
1786 382 1891 415 γέγονε.
1899 391 1908 407 ι

291 425 410 453 Danielis
430 424 582 460 prophetia,
602 424 865 457 Nabuchodonosor,
881 432 943 452 cum
957 425 984 451 in
1000 425 1077 460 regni

1131 425 1222 452 Ταῦτα
1246 425 1295 461 μὲν
1308 424 1354 452 οὖν
1367 427 1431 461 ἡμῖν
1443 426 1591 462 αὐτάρκως,
1600 426 1662 460 περὶ
1678 424 1770 451 τῶνδε.

289 472 332 499 sui
349 472 448 506 templo
473 471 609 507 Babylone
635 471 746 499 condito
772 471 963 504 inambularet,
981 471 1031 498 has
1047 471 1074 498 in
1093 478 1174 498 voces
1198 472 1358 500 temeritatis
1370 477 1396 500 et
1419 472 1580 507 arrogantiae
1606 472 1699 506 plenas
1724 470 1854 506 'erupisse
1873 469 1912 497 le-

289 524 369 553 gatur
381 519 415 549 ’⁸,
433 527 442 543 ε
456 517 551 546 Nonne
565 519 622 546 haec
636 523 678 546 est
692 518 812 554 Babylon
829 526 939 553 magna,
957 525 1041 553 quam
1054 525 1105 550 ego
1124 518 1254 546 aediﬁcavi
1271 519 1297 546 in
1314 519 1425 547 domum
1440 519 1525 554 regni,
1543 519 1570 548 in
1591 518 1674 557 458
1694 518 1790 545 robore
1806 517 1914 544 fortitu-

289 564 361 591 dinis
374 571 441 591 meae
461 568 488 590 et
503 564 529 590 in
540 564 624 598 gloria
640 564 746 591 decoris
761 563 826 591 mei.
841 563 966 599 Cumque
989 570 1079 591 sermo
1098 564 1187 592 adhuc
1207 569 1279 592 eSSet
1292 565 1318 592 in
1335 573 1382 593 ore
1402 565 1472 600 ejus,
1486 574 1502 590 »-
1524 565 1638 592 ultorem
1660 564 1735 591 illum
1763 571 1779 591 e
1800 563 1913 600 vestigio

290 611 359 638 tanti
378 610 466 639 fastus
478 611 581 638 exitum
601 611 694 638 subiit.
707 620 716 636 ι

570 656 686 684 CAPUT
714 656 794 684 XLII.

293 712 330 741 De
343 713 376 740 iis
395 714 441 748 qui
457 712 580 740 Iudaica:
596 713 680 748 gentis
695 713 879 744 meminerunt,
895 720 927 739 e1:
942 712 1009 739 libro
1026 711 1075 738 ,1ο-

442 749 525 782 δερΙιὶ,
538 748 576 776 De
590 749 747 782 antiquitate
760 748 927 775 Judworum.

325 837 389 866 Hac
405 838 488 874 igitur
499 841 642 865 auctorum
660 837 768 865 illorum
786 837 942 865 testimonia
956 841 1077 864 nostram

291 884 318 911 in
333 892 391 911 rem
409 884 558 918 protulisse
573 883 700 911 suﬁiciat.
724 883 919 919 Superioribus
939 883 1078 915 omnibus,

289 930 401 964 «Iosephi
414 933 519 956 tantum
530 936 562 956 ex
572 929 751 956 Iudaicarum
760 929 956 964 Antiquitatum
967 929 1078 956 historia

290 975 373 1002 verba
385 974 595 1009 subjungamus,
610 975 656 1002 ubi
678 975 795 1002 laudatis
812 975 980 1002 inﬁnitarum
995 982 1080 1010 prope

291 1021 456 1055 scriptorum
471 1020 549 1052 locis,
567 1020 651 1055 idque
668 1020 780 1048 totidem
794 1021 904 1056 syllabis
915 1042 923 1054 ,
939 1021 971 1049 ad
988 1026 1080 1048 extre-

291 1074 366 1093 mum
381 1066 417 1093 ita
431 1067 603 1094 concluditu
623 1065 771 1094 Enimvero
798 1067 866 1096 satis
887 1067 1079 1102 erunt,inquil,

289 1112 324 1139 ad
346 1111 424 1139 Iidem
440 1111 522 1146 hujus
535 1112 706 1148 antiquitatis
726 1112 879 1140 faciendam
894 1133 902 1145 ,
927 1112 1058 1149 Syrorum
1072 1134 1080 1145 ,

289 1157 479 1185 Chaldaeorum
507 1165 540 1185 ac
570 1158 728 1186 Phoenicum
743 1158 885 1186 historiae:
916 1159 1016 1194 quibus
1041 1163 1081 1186 tot

289 1204 372 1230 ctiam
384 1203 541 1231 Graecorum
555 1205 747 1232 auctoritatem
767 1204 945 1237 attexuimus,
956 1212 1018 1232 cum
1032 1205 1080 1231 ad-

289 1249 354 1277 dere
378 1254 508 1284 prazterea
529 1250 653 1277 licuisset
675 1249 869 1285 Theophilum,
895 1250 1070 1278 Theodorum

290 1295 441 1328 Mnaseam,
453 1295 675 1330 Aristophanem,
683 1294 893 1331 Hermogenem,
905 1295 1080 1327 Evemerum,

290 1342 452 1374 (Iomonem,
475 1349 508 1370 ac
529 1340 720 1377 Zopyrionem,
745 1341 871 1376 aliosque
901 1341 973 1368 forte
998 1349 1080 1376 quam

290 1388 424 1423 plurimos
440 1395 447 1421 ;
461 1395 509 1415 nec
524 1387 596 1414 enim
613 1395 711 1415 omnes
721 1388 810 1415 evolvi
826 1388 923 1421 libros,
934 1388 980 1423 qui
990 1396 1080 1415 rerum

291 1437 448 1461 nostrarum
465 1440 499 1460 ex
513 1432 638 1468 professo
663 1433 858 1461 meminerunt.
873 1433 905 1460 Et
924 1441 1080 1469 quanquam

245 1508 251 1515 ,
291 1487 385 1508 eorum
400 1479 493 1511 etiam,
511 1487 581 1514 quos
592 1479 755 1506 nominatim
775 1479 932 1512 citavimus,
946 1480 1078 1515 plerique.
1093 1494 1114 1522 ο

290 1525 363 1560 quod
375 1525 479 1553 litteras
492 1529 602 1553 nostras
615 1525 728 1552 minime
742 1526 913 1561 attigerint,a
925 1526 1078 1561 rernmjam

290 1570 354 1599 inde
369 1571 403 1598 ab
414 1571 492 1597 initio
507 1575 646 1605 gestarum
664 1570 778 1598 veritate
792 1571 958 1599 aberrarunt
973 1581 981 1603 ;
1001 1580 1080 1599 com-

292 1619 368 1646 muni
394 1623 484 1647 tamen
520 1626 656 1647 consensu
689 1624 785 1645 omnes
811 1617 900 1644 eidem
925 1617 1081 1652 antiquitati

293 1665 434 1700 suﬂ‘ragati
450 1669 525 1695 sunt,
548 1663 621 1698 quod
634 1670 718 1690 unum
731 1662 784 1689 hoc
803 1662 864 1690 loco
877 1662 945 1689 mihi
960 1663 1083 1697 proposi-

293 1715 351 1738 tum
368 1711 466 1738 fuerat.
479 1710 518 1737 Ex
532 1710 634 1744 quibus
659 1715 726 1736 sane
742 1707 897 1735 Demetrius
920 1707 1080 1742 Phalereus,

293 1756 371 1783 Philo
387 1755 538 1790 antiquior,
555 1759 582 1783 et
594 1755 770 1791 Eupolemus,
787 1762 802 1781 a
819 1760 884 1781 vero
902 1752 1012 1789 propius
1033 1753 1082 1781 ab-

294 1803 416 1834 fuerunt,
442 1802 542 1837 quibus
567 1801 649 1829 etiam
669 1802 691 1829 si
713 1801 778 1836 quid
792 1799 1078 1838 peccarunt,venia_m

295 1849 348 1876 hoc
361 1848 471 1875 nomine
483 1848 550 1875 dare
562 1855 670 1882 aequum
687 1847 782 1882 utique
796 1847 842 1880 sit,
855 1847 927 1881 quod
949 1845 1080 1873 librorum

294 1898 451 1922 ROSII'OI'UID
466 1901 578 1921 sensum
593 1894 684 1921 minus
706 1898 833 1921 accurate
854 1899 952 1927 capere
966 1896 994 1919 et
1007 1899 1083 1919 asse-

294 1941 341 1976 qui
355 1940 503 1976 potuerint.
520 1948 530 1965 ›
546 1939 685 1967 Hactenus
702 1939 846 1974 Iosephus.
865 1938 914 1965 Cui
936 1945 1002 1965 vero
1017 1945 1084 1965 eon-

294 1987 410 2021 scriptos
425 1986 461 2013 ab
470 1993 503 2013 eo
518 1985 554 2013 De
571 1985 727 2013 Judworum
741 1985 908 2020 Antiquitate
935 1984 1020 2011 libros
1035 1991 1083 2011 vo-

294 2031 383 2059 lutare
405 2031 589 2070 placuerit,
605 2031 679 2066 apud
700 2039 763 2059 eum
787 2031 840 2058 alia
855 2030 984 2065 pleraque
1006 2028 1083 2056 testi-

295 2076 388 2104 monia
412 2076 542 2111 reperiat,
558 2084 666 2104 summa
693 2084 755 2104 cum
774 2077 818 2108 iis,
833 2083 894 2111 quae
918 2075 1009 2102 adhuc
1024 2075 1083 2102 lau-

293 2122 430 2157 davimus,
451 2122 633 2150 consensione
659 2123 817 2158 conjuncta.
842 2121 1016 2156 Quanquam,
1044 2121 1084 2148 in-

1382 654 1577 682 ΚΕΦΑΛᾹΙΟΝ
1602 654 1668 680 ΜΒ¹.

1137 708 1296 741 Ἰωσήπου.
1321 709 1385 743 περὶ
1409 708 1467 735 τῶν
1481 709 1755 744 μνημονευσάντων
1773 708 1826 736 τοῦ
1845 710 1915 736 Ἰου-

1167 744 1260 770 δαίων
1274 743 1392 777 ἔθνους,
1406 744 1466 771 ἀπὸ
1490 745 1543 772 τοῦ
1562 744 1589 770 α’
1606 744 1657 778 τῆς
1694 744 1845 775 Ἰουδαίων
1859 744 1919 780 Ἀρ-

1166 780 1330 813 χαιότητος.

1166 835 1323 870 Προκείσθω
1336 836 1364 862 δὲ
1378 835 1424 862 ἐπὶ
1436 835 1501 862 πᾶσι
1515 836 1561 862 καὶ
1574 835 1608 862 τὰ
1630 835 1684 862 ἀπὸ
1697 835 1745 871 τῆς
1766 834 1919 862 Ἰουδαίων

1136 882 1346 916 ’Λρχαιότητος
1365 882 1506 917 Ἰωσήπου,
1528 881 1591 908 ἔνθα
1609 881 1712 917 μυρίων
1738 881 1919 917 συγγραφέων

1131 927 1269 960 αὑτολεξεὶ
1283 927 1415 964 παραθεὶς
1440 927 1540 962 φωνὰς.
1565 926 1652 954 ταῦτα
1680 926 1809 961 ἐπιλέγει·
1828 936 1837 952 ι
1857 927 1919 962 Ἀρ-

1131 973 1210 1000 κοῦσι
1226 974 1247 1000 δ’
1264 974 1339 1010 ὅμως
1354 974 1394 1005 εἰς
1406 974 1455 1009 τὴν
1471 972 1608 1006 ἀπόδειξιν
1624 973 1671 1009 τῆς
1689 973 1876 1009 ἀρχαιότητος,
1890 973 1921 999 αἶ

1130 1029 1160 1047 τε
1173 1020 1265 1056 Σύρων
1280 1020 1328 1046 καὶ
1353 1019 1504 1051 Χαλδαίων,
1533 1020 1581 1046 καὶ
1602 1019 1730 1046 Φοινίκων
1750 1018 1916 1053 ἀναγραφαίι

1131 1066 1199 1103 πρὸς
1213 1066 1332 1098 ἐκείναις
1356 1074 1387 1092 τε
1416 1065 1538 1092 τοσοῦτοι
1565 1065 1620 1092 τῶν
1641 1065 1774 1101 Ἑλλήνων
1798 1073 1919 1100 συγγρα-

1131 1113 1201 1148 φεῖς·
1217 1113 1257 1139 ἔτι
1272 1113 1301 1139 δὲ
1318 1112 1387 1149 πρὸς
1401 1113 1457 1144 τοῖς
1471 1111 1626 1148 εἰρημένοις
1639 1112 1777 1147 Θεόφιλος,
1791 1111 1839 1139 καὶ
1853 1111 1918 1137 Θεό-

1131 1160 1216 1191 δοτος,
1233 1159 1280 1186 καὶ
1290 1158 1428 1190 Μνασέας,
1450 1158 1497 1184 καὶ
1527 1158 1732 1193 Ἀριστοφάνης,
1749 1157 1796 1184 καὶ
1819 1157 1918 1193 Ἑρμο-

1132 1205 1224 1240 γένης,
1238 1204 1378 1240 Εὐήμερος
1392 1213 1422 1230 τε
1445 1204 1492 1230 καὶ
1507 1203 1622 1239 Κόμων,
1634 1205 1680 1231 καὶ
1694 1203 1854 1239 Ζωπυρίων,
1871 1203 1919 1230 καὶ

1132 1252 1224 1279 πολλοί
1238 1260 1309 1283 τινες
1321 1251 1391 1286 τάχα
1403 1250 1486 1278 ἄλλοι·
1502 1250 1532 1276 οὐ
1548 1250 1600 1285 γὰρ
1615 1249 1701 1284 ἔγωγε
1721 1251 1803 1277 πᾶσιν
1816 1249 1920 1278 ἐντετύ-

1132 1308 1203 1334 χηκα
1216 1300 1271 1330 τοῖς
1286 1297 1408 1332 βιϐλίοις,
1423 1297 1452 1323 οὐ
1467 1296 1612 1333 παρέργως
1634 1296 1712 1332 ἡμῶν
1729 1304 1921 1332 μεμνημονευ-

1132 1345 1217 1372 κόσιν.
1230 1345 1261 1370 Οἱ
1275 1344 1366 1371 πολλοὶ
1388 1343 1417 1370 δὲ
1431 1343 1483 1369 τῶν
1497 1342 1647 1378 εἰρημένων
1667 1342 1772 1376 ἀνδρῶν
1794 1342 1844 1377 τῆς
1870 1342 1920 1377 μὲν

1132 1389 1259 1425 ἀληθείας
1280 1388 1334 1416 τῶν
1355 1388 1384 1421 ἐξ
1401 1388 1488 1423 ἀρχῆς
1513 1387 1682 1423 πραγμάτων
1706 1387 1863 1423 διήμαρτον,
1878 1387 1920 1413 ὅτι

1134 1435 1170 1472 μὴ
1185 1437 1245 1467 ταῖς
1260 1435 1345 1471 ἱεραῖς
1360 1434 1438 1470 ἡμῶν
1454 1433 1555 1468 βίϐλοις
1570 1433 1702 1469 ἐνέτυχον·
1718 1433 1815 1464 κοινῶς
1829 1433 1921 1468 μέντοι

1132 1483 1195 1518 περὶ
1222 1482 1271 1516 τῆς
1300 1481 1477 1516 ἀρχαιότητος
1507 1480 1626 1512 ἅπαντες
1665 1480 1920 1516 μεμαρτυρήκασιν,

1131 1528 1201 1563 ὑπὲρ
1215 1525 1244 1555 οὗ
1256 1527 1338 1554 τανῦν
1362 1527 1451 1561 λέγειν
1469 1526 1635 1562 προεθέμην.
1667 1526 1696 1553 ’0
1722 1525 1812 1561 μέντοι
1834 1525 1922 1561 Φαλη-

1133 1574 1196 1608 ρεὺς
1209 1573 1375 1608 Δημήτριος,
1389 1572 1436 1599 καὶ
1451 1572 1537 1598 Φίλων
1552 1573 1566 1598 ό
1589 1571 1784 1607 πρεσϐύτερος,
1802 1571 1849 1597 καὶ
1866 1571 1921 1597 Εὐ-

1131 1617 1247 1652 πόλεμος
1261 1618 1290 1644 οὺ
1305 1617 1372 1644 πολὺ
1387 1617 1438 1652 τῆς
1461 1617 1588 1653 ἀληθείας
1617 1617 1774 1652 διήμαρτον·
1801 1614 1842 1648 οἷς
1859 1625 1923 1650 συγ-

1131 1662 1275 1699 γινώσκειν
1298 1663 1382 1696 ἄξιον·
1411 1664 1441 1690 οτι
1465 1663 1518 1698 γὰρ
1544 1663 1607 1698 ὲνῆν
1633 1663 1725 1693 αὐτοῖς
1747 1661 1815 1698 μετὰ
1831 1661 1922 1696 πάσης

1131 1709 1272 1745 ἀκριϐείας
1287 1710 1342 1741 τοῖς
1355 1708 1498 1745 ἡμετέροις
1511 1708 1656 1745 γράμμασι
1678 1707 1918 1744 παρακολουθεῖν.»

1131 1755 1222 1782 Ταῦτα
1238 1755 1285 1782 καὶ
1297 1755 1312 1781 ὸ
1334 1754 1474 1790 Ἰώσηπος.
1489 1754 1562 1790 Ὅτῳ
1575 1754 1603 1781 δὲ
1620 1753 1696 1789 φίλον
1716 1754 1771 1785 τοίς
1785 1753 1849 1789 περὶ
1871 1753 1921 1788 τῆς

1137 1801 1285 1828 Ἰουδαίων
1301 1800 1508 1835 Ἀρχαιότητος
1521 1799 1609 1834 λόγοις
1626 1800 1745 1834 ἐντυχεῖν
1754 1798 1800 1825 τοῦ
1813 1797 1921 1834 ἀνδρὸς,

1132 1846 1261 1878 πλείστας
1286 1845 1319 1872 ἂν
1335 1845 1408 1882 εὖροι
1426 1845 1588 1881 συμφώνους
1599 1847 1658 1876 ταῖς
1672 1844 1840 1876 ἐκτεθείσαις
1853 1852 1922 1880 μαρ‹

1131 1892 1238 1928 τυρὶας.
1253 1891 1308 1918 Καὶ
1320 1891 1403 1924 πολὺς
1423 1892 1452 1918 δὲ
1471 1891 1549 1923 ἄλλος
1575 1890 1722 1927 μαρτύρων
1751 1892 1816 1926 ἡμῖν
1844 1890 1922 1926 ὁχλος

1132 1937 1255 1965 παλαιῶν
1269 1946 1299 1964 τε
1314 1938 1360 1964 καὶ
1387 1938 1587 1973 νέων-ἐπιρρεῖ,
1604 1937 1658 1963 τῶν
1678 1937 1773 1972 ὁμοίαν
1795 1937 1852 1968 τοῖς
1878 1945 1922 1963 τε-

1132 1984 1200 2011 θεῖσι
1215 1984 1306 2020 ψῆφον
1323 1984 1606 2020 ὲπισφραγιζομένων,
1623 1980 1660 2010 ὧν
1675 1983 1724 2016 τὰς
1751 1983 1853 2018 φωνὰς,
1879 1982 1922 2009 λό-

1131 2038 1181 2064 γου
1197 2031 1392 2066 προνοούμενοι
1404 2031 1584 2066 συμμετρίας,
1592 2031 1647 2062 τοῖς
1662 2030 1822 2065 φιλομαθέσι
1830 2029 1922 2065 ζητεῖν

1131 2084 1162 2102 τε
1179 2076 1226 2103 καὶ
1243 2076 1384 2112 διερευνᾷν
1408 2076 1612 2111 ἀπολείψαντες,
1639 2076 1685 2103 ἐπὶ
1698 2076 1748 2114 τὴν
1777 2075 1922 2102 λείπουσαν

1133 2122 1209 2149 αὐτοὶ
1227 2123 1436 2159 μεταϐησόμεθα
1446 2122 1623 2158 ἐπαγγελίαν.

293 2172 401 2202 gentem
431 2168 565 2208 ejusmodi
591 2169 723 2202 testium,
755 2174 810 2196 tam
842 2172 965 2195 veterum
997 2175 1081 2202 quam
1107 2169 1289 2197 recentiorum
1317 2170 1423 2205 copiam
1441 2191 1449 2203 ,
1478 2170 1511 2196 ad
1549 2177 1660 2198 manum
1700 2169 1833 2197 habemus
1870 2168 1921 2204 ipsi

293 2221 414 2248 quoque,
428 2215 476 2249 qui
489 2214 522 2241 ad
535 2221 643 2247 eorum,
661 2223 732 2250 quos
763 2219 825 2242 ante
855 2214 1045 2250 produximus,
1084 2216 1286 2255 auctoritatem,
1309 2217 1447 2245 calculum
1477 2217 1625 2252 adjungant
1649 2224 1740 2244 suum.
1757 2215 1870 2248 Verum,
1887 2223 1921 2242 ne

295 2260 406 2287 modum
420 2260 552 2288 excedere
573 2261 727 2295 videamur,
753 2269 800 2290 eos
813 2261 924 2298 quidem
949 2260 1080 2289 studiosis
1120 2263 1300 2292 exeuttendos
1324 2263 1762 2299 scrutandosquetrelinauemus,
1793 2262 1921 2297 deinceps

293 2310 483 2341 argumentum
501 2311 682 2341 pertexemus.

331 2365 356 2382 ”
376 2365 443 2394 Dan.
465 2374 502 2400 tv,
521 2367 566 2394 ‘27.
