2091 3208
318 191 369 218 787

650 188 785 217 EL'SEBII
801 186 1040 216 ϐέΕΞΑΒιΕΝδῐΞ
1052 186 1101 214 ΟΡ]

1149 184 1210 211 PAR
1222 183 1241 211 S
1254 183 1288 211 ll.
1302 199 1331 205 —
1345 181 1596 210 ATOLOGETICA.

1888 180 1944 208 763

318 251 373 277 vim
395 250 539 282 infinitam,
551 258 585 277 ex
601 249 730 276 Barbaris
743 248 835 276 eximii
860 248 946 275 nostri
973 252 1101 282 przestan-

1156 244 1255 279 στήσω.
1275 243 1380 278 Ὥσπερ
1395 240 1441 269 οὖν
1453 242 1502 277 τὴν
1518 241 1648 268 πλειόνων
1668 239 1736 267 θεῶν
1757 239 1846 273 δόξαν,
1862 238 1897 266 τά
1911 248 1943 266 τε

264 309 269 316 -
317 301 413 330 tesque
425 295 509 323 Grzeci
526 295 635 322 aliunde
649 295 694 322 alii
722 294 902 329 corrogurint,
922 293 1034 328 jamjam
1055 293 1104 320 abs

317 350 362 370 me
386 342 628 369 demonstrabitur.
647 341 794 372 Prmterea,
812 340 1043 376 quemadmodum
1069 340 1103 366 il-

317 388 371 416 lam
388 389 421 415 de
440 388 565 422 pluribus
583 387 636 415 diis
656 387 810 422 opinionem
822 406 829 418 ,
849 386 1041 421 mysteriorum
1060 392 1104 412 sa-

317 441 482 468 crorumque
495 434 574 466 ritus,
587 433 725 464 historias,
743 437 824 467 atque
836 432 975 459 fabulosas
990 431 1103 458 deorum

317 481 501 513 narrationes,
517 487 667 515 earumque
684 480 717 506 ad
737 480 888 506 naturalem
905 480 1050 514 quamdam
1064 478 1104 505 al-

317 525 446 560 legoriam
462 526 656 557 traductiones.
674 529 700 552 et
716 525 848 560 quidquid
864 532 896 551 ex
913 524 1104 559 superstitioso

318 576 412 596 errore
427 575 561 605 superest,
576 571 686 598 eosdem
705 578 720 597 a
732 570 856 596 barbaris
873 574 1013 596 mutuatos
1030 576 1103 602 esse,

317 615 507 649 superioribus
522 616 600 644 libris
615 616 808 651 probavimus;
827 623 888 642 cum
901 614 1103 643 vetustissimos

317 660 379 688 illos
402 661 522 693 Graecos,
537 666 656 690 semotas
674 662 800 697 regiones
819 661 959 688 laboribus
975 661 1105 688 maximis

316 706 480 739 oberrando,
493 715 525 734 ex
536 707 707 734 emcndicata
727 706 927 739 doctrinarum,
941 707 1041 741 quibus
1054 706 1104 734 ilo-

316 751 412 779 rebant
421 752 540 786 barbari,
550 753 617 788 stipe
624 760 702 780 suam
714 753 786 780 illam
797 752 959 787 theologiam
971 752 1104 780 conﬂasse

306 797 554 832 ,deprehendimus.
579 797 624 825 Sic
650 805 822 833 quaecunque
846 798 889 826 vel
914 797 948 825 ad
965 799 1048 826 unius
1071 806 1104 826 ac

315 843 415 870 summi
429 851 519 870 rerum
535 844 656 871 omnium
671 844 853 872 moderatoris
866 843 913 871 Dei
932 843 1102 879 religionem,

314 890 356 916 vel
373 889 407 916 ad
418 889 477 924 ejus
487 889 619 916 doctrina:
632 895 747 923 partem,
769 897 830 924 quae
844 889 877 917 ad
895 890 980 917 animi
997 890 1101 917 utilita-

315 940 369 962 tem
385 935 504 962 maxime
518 939 676 970 comparata
693 940 746 968 est,
762 943 824 970 quae
836 927 947 970 quidem
963 936 1100 971 praecipua

315 986 379 1008 sunt
393 985 474 1015 atque
485 982 627 1016 potissima
643 982 727 1009 totius
739 981 919 1017 philosophiae
933 982 1033 1017 capita,
1046 990 1099 1009 non

315 1026 424 1053 aliunde
454 1028 538 1061 ipsos,
555 1035 638 1062 quam
654 1035 687 1054 ex
702 1028 769 1055 solis
783 1026 959 1055 [Iebrazorum
979 1027 1102 1056 fontibus

316 1072 441 1100 hausisse
457 1073 537 1107 paulo
548 1077 609 1108 post
625 1073 813 1101 ostendemus.
831 1073 910 1109 46],
929 1073 956 1101 Id
979 1074 1053 1109 quod
1078 1074 1101 1101 si

314 1118 359 1145 cui
386 1118 477 1145 minus
503 1119 676 1152 probaretur,
693 1119 765 1153 quod
788 1127 836 1147 eos
852 1119 880 1146 in
900 1119 980 1146 istam
995 1119 1101 1154 opinio-

315 1171 380 1190 num
399 1163 603 1191 similitudinem
621 1164 714 1192 inditis
729 1172 744 1192 a
762 1169 859 1192 natura
884 1164 1040 1192 notionibus
1055 1165 1101 1192 dc-

314 1210 413 1238 ductos
428 1218 488 1238 esse
500 1210 658 1239 defenderet
676 1221 683 1238 :
702 1212 728 1239 id
743 1212 832 1246 ipsum
850 1219 865 1238 a
886 1212 966 1239 nobis
982 1212 1101 1240 maxime

313 1256 404 1290 fuerit,
419 1258 491 1292 quod
509 1265 540 1285 ea
554 1266 614 1293 quae
629 1266 682 1285 non
700 1258 820 1286 Hebraeis
834 1263 939 1286 tantum
954 1259 988 1286 ab
1011 1258 1100 1286 homi-

317 1304 408 1336 nibus,
423 1303 558 1338 theologia
571 1304 768 1339 prophctiaque
783 1304 955 1336 clarissimis.
975 1313 1007 1332 ex
1025 1305 1099 1332 omni

315 1352 388 1375 retro
406 1350 537 1377 memoria
553 1350 649 1377 tradita
666 1355 740 1381 sunt,
753 1358 847 1377 verum
861 1358 876 1377 a
890 1350 992 1378 Graecis
1006 1351 1098 1383 etiam,

313 1394 336 1422 si
350 1395 440 1422 minus
455 1395 594 1428 omnibus,
608 1401 636 1423 at
653 1396 791 1430 nonnullis
803 1395 925 1430 quidem,
936 1396 1024 1430 iisque
1043 1401 1099 1423 tota

314 1440 416 1474 passim
435 1439 537 1468 Graecia
561 1440 760 1473 celeberrimis,
777 1441 901 1475 adeoque
923 1441 1100 1476 philosopho-

315 1494 374 1512 rum
401 1487 523 1520 ipsorum
549 1486 783 1521 disputationibus
808 1483 952 1521 diligenter
966 1494 1097 1521 expensa,

313 1531 434 1558 :etnulari
461 1531 646 1558 statuerimus.
673 1531 805 1566 Equidem
834 1539 938 1566 paucos
964 1532 1098 1566 ejusmodi

314 1576 400 1624 fuisse
413 1576 623 1624 intelligo‘(nam
640 1584 700 1611 qum
714 1577 857 1611 praeclara,
870 1576 977 1609 eadem,
992 1581 1021 1603 ut
1038 1576 1095 1603 vul-
1112 1595 1133 1624 c

316 1630 351 1658 go
374 1622 470 1655 fertur,
494 1621 613 1649 difﬁcilia
628 1622 719 1656 sunt);
737 1625 765 1648 at
788 1629 836 1649 eos
856 1626 945 1648 tamen
969 1621 1016 1656 qui
1034 1622 1098 1649 reli-

312 1674 383 1703 quos
399 1667 471 1694 inter
484 1666 663 1702 philosophos
681 1666 784 1701 primas
802 1665 883 1694 facile
898 1671 1054 1700 tenuerunt,
1068 1671 1099 1694 ut

312 1713 433 1740 nominis
462 1713 504 1740 sui
528 1713 652 1740 claritate
676 1719 839 1740 cancrorum
863 1713 985 1740 omnium
997 1712 1098 1740 famam

313 1758 496 1786 obscurarint.
513 1756 607 1792 Neque
624 1764 689 1784 vero
705 1756 805 1784 mirum
820 1756 906 1784 videri
920 1757 1009 1789 debet,
1026 1757 1098 1791 quod

311 1805 486 1832 l-lebrzeorum
506 1804 654 1832 sententias
675 1804 832 1842 investigari
849 1812 863 1831 a
879 1803 992 1835 Graecis,
1005 1808 1032 1830 et
1047 1811 1097 1831 cu—

311 1850 413 1879 riosius
434 1849 570 1885 explorari
593 1848 716 1884 potuisse
730 1848 855 1876 dicamus
870 1857 876 1875 :
892 1855 954 1875 cum
976 1848 1097 1883 reliquas

311 1894 364 1929 ipsi
380 1894 520 1921 doctrinas
539 1901 573 1921 ex
589 1892 791 1929 Egyptiorum,
803 1892 994 1920 Chaldaeorum
1005 1912 1013 1924 ,
1029 1893 1097 1920 alia-

311 1947 428 1974 rumque
436 1939 555 1975 gentium
570 1939 750 1966 barbararum
764 1938 859 1973 spoliis
874 1946 928 1965 non
940 1938 1021 1966 modo
1031 1946 1096 1966 con-

311 1985 447 2014 ﬂaverint.
460 1985 507 2013 sed
521 1985 670 2012 etiamnum
680 1984 831 2012 ambitiosae
839 1992 934 2012 omnes
946 1985 1096 2012 aemulatio-

310 2031 353 2058 nis
364 2031 402 2058 rei
417 2034 571 2063 teneantur,
587 2030 652 2057 dum
666 2029 779 2075 alterius
793 2030 863 2056 alter
874 2030 1023 2065 plagiarius
1035 2037 1097 2058 esse

310 2084 366 2104 non
386 2080 506 2103 veretur.
529 2075 587 2103 lmo
604 2074 754 2111 quemlibet
770 2075 872 2110 passim
889 2074 981 2102 videas
991 2075 1096 2102 vicino-

313 2130 374 2149 rum
400 2130 513 2150 suorum
525 2122 607 2149 verba
625 2121 706 2149 simul
724 2125 806 2155 atque
822 2120 981 2152 sententias,
999 2127 1096 2156 opera-

308 2177 364 2204 que
379 2176 577 2204 nonnunquam
589 2168 692 2203 integra
711 2167 884 2199 suﬂ’uratum,
897 2174 950 2193 non
966 2174 1045 2194 secus
1059 2167 1093 2194 iis

308 2223 341 2243 ac
354 2214 623 2250 propriislabot-ibus
641 2213 761 2249 gloriari.
774 2213 867 2248 Neque
880 2217 908 2240 tu
920 2219 1007 2240 meam
1024 2213 1094 2241 hanc

1157 290 1292 325 μυστήρια
1309 288 1355 315 καὶ
1367 288 1416 320 τὰς
1426 287 1546 319 τελετὰς,
1563 287 1610 314 καὶ
1622 285 1732 322 προσέτι
1750 286 1798 317 τὰς
1811 286 1944 321 ἱστορίας,

1154 335 1262 367 καὶτὰς
1281 334 1398 370 μυθικὰς
1410 335 1473 370 περὶ
1484 333 1552 360 θεῶν
1569 333 1717 369 διηγήσεις,
1736 332 1788 358 τῶν
1802 340 1830 358 τε
1849 331 1942 366 μύθων

1153 383 1203 414 τὰς
1215 380 1451 418 ἀλληγορουμένας
1482 380 1664 416 φυσιολογίας,
1694 378 1742 406 καὶ
1767 378 1815 413 τὴν
1845 377 1942 413 λοιπὴν

1154 426 1338 461 δεισιδαίμονα
1355 425 1467 460 πλάνην,
1486 425 1560 460 παρὰ
1587 424 1731 460 βαρϐάρων
1756 423 1879 459 εἰλῆφθαι
1893 423 1941 450 αὑ-

1153 474 1220 504 τοῖς,
1235 471 1340 506 φθάσας
1356 472 1370 497 ὁ
1384 471 1461 505 λόγος
1477 471 1619 506 ἐδήλωσεν·
1640 469 1757 505 ὁπηνίκα
1767 470 1829 500 τοὺς
1844 469 1941 496 παλαι-

1153 519 1250 549 τάτους
1266 517 1410 552 Ἕλληνας,
1423 518 1473 552 γῆν
1497 516 1595 551 πολλὴν
1618 515 1799 551 πλανηθέντας
1815 515 1864 541 οὐκ
1879 515 1942 541 ἀτα-

1153 563 1297 599 λαιπώρως
1316 563 1374 599 μὲν,
1402 563 1432 594 ἐξ
1459 562 1556 598 ἐράνου
1577 562 1605 588 δὲ
1627 561 1680 587 τῶν
1703 561 1776 596 παρὰ
1794 560 1941 596 βαρσάροις

1156 608 1334 644 μαθημάτων,
1359 607 1407 642 τὴν
1432 607 1534 634 οἰκείαν
1569 606 1769 642 ὑποστήσασθαι
1803 606 1941 640 θεολογίαν

1154 654 1345 689 ὲφωράσαμεν.
1363 652 1456 684 Οὕτως
1468 653 1508 678 ὅτι
1522 651 1556 679 τὰ
1567 652 1630 688 περὶ
1643 651 1782 683 εὐσεϐείας
1807 651 1866 682 ἐνὸς
1891 650 1940 677 τοῦ

1155 699 1219 735 περὶ
1235 699 1343 725 πάντων
1353 697 1431 728 Θεοῦ,
1445 698 1480 725 τά
1495 706 1524 723 τε
1540 697 1604 733 περὶ
1626 697 1679 723 τῶν
1709 696 1825 732 μάλιστα
1843 695 1940 730 ζητου-

1156 745 1243 781 μένων
1257 746 1296 776 εῑς
1307 744 1397 779 ψυχῆς
1407 744 1538 778 ὠφέλειαν
1563 744 1716 778 δογμάτων,
1728 742 1746 769 ἃ
1758 742 1790 778 δὴ
1813 742 1860 768 καὶ
1877 750 1940 768 συν-

1153 790 1322 817 εκτικώτατα
1346 789 1442 824 γένοιτ’
1456 789 1489 816 ἃν
1516 789 1570 815 τῶν
1581 789 1610 815 ὲν
1626 787 1768 823 φιλοσοφίᾳ
1783 787 1878 821 λόγων,
1890 787 1941 813 οὐκ

1153 838 1263 866 ἄλλοθεν
1277 836 1331 865 εἷεν
1345 838 1377 865 ἂν
1392 838 1408 873 ἦ
1427 835 1500 873 παρὰ
1522 836 1610 872 μόνων
1628 834 1760 870 Ἐϐραίων
1776 833 1940 870 πεπορισμέ-

1153 893 1204 916 νοι,
1219 884 1269 911 οὐκ
1286 885 1325 916 είς
1342 883 1448 919 μακρὰν
1466 881 1702 917 ἀποδειχθήσεται.
1713 880 1748 906 Ἦ
1760 880 1784 906 εί
1800 879 1837 915 μὴ
1850 879 1938 911 τοῦτο,

1116 919 1137 946 Β
1153 932 1341 967 συνενεχθῆναι
1354 931 1382 957 δὲ
1397 930 1462 965 φαίη
1476 937 1518 960 τις
1536 927 1644 959 αὐτοὺς,
1668 927 1796 961 φυσικαῖς
1813 926 1939 961 ὺποκινη-

1151 977 1246 1009 θέντας
1266 977 1391 1007 ἐννοίαις·
1412 975 1458 1002 καὶ
1480 974 1561 1001 τοῦτο
1575 973 1642 1009 πρὸς
1665 972 1743 1008 ἡμῶν
1759 972 1792 999 ἂν
1803 972 1857 1007 εἴη.
1871 970 1939 998 me

1153 1023 1189 1059 μὴ
1208 1023 1298 1058 μόνοις
1315 1022 1450 1058 Ἐῢραίοις
1465 1020 1566 1049 ἄνωθεν
1586 1019 1615 1052 ἐξ
1629 1019 1725 1050 αἰῶνος
1739 1018 1793 1045 ὑπὸ
1806 1017 1938 1052 θεολόγων

1152 1068 1298 1106 προφητῶν
1315 1067 1418 1104 ἀνδρῶν
1433 1065 1646 1103 παραδεδομένα,
1663 1064 1730 1092 ἀλλὰ
1748 1063 1783 1091 τὰ
1798 1063 1845 1091 καί
1857 1071 1940 1096 τισιν,

1151 1116 1175 1142 εί
1191 1115 1238 1142 καὶ
1254 1113 1291 1150 μὴ
1308 1114 1401 1144 πᾶσιν,
1418 1113 1509 1144 αὐτοῖς
1537 1111 1565 1138 δέ
1589 1120 1620 1145 γε
1636 1106 1673 1138 ὧν
1690 1110 1761 1145 μέγα
1780 1108 1857 1140 κλέος
1877 1108 1938 1136 καθ’

1156 1161 1279 1192 Ἑλλάδα,
1299 1160 1344 1187 καὶ
1358 1158 1508 1195 φιλοσόφων
1524 1157 1675 1194 διατριὸαϊς
1694 1155 1875 1192 ἐξητασμένα,
1888 1154 1938 1189 ζη-

1150 1206 1213 1233 λοῦν
1226 1205 1416 1241 προειλόμεθα.
1428 1204 1546 1235 Τούτους
1561 1203 1582 1230 δ’
1597 1203 1629 1230 ἂν
1649 1202 1740 1238 εὕροις
1763 1200 1871 1237 ἀριθμῷ
1888 1199 1937 1236 μὲν

1150 1252 1230 1284 ὂντας
1257 1252 1375 1288 ληπτοὺς
1393 1252 1447 1285 (ὅτι
1464 1250 1511 1276 καὶ
1536 1249 1624 1275 πάντα
1646 1248 1751 1284 χαλεπά
1774 1255 1855 1282 φασιν
1869 1244 1938 1273 εἶναι

1149 1298 1184 1325 τὰ
1197 1298 1290 1333 καλὰ),
1313 1298 1342 1324 οὺ
1361 1297 1412 1333 μὴν
1423 1296 1490 1323 ἀλλὰ
1510 1295 1653 1331 πρωτείοις
1678 1293 1733 1321 τῶν
1744 1293 1807 1328 παρ’
1825 1291 1937 1328 Ἕλλησι

1150 1344 1301 1379 φιλοσόφων
1313 1342 1521 1379 τετιμημένους,
1548 1341 1586 1372 ὡς
1597 1340 1640 1368 διὰ
1653 1340 1702 1375 τὴν
1721 1338 1821 1374 πολλὴν
1833 1338 1937 1365 εὐδοκί-

1152 1400 1233 1427 μησιν
1250 1392 1283 1426 τῇ
1299 1390 1362 1426 δόξῃ
1385 1389 1449 1420 τοὺς
1464 1388 1573 1423 ὁμοίους
1590 1386 1747 1414 καλύπτειν.
1765 1386 1803 1413 Οὐ
1908 1385 1938 1412 δὲ

1150 1435 1309 1472 θαυμάζειν,
1326 1436 1350 1461 εἰ
1365 1435 1412 1462 καὶ
1425 1434 1460 1461 τὰ
1484 1434 1549 1468 παρ’
1569 1433 1704 1469 Ἐὅραίοις
1719 1432 1843 1467 δόγματα
1857 1432 1938 1459 δυνα-

1149 1482 1195 1509 τδν
1217 1480 1286 1508 εἶναί
1301 1489 1390 1517 φαμεν
1417 1479 1621 1515 ἐσκευωρῆσθαι
1636 1479 1736 1510 αὐτοῖς,
1747 1479 1792 1505 ὅτε
1804 1478 1842 1515 μὴ
1857 1478 1938 1514 μόνον

1148 1527 1182 1554 τὰ
1197 1527 1277 1554 λοιπὰ
1300 1526 1354 1553 τῶν
1385 1525 1563 1561 μαθημάτων,
1594 1525 1760 1559 Αἰγυπτίους
1787 1524 1835 1551 καὶ
1865 1523 1938 1551 Χαλ-

1149 1572 1250 1604 δαίους.
1261 1572 1296 1599 τά
1310 1580 1339 1598 τε
1351 1571 1418 1598 ἄλλα
1434 1570 1487 1597 τῶν
1517 1570 1660 1606 βαρϐάρων
1683 1569 1778 1601 ἐθνῶν,
1801 1561 1938 1597 συνίστανο

1150 1618 1440 1653 ταμὰποσυλήσαντες,
1459 1616 1516 1643 ἀλλ’
1530 1616 1615 1643 είσέτι
1641 1616 1687 1642 καὶ
1712 1615 1760 1643 νῦν
1780 1615 1936 1643 ἁλίσκονται

1149 1666 1199 1700 τῆς
1213 1664 1287 1699 σφῶν
1306 1664 1394 1691 αὐτῶν
1422 1665 1451 1690 ἐν
1473 1663 1670 1699 συγγράμμασι
1691 1662 1854 1698 φιλοτιμίας,
1869 1663 1936 1689 ἀπο-

1150 1710 1306 1746 στεροῦντες
1335 1709 1475 1746 ἀλλήλους.
1489 1709 1545 1740 Τὰς
1567 1708 1631 1743 γοῦν
1654 1708 1708 1735 τῶν
1734 1708 1818 1740 πέλας
1838 1709 1853 1735 ὁ
1870 1708 1937 1735 καυ-

1149 1757 1190 1788 et;
1205 1755 1261 1791 (97)
1289 1754 1380 1782 αὐτῶν
1404 1754 1491 1787 λέξεις
1511 1753 1579 1790 ὁμοῦ
1596 1754 1641 1780 καὶ
1665 1753 1794 1785 διανοίας,
1810 1753 1858 1780 καὶ
1872 1752 1935 1785 ὅλας

1149 1801 1234 1836 λόγων
1247 1800 1385 1833 συντάξεις
1409 1799 1575 1834 ὑποκλέψας,
1592 1799 1630 1830 ὡς
1653 1799 1695 1826 ἐπ’
1709 1800 1820 1831 οἰκείοις
1843 1798 1935 1830 πόνοις

1149 1845 1321 1882 ὲσεμνύνατο.
1338 1845 1413 1881 Μηδὲ
1422 1844 1515 1871 τοῦτον
1527 1844 1550 1871 δ’
1567 1843 1704 1879 ὑπολάὸῃς
1721 1843 1786 1879 ὲμδν
1799 1841 1868 1870 εἶναι
1889 1843 1934 1870 τὸν

1149 1892 1236 1926 λόγον·
1250 1891 1338 1918 αὐτῶν
1352 1891 1407 1927 γὰρ
1423 1891 1477 1918 τῶν
1493 1891 1639 1925 πανσόφων
1653 1889 1755 1925 ἀκούσῃ
1777 1889 1868 1921 πάλιν,
1884 1888 1934 1924 τῆς

1148 1939 1177 1964 ἐν
1190 1937 1279 1971 λόγοις
1294 1936 1397 1972 κλοπῆς
1410 1937 1539 1972 ἀλλήλους
1562 1935 1777 1971 ἀπελεγχόντων.
1804 1933 1889 1961 Τοῦτο
1904 1933 1933 1960 δέ

1148 1991 1179 2016 γε
1194 1982 1271 2014 αὐτὸ,
1285 1982 1399 2017 ἐπείπερ
1416 1981 1488 2014 ἅπαξ
1501 1981 1680 2017 ὡρμήθημεν,
1704 1980 1850 2014 ἀναγκαῖον
1863 1977 1933 2014 πρῶ-

1147 2037 1193 2056 τον
1204 2028 1331 2056 ἁπάντων
1345 2028 1469 2060 συνιδεῖν¹
1487 2028 1527 2059 εἰς
1547 2027 1658 2063 ἔλεγχον
1677 2025 1724 2054 τοῦ
1735 2025 1790 2053 τῶν
1802 2024 1933 2061 δηλουμέ-

1147 2084 1199 2103 νων
1211 2075 1323 2112 τρόπου.
1347 2074 1375 2101 '0
1390 2074 1438 2110 μὲν
1453 2072 1500 2100 οὖν
1513 2070 1646 2109 ἡμέτερός
1669 2073 1786 2108 Κλήμης
1808 2072 1838 2098 ὲν
1863 2070 1934 2105 ἓκτῳ

1148 2118 1310 2153 Στρωματεῖ
1330 2119 1379 2155 τὴν
1404 2120 1470 2155 περὶ
1496 2118 1591 2145 τούτου
1620 2119 1749 2145 σύστασιν
1769 2117 1810 2150 είς
1833 2116 1933 2148 πλάτος

1146 2167 1295 2203 ἁπηύθυνε*
1305 2165 1401 2193 τούτου
1411 2166 1439 2192 δέ
1456 2175 1499 2202 μοι
1512 2166 1619 2202 πρώτου
1633 2165 1723 2193 λαϐὼν
1739 2164 1875 2200 ἀνάγνωθι
1883 2163 1934 2196 τὰς

1146 2212 1251 2240 τοιάσδε
1267 2212 1367 2247 φωνάς.

307 2271 370 2292 esse
387 2271 480 2292 vocem
498 2263 630 2290 arbitrere
644 2272 650 2289 :
663 2262 716 2290 ista
728 2269 825 2289 rursus
835 2261 930 2288 audies
945 2260 1091 2296 Sapientiae
1110 2261 1232 2293 corcula,
1250 2259 1478 2295 quemadmodum
1505 2260 1532 2286 in
1564 2259 1706 2287 scribendo
1724 2259 1777 2286 hoc
1793 2258 1855 2286 sibi
1871 2264 1932 2285 mu-

308 2315 356 2338 tuo
367 2309 447 2345 plagii
472 2309 574 2335 crimen
588 2308 748 2343 impingam.
762 2307 850 2342 Atque
861 2306 886 2333 id
898 2313 973 2338 sane,
996 2305 1106 2340 quando
1125 2305 1210 2333 semel
1226 2311 1259 2332 eo
1274 2303 1431 2331 incumbere
1455 2303 1606 2338 coapimus,
1636 2307 1698 2330 ante
1721 2303 1813 2330 omnia
1846 2300 1933 2337 pervi-

308 2357 374 2384 dere
400 2362 511 2383 necesse
527 2359 579 2387 est,
603 2359 632 2381 ut
654 2353 849 2388 exploratiores
871 2352 986 2380 istorum
1003 2359 1094 2380 mores
1113 2352 1273 2379 habeamus.
1291 2349 1323 2377 Et
1336 2349 1466 2384 quoniam
1479 2350 1604 2377 Clemens
1614 2350 1658 2377 ille
1677 2353 1769 2377 noster
1798 2348 1858 2377 fuse
1886 2349 1931 2376 acl-

309 2403 421 2430 modum
437 2401 570 2429 Stromate
582 2405 658 2428 sexto
669 2400 880 2434 disputationem
891 2399 972 2427 istam
992 2399 1154 2434 exsequitur
1168 2407 1177 2432 ς
1195 2398 1253 2426 haec
1266 2401 1295 2425 tu
1307 2397 1375 2424 mihi
1390 2396 1507 2432 primum
1524 2397 1608 2431 ipsius
1618 2397 1698 2424 verba
1710 2396 1816 2433 perlege

614 2447 729 2476 CAPUT
748 2447 779 2475 ll.

364 2494 405 2522 Ea:
417 2494 556 2528 Clemente,
569 2495 600 2522 de
616 2494 767 2521 Graecorum
779 2494 937 2529 scriptorum
949 2493 1039 2528 furtis.

348 2577 357 2594 ι
375 2567 433 2596 Jam
475 2578 551 2602 vero,
592 2570 822 2606 quandoquidem,
850 2570 940 2606 inquit
964 2571 1019 2603 ille,
1046 2578 1093 2598 ar»

311 2622 405 2642 ('auam
426 2616 497 2643 illam
515 2616 616 2644 Graecae
637 2617 778 2644 sententiae
793 2618 859 2649 vim,
875 2617 935 2653 ejus
947 2624 1029 2652 quam
1058 2625 1092 2644 ex

312 2659 462 2696 Scripturis
477 2662 620 2690 hausimus
631 2662 755 2690 veritatis
780 2662 884 2690 lumine
906 2663 1092 2690 collustratam

346 2748 401 2810 ξω
419 2747 446 2774 '0
459 2749 569 2782 καθείς.
578 2749 695 2776 Omnino
709 2749 892 2785 reponendum
904 2758 936 2778 ex
952 2757 1090 2778 manuscr.

346 2803 347 2808 η
364 2784 371 2792 ‘
388 2781 444 2810 εἷς’
462 2791 523 2810 nam
541 2782 580 2810 εἷς
597 2784 656 2810 καθ’
673 2783 729 2810 εἷς.
750 2785 792 2810 vel
808 2786 822 2810 ό
837 2785 897 2810 καθ’
914 2783 970 2810 εἷς.
988 2785 1090 2810 nassim

310 2781 444 2824 καθ’-εἷς’
462 2791 523 2824 nam
536 2781 580 2824 ἐἷς
597 2784 656 2824 καθ’
673 2783 729 2824 είς,
740 2781 792 2812 ’νει
808 2786 822 2811 ό
837 2785 897 2824 καθ’
914 2783 970 2817 εἷς,
988 2785 1090 2824 passim

310 2818 381 2858 apud
401 2819 621 2858 rcc_enlioris_a:vi
640 2821 797 2855 scriptores,
817 2818 1088 2858 maximeque-sacris

310 2852 338 2879 in
351 2852 460 2890 Litteris
471 2862 542 2890 ,7pro
558 2854 671 2887 ἕκαστος
687 2852 848 2890 usurpatur,
866 2857 890 2883 οἱ
906 2852 966 2884 καθ’
981 2856 1045 2888 ἕνα,
1061 2856 1088 2882 αξ

311 2888 381 2915 κατὰ
395 2888 468 2924 μίαν,
482 2889 535 2916 fere
550 2890 619 2925 apud
633 2895 746 2918 veteres.

1410 2444 1608 2471 ΚΕΦΑΛΑΙΟΝ
1631 2445 1667 2471 Β’.

1144 2490 1327 2526 Κλήμεντος,
1343 2490 1407 2523 περὶ
1439 2489 1494 2526 τῆς
1515 2489 1573 2516 τῶν
1600 2488 1786 2526 Ἑλληνικῶν
1802 2497 1933 2524 (rvmpa-

1426 2525 1505 2559 φέων
1530 2524 1656 2558 κλοπῆς.

1182 2582 1192 2599 ι
1213 2572 1443 2608 Παραστήσαντες
1459 2571 1514 2606 (98)
1528 2571 1556 2597 δὲ
1568 2571 1616 2606 τὴν
1632 2570 1749 2605 ἔμφασιν
1769 2571 1819 2605 τῆς
1843 2569 1932 2603 Ἕλλη.

1143 2621 1220 2655 νικῆς
1233 2619 1354 2650 ἐπινοίας
1374 2618 1439 2654 (99),
1471 2618 1504 2644 ἐκ
1530 2619 1579 2653 τῆς
1608 2617 1651 2643 διὰ
1677 2616 1730 2642 τῶν
1748 2615 1864 2651 Γραφῶν
1893 2616 1931 2644 εἰς

1146 2666 1221 2701 ἡμᾶς
1244 2664 1388 2700 δεδομένης
1409 2663 1537 2698 ἀληθείας
1559 2662 1817 2698 περιαυγασθεϊσαν,
1843 2660 1903 2688 καθ’
1916 2658 1930 2686 ὁ

1180 2755 1233 2789 (98)
1255 2752 1572 2789 Παραστήσαντεςνδέε
1586 2757 1637 2779 etc.
1656 2751 1827 2789 begcsnhunc
1840 2751 1930 2777 locum

1145 2787 1244 2817 suam.
1257 2798 1283 2816 Vl
1299 2797 1352 2817 non
1366 2789 1460 2823 procul
1472 2788 1592 2816 abinitio
1607 2795 1634 2822 p.
1651 2787 1713 2820 450,
1742 2787 1804 2814 licet
1823 2789 1931 2814 notetur

1140 2826 1156 2851 4
1164 2825 1193 2852 ιο
1204 2825 1269 2852 edit.
1283 2826 1302 2851 ti
1309 2823 1424 2851 rzeco-L.

1179 2860 1234 2895 (99‘
1261 2859 1417 2892 Ἐπινοιάς.
1434 2858 1518 2885 Clem.
1534 2857 1662 2888 διανοίας.
