2091 3208
174 161 263 190 709'

773 159 932 189 PREPAR.
954 159 1080 189 EVANG.
1100 160 1165 188 LlB.
1186 160 1220 188 Χ.

1750 148 1802 193 rio

175 218 375 255 σημαινόμενον
395 219 433 256 (Ι)
458 219 560 256 διήκειν
585 219 624 252 ιίς
647 218 756 252 αὐτοὺς,
781 218 830 255 τὴν
859 216 954 253 κλοπῂι

1013 217 1190 253 protulimus,
1203 224 1293 254 eoque
1307 225 1390 247 sensu
1402 218 1532 255 deinceps
1547 220 1582 247 ad
1596 220 1659 249 illos
1677 221 1801 251 veritam

174 267 223 302 τῆς
240 265 368 301 ἀληθείας
386 265 556 301 ἐκδεχόμενοι
569 265 618 301 (ἓ),
636 266 660 293 εί
679 266 716 302 μὴ
729 265 849 301 ἐπαχθὲς
862 266 961 298 εἰπεῖν,

173 311 363 347 ἀπεδείξαμεν·
391 311 470 348 φέρε,
498 311 638 349 μάρτυρας
667 313 717 347 τῆς
740 311 843 347 κλοπῆς
864 311 963 343 αὐτοὺς

175 358 235 386 καθ’
249 358 338 385 αὐτῶν
355 359 574 394 παραστήσωμεν
595 359 658 390 τοὺς
681 359 824 394 Ἕλληνας.
848 359 879 384 Ol
907 357 962 393 γὰρ

174 404 207 431 τὰ
218 405 304 431 οἰκεῖα
321 404 407 436 οὓτως
425 404 553 441 ἄντικρυς
580 404 644 440 παρ’
665 404 787 439 ἀλλήλων
800 403 962 439 ὑφαιρούμε-

175 457 214 476 νοι
231 449 365 484 βεϐαιοῦσι
380 450 429 485 μὲν
442 450 471 476 τὸ
481 450 594 476 κλέπται
614 448 698 479 εἶναι,
718 449 922 485 σφετερίζεσθαι
934 449 961 476 δὲ

172 495 246 531 ὅμως
262 496 309 523 καὶ
322 496 493 531 ἄκοντες.τὴν
506 497 570 531 παρ’
583 497 598 532 ή
604 496 662 532 μῶν
686 496 813 532 ἀλήθειαν
835 497 874 527 είς
898 497 960 527 τοὺς

170 542 323 578 ὁμοφύλους
335 542 421 579 λάθρα
435 543 640 570 διαδείκνυνται.
655 543 686 569 Εί
702 543 756 578 γὰρ
769 543 835 577 μηδὲ
846 542 958 574 ἑαυτῶν,

172 587 252 623 σχολῇ
267 588 293 622 γ’
309 587 341 614 ἂν
369 587 421 614 τῶν
448 588 589 623 ἡμετέρων
602 587 758 621 ἀφέξονται.
784 587 839 613 Καὶ
862 586 896 612 τὰ
911 587 960 622 μὲν

171 633 241 660 κατὰ
258 633 415 668 φιλοσοφίαν
437 635 610 668 σιωπήσομαι
634 633 767 668 δόγματα,
791 633 880 660 αὐτῶν
894 634 959 668 όμοο

170 679 319 713 λογούντων
332 680 477 715 ἐγγράφως
493 679 547 706 τῶν
560 679 609 711 τὰς
622 679 741 715 αἱρέσεις
767 679 870 706 διανενε
875 688 911 714 μη
917 679 961 714 μέ-

168 734 234 757 νων,
246 724 283 757 ὡς
301 726 338 761 μὴ
349 726 491 762 ἀχάριστοι
519 725 682 760 ὲλεγχθεϊεν,
700 725 777 760 παρὰ
800 726 959 760 Σωκράτους

170 771 309 809 εἰληφέναι
321 772 355 799 τὰ
371 772 526 809 κυριώτατα
539 772 593 799 τῶν
619 773 772 807 δογμάτων.
804 772 919 806 Ὀλίγοις
930 772 959 799 δὲ

171 817 223 844 τῶν
240 818 484 854 καθωμιλημένων,
498 819 545 844 καὶ
558 818 632 854 παρὰ
643 820 699 849 τοῖς
712 818 840 853 Ἕλλησιν
852 818 958 845 εὐδοκί-

169 873 227 900 μων
243 864 346 900 ἀνδρῶν
364 864 536 900 χρησάμενος
570 864 740 900 μαρτυρίοις,
759 864 789 890 τὸ
812 864 957 891 κλεπτικὺν

1011 262 1136 298 ejusdem
1150 263 1264 296 furtum,
1281 263 1305 292 si
1320 264 1357 292 ita
1373 264 1448 299 loqui
1461 264 1503 292 fas
1514 270 1566 297 est,
1583 266 1740 301 pervenisse
1754 275 1801 296 os-

1011 308 1169 336 tendimus:
1186 317 1236 345 age
1266 309 1376 338 Graecos
1400 310 1475 345 ipsos
1491 310 1519 337 in
1540 318 1602 340 sese
1619 312 1701 348 plagii
1716 318 1800 343 testes

1011 357 1206 391 producamus.
1223 356 1289 384 Nam
1302 358 1349 392 qui
1365 359 1424 386 suis
1437 359 1463 386 in
1482 360 1564 386 rebus
1580 359 1661 396 462
1683 361 1718 388 ab
1736 361 1798 390 aliis

1011 403 1056 429 alii
1076 402 1166 436 palam
1194 403 1262 429 adeo
1277 403 1406 438 pleraque
1421 404 1600 437 suifnrantur,
1614 406 1632 431 ii
1650 413 1715 433 sane
1735 413 1798 434 cum

1012 454 1071 473 sese
1090 446 1165 474 fures
1191 455 1251 474 esse
1281 449 1455 481 continuant,
1480 454 1536 477 tum
1565 450 1646 478 etiam
1663 451 1704 479 vel
1720 452 1798 479 inviti

1011 492 1161 527 profectam
1190 501 1204 520 a
1230 493 1310 521 nobis
1331 495 1472 522 veritatem
1487 501 1514 523 et
1528 496 1668 524 vindicare
1689 497 1798 530 sibi,et

1011 547 1072 566 cum
1089 539 1235 573 gentilibus
1250 540 1325 573 suis,
1343 541 1461 568 obscure
1490 542 1551 569 licet
1564 563 1572 574 ,
1593 533 1797 572 communicare

1011 589 1173 611 noscuntur.
1188 584 1217 611 Si
1229 585 1301 612 enim
1315 587 1372 613 suis
1386 587 1498 614 minime
1511 593 1641 621 parcunt,
1660 596 1676 615 a
1694 590 1796 617 nostris

1010 637 1081 664 aegre
1094 630 1282 657 ahstinebunt.
1298 631 1386 665 Atque
1397 636 1427 658 ut
1443 633 1624 667 philosophia:
1635 634 1742 661 decreta
1756 634 1796 662 si—

1010 675 1092 708 leam,
1104 684 1166 703 cum
1184 684 1244 703 sese
1260 677 1426 704 familiarum
1442 679 1534 711 duces,
1550 687 1583 706 ne
1602 680 1796 714 ingrati‘vide'

1010 721 1071 748 licct
1092 722 1258 754 habeantur,
1282 724 1479 757 prmcipuarum
1496 725 1655 759 opinionum
1672 727 1762 760 capita
1778 734 1794 754 ι

1010 766 1122 795 Socrate
1137 768 1276 802 accepisse
1292 768 1446 796 fateantur:
1465 770 1510 796 ubi
1524 772 1617 805 paucis
1628 772 1733 806 aliquot
1749 780 1795 800 eo-

1009 821 1069 840 rum
1092 813 1322 846 testimoniis,qui
1339 815 1462 840 omnium
1473 822 1520 841 ore
1529 815 1711 847 celebrantur.
1722 825 1796 844 sum—

1009 866 1114 892 maeque
1126 862 1190 885 sunt
1208 859 1279 892 apud
1289 857 1400 886 Graecos
1416 859 1492 894 ipsos
1501 860 1723 894 existimationis,
1735 863 1796 890 nul-

166 899 305 944 διελέγξας
320 899 389 942 εῐδος
404 910 502 940 αὐτῶν,
517 910 671 946 ἀδιαφόροις
683 911 738 941 τοῖς
754 910 859 945 χρόνοις
872 919 954 937 κατα-

1008 905 1035 932 lo
1051 909 1204 939 temporum
1222 905 1397 936 discrimine,
1412 913 1492 932 suum
1515 905 1581 933 illud
1604 913 1635 933 ac
1655 908 1793 941 proprium

167 955 317 992 χρώμενος,
348 957 394 983 ἐπὶ
417 956 451 984 τὰ
475 956 538 992 ἑξῆς
566 956 731 991 τρέψομαι.»
764 955 845 982 Ταῦθ’
869 956 906 987 ὠς
926 957 955 982 ὲν

164 1003 319 1039 προοιμίοις
332 1003 431 1038 φήσας,
459 1004 521 1035 τοὺς
536 1002 663 1038 ἐλέγχους
676 1002 739 1038 ἑξῆς
754 1003 871 1037 ,ὲπάγει,
887 1010 955 1028 παν-

166 1048 253 1080 τοίαις
266 1048 433 1084 κεχρημένος
444 1048 607 1080 ἀποδείξεσι,
625 1047 671 1073 καὶ
691 1047 815 1083 πρώτους
837 1055 868 1081 γε
893 1048 955 1078 τοὺς

166 1092 281 1128 ποιητὰς
297 1093 330 1119 τὰ
344 1092 420 1129 παρὰ
429 1093 483 1119 τῶν
497 1093 598 1128 ὁμοίων
625 1093 795 1127 κεκλοφέναι,
808 1093 852 1119 διὰ
868 1101 955 1128 παρα-

165 1139 265 1174 θέσεως
274 1139 328 1166 τῶν
341 1139 456 1166 ἑκάστου
472 1139 568 1174 φωνῶν
591 1139 707 1166 εὐθύνει.
735 1137 791 1165 Εἶθ’
804 1138 866 1173 ὲξῆς
894 1140 954 1164 ἑπι-

165 1185 238 1220 λέγει
254 1185 350 1212 ταῦτα’
367 1195 376 1211 ι
399 1186 443 1217 Ὠς
456 1185 522 1220 μηδὲ
536 1186 647 1220 ἄμοιρον
671 1185 720 1220 τήν
734 1192 763 1210 τε
787 1183 953 1218 φιλοσοφίαν,

165 1233 215 1267 τήν
227 1240 256 1258 τε
268 1232 400 1267 ἱστορίαν,
414 1231 482 1258 ἀλλὰ
498 1231 566 1267 μηδὲ
585 1231 633 1266 τὴν
644 1230 789 1265 ῥητορικὴν
803 1230 850 1256 τοῦ
861 1230 953 1264 ὁμοίου

165 1277 278 1313 ἐλέγχου
300 1277 475 1314 περιίδωμεν,
501 1277 548 1303 καὶ
564 1276 665 1303 τούτων
681 1276 758 1310 ὀλίγα
784 1275 953 1310 παραθέσθαι

165 1323 302 1359 εὔλογον.»
336 1322 393 1350 Εἶτ’
409 1323 562 1354 ἀκολούθως
594 1322 724 1357 Ὀρφέως,
759 1321 951 1356 Ἡρακλείτου,

165 1370 316 1402 Πλάτωνος,
334 1369 504 1404 Πυθαγόρου,
523 1368 674 1404 Ἡροδότου,
690 1368 861 1403 Θεοπόμπου,
884 1367 952 1393 Θου-

165 1415 283 1447 κυδίδου,
316 1415 511 1451 Δημοσθένους,
542 1415 678 1450 Λίσχίνου,
705 1415 814 1445 Λυσίου,
839 1413 953 1449 Ἰσοκρά-

164 1470 235 1494 τους,
250 1461 354 1497 μυρίων
365 1460 451 1488 ἄλλων
471 1460 661 1496 παρατίθησιν,
691 1456 728 1486 ὦν
757 1459 881 1495 περιττὸν
901 1459 952 1494 ἐμὲ

164 1507 324 1541 καταλέγειν
350 1506 398 1537 τὰς
424 1506 524 1540 φωνὰς,
553 1504 734 1540 προκειμένης
765 1505 813 1539 τῆς
841 1503 952 1539 τάνδρὸς

164 1553 283 1588 γραφῆς,
298 1549 358 1589 ὲνῇ
383 1552 452 1587 μετὰ
481 1552 543 1582 τοὺς
570 1551 695 1586 ἐλέγχους
719 1550 773 1576 τῶν
800 1551 952 1586 εἰρημένων

162 1598 249 1626 ταῦτα
261 1598 342 1625 πάλιν
355 1598 446 1633 φησίν·
467 1607 476 1623 ι
488 1597 520 1623 Αἱ
535 1597 583 1632 μὲν
599 1595 644 1623 οὖν
668 1597 732 1623 ίδέαι
747 1597 796 1632 τῆς
810 1597 881 1623 κατὰ
895 1596 951 1623 διά-

163 1654 237 1672 νοιαν
258 1644 416 1679 Ἑλληνικῆς
434 1642 537 1678 κλοπῆς
552 1643 592 1674 είς
617 1643 768 1677 ὑπόδειγμα
783 1643 897 1677 ἐναργὲς
910 1642 949 1677 τῷ

163 1691 254 1727 διορᾷν
269 1690 409 1726 δυναμένῳ
433 1689 532 1716 τοιαίδε
549 1686 638 1720 οὖσαι,
654 1688 712 1719 ἆλις
727 1688 860 1716 ἔστωσαν.
882 1688 949 1724 Ἤδη

162 1737 192 1765 δὲ
204 1738 234 1764 οὺ
249 1736 297 1768 τὰς
313 1736 430 1767 διανοίας
448 1735 526 1770 μόνον
552 1734 599 1761 καὶ
615 1734 664 1766 τὰς
692 1734 778 1767 λέξεις
792 1733 950 1768 ὑφελόμενοι

164 1784 212 1810 καί
237 1782 466 1818 παραφράσαντες
495 1780 694 1815 ἐφωράθησαν,
729 1780 766 1811 ὠς
795 1779 950 1815 δειχθήσον-

163 1838 209 1856 ται
232 1829 280 1864 (3),
307 1827 457 1859 αὐτοτελῶς
482 1826 510 1853 δὲ
533 1826 568 1853 τὰ
594 1826 695 1862 ἑτέρων
723 1825 892 1861 ὑφελόμενοι,
914 1825 951 1857 ὡς

165 1875 219 1903 [δια
231 1875 390 1910 ὲξὴνεγκαψ
418 1873 542 1910 καθάπερ
567 1872 741 1908 Εὺγρὰμμων
763 1871 798 1906 (4)
815 1873 830 1898 ὁ
858 1873 951 1907 Κυρη-

164 1923 238 1953 ναῖος
251 1921 283 1947 ὲκ
297 1920 430 1947 Μουσαίου
453 1927 485 1946 το
508 1918 568 1953 χερὶ
588 1919 768 1952 Θεσπρωτῶν
785 1917 884 1952 βιϐλίον
898 1918 953 1944 ὁλό·

164 1968 290 2004 κληρον.»
308 1964 390 1997 Αὖθις
401 1966 429 1992 δὲ
445 1965 548 1996 τούτοις
568 1962 714 1998 ἐπαγαγὼν
735 1963 861 1994 πλείστας
884 1963 951 1989 ἁπο-
968 1969 970 1971 '

164 2014 259 2047 δείξεις
275 2013 322 2040 τοῦ
337 2013 427 2047 λόγου,
459 2011 538 2038 πάλιν
558 2010 691 2036 τελευτῶν
707 2009 866 2045 προστίθησι
876 2009 950 2035 τάδε·

167 2069 178 2086 t
203 2059 351 2093 Ἐπιλείψει
370 2067 403 2094 με
419 2059 433 2084 ὁ
449 2057 503 2092 βίος
522 2056 569 2091 (ὅ),
592 2057 614 2082 εί
638 2054 699 2082 καθ’
712 2054 825 2080 ἕκαστον
846 2053 952 2086 ἐπεξιέ-

164 2114 209 2134 ναι
225 2105 377 2142 πειρῴμην,
395 2105 444 2141 τὴν
466 2102 623 2139 Ἑλληνικὴν
652 2101 797 2135 διελέγχων
825 2100 952 2135 φίλαυτον

165 2153 278 2189 κλοπὴν,
295 2152 341 2179 καὶ
367 2152 404 2183 ὠς
422 2147 682 2185 σφετερίζονταιτὴν
699 2146 805 2182 εὕρεσιν
820 2146 873 2172 τῶν
887 2147 951 2181 παρ’

165 2200 255 2231 αὐτοῖς
270 2198 417 2226 καλλίστων
443 2196 594 2231 δογμάτων,
612 2195 644 2229 ἢν
667 2192 731 2228 παρ’
748 2191 824 2227 ἡμῶν
840 2190 953 2225 εἰλήφα-

166 2255 218 2273 σιν.
241 2245 311 2280 Ἤδη
322 2244 349 2271 δὲ
365 2244 395 2270 οὐ
412 2243 490 2278 μόνον
510 2240 702 2276 ὑφαιρούμενοι
722 2238 755 2264 τὰ
769 2237 890 2272 δόγματα
905 2246 953 2262 πα-

166 2293 202 2329 ρὰ
214 2292 268 2319 τῶν
284 2291 427 2327 βαρϐάρων
456 2288 645 2322 διελέγχονται,
672 2284 740 2312 ἀλλὰ
767 2285 813 2310 καὶ
838 2283 948 2329 προσέτι

164 2328 382 2374 ἀπομιμούμενοι
395 2335 430 2362 τὰ
458 2335 522 2370 παρ’
533 2334 608 2368 ἡμῖν,
622 2330 723 2358 ἄνωθεν
744 2331 776 2356 ἐκ
801 2331 850 2365 τῆς
874 2328 948 2359 θείας

163 2384 305 2419 δυνάμεως
315 2382 359 2408 διὰ
374 2381 427 2407 τῶν
439 2380 522 2415 ἁγίως
539 2378 705 2414 βεϐιωκότων
725 2377 764 2408 εἰς
787 2375 835 2411 τὴν
852 2375 948 2410 ἡμετέ-

201 2450 240 2486 (Ι)
259 2450 328 2478 Καθ’
345 2449 361 2476 ὃ
373 2449 604 2486 σημαινόμενον.
621 2446 713 2486 finges
727 2445 770 2471 hic
781 2443 946 2486 subhorrida

163 2478 242 2516 sunt:
255 2493 305 2513 nec
319 2478 527 2518 tamen"opino'r,
543 2490 558 2510 a
574 2481 652 2517 genio
666 2480 814 2520 Clementis
831 2478 919 2520 aliena
935 2487 940 2504 :

164 2513 225 2548 vult
236 2513 318 2553 enim,
335 2520 385 2547 hoc
401 2513 505 2556 tantum
519 2513 610 2556 sensu,
622 2521 759 2556 quatenus
776 2515 802 2540 in
818 2513 949 2556 prpfano-

162 2547 227 2583 nam
241 2547 435 2590 cogitationum
448 2554 515 2581 lucis
529 2547 672 2590 aliquidex
688 2547 948 2590 divinortttillbihro-

164 2599 228 2618 rum
245 2583 318 2618 fonte
334 2589 504 2621 redundavit,
516 2587 550 2615 ad
565 2583 675 2614 eosdem
690 2585 814 2612 furtivam
828 2583 947 2617 aliquam

164 2626 291 2653 veritatis
305 2625 464 2660 particulam
480 2622 644 2660 pervenisse.
701 2655 707 2660 _

203 2661 243 2694 (2)
267 2653 574 2695 ‘Eidszdpsroc'ﬂane
584 2655 780 2695 vocenrjunge
810 2660 870 2680 cum
894 2653 948 2695 άπ-

164 2687 318 2730 εδέίέαμεν,
333 2687 521 2722 οἶῘνὲι-Μιιιίιοι·
530 2692 604 2730 enim
620 2687 821 2719 smni‘vidEtur,
836 2695 884 2722 pro
899 2689 949 2722 ἐφ-

243 2727 435 2767 ὲξιδεχομένως,
455 2733 501 2755 aut
515 2727 596 2767 simil.
637 2760 644 2767 _
764 2758 771 2767 ι
785 2765 792 2767 Α
827 2757 900 2767 ηυξ

203 2758 241 2800 ('3)
261 2758 538 2800 ὨςἝὶ-ιχθήσονται.
558 2761 621 2800 Post
637 2760 694 2800 lucc
707 2758 807 2800 .verba,
825 2758 948 2800 sequitur

203 2766 241 2827 (32
261 2766 307 2798 Ὠς
320 2766 538 2798 δειχθήσονται.
558 2766 621 2788 I’ost
638 2766 694 2786 lucc
707 2766 807 2801 ’veroa,
825 2766 948 2799 sequitur

166 2808 230 2843 ἕψοι
254 2800 386 2827 Clement.
405 2799 486 2840 :59};
500 2797 554 2840 γὰρ
570 2797 616 2823 καί
632 2795 665 2844 τα
677 2801 772 2842 φωριῆ
783 2793 946 2852 ἄντικρυς

167 2835 288 2871 Αόκληρα
303 2835 408 2869 ἔχοντες
428 2832 641 2867 οιελεχθῃσονται
680 2828 827 2858 αυτοτιλω,
844 2835 860 2860 γ
884 2835 897 2862 ρ
920 2826 948 2852 ,α

369 2848 407 2865 nr."
428 2848 641 2867 Vschal‘vlluuviws
680 2848 827 2858 “alvu-Inv,
850 2850 855 2860 ι

167 2870 240 2906 ἑτέρ,
254 2870 307 2906 etc.

155 2896 178 2949 ξ
204 2896 241 2939 (ἶ)
252 2896 444 2938 Εὖηοάμμιιπ.
459 2901 590 2930 Clementi
604 2899 731 2933 εὐγάμων
744 2898 852 2929 dicitur,
869 2896 944 2923 item-
961 2932 978 2936 _

1010 950 1117 977 furandi
1133 959 1219 985 genus
1234 958 1362 986 arguero,
1376 956 1432 978 tum
1448 951 1558 979 demum
1575 953 1608 979 ad
1627 960 1669 984 ea,
1681 960 1741 988 qua!
1751 961 1795 980 or-

1008 995 1072 1022 dine
1097 1000 1314 1030 consequuntur,
1333 1003 1422 1023 meme
1456 996 1513 1030 ipse
1539 998 1701 1026 revocabo.»
1734 997 1795 1026 Hazc

1009 1042 1054 1069 ille
1070 1042 1148 1076 quasi
1164 1041 1305 1076 praefatus,
1327 1046 1401 1068 certa
1417 1041 1545 1077 deinceps
1569 1048 1651 1078 atque
1668 1044 1742 1071 omni
1761 1052 1792 1071 ex

1009 1095 1107 1122 genere
1122 1087 1256 1115 furtorum
1274 1092 1432 1123 argumenta
1449 1087 1562 1122 profert,
1578 1089 1659 1116 ducto
1675 1097 1691 1116 a
1708 1090 1794 1124 poetis

1008 1134 1097 1165 initio.
1113 1141 1181 1168 quos
1193 1134 1307 1161 aliorum
1324 1139 1466 1169 poetarum
1483 1141 1578 1162 versus
1590 1141 1671 1170 atque
1683 1140 1793 1163 senten-

1008 1179 1060 1206 tias
1089 1179 1195 1207 furatos
1217 1187 1288 1211 esse,
1307 1187 1357 1207 sua
1380 1180 1514 1215 cujusque
1528 1181 1608 1207 verba
1627 1181 1697 1208 inter
1731 1188 1793 1209 sese

1008 1225 1188 1259 conferendo,
1209 1226 1315 1260 probat.
1342 1224 1412 1252 Tum
1438 1226 1474 1252 ita
1503 1227 1698 1261 prosequitur:
1722 1236 1731 1254 ι
1756 1227 1794 1256 Ne

1008 1272 1220 1307 philosophiam,
1237 1271 1338 1306 inquit,
1347 1276 1394 1298 aut
1408 1271 1561 1305 historiam,
1571 1277 1618 1299 aut
1631 1273 1716 1308 ipsam
1725 1282 1794 1308 quo-

1007 1326 1060 1353 que
1074 1318 1238 1345 rhetoricam
1258 1318 1309 1345 hac
1326 1318 1542 1352 reprehensione
1557 1327 1652 1347 carere
1665 1321 1727 1354 quis
1741 1328 1793 1355 pu—

1007 1369 1055 1396 tet,
1080 1369 1174 1391 verum
1195 1364 1288 1399 utique
1318 1364 1410 1397 fuerit,
1432 1372 1465 1392 ex
1491 1365 1525 1392 iis
1545 1365 1626 1392 etiam
1642 1366 1793 1401 disciplinis

1007 1410 1138 1437 nonnulla
1157 1409 1288 1444 proferre.
1310 1420 1319 1436 ι
1339 1410 1389 1438 Hic
1406 1410 1518 1445 Orphei,
1542 1410 1683 1445 Heracliti,
1702 1412 1791 1439 Plato-

1007 1456 1059 1487 nis,
1074 1455 1244 1490 Pytliagorze,
1261 1455 1402 1488 Herodoti,
1415 1456 1592 1491 Theopompi,
1615 1456 1791 1493 Thucydidis,

1007 1501 1209 1533 Demosthenis,
1223 1500 1375 1533 tEschinis,
1392 1501 1490 1537 Lysiae,
1507 1501 1647 1536 Isocratis,
1662 1508 1689 1530 et
1700 1503 1792 1530 inlini-

1006 1553 1096 1575 torum
1110 1548 1227 1575 aliorum
1250 1549 1309 1575 loca
1329 1548 1402 1575 inter
1421 1555 1482 1576 sese
1496 1548 1653 1581 committit,
1672 1556 1790 1583 quorum

1003 1594 1085 1621 verba
1110 1594 1293 1628 subjungere,
1317 1593 1395 1628 plane
1410 1601 1641 1628 supervacaneum
1665 1594 1711 1626 sit,
1726 1602 1788 1621 cum

1004 1639 1126 1673 ipsorum
1148 1639 1296 1666 Clementis
1327 1639 1489 1673 scriptorum
1513 1638 1603 1674 quivis
1621 1640 1725 1674 copiam
1739 1640 1790 1668 ha-

1004 1685 1075 1711 heat.
1101 1683 1152 1711 Ubi
1166 1685 1323 1712 auctoribus
1338 1685 1391 1712 illis
1408 1684 1474 1712 fui-ti
1494 1684 1642 1718 convictis,
1657 1685 1708 1713 ista
1726 1685 1791 1713 sub-

1003 1729 1062 1756 dit:
1085 1738 1094 1754 (
1116 1730 1204 1763 Atque
1231 1730 1289 1756 haec
1304 1729 1451 1762 furtorum,
1472 1729 1568 1764 inquit,
1585 1730 1606 1757 si
1625 1731 1787 1758 sententiam

1003 1779 1119 1809 spectes,
1134 1776 1204 1809 apud
1216 1774 1325 1802 Graecos
1339 1775 1411 1802 varia
1425 1775 1503 1809 quasi
1511 1783 1621 1810 genera,
1633 1776 1658 1802 ci
1667 1776 1788 1811 quidem.

1003 1822 1049 1856 qui
1078 1822 1175 1848 tuentis
1205 1822 1263 1849 acie
1287 1822 1453 1856 solertiaque
1479 1822 1584 1854 valeat,
1602 1823 1734 1850 evidentis
1757 1831 1789 1851 ac

1003 1867 1139 1894 manifesti
1156 1868 1272 1902 exempli
1287 1876 1369 1895 causa
1387 1868 1453 1895 satis
1469 1872 1559 1895 erunt.
1579 1867 1638 1895 Jam
1654 1877 1719 1896 vero
1734 1877 1788 1896 non

1008 1912 1099 1942 solas,
1125 1915 1154 1937 ut
1171 1918 1184 1937 a
1203 1912 1281 1938 nobis
1301 1912 1468 1942 ostendetur,
1489 1912 1636 1938 sententias
1656 1920 1791 1948 Vocesque

1008 1955 1131 1983 sull‘urali
1147 1960 1222 1986 sunt,
1233 1960 1278 1982 aut
1293 1956 1469 1990 interpretum
1485 1964 1558 1983 more
1577 1956 1665 1984 fusius
1679 1958 1789 1993 elocuti,

1008 2001 1054 2028 sed
1071 2001 1157 2028 aliena
1172 2001 1253 2027 etiam
1268 2009 1349 2035 opera
1367 2009 1415 2035 pro
1431 2001 1498 2032 suis,
1519 2009 1600 2036 quam
1618 2002 1696 2036 longa
1715 2007 1789 2034 sunt,

1007 2045 1116 2073 edidere
1130 2055 1135 2071 :
1148 2049 1177 2072 ut
1195 2045 1375 2079 Engramnmn
1401 2046 1445 2071 ille
1457 2045 1613 2079 Cyrenmus.
1630 2047 1675 2080 qui
1689 2046 1790 2074 Musam

1006 2090 1156 2117 detractum
1171 2090 1295 2116 volumen
1318 2091 1348 2116 de
1365 2090 1512 2125 T/iesprotis
1531 2091 1663 2126 integrum
1680 2092 1790 2118 nomine

1007 2135 1127 2170 vulgavit
1138 2143 1198 2162 suo.
1213 2145 1221 2160 ι
1234 2135 1311 2167 Quod
1324 2136 1380 2170 ipse
1392 2141 1567 2170 posteaquam
1582 2137 1675 2163 multis
1690 2138 1788 2164 confir-

1008 2186 1109 2208 matum
1121 2189 1153 2208 ac
1167 2185 1293 2208 testatum
1308 2182 1438 2215 exemplis
1454 2182 1579 2216 reliquit,
1591 2182 1623 2208 ad
1635 2188 1787 2210 extremum

1008 2227 1043 2253 ita
1058 2226 1212 2253 concludit:
1230 2236 1239 2252 ι
1260 2226 1317 2253 Vita
1330 2235 1371 2254 me
1384 2227 1500 2258 deficiat,
1513 2227 1609 2262 inquit,
1623 2228 1644 2255 si
1657 2228 1786 2262 quidquid

971 2266 990 2293 υ
1010 2273 1058 2301 illi.
1075 2273 1138 2299 dum
1154 2280 1214 2299 sese
1227 2273 1339 2299 nimium
1355 2278 1457 2305 amant,
1472 2272 1571 2299 furtive
1585 2273 1787 2307 surripuerunt,

1007 2325 1141 2352 exponere
1155 2317 1291 2352 sigillatim
1306 2323 1332 2344 et
1349 2325 1496 2352 coarguere
1516 2318 1633 2345 voluero
1647 2327 1654 2345 ι
1670 2326 1720 2346 nec
1735 2327 1787 2346 non

1007 2368 1035 2390 ut
1044 2363 1222 2397 pulcherrima
1231 2370 1345 2397 quaeque
1352 2363 1552 2398 dogmata,qu2e
1560 2371 1575 2389 a
1583 2363 1660 2390 nobis
1671 2363 1787 2397 primum

1007 2447 1059 2472 que
1072 2439 1140 2471 apud
1158 2438 1302 2465 Eusebium
1321 2443 1443 2465 nostrum
1459 2438 1484 2464 in
1499 2437 1642 2468 Chronico,
1666 2438 1710 2464 ubi
1725 2446 1786 2466 eum

1006 2475 1058 2501 suh
1079 2474 1235 2508 Olympiade
1251 2481 1297 2500 Llll
1314 2474 1464 2508 constituit.
1486 2472 1552 2498 Nam
1570 2473 1716 2508 Gregorius
1735 2473 1788 2508 Gy-

1007 2508 1064 2535 rald
1093 2507 1200 2542 Iﬁalogo
1217 2508 1248 2534 de
1259 2512 1325 2541 poet.
1350 2508 1376 2539 5,
1399 2507 1569 2542 (Ἠθιηριιιοιη
1588 2507 1788 2541 Eusebiumque

1007 2542 1135 2573 laudans.
1153 2543 1291 2576 antiquam
1314 2542 1381 2569 forte
1394 2542 1537 2569 Eusebiani
1553 2541 1676 2569 C/Iranici
1689 2543 1786 2569 editio-

1006 2586 1068 2604 nem
1089 2582 1214 2607 set-ntus.
1236 2577 1405 2611 Eugamnum
1418 2597 1425 2608 ,
1447 2582 1594 2611 corrupto,
1614 2583 1644 2604 ut
1661 2578 1786 2609 videtur,

1006 2612 1116 2639 nomine
1131 2612 1283 2645 appellavit.
1300 2611 1358 2638 Non
1373 2619 1438 2647 ergo
1453 2611 1520 2646 fugit
1542 2612 1585 2638 hic
1610 2613 1726 2646 scriptor
1739 2612 1787 2640 ho-

1007 2647 1088 2674 minis
1100 2647 1277 2673 oculatissimi
1292 2647 1470 2681 diligentiam,
1487 2651 1515 2673 ut
1531 2648 1637 2680 putavit
1653 2647 1785 2681 Scaliger.

1006 2681 1030 2707 ls
1043 2688 1122 2713 porro
1140 2689 1192 2707 non
1207 2686 1310 2708 tantum
1327 2680 1479 2715 Thesprotia
1497 2682 1622 2715 scripsit,
1636 2683 1682 2708 sed
1703 2680 1786 2709 etiam

1008 2715 1182 2750 Telegoniam,
1199 2721 1226 2742 nt
1243 2716 1355 2742 habetur
1373 2716 1399 2742 in
1416 2715 1477 2742 eod.
1497 2716 1637 2746 Chronico.
1651 2717 1721 2744 sicut
1734 2716 1787 2743 llo-

1007 2749 1098 2778 merus
1114 2750 1260 2784 Ulysscam,
1271 2750 1413 2777 zEneidem
1430 2749 1568 2784 Virgilius,
1583 2751 1628 2777 alii
1645 2752 1697 2779 alia
1712 2760 1719 2777 :
1735 2752 1786 2778 nisi

1006 2793 1055 2821 pro
1068 2785 1242 2820 Telcguniam,
1255 2786 1334 2813 malis
1349 2785 1534 2821 Theogoniam,
1543 2786 1616 2821 quod
1630 2787 1656 2813 in
1673 2789 1786 2822 antiqua

1006 2821 1123 2846 editione
1142 2820 1236 2846 fuerat.

1005 2821 1123 2849 edilione
1142 2821 1236 2847 fuerat.

1041 2856 1079 2891 (Ξ)
1092 2856 1254 2893 Ἐπμὶείψει
1262 2864 1299 2890 με
1311 2857 1326 2882 o‘
1334 2855 1543 2893 ﬁlogjxstant
1558 2857 1700 2893 sequentia
1713 2856 1785 2892 apud

1005 2892 1134 2921 Clement.
1150 2892 1210 2919 eod.
1226 2891 1270 2919 lib.
1288 2899 1324 2923 vr,
1339 2898 1398 2925 pag.
1414 2891 1478 2918 255.
