  <div class='ocr_page' id='page_1' title='image "/cluster/home/n/w/nwhite01/storage/ocr_20150623/21/njp.32101077772489/427.png"; bbox 0 0 2091 3208; ppageno 0'>
   <div class='ocr_carea' id='block_1_1' title="bbox 320 144 1935 178">
    <p class='ocr_par' dir='ltr' id='par_1_1' title="bbox 320 144 1935 178">
     <span class='ocr_line' id='line_1_1' title="bbox 320 144 1935 178; baseline 0.004 -6"><span class='ocrx_word' id='word_1_1' title='bbox 320 144 369 172; x_wconf 80' lang='grc' dir='ltr'><strong>’ΠΙ</strong></span> <span class='ocrx_word' id='word_1_2' title='bbox 653 145 788 173; x_wconf 84' lang='lat' dir='ltr'><strong>EUSEBll</strong></span> <span class='ocrx_word' id='word_1_3' title='bbox 807 144 1047 173; x_wconf 58' lang='lat' dir='ltr'><strong>CESARIENSIS</strong></span> <span class='ocrx_word' id='word_1_4' title='bbox 1062 145 1138 174; x_wconf 88' lang='lat' dir='ltr'><strong>OPP.</strong></span> <span class='ocrx_word' id='word_1_5' title='bbox 1158 146 1250 174; x_wconf 78' lang='lat' dir='ltr'><strong>PARS</strong></span> <span class='ocrx_word' id='word_1_6' title='bbox 1262 145 1295 174; x_wconf 89' lang='grc'><strong>11.</strong></span> <span class='ocrx_word' id='word_1_7' title='bbox 1317 160 1350 168; x_wconf 93' lang='lat'>-</span> <span class='ocrx_word' id='word_1_8' title='bbox 1367 145 1614 176; x_wconf 73' lang='lat' dir='ltr'><strong>APOLOGETICA.</strong></span> <span class='ocrx_word' id='word_1_9' title='bbox 1881 149 1935 178; x_wconf 71' lang='lat'><strong>772</strong></span> 
     </span>
    </p>
   </div>
   <div class='ocr_carea' id='block_1_2' title="bbox 321 201 1102 243">
    <p class='ocr_par' dir='ltr' id='par_1_2' title="bbox 321 201 1101 237">
     <span class='ocr_line' id='line_1_2' title="bbox 321 201 1101 237; baseline 0.001 -8"><span class='ocrx_word' id='word_1_10' title='bbox 321 201 469 229; x_wconf 83' lang='lat' dir='ltr'><strong>constituta</strong></span> <span class='ocrx_word' id='word_1_11' title='bbox 484 207 670 237; x_wconf 80' lang='lat' dir='ltr'><strong>sumpserunt,</strong></span> <span class='ocrx_word' id='word_1_12' title='bbox 688 209 738 237; x_wconf 90' lang='lat' dir='ltr'><strong>pro</strong></span> <span class='ocrx_word' id='word_1_13' title='bbox 752 202 811 230; x_wconf 86' lang='lat' dir='ltr'><strong>suis</strong></span> <span class='ocrx_word' id='word_1_14' title='bbox 825 207 918 237; x_wconf 86' lang='lat' dir='ltr'><strong>postea</strong></span> <span class='ocrx_word' id='word_1_15' title='bbox 928 202 1101 230; x_wconf 82' lang='lat' dir='ltr'><strong>venditarint.</strong></span> 
     </span>
    </p>
   </div>
   <div class='ocr_carea' id='block_1_3' title="bbox 1150 201 1938 243">
    <p class='ocr_par' dir='ltr' id='par_1_3' title="bbox 1156 204 1938 243">
     <span class='ocr_line' id='line_1_3' title="bbox 1156 204 1938 243; baseline 0.004 -12"><span class='ocrx_word' id='word_1_16' title='bbox 1156 213 1205 240; x_wconf 88' lang='grc' dir='ltr'><strong>ραν</strong></span> <span class='ocrx_word' id='word_1_17' title='bbox 1217 204 1384 240; x_wconf 78' lang='grc' dir='ltr'>ἐπιστροφὴν</span> <span class='ocrx_word' id='word_1_18' title='bbox 1400 204 1557 240; x_wconf 74' lang='grc' dir='ltr'><strong>παραδόξως</strong></span> <span class='ocrx_word' id='word_1_19' title='bbox 1574 204 1767 240; x_wconf 75' lang='grc' dir='ltr'>ἐνεργούμενα,</span> <span class='ocrx_word' id='word_1_20' title='bbox 1795 205 1938 243; x_wconf 70' lang='grc' dir='ltr'>Ἑλληνικῇ</span> 
     </span>
    </p>
   </div>
   <div class='ocr_carea' id='block_1_4' title="bbox 321 246 1102 288">
    <p class='ocr_par' dir='ltr' id='par_1_4' title="bbox 321 246 1102 283">
     <span class='ocr_line' id='line_1_4' title="bbox 321 246 1102 283; baseline 0.004 -10"><span class='ocrx_word' id='word_1_21' title='bbox 321 246 402 283; x_wconf 67' lang='grc'><strong>483</strong></span> <span class='ocrx_word' id='word_1_22' title='bbox 418 246 496 275; x_wconf 85' lang='lat' dir='ltr'><strong>Nunc</strong></span> <span class='ocrx_word' id='word_1_23' title='bbox 514 255 578 274; x_wconf 83' lang='lat' dir='ltr'><strong>vero</strong></span> <span class='ocrx_word' id='word_1_24' title='bbox 602 255 656 274; x_wconf 92' lang='lat' dir='ltr'><strong>non</strong></span> <span class='ocrx_word' id='word_1_25' title='bbox 684 247 751 275; x_wconf 92' lang='lat' dir='ltr'><strong>satis</strong></span> <span class='ocrx_word' id='word_1_26' title='bbox 767 247 818 282; x_wconf 83' lang='lat' dir='ltr'><strong>ipsi</strong></span> <span class='ocrx_word' id='word_1_27' title='bbox 845 247 1023 276; x_wconf 81' lang='lat' dir='ltr'><strong>barbarorum</strong></span> <span class='ocrx_word' id='word_1_28' title='bbox 1043 256 1102 276; x_wconf 88' lang='lat' dir='ltr'><strong>sen-</strong></span> 
     </span>
    </p>
   </div>
   <div class='ocr_carea' id='block_1_5' title="bbox 1150 246 1942 288">
    <p class='ocr_par' dir='ltr' id='par_1_5' title="bbox 1157 250 1942 288">
     <span class='ocr_line' id='line_1_5' title="bbox 1157 250 1942 288; baseline 0.003 -11"><span class='ocrx_word' id='word_1_29' title='bbox 1157 250 1304 286; x_wconf 84' lang='grc' dir='ltr'>μυθολογίᾳ</span> <span class='ocrx_word' id='word_1_30' title='bbox 1326 251 1363 286; x_wconf 82' lang='lat'><strong>(6)</strong></span> <span class='ocrx_word' id='word_1_31' title='bbox 1392 251 1606 286; x_wconf 78' lang='grc' dir='ltr'>τερατευόμενοι.</span> <span class='ocrx_word' id='word_1_32' title='bbox 1636 252 1692 278; x_wconf 74' lang='grc' dir='ltr'><strong>Καὶ</strong></span> <span class='ocrx_word' id='word_1_33' title='bbox 1712 252 1755 286; x_wconf 75' lang='grc' dir='ltr'><strong>δὴ,</strong></span> <span class='ocrx_word' id='word_1_34' title='bbox 1783 253 1942 288; x_wconf 75' lang='grc' dir='ltr'><strong>πευσόμεθα.</strong></span> 
     </span>
    </p>
   </div>
   <div class='ocr_carea' id='block_1_6' title="bbox 321 292 1105 328">
    <p class='ocr_par' dir='ltr' id='par_1_6' title="bbox 321 292 1105 328">
     <span class='ocr_line' id='line_1_6' title="bbox 321 292 1105 328; baseline 0.001 -8"><span class='ocrx_word' id='word_1_35' title='bbox 321 293 422 321; x_wconf 85' lang='lat' dir='ltr'><strong>tentias</strong></span> <span class='ocrx_word' id='word_1_36' title='bbox 434 293 524 328; x_wconf 75' lang='lat' dir='ltr'><strong>palam</strong></span> <span class='ocrx_word' id='word_1_37' title='bbox 536 293 665 319; x_wconf 76' lang='lat' dir='ltr'><strong>suﬁarari</strong></span> <span class='ocrx_word' id='word_1_38' title='bbox 689 292 863 324; x_wconf 84' lang='lat' dir='ltr'><strong>habuerunt;</strong></span> <span class='ocrx_word' id='word_1_39' title='bbox 887 293 936 321; x_wconf 86' lang='lat' dir='ltr'><strong>sed</strong></span> <span class='ocrx_word' id='word_1_40' title='bbox 952 293 1033 320; x_wconf 89' lang='lat' dir='ltr'><strong>etiam</strong></span> <span class='ocrx_word' id='word_1_41' title='bbox 1061 301 1105 321; x_wconf 88' lang='lat' dir='ltr'><strong>res</strong></span> 
     </span>
    </p>
   </div>
   <div class='ocr_carea' id='block_1_7' title="bbox 322 338 1104 372">
    <p class='ocr_par' dir='ltr' id='par_1_7' title="bbox 322 338 1104 372">
     <span class='ocr_line' id='line_1_7' title="bbox 322 338 1104 372; baseline 0 -7"><span class='ocrx_word' id='word_1_42' title='bbox 322 339 440 366; x_wconf 71' lang='lat' dir='ltr'><strong>annulati</strong></span> <span class='ocrx_word' id='word_1_43' title='bbox 460 345 584 369; x_wconf 89' lang='lat' dir='ltr'><strong>nostras,</strong></span> <span class='ocrx_word' id='word_1_44' title='bbox 607 346 667 372; x_wconf 71' lang='lat' dir='ltr'><strong>qua:</strong></span> <span class='ocrx_word' id='word_1_45' title='bbox 683 338 769 365; x_wconf 83' lang='lat' dir='ltr'><strong>nostri</strong></span> <span class='ocrx_word' id='word_1_46' title='bbox 786 338 927 365; x_wconf 81' lang='lat' dir='ltr'><strong>erudiendi</strong></span> <span class='ocrx_word' id='word_1_47' title='bbox 950 346 1033 366; x_wconf 87' lang='lat' dir='ltr'><strong>causa</strong></span> <span class='ocrx_word' id='word_1_48' title='bbox 1053 338 1104 365; x_wconf 76' lang='lat' dir='ltr'><strong>viri</strong></span> 
     </span>
    </p>
   </div>
   <div class='ocr_carea' id='block_1_8' title="bbox 321 384 1105 419">
    <p class='ocr_par' dir='ltr' id='par_1_8' title="bbox 321 384 1105 419">
     <span class='ocr_line' id='line_1_8' title="bbox 321 384 1105 419; baseline -0.001 -8"><span class='ocrx_word' id='word_1_49' title='bbox 321 384 507 417; x_wconf 84' lang='lat' dir='ltr'><strong>sanctissimi,</strong></span> <span class='ocrx_word' id='word_1_50' title='bbox 534 392 615 419; x_wconf 80' lang='lat' dir='ltr'><strong>supra</strong></span> <span class='ocrx_word' id='word_1_51' title='bbox 633 392 804 411; x_wconf 83' lang='lat' dir='ltr'><strong>communem</strong></span> <span class='ocrx_word' id='word_1_52' title='bbox 825 384 964 411; x_wconf 86' lang='lat' dir='ltr'><strong>hominum</strong></span> <span class='ocrx_word' id='word_1_53' title='bbox 998 384 1105 419; x_wconf 86' lang='lat' dir='ltr'><strong>opinio—</strong></span> 
     </span>
    </p>
   </div>
   <div class='ocr_carea' id='block_1_9' title="bbox 321 430 1103 464">
    <p class='ocr_par' dir='ltr' id='par_1_9' title="bbox 321 430 1103 464">
     <span class='ocr_line' id='line_1_9' title="bbox 321 430 1103 464; baseline 0.001 -8"><span class='ocrx_word' id='word_1_54' title='bbox 321 437 394 462; x_wconf 93' lang='lat' dir='ltr'><strong>nem,</strong></span> <span class='ocrx_word' id='word_1_55' title='bbox 409 430 499 457; x_wconf 82' lang='lat' dir='ltr'><strong>divina</strong></span> <span class='ocrx_word' id='word_1_56' title='bbox 512 430 536 456; x_wconf 78' lang='lat' dir='ltr'><strong>ri</strong></span> <span class='ocrx_word' id='word_1_57' title='bbox 552 435 627 456; x_wconf 91' lang='lat' dir='ltr'><strong>tanto</strong></span> <span class='ocrx_word' id='word_1_58' title='bbox 643 434 705 457; x_wconf 88' lang='lat' dir='ltr'><strong>ante</strong></span> <span class='ocrx_word' id='word_1_59' title='bbox 716 431 895 464; x_wconf 79' lang='lat' dir='ltr'><strong>perfecerant,</strong></span> <span class='ocrx_word' id='word_1_60' title='bbox 908 438 939 457; x_wconf 89' lang='lat' dir='ltr'><strong>ea</strong></span> <span class='ocrx_word' id='word_1_61' title='bbox 948 430 1103 457; x_wconf 67' lang='lat' dir='ltr'><strong>Graecarum</strong></span> 
     </span>
    </p>
   </div>
   <div class='ocr_carea' id='block_1_10' title="bbox 320 474 1104 516">
    <p class='ocr_par' dir='ltr' id='par_1_10' title="bbox 320 474 1104 516">
     <span class='ocr_line' id='line_1_10' title="bbox 320 474 1104 516; baseline 0.001 -15"><span class='ocrx_word' id='word_1_62' title='bbox 320 474 474 516; x_wconf 62' lang='lat' dir='ltr'><strong>fabularum</strong></span> <span class='ocrx_word' id='word_1_63' title='bbox 500 477 631 503; x_wconf 85' lang='lat' dir='ltr'><strong>monstris</strong></span> <span class='ocrx_word' id='word_1_64' title='bbox 656 476 811 503; x_wconf 87' lang='lat' dir='ltr'><strong>induerunt.</strong></span> <span class='ocrx_word' id='word_1_65' title='bbox 827 475 984 507; x_wconf 85' lang='lat' dir='ltr'><strong>Enimvero,</strong></span> <span class='ocrx_word' id='word_1_66' title='bbox 1000 483 1104 510; x_wconf 66' lang='lat' dir='ltr'><strong>quwre-</strong></span> 
     </span>
    </p>
   </div>
   <div class='ocr_carea' id='block_1_11' title="bbox 320 521 1102 556">
    <p class='ocr_par' dir='ltr' id='par_1_11' title="bbox 320 521 1102 556">
     <span class='ocr_line' id='line_1_11' title="bbox 320 521 1102 556; baseline 0.001 -9"><span class='ocrx_word' id='word_1_67' title='bbox 320 528 382 547; x_wconf 87' lang='lat' dir='ltr'><strong>mus</strong></span> <span class='ocrx_word' id='word_1_68' title='bbox 393 527 426 547; x_wconf 79' lang='lat' dir='ltr'><strong>ex</strong></span> <span class='ocrx_word' id='word_1_69' title='bbox 441 521 485 553; x_wconf 90' lang='lat' dir='ltr'><strong>iis,</strong></span> <span class='ocrx_word' id='word_1_70' title='bbox 498 529 598 548; x_wconf 86' lang='lat' dir='ltr'><strong>verane</strong></span> <span class='ocrx_word' id='word_1_71' title='bbox 610 522 663 548; x_wconf 87' lang='lat' dir='ltr'><strong>sint</strong></span> <span class='ocrx_word' id='word_1_72' title='bbox 676 530 710 548; x_wconf 89' lang='lat' dir='ltr'><strong>an</strong></span> <span class='ocrx_word' id='word_1_73' title='bbox 728 521 794 548; x_wconf 84' lang='lat' dir='ltr'><strong>falsa</strong></span> <span class='ocrx_word' id='word_1_74' title='bbox 813 529 873 556; x_wconf 66' lang='lat' dir='ltr'><strong>quae</strong></span> <span class='ocrx_word' id='word_1_75' title='bbox 892 526 1012 548; x_wconf 87' lang='lat' dir='ltr'><strong>narrant.</strong></span> <span class='ocrx_word' id='word_1_76' title='bbox 1024 521 1102 549; x_wconf 81' lang='lat' dir='ltr'><strong>Falsa</strong></span> 
     </span>
    </p>
   </div>
   <div class='ocr_carea' id='block_1_12' title="bbox 319 566 1103 600">
    <p class='ocr_par' dir='ltr' id='par_1_12' title="bbox 319 566 1103 600">
     <span class='ocr_line' id='line_1_12' title="bbox 319 566 1103 600; baseline 0.001 -8"><span class='ocrx_word' id='word_1_77' title='bbox 319 566 415 600; x_wconf 88' lang='lat' dir='ltr'><strong>utique</strong></span> <span class='ocrx_word' id='word_1_78' title='bbox 430 574 567 600; x_wconf 82' lang='lat' dir='ltr'><strong>nunquam</strong></span> <span class='ocrx_word' id='word_1_79' title='bbox 584 574 643 593; x_wconf 87' lang='lat' dir='ltr'><strong>esse</strong></span> <span class='ocrx_word' id='word_1_80' title='bbox 656 567 792 597; x_wconf 77' lang='lat' dir='ltr'><strong>dixerint;</strong></span> <span class='ocrx_word' id='word_1_81' title='bbox 809 574 858 593; x_wconf 88' lang='lat' dir='ltr'><strong>nec</strong></span> <span class='ocrx_word' id='word_1_82' title='bbox 873 567 946 593; x_wconf 90' lang='lat' dir='ltr'><strong>enim</strong></span> <span class='ocrx_word' id='word_1_83' title='bbox 968 567 1103 593; x_wconf 85' lang='lat' dir='ltr'><strong>sententia</strong></span> 
     </span>
    </p>
   </div>
   <div class='ocr_carea' id='block_1_13' title="bbox 319 609 1103 643">
    <p class='ocr_par' dir='ltr' id='par_1_13' title="bbox 319 609 1103 643">
     <span class='ocr_line' id='line_1_13' title="bbox 319 609 1103 643; baseline 0 -5"><span class='ocrx_word' id='word_1_84' title='bbox 319 618 369 639; x_wconf 86' lang='lat' dir='ltr'><strong>sua</strong></span> <span class='ocrx_word' id='word_1_85' title='bbox 381 616 462 639; x_wconf 72' lang='lat' dir='ltr'><strong>tanta:</strong></span> <span class='ocrx_word' id='word_1_86' title='bbox 481 619 510 639; x_wconf 88' lang='lat' dir='ltr'><strong>se</strong></span> <span class='ocrx_word' id='word_1_87' title='bbox 531 612 568 638; x_wconf 87' lang='lat' dir='ltr'><strong>illi</strong></span> <span class='ocrx_word' id='word_1_88' title='bbox 587 609 707 638; x_wconf 60' lang='lat' dir='ltr'><strong>stultitiae</strong></span> <span class='ocrx_word' id='word_1_89' title='bbox 726 612 930 643; x_wconf 79' lang='lat' dir='ltr'><strong>damnaverint,</strong></span> <span class='ocrx_word' id='word_1_90' title='bbox 961 617 990 639; x_wconf 93' lang='lat' dir='ltr'><strong>ut</strong></span> <span class='ocrx_word' id='word_1_91' title='bbox 1005 612 1053 639; x_wconf 89' lang='lat' dir='ltr'><strong>abs</strong></span> <span class='ocrx_word' id='word_1_92' title='bbox 1074 620 1103 639; x_wconf 90' lang='lat' dir='ltr'><strong>se</strong></span> 
     </span>
    </p>
   </div>
   <div class='ocr_carea' id='block_1_14' title="bbox 318 655 1103 692">
    <p class='ocr_par' dir='ltr' id='par_1_14' title="bbox 318 655 1103 692">
     <span class='ocr_line' id='line_1_14' title="bbox 318 655 1103 692; baseline 0.001 -9"><span class='ocrx_word' id='word_1_93' title='bbox 318 655 388 684; x_wconf 78' lang='lat' dir='ltr'><strong>falsa</strong></span> <span class='ocrx_word' id='word_1_94' title='bbox 397 656 487 684; x_wconf 81' lang='lat' dir='ltr'><strong>&#39;scribi</strong></span> <span class='ocrx_word' id='word_1_95' title='bbox 503 656 646 684; x_wconf 77' lang='lat' dir='ltr'><strong>fateantur.</strong></span> <span class='ocrx_word' id='word_1_96' title='bbox 677 657 745 684; x_wconf 80' lang='lat' dir='ltr'><strong>Vera</strong></span> <span class='ocrx_word' id='word_1_97' title='bbox 766 658 847 692; x_wconf 63' lang='lat' dir='ltr'><strong>igitur</strong></span> <span class='ocrx_word' id='word_1_98' title='bbox 863 658 906 684; x_wconf 85' lang='lat' dir='ltr'><strong>illa</strong></span> <span class='ocrx_word' id='word_1_99' title='bbox 930 665 991 685; x_wconf 86' lang='lat' dir='ltr'><strong>esse</strong></span> <span class='ocrx_word' id='word_1_100' title='bbox 1011 657 1103 684; x_wconf 82' lang='lat' dir='ltr'><strong>defen-</strong></span> 
     </span>
    </p>
   </div>
   <div class='ocr_carea' id='block_1_15' title="bbox 317 701 1102 738">
    <p class='ocr_par' dir='ltr' id='par_1_15' title="bbox 317 701 1102 738">
     <span class='ocr_line' id='line_1_15' title="bbox 317 701 1102 738; baseline 0 -9"><span class='ocrx_word' id='word_1_101' title='bbox 317 701 391 729; x_wconf 83' lang='lat' dir='ltr'><strong>dent.</strong></span> <span class='ocrx_word' id='word_1_102' title='bbox 409 703 465 730; x_wconf 89' lang='lat' dir='ltr'><strong>Cur</strong></span> <span class='ocrx_word' id='word_1_103' title='bbox 477 710 552 737; x_wconf 77' lang='lat' dir='ltr'><strong>ergo,</strong></span> <span class='ocrx_word' id='word_1_104' title='bbox 570 710 630 737; x_wconf 79' lang='lat' dir='ltr'><strong>qua:</strong></span> <span class='ocrx_word' id='word_1_105' title='bbox 644 711 659 729; x_wconf 88' lang='lat' dir='ltr'><strong>a</strong></span> <span class='ocrx_word' id='word_1_106' title='bbox 680 702 772 738; x_wconf 81' lang='lat' dir='ltr'><strong>Moyse</strong></span> <span class='ocrx_word' id='word_1_107' title='bbox 791 703 985 737; x_wconf 87' lang='lat' dir='ltr'><strong>prophetisque</strong></span> <span class='ocrx_word' id='word_1_108' title='bbox 997 703 1102 730; x_wconf 71' lang='lat' dir='ltr'><strong>caeteris</strong></span> 
     </span>
    </p>
   </div>
   <div class='ocr_carea' id='block_1_16' title="bbox 317 748 1103 781">
    <p class='ocr_par' dir='ltr' id='par_1_16' title="bbox 317 748 1103 781">
     <span class='ocr_line' id='line_1_16' title="bbox 317 748 1103 781; baseline 0.001 -6"><span class='ocrx_word' id='word_1_109' title='bbox 317 748 389 776; x_wconf 85' lang='lat' dir='ltr'><strong>edita</strong></span> <span class='ocrx_word' id='word_1_110' title='bbox 405 748 535 776; x_wconf 87' lang='lat' dir='ltr'><strong>miracula</strong></span> <span class='ocrx_word' id='word_1_111' title='bbox 551 755 624 781; x_wconf 84' lang='lat' dir='ltr'><strong>sunt,</strong></span> <span class='ocrx_word' id='word_1_112' title='bbox 639 748 719 775; x_wconf 84' lang='lat' dir='ltr'><strong>ﬁdem</strong></span> <span class='ocrx_word' id='word_1_113' title='bbox 742 749 795 776; x_wconf 87' lang='lat' dir='ltr'><strong>illis</strong></span> <span class='ocrx_word' id='word_1_114' title='bbox 819 750 908 775; x_wconf 90' lang='lat' dir='ltr'><strong>adhuc</strong></span> <span class='ocrx_word' id='word_1_115' title='bbox 929 757 1036 776; x_wconf 87' lang='lat' dir='ltr'><strong>omnem</strong></span> <span class='ocrx_word' id='word_1_116' title='bbox 1056 758 1103 776; x_wconf 87' lang='lat' dir='ltr'><strong>su-</strong></span> 
     </span>
    </p>
   </div>
   <div class='ocr_carea' id='block_1_17' title="bbox 317 793 1101 829">
    <p class='ocr_par' dir='ltr' id='par_1_17' title="bbox 317 793 1101 829">
     <span class='ocr_line' id='line_1_17' title="bbox 317 793 1101 829; baseline 0.003 -9"><span class='ocrx_word' id='word_1_117' title='bbox 317 801 413 828; x_wconf 87' lang='lat' dir='ltr'><strong>perare</strong></span> <span class='ocrx_word' id='word_1_118' title='bbox 437 794 599 821; x_wconf 84' lang='lat' dir='ltr'><strong>vidcantur?</strong></span> <span class='ocrx_word' id='word_1_119' title='bbox 617 793 684 820; x_wconf 83' lang='lat' dir='ltr'><strong>Nam</strong></span> <span class='ocrx_word' id='word_1_120' title='bbox 709 799 859 829; x_wconf 69' lang='lat' dir='ltr'><strong>praepotens</strong></span> <span class='ocrx_word' id='word_1_121' title='bbox 880 795 923 822; x_wconf 84' lang='lat' dir='ltr'><strong>ille</strong></span> <span class='ocrx_word' id='word_1_122' title='bbox 938 795 1029 827; x_wconf 81' lang='lat' dir='ltr'><strong>Deus.</strong></span> <span class='ocrx_word' id='word_1_123' title='bbox 1054 803 1101 829; x_wconf 90' lang='lat' dir='ltr'><strong>pro</strong></span> 
     </span>
    </p>
   </div>
   <div class='ocr_carea' id='block_1_18' title="bbox 317 840 1101 875">
    <p class='ocr_par' dir='ltr' id='par_1_18' title="bbox 317 840 1101 875">
     <span class='ocr_line' id='line_1_18' title="bbox 317 840 1101 875; baseline 0 -7"><span class='ocrx_word' id='word_1_124' title='bbox 317 848 350 868; x_wconf 86' lang='lat' dir='ltr'><strong>ea</strong></span> <span class='ocrx_word' id='word_1_125' title='bbox 373 848 427 875; x_wconf 87' lang='lat' dir='ltr'><strong>qua</strong></span> <span class='ocrx_word' id='word_1_126' title='bbox 453 840 577 867; x_wconf 83' lang='lat' dir='ltr'><strong>homines</strong></span> <span class='ocrx_word' id='word_1_127' title='bbox 605 841 748 867; x_wconf 86' lang='lat' dir='ltr'><strong>universos</strong></span> <span class='ocrx_word' id='word_1_128' title='bbox 775 848 839 867; x_wconf 91' lang='lat' dir='ltr'><strong>cura</strong></span> <span class='ocrx_word' id='word_1_129' title='bbox 862 841 1101 875; x_wconf 75' lang='lat' dir='ltr'><strong>benevolentiaque</strong></span> 
     </span>
    </p>
   </div>
   <div class='ocr_carea' id='block_1_19' title="bbox 316 887 1100 921">
    <p class='ocr_par' dir='ltr' id='par_1_19' title="bbox 316 887 1100 921">
     <span class='ocr_line' id='line_1_19' title="bbox 316 887 1100 921; baseline 0.001 -7"><span class='ocrx_word' id='word_1_130' title='bbox 316 887 515 921; x_wconf 87' lang='lat' dir='ltr'><strong>complectitur,</strong></span> <span class='ocrx_word' id='word_1_131' title='bbox 534 887 620 921; x_wconf 88' lang='lat' dir='ltr'><strong>jussis</strong></span> <span class='ocrx_word' id='word_1_132' title='bbox 636 887 722 918; x_wconf 88' lang='lat' dir='ltr'><strong>alios,</strong></span> <span class='ocrx_word' id='word_1_133' title='bbox 738 887 807 913; x_wconf 88' lang='lat' dir='ltr'><strong>alios</strong></span> <span class='ocrx_word' id='word_1_134' title='bbox 834 887 1100 921; x_wconf 80' lang='lat' dir='ltr'><strong>comminationibus,</strong></span> 
     </span>
    </p>
   </div>
   <div class='ocr_carea' id='block_1_20' title="bbox 316 932 1100 967">
    <p class='ocr_par' dir='ltr' id='par_1_20' title="bbox 316 932 1100 967">
     <span class='ocr_line' id='line_1_20' title="bbox 316 932 1100 967; baseline 0.003 -9"><span class='ocrx_word' id='word_1_135' title='bbox 316 932 447 967; x_wconf 78' lang='lat' dir='ltr'><strong>prodigiis</strong></span> <span class='ocrx_word' id='word_1_136' title='bbox 468 932 550 959; x_wconf 89' lang='lat' dir='ltr'><strong>etiam</strong></span> <span class='ocrx_word' id='word_1_137' title='bbox 572 932 756 966; x_wconf 83' lang='lat' dir='ltr'><strong>monstrisque</strong></span> <span class='ocrx_word' id='word_1_138' title='bbox 775 932 921 959; x_wconf 90' lang='lat' dir='ltr'><strong>nonnullos</strong></span> <span class='ocrx_word' id='word_1_139' title='bbox 935 954 943 965; x_wconf 85' lang='lat'><strong>,</strong></span> <span class='ocrx_word' id='word_1_140' title='bbox 967 933 1100 967; x_wconf 84' lang='lat' dir='ltr'><strong>quosdam</strong></span> 
     </span>
    </p>
   </div>
   <div class='ocr_carea' id='block_1_21' title="bbox 316 977 1101 1012">
    <p class='ocr_par' dir='ltr' id='par_1_21' title="bbox 316 977 1101 1012">
     <span class='ocr_line' id='line_1_21' title="bbox 316 977 1101 1012; baseline 0.001 -7"><span class='ocrx_word' id='word_1_141' title='bbox 316 985 382 1006; x_wconf 84' lang='lat' dir='ltr'><strong>vero</strong></span> <span class='ocrx_word' id='word_1_142' title='bbox 397 977 503 1005; x_wconf 84' lang='lat' dir='ltr'><strong>blandis</strong></span> <span class='ocrx_word' id='word_1_143' title='bbox 519 977 746 1012; x_wconf 88' lang='lat' dir='ltr'><strong>promissionibus</strong></span> <span class='ocrx_word' id='word_1_144' title='bbox 758 978 791 1005; x_wconf 87' lang='lat' dir='ltr'><strong>ad</strong></span> <span class='ocrx_word' id='word_1_145' title='bbox 801 978 991 1012; x_wconf 74' lang='lat' dir='ltr'><strong>cogitationem</strong></span> <span class='ocrx_word' id='word_1_146' title='bbox 1006 979 1101 1007; x_wconf 87' lang='lat' dir='ltr'><strong>salutis</strong></span> 
     </span>
    </p>
   </div>
   <div class='ocr_carea' id='block_1_22' title="bbox 317 1025 1101 1061">
    <p class='ocr_par' dir='ltr' id='par_1_22' title="bbox 317 1025 1101 1061">
     <span class='ocr_line' id='line_1_22' title="bbox 317 1025 1101 1061; baseline 0 -7"><span class='ocrx_word' id='word_1_147' title='bbox 317 1026 437 1055; x_wconf 87' lang='lat' dir='ltr'><strong>adducit.</strong></span> <span class='ocrx_word' id='word_1_148' title='bbox 455 1025 542 1053; x_wconf 68' lang='lat' dir='ltr'><strong>Graeci</strong></span> <span class='ocrx_word' id='word_1_149' title='bbox 560 1026 714 1059; x_wconf 88' lang='lat' dir='ltr'><strong>enimvero,</strong></span> <span class='ocrx_word' id='word_1_150' title='bbox 740 1034 802 1053; x_wconf 89' lang='lat' dir='ltr'><strong>cum</strong></span> <span class='ocrx_word' id='word_1_151' title='bbox 819 1026 990 1053; x_wconf 90' lang='lat' dir='ltr'><strong>diuturniore</strong></span> <span class='ocrx_word' id='word_1_152' title='bbox 1013 1035 1101 1061; x_wconf 89' lang='lat' dir='ltr'><strong>quon-</strong></span> 
     </span>
    </p>
   </div>
   <div class='ocr_carea' id='block_1_23' title="bbox 315 1070 1101 1107">
    <p class='ocr_par' dir='ltr' id='par_1_23' title="bbox 315 1070 1101 1107">
     <span class='ocr_line' id='line_1_23' title="bbox 315 1070 1101 1107; baseline 0.001 -8"><span class='ocrx_word' id='word_1_153' title='bbox 315 1071 379 1099; x_wconf 84' lang='lat' dir='ltr'><strong>dam</strong></span> <span class='ocrx_word' id='word_1_154' title='bbox 401 1076 469 1099; x_wconf 69' lang='grc' dir='ltr'>αξςιιι</span> <span class='ocrx_word' id='word_1_155' title='bbox 487 1070 590 1098; x_wconf 72' lang='lat' dir='ltr'><strong>Grzecia</strong></span> <span class='ocrx_word' id='word_1_156' title='bbox 616 1072 717 1106; x_wconf 83' lang='lat' dir='ltr'><strong>passim</strong></span> <span class='ocrx_word' id='word_1_157' title='bbox 743 1072 874 1099; x_wconf 78' lang='lat' dir='ltr'><strong>exhausta</strong></span> <span class='ocrx_word' id='word_1_158' title='bbox 900 1073 1054 1107; x_wconf 75' lang='lat' dir='ltr'><strong>squalet-et,</strong></span> <span class='ocrx_word' id='word_1_159' title='bbox 1075 1079 1101 1100; x_wconf 89' lang='lat' dir='ltr'><strong>et</strong></span> 
     </span>
    </p>
   </div>
   <div class='ocr_carea' id='block_1_24' title="bbox 316 1117 1100 1153">
    <p class='ocr_par' dir='ltr' id='par_1_24' title="bbox 316 1117 1100 1153">
     <span class='ocr_line' id='line_1_24' title="bbox 316 1117 1100 1153; baseline 0.001 -8"><span class='ocrx_word' id='word_1_160' title='bbox 316 1117 395 1153; x_wconf 82' lang='lat' dir='ltr'><strong>longa</strong></span> <span class='ocrx_word' id='word_1_161' title='bbox 409 1117 517 1153; x_wconf 73' lang='lat' dir='ltr'><strong>frugum</strong></span> <span class='ocrx_word' id='word_1_162' title='bbox 531 1118 653 1144; x_wconf 84' lang='lat' dir='ltr'><strong>omnium</strong></span> <span class='ocrx_word' id='word_1_163' title='bbox 676 1117 763 1144; x_wconf 89' lang='lat' dir='ltr'><strong>inedia</strong></span> <span class='ocrx_word' id='word_1_164' title='bbox 779 1123 964 1152; x_wconf 86' lang='lat' dir='ltr'><strong>premeretur,</strong></span> <span class='ocrx_word' id='word_1_165' title='bbox 988 1120 1035 1153; x_wconf 91' lang='lat' dir='ltr'><strong>qui</strong></span> <span class='ocrx_word' id='word_1_166' title='bbox 1052 1128 1100 1146; x_wconf 91' lang='lat' dir='ltr'><strong>su-</strong></span> 
     </span>
    </p>
   </div>
   <div class='ocr_carea' id='block_1_25' title="bbox 315 1163 1100 1199">
    <p class='ocr_par' dir='ltr' id='par_1_25' title="bbox 315 1163 1100 1199">
     <span class='ocr_line' id='line_1_25' title="bbox 315 1163 1100 1199; baseline 0.003 -9"><span class='ocrx_word' id='word_1_167' title='bbox 315 1164 442 1198; x_wconf 84' lang='lat' dir='ltr'><strong>perstites</strong></span> <span class='ocrx_word' id='word_1_168' title='bbox 455 1163 544 1191; x_wconf 86' lang='lat' dir='ltr'><strong>adhuc</strong></span> <span class='ocrx_word' id='word_1_169' title='bbox 561 1169 648 1195; x_wconf 89' lang='lat' dir='ltr'><strong>erant,</strong></span> <span class='ocrx_word' id='word_1_170' title='bbox 667 1163 757 1196; x_wconf 79' lang='lat' dir='ltr'><strong>famis,</strong></span> <span class='ocrx_word' id='word_1_171' title='bbox 777 1164 913 1198; x_wconf 84' lang='lat' dir='ltr'><strong>inquiunt,</strong></span> <span class='ocrx_word' id='word_1_172' title='bbox 938 1164 1100 1199; x_wconf 65' lang='lat' dir='ltr'><strong>depellenda!</strong></span> 
     </span>
    </p>
   </div>
   <div class='ocr_carea' id='block_1_26' title="bbox 315 1208 1099 1244">
    <p class='ocr_par' dir='ltr' id='par_1_26' title="bbox 315 1208 1099 1244">
     <span class='ocr_line' id='line_1_26' title="bbox 315 1208 1099 1244; baseline 0.001 -8"><span class='ocrx_word' id='word_1_173' title='bbox 315 1216 409 1241; x_wconf 84' lang='lat' dir='ltr'><strong>causa,</strong></span> <span class='ocrx_word' id='word_1_174' title='bbox 426 1208 542 1243; x_wconf 85' lang='lat' dir='ltr'><strong>Delphos</strong></span> <span class='ocrx_word' id='word_1_175' title='bbox 557 1209 692 1244; x_wconf 86' lang='lat' dir='ltr'><strong>supplices</strong></span> <span class='ocrx_word' id='word_1_176' title='bbox 718 1210 818 1236; x_wconf 85' lang='lat' dir='ltr'><strong>adiere.</strong></span> <span class='ocrx_word' id='word_1_177' title='bbox 847 1209 904 1242; x_wconf 87' lang='lat' dir='ltr'><strong>llis,</strong></span> <span class='ocrx_word' id='word_1_178' title='bbox 922 1210 1099 1244; x_wconf 81' lang='lat' dir='ltr'><strong>quemadmo-</strong></span> 
     </span>
    </p>
   </div>
   <div class='ocr_carea' id='block_1_27' title="bbox 315 1255 1098 1290">
    <p class='ocr_par' dir='ltr' id='par_1_27' title="bbox 315 1255 1098 1290">
     <span class='ocr_line' id='line_1_27' title="bbox 315 1255 1098 1290; baseline 0.003 -8"><span class='ocrx_word' id='word_1_179' title='bbox 315 1255 380 1282; x_wconf 84' lang='lat' dir='ltr'><strong>dum</strong></span> <span class='ocrx_word' id='word_1_180' title='bbox 394 1260 470 1282; x_wconf 91' lang='lat' dir='ltr'><strong>tanto</strong></span> <span class='ocrx_word' id='word_1_181' title='bbox 485 1255 557 1282; x_wconf 88' lang='lat' dir='ltr'><strong>malo</strong></span> <span class='ocrx_word' id='word_1_182' title='bbox 570 1255 791 1290; x_wconf 80' lang='lat' dir='ltr'><strong>defungeremur,</strong></span> <span class='ocrx_word' id='word_1_183' title='bbox 802 1257 1018 1288; x_wconf 83' lang='lat' dir='ltr'><strong>consulentibus,</strong></span> <span class='ocrx_word' id='word_1_184' title='bbox 1027 1258 1098 1284; x_wconf 89' lang='lat' dir='ltr'><strong>viam</strong></span> 
     </span>
    </p>
   </div>
   <div class='ocr_carea' id='block_1_28' title="bbox 316 1300 1098 1337">
    <p class='ocr_par' dir='ltr' id='par_1_28' title="bbox 316 1300 1098 1337">
     <span class='ocr_line' id='line_1_28' title="bbox 316 1300 1098 1337; baseline 0.005 -11"><span class='ocrx_word' id='word_1_185' title='bbox 316 1301 387 1327; x_wconf 80' lang='lat' dir='ltr'><strong>hanc</strong></span> <span class='ocrx_word' id='word_1_186' title='bbox 404 1308 483 1327; x_wconf 89' lang='lat' dir='ltr'><strong>unam</strong></span> <span class='ocrx_word' id='word_1_187' title='bbox 504 1300 598 1336; x_wconf 76' lang='lat' dir='ltr'><strong>Pythia</strong></span> <span class='ocrx_word' id='word_1_188' title='bbox 616 1301 736 1328; x_wconf 67' lang='lat' dir='ltr'><strong>levandae</strong></span> <span class='ocrx_word' id='word_1_189' title='bbox 759 1302 923 1329; x_wconf 89' lang='lat' dir='ltr'><strong>calamitatis</strong></span> <span class='ocrx_word' id='word_1_190' title='bbox 936 1305 1056 1337; x_wconf 86' lang='lat' dir='ltr'><strong>aperuit,</strong></span> <span class='ocrx_word' id='word_1_191' title='bbox 1076 1304 1098 1331; x_wconf 88' lang='lat' dir='ltr'><strong>si</strong></span> 
     </span>
    </p>
   </div>
   <div class='ocr_carea' id='block_1_29' title="bbox 316 1345 1097 1381">
    <p class='ocr_par' dir='ltr' id='par_1_29' title="bbox 316 1345 1097 1381">
     <span class='ocr_line' id='line_1_29' title="bbox 316 1345 1097 1381; baseline 0.005 -9"><span class='ocrx_word' id='word_1_192' title='bbox 316 1345 394 1372; x_wconf 63' lang='grc' dir='ltr'><strong>Δ]αοί</strong></span> <span class='ocrx_word' id='word_1_193' title='bbox 406 1346 530 1380; x_wconf 87' lang='lat' dir='ltr'><strong>precibus</strong></span> <span class='ocrx_word' id='word_1_194' title='bbox 550 1351 700 1375; x_wconf 76' lang='lat' dir='ltr'><strong>uterentur.</strong></span> <span class='ocrx_word' id='word_1_195' title='bbox 716 1346 821 1380; x_wconf 85' lang='lat' dir='ltr'><strong>Quibus</strong></span> <span class='ocrx_word' id='word_1_196' title='bbox 838 1348 882 1375; x_wconf 89' lang='lat' dir='ltr'><strong>ille</strong></span> <span class='ocrx_word' id='word_1_197' title='bbox 897 1349 1097 1381; x_wconf 83' lang='lat' dir='ltr'><strong>obsecundans,</strong></span> 
     </span>
    </p>
   </div>
   <div class='ocr_carea' id='block_1_30' title="bbox 316 1391 1098 1429">
    <p class='ocr_par' dir='ltr' id='par_1_30' title="bbox 316 1391 1098 1429">
     <span class='ocr_line' id='line_1_30' title="bbox 316 1391 1098 1429; baseline 0.005 -12"><span class='ocrx_word' id='word_1_198' title='bbox 316 1391 432 1425; x_wconf 81' lang='lat' dir='ltr'><strong>aliquem</strong></span> <span class='ocrx_word' id='word_1_199' title='bbox 448 1391 474 1418; x_wconf 91' lang='lat' dir='ltr'><strong>in</strong></span> <span class='ocrx_word' id='word_1_200' title='bbox 490 1391 601 1419; x_wconf 68' lang='lat' dir='ltr'><strong>Graeciae</strong></span> <span class='ocrx_word' id='word_1_201' title='bbox 618 1396 738 1419; x_wconf 89' lang='lat' dir='ltr'><strong>montem</strong></span> <span class='ocrx_word' id='word_1_202' title='bbox 758 1394 915 1421; x_wconf 85' lang='lat' dir='ltr'><strong>conscendit</strong></span> <span class='ocrx_word' id='word_1_203' title='bbox 940 1394 1030 1429; x_wconf 88' lang='lat' dir='ltr'><strong>ibique</strong></span> <span class='ocrx_word' id='word_1_204' title='bbox 1048 1402 1098 1429; x_wconf 89' lang='lat' dir='ltr'><strong>pu-</strong></span> 
     </span>
    </p>
   </div>
   <div class='ocr_carea' id='block_1_31' title="bbox 315 1436 1097 1473">
    <p class='ocr_par' dir='ltr' id='par_1_31' title="bbox 315 1436 1097 1473">
     <span class='ocr_line' id='line_1_31' title="bbox 315 1436 1097 1473; baseline 0.004 -10"><span class='ocrx_word' id='word_1_205' title='bbox 315 1436 354 1464; x_wconf 87' lang='lat' dir='ltr'><strong>ris</strong></span> <span class='ocrx_word' id='word_1_206' title='bbox 371 1437 398 1464; x_wconf 91' lang='lat' dir='ltr'><strong>in</strong></span> <span class='ocrx_word' id='word_1_207' title='bbox 417 1438 515 1465; x_wconf 70' lang='lat' dir='ltr'><strong>malum</strong></span> <span class='ocrx_word' id='word_1_208' title='bbox 533 1437 658 1465; x_wconf 89' lang='lat' dir='ltr'><strong>manibus</strong></span> <span class='ocrx_word' id='word_1_209' title='bbox 670 1438 795 1471; x_wconf 79' lang='lat' dir='ltr'><strong>sublatis,</strong></span> <span class='ocrx_word' id='word_1_210' title='bbox 812 1447 983 1466; x_wconf 87' lang='lat' dir='ltr'><strong>communem</strong></span> <span class='ocrx_word' id='word_1_211' title='bbox 1002 1440 1097 1473; x_wconf 83' lang='lat' dir='ltr'><strong>Deum,</strong></span> 
     </span>
    </p>
   </div>
   <div class='ocr_carea' id='block_1_32' title="bbox 315 1483 1098 1520">
    <p class='ocr_par' dir='ltr' id='par_1_32' title="bbox 315 1483 1098 1520">
     <span class='ocr_line' id='line_1_32' title="bbox 315 1483 1098 1520; baseline 0 -9"><span class='ocrx_word' id='word_1_212' title='bbox 315 1484 353 1511; x_wconf 86' lang='lat' dir='ltr'><strong>uti</strong></span> <span class='ocrx_word' id='word_1_213' title='bbox 369 1491 431 1511; x_wconf 87' lang='lat' dir='ltr'><strong>cum</strong></span> <span class='ocrx_word' id='word_1_214' title='bbox 447 1484 558 1518; x_wconf 70' lang='lat' dir='ltr'><strong>perditae</strong></span> <span class='ocrx_word' id='word_1_215' title='bbox 569 1483 678 1511; x_wconf 54' lang='lat' dir='ltr'><strong>Graeciae</strong></span> <span class='ocrx_word' id='word_1_216' title='bbox 695 1484 897 1512; x_wconf 88' lang='lat' dir='ltr'><strong>commiseratio</strong></span> <span class='ocrx_word' id='word_1_217' title='bbox 908 1490 1030 1520; x_wconf 79' lang='lat' dir='ltr'><strong>caperet,</strong></span> <span class='ocrx_word' id='word_1_218' title='bbox 1049 1486 1098 1512; x_wconf 87' lang='lat' dir='ltr'><strong>ob-</strong></span> 
     </span>
    </p>
   </div>
   <div class='ocr_carea' id='block_1_33' title="bbox 314 1529 1133 1571">
    <p class='ocr_par' dir='ltr' id='par_1_33' title="bbox 314 1529 1133 1571">
     <span class='ocr_line' id='line_1_33' title="bbox 314 1529 1133 1571; baseline 0.001 -14"><span class='ocrx_word' id='word_1_219' title='bbox 314 1530 438 1557; x_wconf 84' lang='lat' dir='ltr'><strong>secravit.</strong></span> <span class='ocrx_word' id='word_1_220' title='bbox 459 1529 589 1556; x_wconf 87' lang='lat' dir='ltr'><strong>Precibus</strong></span> <span class='ocrx_word' id='word_1_221' title='bbox 603 1529 647 1556; x_wconf 83' lang='lat' dir='ltr'><strong>ille</strong></span> <span class='ocrx_word' id='word_1_222' title='bbox 669 1530 733 1556; x_wconf 88' lang='lat' dir='ltr'><strong>dum</strong></span> <span class='ocrx_word' id='word_1_223' title='bbox 765 1530 887 1563; x_wconf 84' lang='lat' dir='ltr'><strong>instaret,</strong></span> <span class='ocrx_word' id='word_1_224' title='bbox 904 1531 999 1565; x_wconf 79' lang='lat' dir='ltr'><strong>ingens</strong></span> <span class='ocrx_word' id='word_1_225' title='bbox 1026 1531 1098 1558; x_wconf 89' lang='lat' dir='ltr'><strong>illico</strong></span> <span class='ocrx_word' id='word_1_226' title='bbox 1111 1542 1133 1571; x_wconf 73' lang='grc' dir='ltr'><strong>ο</strong></span> 
     </span>
    </p>
   </div>
   <div class='ocr_carea' id='block_1_34' title="bbox 313 1576 1098 1610">
    <p class='ocr_par' dir='ltr' id='par_1_34' title="bbox 313 1576 1098 1610">
     <span class='ocr_line' id='line_1_34' title="bbox 313 1576 1098 1610; baseline 0.001 -8"><span class='ocrx_word' id='word_1_227' title='bbox 313 1577 415 1602; x_wconf 90' lang='lat' dir='ltr'><strong>tonitru</strong></span> <span class='ocrx_word' id='word_1_228' title='bbox 429 1576 563 1606; x_wconf 83' lang='lat' dir='ltr'><strong>exaudiri,</strong></span> <span class='ocrx_word' id='word_1_229' title='bbox 583 1576 700 1602; x_wconf 88' lang='lat' dir='ltr'><strong>nubibus</strong></span> <span class='ocrx_word' id='word_1_230' title='bbox 721 1576 825 1603; x_wconf 88' lang='lat' dir='ltr'><strong>circum</strong></span> <span class='ocrx_word' id='word_1_231' title='bbox 856 1576 976 1610; x_wconf 84' lang='lat' dir='ltr'><strong>undique</strong></span> <span class='ocrx_word' id='word_1_232' title='bbox 1001 1577 1098 1604; x_wconf 85' lang='lat' dir='ltr'><strong>obduci</strong></span> 
     </span>
    </p>
   </div>
   <div class='ocr_carea' id='block_1_35' title="bbox 314 1621 1096 1655">
    <p class='ocr_par' dir='ltr' id='par_1_35' title="bbox 314 1621 1096 1655">
     <span class='ocr_line' id='line_1_35' title="bbox 314 1621 1096 1655; baseline 0 -7"><span class='ocrx_word' id='word_1_233' title='bbox 314 1621 424 1651; x_wconf 75' lang='lat' dir='ltr'><strong>coelum.</strong></span> <span class='ocrx_word' id='word_1_234' title='bbox 441 1621 574 1647; x_wconf 87' lang='lat' dir='ltr'><strong>iunnensa</strong></span> <span class='ocrx_word' id='word_1_235' title='bbox 592 1621 776 1655; x_wconf 88' lang='lat' dir='ltr'><strong>continuaque</strong></span> <span class='ocrx_word' id='word_1_236' title='bbox 801 1621 842 1647; x_wconf 85' lang='lat' dir='ltr'><strong>vis</strong></span> <span class='ocrx_word' id='word_1_237' title='bbox 865 1621 992 1647; x_wconf 89' lang='lat' dir='ltr'><strong>imbrium</strong></span> <span class='ocrx_word' id='word_1_238' title='bbox 1019 1626 1096 1648; x_wconf 85' lang='lat' dir='ltr'><strong>vaslo</strong></span> 
     </span>
    </p>
   </div>
   <div class='ocr_carea' id='block_1_36' title="bbox 313 1666 1098 1701">
    <p class='ocr_par' dir='ltr' id='par_1_36' title="bbox 313 1666 1098 1701">
     <span class='ocr_line' id='line_1_36' title="bbox 313 1666 1098 1701; baseline 0 -8"><span class='ocrx_word' id='word_1_239' title='bbox 313 1667 416 1701; x_wconf 85' lang='lat' dir='ltr'><strong>impetu</strong></span> <span class='ocrx_word' id='word_1_240' title='bbox 432 1666 569 1701; x_wconf 76' lang='lat' dir='ltr'><strong>regionem</strong></span> <span class='ocrx_word' id='word_1_241' title='bbox 589 1666 743 1693; x_wconf 79' lang='lat' dir='ltr'><strong>universam</strong></span> <span class='ocrx_word' id='word_1_242' title='bbox 767 1666 908 1693; x_wconf 89' lang='lat' dir='ltr'><strong>inundare.</strong></span> <span class='ocrx_word' id='word_1_243' title='bbox 934 1666 996 1693; x_wconf 90' lang='lat' dir='ltr'><strong>lnde</strong></span> <span class='ocrx_word' id='word_1_244' title='bbox 1021 1667 1098 1694; x_wconf 86' lang='lat' dir='ltr'><strong>beata</strong></span> 
     </span>
    </p>
   </div>
   <div class='ocr_carea' id='block_1_37' title="bbox 313 1711 1098 1747">
    <p class='ocr_par' dir='ltr' id='par_1_37' title="bbox 313 1711 1098 1747">
     <span class='ocr_line' id='line_1_37' title="bbox 313 1711 1098 1747; baseline 0 -7"><span class='ocrx_word' id='word_1_245' title='bbox 313 1713 412 1740; x_wconf 86' lang='lat' dir='ltr'><strong>messis</strong></span> <span class='ocrx_word' id='word_1_246' title='bbox 426 1712 570 1744; x_wconf 79' lang='lat' dir='ltr'><strong>exsistens,</strong></span> <span class='ocrx_word' id='word_1_247' title='bbox 585 1711 661 1739; x_wconf 71' lang='grc' dir='ltr'><strong>,Εοοί</strong></span> <span class='ocrx_word' id='word_1_248' title='bbox 675 1712 746 1739; x_wconf 89' lang='lat' dir='ltr'><strong>culta</strong></span> <span class='ocrx_word' id='word_1_249' title='bbox 770 1717 881 1747; x_wconf 85' lang='lat' dir='ltr'><strong>sataque</strong></span> <span class='ocrx_word' id='word_1_250' title='bbox 897 1713 1038 1746; x_wconf 85' lang='lat' dir='ltr'><strong>precibus,</strong></span> <span class='ocrx_word' id='word_1_251' title='bbox 1065 1713 1098 1740; x_wconf 89' lang='lat' dir='ltr'><strong>ad</strong></span> 
     </span>
    </p>
   </div>
   <div class='ocr_carea' id='block_1_38' title="bbox 313 1755 1099 1792">
    <p class='ocr_par' dir='ltr' id='par_1_38' title="bbox 313 1755 1099 1792">
     <span class='ocr_line' id='line_1_38' title="bbox 313 1755 1099 1792; baseline 0.001 -9"><span class='ocrx_word' id='word_1_252' title='bbox 313 1755 402 1784; x_wconf 75' lang='lat' dir='ltr'><strong>lzetam</strong></span> <span class='ocrx_word' id='word_1_253' title='bbox 417 1757 599 1784; x_wconf 88' lang='lat' dir='ltr'><strong>maturitatem</strong></span> <span class='ocrx_word' id='word_1_254' title='bbox 628 1757 791 1791; x_wconf 89' lang='lat' dir='ltr'><strong>perducitur.</strong></span> <span class='ocrx_word' id='word_1_255' title='bbox 811 1767 820 1783; x_wconf 76' lang='grc' dir='ltr'><strong>ι</strong></span> <span class='ocrx_word' id='word_1_256' title='bbox 840 1757 972 1784; x_wconf 66' lang='lat' dir='ltr'><strong>Nimirum</strong></span> <span class='ocrx_word' id='word_1_257' title='bbox 985 1778 992 1790; x_wconf 89' lang='lat'><strong>,</strong></span> <span class='ocrx_word' id='word_1_258' title='bbox 1011 1758 1099 1792; x_wconf 89' lang='lat' dir='ltr'><strong>inquit</strong></span> 
     </span>
    </p>
   </div>
   <div class='ocr_carea' id='block_1_39' title="bbox 314 1803 1099 1839">
    <p class='ocr_par' dir='ltr' id='par_1_39' title="bbox 314 1803 1099 1839">
     <span class='ocr_line' id='line_1_39' title="bbox 314 1803 1099 1839; baseline 0.001 -8"><span class='ocrx_word' id='word_1_259' title='bbox 314 1804 471 1839; x_wconf 87' lang='lat' dir='ltr'><strong>Scriptura,</strong></span> <span class='ocrx_word' id='word_1_260' title='bbox 501 1804 637 1831; x_wconf 78' lang='lat' dir='ltr'><strong>invocavit</strong></span> <span class='ocrx_word' id='word_1_261' title='bbox 661 1803 770 1831; x_wconf 85' lang='lat' dir='ltr'><strong>Samuel</strong></span> <span class='ocrx_word' id='word_1_262' title='bbox 791 1803 945 1835; x_wconf 81' lang='lat' dir='ltr'><strong>Dominum,</strong></span> <span class='ocrx_word' id='word_1_263' title='bbox 972 1804 1099 1838; x_wconf 89' lang='lat' dir='ltr'><strong>deditque</strong></span> 
     </span>
    </p>
   </div>
   <div class='ocr_carea' id='block_1_40' title="bbox 314 1848 1097 1884">
    <p class='ocr_par' dir='ltr' id='par_1_40' title="bbox 314 1848 1097 1884">
     <span class='ocr_line' id='line_1_40' title="bbox 314 1848 1097 1884; baseline 0.003 -9"><span class='ocrx_word' id='word_1_264' title='bbox 314 1848 445 1876; x_wconf 89' lang='lat' dir='ltr'><strong>Dominus</strong></span> <span class='ocrx_word' id='word_1_265' title='bbox 459 1857 539 1876; x_wconf 87' lang='lat' dir='ltr'><strong>voces</strong></span> <span class='ocrx_word' id='word_1_266' title='bbox 549 1854 575 1876; x_wconf 91' lang='lat' dir='ltr'><strong>ct</strong></span> <span class='ocrx_word' id='word_1_267' title='bbox 590 1849 708 1884; x_wconf 83' lang='lat' dir='ltr'><strong>pluviam</strong></span> <span class='ocrx_word' id='word_1_268' title='bbox 722 1849 749 1875; x_wconf 92' lang='lat' dir='ltr'><strong>in</strong></span> <span class='ocrx_word' id='word_1_269' title='bbox 765 1849 807 1875; x_wconf 90' lang='lat' dir='ltr'><strong>die</strong></span> <span class='ocrx_word' id='word_1_270' title='bbox 822 1849 918 1875; x_wconf 76' lang='lat' dir='ltr'><strong>messis</strong></span> <span class='ocrx_word' id='word_1_271' title='bbox 931 1849 964 1876; x_wconf 82' lang='lat'><strong>&quot;.</strong></span> <span class='ocrx_word' id='word_1_272' title='bbox 988 1859 997 1875; x_wconf 87' lang='grc'><strong>›</strong></span> <span class='ocrx_word' id='word_1_273' title='bbox 1020 1850 1097 1877; x_wconf 87' lang='lat' dir='ltr'><strong>\‘ides</strong></span> 
     </span>
    </p>
   </div>
   <div class='ocr_carea' id='block_1_41' title="bbox 313 1894 1096 1929">
    <p class='ocr_par' dir='ltr' id='par_1_41' title="bbox 313 1894 1096 1929">
     <span class='ocr_line' id='line_1_41' title="bbox 313 1894 1096 1929; baseline 0.001 -8"><span class='ocrx_word' id='word_1_274' title='bbox 313 1902 397 1921; x_wconf 91' lang='lat' dir='ltr'><strong>unum</strong></span> <span class='ocrx_word' id='word_1_275' title='bbox 431 1902 490 1921; x_wconf 83' lang='lat' dir='ltr'><strong>esse</strong></span> <span class='ocrx_word' id='word_1_276' title='bbox 522 1894 627 1926; x_wconf 84' lang='lat' dir='ltr'><strong>Deum,</strong></span> <span class='ocrx_word' id='word_1_277' title='bbox 660 1894 706 1929; x_wconf 89' lang='lat' dir='ltr'><strong>qui</strong></span> <span class='ocrx_word' id='word_1_278' title='bbox 736 1902 783 1929; x_wconf 87' lang='lat' dir='ltr'><strong>per</strong></span> <span class='ocrx_word' id='word_1_279' title='bbox 812 1894 948 1928; x_wconf 80' lang='lat' dir='ltr'><strong>subjectas</strong></span> <span class='ocrx_word' id='word_1_280' title='bbox 982 1895 1096 1922; x_wconf 74' lang='lat' dir='ltr'><strong>virtutes</strong></span> 
     </span>
    </p>
   </div>
   <div class='ocr_carea' id='block_1_42' title="bbox 315 1939 1094 1975">
    <p class='ocr_par' dir='ltr' id='par_1_42' title="bbox 315 1939 1094 1975">
     <span class='ocr_line' id='line_1_42' title="bbox 315 1939 1094 1975; baseline -0.001 -8"><span class='ocrx_word' id='word_1_281' title='bbox 315 1950 325 1966; x_wconf 74' lang='grc' dir='ltr'><strong>ε</strong></span> <span class='ocrx_word' id='word_1_282' title='bbox 341 1940 419 1975; x_wconf 89' lang='lat' dir='ltr'><strong>pluit,</strong></span> <span class='ocrx_word' id='word_1_283' title='bbox 437 1948 517 1975; x_wconf 86' lang='lat' dir='ltr'><strong>super</strong></span> <span class='ocrx_word' id='word_1_284' title='bbox 528 1940 616 1974; x_wconf 87' lang='lat' dir='ltr'><strong>justos</strong></span> <span class='ocrx_word' id='word_1_285' title='bbox 631 1944 657 1966; x_wconf 88' lang='lat' dir='ltr'><strong>et</strong></span> <span class='ocrx_word' id='word_1_286' title='bbox 670 1940 805 1974; x_wconf 84' lang='lat' dir='ltr'><strong>injustos?</strong></span> <span class='ocrx_word' id='word_1_287' title='bbox 823 1949 833 1965; x_wconf 81' lang='grc'><strong>›</strong></span> <span class='ocrx_word' id='word_1_288' title='bbox 854 1939 886 1966; x_wconf 87' lang='lat' dir='ltr'><strong>Et</strong></span> <span class='ocrx_word' id='word_1_289' title='bbox 903 1948 962 1973; x_wconf 72' lang='lat' dir='ltr'><strong>qua:</strong></span> <span class='ocrx_word' id='word_1_290' title='bbox 973 1948 1094 1974; x_wconf 83' lang='lat' dir='ltr'><strong>sequun-</strong></span> 
     </span>
    </p>
   </div>
   <div class='ocr_carea' id='block_1_43' title="bbox 313 1984 1095 2021">
    <p class='ocr_par' dir='ltr' id='par_1_43' title="bbox 313 1984 1095 2021">
     <span class='ocr_line' id='line_1_43' title="bbox 313 1984 1095 2021; baseline -0.001 -7"><span class='ocrx_word' id='word_1_291' title='bbox 313 1991 367 2014; x_wconf 86' lang='lat' dir='ltr'><strong>tur.</strong></span> <span class='ocrx_word' id='word_1_292' title='bbox 393 1985 499 2013; x_wconf 86' lang='lat' dir='ltr'><strong>Inlinita</strong></span> <span class='ocrx_word' id='word_1_293' title='bbox 528 1986 627 2021; x_wconf 88' lang='lat' dir='ltr'><strong>quippe</strong></span> <span class='ocrx_word' id='word_1_294' title='bbox 653 1986 792 2020; x_wconf 80' lang='lat' dir='ltr'><strong>subjungil</strong></span> <span class='ocrx_word' id='word_1_295' title='bbox 824 1984 969 2016; x_wconf 83' lang='lat' dir='ltr'><strong>Clemens,</strong></span> <span class='ocrx_word' id='word_1_296' title='bbox 996 1985 1095 2020; x_wconf 87' lang='lat' dir='ltr'><strong>quibus</strong></span> 
     </span>
    </p>
   </div>
   <div class='ocr_carea' id='block_1_44' title="bbox 1155 296 1939 334">
    <p class='ocr_par' dir='ltr' id='par_1_44' title="bbox 1155 296 1939 334">
     <span class='ocr_line' id='line_1_44' title="bbox 1155 296 1939 334; baseline 0.004 -12"><span class='ocrx_word' id='word_1_297' title='bbox 1155 296 1209 332; x_wconf 81' lang='grc' dir='ltr'>γὰρ</span> <span class='ocrx_word' id='word_1_298' title='bbox 1222 296 1321 328; x_wconf 84' lang='grc' dir='ltr'>αὐτῶν,</span> <span class='ocrx_word' id='word_1_299' title='bbox 1335 297 1394 331; x_wconf 70' lang='grc' dir='ltr'>ἦτοι</span> <span class='ocrx_word' id='word_1_300' title='bbox 1407 297 1493 332; x_wconf 82' lang='grc' dir='ltr'><strong>ἀληθῆ</strong></span> <span class='ocrx_word' id='word_1_301' title='bbox 1507 296 1593 324; x_wconf 71' lang='grc' dir='ltr'>ταῦτα</span> <span class='ocrx_word' id='word_1_302' title='bbox 1606 298 1689 329; x_wconf 78' lang='grc' dir='ltr'>ἐστιν,</span> <span class='ocrx_word' id='word_1_303' title='bbox 1709 297 1727 324; x_wconf 84' lang='grc' dir='ltr'>ἃ</span> <span class='ocrx_word' id='word_1_304' title='bbox 1744 298 1905 333; x_wconf 78' lang='grc' dir='ltr'><strong>ἱστοροῦσιν,</strong></span> <span class='ocrx_word' id='word_1_305' title='bbox 1922 298 1939 334; x_wconf 76' lang='grc' dir='ltr'>ἢ</span> 
     </span>
    </p>
   </div>
   <div class='ocr_carea' id='block_1_45' title="bbox 1154 342 1939 379">
    <p class='ocr_par' dir='ltr' id='par_1_45' title="bbox 1154 342 1939 379">
     <span class='ocr_line' id='line_1_45' title="bbox 1154 342 1939 379; baseline 0.004 -11"><span class='ocrx_word' id='word_1_306' title='bbox 1154 342 1249 377; x_wconf 71' lang='grc' dir='ltr'>ψευδῆ.</span> <span class='ocrx_word' id='word_1_307' title='bbox 1272 343 1361 378; x_wconf 79' lang='grc' dir='ltr'>Ψευδῆ</span> <span class='ocrx_word' id='word_1_308' title='bbox 1380 344 1428 378; x_wconf 78' lang='grc' dir='ltr'><strong>μὲν</strong></span> <span class='ocrx_word' id='word_1_309' title='bbox 1442 345 1491 370; x_wconf 75' lang='grc' dir='ltr'><strong>οὐκ</strong></span> <span class='ocrx_word' id='word_1_310' title='bbox 1507 345 1539 371; x_wconf 82' lang='grc' dir='ltr'><strong>ἂν</strong></span> <span class='ocrx_word' id='word_1_311' title='bbox 1552 345 1673 379; x_wconf 78' lang='grc' dir='ltr'><strong>φήσαιεν·</strong></span> <span class='ocrx_word' id='word_1_312' title='bbox 1697 344 1727 369; x_wconf 77' lang='grc' dir='ltr'><strong>οὐ</strong></span> <span class='ocrx_word' id='word_1_313' title='bbox 1744 344 1796 379; x_wconf 81' lang='grc' dir='ltr'>γὰρ</span> <span class='ocrx_word' id='word_1_314' title='bbox 1808 344 1840 370; x_wconf 82' lang='grc' dir='ltr'>ἂν</span> <span class='ocrx_word' id='word_1_315' title='bbox 1854 353 1939 371; x_wconf 84' lang='grc' dir='ltr'>κατα-</span> 
     </span>
    </p>
   </div>
   <div class='ocr_carea' id='block_1_46' title="bbox 1154 388 1940 424">
    <p class='ocr_par' dir='ltr' id='par_1_46' title="bbox 1154 388 1940 424">
     <span class='ocr_line' id='line_1_46' title="bbox 1154 388 1940 424; baseline 0.004 -11"><span class='ocrx_word' id='word_1_316' title='bbox 1154 388 1316 422; x_wconf 72' lang='grc' dir='ltr'>ψηφίσαιντο</span> <span class='ocrx_word' id='word_1_317' title='bbox 1331 389 1433 415; x_wconf 81' lang='grc' dir='ltr'><strong>ἑαυτῶν</strong></span> <span class='ocrx_word' id='word_1_318' title='bbox 1444 390 1549 421; x_wconf 81' lang='grc' dir='ltr'>ἑκόντες</span> <span class='ocrx_word' id='word_1_319' title='bbox 1558 390 1607 424; x_wconf 87' lang='grc' dir='ltr'>τὴν</span> <span class='ocrx_word' id='word_1_320' title='bbox 1623 389 1752 424; x_wconf 75' lang='grc' dir='ltr'>μεγίστην</span> <span class='ocrx_word' id='word_1_321' title='bbox 1763 389 1898 424; x_wconf 72' lang='grc' dir='ltr'>εὐήθειαν,</span> <span class='ocrx_word' id='word_1_322' title='bbox 1909 390 1940 416; x_wconf 76' lang='grc' dir='ltr'>τὸ</span> 
     </span>
    </p>
   </div>
   <div class='ocr_carea' id='block_1_47' title="bbox 1153 432 1940 470">
    <p class='ocr_par' dir='ltr' id='par_1_47' title="bbox 1153 432 1940 470">
     <span class='ocr_line' id='line_1_47' title="bbox 1153 432 1940 470; baseline 0.001 -11"><span class='ocrx_word' id='word_1_323' title='bbox 1153 433 1236 469; x_wconf 74' lang='grc' dir='ltr'>ψευδῆ</span> <span class='ocrx_word' id='word_1_324' title='bbox 1253 434 1427 469; x_wconf 77' lang='grc' dir='ltr'>συγγράφειψ</span> <span class='ocrx_word' id='word_1_325' title='bbox 1448 434 1534 469; x_wconf 82' lang='grc' dir='ltr'>ἀληθῆ</span> <span class='ocrx_word' id='word_1_326' title='bbox 1549 435 1570 460; x_wconf 83' lang='grc' dir='ltr'><strong>δ’</strong></span> <span class='ocrx_word' id='word_1_327' title='bbox 1585 432 1653 461; x_wconf 79' lang='grc' dir='ltr'>εἶναι</span> <span class='ocrx_word' id='word_1_328' title='bbox 1669 434 1699 466; x_wconf 76' lang='grc' dir='ltr'>ἐξ</span> <span class='ocrx_word' id='word_1_329' title='bbox 1715 434 1835 469; x_wconf 79' lang='grc' dir='ltr'><strong>ἀνάγκης</strong></span> <span class='ocrx_word' id='word_1_330' title='bbox 1849 435 1940 470; x_wconf 83' lang='grc' dir='ltr'>ὁμολο-</span> 
     </span>
    </p>
   </div>
   <div class='ocr_carea' id='block_1_48' title="bbox 1153 478 1939 513">
    <p class='ocr_par' dir='ltr' id='par_1_48' title="bbox 1153 478 1939 513">
     <span class='ocr_line' id='line_1_48' title="bbox 1153 478 1939 513; baseline 0.003 -9"><span class='ocrx_word' id='word_1_331' title='bbox 1153 479 1277 513; x_wconf 84' lang='grc' dir='ltr'>γήσαιεν.</span> <span class='ocrx_word' id='word_1_332' title='bbox 1296 478 1350 505; x_wconf 82' lang='grc' dir='ltr'><strong>Καὶ</strong></span> <span class='ocrx_word' id='word_1_333' title='bbox 1365 478 1422 510; x_wconf 82' lang='grc' dir='ltr'><strong>πῶς</strong></span> <span class='ocrx_word' id='word_1_334' title='bbox 1444 479 1483 505; x_wconf 74' lang='grc' dir='ltr'>ἔτι</span> <span class='ocrx_word' id='word_1_335' title='bbox 1505 479 1605 506; x_wconf 83' lang='grc' dir='ltr'>ἄπιστα</span> <span class='ocrx_word' id='word_1_336' title='bbox 1633 479 1724 509; x_wconf 72' lang='grc' dir='ltr'>αὐτοῖς</span> <span class='ocrx_word' id='word_1_337' title='bbox 1747 479 1939 513; x_wconf 65' lang='grc' dir='ltr'><strong>καταφαίνεται</strong></span> 
     </span>
    </p>
   </div>
   <div class='ocr_carea' id='block_1_49' title="bbox 1153 524 1939 560">
    <p class='ocr_par' dir='ltr' id='par_1_49' title="bbox 1153 524 1939 560">
     <span class='ocr_line' id='line_1_49' title="bbox 1153 524 1939 560; baseline 0.001 -10"><span class='ocrx_word' id='word_1_338' title='bbox 1153 524 1235 551; x_wconf 49' lang='lat' dir='ltr'><strong>eam</strong></span> <span class='ocrx_word' id='word_1_339' title='bbox 1247 525 1377 555; x_wconf 80' lang='grc' dir='ltr'>Μωσέως,</span> <span class='ocrx_word' id='word_1_340' title='bbox 1402 525 1448 557; x_wconf 75' lang='grc' dir='ltr'>καὶ</span> <span class='ocrx_word' id='word_1_341' title='bbox 1461 525 1515 551; x_wconf 80' lang='grc' dir='ltr'>τῶν</span> <span class='ocrx_word' id='word_1_342' title='bbox 1534 525 1619 552; x_wconf 83' lang='grc' dir='ltr'>ἄλλων</span> <span class='ocrx_word' id='word_1_343' title='bbox 1631 525 1776 560; x_wconf 73' lang='grc' dir='ltr'><strong>προφητῶν</strong></span> <span class='ocrx_word' id='word_1_344' title='bbox 1791 525 1939 559; x_wconf 86' lang='grc' dir='ltr'>τεραστιως</span> 
     </span>
    </p>
   </div>
   <div class='ocr_carea' id='block_1_50' title="bbox 1153 570 1939 606">
    <p class='ocr_par' dir='ltr' id='par_1_50' title="bbox 1153 570 1939 606">
     <span class='ocr_line' id='line_1_50' title="bbox 1153 570 1939 606; baseline -0.001 -9"><span class='ocrx_word' id='word_1_345' title='bbox 1153 571 1374 606; x_wconf 75' lang='grc' dir='ltr'>ἔπιδεδειγμένα;</span> <span class='ocrx_word' id='word_1_346' title='bbox 1394 571 1504 597; x_wconf 84' lang='grc' dir='ltr'><strong>Πάντων</strong></span> <span class='ocrx_word' id='word_1_347' title='bbox 1515 570 1568 606; x_wconf 83' lang='grc' dir='ltr'>γὰρ</span> <span class='ocrx_word' id='word_1_348' title='bbox 1583 570 1732 606; x_wconf 82' lang='grc' dir='ltr'>ἀνθρώπων</span> <span class='ocrx_word' id='word_1_349' title='bbox 1757 571 1770 597; x_wconf 84' lang='grc' dir='ltr'>ὁ</span> <span class='ocrx_word' id='word_1_350' title='bbox 1786 570 1939 605; x_wconf 87' lang='grc' dir='ltr'>παντοκρά-</span> 
     </span>
    </p>
   </div>
   <div class='ocr_carea' id='block_1_51' title="bbox 1152 616 1939 652">
    <p class='ocr_par' dir='ltr' id='par_1_51' title="bbox 1152 616 1939 652">
     <span class='ocr_line' id='line_1_51' title="bbox 1152 616 1939 652; baseline -0.003 -9"><span class='ocrx_word' id='word_1_351' title='bbox 1152 626 1209 652; x_wconf 85' lang='grc' dir='ltr'><strong>τωρ</strong></span> <span class='ocrx_word' id='word_1_352' title='bbox 1225 617 1370 652; x_wconf 83' lang='grc' dir='ltr'>κηδόμενος</span> <span class='ocrx_word' id='word_1_353' title='bbox 1387 617 1463 649; x_wconf 82' lang='grc' dir='ltr'>Θεὸς,</span> <span class='ocrx_word' id='word_1_354' title='bbox 1476 618 1538 648; x_wconf 79' lang='grc' dir='ltr'>τοὺς</span> <span class='ocrx_word' id='word_1_355' title='bbox 1550 617 1598 651; x_wconf 75' lang='grc' dir='ltr'>μὲν</span> <span class='ocrx_word' id='word_1_356' title='bbox 1611 617 1740 648; x_wconf 75' lang='grc' dir='ltr'>ἐντολαῖς,</span> <span class='ocrx_word' id='word_1_357' title='bbox 1751 616 1814 647; x_wconf 76' lang='grc' dir='ltr'>τοὺς</span> <span class='ocrx_word' id='word_1_358' title='bbox 1827 616 1850 642; x_wconf 76' lang='grc' dir='ltr'><strong>δ’</strong></span> <span class='ocrx_word' id='word_1_359' title='bbox 1860 616 1939 642; x_wconf 81' lang='grc' dir='ltr'>ἀπει-</span> 
     </span>
    </p>
   </div>
   <div class='ocr_carea' id='block_1_52' title="bbox 1152 662 1939 698">
    <p class='ocr_par' dir='ltr' id='par_1_52' title="bbox 1152 662 1939 698">
     <span class='ocr_line' id='line_1_52' title="bbox 1152 662 1939 698; baseline -0.001 -10"><span class='ocrx_word' id='word_1_360' title='bbox 1152 663 1221 694; x_wconf 79' lang='grc' dir='ltr'>λαῖς,</span> <span class='ocrx_word' id='word_1_361' title='bbox 1241 662 1297 689; x_wconf 82' lang='grc' dir='ltr'>ἔστι</span> <span class='ocrx_word' id='word_1_362' title='bbox 1313 663 1335 689; x_wconf 76' lang='grc' dir='ltr'><strong>δ’</strong></span> <span class='ocrx_word' id='word_1_363' title='bbox 1344 663 1389 694; x_wconf 78' lang='grc' dir='ltr'><strong>οὓς</strong></span> <span class='ocrx_word' id='word_1_364' title='bbox 1403 663 1524 698; x_wconf 83' lang='grc' dir='ltr'><strong>σημείοις</strong></span> <span class='ocrx_word' id='word_1_365' title='bbox 1539 663 1699 698; x_wconf 80' lang='grc' dir='ltr'>τεραστίοις,</span> <span class='ocrx_word' id='word_1_366' title='bbox 1710 662 1796 693; x_wconf 75' lang='grc' dir='ltr'>ἐνίους</span> <span class='ocrx_word' id='word_1_367' title='bbox 1806 662 1834 687; x_wconf 78' lang='grc' dir='ltr'><strong>δὲ</strong></span> <span class='ocrx_word' id='word_1_368' title='bbox 1847 662 1939 696; x_wconf 58' lang='lat' dir='ltr'><strong>ﬁniet;</strong></span> 
     </span>
    </p>
   </div>
   <div class='ocr_carea' id='block_1_53' title="bbox 1153 708 1938 745">
    <p class='ocr_par' dir='ltr' id='par_1_53' title="bbox 1153 708 1938 745">
     <span class='ocr_line' id='line_1_53' title="bbox 1153 708 1938 745; baseline 0.001 -11"><span class='ocrx_word' id='word_1_369' title='bbox 1153 709 1327 742; x_wconf 77' lang='grc' dir='ltr'><strong>ἐπαγγελίαις</strong></span> <span class='ocrx_word' id='word_1_370' title='bbox 1343 710 1500 744; x_wconf 66' lang='grc' dir='ltr'>ἐπιστρέφει</span> <span class='ocrx_word' id='word_1_371' title='bbox 1516 710 1584 745; x_wconf 77' lang='grc' dir='ltr'>πρὸς</span> <span class='ocrx_word' id='word_1_372' title='bbox 1598 710 1742 744; x_wconf 82' lang='grc' dir='ltr'>σωτηρίαν.</span> <span class='ocrx_word' id='word_1_373' title='bbox 1761 709 1832 744; x_wconf 76' lang='grc' dir='ltr'>Πλὴν</span> <span class='ocrx_word' id='word_1_374' title='bbox 1846 708 1938 735; x_wconf 79' lang='grc' dir='ltr'>ἁλλόί</span> 
     </span>
    </p>
   </div>
   <div class='ocr_carea' id='block_1_54' title="bbox 1154 755 1938 791">
    <p class='ocr_par' dir='ltr' id='par_1_54' title="bbox 1154 755 1938 791">
     <span class='ocr_line' id='line_1_54' title="bbox 1154 755 1938 791; baseline 0 -10"><span class='ocrx_word' id='word_1_375' title='bbox 1154 755 1292 790; x_wconf 80' lang='grc' dir='ltr'>Ἕλληνες,</span> <span class='ocrx_word' id='word_1_376' title='bbox 1308 755 1413 790; x_wconf 81' lang='grc' dir='ltr'>αὐχμοῦ</span> <span class='ocrx_word' id='word_1_377' title='bbox 1440 764 1504 781; x_wconf 86' lang='grc' dir='ltr'>ποτε</span> <span class='ocrx_word' id='word_1_378' title='bbox 1537 756 1586 790; x_wconf 79' lang='grc' dir='ltr'>τὴν</span> <span class='ocrx_word' id='word_1_379' title='bbox 1617 755 1728 782; x_wconf 82' lang='grc' dir='ltr'>Ἐλλάδα</span> <span class='ocrx_word' id='word_1_380' title='bbox 1756 755 1938 791; x_wconf 80' lang='grc' dir='ltr'>πολυχρονὶως</span> 
     </span>
    </p>
   </div>
   <div class='ocr_carea' id='block_1_55' title="bbox 1152 801 1938 837">
    <p class='ocr_par' dir='ltr' id='par_1_55' title="bbox 1152 801 1938 837">
     <span class='ocr_line' id='line_1_55' title="bbox 1152 801 1938 837; baseline 0 -10"><span class='ocrx_word' id='word_1_381' title='bbox 1152 801 1318 837; x_wconf 77' lang='grc' dir='ltr'><strong>φθείροντος,</strong></span> <span class='ocrx_word' id='word_1_382' title='bbox 1334 801 1380 827; x_wconf 84' lang='grc' dir='ltr'>καὶ</span> <span class='ocrx_word' id='word_1_383' title='bbox 1397 802 1546 836; x_wconf 77' lang='grc' dir='ltr'>ἐπεχούσης</span> <span class='ocrx_word' id='word_1_384' title='bbox 1559 801 1669 835; x_wconf 86' lang='grc' dir='ltr'>ἀγονίας</span> <span class='ocrx_word' id='word_1_385' title='bbox 1685 801 1808 836; x_wconf 81' lang='grc' dir='ltr'>καρπῶν,</span> <span class='ocrx_word' id='word_1_386' title='bbox 1820 801 1844 827; x_wconf 87' lang='grc' dir='ltr'>οἱ</span> <span class='ocrx_word' id='word_1_387' title='bbox 1859 806 1938 827; x_wconf 85' lang='grc' dir='ltr'>κατα-</span> 
     </span>
    </p>
   </div>
   <div class='ocr_carea' id='block_1_56' title="bbox 1152 847 1937 882">
    <p class='ocr_par' dir='ltr' id='par_1_56' title="bbox 1152 847 1937 882">
     <span class='ocr_line' id='line_1_56' title="bbox 1152 847 1937 882; baseline -0.001 -9"><span class='ocrx_word' id='word_1_388' title='bbox 1152 847 1315 881; x_wconf 77' lang='grc' dir='ltr'>λειφθέντες,</span> <span class='ocrx_word' id='word_1_389' title='bbox 1332 848 1406 881; x_wconf 77' lang='grc' dir='ltr'>φασὶ,</span> <span class='ocrx_word' id='word_1_390' title='bbox 1419 847 1462 873; x_wconf 76' lang='grc' dir='ltr'><strong>διὰ</strong></span> <span class='ocrx_word' id='word_1_391' title='bbox 1479 847 1555 882; x_wconf 74' lang='grc' dir='ltr'>λιμὸν</span> <span class='ocrx_word' id='word_1_392' title='bbox 1569 847 1655 873; x_wconf 78' lang='grc' dir='ltr'>ἱκέται</span> <span class='ocrx_word' id='word_1_393' title='bbox 1666 847 1881 881; x_wconf 79' lang='grc' dir='ltr'>παραγενόμενοι</span> <span class='ocrx_word' id='word_1_394' title='bbox 1898 847 1937 878; x_wconf 84' lang='grc' dir='ltr'>εἰς</span> 
     </span>
    </p>
   </div>
   <div class='ocr_carea' id='block_1_57' title="bbox 1150 891 1936 927">
    <p class='ocr_par' dir='ltr' id='par_1_57' title="bbox 1150 891 1936 927">
     <span class='ocr_line' id='line_1_57' title="bbox 1150 891 1936 927; baseline 0 -9"><span class='ocrx_word' id='word_1_395' title='bbox 1150 892 1277 927; x_wconf 80' lang='grc' dir='ltr'>Δελφοὺς,</span> <span class='ocrx_word' id='word_1_396' title='bbox 1291 893 1387 927; x_wconf 77' lang='grc' dir='ltr'>ἧροντο</span> <span class='ocrx_word' id='word_1_397' title='bbox 1415 892 1462 927; x_wconf 72' lang='grc' dir='ltr'>τὴν</span> <span class='ocrx_word' id='word_1_398' title='bbox 1495 892 1605 924; x_wconf 77' lang='grc' dir='ltr'>Πυθίαν,</span> <span class='ocrx_word' id='word_1_399' title='bbox 1623 891 1680 924; x_wconf 76' lang='grc' dir='ltr'><strong>πῶς</strong></span> <span class='ocrx_word' id='word_1_400' title='bbox 1707 891 1740 919; x_wconf 82' lang='grc' dir='ltr'><strong>ἂν</strong></span> <span class='ocrx_word' id='word_1_401' title='bbox 1757 892 1936 926; x_wconf 84' lang='grc' dir='ltr'>ἀπαλλαγεῖεν</span> 
     </span>
    </p>
   </div>
   <div class='ocr_carea' id='block_1_58' title="bbox 1150 936 1936 973">
    <p class='ocr_par' dir='ltr' id='par_1_58' title="bbox 1150 936 1936 973">
     <span class='ocr_line' id='line_1_58' title="bbox 1150 936 1936 973; baseline 0.001 -11"><span class='ocrx_word' id='word_1_402' title='bbox 1150 936 1195 962; x_wconf 72' lang='grc' dir='ltr'>τοῦ</span> <span class='ocrx_word' id='word_1_403' title='bbox 1212 936 1307 962; x_wconf 74' lang='grc' dir='ltr'>δεινοῦ.</span> <span class='ocrx_word' id='word_1_404' title='bbox 1327 937 1398 962; x_wconf 85' lang='grc' dir='ltr'>Μίαν</span> <span class='ocrx_word' id='word_1_405' title='bbox 1429 936 1450 962; x_wconf 80' lang='grc' dir='ltr'><strong>δ’</strong></span> <span class='ocrx_word' id='word_1_406' title='bbox 1464 936 1554 967; x_wconf 73' lang='grc' dir='ltr'>αὐτοῖς</span> <span class='ocrx_word' id='word_1_407' title='bbox 1582 937 1695 972; x_wconf 74' lang='grc' dir='ltr'>ἔχρησεν</span> <span class='ocrx_word' id='word_1_408' title='bbox 1716 937 1876 973; x_wconf 77' lang='grc' dir='ltr'>ἀπαλλαγὴν</span> <span class='ocrx_word' id='word_1_409' title='bbox 1890 937 1936 972; x_wconf 79' lang='grc' dir='ltr'>τῆς</span> 
     </span>
    </p>
   </div>
   <div class='ocr_carea' id='block_1_59' title="bbox 1151 982 1935 1018">
    <p class='ocr_par' dir='ltr' id='par_1_59' title="bbox 1151 982 1935 1018">
     <span class='ocr_line' id='line_1_59' title="bbox 1151 982 1935 1018; baseline 0.001 -10"><span class='ocrx_word' id='word_1_410' title='bbox 1151 984 1302 1018; x_wconf 73' lang='grc' dir='ltr'>συμφορᾶς,</span> <span class='ocrx_word' id='word_1_411' title='bbox 1319 984 1342 1009; x_wconf 80' lang='grc' dir='ltr'><strong>εί</strong></span> <span class='ocrx_word' id='word_1_412' title='bbox 1355 983 1502 1018; x_wconf 77' lang='grc' dir='ltr'>χρήσαιντο</span> <span class='ocrx_word' id='word_1_413' title='bbox 1518 984 1550 1017; x_wconf 86' lang='grc' dir='ltr'>τῇ</span> <span class='ocrx_word' id='word_1_414' title='bbox 1578 982 1677 1009; x_wconf 74' lang='grc' dir='ltr'>Αἰακοῦ</span> <span class='ocrx_word' id='word_1_415' title='bbox 1703 983 1779 1018; x_wconf 79' lang='grc' dir='ltr'>εὐχῇ.</span> <span class='ocrx_word' id='word_1_416' title='bbox 1812 982 1935 1014; x_wconf 73' lang='grc' dir='ltr'>Πεισθεὶς</span> 
     </span>
    </p>
   </div>
   <div class='ocr_carea' id='block_1_60' title="bbox 1150 1026 1936 1064">
    <p class='ocr_par' dir='ltr' id='par_1_60' title="bbox 1150 1026 1936 1064">
     <span class='ocr_line' id='line_1_60' title="bbox 1150 1026 1936 1064; baseline 0 -10"><span class='ocrx_word' id='word_1_417' title='bbox 1150 1026 1195 1054; x_wconf 71' lang='grc' dir='ltr'><strong>οὖν</strong></span> <span class='ocrx_word' id='word_1_418' title='bbox 1210 1028 1299 1059; x_wconf 73' lang='grc' dir='ltr'>αὐτοῖς</span> <span class='ocrx_word' id='word_1_419' title='bbox 1316 1028 1425 1059; x_wconf 67' lang='grc' dir='ltr'>Αἰακὸς,</span> <span class='ocrx_word' id='word_1_420' title='bbox 1451 1027 1568 1054; x_wconf 79' lang='grc' dir='ltr'>ἀνελθὼν</span> <span class='ocrx_word' id='word_1_421' title='bbox 1584 1029 1629 1054; x_wconf 77' lang='grc' dir='ltr'>ἐπὶ</span> <span class='ocrx_word' id='word_1_422' title='bbox 1641 1029 1671 1054; x_wconf 78' lang='grc' dir='ltr'><strong>τὸ</strong></span> <span class='ocrx_word' id='word_1_423' title='bbox 1686 1028 1748 1064; x_wconf 74' lang='grc' dir='ltr'>ὅρος</span> <span class='ocrx_word' id='word_1_424' title='bbox 1765 1028 1795 1054; x_wconf 79' lang='grc' dir='ltr'>τδ</span> <span class='ocrx_word' id='word_1_425' title='bbox 1817 1028 1936 1063; x_wconf 72' lang='grc' dir='ltr'>Ἐλληνι-</span> 
     </span>
    </p>
   </div>
   <div class='ocr_carea' id='block_1_61' title="bbox 1150 1074 1936 1110">
    <p class='ocr_par' dir='ltr' id='par_1_61' title="bbox 1150 1074 1936 1110">
     <span class='ocr_line' id='line_1_61' title="bbox 1150 1074 1936 1110; baseline -0.001 -8"><span class='ocrx_word' id='word_1_426' title='bbox 1150 1075 1208 1105; x_wconf 80' lang='grc' dir='ltr'>κὺν,</span> <span class='ocrx_word' id='word_1_427' title='bbox 1227 1075 1276 1106; x_wconf 80' lang='grc' dir='ltr'>τὰς</span> <span class='ocrx_word' id='word_1_428' title='bbox 1287 1074 1411 1110; x_wconf 79' lang='grc' dir='ltr'>καθαρὰς</span> <span class='ocrx_word' id='word_1_429' title='bbox 1429 1076 1522 1109; x_wconf 83' lang='grc' dir='ltr'>χεῖρας</span> <span class='ocrx_word' id='word_1_430' title='bbox 1549 1075 1671 1106; x_wconf 81' lang='grc' dir='ltr'>ἐκτείνας</span> <span class='ocrx_word' id='word_1_431' title='bbox 1693 1075 1732 1106; x_wconf 77' lang='grc' dir='ltr'><strong>είς</strong></span> <span class='ocrx_word' id='word_1_432' title='bbox 1747 1074 1870 1110; x_wconf 66' lang='grc' dir='ltr'>οὐρανὸν,</span> <span class='ocrx_word' id='word_1_433' title='bbox 1884 1083 1936 1101; x_wconf 80' lang='grc' dir='ltr'>κοι-</span> 
     </span>
    </p>
   </div>
   <div class='ocr_carea' id='block_1_62' title="bbox 1150 1120 1935 1155">
    <p class='ocr_par' dir='ltr' id='par_1_62' title="bbox 1150 1120 1935 1155">
     <span class='ocr_line' id='line_1_62' title="bbox 1150 1120 1935 1155; baseline 0.001 -9"><span class='ocrx_word' id='word_1_434' title='bbox 1150 1120 1193 1146; x_wconf 77' lang='grc' dir='ltr'>νὸν</span> <span class='ocrx_word' id='word_1_435' title='bbox 1210 1120 1372 1151; x_wconf 64' lang='grc' dir='ltr'>ἐπικαλέσας</span> <span class='ocrx_word' id='word_1_436' title='bbox 1399 1120 1504 1154; x_wconf 76' lang='grc' dir='ltr'>πατέρα</span> <span class='ocrx_word' id='word_1_437' title='bbox 1524 1120 1568 1146; x_wconf 66' lang='grc' dir='ltr'>τὸν</span> <span class='ocrx_word' id='word_1_438' title='bbox 1599 1120 1674 1151; x_wconf 83' lang='grc' dir='ltr'>Θεὸν,</span> <span class='ocrx_word' id='word_1_439' title='bbox 1691 1120 1790 1155; x_wconf 80' lang='grc' dir='ltr'>ηὔξατο</span> <span class='ocrx_word' id='word_1_440' title='bbox 1804 1121 1935 1155; x_wconf 70' lang='grc' dir='ltr'>οἰκτεῖραι</span> 
     </span>
    </p>
   </div>
   <div class='ocr_carea' id='block_1_63' title="bbox 1150 1164 1936 1200">
    <p class='ocr_par' dir='ltr' id='par_1_63' title="bbox 1150 1164 1936 1200">
     <span class='ocr_line' id='line_1_63' title="bbox 1150 1164 1936 1200; baseline 0.001 -10"><span class='ocrx_word' id='word_1_441' title='bbox 1150 1165 1228 1191; x_wconf 75' lang='grc' dir='ltr'>αὑτὸν</span> <span class='ocrx_word' id='word_1_442' title='bbox 1245 1165 1451 1200; x_wconf 74' lang='grc' dir='ltr'>τετρυχωμένην</span> <span class='ocrx_word' id='word_1_443' title='bbox 1468 1165 1515 1200; x_wconf 72' lang='grc' dir='ltr'>τὴν</span> <span class='ocrx_word' id='word_1_444' title='bbox 1533 1164 1654 1191; x_wconf 78' lang='grc' dir='ltr'>Ἐλλάδα.</span> <span class='ocrx_word' id='word_1_445' title='bbox 1679 1165 1753 1199; x_wconf 77' lang='grc' dir='ltr'>’Ἀμα</span> <span class='ocrx_word' id='word_1_446' title='bbox 1770 1165 1798 1192; x_wconf 82' lang='grc' dir='ltr'><strong>δὲ</strong></span> <span class='ocrx_word' id='word_1_447' title='bbox 1824 1165 1936 1200; x_wconf 76' lang='grc' dir='ltr'>εὐχομέ-</span> 
     </span>
    </p>
   </div>
   <div class='ocr_carea' id='block_1_64' title="bbox 1150 1210 1936 1247">
    <p class='ocr_par' dir='ltr' id='par_1_64' title="bbox 1150 1210 1936 1247">
     <span class='ocr_line' id='line_1_64' title="bbox 1150 1210 1936 1247; baseline 0.003 -11"><span class='ocrx_word' id='word_1_448' title='bbox 1150 1219 1206 1242; x_wconf 88' lang='grc' dir='ltr'>νου,</span> <span class='ocrx_word' id='word_1_449' title='bbox 1235 1210 1330 1246; x_wconf 84' lang='grc' dir='ltr'>βροντὴ</span> <span class='ocrx_word' id='word_1_450' title='bbox 1359 1210 1475 1242; x_wconf 68' lang='grc' dir='ltr'>ἐξαίσιος</span> <span class='ocrx_word' id='word_1_451' title='bbox 1502 1211 1663 1243; x_wconf 71' lang='grc' dir='ltr'>ὑπεκτὺττει,</span> <span class='ocrx_word' id='word_1_452' title='bbox 1678 1212 1724 1238; x_wconf 77' lang='grc' dir='ltr'>καὶ</span> <span class='ocrx_word' id='word_1_453' title='bbox 1739 1212 1793 1243; x_wconf 81' lang='grc' dir='ltr'><strong>πᾶς</strong></span> <span class='ocrx_word' id='word_1_454' title='bbox 1817 1213 1832 1238; x_wconf 82' lang='grc' dir='ltr'><strong>ὸ</strong></span> <span class='ocrx_word' id='word_1_455' title='bbox 1855 1211 1936 1247; x_wconf 79' lang='grc' dir='ltr'>πέριξ</span> 
     </span>
    </p>
   </div>
   <div class='ocr_carea' id='block_1_65' title="bbox 1150 1255 1936 1293">
    <p class='ocr_par' dir='ltr' id='par_1_65' title="bbox 1150 1255 1936 1293">
     <span class='ocr_line' id='line_1_65' title="bbox 1150 1255 1936 1293; baseline 0.001 -11"><span class='ocrx_word' id='word_1_456' title='bbox 1150 1256 1203 1291; x_wconf 79' lang='grc' dir='ltr'>ἀὴρ</span> <span class='ocrx_word' id='word_1_457' title='bbox 1218 1256 1354 1290; x_wconf 71' lang='grc' dir='ltr'>ὲνεφοῦτο¹</span> <span class='ocrx_word' id='word_1_458' title='bbox 1367 1255 1461 1291; x_wconf 58' lang='grc' dir='ltr'>λάϐροι</span> <span class='ocrx_word' id='word_1_459' title='bbox 1476 1256 1503 1282; x_wconf 79' lang='grc' dir='ltr'><strong>δὲ</strong></span> <span class='ocrx_word' id='word_1_460' title='bbox 1518 1257 1565 1283; x_wconf 72' lang='grc' dir='ltr'><strong>καὶ</strong></span> <span class='ocrx_word' id='word_1_461' title='bbox 1580 1258 1698 1291; x_wconf 83' lang='grc' dir='ltr'>συνεχεῖς</span> <span class='ocrx_word' id='word_1_462' title='bbox 1715 1256 1822 1292; x_wconf 68' lang='grc' dir='ltr'>ὄμϐροι,</span> <span class='ocrx_word' id='word_1_463' title='bbox 1834 1258 1936 1293; x_wconf 69' lang='grc' dir='ltr'>καταρ-</span> 
     </span>
    </p>
   </div>
   <div class='ocr_carea' id='block_1_66' title="bbox 1151 1301 1935 1338">
    <p class='ocr_par' dir='ltr' id='par_1_66' title="bbox 1151 1301 1935 1338">
     <span class='ocr_line' id='line_1_66' title="bbox 1151 1301 1935 1338; baseline 0.003 -11"><span class='ocrx_word' id='word_1_464' title='bbox 1151 1302 1288 1337; x_wconf 84' lang='grc' dir='ltr'>ραγέντες,</span> <span class='ocrx_word' id='word_1_465' title='bbox 1312 1302 1374 1337; x_wconf 79' lang='grc' dir='ltr'>ὅλην</span> <span class='ocrx_word' id='word_1_466' title='bbox 1402 1302 1560 1337; x_wconf 80' lang='grc' dir='ltr'>ἐπλήρωσαν</span> <span class='ocrx_word' id='word_1_467' title='bbox 1583 1303 1631 1338; x_wconf 71' lang='grc' dir='ltr'><strong>τὴν</strong></span> <span class='ocrx_word' id='word_1_468' title='bbox 1663 1303 1762 1338; x_wconf 82' lang='grc' dir='ltr'>χώραν.</span> <span class='ocrx_word' id='word_1_469' title='bbox 1796 1301 1935 1330; x_wconf 80' lang='grc' dir='ltr'>Ἐντεῦθεν</span> 
     </span>
    </p>
   </div>
   <div class='ocr_carea' id='block_1_67' title="bbox 1149 1347 1935 1384">
    <p class='ocr_par' dir='ltr' id='par_1_67' title="bbox 1149 1347 1935 1384">
     <span class='ocr_line' id='line_1_67' title="bbox 1149 1347 1935 1384; baseline 0.003 -11"><span class='ocrx_word' id='word_1_470' title='bbox 1149 1347 1264 1381; x_wconf 73' lang='grc' dir='ltr'>ἄφθονος</span> <span class='ocrx_word' id='word_1_471' title='bbox 1285 1348 1331 1374; x_wconf 77' lang='grc' dir='ltr'><strong>καὶ</strong></span> <span class='ocrx_word' id='word_1_472' title='bbox 1354 1347 1468 1374; x_wconf 75' lang='grc' dir='ltr'>πλουσία</span> <span class='ocrx_word' id='word_1_473' title='bbox 1492 1348 1691 1384; x_wconf 64' lang='grc' dir='ltr'>τελεσφορεῖται</span> <span class='ocrx_word' id='word_1_474' title='bbox 1720 1349 1856 1384; x_wconf 71' lang='grc' dir='ltr'>εὐκαρπία</span> <span class='ocrx_word' id='word_1_475' title='bbox 1875 1351 1935 1380; x_wconf 85' lang='grc' dir='ltr'>ταῖς</span> 
     </span>
    </p>
   </div>
   <div class='ocr_carea' id='block_1_68' title="bbox 1149 1394 1932 1429">
    <p class='ocr_par' dir='ltr' id='par_1_68' title="bbox 1149 1394 1932 1429">
     <span class='ocr_line' id='line_1_68' title="bbox 1149 1394 1932 1429; baseline 0.003 -10"><span class='ocrx_word' id='word_1_476' title='bbox 1149 1394 1250 1420; x_wconf 72' lang='grc' dir='ltr'>Αἰακοῦ</span> <span class='ocrx_word' id='word_1_477' title='bbox 1274 1394 1462 1429; x_wconf 76' lang='grc' dir='ltr'>γεωργηθεῖσα</span> <span class='ocrx_word' id='word_1_478' title='bbox 1484 1395 1586 1429; x_wconf 71' lang='grc' dir='ltr'>εὐχαῖς.</span> <span class='ocrx_word' id='word_1_479' title='bbox 1619 1395 1693 1421; x_wconf 78' lang='grc' dir='ltr'>«Καὶ</span> <span class='ocrx_word' id='word_1_480' title='bbox 1716 1395 1906 1426; x_wconf 75' lang='grc' dir='ltr'>ἐπεκαλέσατο,</span> <span class='ocrx_word' id='word_1_481' title='bbox 1922 1404 1932 1421; x_wconf 81' lang='grc' dir='ltr'><strong>ι</strong></span> 
     </span>
    </p>
   </div>
   <div class='ocr_carea' id='block_1_69' title="bbox 1149 1439 1935 1475">
    <p class='ocr_par' dir='ltr' id='par_1_69' title="bbox 1149 1439 1935 1475">
     <span class='ocr_line' id='line_1_69' title="bbox 1149 1439 1935 1475; baseline 0.003 -10"><span class='ocrx_word' id='word_1_482' title='bbox 1149 1440 1232 1474; x_wconf 71' lang='grc' dir='ltr'>φησὶ,</span> <span class='ocrx_word' id='word_1_483' title='bbox 1263 1449 1271 1465; x_wconf 76' lang='grc' dir='ltr'><strong>ι</strong></span> <span class='ocrx_word' id='word_1_484' title='bbox 1297 1439 1421 1474; x_wconf 77' lang='grc' dir='ltr'>Σαμουὴλ</span> <span class='ocrx_word' id='word_1_485' title='bbox 1449 1440 1494 1466; x_wconf 77' lang='grc' dir='ltr'>τὸν</span> <span class='ocrx_word' id='word_1_486' title='bbox 1528 1440 1645 1475; x_wconf 78' lang='grc' dir='ltr'>Κύριον,</span> <span class='ocrx_word' id='word_1_487' title='bbox 1685 1441 1732 1467; x_wconf 78' lang='grc' dir='ltr'>καὶ</span> <span class='ocrx_word' id='word_1_488' title='bbox 1768 1441 1850 1467; x_wconf 72' lang='grc' dir='ltr'>ἔδωκε</span> <span class='ocrx_word' id='word_1_489' title='bbox 1881 1441 1935 1467; x_wconf 83' lang='grc' dir='ltr'><strong>Κύ-</strong></span> 
     </span>
    </p>
   </div>
   <div class='ocr_carea' id='block_1_70' title="bbox 1150 1485 1934 1524">
    <p class='ocr_par' dir='ltr' id='par_1_70' title="bbox 1150 1485 1934 1524">
     <span class='ocr_line' id='line_1_70' title="bbox 1150 1485 1934 1524; baseline 0.004 -13"><span class='ocrx_word' id='word_1_490' title='bbox 1150 1493 1205 1520; x_wconf 82' lang='grc' dir='ltr'>ριος</span> <span class='ocrx_word' id='word_1_491' title='bbox 1219 1485 1321 1518; x_wconf 79' lang='grc' dir='ltr'>φωνὰς,</span> <span class='ocrx_word' id='word_1_492' title='bbox 1335 1485 1380 1512; x_wconf 80' lang='grc' dir='ltr'><strong>καὶ</strong></span> <span class='ocrx_word' id='word_1_493' title='bbox 1394 1485 1470 1512; x_wconf 78' lang='grc' dir='ltr'>ὑετὸν</span> <span class='ocrx_word' id='word_1_494' title='bbox 1485 1486 1513 1513; x_wconf 81' lang='grc' dir='ltr'>ὲν</span> <span class='ocrx_word' id='word_1_495' title='bbox 1540 1487 1630 1521; x_wconf 77' lang='grc' dir='ltr'>ἡμέρα</span> <span class='ocrx_word' id='word_1_496' title='bbox 1660 1487 1798 1522; x_wconf 81' lang='grc' dir='ltr'>θερισμοῦ.</span> <span class='ocrx_word' id='word_1_497' title='bbox 1823 1497 1832 1513; x_wconf 80' lang='grc' dir='ltr'><strong>ι</strong></span> <span class='ocrx_word' id='word_1_498' title='bbox 1843 1488 1934 1524; x_wconf 79' lang='grc' dir='ltr'>Ὁρᾷς,</span> 
     </span>
    </p>
   </div>
   <div class='ocr_carea' id='block_1_71' title="bbox 1149 1531 1936 1566">
    <p class='ocr_par' dir='ltr' id='par_1_71' title="bbox 1149 1531 1936 1566">
     <span class='ocr_line' id='line_1_71' title="bbox 1149 1531 1936 1566; baseline 0.006 -10"><span class='ocrx_word' id='word_1_499' title='bbox 1149 1531 1189 1557; x_wconf 71' lang='grc' dir='ltr'><strong>ὅτι</strong></span> <span class='ocrx_word' id='word_1_500' title='bbox 1208 1532 1222 1557; x_wconf 82' lang='grc' dir='ltr'>ὁ</span> <span class='ocrx_word' id='word_1_501' title='bbox 1238 1531 1362 1566; x_wconf 77' lang='grc' dir='ltr'>«βρέχων</span> <span class='ocrx_word' id='word_1_502' title='bbox 1387 1531 1434 1557; x_wconf 67' lang='grc' dir='ltr'><strong>ἐπὶ</strong></span> <span class='ocrx_word' id='word_1_503' title='bbox 1460 1532 1578 1564; x_wconf 83' lang='grc' dir='ltr'>δικαίους</span> <span class='ocrx_word' id='word_1_504' title='bbox 1595 1533 1641 1559; x_wconf 70' lang='grc' dir='ltr'>καὶ</span> <span class='ocrx_word' id='word_1_505' title='bbox 1665 1533 1772 1565; x_wconf 80' lang='grc' dir='ltr'>ἀδίκους</span> <span class='ocrx_word' id='word_1_506' title='bbox 1804 1533 1848 1561; x_wconf 78' lang='grc' dir='ltr'><strong>διὰ</strong></span> <span class='ocrx_word' id='word_1_507' title='bbox 1883 1534 1936 1562; x_wconf 76' lang='grc' dir='ltr'><strong>τῶν</strong></span> 
     </span>
    </p>
   </div>
   <div class='ocr_carea' id='block_1_72' title="bbox 1151 1577 1937 1615">
    <p class='ocr_par' dir='ltr' id='par_1_72' title="bbox 1151 1577 1937 1615">
     <span class='ocr_line' id='line_1_72' title="bbox 1151 1577 1937 1615; baseline 0.006 -13"><span class='ocrx_word' id='word_1_508' title='bbox 1151 1577 1374 1612; x_wconf 77' lang='grc' dir='ltr'>ὑποτεταγμένων</span> <span class='ocrx_word' id='word_1_509' title='bbox 1389 1577 1545 1612; x_wconf 79' lang='grc' dir='ltr'>δυνάμεων;</span> <span class='ocrx_word' id='word_1_510' title='bbox 1565 1588 1574 1603; x_wconf 74' lang='grc' dir='ltr'><strong>ι</strong></span> <span class='ocrx_word' id='word_1_511' title='bbox 1599 1578 1653 1605; x_wconf 72' lang='grc' dir='ltr'><strong>Καὶ</strong></span> <span class='ocrx_word' id='word_1_512' title='bbox 1675 1579 1710 1606; x_wconf 80' lang='grc' dir='ltr'><strong>τα</strong></span> <span class='ocrx_word' id='word_1_513' title='bbox 1738 1579 1810 1615; x_wconf 78' lang='grc' dir='ltr'>ἑξῆς.</span> <span class='ocrx_word' id='word_1_514' title='bbox 1826 1581 1937 1613; x_wconf 73' lang='grc' dir='ltr'>Τούτοις</span> 
     </span>
    </p>
   </div>
   <div class='ocr_carea' id='block_1_73' title="bbox 1153 1622 1936 1659">
    <p class='ocr_par' dir='ltr' id='par_1_73' title="bbox 1153 1622 1936 1659">
     <span class='ocr_line' id='line_1_73' title="bbox 1153 1622 1936 1659; baseline 0.006 -11"><span class='ocrx_word' id='word_1_515' title='bbox 1153 1622 1235 1657; x_wconf 83' lang='grc' dir='ltr'>μυρία</span> <span class='ocrx_word' id='word_1_516' title='bbox 1251 1623 1370 1656; x_wconf 63' lang='grc' dir='ltr'>συνάψας</span> <span class='ocrx_word' id='word_1_517' title='bbox 1397 1624 1411 1649; x_wconf 76' lang='grc' dir='ltr'>ὁ</span> <span class='ocrx_word' id='word_1_518' title='bbox 1434 1623 1558 1658; x_wconf 83' lang='grc' dir='ltr'>Κλήμης,</span> <span class='ocrx_word' id='word_1_519' title='bbox 1577 1622 1692 1656; x_wconf 80' lang='grc' dir='ltr'>κλέπτας</span> <span class='ocrx_word' id='word_1_520' title='bbox 1719 1625 1859 1659; x_wconf 78' lang='grc' dir='ltr'>γεγονέναι</span> <span class='ocrx_word' id='word_1_521' title='bbox 1873 1628 1936 1658; x_wconf 72' lang='grc' dir='ltr'>τοὺς</span> 
     </span>
    </p>
   </div>
   <div class='ocr_carea' id='block_1_74' title="bbox 1153 1668 1934 1707">
    <p class='ocr_par' dir='ltr' id='par_1_74' title="bbox 1153 1668 1934 1707">
     <span class='ocr_line' id='line_1_74' title="bbox 1153 1668 1934 1707; baseline 0.006 -14"><span class='ocrx_word' id='word_1_522' title='bbox 1153 1668 1284 1703; x_wconf 83' lang='grc' dir='ltr'>’Έλληνας</span> <span class='ocrx_word' id='word_1_523' title='bbox 1294 1668 1503 1702; x_wconf 76' lang='grc' dir='ltr'>ἀναμφιλέκτοις</span> <span class='ocrx_word' id='word_1_524' title='bbox 1527 1669 1646 1704; x_wconf 74' lang='grc' dir='ltr'>ἐλέγχοις</span> <span class='ocrx_word' id='word_1_525' title='bbox 1672 1671 1874 1707; x_wconf 76' lang='grc' dir='ltr'>κατεφώρασεν.</span> <span class='ocrx_word' id='word_1_526' title='bbox 1904 1673 1934 1698; x_wconf 74' lang='lat' dir='ltr'><strong>Ei</strong></span> 
     </span>
    </p>
   </div>
   <div class='ocr_carea' id='block_1_75' title="bbox 1151 1710 1936 1750">
    <p class='ocr_par' dir='ltr' id='par_1_75' title="bbox 1151 1710 1936 1750">
     <span class='ocr_line' id='line_1_75' title="bbox 1151 1710 1936 1750; baseline 0.004 -11"><span class='ocrx_word' id='word_1_527' title='bbox 1151 1713 1179 1739; x_wconf 84' lang='grc' dir='ltr'><strong>δέ</strong></span> <span class='ocrx_word' id='word_1_528' title='bbox 1193 1722 1232 1739; x_wconf 85' lang='grc' dir='ltr'><strong>σοι</strong></span> <span class='ocrx_word' id='word_1_529' title='bbox 1251 1712 1287 1748; x_wconf 86' lang='grc' dir='ltr'>μὴ</span> <span class='ocrx_word' id='word_1_530' title='bbox 1300 1713 1393 1744; x_wconf 77' lang='grc' dir='ltr'>πιστὸς</span> <span class='ocrx_word' id='word_1_531' title='bbox 1407 1710 1493 1745; x_wconf 61' lang='grc' dir='ltr'>οὗτος,</span> <span class='ocrx_word' id='word_1_532' title='bbox 1510 1715 1555 1740; x_wconf 80' lang='grc' dir='ltr'>ἆτε</span> <span class='ocrx_word' id='word_1_533' title='bbox 1580 1715 1630 1748; x_wconf 75' lang='grc' dir='ltr'>τῆς</span> <span class='ocrx_word' id='word_1_534' title='bbox 1653 1715 1811 1750; x_wconf 79' lang='grc' dir='ltr'>Ἑλληνικῆς</span> <span class='ocrx_word' id='word_1_535' title='bbox 1824 1716 1870 1742; x_wconf 71' lang='grc' dir='ltr'><strong>καὶ</strong></span> <span class='ocrx_word' id='word_1_536' title='bbox 1887 1717 1936 1743; x_wconf 80' lang='grc' dir='ltr'><strong>αὕ-</strong></span> 
     </span>
    </p>
   </div>
   <div class='ocr_carea' id='block_1_76' title="bbox 1150 1756 1934 1796">
    <p class='ocr_par' dir='ltr' id='par_1_76' title="bbox 1150 1756 1934 1796">
     <span class='ocr_line' id='line_1_76' title="bbox 1150 1756 1934 1796; baseline 0.004 -12"><span class='ocrx_word' id='word_1_537' title='bbox 1150 1759 1195 1790; x_wconf 75' lang='grc' dir='ltr'><strong>τὺς</strong></span> <span class='ocrx_word' id='word_1_538' title='bbox 1209 1759 1256 1794; x_wconf 76' lang='grc' dir='ltr'><strong>τὴν</strong></span> <span class='ocrx_word' id='word_1_539' title='bbox 1272 1756 1406 1794; x_wconf 74' lang='grc' dir='ltr'>βάρΰαρον</span> <span class='ocrx_word' id='word_1_540' title='bbox 1417 1759 1514 1794; x_wconf 74' lang='grc' dir='ltr'>ὁμοίως</span> <span class='ocrx_word' id='word_1_541' title='bbox 1526 1760 1589 1794; x_wconf 75' lang='grc' dir='ltr'>ἡμῖν</span> <span class='ocrx_word' id='word_1_542' title='bbox 1603 1759 1809 1795; x_wconf 84' lang='grc' dir='ltr'>προτετιμηκὼς</span> <span class='ocrx_word' id='word_1_543' title='bbox 1829 1761 1934 1796; x_wconf 68' lang='grc' dir='ltr'>φιλοσορ</span> 
     </span>
    </p>
   </div>
   <div class='ocr_carea' id='block_1_77' title="bbox 1151 1805 1932 1840">
    <p class='ocr_par' dir='ltr' id='par_1_77' title="bbox 1151 1805 1932 1840">
     <span class='ocr_line' id='line_1_77' title="bbox 1151 1805 1932 1840; baseline 0.003 -9"><span class='ocrx_word' id='word_1_544' title='bbox 1151 1805 1223 1839; x_wconf 75' lang='grc' dir='ltr'>φίαν·</span> <span class='ocrx_word' id='word_1_545' title='bbox 1240 1805 1285 1831; x_wconf 71' lang='grc' dir='ltr'><strong>καὶ</strong></span> <span class='ocrx_word' id='word_1_546' title='bbox 1313 1805 1344 1840; x_wconf 82' lang='grc' dir='ltr'><strong>δὴ</strong></span> <span class='ocrx_word' id='word_1_547' title='bbox 1374 1805 1472 1837; x_wconf 84' lang='grc' dir='ltr'>ὲάσθω,</span> <span class='ocrx_word' id='word_1_548' title='bbox 1499 1806 1599 1840; x_wconf 80' lang='grc' dir='ltr'>καίπερ</span> <span class='ocrx_word' id='word_1_549' title='bbox 1615 1807 1663 1832; x_wconf 72' lang='grc' dir='ltr'>οὐκ</span> <span class='ocrx_word' id='word_1_550' title='bbox 1685 1806 1797 1837; x_wconf 70' lang='grc' dir='ltr'>οἰκείαις</span> <span class='ocrx_word' id='word_1_551' title='bbox 1822 1809 1932 1840; x_wconf 74' lang='grc' dir='ltr'>φωναῖς,</span> 
     </span>
    </p>
   </div>
   <div class='ocr_carea' id='block_1_78' title="bbox 1150 1850 1932 1885">
    <p class='ocr_par' dir='ltr' id='par_1_78' title="bbox 1150 1850 1932 1885">
     <span class='ocr_line' id='line_1_78' title="bbox 1150 1850 1932 1885; baseline 0.001 -8"><span class='ocrx_word' id='word_1_552' title='bbox 1150 1852 1208 1882; x_wconf 83' lang='grc' dir='ltr'>ταῖς</span> <span class='ocrx_word' id='word_1_553' title='bbox 1223 1850 1244 1876; x_wconf 73' lang='grc' dir='ltr'><strong>δ’</strong></span> <span class='ocrx_word' id='word_1_554' title='bbox 1260 1850 1347 1876; x_wconf 73' lang='grc' dir='ltr'>αὐτῶν</span> <span class='ocrx_word' id='word_1_555' title='bbox 1368 1850 1498 1885; x_wconf 80' lang='grc' dir='ltr'>Ἑλλήνων</span> <span class='ocrx_word' id='word_1_556' title='bbox 1514 1850 1667 1881; x_wconf 78' lang='grc' dir='ltr'>ἀπευθύνας</span> <span class='ocrx_word' id='word_1_557' title='bbox 1681 1851 1725 1877; x_wconf 66' lang='grc' dir='ltr'>τὸν</span> <span class='ocrx_word' id='word_1_558' title='bbox 1752 1850 1840 1885; x_wconf 88' lang='grc' dir='ltr'>λόγον.</span> <span class='ocrx_word' id='word_1_559' title='bbox 1856 1852 1889 1878; x_wconf 87' lang='grc' dir='ltr'>Τί</span> <span class='ocrx_word' id='word_1_560' title='bbox 1910 1851 1932 1878; x_wconf 85' lang='grc' dir='ltr'><strong>δ’</strong></span> 
     </span>
    </p>
   </div>
   <div class='ocr_carea' id='block_1_79' title="bbox 1149 1896 1932 1932">
    <p class='ocr_par' dir='ltr' id='par_1_79' title="bbox 1149 1896 1932 1932">
     <span class='ocr_line' id='line_1_79' title="bbox 1149 1896 1932 1932; baseline 0.004 -10"><span class='ocrx_word' id='word_1_561' title='bbox 1149 1896 1182 1923; x_wconf 85' lang='grc' dir='ltr'><strong>ἂν</strong></span> <span class='ocrx_word' id='word_1_562' title='bbox 1198 1897 1294 1928; x_wconf 74' lang='grc' dir='ltr'>εἴποις,</span> <span class='ocrx_word' id='word_1_563' title='bbox 1308 1897 1332 1923; x_wconf 81' lang='grc' dir='ltr'><strong>εἰ</strong></span> <span class='ocrx_word' id='word_1_564' title='bbox 1358 1896 1391 1922; x_wconf 71' lang='grc' dir='ltr'>τὰ</span> <span class='ocrx_word' id='word_1_565' title='bbox 1414 1896 1492 1930; x_wconf 80' lang='grc' dir='ltr'>ὃμοια</span> <span class='ocrx_word' id='word_1_566' title='bbox 1508 1897 1554 1922; x_wconf 79' lang='grc' dir='ltr'><strong>καὶ</strong></span> <span class='ocrx_word' id='word_1_567' title='bbox 1574 1898 1636 1932; x_wconf 82' lang='grc' dir='ltr'>παρ’</span> <span class='ocrx_word' id='word_1_568' title='bbox 1652 1897 1740 1923; x_wconf 73' lang='grc' dir='ltr'>αὐτῶν</span> <span class='ocrx_word' id='word_1_569' title='bbox 1760 1897 1855 1932; x_wconf 83' lang='grc' dir='ltr'>μάθοις</span> <span class='ocrx_word' id='word_1_570' title='bbox 1879 1898 1932 1925; x_wconf 79' lang='grc' dir='ltr'>τῶν</span> 
     </span>
    </p>
   </div>
   <div class='ocr_carea' id='block_1_80' title="bbox 1148 1941 1932 1977">
    <p class='ocr_par' dir='ltr' id='par_1_80' title="bbox 1148 1941 1932 1977">
     <span class='ocr_line' id='line_1_80' title="bbox 1148 1941 1932 1977; baseline 0.003 -10"><span class='ocrx_word' id='word_1_571' title='bbox 1148 1941 1277 1975; x_wconf 82' lang='grc' dir='ltr'>γενναίων</span> <span class='ocrx_word' id='word_1_572' title='bbox 1291 1949 1337 1967; x_wconf 86' lang='grc' dir='ltr'><strong>σου</strong></span> <span class='ocrx_word' id='word_1_573' title='bbox 1352 1941 1519 1975; x_wconf 74' lang='grc' dir='ltr'>φιλοσόφωνς</span> <span class='ocrx_word' id='word_1_574' title='bbox 1539 1941 1619 1975; x_wconf 86' lang='grc' dir='ltr'>Δέχου</span> <span class='ocrx_word' id='word_1_575' title='bbox 1634 1941 1699 1977; x_wconf 75' lang='grc' dir='ltr'>δῆτα</span> <span class='ocrx_word' id='word_1_576' title='bbox 1715 1949 1762 1968; x_wconf 83' lang='grc' dir='ltr'><strong>και</strong></span> <span class='ocrx_word' id='word_1_577' title='bbox 1774 1942 1876 1969; x_wconf 80' lang='grc' dir='ltr'>τούτων</span> <span class='ocrx_word' id='word_1_578' title='bbox 1884 1943 1932 1975; x_wconf 86' lang='grc' dir='ltr'>τὰς</span> 
     </span>
    </p>
   </div>
   <div class='ocr_carea' id='block_1_81' title="bbox 1149 1987 1309 2022">
    <p class='ocr_par' dir='ltr' id='par_1_81' title="bbox 1149 1987 1309 2022">
     <span class='ocr_line' id='line_1_81' title="bbox 1149 1987 1309 2022; baseline -0.006 -9"><span class='ocrx_word' id='word_1_579' title='bbox 1149 1987 1309 2022; x_wconf 86' lang='grc' dir='ltr'>μαρτυρίας.</span> 
     </span>
    </p>
   </div>
   <div class='ocr_carea' id='block_1_82' title="bbox 311 2032 1930 2068">
    <p class='ocr_par' dir='ltr' id='par_1_82' title="bbox 311 2032 1930 2068">
     <span class='ocr_line' id='line_1_82' title="bbox 311 2032 1930 2068; baseline 0.001 -8"><span class='ocrx_word' id='word_1_580' title='bbox 311 2038 441 2068; x_wconf 81' lang='lat' dir='ltr'><strong>tanquam</strong></span> <span class='ocrx_word' id='word_1_581' title='bbox 477 2033 635 2060; x_wconf 87' lang='lat' dir='ltr'><strong>certissimis</strong></span> <span class='ocrx_word' id='word_1_582' title='bbox 657 2032 862 2067; x_wconf 89' lang='lat' dir='ltr'><strong>probationibus</strong></span> <span class='ocrx_word' id='word_1_583' title='bbox 889 2032 1042 2060; x_wconf 68' lang='lat' dir='ltr'><strong>Graecorum</strong></span> <span class='ocrx_word' id='word_1_584' title='bbox 1061 2033 1132 2060; x_wconf 78' lang='lat' dir='ltr'><strong>furta</strong></span> <span class='ocrx_word' id='word_1_585' title='bbox 1152 2032 1294 2059; x_wconf 79' lang='lat' dir='ltr'><strong>manifeste</strong></span> <span class='ocrx_word' id='word_1_586' title='bbox 1310 2032 1441 2066; x_wconf 79' lang='lat' dir='ltr'><strong>coarguit.</strong></span> <span class='ocrx_word' id='word_1_587' title='bbox 1455 2032 1505 2065; x_wconf 86' lang='lat' dir='ltr'><strong>Qui</strong></span> <span class='ocrx_word' id='word_1_588' title='bbox 1519 2033 1542 2060; x_wconf 91' lang='lat' dir='ltr'><strong>si</strong></span> <span class='ocrx_word' id='word_1_589' title='bbox 1563 2033 1610 2060; x_wconf 91' lang='lat' dir='ltr'><strong>tibi</strong></span> <span class='ocrx_word' id='word_1_590' title='bbox 1628 2032 1696 2061; x_wconf 83' lang='lat' dir='ltr'><strong>forte</strong></span> <span class='ocrx_word' id='word_1_591' title='bbox 1711 2040 1852 2068; x_wconf 73' lang='lat' dir='ltr'><strong>suspectus</strong></span> <span class='ocrx_word' id='word_1_592' title='bbox 1867 2035 1930 2067; x_wconf 86' lang='lat' dir='ltr'><strong>erit.</strong></span> 
     </span>
    </p>
   </div>
   <div class='ocr_carea' id='block_1_83' title="bbox 311 2078 1930 2116">
    <p class='ocr_par' dir='ltr' id='par_1_83' title="bbox 311 2078 1930 2116">
     <span class='ocr_line' id='line_1_83' title="bbox 311 2078 1930 2116; baseline 0.002 -11"><span class='ocrx_word' id='word_1_593' title='bbox 311 2078 383 2113; x_wconf 87' lang='lat' dir='ltr'><strong>quod</strong></span> <span class='ocrx_word' id='word_1_594' title='bbox 412 2079 522 2114; x_wconf 85' lang='lat' dir='ltr'><strong>perinde</strong></span> <span class='ocrx_word' id='word_1_595' title='bbox 552 2087 584 2106; x_wconf 93' lang='lat' dir='ltr'><strong>ac</strong></span> <span class='ocrx_word' id='word_1_596' title='bbox 609 2087 659 2106; x_wconf 91' lang='lat' dir='ltr'><strong>nos</strong></span> <span class='ocrx_word' id='word_1_597' title='bbox 688 2079 864 2106; x_wconf 86' lang='lat' dir='ltr'><strong>barbarorum</strong></span> <span class='ocrx_word' id='word_1_598' title='bbox 894 2080 1092 2115; x_wconf 88' lang='lat' dir='ltr'><strong>philosophiam</strong></span> <span class='ocrx_word' id='word_1_599' title='bbox 1111 2080 1210 2108; x_wconf 62' lang='lat' dir='ltr'><strong>Graeca</strong></span> <span class='ocrx_word' id='word_1_600' title='bbox 1221 2080 1369 2115; x_wconf 69' lang='lat' dir='ltr'><strong>prtetulerit</strong></span> <span class='ocrx_word' id='word_1_601' title='bbox 1385 2080 1441 2114; x_wconf 81' lang='lat' dir='ltr'><strong>ipse</strong></span> <span class='ocrx_word' id='word_1_602' title='bbox 1451 2088 1559 2114; x_wconf 87' lang='lat' dir='ltr'><strong>quoque</strong></span> <span class='ocrx_word' id='word_1_603' title='bbox 1580 2080 1720 2107; x_wconf 89' lang='lat' dir='ltr'><strong>omittatur</strong></span> <span class='ocrx_word' id='word_1_604' title='bbox 1745 2081 1789 2108; x_wconf 91' lang='lat' dir='ltr'><strong>ille</strong></span> <span class='ocrx_word' id='word_1_605' title='bbox 1810 2082 1930 2116; x_wconf 86' lang='lat' dir='ltr'><strong>quidem,</strong></span> 
     </span>
    </p>
   </div>
   <div class='ocr_carea' id='block_1_84' title="bbox 308 2126 1932 2162">
    <p class='ocr_par' dir='ltr' id='par_1_84' title="bbox 308 2126 1932 2162">
     <span class='ocr_line' id='line_1_84' title="bbox 308 2126 1932 2162; baseline 0.001 -10"><span class='ocrx_word' id='word_1_606' title='bbox 308 2126 420 2153; x_wconf 87' lang='lat' dir='ltr'><strong>tametsi</strong></span> <span class='ocrx_word' id='word_1_607' title='bbox 449 2133 501 2152; x_wconf 93' lang='lat' dir='ltr'><strong>non</strong></span> <span class='ocrx_word' id='word_1_608' title='bbox 526 2127 598 2158; x_wconf 87' lang='lat' dir='ltr'><strong>suis,</strong></span> <span class='ocrx_word' id='word_1_609' title='bbox 626 2127 671 2153; x_wconf 87' lang='lat' dir='ltr'><strong>sed</strong></span> <span class='ocrx_word' id='word_1_610' title='bbox 701 2126 856 2153; x_wconf 70' lang='lat' dir='ltr'><strong>Graecorum</strong></span> <span class='ocrx_word' id='word_1_611' title='bbox 882 2127 1002 2161; x_wconf 91' lang='lat' dir='ltr'><strong>ipsorum</strong></span> <span class='ocrx_word' id='word_1_612' title='bbox 1025 2128 1137 2154; x_wconf 79' lang='lat' dir='ltr'><strong>vocibus</strong></span> <span class='ocrx_word' id='word_1_613' title='bbox 1156 2128 1227 2154; x_wconf 88' lang='lat' dir='ltr'><strong>banc</strong></span> <span class='ocrx_word' id='word_1_614' title='bbox 1250 2126 1462 2160; x_wconf 87' lang='lat' dir='ltr'><strong>disputationem</strong></span> <span class='ocrx_word' id='word_1_615' title='bbox 1494 2126 1663 2153; x_wconf 79' lang='lat' dir='ltr'><strong>instruxerit.</strong></span> <span class='ocrx_word' id='word_1_616' title='bbox 1687 2126 1756 2159; x_wconf 84' lang='lat' dir='ltr'><strong>Quid</strong></span> <span class='ocrx_word' id='word_1_617' title='bbox 1785 2127 1932 2162; x_wconf 54' lang='lat' dir='ltr'><strong>responde~</strong></span> 
     </span>
    </p>
   </div>
   <div class='ocr_carea' id='block_1_85' title="bbox 308 2171 1930 2208">
    <p class='ocr_par' dir='ltr' id='par_1_85' title="bbox 308 2171 1930 2208">
     <span class='ocr_line' id='line_1_85' title="bbox 308 2171 1930 2208; baseline 0.001 -10"><span class='ocrx_word' id='word_1_618' title='bbox 308 2171 350 2199; x_wconf 90' lang='lat' dir='ltr'><strong>bis</strong></span> <span class='ocrx_word' id='word_1_619' title='bbox 367 2179 459 2207; x_wconf 87' lang='lat' dir='ltr'><strong>porro,</strong></span> <span class='ocrx_word' id='word_1_620' title='bbox 472 2171 494 2198; x_wconf 93' lang='lat' dir='ltr'><strong>si</strong></span> <span class='ocrx_word' id='word_1_621' title='bbox 507 2171 595 2197; x_wconf 80' lang='lat' dir='ltr'><strong>aﬂinia</strong></span> <span class='ocrx_word' id='word_1_622' title='bbox 615 2179 727 2205; x_wconf 88' lang='lat' dir='ltr'><strong>prorsus</strong></span> <span class='ocrx_word' id='word_1_623' title='bbox 744 2179 776 2199; x_wconf 87' lang='lat' dir='ltr'><strong>ac</strong></span> <span class='ocrx_word' id='word_1_624' title='bbox 793 2173 898 2206; x_wconf 69' lang='lat' dir='ltr'><strong>gemina</strong></span> <span class='ocrx_word' id='word_1_625' title='bbox 915 2180 948 2199; x_wconf 91' lang='lat' dir='ltr'><strong>ex</strong></span> <span class='ocrx_word' id='word_1_626' title='bbox 974 2173 1031 2199; x_wconf 87' lang='lat' dir='ltr'><strong>suis</strong></span> <span class='ocrx_word' id='word_1_627' title='bbox 1045 2173 1097 2200; x_wconf 91' lang='lat' dir='ltr'><strong>illis</strong></span> <span class='ocrx_word' id='word_1_628' title='bbox 1117 2172 1307 2207; x_wconf 61' lang='lat' dir='ltr'><strong>prastantibus</strong></span> <span class='ocrx_word' id='word_1_629' title='bbox 1332 2171 1501 2207; x_wconf 81' lang='lat' dir='ltr'><strong>cgrcgiisque</strong></span> <span class='ocrx_word' id='word_1_630' title='bbox 1513 2171 1681 2206; x_wconf 87' lang='lat' dir='ltr'><strong>philosophis</strong></span> <span class='ocrx_word' id='word_1_631' title='bbox 1706 2172 1834 2200; x_wconf 84' lang='lat' dir='ltr'><strong>audieris.</strong></span> <span class='ocrx_word' id='word_1_632' title='bbox 1860 2172 1930 2208; x_wconf 72' lang='lat' dir='ltr'><strong>Age-</strong></span> 
     </span>
    </p>
   </div>
   <div class='ocr_carea' id='block_1_86' title="bbox 307 2217 991 2252">
    <p class='ocr_par' dir='ltr' id='par_1_86' title="bbox 307 2217 991 2252">
     <span class='ocr_line' id='line_1_86' title="bbox 307 2217 991 2252; baseline 0.001 -8"><span class='ocrx_word' id='word_1_633' title='bbox 307 2218 346 2245; x_wconf 86' lang='lat' dir='ltr'><strong>sis</strong></span> <span class='ocrx_word' id='word_1_634' title='bbox 365 2225 441 2252; x_wconf 76' lang='lat' dir='ltr'><strong>ergo,</strong></span> <span class='ocrx_word' id='word_1_635' title='bbox 457 2222 483 2244; x_wconf 92' lang='lat' dir='ltr'><strong>et</strong></span> <span class='ocrx_word' id='word_1_636' title='bbox 498 2217 603 2243; x_wconf 89' lang='lat' dir='ltr'><strong>illorum</strong></span> <span class='ocrx_word' id='word_1_637' title='bbox 621 2218 702 2243; x_wconf 79' lang='lat' dir='ltr'><strong>etiam</strong></span> <span class='ocrx_word' id='word_1_638' title='bbox 719 2218 809 2252; x_wconf 80' lang='lat' dir='ltr'><strong>accipe</strong></span> <span class='ocrx_word' id='word_1_639' title='bbox 827 2219 991 2245; x_wconf 88' lang='lat' dir='ltr'><strong>testimonia.</strong></span> 
     </span>
    </p>
   </div>
   <div class='ocr_carea' id='block_1_87' title="bbox 559 2262 847 2298">
    <p class='ocr_par' dir='ltr' id='par_1_87' title="bbox 559 2262 847 2298">
     <span class='ocr_line' id='line_1_87' title="bbox 559 2262 847 2298; baseline 0.003 -9"><span class='ocrx_word' id='word_1_640' title='bbox 559 2262 640 2298; x_wconf 59' lang='grc'><strong>464</strong></span> <span class='ocrx_word' id='word_1_641' title='bbox 665 2263 778 2290; x_wconf 69' lang='lat' dir='ltr'><strong>CAPUT</strong></span> <span class='ocrx_word' id='word_1_642' title='bbox 804 2264 847 2291; x_wconf 82' lang='grc' dir='ltr'>ιιι.</span> 
     </span>
    </p>
   </div>
   <div class='ocr_carea' id='block_1_88' title="bbox 307 2308 1096 2370">
    <p class='ocr_par' dir='ltr' id='par_1_88' title="bbox 307 2308 1096 2370">
     <span class='ocr_line' id='line_1_88' title="bbox 307 2308 1096 2370; baseline 0.001 -34"><span class='ocrx_word' id='word_1_643' title='bbox 307 2308 417 2337; x_wconf 66' lang='lat' dir='ltr'><strong>Grates</strong></span> <span class='ocrx_word' id='word_1_644' title='bbox 433 2309 504 2343; x_wconf 80' lang='lat' dir='ltr'><strong>fures</strong></span> <span class='ocrx_word' id='word_1_645' title='bbox 518 2317 586 2340; x_wconf 83' lang='lat' dir='ltr'><strong>csse,</strong></span> <span class='ocrx_word' id='word_1_646' title='bbox 611 2317 643 2335; x_wconf 75' lang='lat' dir='ltr'><strong>ea;</strong></span> <span class='ocrx_word' id='word_1_647' title='bbox 663 2308 804 2370; x_wconf 48' lang='lat' dir='ltr'><strong>Pcilrphyrii</strong></span> <span class='ocrx_word' id='word_1_648' title='bbox 822 2311 917 2344; x_wconf 84' lang='lat' dir='ltr'><strong>prima,</strong></span> <span class='ocrx_word' id='word_1_649' title='bbox 933 2311 969 2337; x_wconf 88' lang='lat' dir='ltr'><strong>De</strong></span> <span class='ocrx_word' id='word_1_650' title='bbox 993 2311 1096 2337; x_wconf 80' lang='lat' dir='ltr'><strong>erudito</strong></span> 
     </span>
     <span class='ocr_line' id='line_1_89' title="bbox 658 2349 762 2370; baseline 0 0"><span class='ocrx_word' id='word_1_651' title='bbox 658 2352 691 2370; x_wconf 86' lang='lat' dir='ltr'><strong>au</strong></span> <span class='ocrx_word' id='word_1_652' title='bbox 713 2349 762 2370; x_wconf 77' lang='lat' dir='ltr'><strong>tlu.</strong></span> 
     </span>
    </p>
   </div>
   <div class='ocr_carea' id='block_1_89' title="bbox 658 2349 762 2371">
    <p class='ocr_par' dir='ltr' id='par_1_89' title="bbox 658 2349 762 2371">
     <span class='ocr_line' id='line_1_90' title="bbox 658 2349 762 2371; baseline 0 -1"><span class='ocrx_word' id='word_1_653' title='bbox 658 2349 762 2371; x_wconf 71' lang='lat' dir='ltr'><strong>auditu.</strong></span> 
     </span>
    </p>
   </div>
   <div class='ocr_carea' id='block_1_90' title="bbox 350 2421 1092 2456">
    <p class='ocr_par' dir='ltr' id='par_1_90' title="bbox 350 2421 1092 2456">
     <span class='ocr_line' id='line_1_91' title="bbox 350 2421 1092 2456; baseline 0 -7"><span class='ocrx_word' id='word_1_654' title='bbox 350 2430 361 2448; x_wconf 77' lang='grc' dir='ltr'><strong>ι</strong></span> <span class='ocrx_word' id='word_1_655' title='bbox 377 2421 500 2454; x_wconf 84' lang='lat' dir='ltr'><strong>Athenis,</strong></span> <span class='ocrx_word' id='word_1_656' title='bbox 514 2421 612 2456; x_wconf 92' lang='lat' dir='ltr'><strong>inquit,</strong></span> <span class='ocrx_word' id='word_1_657' title='bbox 630 2421 664 2449; x_wconf 87' lang='lat' dir='ltr'><strong>ad</strong></span> <span class='ocrx_word' id='word_1_658' title='bbox 691 2421 881 2449; x_wconf 83' lang='lat' dir='ltr'><strong>celebrandam</strong></span> <span class='ocrx_word' id='word_1_659' title='bbox 895 2421 1016 2450; x_wconf 85' lang='lat' dir='ltr'><strong>Platonis</strong></span> <span class='ocrx_word' id='word_1_660' title='bbox 1035 2429 1092 2449; x_wconf 90' lang='lat' dir='ltr'><strong>me-</strong></span> 
     </span>
    </p>
   </div>
   <div class='ocr_carea' id='block_1_91' title="bbox 312 2466 1092 2503">
    <p class='ocr_par' dir='ltr' id='par_1_91' title="bbox 312 2466 1092 2503">
     <span class='ocr_line' id='line_1_92' title="bbox 312 2466 1092 2503; baseline 0 -8"><span class='ocrx_word' id='word_1_661' title='bbox 312 2467 426 2496; x_wconf 86' lang='lat' dir='ltr'><strong>moriam</strong></span> <span class='ocrx_word' id='word_1_662' title='bbox 439 2468 563 2495; x_wconf 83' lang='lat' dir='ltr'><strong>convivio</strong></span> <span class='ocrx_word' id='word_1_663' title='bbox 577 2474 627 2495; x_wconf 88' lang='lat' dir='ltr'><strong>nos</strong></span> <span class='ocrx_word' id='word_1_664' title='bbox 646 2466 786 2503; x_wconf 77' lang='lat' dir='ltr'><strong>Longinus</strong></span> <span class='ocrx_word' id='word_1_665' title='bbox 800 2472 952 2503; x_wconf 80' lang='lat' dir='ltr'><strong>exceperat,</strong></span> <span class='ocrx_word' id='word_1_666' title='bbox 967 2468 1092 2503; x_wconf 88' lang='lat' dir='ltr'><strong>interque</strong></span> 
     </span>
    </p>
   </div>
   <div class='ocr_carea' id='block_1_92' title="bbox 312 2512 1092 2548">
    <p class='ocr_par' dir='ltr' id='par_1_92' title="bbox 312 2512 1092 2548">
     <span class='ocr_line' id='line_1_93' title="bbox 312 2512 1092 2548; baseline 0.001 -8"><span class='ocrx_word' id='word_1_667' title='bbox 312 2513 465 2548; x_wconf 83' lang='lat' dir='ltr'><strong>complures</strong></span> <span class='ocrx_word' id='word_1_668' title='bbox 479 2513 557 2547; x_wconf 88' lang='lat' dir='ltr'><strong>alios,</strong></span> <span class='ocrx_word' id='word_1_669' title='bbox 575 2512 735 2548; x_wconf 81' lang='lat' dir='ltr'><strong>Nicagoram</strong></span> <span class='ocrx_word' id='word_1_670' title='bbox 753 2514 903 2548; x_wconf 84' lang='lat' dir='ltr'><strong>sopbistam</strong></span> <span class='ocrx_word' id='word_1_671' title='bbox 914 2535 921 2547; x_wconf 88' lang='lat'><strong>,</strong></span> <span class='ocrx_word' id='word_1_672' title='bbox 946 2514 1070 2541; x_wconf 76' lang='lat' dir='ltr'><strong>Mzeoram</strong></span> <span class='ocrx_word' id='word_1_673' title='bbox 1084 2535 1092 2548; x_wconf 91' lang='lat'><strong>,</strong></span> 
     </span>
    </p>
   </div>
   <div class='ocr_carea' id='block_1_93' title="bbox 312 2558 1092 2596">
    <p class='ocr_par' dir='ltr' id='par_1_93' title="bbox 312 2558 1092 2596">
     <span class='ocr_line' id='line_1_94' title="bbox 312 2558 1092 2596; baseline 0.004 -11"><span class='ocrx_word' id='word_1_674' title='bbox 312 2558 482 2593; x_wconf 80' lang='lat' dir='ltr'><strong>Apollonium</strong></span> <span class='ocrx_word' id='word_1_675' title='bbox 494 2560 712 2594; x_wconf 74' lang='lat' dir='ltr'><strong>grammaticum,</strong></span> <span class='ocrx_word' id='word_1_676' title='bbox 737 2559 901 2587; x_wconf 87' lang='lat' dir='ltr'><strong>Demetrium</strong></span> <span class='ocrx_word' id='word_1_677' title='bbox 917 2566 1092 2596; x_wconf 76' lang='lat' dir='ltr'><strong>geometram,</strong></span> 
     </span>
    </p>
   </div>
   <div class='ocr_carea' id='block_1_94' title="bbox 312 2601 1095 2640">
    <p class='ocr_par' dir='ltr' id='par_1_94' title="bbox 312 2601 1095 2640">
     <span class='ocr_line' id='line_1_95' title="bbox 312 2601 1095 2640; baseline 0.005 -11"><span class='ocrx_word' id='word_1_678' title='bbox 312 2601 457 2630; x_wconf 83' lang='lat' dir='ltr'><strong>Prosenem</strong></span> <span class='ocrx_word' id='word_1_679' title='bbox 475 2603 681 2640; x_wconf 87' lang='lat' dir='ltr'><strong>Peripateticum</strong></span> <span class='ocrx_word' id='word_1_680' title='bbox 704 2609 732 2632; x_wconf 88' lang='lat' dir='ltr'><strong>et</strong></span> <span class='ocrx_word' id='word_1_681' title='bbox 745 2604 873 2632; x_wconf 90' lang='lat' dir='ltr'><strong>Calietem</strong></span> <span class='ocrx_word' id='word_1_682' title='bbox 886 2605 1008 2634; x_wconf 90' lang='lat' dir='ltr'><strong>Stoicum</strong></span> <span class='ocrx_word' id='word_1_683' title='bbox 1025 2606 1095 2633; x_wconf 78' lang='lat' dir='ltr'><strong>invi-</strong></span> 
     </span>
    </p>
   </div>
   <div class='ocr_carea' id='block_1_95' title="bbox 315 2648 1094 2686">
    <p class='ocr_par' dir='ltr' id='par_1_95' title="bbox 315 2648 1094 2686">
     <span class='ocr_line' id='line_1_96' title="bbox 315 2648 1094 2686; baseline 0.006 -12"><span class='ocrx_word' id='word_1_684' title='bbox 315 2652 394 2675; x_wconf 82' lang='lat' dir='ltr'><strong>tarat.</strong></span> <span class='ocrx_word' id='word_1_685' title='bbox 409 2648 575 2681; x_wconf 83' lang='lat' dir='ltr'><strong>Quibuscum</strong></span> <span class='ocrx_word' id='word_1_686' title='bbox 595 2651 726 2685; x_wconf 89' lang='lat' dir='ltr'><strong>septimus</strong></span> <span class='ocrx_word' id='word_1_687' title='bbox 748 2650 806 2686; x_wconf 87' lang='lat' dir='ltr'><strong>ipse</strong></span> <span class='ocrx_word' id='word_1_688' title='bbox 830 2651 1006 2679; x_wconf 86' lang='lat' dir='ltr'><strong>accumbebat</strong></span> <span class='ocrx_word' id='word_1_689' title='bbox 1021 2661 1028 2678; x_wconf 88' lang='lat'>:</span> <span class='ocrx_word' id='word_1_690' title='bbox 1046 2652 1094 2686; x_wconf 87' lang='lat' dir='ltr'><strong>qui</strong></span> 
     </span>
    </p>
   </div>
   <div class='ocr_carea' id='block_1_96' title="bbox 312 2692 1093 2733">
    <p class='ocr_par' dir='ltr' id='par_1_96' title="bbox 312 2692 1093 2733">
     <span class='ocr_line' id='line_1_97' title="bbox 312 2692 1093 2733; baseline 0.005 -12"><span class='ocrx_word' id='word_1_691' title='bbox 312 2692 431 2721; x_wconf 81' lang='lat' dir='ltr'><strong>ferrente</strong></span> <span class='ocrx_word' id='word_1_692' title='bbox 445 2695 500 2729; x_wconf 81' lang='lat' dir='ltr'><strong>jam</strong></span> <span class='ocrx_word' id='word_1_693' title='bbox 517 2696 652 2730; x_wconf 77' lang='lat' dir='ltr'><strong>convivio,</strong></span> <span class='ocrx_word' id='word_1_694' title='bbox 666 2701 795 2733; x_wconf 74' lang='lat' dir='ltr'><strong>motaque</strong></span> <span class='ocrx_word' id='word_1_695' title='bbox 806 2698 877 2725; x_wconf 89' lang='lat' dir='ltr'><strong>inter</strong></span> <span class='ocrx_word' id='word_1_696' title='bbox 888 2698 955 2725; x_wconf 88' lang='lat' dir='ltr'><strong>alios</strong></span> <span class='ocrx_word' id='word_1_697' title='bbox 966 2698 998 2725; x_wconf 87' lang='lat' dir='ltr'><strong>de</strong></span> <span class='ocrx_word' id='word_1_698' title='bbox 1010 2698 1093 2733; x_wconf 84' lang='lat' dir='ltr'><strong>epho-</strong></span> 
     </span>
    </p>
   </div>
   <div class='ocr_carea' id='block_1_97' title="bbox 313 2741 1093 2779">
    <p class='ocr_par' dir='ltr' id='par_1_97' title="bbox 313 2741 1093 2779">
     <span class='ocr_line' id='line_1_98' title="bbox 313 2741 1093 2779; baseline 0.008 -14"><span class='ocrx_word' id='word_1_699' title='bbox 313 2747 346 2766; x_wconf 91' lang='lat' dir='ltr'><strong>ro</strong></span> <span class='ocrx_word' id='word_1_700' title='bbox 362 2741 520 2774; x_wconf 64' lang='lat' dir='ltr'><strong>quazstione,</strong></span> <span class='ocrx_word' id='word_1_701' title='bbox 535 2741 700 2775; x_wconf 80' lang='lat' dir='ltr'><strong>Audiamus,</strong></span> <span class='ocrx_word' id='word_1_702' title='bbox 725 2743 831 2778; x_wconf 86' lang='lat' dir='ltr'><strong>inquit,</strong></span> <span class='ocrx_word' id='word_1_703' title='bbox 853 2744 886 2771; x_wconf 90' lang='lat' dir='ltr'><strong>de</strong></span> <span class='ocrx_word' id='word_1_704' title='bbox 907 2743 1015 2779; x_wconf 85' lang='lat' dir='ltr'><strong>Ephoro</strong></span> <span class='ocrx_word' id='word_1_705' title='bbox 1028 2744 1093 2779; x_wconf 88' lang='lat' dir='ltr'><strong>quid</strong></span> 
     </span>
    </p>
   </div>
   <div class='ocr_carea' id='block_1_98' title="bbox 314 2785 1096 2825">
    <p class='ocr_par' dir='ltr' id='par_1_98' title="bbox 314 2785 1096 2825">
     <span class='ocr_line' id='line_1_99' title="bbox 314 2785 1096 2825; baseline 0.009 -15"><span class='ocrx_word' id='word_1_706' title='bbox 314 2785 454 2811; x_wconf 86' lang='lat' dir='ltr'><strong>turbarum</strong></span> <span class='ocrx_word' id='word_1_707' title='bbox 491 2787 633 2815; x_wconf 87' lang='lat' dir='ltr'><strong>excitetur.</strong></span> <span class='ocrx_word' id='word_1_708' title='bbox 665 2789 869 2818; x_wconf 86' lang='lat' dir='ltr'><strong>Contendebant</strong></span> <span class='ocrx_word' id='word_1_709' title='bbox 898 2789 1040 2825; x_wconf 77' lang='lat' dir='ltr'><strong>Caystrius</strong></span> <span class='ocrx_word' id='word_1_710' title='bbox 1068 2795 1096 2817; x_wconf 92' lang='lat' dir='ltr'><strong>ct</strong></span> 
     </span>
    </p>
   </div>
   <div class='ocr_carea' id='block_1_99' title="bbox 348 2829 617 2864">
    <p class='ocr_par' dir='ltr' id='par_1_99' title="bbox 348 2829 617 2864">
     <span class='ocr_line' id='line_1_100' title="bbox 348 2829 617 2864; baseline 0.007 -6"><span class='ocrx_word' id='word_1_711' title='bbox 348 2830 370 2846; x_wconf 84' lang='lat'><strong>”</strong></span> <span class='ocrx_word' id='word_1_712' title='bbox 390 2829 400 2856; x_wconf 88' lang='grc' dir='ltr'><strong>ι</strong></span> <span class='ocrx_word' id='word_1_713' title='bbox 419 2830 485 2864; x_wconf 65' lang='lat' dir='ltr'><strong>Reg.</strong></span> <span class='ocrx_word' id='word_1_714' title='bbox 505 2840 554 2864; x_wconf 79' lang='lat' dir='ltr'><strong>xu,</strong></span> <span class='ocrx_word' id='word_1_715' title='bbox 575 2833 617 2860; x_wconf 78' lang='lat' dir='ltr'><strong>l8.</strong></span> 
     </span>
    </p>
   </div>
   <div class='ocr_carea' id='block_1_100' title="bbox 1409 2259 1666 2286">
    <p class='ocr_par' dir='ltr' id='par_1_100' title="bbox 1409 2259 1666 2286">
     <span class='ocr_line' id='line_1_101' title="bbox 1409 2259 1666 2286; baseline 0.008 -2"><span class='ocrx_word' id='word_1_716' title='bbox 1409 2259 1606 2285; x_wconf 78' lang='grc' dir='ltr'><strong>ΚΕΦᾹΛΛΙΟΝ</strong></span> <span class='ocrx_word' id='word_1_717' title='bbox 1630 2260 1666 2286; x_wconf 82' lang='grc' dir='ltr'><strong>Γ’.</strong></span> 
     </span>
    </p>
   </div>
   <div class='ocr_carea' id='block_1_101' title="bbox 1148 2303 1931 2341">
    <p class='ocr_par' dir='ltr' id='par_1_101' title="bbox 1148 2303 1931 2341">
     <span class='ocr_line' id='line_1_102' title="bbox 1148 2303 1931 2341; baseline -0.022 -7"><span class='ocrx_word' id='word_1_718' title='bbox 1148 2304 1423 2341; x_wconf 38' lang='grc' dir='ltr'>Πορφυρίουηπερὶ</span> <span class='ocrx_word' id='word_1_719' title='bbox 1442 2305 1495 2341; x_wconf 67' lang='grc' dir='ltr'>τοῦ</span> <span class='ocrx_word' id='word_1_720' title='bbox 1524 2305 1655 2341; x_wconf 66' lang='grc' dir='ltr'>κλέπτας</span> <span class='ocrx_word' id='word_1_721' title='bbox 1680 2303 1754 2332; x_wconf 63' lang='grc' dir='ltr'><strong>εἶναι</strong></span> <span class='ocrx_word' id='word_1_722' title='bbox 1778 2305 1849 2337; x_wconf 70' lang='grc' dir='ltr'><strong>τοὺς</strong></span> <span class='ocrx_word' id='word_1_723' title='bbox 1861 2306 1931 2333; x_wconf 21' lang='grc' dir='ltr'><strong>-ελι-</strong></span> 
     </span>
    </p>
   </div>
   <div class='ocr_carea' id='block_1_102' title="bbox 1181 2340 1931 2376">
    <p class='ocr_par' dir='ltr' id='par_1_102' title="bbox 1181 2340 1931 2376">
     <span class='ocr_line' id='line_1_103' title="bbox 1181 2340 1931 2376; baseline -0.001 -7"><span class='ocrx_word' id='word_1_724' title='bbox 1181 2344 1295 2374; x_wconf 67' lang='grc' dir='ltr'>ληιι-ας,</span> <span class='ocrx_word' id='word_1_725' title='bbox 1330 2340 1387 2367; x_wconf 76' lang='grc' dir='ltr'><strong>ἀπὸ</strong></span> <span class='ocrx_word' id='word_1_726' title='bbox 1416 2340 1468 2366; x_wconf 86' lang='grc' dir='ltr'><strong>τοῦ</strong></span> <span class='ocrx_word' id='word_1_727' title='bbox 1496 2344 1521 2366; x_wconf 86' lang='grc' dir='ltr'>α’</span> <span class='ocrx_word' id='word_1_728' title='bbox 1547 2340 1600 2374; x_wconf 85' lang='grc' dir='ltr'><strong>τῆς</strong></span> <span class='ocrx_word' id='word_1_729' title='bbox 1625 2341 1798 2376; x_wconf 72' lang='grc' dir='ltr'>Φιλολογίας</span> <span class='ocrx_word' id='word_1_730' title='bbox 1823 2341 1931 2375; x_wconf 72' lang='grc' dir='ltr'>ἀκροά-</span> 
     </span>
    </p>
   </div>
   <div class='ocr_carea' id='block_1_103' title="bbox 1180 2385 1267 2408">
    <p class='ocr_par' dir='ltr' id='par_1_103' title="bbox 1180 2385 1267 2408">
     <span class='ocr_line' id='line_1_104' title="bbox 1180 2385 1267 2408; baseline -0.023 -4"><span class='ocrx_word' id='word_1_731' title='bbox 1180 2385 1267 2408; x_wconf 84' lang='grc' dir='ltr'>σεως.</span> 
     </span>
    </p>
   </div>
   <div class='ocr_carea' id='block_1_104' title="bbox 1182 2420 1929 2461">
    <p class='ocr_par' dir='ltr' id='par_1_104' title="bbox 1182 2420 1929 2461">
     <span class='ocr_line' id='line_1_105' title="bbox 1182 2420 1929 2461; baseline -0.001 -12"><span class='ocrx_word' id='word_1_732' title='bbox 1182 2432 1192 2449; x_wconf 77' lang='grc' dir='ltr'><strong>ι</strong></span> <span class='ocrx_word' id='word_1_733' title='bbox 1207 2422 1247 2449; x_wconf 82' lang='grc' dir='ltr'><strong>Τὰ</strong></span> <span class='ocrx_word' id='word_1_734' title='bbox 1265 2420 1421 2461; x_wconf 62' lang='grc' dir='ltr'>Πλατώνεια</span> <span class='ocrx_word' id='word_1_735' title='bbox 1434 2420 1530 2447; x_wconf 77' lang='grc' dir='ltr'>ἑστιῶν</span> <span class='ocrx_word' id='word_1_736' title='bbox 1544 2421 1618 2456; x_wconf 79' lang='grc' dir='ltr'>ἡμᾶς</span> <span class='ocrx_word' id='word_1_737' title='bbox 1639 2421 1769 2455; x_wconf 84' lang='grc' dir='ltr'>Λογγῖνος</span> <span class='ocrx_word' id='word_1_738' title='bbox 1792 2421 1929 2458; x_wconf 78' lang='grc' dir='ltr'>Ἀθήνῃσι.</span> 
     </span>
    </p>
   </div>
   <div class='ocr_carea' id='block_1_105' title="bbox 1143 2466 1930 2503">
    <p class='ocr_par' dir='ltr' id='par_1_105' title="bbox 1143 2466 1930 2503">
     <span class='ocr_line' id='line_1_106' title="bbox 1143 2466 1930 2503; baseline -0.003 -7"><span class='ocrx_word' id='word_1_739' title='bbox 1143 2468 1276 2503; x_wconf 81' lang='grc' dir='ltr'>κέκληκεν</span> <span class='ocrx_word' id='word_1_740' title='bbox 1289 2466 1385 2498; x_wconf 77' lang='grc' dir='ltr'>ἄλλους</span> <span class='ocrx_word' id='word_1_741' title='bbox 1399 2475 1430 2493; x_wconf 89' lang='grc' dir='ltr'><strong>τε</strong></span> <span class='ocrx_word' id='word_1_742' title='bbox 1447 2466 1571 2497; x_wconf 79' lang='grc' dir='ltr'>πολλοὺς.</span> <span class='ocrx_word' id='word_1_743' title='bbox 1590 2466 1637 2492; x_wconf 76' lang='grc' dir='ltr'><strong>καὶ</strong></span> <span class='ocrx_word' id='word_1_744' title='bbox 1657 2466 1814 2502; x_wconf 82' lang='grc' dir='ltr'>Νικαγόραν</span> <span class='ocrx_word' id='word_1_745' title='bbox 1827 2467 1872 2494; x_wconf 74' lang='grc' dir='ltr'><strong>τὸν</strong></span> <span class='ocrx_word' id='word_1_746' title='bbox 1885 2476 1930 2494; x_wconf 82' lang='grc' dir='ltr'><strong>σο-</strong></span> 
     </span>
    </p>
   </div>
   <div class='ocr_carea' id='block_1_106' title="bbox 1148 2512 1931 2549">
    <p class='ocr_par' dir='ltr' id='par_1_106' title="bbox 1148 2512 1931 2549">
     <span class='ocr_line' id='line_1_107' title="bbox 1148 2512 1931 2549; baseline -0.001 -8"><span class='ocrx_word' id='word_1_747' title='bbox 1148 2514 1256 2549; x_wconf 82' lang='grc' dir='ltr'>φιστὴν,</span> <span class='ocrx_word' id='word_1_748' title='bbox 1273 2513 1319 2540; x_wconf 70' lang='grc' dir='ltr'>καὶ</span> <span class='ocrx_word' id='word_1_749' title='bbox 1333 2512 1468 2548; x_wconf 81' lang='grc' dir='ltr'>Μαιόραν,</span> <span class='ocrx_word' id='word_1_750' title='bbox 1491 2512 1666 2539; x_wconf 77' lang='grc' dir='ltr'>Ἀπολλώνιόν</span> <span class='ocrx_word' id='word_1_751' title='bbox 1677 2521 1706 2539; x_wconf 84' lang='grc' dir='ltr'><strong>τε</strong></span> <span class='ocrx_word' id='word_1_752' title='bbox 1718 2512 1761 2539; x_wconf 81' lang='grc' dir='ltr'>τδν</span> <span class='ocrx_word' id='word_1_753' title='bbox 1778 2522 1931 2549; x_wconf 85' lang='grc' dir='ltr'>γραμματι-</span> 
     </span>
    </p>
   </div>
   <div class='ocr_carea' id='block_1_107' title="bbox 1147 2556 1929 2593">
    <p class='ocr_par' dir='ltr' id='par_1_107' title="bbox 1147 2556 1929 2593">
     <span class='ocr_line' id='line_1_108' title="bbox 1147 2556 1929 2593; baseline 0.001 -9"><span class='ocrx_word' id='word_1_754' title='bbox 1147 2558 1204 2590; x_wconf 79' lang='grc' dir='ltr'>κὸν,</span> <span class='ocrx_word' id='word_1_755' title='bbox 1220 2557 1266 2583; x_wconf 80' lang='grc' dir='ltr'><strong>καὶ</strong></span> <span class='ocrx_word' id='word_1_756' title='bbox 1278 2556 1430 2592; x_wconf 79' lang='grc' dir='ltr'>Δημήτριον</span> <span class='ocrx_word' id='word_1_757' title='bbox 1442 2556 1488 2583; x_wconf 82' lang='grc' dir='ltr'>τδν</span> <span class='ocrx_word' id='word_1_758' title='bbox 1502 2556 1671 2592; x_wconf 84' lang='grc' dir='ltr'>γεωμέτρην,</span> <span class='ocrx_word' id='word_1_759' title='bbox 1686 2557 1827 2593; x_wconf 79' lang='grc' dir='ltr'>Προσήνην</span> <span class='ocrx_word' id='word_1_760' title='bbox 1843 2567 1874 2585; x_wconf 78' lang='grc' dir='ltr'><strong>τε</strong></span> <span class='ocrx_word' id='word_1_761' title='bbox 1886 2558 1929 2585; x_wconf 71' lang='grc' dir='ltr'>τὸν</span> 
     </span>
    </p>
   </div>
   <div class='ocr_carea' id='block_1_108' title="bbox 1147 2600 1930 2639">
    <p class='ocr_par' dir='ltr' id='par_1_108' title="bbox 1147 2600 1930 2639">
     <span class='ocr_line' id='line_1_109' title="bbox 1147 2600 1930 2639; baseline -0.001 -10"><span class='ocrx_word' id='word_1_762' title='bbox 1147 2601 1376 2639; x_wconf 71' lang='grc' dir='ltr'>Περιπατητικὸν,</span> <span class='ocrx_word' id='word_1_763' title='bbox 1389 2601 1434 2628; x_wconf 69' lang='grc' dir='ltr'><strong>καὶ</strong></span> <span class='ocrx_word' id='word_1_764' title='bbox 1446 2601 1491 2628; x_wconf 75' lang='grc' dir='ltr'><strong>τὸν</strong></span> <span class='ocrx_word' id='word_1_765' title='bbox 1513 2601 1630 2628; x_wconf 69' lang='grc' dir='ltr'>Στωϊκὸν</span> <span class='ocrx_word' id='word_1_766' title='bbox 1654 2601 1800 2637; x_wconf 80' lang='grc' dir='ltr'>Καλιέτην.</span> <span class='ocrx_word' id='word_1_767' title='bbox 1811 2602 1878 2629; x_wconf 81' lang='grc' dir='ltr'>Μεθ’</span> <span class='ocrx_word' id='word_1_768' title='bbox 1893 2600 1930 2630; x_wconf 81' lang='grc' dir='ltr'>ὧν</span> 
     </span>
    </p>
   </div>
   <div class='ocr_carea' id='block_1_109' title="bbox 1145 2647 1931 2684">
    <p class='ocr_par' dir='ltr' id='par_1_109' title="bbox 1145 2647 1931 2684">
     <span class='ocr_line' id='line_1_110' title="bbox 1145 2647 1931 2684; baseline 0 -9"><span class='ocrx_word' id='word_1_769' title='bbox 1145 2648 1258 2684; x_wconf 65' lang='grc' dir='ltr'>ἕϐδομος</span> <span class='ocrx_word' id='word_1_770' title='bbox 1273 2647 1352 2679; x_wconf 77' lang='grc' dir='ltr'>αὐτὸς</span> <span class='ocrx_word' id='word_1_771' title='bbox 1379 2647 1561 2679; x_wconf 76' lang='grc' dir='ltr'>κατακλιθεὶς,</span> <span class='ocrx_word' id='word_1_772' title='bbox 1574 2647 1620 2674; x_wconf 82' lang='grc' dir='ltr'>τοῦ</span> <span class='ocrx_word' id='word_1_773' title='bbox 1643 2647 1751 2674; x_wconf 87' lang='grc' dir='ltr'>δείπνου</span> <span class='ocrx_word' id='word_1_774' title='bbox 1764 2649 1931 2684; x_wconf 71' lang='grc' dir='ltr'>πμκόπτον-</span> 
     </span>
    </p>
   </div>
   <div class='ocr_carea' id='block_1_110' title="bbox 1145 2692 1930 2728">
    <p class='ocr_par' dir='ltr' id='par_1_110' title="bbox 1145 2692 1930 2728">
     <span class='ocr_line' id='line_1_111' title="bbox 1145 2692 1930 2728; baseline 0.001 -10"><span class='ocrx_word' id='word_1_775' title='bbox 1145 2701 1200 2725; x_wconf 87' lang='grc' dir='ltr'>τος,</span> <span class='ocrx_word' id='word_1_776' title='bbox 1215 2692 1261 2720; x_wconf 88' lang='grc' dir='ltr'><strong>καί</strong></span> <span class='ocrx_word' id='word_1_777' title='bbox 1272 2701 1343 2724; x_wconf 86' lang='grc' dir='ltr'>τινος</span> <span class='ocrx_word' id='word_1_778' title='bbox 1353 2692 1492 2727; x_wconf 85' lang='grc' dir='ltr'>ζητήσεως</span> <span class='ocrx_word' id='word_1_779' title='bbox 1518 2692 1582 2727; x_wconf 78' lang='grc' dir='ltr'>περὶ</span> <span class='ocrx_word' id='word_1_780' title='bbox 1602 2692 1714 2728; x_wconf 79' lang='grc' dir='ltr'>Ἐφόρου</span> <span class='ocrx_word' id='word_1_781' title='bbox 1728 2693 1758 2719; x_wconf 81' lang='grc' dir='ltr'><strong>ἐν</strong></span> <span class='ocrx_word' id='word_1_782' title='bbox 1773 2694 1829 2724; x_wconf 84' lang='grc' dir='ltr'>τοῖς</span> <span class='ocrx_word' id='word_1_783' title='bbox 1842 2693 1930 2724; x_wconf 78' lang='grc' dir='ltr'>ἄλλοις</span> 
     </span>
    </p>
   </div>
   <div class='ocr_carea' id='block_1_111' title="bbox 1146 2740 1930 2777">
    <p class='ocr_par' dir='ltr' id='par_1_111' title="bbox 1146 2740 1930 2777">
     <span class='ocr_line' id='line_1_112' title="bbox 1146 2740 1930 2777; baseline 0.001 -10"><span class='ocrx_word' id='word_1_784' title='bbox 1146 2740 1313 2776; x_wconf 78' lang='grc' dir='ltr'>γενομένης,</span> <span class='ocrx_word' id='word_1_785' title='bbox 1336 2740 1516 2776; x_wconf 81' lang='grc' dir='ltr'>’Δκούσωμεν,</span> <span class='ocrx_word' id='word_1_786' title='bbox 1536 2740 1599 2776; x_wconf 71' lang='grc' dir='ltr'>ἔφη,</span> <span class='ocrx_word' id='word_1_787' title='bbox 1625 2741 1668 2772; x_wconf 85' lang='grc' dir='ltr'><strong>τίς</strong></span> <span class='ocrx_word' id='word_1_788' title='bbox 1690 2742 1705 2768; x_wconf 85' lang='grc' dir='ltr'><strong><em>ὸ</em></strong></span> <span class='ocrx_word' id='word_1_789' title='bbox 1734 2741 1798 2776; x_wconf 60' lang='grc' dir='ltr'><strong>ιπερλ⁵</strong></span> <span class='ocrx_word' id='word_1_790' title='bbox 1816 2741 1930 2777; x_wconf 71' lang='grc' dir='ltr'>Ἐφόρου</span> 
     </span>
    </p>
   </div>
   <div class='ocr_carea' id='block_1_112' title="bbox 1147 2784 1930 2823">
    <p class='ocr_par' dir='ltr' id='par_1_112' title="bbox 1147 2784 1930 2823">
     <span class='ocr_line' id='line_1_113' title="bbox 1147 2784 1930 2823; baseline 0.004 -11"><span class='ocrx_word' id='word_1_791' title='bbox 1147 2785 1269 2822; x_wconf 77' lang='grc' dir='ltr'>θόρυϐος.</span> <span class='ocrx_word' id='word_1_792' title='bbox 1285 2784 1374 2813; x_wconf 74' lang='grc' dir='ltr'>’Πσαν</span> <span class='ocrx_word' id='word_1_793' title='bbox 1396 2787 1420 2813; x_wconf 80' lang='grc' dir='ltr'><strong>δ’</strong></span> <span class='ocrx_word' id='word_1_794' title='bbox 1441 2787 1465 2813; x_wconf 80' lang='grc' dir='ltr'>οἱ</span> <span class='ocrx_word' id='word_1_795' title='bbox 1488 2786 1631 2822; x_wconf 82' lang='grc' dir='ltr'>ζητοῦντες</span> <span class='ocrx_word' id='word_1_796' title='bbox 1654 2787 1808 2823; x_wconf 75' lang='grc' dir='ltr'>Καῦστριός</span> <span class='ocrx_word' id='word_1_797' title='bbox 1826 2796 1856 2814; x_wconf 79' lang='grc' dir='ltr'><strong>τε</strong></span> <span class='ocrx_word' id='word_1_798' title='bbox 1883 2788 1930 2815; x_wconf 80' lang='grc' dir='ltr'>καὶ</span> 
     </span>
    </p>
   </div>
   <div class='ocr_carea' id='block_1_113' title="bbox 348 2875 1102 2919">
    <p class='ocr_par' dir='ltr' id='par_1_113' title="bbox 348 2875 1087 2917">
     <span class='ocr_line' id='line_1_114' title="bbox 348 2875 1087 2917; baseline 0.009 -13"><span class='ocrx_word' id='word_1_799' title='bbox 348 2875 385 2912; x_wconf 71' lang='lat'><strong>(6)</strong></span> <span class='ocrx_word' id='word_1_800' title='bbox 411 2876 571 2913; x_wconf 66' lang='grc' dir='ltr'>Ἑλληνικῇ</span> <span class='ocrx_word' id='word_1_801' title='bbox 593 2881 767 2916; x_wconf 67' lang='grc' dir='ltr'>μυθολογίᾳ.</span> <span class='ocrx_word' id='word_1_802' title='bbox 781 2880 892 2917; x_wconf 76' lang='lat' dir='ltr'><strong>Melius,</strong></span> <span class='ocrx_word' id='word_1_803' title='bbox 908 2887 938 2910; x_wconf 95' lang='lat' dir='ltr'><strong>ut</strong></span> <span class='ocrx_word' id='word_1_804' title='bbox 952 2883 1087 2917; x_wconf 75' lang='lat' dir='ltr'><strong>existimo,</strong></span> 
     </span>
    </p>
   </div>
   <div class='ocr_carea' id='block_1_114' title="bbox 1150 2875 1690 2919">
    <p class='ocr_par' dir='ltr' id='par_1_114' title="bbox 1150 2883 1690 2919">
     <span class='ocr_line' id='line_1_115' title="bbox 1150 2883 1690 2919; baseline 0.004 -8"><span class='ocrx_word' id='word_1_805' title='bbox 1150 2891 1191 2911; x_wconf 81' lang='lat' dir='ltr'><strong>am</strong></span> <span class='ocrx_word' id='word_1_806' title='bbox 1199 2883 1332 2919; x_wconf 82' lang='lat' dir='ltr'><strong>ap.Clem.</strong></span> <span class='ocrx_word' id='word_1_807' title='bbox 1346 2883 1502 2919; x_wconf 80' lang='grc' dir='ltr'>Ἑλληνικὴν</span> <span class='ocrx_word' id='word_1_808' title='bbox 1519 2885 1690 2918; x_wconf 77' lang='grc' dir='ltr'>μυθολογίαν.</span> 
     </span>
    </p>
   </div>
  </div>
