2091 3208
175 154 229 186 773

762 152 926 184 PREPAR.
945 152 1070 183 EVANG.
1090 153 1155 181 LIB.
1172 154 1205 181 Χ.

1742 158 1793 186 774

172 218 310 254 Μάξιμος·
322 214 337 246 ό
353 217 403 253 μὲν
418 217 473 255 γὰρ
483 214 564 245 αὑτὸν
576 218 623 245 καὶ
632 215 791 253 Θεοπόμπου
803 216 945 254 προύτίθει

1007 214 1151 243 Maximus.
1165 214 1303 250 Ephorum
1317 213 1417 248 quippe
1439 213 1492 249 ipsi
1505 207 1619 248 unoque
1634 212 1791 250 Theopom-

171 265 186 290 ό
197 264 226 291 δὲ
242 264 397 299 Καΰστριος
409 263 527 299 κλέπτην
547 263 687 291 ἀπεκάλει.
706 263 760 289 Καὶ
771 263 796 289 τί
807 263 861 298 γὰρ
879 262 958 296 Ἐφό-

172 316 219 344 ρου
237 308 312 340 τδιον,
327 307 390 343 ἔφη,
403 308 434 334 ὲκ
445 307 499 334 τῶν
518 308 665 342 Δαῖμάχου,
689 308 736 334 καὶ
750 306 957 338 Καλλισθένους,

173 354 219 380 καὶ
241 354 429 388 ’Δναξιμένους
439 355 534 385 αὑταῖς
555 354 669 386 λέξεσιν,
694 354 767 380 ἐστιν
785 354 840 385 ὅτε,
853 361 957 388 τρισχι-

172 399 247 431 λίους
259 400 335 432 ὅλους
349 400 537 435 μετατιθέντος
553 400 678 435 στίχους;
703 399 774 435 Πρὸς
788 399 817 425 δν
833 399 847 425 ό
871 407 958 434 γραμ-

174 445 287 480 ματικὸς
307 445 483 477 Ἀπολλώνιος
497 445 559 480 ἔφη·
574 447 612 472 UO
624 446 678 481 γὰρ
691 446 785 479 ἔγνως,
799 445 839 471 ὅτι
852 444 898 471 καὶ
912 444 957 470 τὸν

173 489 342 524 θεόπομπον,
356 489 386 515 ὃν
397 490 428 516 σὺ
444 491 588 525 προτιμᾷς,
606 490 750 524 κατείληφε
777 489 851 516 τουτὶ
862 489 892 516 τὸ
904 489 956 516 πά-

172 533 229 567 θος,
247 535 276 560 ὲν
289 535 337 569 μὲν
349 536 381 569 τῇ
396 534 524 570 ἑνδεκάτῃ
544 533 596 560 τῶν
612 534 677 567 περὶ
692 533 851 565 Φιλίππου,
865 535 897 560 ὲκ
908 533 954 560 τοῦ

177 579 347 615 Ἰσοκράτους
373 580 602 616 ’Δρεοπαγητικοῦ
628 581 837 615 μεταγράψαντα
863 580 954 611 αὐτοῖς

170 625 299 661 ὀνόμασιν
309 627 409 658 ἐκεῖνα,
423 627 462 652 ὅτι
484 625 537 653 τῶν
553 625 660 660 ἀγαθῶν
675 626 721 652 καὶ
737 625 791 651 τῶν
807 624 899 651 κακῶν
914 625 954 651 οὺ-

169 671 214 698 δὲν
227 670 292 698 αὐτὸ
309 671 369 697 καθ’
385 672 451 698 αὐτὸ
468 671 646 706 παραγίνεται
657 672 712 702 τοῖς
726 670 891 705 ἀνθρώποις,
907 671 953 697 καὶ

169 715 205 742 τὰ
219 716 292 751 ἑξῆς.
310 714 406 742 Καίτοι
421 716 584 750 ὑπερφρονεῖ
594 715 638 742 τὸν
657 715 822 750 Ἰσοκράτην,
839 717 884 741 καὶ
908 724 952 741 νε-

169 761 458 796 νικῆώαιῦφ’ὲαυτοῦ
476 761 558 795 λέγει,
581 761 652 788 κατὰ
672 761 717 787 τὸν
740 761 787 787 ἐπὶ
811 760 952 795 Μαυσωλῷ

167 806 271 841 ἀγῶνα,
282 806 327 833 τὸν
341 807 508 833 διδάσκαλον.
526 807 698 842 Πραγμάτων
715 806 736 832 δ’
752 806 891 841 ὑφαίρεσιν
908 815 953 832 πε-

168 853 288 889 ποίηται,
304 853 430 889 μεταθεὶς
446 852 480 879 τὰ
493 853 536 878 ἐπ’
553 853 639 880 ἄλλων
660 853 759 885 ἄλλοις,
777 853 819 879 ἵνα
832 853 879 880 καὶ
890 852 953 887 ψευ-

1009 269 1044 296 po
1059 261 1192 288 Maximus
1208 261 1403 295 anteponebat,
1429 260 1554 287 eumdem
1578 259 1718 296 Caystrius
1735 261 1793 295 pla-

1009 306 1123 340 giarium
1143 306 1266 332 vocabat.
1291 304 1361 337 Quid
1384 304 1476 338 enim,
1507 304 1663 339 inquiebat,
1691 304 1792 340 Ephori

1008 351 1144 386 singulare
1155 359 1187 378 ac
1200 350 1337 385 proprium
1349 354 1402 383 est,
1416 350 1462 385 qni
1475 358 1507 377 ex
1525 349 1675 382 Daimacbi,
1693 350 1791 378 Callis-

1009 396 1112 428 thenis,
1133 400 1160 424 et
1183 396 1359 423 Anaximenis
1372 396 1499 430 operibus
1514 396 1565 423 tria
1594 403 1791 430 nonnunquam

1007 440 1064 475 ipsa
1079 449 1204 468 versuum
1220 441 1303 468 millia
1320 441 1436 468 todidem
1456 441 1545 468 verbis
1559 441 1586 468 in
1606 449 1655 468 sua
1672 446 1792 468 transtu-

1006 486 1085 513 lerit?
1121 487 1172 514 Cui
1205 488 1382 522 Appollonius
1410 488 1617 522 grammaticus,
1646 487 1790 515 Enimvero

1005 532 1105 564 nescis,
1118 532 1215 566 inquit,
1237 531 1441 567 Theopompum
1471 531 1557 564 illum,
1572 539 1655 566 quem
1683 531 1708 558 ei
1721 525 1790 566 piae-

1005 576 1077 604 ferre
1091 578 1188 612 gestis,
1212 578 1306 604 eodem
1327 585 1436 612 quouue
1459 577 1554 604 morbo
1582 577 1721 609 laborare,
1742 577 1790 612 qui

1004 622 1073 650 libro
1087 622 1124 650 De
1138 622 1255 657 Philippi
1269 623 1342 649 rebus
1359 623 1511 656 undecimo,
1523 631 1556 650 ex
1567 622 1692 650 Isocratis
1706 623 1796 656 Aera:

983 667 1118 702 -pagitica
1144 668 1233 694 locum
1262 668 1337 694 illum
1367 668 1400 694 ad
1426 669 1538 695 verbum
1568 668 1780 703 transcripserit.

1003 713 1071 740 Boni
1093 715 1212 749 malique
1242 714 1309 741 nihil
1336 721 1383 748 per
1415 722 1475 742 sese
1498 714 1653 742 hominibus
1668 715 1787 748 evenire,

1002 764 1031 786 et
1044 761 1104 794 qua:
1118 764 1280 794 sequuntur.
1299 759 1444 787 Isocratem
1462 760 1564 787 interea
1590 760 1722 795 despicit,
1739 769 1788 788 eo-

1003 812 1055 839 que
1068 806 1227 836 certamine,
1243 805 1314 840 quod
1334 805 1360 831 in
1388 804 1501 832 Mausoli
1527 805 1657 833 honorem
1678 806 1789 833 institu-

1002 856 1059 878 tum
1086 857 1137 883 est,
1158 852 1260 879 vietum
1292 852 1341 879 abs
1369 859 1430 879 sese
1454 851 1615 886 magistrum
1646 852 1786 886 gloriatur.

168 908 235 936 στης
250 899 306 935 ἁλῷ
320 899 413 926 τοῦτον
428 899 473 925 τὸν
490 899 600 934 τρόπον.
616 899 766 934 Ἀνδρωνος
790 899 844 934 γὰρ
866 900 893 925 ὲν
915 898 949 933 τῷ

1003 896 1156 930 Quinetiam
1178 905 1221 925 res
1244 898 1316 932 ipsas
1337 898 1381 925 ille
1407 898 1561 930 subtraxit,
1586 906 1647 934 qua:
1671 899 1787 927 aliorum

168 945 288 980 Τρίποδι
304 945 368 981 περὶ
381 945 538 980 Πυθαγόρου
551 945 597 972 τοῦ
616 945 758 980 φιλοσόφου
774 945 806 971 τὰ
829 946 892 980 περὶ
904 944 953 976 τὰς

166 992 333 1027 προρρήσεις
350 992 388 1027 (7)
406 991 588 1027 ἱστορηκότος,
614 992 735 1023 εἰπόντος
757 1000 798 1024 τε,
811 991 848 1023 ὡς
875 991 953 1026 διψή-

167 1046 218 1069 σας
233 1038 297 1064 ποτὲ
313 1039 341 1064 ἐν
352 1038 541 1073 Μεταποντίῳ,
559 1038 607 1065 καὶ
619 1038 651 1064 ἐκ
676 1046 747 1070 τινος
772 1038 887 1073 φρέατος
910 1038 952 1065 ἀν-

168 1084 279 1119 ιμήσας,
295 1084 341 1110 καὶ
355 1083 435 1116 πιὼν,
459 1086 597 1120 προεῖπεν,
624 1084 662 1115 ὡς
676 1085 715 1115 είς
731 1083 825 1119 τρίτην
845 1084 952 1119 ἡμέραν

167 1128 255 1155 ἔσοιτο
270 1129 390 1164 σεισμός.
404 1129 459 1155 Καὶ
488 1129 569 1164 ἕτερά
587 1138 646 1155 τινα
669 1129 773 1160 τούτοις
793 1128 949 1163 ἐπαγαγὼν,

165 1174 293 1209 ἐπιλέγω
313 1175 394 1202 Ταῦτ’
410 1173 455 1201 οὖν
482 1175 528 1202 τοῦ
544 1176 691 1211 Ἀνδρωνος
708 1176 771 1211 περὶ
793 1175 950 1211 Πυθαγόρου

165 1221 347 1257 ἱστορηκότος,
366 1222 455 1249 πάντα
469 1223 592 1257 ὑφείλετο
602 1222 770 1257 Θεόπομπος
787 1223 811 1247 ει
827 1222 875 1257 μὲν
887 1222 951 1257 περὶ

164 1268 322 1304 Πυθαγόρου
333 1268 429 1303 λέγων,
440 1269 508 1304 τάχα
518 1269 550 1295 ἂν
562 1269 607 1295 καὶ
618 1269 704 1304 ἕτεροι
728 1268 876 1302 ἠπίσταντο
886 1267 950 1303 περὶ

164 1314 259 1346 αὐτοῦ,
267 1314 312 1340 καὶ
321 1314 521 1349 ἔλεγον-Ταῦτα
531 1315 576 1341 καὶ
583 1315 662 1345 αὐτὸς
672 1315 704 1341 ἂν
718 1312 792 1341 εἷπον
802 1314 849 1349 (8)”
865 1313 912 1339 νῦν
920 1313 949 1339 δὲ

164 1358 214 1394 τὴν
223 1358 324 1394 κλοπὴν
330 1359 412 1394 δήλην
422 1360 592 1394 πεποίηκενὴ
603 1359 649 1385 τοῦ
656 1360 786 1395 ὀνόματος
795 1358 947 1394 μετάθεσις.

161 1405 226 1436 Τοῖς
245 1405 294 1439 μὲν
310 1405 363 1440 γὰρ
385 1406 526 1440 πράγμασι
548 1405 678 1441 κέχρηται
692 1406 748 1436 τοῖς
771 1406 872 1436 αὐτοῖς,
888 1405 942 1431 ἕτε-

164 1458 210 1486 ρον
231 1451 253 1477 δ’
278 1450 363 1486 ὄνομα
385 1452 554 1486 μετενήνοχε.
579 1450 732 1486 Φερεκύδην
755 1450 809 1486 γὰρ
829 1450 874 1476 τὸν
898 1450 948 1476 Σύ-

164 1506 221 1534 ριον
238 1497 369 1532 πεποίηκε
384 1498 470 1524 ταῦτα
485 1498 658 1533 προλέγοντα.
673 1497 709 1523 Οὺ
725 1497 803 1531 μόνον
822 1496 849 1522 δὲ
861 1496 947 1531 τούτῳ

159 1544 199 1580 τῷ
209 1544 319 1579 ὀνόματι
334 1544 502 1579 ἀποκρύπτει
515 1544 564 1579 τὴν
579 1543 691 1579 κλοπὴν,
706 1543 774 1569 ἀλλὰ
790 1543 836 1569 καὶ
857 1543 947 1569 τόπων

160 1591 305 1627 μεταθέσει
315 1599 321 1606 ·
336 1590 365 1617 τό
381 1599 411 1617 τε
422 1590 476 1626 γὰρ
491 1590 555 1626 περὶ
571 1590 620 1624 τῆς
636 1590 812 1625 προρρήσεως
827 1589 873 1615 τοῦ
892 1598 946 1615 σει-

160 1638 230 1674 σμοῦ
247 1638 276 1664 ὲν
289 1637 467 1672 Μεταποντίῳ
483 1637 527 1663 ὑπ’
545 1636 694 1672 Ἀνδρωνος
709 1635 801 1671 ῥηθὲν,
815 1637 844 1662 ὲν
863 1636 946 1671 Συρίᾳ

153 1684 286 1720 ⁵εἰρῆσθαί
310 1692 390 1718 φησιν
407 1684 421 1709 ὀ
436 1683 610 1718 Θεόπομπος·
626 1683 656 1709 τό
678 1691 707 1708 τε
724 1683 787 1718 περὶ
803 1682 833 1708 τὸ
854 1682 945 1708 πλοῖον

159 1730 211 1756 οὐκ
224 1729 278 1756 ἀπὸ
292 1729 428 1764 Μεγάρων
443 1729 494 1764 τῆς
511 1729 644 1761 Σικελίας,
665 1729 718 1755 ἀπὸ
733 1728 761 1754 δὲ
774 1728 865 1763 Σάμου
879 1728 945 1763 φησὶ

160 1776 330 1812 θεωρηθῆναι
341 1783 349 1789 ⁴
365 1776 412 1802 καὶ
425 1775 474 1810 τὴν
488 1775 629 1810 Συϐάρεως
645 1774 765 1801 ἆπλωσιν
781 1774 817 1809 (9)
834 1774 880 1799 ἐπὶ
895 1774 943 1809 τὴν

157 1822 306 1858 Μεσσήνης
323 1822 486 1858 μετέθεικεν.
502 1822 558 1847 Ἵνα
579 1821 607 1847 δέ
623 1829 648 1846 τι
669 1821 733 1856 δοκῇ
748 1820 835 1854 λέγειν
852 1828 944 1856 περιτ-

158 1869 216 1902 τὸν,
230 1869 276 1895 καὶ
292 1868 338 1895 τοῦ
350 1868 423 1900 ξένου
439 1867 596 1902 προτέθεικε
610 1866 736 1901 τοῦνομα.
752 1866 881 1901 Περίλαον
897 1866 944 1892 αὑ-

158 1914 204 1941 τὸν
216 1914 354 1941 καλεῖσθαι
366 1914 463 1948 λέγων.
478 1912 572 1946 Κάγὼ,
587 1913 668 1947 φησιν
680 1914 694 1939 ὁ
708 1912 874 1947 Νικαγόρας,
888 1913 942 1943 τοῖς

160 1956 522 1993 Ἐλληνικοῖςέντυγχάνων
530 1957 611 1986 αὺτοῦ
620 1966 650 1984 τε
670 1957 716 1983 καὶ
734 1957 781 1983 τοῦ
802 1957 942 1991 Ξενοφῶνς

156 2011 213 2036 τος,
225 2003 309 2031 πολλὰ
320 2003 367 2029 τοῦ
380 2002 548 2038 Ξενοφῶντος
564 2003 643 2029 αὑτὸν
660 2003 834 2038 μετατιθέντα
851 1997 942 2029 κατεί-

157 2050 240 2086 ληφιι,
255 2051 303 2077 καί
317 2050 347 2077 τὸ
363 2050 456 2082 δεινὸν,
469 2050 509 2076 ὅτι
526 2050 571 2075 ἐπὶ
585 2049 615 2075 τὺ
630 2051 728 2084 χεῖρον.
747 2048 786 2075 Τὰ
802 2048 866 2083 γοῦν
879 2049 942 2084 περὶ

156 2096 206 2132 τῆς
222 2094 396 2132 Φαρναϐάζου
410 2095 478 2130 πρὸς
497 2095 655 2130 Ἀγησίλαον
669 2094 788 2125 συνόδου,
800 2094 834 2120 δι’
850 2094 941 2120 Ἀπολ-

156 2142 287 2178 λοφάνους
301 2142 347 2169 τοῦ
364 2142 528 2177 Κυζικηνοῦ,
545 2142 592 2168 καὶ
608 2141 656 2173 τὰς
668 2142 768 2176 ἀμφοῖν
779 2141 846 2176 πρὸς
860 2140 941 2176 ἀλλή-

155 2189 218 2221 λους
235 2188 392 2220 ἐνσπόνδους
408 2188 547 2221 διαλέξεις,
559 2188 591 2219 ἃς
602 2189 630 2214 ὲν
640 2189 672 2222 τῇ
684 2187 801 2223 τετάρτῃ
816 2186 939 2220 Ξενοφῶν

155 2234 294 2270 ἀνέγραψε
317 2236 386 2262 πάνυ
405 2234 552 2270 χαριέντως
579 2234 623 2261 καὶ
645 2233 802 2269 πρεπόντως
825 2234 936 2268 ἀμφοῖν,
953 2242 975 2270 D

153 2280 194 2312 εἰς
209 2280 258 2314 τὴν
272 2279 415 2314 ἑνδεκάτην
427 2279 480 2305 τῶν
503 2278 684 2312 Ἑλληνικῶν
703 2278 826 2313 μεταθεὶς
842 2279 856 2304 ό
870 2277 935 2304 Θεό-

154 2332 275 2360 πομπος,
289 2324 361 2359 ἀργά
370 2333 400 2350 τε
412 2324 458 2350 καὶ
471 2323 585 2358 ἀκίνητα
597 2323 727 2358 πεποίηκε
738 2324 785 2350 καὶ
797 2324 934 2359 ἄπρακτα.

153 2369 241 2403 Λόγου
257 2368 311 2404 γὰρ
324 2368 447 2403 δύναμιν,
468 2369 515 2394 καὶ
532 2367 575 2395 διὰ
592 2369 640 2403 τὴν
654 2369 754 2404 κλοπὴν
775 2369 934 2405 ἐξεργασίαν

154 2414 308 2449 ἐμῆάλλειν,
323 2414 371 2440 καὶ
388 2414 586 2440 ἐπιδείκνυσθαι
603 2413 757 2446 σπουδάζων
777 2414 874 2449 βραδὺς
888 2415 934 2441 καὶ

156 2459 270 2494 μέλλων,
288 2459 335 2485 καὶ
354 2459 561 2494 ἀναὸαλλομένῳ
582 2459 677 2490 ἐοικὼς
691 2460 824 2493 φαίνεται,
839 2461 885 2486 καὶ
904 2460 935 2486 τὸ

152 2504 274 2540 ἔμψυχον
301 2505 347 2531 καὶ
376 2504 485 2540 ἐνεργὸν
511 2503 542 2530 τὸ
567 2504 734 2537 Ξενοφῶντος
760 2504 931 2540 διαφθείρων.

188 2596 227 2631 (7)
241 2595 432 2631 Προρῤήσεις.
448 2597 518 2624 Sane
541 2596 664 2623 Laertius
680 2595 781 2631 dictum
797 2595 942 2631 Pythago-‘

149 2639 210 2660 tam
235 2630 322 2659 fuisse
342 2632 438 2663 tradit,
460 2631 536 2667 παρὰ
558 2631 647 2667 abab;
660 2630 930 2667 Πύθιονηάγορεύέιν,

172 2667 231 2694 nasi
247 2674 301 2693 non
316 2667 405 2702 minor
414 2667 484 2702 ejus,
497 2665 578 2702 quam
591 2665 678 2702 Pythii
690 2665 820 2701 Apollinis
833 2665 931 2693 oracu-

172 2675 231 2694 uISI
247 2675 301 2693 non
316 2675 405 2694 mmor
414 2675 484 2701 ejus,
497 2675 578 2702 quam
591 2675 678 2701 rytnn
690 2675 820 2701 Apomms
834 2675 931 2693 oracu-

150 2675 185 2730 iis
211 2702 277 2729 ﬁdes
295 2701 448 2729 haberetur.
463 2701 532 2729 Hine
553 2706 580 2728 et
600 2701 695 2735 magiae
713 2705 854 2735 suspectus
869 2708 931 2729 esse

149 2737 242 2771 cepit.
265 2737 337 2769 Adi,
357 2736 381 2764 si
403 2737 508 2772 placet,
531 2736 647 2764 Coelium
670 2735 814 2770 Rhodigin.
835 2736 882 2763 lib.
900 2743 928 2769 τ,

149 2772 334 2841 ωῗθῖὶᾳῦτα
349 2806 399 2833 και
412 2806 503 2839 αὐτὸς
517 2805 556 2834 ἂν
566 2803 659 2832 εἷπον.
677 2804 869 2841 ΜοΙὶηιγταυτὰ
882 2806 929 2831 καὶ

148 2841 228 2870 αὐτὸς
245 2840 334 2873 εἶπεν,
350 2846 381 2868 ut
405 2841 484 2873 αὐτός
507 2841 540 2868 ad
562 2841 714 2873 Androncm
736 2840 879 2867 referatur.
894 2841 930 2867 At

148 2875 176 2904 iu
195 2877 359 2910 versionem,
375 2884 423 2912 pro
439 2876 581 2909 Andr-one,
604 2875 792 2911 Theopompus
809 2875 926 2911 irrepsit.

1004 945 1119 978 propria:
1137 950 1210 976 sunt,
1225 945 1286 972 aliis
1304 945 1458 977 tribuendo,
1477 949 1506 972 ut
1530 945 1581 972 hoc
1601 945 1684 972 etiam
1707 945 1788 972 modo

1005 989 1138 1016 mendacii
1151 995 1281 1017 teneatur.
1296 990 1365 1018 Cum
1383 990 1456 1018 enim
1470 990 1562 1017 Andro
1578 990 1605 1017 in
1622 989 1738 1025 Tripode
1747 998 1790 1018 res

1004 1043 1020 1063 a
1034 1035 1188 1070 Pythagora
1208 1037 1369 1072 philosopho
1387 1038 1530 1072 praedictas
1553 1038 1727 1073 collegisset,
1746 1039 1787 1065 in-

1002 1086 1097 1117 terque
1111 1088 1207 1110 cmtera
1223 1089 1478 1116 commemorasset,
1493 1092 1556 1111 eum
1570 1085 1717 1119 aliquando
1731 1084 1786 1113 Ile-

1002 1127 1106 1161 taponti
1122 1128 1255 1155 sitientem
1268 1148 1275 1161 ,
1291 1137 1353 1156 cum
1379 1130 1503 1157 haustam
1517 1138 1550 1157 ex
1570 1131 1688 1165 quodam
1704 1136 1786 1166 puteo

1000 1179 1099 1207 aquam
1127 1173 1248 1207 bibisset,
1284 1179 1468 1202 terrmmotum
1493 1181 1556 1203 ante
1578 1176 1650 1204 diem
1675 1177 1785 1204 tertium

1002 1216 1121 1246 futurum
1150 1219 1317 1254 praedixisse.
1342 1220 1391 1248 Hic
1419 1222 1557 1249 nonnullis
1583 1222 1732 1257 interjectis
1745 1224 1782 1250 ita

1000 1265 1193 1298 prosequitur:
1211 1265 1283 1292 lllam
1313 1266 1393 1301 igitur
1411 1267 1547 1294 Andronis
1576 1268 1609 1295 de
1631 1267 1785 1304 Pythagora

1000 1309 1141 1336 histOriam
1163 1310 1354 1346 Theopompus
1369 1313 1500 1348 integram
1524 1314 1630 1342 furatus
1657 1320 1708 1342 est.
1731 1314 1783 1349 Qui

999 1354 1022 1381 si
1035 1362 1094 1381 eam
1110 1355 1143 1382 de
1155 1355 1306 1391 Pythagora
1324 1363 1559 1392 commemoraret,
1573 1360 1629 1393 alii,
1640 1360 1739 1395 quibus
1752 1368 1784 1388 ea

999 1400 1068 1429 forte
1088 1408 1148 1429 uota
1167 1403 1222 1437 jam
1247 1410 1328 1437 esset,
1343 1405 1465 1432 eamdem
1494 1406 1574 1433 etiam
1597 1407 1630 1434 ab
1655 1407 1784 1435 Androne

999 1452 1134 1475 narratam
1159 1456 1219 1476 esse
1241 1450 1371 1477 dicerent.
1403 1450 1480 1478 Nunc
1503 1459 1567 1479 vero
1592 1452 1694 1480 furtum
1726 1454 1783 1488 ipse

998 1501 1076 1520 suum
1090 1495 1206 1522 nominis
1223 1496 1372 1523 mutatione
1383 1497 1517 1531 patefecit.
1532 1497 1613 1533 465
1629 1497 1694 1525 Rem
1706 1499 1781 1526 enim

997 1540 1119 1567 eamdem
1136 1541 1268 1571 scribens.
1287 1550 1384 1569 nomen
1399 1544 1542 1578 supposuit
1553 1545 1681 1572 alienum.
1697 1545 1726 1573 Id
1741 1545 1781 1573 vi-

960 1572 981 1601 ί
997 1584 1092 1611 delicet
1104 1593 1117 1611 a
1133 1584 1284 1621 Pberecyde
1299 1587 1414 1621 quodam
1433 1572 1501 1623 .S-yro
1523 1590 1679 1624 praedictum
1695 1572 1781 1620 fuisse

997 1628 1087 1655 tradit.
1105 1629 1162 1655 lino
1177 1637 1230 1656 non
1243 1630 1324 1664 hujus
1334 1635 1438 1657 tantum
1453 1632 1570 1659 nominis
1584 1633 1780 1668 integumento,

995 1681 1089 1700 verum
1104 1675 1184 1701 etiam
1201 1675 1321 1702 locorum
1336 1677 1487 1704 mutatione
1500 1678 1646 1713 suumipse
1659 1679 1779 1714 plagium

995 1720 1131 1747 occultare
1149 1725 1271 1748 conatur.
1289 1722 1375 1754 Quam
1399 1723 1471 1750 enim
1493 1724 1526 1750 de
1549 1724 1594 1751 illo
1609 1730 1686 1752 terra:
1703 1730 1778 1753 motu

994 1766 1195 1799 praedictionem
1218 1766 1364 1802 Metaponti
1389 1769 1486 1796 factam
1507 1778 1566 1797 esse
1589 1771 1682 1798 Andro
1702 1779 1780 1799 eom-

994 1818 1144 1846 memorat,
1175 1821 1235 1840 eam
1264 1814 1291 1840 in
1309 1812 1386 1849 Syria
1412 1816 1558 1850 contigisse
1584 1815 1779 1852 Theopompus

992 1858 1083 1886 habet.
1097 1858 1238 1894 Navigium
1263 1860 1326 1887 item
1344 1860 1408 1887 illud
1423 1881 1430 1893 ,
1454 1868 1507 1887 non
1523 1861 1558 1888 ab
1581 1861 1688 1897 Megara
1710 1864 1778 1891 urbe

993 1905 1102 1939 Siciliaa,
1117 1905 1164 1933 sed
1182 1906 1216 1933 ab
1233 1905 1316 1933 Samo
1330 1907 1419 1933 visum
1443 1906 1536 1934 fuisse.
1561 1907 1702 1936 Postremo
1728 1909 1778 1945 Sy-

992 1951 1066 1979 baris
1079 1953 1306 1987 expugnationem
1322 1952 1355 1979 ad
1375 1952 1506 1980 Messana:
1528 1953 1630 1980 cladem
1656 1959 1776 1982 transtu-

990 1997 1030 2024 lit.
1047 1997 1207 2032 Quanquam
1224 2003 1253 2025 ut
1272 1998 1400 2025 eximium
1428 1999 1501 2025 aliud
1526 1999 1616 2027 dicere
1632 2001 1754 2029 videatur
1765 2022 1774 2034 ,

991 2042 1105 2078 hospitis
1118 2052 1225 2078 quoque
1241 2052 1338 2071 nomen
1356 2044 1496 2078 adjunxit,
1524 2044 1658 2073 Perilaum
1685 2047 1774 2082 ipsum

990 2089 1141 2123 nuncupari
1155 2088 1287 2116 scribens.
1308 2088 1363 2123 Ego
1382 2096 1461 2121 vero,
1477 2090 1583 2124 excepit
1602 2089 1750 2126 Nicagoras
1763 2111 1772 2124 ,

989 2132 1016 2160 in
1031 2140 1135 2165 eorum,
1149 2142 1209 2168 qua:
1220 2142 1281 2160 cum
1298 2134 1354 2168 ipse
1366 2155 1373 2166 ,
1400 2139 1455 2161 tum
1470 2134 1619 2169 Xenophon
1639 2136 1673 2163 de
1691 2137 1772 2165 rebus

989 2177 1143 2205 Grmcorum
1161 2179 1298 2206 memoria):
1309 2180 1552 2213 prodiditlectione
1569 2189 1692 2214 versans,
1708 2190 1771 2209 eurn

989 2224 1070 2250 etiam
1085 2232 1100 2250 e
1116 2223 1291 2258 Xenophonte
1316 2224 1448 2258 permulta
1475 2233 1552 2252 suam
1581 2226 1608 2253 in
1630 2227 1770 2255 historiam

991 2269 1142 2296 traduxisse
1156 2269 1318 2303 deprehendi
1331 2278 1337 2303 ;
1358 2270 1484 2305 quodque
1497 2272 1605 2306 gravius
1618 2280 1678 2300 esso
1689 2293 1697 2306 ,
1723 2274 1770 2301 de-

989 2314 1088 2340 teriora
1113 2313 1218 2341 fecisse.
1243 2313 1309 2341 Nam
1334 2315 1411 2341 illum
1426 2323 1491 2343 sane
1509 2316 1677 2344 Pharnabazi
1706 2326 1768 2347 cum

989 2360 1112 2394 Agesilao
1138 2368 1328 2396 congressum,
1351 2360 1398 2395 qui
1426 2361 1611 2396 Apollophane
1635 2363 1767 2398 Cyziceno

988 2411 1127 2439 sequestro
1153 2406 1262 2433 habitus
1287 2411 1347 2438 est,
1374 2413 1406 2432 ac
1436 2411 1559 2434 mutuum
1578 2408 1720 2443 utriusque
1740 2410 1765 2436 in

988 2450 1132 2476 sancienth
1156 2449 1256 2477 ("ardere
1283 2450 1459 2484 colloquium,
1477 2451 1549 2485 quod
1577 2451 1646 2478 libro
1669 2460 1766 2487 quarto

986 2495 1135 2531 Xenophon
1162 2496 1297 2531 eleganter
1320 2496 1483 2530 admodum,
1510 2502 1536 2523 et
1558 2505 1607 2532 pro
1624 2500 1765 2526 amborum

1020 2596 1058 2632 (θ)
1071 2596 1383 2632 Συϐάρςωςᾶπλωσιν.
1399 2595 1469 2632 Lege
1484 2596 1644 2624 Strabonem
1662 2596 1708 2624 lib.
1725 2605 1762 2629 γι,

984 2635 1011 2659 et
1025 2630 1320 2667 :Diodor.'Sicul.Alib.
1341 2639 1390 2667 an.
1415 2630 1547 2667 Trecenta
1576 2632 1762 2667 Sybaritarum

984 2666 1079 2697 millia,
1095 2674 1111 2693 a
1125 2671 1232 2693 centum
1247 2665 1463 2693 Crotoniatarum
1481 2665 1610 2697 millibus.
1629 2667 1697 2695 duce
1712 2667 1763 2694 Mi-

983 2701 1046 2728 lone
1060 2700 1340 2738 athletajortissimo,
1348 2702 1445 2735 partim
1460 2709 1539 2734 caesa,
1553 2702 1649 2736 partim
1666 2703 1762 2737 proﬂi-

983 2741 1045 2771 gata
1058 2740 1132 2772 sunt.
1148 2734 1224 2772 Urbs,
1232 2736 1291 2772 ipsa
1306 2734 1368 2763 mox
1380 2741 1485 2771 aequata
1498 2734 1561 2764 sold
1572 2746 1579 2764 :
1600 2734 1762 2772 post-annos

982 2769 1048 2799 ivm
1064 2779 1080 2799 a
1104 2769 1250 2807 Thessalis
1261 2769 1434 2807 instaurata:
1449 2769 1607 2807 iterumque
1616 2773 1700 2799 lustro
1718 2774 1761 2801 vix

981 2811 1086 2843 exacto,
1104 2806 1188 2843 naris
1193 2805 1293 2843 incolis
1309 2805 1343 2843 ab
1361 2806 1481 2843 antiquis
1505 2805 1653 2834 victoribus
1668 2807 1761 2843 ejectis

982 2841 1151 2870 semidiruta.
1167 2840 1299 2868 Thurium
1314 2841 1374 2876 ejus
1387 2842 1412 2868 in
1425 2842 1515 2869 locum
1530 2844 1672 2872 successit.
