2091 3208
182 198 229 223 ’181

759 193 919 221 ΡΒᾹΞΡΑΒ.
935 192 1060 221 ΕνΑΝο.
1080 192 1144 219 LIB.
1166 192 1200 220 Χι

1747 187 1801 220 7“

181 260 269 289 νορος,
280 251 315 278 τὰ
325 250 347 277 δ’
363 250 392 284 ἐξ
406 250 543 284 Αἰγύπτου
556 250 611 285 (l9)
625 250 689 286 περὶ
704 249 782 283 θεῶν,
795 250 812 285 ἢ
824 250 870 277 καί
884 249 963 277 ποθεν

1017 250 1197 285 philosophia:
1218 257 1303 285 genus
1319 249 1487 284 ignorat-int:
1510 252 1572 277 cu'm
1600 249 1743 283 omnibus,
1771 251 1799 278 ul

181 298 301 330 ἄλλοθεν,
326 297 461 334 μυστήρια
474 296 521 323 καὶ
539 296 659 328 τελετὰς,
676 296 778 329 ξοάνων
792 305 821 323 τε
837 296 963 332 ἱδρύσεις,

182 344 230 371 καὶ
248 342 360 378 ὕμνους,
375 342 446 377 ᾠδάς
471 349 501 368 τε
523 341 570 368 καὶ
595 341 712 376 ἐπῳδὰς,
732 342 791 377 ἦτοι
810 341 825 368 ό
849 341 966 377 Θρᾴκιος

187 390 312 425 Ὀρφεὺς,
326 389 343 424 ἢ
369 388 414 415 καί
428 396 469 419 τις
489 387 581 423 ’ἔτερος
599 387 736 423 Ἒλλην,ἢ
754 388 900 423 βάρϐαρος,
916 388 966 422 τῆς

181 437 284 472 πλάνης
307 437 424 472 ἀρχηγοὶ
449 436 598 471 γενόμενοι,
625 436 839 471 συνεστήσαντο*
864 435 966 461 τούτων

181 483 234 518 γὰρ
257 482 366 514 οὐδένας
391 482 437 509 καὶ
465 482 541 509 αὑτοὶ
565 482 597 509 ἂν
618 482 814 517 ὁμολογήσαιεν
839 481 966 516 ’Έλληνες

182 529 373 564 παλαιοτέρους
386 528 492 554 εἰδέναι.
507 528 617 563 Πρῶτον
632 527 696 561 γοῦν
712 528 838 554 ἁπάντων
854 528 965 562 Ὀρφέα,

182 573 240 601 εἶτα
258 574 285 601 δὲ
303 575 392 605 Λϊνον,
409 574 526 600 κᾶπειτα
546 575 692 604 Μουσαῖον,
712 574 783 608 ἀμφὶ
798 574 831 600 τὰ
856 574 966 608 Τρωϊκὰ

182 620 361 655 γενομένους,
391 620 408 655 ἢ
436 619 525 655 μικρῷ
555 619 671 654 πρόσθεν
693 619 847 654 ἠκμακέναι
874 619 964 653 φασίν.

188 665 266 692 Ἀλλὰ
278 666 349 692 κατὰ
363 674 394 700 γε
411 665 520 697 τούτους
533 665 613 691 πλέον
627 665 703 691 οὐδὲν
717 665 766 700 τῆς
776 665 906 691 Φοινίκων
919 665 965 692 καὶ

182 712 335 746 Αἰγυπτίων
353 711 539 743 πολυπλανοῦς
556 711 695 744 θεολογίας
710 710 785 746 παρὰ
799 712 854 743 τοῖς
869 711 965 746 Ἕλλη-

183 767 222 784 σιν
246 757 424 784 ἐπολιτεύετο.
442 757 496 784 Καὶ
513 757 544 792 δὴ
560 757 607 783 καὶ
622 758 650 783 ἐν
671 758 727 788 τοῖς
742 756 843 788 λοιποῖς
866 756 964 788 ἔθνεσι,

182 803 249 830 κατὰ
271 803 360 834 πάσας
383 803 475 839 χώρας
495 808 523 829 τε
542 803 588 829 καὶ
603 801 703 833 πόλεις,
723 802 750 827 ἕν
766 811 795 828 τε
818 803 899 837 ἱεροῖς
921 803 966 829 καὶ

183 849 350 885 μυστηρίοις,
374 848 441 875 αὐτὰ
462 848 493 884 δὴ
510 848 605 880 ταῦτα,
628 848 674 874 καὶ
693 849 742 874 ὅσα
757 848 859 879 τούτοις
875 849 964 883 ὅμοια,

181 895 409 931 παρεφυλάττετο.
426 894 512 925 Πολὺς
525 894 589 928 γοῦν
610 893 684 929 παρὰ
699 896 754 925 τοῖς
769 895 849 920 πᾶσιν
869 895 883 921 ὁ
901 894 964 929 περὶ

181 940 248 968 θεῶν
262 940 444 976 προδηλωθεὶς
456 941 564 976 ἐκράτει
577 940 655 974 λόγος
667 948 674 955 ·
690 939 757 971 νεώς
773 940 828 973 (9.0)
843 948 871 965 τε
887 947 962 974 περι-

181 987 296 1018 ηλλείς,
314 985 450 1018 παντοίοις
471 985 608 1020 ἀγάλμασι
635 986 681 1012 καὶ
705 985 860 1020 ἀναθήμασι
884 993 962 1011 κεκο-

182 1032 336 1068 σμημένους
353 1032 428 1068 παρὰ
439 1034 493 1064 τοῖς
514 1033 596 1058 πᾶσιν
607 1032 756 1067 ἐξήσκηντο
768 1040 773 1045 ·
791 1031 860 1066 ἀτὰρ
874 1030 905 1066 δὴ
918 1032 964 1057 καὶ

181 1077 261 1111 ξόανα
278 1078 405 1109 παντοίας
423 1077 489 1113 ὕλης
505 1079 544 1110 εἰς
567 1079 656 1104 πᾶσαν
677 1077 780 1112 θνητῶν
796 1076 871 1108 ζώων
893 1077 964 1103 ἰδέαν

180 1123 357 1158 τετυπωμένα
383 1123 532 1157 φιλοκάλως
558 1123 723 1158 ἐξείργαστο.
755 1122 810 1149 Καὶ
839 1122 891 1157 μὴν
919 1122 964 1149 καὶ

182 1170 313 1205 μαντείων
336 1169 447 1205 πλείστη
469 1179 509 1201 τις
534 1168 567 1205 ἦν
588 1171 634 1196 καὶ
656 1170 771 1205 ἄφθονος
800 1169 874 1205 παρὰ
898 1170 964 1195 πᾶσι

182 1216 333 1251 περιουσία.
348 1216 450 1251 Σεμνός
465 1224 496 1249 γε
518 1217 571 1252 μήν
591 1225 632 1248 τις
649 1216 695 1243 καὶ
713 1217 797 1251 μέγας
812 1215 872 1246 θεὸς
890 1214 965 1250 παρὰ

180 1263 235 1294 τοῖς
253 1262 364 1297 Ἕλλησι
386 1262 576 1297 διαφερόντως,
601 1262 631 1288 τὸ
653 1262 778 1298 τηνικάδε
802 1262 918 1298 μάλιστα
931 1259 964 1296 ἦν

179 1307 322 1343 ἀκμάζων,
347 1308 361 1333 ὁ
389 1307 497 1338 Πύθιος.
523 1308 569 1333 καὶ
594 1309 607 1333 ό
627 1307 755 1342 Κλάριος,
771 1307 817 1333 καὶ
833 1308 847 1333 ὁ
871 1307 964 1332 Δωδω-

180 1354 254 1386 ναῖος
275 1354 347 1389 (21)·
371 1351 429 1379 εἶτα
461 1353 629 1388 Ἀμφιάρεως
651 1353 696 1379 καὶ
727 1353 896 1388 Ἀμφίλοχος,
917 1353 964 1378 καὶ

132 1431 135 1435 ι
181 1400 226 1427 ἐπὶ
239 1399 342 1431 τούτοις
363 1400 456 1436 μυρίος
473 1400 550 1430 ἄλλος
564 1399 697 1435 ἐπιρρέων
710 1398 878 1434 χρησμῳδῶν
896 1398 961 1433 μᾶλ-

179 1445 235 1477 λον,
249 1445 266 1481 ἦ
282 1445 400 1480 ποιητῶν
413 1454 440 1471 τε
458 1446 505 1471 καὶ
537 1445 667 1480 ῥαψῳδῶν
682 1444 768 1479 ὄχλος.
782 1442 832 1470 ⁷ον
849 1444 963 1479 μακροῖς

180 1490 239 1518 ποθ’
255 1491 368 1526 ὕστερον
383 1491 488 1526 χρόνοις
502 1491 541 1522 εὶς
557 1491 689 1525 Ἕλληνας
706 1489 878 1525 παρελθοῦσα
891 1489 964 1523 φιλο-

180 1538 272 1572 σοφία,
284 1537 366 1572 μηδὲν
381 1537 435 1563 τῶν
452 1537 519 1573 αὐτῇ
534 1536 723 1573 προσηκόντων
738 1535 812 1572 παρὰ
827 1537 882 1567 τοῖς
895 1543 963 1571 προ-

1019 297 1058 324 ita
1077 297 1178 330 dicam,
1191 303 1247 324 non
1260 295 1381 324 Hebraeis
1401 290 1493 334 modo.
1508 297 1550 324 vel
1566 293 1752 329 Phoenicibus.
1774 302 1799 325 et

1019 342 1166 378 [Eg-puis,
1181 343 1228 370 sed
1243 342 1324 370 etiam
1340 341 1443 370 Graecis
1458 342 1512 369 illis
1523 342 1724 377 antiquioribus
1735 347 1800 370 tem-

1018 396 1083 423 pore
1096 388 1220 422 juniores
1235 388 1398 415 exstiterint.
1421 387 1560 422 Siquidem
1577 388 1630 416 illis
1649 389 1747 423 partim
1761 397 1794 416 ex

1019 434 1146 462 Phoenice
1161 434 1280 461 Cadmus
1302 432 1430 468 Agenoris
1449 434 1531 466 lilius,
1546 434 1645 468 partim
1661 442 1693 462 ex
1713 433 1798 470 Αξεγέ

1018 486 1072 516 pto,
1096 481 1137 507 vel
1155 480 1307 512 undeunde,
1330 487 1379 507 sua
1399 480 1443 507 illa
1460 481 1573 507 deorum
1600 481 1738 516 mysteria,
1755 489 1799 508 ξιιμ

1019 534 1182 561 crurumque
1196 526 1275 559 ritus,
1294 526 1434 561 signorum
1456 526 1660 559 collocationes,
1673 527 1800 562 hymnos.

1018 573 1095 604 odas,
1110 573 1275 607 epodasque,
1297 580 1343 599 seu
1363 571 1496 599 Thracius
1514 571 1648 606 Orpheus,
1672 580 1720 600 seu
1736 574 1799 608 qni-

1018 619 1059 645 vis
1084 618 1129 644 alii
1154 618 1195 645 vel
1220 617 1305 644 Graeci
1320 617 1360 643 Vel
1390 617 1510 648 barbari,
1532 618 1634 644 erroris
1653 617 1737 645 duces
1770 624 1799 644 ac

1017 663 1153 698 principes
1174 662 1360 689 fabricarum:
1386 670 1435 689 nec
1460 662 1532 689 enim
1548 662 1709 690 vetustiores
1731 662 1800 690 alios

1016 716 1076 737 sese
1092 708 1134 736 vel
1162 708 1213 743 ipsi
1229 715 1339 743 quoque
1367 707 1452 735 Graeci
1481 715 1561 734 nosse
1588 707 1732 735 fateamur.
1760 708 1799 735 Ac

1016 754 1134 789 primum
1155 753 1264 788 quidem
1280 751 1428 787 Orpheum,
1452 750 1550 778 Linum
1575 752 1647 785 inde,
1670 757 1727 779 tum
1740 752 1800 779 Μαι

1017 807 1112 831 sanum,
1127 799 1199 826 circa
1212 798 1330 833 Trojana
1352 803 1484 832 tempora,
1504 798 1545 824 vel
1561 798 1643 832 paulo
1664 803 1727 826 ante
1747 799 1797 826 llo-

1017 848 1103 874 ruisse
1125 847 1228 873 volunt.
1255 846 1336 880 Atqui
1362 845 1428 872 nihil
1445 853 1509 872 sane
1523 850 1591 878 tum,
1608 851 1704 881 praeter
1718 846 1798 875 Phceo

1017 894 1106 920 nicum
1132 897 1213 927 atque
1249 891 1438 927 Egyptiorum
1473 896 1621 918 scatentem
1658 892 1798 919 erroribus

1016 939 1192 974 theologiam.
1218 938 1374 966 Graecorum
1392 938 1544 972 respublica
1562 943 1684 965 naverat.
1710 937 1798 972 Quam

1014 986 1136 1013 eamdem
1163 985 1190 1011 in
1219 983 1346 1011 omnibus
1378 990 1519 1010 sacrorum
1549 983 1798 1019 mystcriorumquc

1015 1032 1147 1058 rationem
1172 1034 1266 1064 gentes
1279 1029 1360 1056 etiam
1378 1029 1488 1063 reliquae
1505 1029 1531 1055 in
1549 1029 1606 1056 suis
1626 1036 1742 1064 qumque
1755 1037 1799 1057 re-

1015 1077 1142 1112 gionibus
1166 1076 1336 1109 urbibusque
1355 1074 1516 1102 retinebant.
1554 1073 1659 1109 Quippe
1685 1074 1730 1101 illa
1742 1075 1799 1110 jam

1015 1128 1072 1151 tum
1096 1123 1167 1158 apud
1191 1129 1294 1154 omnes,
1313 1122 1347 1148 de
1365 1128 1418 1155 qua
1446 1120 1574 1155 superius
1590 1120 1673 1147 locuti
1691 1128 1798 1151 sumus.

1015 1170 1049 1197 de
1064 1169 1115 1196 diis
1132 1168 1225 1204 opinio
1249 1167 1350 1202 passim
1375 1167 1531 1194 obtinebat:
1563 1167 1660 1200 templa
1699 1167 1798 1202 ubique

1016 1216 1169 1252 magniﬁca,
1198 1215 1327 1249 omnique
1348 1214 1488 1250 signorum
1514 1221 1546 1240 ac
1563 1214 1738 1244 denariorum
1752 1222 1799 1249 ge-

1016 1271 1080 1290 nere
1096 1263 1130 1289 ad
1152 1262 1279 1289 eximiam
1301 1261 1418 1295 speciem
1449 1260 1634 1288 ornabantur:
1653 1260 1797 1288 simulacra

1016 1316 1076 1335 cum
1090 1315 1123 1335 ex
1140 1307 1214 1334 omni
1230 1307 1352 1339 materia,
1369 1306 1465 1332 tumin
1479 1306 1628 1340 quamlibet
1642 1307 1797 1334 mortalium

1016 1354 1196 1381 animantium
1212 1352 1328 1380 formam
1343 1352 1459 1386 eleganti
1481 1352 1596 1379 artilicio
1615 1344 1796 1387 ﬁngebantur.

1016 1400 1135 1427 Plurima
1150 1406 1259 1434 quoqtte
1269 1398 1340 1433 apud
1355 1406 1450 1425 omnes
1465 1397 1640 1425 oraculorum
1657 1403 1716 1425 erat
1739 1405 1798 1426 ma-

1017 1446 1144 1480 ximaque
1158 1445 1254 1479 copia:
1276 1444 1377 1479 quique
1396 1451 1510 1479 magnus
1535 1443 1604 1478 apud
1625 1443 1734 1472 Gtvecos
1749 1451 1798 1479 po-

1017 1492 1153 1519 tissimum
1192 1490 1304 1518 habitus
1329 1494 1370 1517 est
1397 1494 1583 1524 augustusque
1605 1490 1682 1522 deus,
1702 1490 1796 1517 eodem

1017 1537 1135 1565 maxime
1163 1536 1277 1563 ﬂorebat
1301 1540 1431 1570 tempore,
1446 1534 1569 1571 Pythius,
1594 1534 1717 1570 inquam,
1738 1535 1794 1565 ille,

181 1585 311 1619 πάτορσιν
338 1582 465 1618 εὑροῦσα,
484 1583 518 1609 τὰ
543 1583 591 1618 μὲν
617 1583 703 1618 σεμνὰ
719 1582 766 1608 καὶ
788 1580 890 1608 παλαιὰ
914 1580 963 1615 τῆς

1016 1584 1134 1616 Clarius,
1175 1587 1256 1617 atque
1297 1581 1463 1609 Dodonaeus:
1503 1589 1583 1616 quem
1613 1581 1796 1616 Amphiaraus

180 1629 315 1664 πατρικῆς
340 1627 430 1655 αὐτῶν
449 1628 596 1661 θεολογίας,
618 1628 687 1654 αὐτά
710 1635 739 1653 τε
762 1626 794 1653 τὰ
820 1625 962 1660 θαυμαστὰ

179 1675 227 1701 καὶ
251 1674 326 1710 παρὰ
350 1674 416 1700 πᾶσι
445 1673 578 1708 βοώμενα,
595 1672 654 1699 θεῖὰ
673 1681 701 1698 τε
732 1673 778 1699 κοιλ¹
808 1671 962 1707 χρηστήρια

179 1720 251 1756 ἔργῳ
274 1718 387 1756 περιττὰ
415 1720 460 1746 καὶ
480 1718 603 1753 ἀνωφελῆ
624 1718 797 1745 κατελάϐετο.
816 1717 861 1743 Διὸ
877 1716 962 1743 ταῦτα

180 1766 230 1802 μὲν
245 1768 285 1798 εἰς
299 1765 422 1801 δεύτερον
442 1765 612 1796 ἀνεϐάλλετο,
625 1765 661 1796 ὼς
678 1765 710 1791 ἂν
724 1765 798 1791 οὐδὲν
810 1764 878 1799 αὐτῇ
893 1764 962 1798 πρὸς

182 1813 227 1848 τὴν
252 1813 307 1839 τῶν
333 1812 488 1845 ἀναγκαίων
516 1811 562 1838 καὶ
589 1810 696 1845 ἀληθῶν
721 1809 827 1844 εὕρεσιν
855 1809 961 1835 λυσιτε-

179 1857 290 1884 λοῦντα·
313 1857 347 1883 τὰ
367 1857 394 1883 δὲ
416 1857 506 1882 ὀθνεῖα
527 1856 618 1882 λοιπὸν
644 1856 689 1881 καὶ
706 1854 838 1890 βάρϐαρα,
862 1851 905 1880 οἷά
922 1862 962 1884 τις

179 1903 278 1939 γυμνὴ,
295 1903 341 1930 καὶ
357 1902 463 1929 οἰκείων
481 1901 656 1937 πτωχεύοντα
670 1901 756 1934 λόγων
770 1909 799 1926 τε
814 1901 860 1926 καὶ
874 1899 961 1934 μαθη-

179 1950 282 1986 μάτων,
297 1949 404 1984 περιῄει
416 1947 624 1984 διερευνωμένη,
642 1947 676 1973 τά
698 1955 727 1972 τε
749 1947 870 1981 χρήσιμα
896 1954 963 1972 παν-

179 1995 290 2031 ταχόθεν
307 1995 389 2030 ἑαυτῇ
406 1993 562 2030 πορίζουσα,
580 1993 731 2027 συνάγουσα
747 2000 786 2023 τε,
804 1993 850 2018 καὶ
872 1993 963 2027 ἐρανι-

177 2042 289 2078 ζομὲνη,
301 2043 347 2069 δτι
364 2050 427 2068 ποτε
441 2042 504 2077 παρ’
521 2041 644 2071 ἑκάστοις
663 2039 736 2074 εὕροι
751 2039 804 2064 τῶν
818 2039 911 2065 ἐθνῶν.
925 2039 961 2065 Οὐ

177 2088 232 2124 γὰρ
241 2086 288 2115 οὖν
294 2088 362 2124 μόνα
369 2088 404 2114 τὰ
417 2087 466 2122 τῆς
481 2086 597 2122 ἀληθοῦς
613 2085 750 2119 θεολογίας
760 2085 886 2111 λείποντα
900 2087 970 2111 κατ-’

177 2133 389 2169 ιμάνθανελτοῖς
423 2133 559 2167 Ἕλλησιν,
585 2131 652 2158 ἀλλὰ
673 2131 720 2157 καὶ
742 2130 795 2156 τῶν
812 2130 898 2156 ἄλλων
919 2138 962 2156 τε-

177 2179 247 2215 χνῶν
258 2187 288 2205 τε
304 2178 352 2205 καὶ⁵
363 2177 519 2212 ἐπιστημῶν
533 2177 582 2208 τὰς
597 2175 822 2212 βιωφελεστὰτας.
843 2175 962 2208 Συνομο-

177 2223 284 2259 Αογοῦσι
301 2224 333 2258 γέ
344 2232 385 2250 τοι
409 2223 537 2258 ’Έλληνες
550 2223 635 2254 αὐτοὶ,
655 2223 722 2257 μετά
735 2229 766 2255 γε
789 2220 898 2255 Ὀρφέα,
916 2221 962 2246 Λί-

1017 1629 1125 1662 deinde,
1136 1628 1343 1663 Amphilochus,
1366 1631 1392 1654 et
1414 1627 1521 1654 inﬁnita
1539 1627 1668 1662 deinceps
1681 1628 1733 1654 alia
1749 1635 1794 1654 va-

1015 1682 1072 1703 tum
1091 1676 1183 1710 potius
1204 1682 1286 1709 quam
1300 1678 1440 1708 poetarum
1457 1678 1503 1701 aut
1516 1674 1713 1708 rhapsodorum
1728 1675 1797 1700 mul-

1014 1721 1102 1748 titudo
1130 1724 1277 1747 consecuta
1300 1723 1351 1746 est.
1384 1718 1418 1745 At
1444 1726 1505 1745 vero
1528 1718 1699 1754 philosophia
1733 1727 1794 1746 cum

1014 1766 1124 1793 nonnisi
1154 1766 1247 1793 multis
1267 1770 1328 1800 post
1350 1772 1396 1792 eos
1411 1764 1517 1792 saeculis
1541 1764 1660 1792 venisset
1679 1765 1706 1792 in
1722 1763 1795 1792 Grae-

1014 1814 1094 1844 ciam,
1112 1819 1162 1839 nec
1174 1811 1321 1846 quidquam
1356 1818 1446 1838 rerum
1472 1818 1582 1837 suarum
1608 1810 1679 1845 apud
1700 1818 1794 1837 eorum

1014 1858 1132 1893 majores
1145 1857 1288 1888 inveniret,
1300 1855 1432 1891 quidquid
1447 1856 1557 1889 insuper
1570 1856 1596 1882 in
1610 1856 1704 1890 patriar
1718 1856 1794 1883 theo-

1013 1905 1091 1939 logia:
1106 1903 1243 1936 mysteriis
1258 1904 1381 1938 przeclari
1401 1903 1465 1930 olim
1479 1901 1620 1936 sanctique
1633 1901 1794 1933 habebatur.

1014 1957 1119 1977 necrion
1142 1949 1197 1981 illa,
1221 1957 1281 1983 qua:
1310 1949 1431 1976 omnium
1456 1955 1503 1974 ore
1516 1947 1700 1982 jactabantnr,
1718 1955 1793 1983 egre-

1014 1995 1055 2029 gia
1070 1993 1218 2028 divinaque
1242 1993 1363 2025 oracula,
1380 1992 1462 2028 [‘70
1475 1995 1501 2018 et
1518 1992 1597 2025 plena
1614 1991 1754 2022 vanitatis,
1768 1997 1795 2017 et

1014 2040 1048 2068 ab
1061 2040 1137 2067 omni
1154 2039 1269 2066 utilitate
1292 2046 1378 2065 vacua
1393 2040 1484 2072 reipsa
1500 2036 1688 2071 deprehendit.
1724 2036 1796 2071 Ergo

1015 2086 1048 2113 iis
1061 2085 1211 2112 secundum
1227 2084 1254 2110 in
1271 2084 1360 2111 locum
1373 2083 1493 2118 rejectis,
1510 2082 1581 2117 quod
1601 2082 1668 2109 nihil
1688 2082 1741 2109 sibi
1762 2083 1795 2108 ad

1013 2139 1105 2159 rerum
1123 2130 1339 2158 necessariarum
1363 2138 1396 2157 ac
1412 2136 1537 2156 verarum
1561 2128 1793 2163 investigationem

1013 2177 1215 2206 commoditatis
1239 2176 1336 2204 aﬂ‘erre
1353 2180 1474 2211 possent,
1492 2183 1585 2202 errare
1609 2174 1736 2209 deinceps
1748 2182 1795 2200 va-

1014 2223 1136 2258 garique,
1164 2226 1193 2249 et
1220 2222 1329 2256 quando
1346 2221 1419 2247 nuda
1446 2228 1494 2255 per
1515 2227 1575 2247 sese
1587 2222 1655 2252 erat,
1673 2226 1705 2245 ac
1731 2225 1795 2252 pro—

178 2269 221 2296 νόν
238 2277 270 2296 τε
288 2269 335 2295 καὶ
354 2269 500 2299 Μουσαῖον,
520 2268 544 2294 οἳ
563 2268 594 2303 δὴ
617 2267 733 2303 μάλιστα
755 2266 885 2300 θεολόγων
912 2274 962 2291 πα-

1016 2267 1135 2302 priarum
1159 2266 1318 2294 facultatum
1343 2265 1432 2300 inops,
1458 2264 1599 2298 peregrina
1618 2263 1713 2291 saltem
1734 2263 1796 2289 bar-

178 2314 311 2341 λιαιότατοί
323 2323 353 2340 τε
366 2315 412 2341 καὶ
429 2313 532 2349 πρῶτοι
555 2313 691 2349 κατῆρξαν
709 2313 799 2342 αὐτοῖς
816 2312 864 2346 τῆς
881 2311 961 2337 πολυ-

179 2358 239 2386 θέου
255 2358 367 2393 πλάνης,
385 2359 447 2390 τοὺς
466 2358 536 2384 ἑπτὰ
560 2359 621 2393 παρ’
638 2358 728 2389 αὐτοῖς
744 2357 843 2392 ἄνδρας
858 2356 904 2383 ἐπὶ
918 2365 961 2390 φι-

177 2404 289 2440 λοσοφίᾳ
300 2403 497 2439 θαυμασθῆναι,
510 2403 555 2435 οὓς
567 2403 598 2438 δὴ
612 2404 658 2429 καὶ
670 2402 837 2438 ἐπονομάσαι
849 2402 959 2436 Σοφούς.

182 2450 266 2486 ’Δμφὶ
281 2450 371 2486 Κῦρον
387 2450 415 2476 δὲ
436 2450 488 2476 οἵδε
502 2449 546 2476 τὸν
561 2448 671 2484 Περσῶν
692 2449 818 2483 ἤκμασαν
838 2447 959 2482 βασιλέα.

177 2493 261 2528 οὗτος
272 2496 295 2522 δ’
307 2494 341 2532 ἦν
354 2497 368 2522 ὁ
391 2495 484 2531 χρόνος
507 2496 535 2521 ὲν
581 2494 635 2520 τῶν
652 2494 716 2528 παρ’
736 2493 872 2528 Ἐὅραίοις
895 2501 960 2527 προ-

177 2544 271 2579 φητῶν
293 2545 317 2570 οἱ
348 2543 452 2570 πάντων
479 2543 587 2569 ’ὕστατοι
613 2542 806 2577 προεφήτευον.
832 2541 885 2566 τῶν
912 2540 961 2575 μὲν

176 2588 307 2625 Τρωῖκῶν
326 2588 438 2624 ὕστερον
457 2588 528 2614 ἔτεσι
550 2588 630 2613 πλέον
650 2588 667 2621 ἢ
690 2586 849 2618 ἑξακοσίοις,
866 2585 915 2619 τῆς
932 2584 960 2610 δὲ

175 2636 316 2668 Μωῦσέως
339 2635 455 2667 ἡλικίας,
469 2635 519 2662 οὐκ
538 2635 646 2661 ἔλαττον
673 2634 687 2669 ἦ
710 2633 806 2669 χιλίοις
822 2633 870 2659 καὶ
895 2640 960 2658 πεν-

175 2681 313 2713 τακοσίοις
320 2681 469 2716 γενόμενοι.
477 2681 561 2707 Τοῦτο
571 2680 600 2706 δέ
610 2688 650 2706 σοι
664 2679 713 2710 τὰς
719 2679 771 2705 τῶν
780 2678 882 2715 χρόνων
897 2678 961 2704 ἁνα-

213 2736 268 2773 (l9)
289 2735 355 2764 Post
373 2737 408 2763 τὰ
429 2736 454 2763 δ⁴
479 2736 511 2773 ἐξ
535 2735 840 2773 ΑίγύξξτουΑοιιιῖίυε-ρε
862 2734 961 2773 ilistin-

178 2769 248 2800 clins
260 2769 397 2807 legeretur
407 2793 413 2804 ,
426 2773 442 2807 ἦ
459 2772 510 2807 καί
521 2769 601 2798 ποθὲν
616 2770 736 2807 ἄλλοθεν,
749 2778 780 2796 πε
786 2770 811 2805 ρ).
827 2769 901 2807 θεῶν
912 2778 961 2803 μυ-

178 2805 363 2843 στήρια,ὀιο.,
377 2805 481 2834 tametsi
497 2806 664 2843 Graecorum,
679 2806 759 2843 etiam
772 2805 961 2831 disertissimw

177 2841 376 2882 t-utijjntricata
394 2850 464 2882 sirpe
477 2849 508 2882 ac
521 2841 631 2882 trajecta
645 2841 733 2882 oratio
748 2845 800 2867 est.

212 2878 267 2912 (20)
280 2877 370 2910 Νεώς.
394 2877 462 2910 Quid
481 2877 504 2904 si
521 2876 582 2912 νεῲ,
599 2881 624 2903 et
648 2876 696 2912 lin.
718 2879 857 2909 sequente,
883 2882 961 2900 κεκο-

177 2910 320 2945 σμημένοι.
337 2920 384 2944 pro
397 2910 635 2944 κεκοσμημένουςῖ
648 2910 709 2938 Πιεε
723 2919 788 2938 sane
807 2911 884 2937 lectio
899 2917 959 2936 cum

1014 2313 1133 2348 baraque
1150 2313 1254 2347 rimari,
1269 2319 1383 2347 qumque
1396 2311 1446 2338 sibi
1465 2311 1526 2337 usui
1541 2317 1602 2337 esse
1618 2313 1730 2344 possent
1742 2309 1796 2336 col-

1013 2358 1096 2393 ligere
1109 2358 1239 2392 undique,
1254 2363 1281 2384 et
1291 2356 1422 2392 quidquid
1447 2356 1517 2390 apud
1533 2355 1669 2390 quoslibet
1682 2354 1795 2390 populcs

1013 2404 1152 2439 reperiret,
1177 2404 1271 2431 sedulo
1283 2410 1438 2437 corrogare.
1464 2401 1520 2428 Nec
1534 2401 1606 2428 enim
1619 2392 1711 2428 veratri
1725 2403 1794 2427 dun-

1014 2453 1089 2476 taxat
1111 2448 1285 2482 lheologiam,
1309 2448 1356 2475 sed
1381 2448 1449 2474 alias
1465 2447 1546 2473 etiam
1560 2450 1633 2473 artes
1651 2450 1731 2480 atque
1746 2445 1795 2471 do-

1014 2494 1116 2521 ctrinas
1140 2493 1266 2520 humana:
1284 2493 1343 2519 vita:
1362 2492 1502 2527 perutiles,
1523 2490 1624 2518 Grateis
1638 2490 1794 2517 hominibus

1012 2541 1107 2568 deesse
1119 2539 1254 2574 cognovit.
1271 2538 1303 2565 Et
1325 2546 1388 2565 vero
1407 2537 1492 2565 Graaci
1520 2536 1638 2564 fatentur
1653 2537 1716 2572 ipsi.
1731 2545 1794 2564 non-

1013 2586 1064 2612 nisi
1082 2590 1143 2620 post
1157 2584 1307 2619 Orpheum,
1334 2583 1433 2610 Linum
1449 2591 1481 2610 ac
1499 2582 1642 2616 Musaeum,
1660 2583 1706 2618 qui
1720 2583 1794 2610 ride-

1012 2630 1074 2657 licet
1092 2630 1281 2663 theologorum
1305 2629 1426 2655 omnium
1455 2627 1651 2663 antiquissimi,
1673 2636 1704 2655 ac
1718 2627 1793 2663 prin-

1011 2676 1094 2709 cipes,
1107 2674 1181 2702 falsa:
1193 2675 1275 2709 hujus
1287 2674 1320 2702 de
1332 2674 1505 2701 multitudine
1521 2673 1633 2701 deorum
1647 2673 1792 2707 opinionis,

1012 2733 1105 2767 priori,
1120 2731 1331 2772 ἐκράτεινλόγος,
1356 2735 1382 2758 et
1403 2730 1536 2765 sequenti,
1560 2730 1641 2764 ξόανα
1671 2730 1794 2766 ἐξείργα-

1012 2776 1067 2796 στο.
1085 2771 1251 2794 conveniret.

1047 2803 1102 2838 (21)
1117 2801 1294 2838 Δωδωναῖος,
1313 2800 1480 2838 ΔΡιαξςιιὶωιιίι
1500 2800 1657 2838 Διδυμαῖος,
1688 2806 1716 2827 ιιι
1738 2801 1794 2838 jam

1012 2838 1063 2865 sub
1087 2836 1177 2872 cperis
1203 2837 1284 2871 hujus
1312 2836 1418 2863 initium
1444 2844 1488 2863 me
1519 2836 1650 2863 adnotare
1672 2836 1796 2862 memini.-

1012 2873 1081 2901 Sunt
1095 2874 1167 2900 enim
1186 2873 1242 2900 haec
1254 2872 1385 2907 Apollinis
1397 2876 1586 2907 cognomenta.
