2091 3208
300 185 352 214 737

303 242 400 274 alienis
422 241 475 269 sibi
491 241 601 276 plumis,
622 244 652 267 ut
665 243 708 266 est
720 238 746 265 in
763 237 865 269 fabula,
879 235 982 262 cultum
1000 238 1081 268 atque

1142 230 1227 264 ῖοφίαν
1238 227 1328 262 ὼφελη
1333 226 1418 261 μένοι,

302 292 428 316 ornatum
442 288 615 322 quaerebant:
631 285 698 312 adeo
713 283 848 319 quidem,.
864 287 894 309 ut
907 289 941 309 ex
958 279 1082 315 precaria

302 334 371 368 stipe
396 341 445 360 sua
460 333 515 367 jam
541 332 595 359 illis
612 329 785 366 philosophia
811 331 916 356 constet
944 326 1081 353 universa.

301 378 368 406 Nam
384 379 493 405 aliunde
509 378 562 404 alia
573 376 780 411 disciplinarum
809 381 908 409 genera
933 372 1085 407 exprimen-

303 430 355 457 tes,
378 423 554 458 geometriam
568 422 602 449 ab
618 421 763 456 Egyptiis,
779 427 795 447 a
815 418 949 447 Chaldaeis
967 415 1086 444 astrolo-

304 470 388 504 giam,
405 469 439 495 ab
454 469 515 500 aliis
531 468 584 495 alia
598 467 764 494 habuerunt.
785 464 841 492 Nec
859 469 950 492 tamen
967 469 1085 497 usquam

303 515 434 550 gentium,
447 516 470 542 ei
485 515 556 542 bono
568 514 656 541 simile
672 513 822 548 quidquam
839 513 1010 545 repererunt,
1035 516 1085 536 cu-

301 561 347 595 jus
360 560 430 596 apud
453 559 580 587 Hehrmos
602 560 724 594 ipsorum
747 556 887 585 nonnullis
917 554 988 581 facta
1007 553 1086 588 copia

303 611 356 635 est.
392 606 499 634 Summi
537 614 627 633 rerum
664 605 786 632 omnium
823 601 1004 629 moderatoris
1038 599 1085 626 Dei

305 653 500 688 cognitionem,
548 658 716 686 suorumque
771 648 915 677 numinum
962 645 1088 681 rejectio—

306 706 366 727 nem
418 699 549 734 intelligo,
590 705 673 732 quam
718 702 864 730 utramque
904 694 984 729 paulo
1027 696 1088 727 post

306 749 440 780 suscepta
497 743 688 779 disputationis
738 748 897 777 progressus
953 738 1085 768 ostendet.

305 790 386 826 [.73
400 790 478 818 Nunc
487 790 559 818 enim
581 793 685 817 tantum
701 788 726 815 id
755 787 871 822 agimus,
893 784 979 812 nostri
1003 788 1033 811 ut
1049 783 1088 810 lc-

635 178 767 208 EUSEBH
784 173 1026 204 ϐιΕΞΑΒΙΕΝδΙΞ
1045 172 1094 199 0P1

1142 168 1228 198 PARS
1248 167 1279 195 ll.
1301 181 1335 187 ——
1352 159 1599 192 APOLOGETICA.

1866 149 1918 175 788

1440 222 1508 250 ἀλλὰ
1528 221 1575 248 καὶ
1588 219 1643 255 τοῖς
1662 216 1730 246 θεοῖς
1745 212 1834 240 αὐτῶν
1850 210 1919 237 ἐνδί-

1134 257 1190 306 xui;
1210 257 1440 308 ἐπιμεμιζνάμενοι,
1463 267 1509 295 καί
1523 273 1594 295 τινες
1620 262 1664 289 διὰ
1680 260 1765 287 ταῦτα
1783 257 1918 308 ἀδεότητα

1136 301 1236 357 μᾶλλον
1383 315 1450 342 Θεῶν
1464 311 1611 349 θεραπείας
1629 303 1857 344 προτετιμηκάτες
1866 310 1885 357 ’μ
1891 301 1919 327 τί

1135 351 1187 402 Ξίρὴ
1202 351 1294 392 λοιπὸν
1309 364 1382 399 ἡμᾶς
1399 359 1609 396 ἐπιμέμφεσθαι,
1625 358 1685 392 οὐχὶ
1695 356 1723 383 δὲ
1741 351 1918 388 ἀποδέχεσθαι

1135 413 1183 439 καὶ
1196 413 1328 443 ἐπαινεῖν,
1346 411 1397 442 ὃτι,
1414 409 1444 435 τὸ
1461 409 1583 444 κρεῖττον
1603 405 1804 439 ἀγαπήσαντες,
1819 400 1918 436 μᾶλλον

1135 458 1164 484 δὲ
1178 457 1208 485 τὸ
1225 457 1303 492 μόνον
1331 455 1430 491 ἀληθὲς
1454 454 1579 490 εὑρόντες
1599 452 1647 478 καὶ
1665 448 1855 484 ἀπειληφότες,
1870 446 1917 472 τοῦ

1135 504 1248 540 ψεύδους
1259 503 1479 539 ἀνεχωρήσαμεν,
1495 500 1555 526 οὔτε
1577 499 1617 529 εἰς
1629 496 1707 524 ἄθεον
1720 493 1848 529 λογισμὸν
1862 493 1918 523 τοῖς

1137 551 1228 584 σοφοῖς
1248 549 1380 584 Ἐλλήνων
1393 547 1492 582 ὁμοίως
1507 544 1730 581 περιτραπέντες,
1751 540 1814 568 οὔτε
1839 539 1919 566 πάλιν

1136 597 1191 627 τοῖς
1202 595 1251 621 Θαυ
1256 595 1365 630 μαστοῖς
1378 591 1575 628 παραπλησίως
1588 589 1740 624 φιλοσόφοις
1755 585 1920 624 ἀναμὶξοτὴν

1137 642 1240 676 πλάνην
1255 641 1304 677 τὴν
1318 639 1447 666 πολύθεον
1460 637 1598 674 τῇγνὼσει
1609 636 1655 662 τοῦ
1671 636 1717 662 ἐπὶ
1731 634 1839 661 πάντων
1852 631 1919 658 Θεοῦ

1138 688 1282 723 φύραντες,
1291 686 1350 713 οὐδέ
1367 694 1397 720 γε
1409 685 1439 712 τὸ
1453 684 1548 719 ψεῦδος
1563 683 1620 718 ἅμα
1629 682 1668 717 τῷ
1684 680 1778 717 ἀληθεῖ
1793 679 1921 715 συγχέαν-

1137 743 1196 767 τεςς
1219 733 1298 760 Ἀλλὰ
1315 733 1395 769 μήπω
1405 731 1500 764 ταῦτα,
1513 731 1604 757 ἐκεῖνα
1615 729 1643 756 δέ
1657 737 1701 764 μοι
1715 728 1809 763 πρῶτα
1823 726 1919 757 δίελθε,

1137 779 1170 806 δι’
1188 775 1225 806 ὧν
1237 778 1367 813 ’Έλληνες
1376 777 1409 803 τὰ
1422 777 1510 803 πάντα
1523 773 1699 810 σεσυληκέναι
1713 772 1875 808 βαρϐάρους,
1890 771 1920 797 οὺ

305 840 394 864 ctores
418 836 579 871 intelligant,
594 835 703 862 Graecos
729 833 790 860 illos
813 836 917 859 veteres
944 837 998 857 non
1024 836 1088 855 vera

1142 826 1209 861 μόνα
1234 825 1269 852 τὰ
1293 825 1424 860 φιλόσοφα
1449 823 1608 859 μαθήματα,
1626 821 1693 848 ἀλλὰ
1708 819 1816 851 καὶτὰς
1829 818 1923 849 κοινὰς

306 882 388 910 modo
421 869 569 917 theologia.
595 881 640 909 sed
658 880 741 908 etiam
765 878 962 909 doctrinarum,
988 875 1088 910 quibus

1142 873 1188 900 καὶ
1206 872 1345 908 βιωφελιῖΐς
1361 871 1492 907 εὑρέσεις,
1505 869 1710 906 ἀπελέγχονται.

305 928 482 964 philosophia:
498 911 585 956 stvudia
597 927 747 963 promoveri
763 928 887 960 possunt,
908 923 1030 957 adeoque
1059 921 1166 948 illarum
1192 921 1324 955 ipsarum,
1337 918 1436 953 quibus
1456 916 1612 952 reipublicae
1638 918 1724 942 status
1749 911 1922 943 informatur,

306 976 461 1011 cognitione
481 956 611 1004 caruisse.
632 975 716 1009 Cujus
753 980 803 1010 ego
838 971 878 999 rei
907 956 1105 1006 probationem,
1126 967 1159 995 ad
1174 967 1249 999 iHud,
1273 965 1346 1001 quod
1359 962 1527 992 eﬂiciendum
1541 961 1608 989 mihi
1623 960 1748 994 deinceps
1760 965 1792 985 ac
1812 956 1924 984 demon-

305 1022 446 1053 strandum
459 1021 601 1056 proposui,
634 1020 703 1048 lucis
732 1007 878 1054 plurimum
894 1017 1040 1044 allaturum
1063 1022 1124 1042 esse
1142 1013 1249 1041 confido
1265 1020 1272 1038 :
1290 1011 1422 1047 siquidem
1444 1017 1476 1037 ea
1500 1007 1666 1036 defensionis
1683 1009 1782 1033 nostrae
1798 1007 1923 1037 suscepta

305 1067 376 1094 ratio
390 1071 442 1101 est,
457 1067 496 1095 uti
508 1075 562 1095 non
576 1066 730 1094 inconsulto
740 1073 772 1093 ae
789 1069 901 1096 temere,
913 1063 1101 1093 Hebraeorum,
1123 1061 1174 1089 hoc
1187 1065 1240 1093 est,
1261 1063 1290 1086 ut
1301 1058 1353 1094 ipsi
1369 1057 1478 1093 quidem
1497 1056 1719 1089 interpretantur,
1744 1050 1923 1078 barbarorum

306 1113 446 1141 hominum
459 1135 467 1147 ,
493 1113 691 1149 philosophiam
709 1112 809 1140 Graeca:
830 1119 846 1138 a
863 1110 942 1137 nobis
974 1108 1155 1144 antepositam
1186 1106 1270 1134 fuisse
1289 1105 1474 1133 ostendamus.
1507 1101 1574 1128 Nam
1593 1100 1616 1128 si
1632 1099 1740 1126 Graecos
1751 1097 1835 1132 ipsos,
1855 1095 1923 1122 clam

305 1159 377 1193 licet,
397 1161 489 1188 omnia
509 1165 601 1187 tamen
624 1168 638 1187 a
658 1159 782 1189 barbaris
806 1161 883 1190 tanto
907 1160 970 1183 ante
996 1162 1166 1189 corrogasse,
1197 1161 1247 1181 nec
1277 1153 1366 1180 solum
1395 1151 1445 1178 abs
1465 1149 1523 1176 Diis
1538 1147 1596 1175 suis
1610 1145 1677 1173 nihil
1704 1144 1737 1172 ad
1757 1149 1924 1177 consequen-

304 1205 368 1232 dam
390 1206 590 1241 philosophiam
617 1206 677 1240 opis
711 1204 858 1239 accepiSse,
874 1210 968 1230 verum
1001 1202 1082 1228 etiam
1100 1200 1182 1236 justis
1204 1207 1252 1228 eos
1284 1197 1442 1226 nominibus
1459 1194 1632 1223 insimulasse
1646 1190 1807 1223 constiterit,
1829 1195 1925 1223 quam-

305 1251 400 1278 obrem
430 1252 552 1280 nonnulli
592 1259 701 1287 quoque
723 1250 891 1278 divinitatem
925 1255 1032 1276 omnem
1068 1247 1173 1279 tollere,
1202 1253 1283 1281 quam
1305 1245 1357 1272 hoc
1389 1243 1502 1271 deorum
1525 1247 1610 1277 genus
1639 1238 1729 1265 colere
1757 1235 1923 1262 maluerint:

306 1296 368 1330 quis
393 1297 521 1332 deinceps
546 1298 646 1325 factum
681 1296 872 1332 reprehendat,
886 1305 919 1324 ac
944 1303 999 1323 non
1031 1296 1121 1328 potius
1139 1295 1244 1330 probet,
1274 1293 1418 1327 laudetque
1439 1295 1581 1321 nostrum;
1613 1286 1659 1322 qui
1689 1283 1810 1312 melioris
1833 1289 1925 1310 amore

306 1342 387 1376 capti,
404 1347 450 1370 aut
466 1344 556 1378 potius
576 1344 603 1371 in
617 1347 694 1379 parta
726 1343 796 1378 ejus,
818 1343 890 1378 quod
914 1351 1007 1370 verum
1039 1350 1123 1370 unum
1141 1329 1198 1375 est,
1225 1341 1379 1376 cognitione
1408 1338 1621 1373 acquiescentes,
1653 1340 1704 1360 nos
1731 1330 1842 1358 vanitati
1860 1329 1926 1357 sub-

306 1387 474 1421 duxerimus,
486 1397 573 1424 neque
585 1390 612 1416 in
628 1377 782 1418 Divinitartis
795 1377 907 1417 sublatae
927 1391 1016 1416 scelus
1028 1396 1090 1416 cum
1111 1388 1170 1416 istis
1202 1387 1358 1415 Grmcorum
1391 1383 1557 1420 sapientibus
1577 1379 1728 1417 praecipites
1744 1377 1807 1409 θοιίι
1837 1383 1927 1410 neque

306 1440 368 1460 cum
387 1435 502 1470 egregiis
521 1435 689 1470 philosophis
705 1435 844 1463 vecordem
867 1435 939 1463 illam
970 1437 1148 1471 insanamque
1171 1436 1283 1463 deorum
1318 1433 1530 1462 multitudinem,
1558 1436 1620 1457 cum
1652 1426 1750 1455 summi
1765 1432 1796 1452 ac
1819 1430 1926 1459 praepo-

307 1481 389 1508 tentis
414 1480 461 1509 Dei
477 1482 575 1511 notitia
602 1482 752 1510 tardissime
769 1483 988 1516 commiscentes,
1000 1491 1088 1518 neque
1104 1469 1205 1510 falsum
1217 1482 1329 1510 omnino
1342 1488 1404 1508 cum
1419 1487 1483 1506 vero
1512 1472 1727 1505 confundentes?
1759 1470 1855 1498 Verum
1866 1469 1927 1496 lum

307 1534 402 1562 postea
432 1529 604 1557 viderimus:
622 1538 695 1557 nunc
709 1537 741 1557 ea
764 1533 794 1557 tu
820 1530 886 1557 mihi
919 1531 1037 1565 primum
1061 1530 1198 1565 expende,
1216 1529 1320 1564 quibus
1354 1526 1445 1554 Graeci
1466 1532 1519 1552 non
1544 1522 1616 1550 solas
1647 1516 1825 1555 philosophiae
1842 1514 1927 1542 disci-

307 1573 406 1608 plinas,
421 1575 467 1602 sed
478 1575 551 1610 ipsas
568 1575 650 1602 etiam
661 1575 722 1602 vita:
729 1576 883 1603 communis
897 1576 1004 1603 tuendae
1017 1581 1090 1604 artes
1108 1575 1233 1603 barbaris
1247 1573 1404 1602 hominibus
1416 1570 1497 1598 furati
1511 1575 1572 1596 esse
1590 1569 1749 1601 arguantur.

620 1630 735 1659 CAPUT
749 1631 779 1658 ν.

399 1685 473 1713 Nihil
494 1695 545 1713 non
566 1696 582 1713 α
601 1687 720 1714 barbaris
735 1687 839 1715 Graecos
864 1688 1003 1723 accepisse.

343 1731 475 1759 Cadmum
491 1733 565 1759 illum
586 1738 658 1760 certe
674 1733 793 1768 quidem,
808 1735 854 1769 qui
879 1742 1037 1762 communes
1048 1734 1092 1761 lit—

310 1783 382 1806 teras
397 1778 518 1814 adeoque
533 1780 619 1813 prima
639 1779 834 1813 'grammatices
847 1780 980 1807 elementa
990 1779 1093 1808 Graecis

310 1823 476 1856 infOrmavit,
500 1832 597 1860 genere
621 1824 778 1852 thnicem
807 1825 893 1853 fuisse
914 1830 1032 1859 constat,
1063 1831 1094 1853 ut

309 1869 418 1897 easdem
432 1870 535 1898 litteras
557 1875 662 1906 veteres
676 1871 799 1898 nonnulli
826 1876 968 1906 propterea
982 1871 1094 1899 Phaeni-

312 1917 368 1944 rias
383 1916 552 1950 appellarint.
568 1915 623 1943 Nec
636 1917 743 1950 desunt,
755 1917 827 1952 quia
837 1916 913 1953 Syris
927 1917 1094 1953 excogitatas

310 1960 372 1988 illas
400 1955 486 1989 fuisse
503 1962 592 1989 velint.
623 1962 683 1997 Syri
699 1967 789 1990 autem
815 1963 864 1996 illi,
890 1963 995 1991 Hebrmi
1012 1964 1093 1991 etiam

311 2008 406 2042 utique
418 2007 529 2040 fuerint,
556 2009 603 2043 qui
626 2009 766 2036 finitimam
784 2001 928 2037 Phoenicia:
945 2009 1028 2046 474
1051 2018 1094 2037 re-

311 2056 429 2090 gionem,
441 2063 554 2090 quaeque
568 2054 707 2083 Phoenicia
731 2052 869 2091 quondam
886 2057 944 2091 ipsa
974 2065 1092 2092 quoque,

311 2106 368 2128 tum
384 2100 488 2131 Iudaea,
505 2101 586 2129 hodie
609 2109 695 2128 veroa
710 2104 813 2130 nostris
828 2102 971 2130 Palaastina
983 2103 1093 2137 dicitur,

312 2146 475 2174 incolebant.
500 2145 532 2173 Et
554 2155 618 2174 vero
636 2147 757 2182 proxime
777 2156 843 2175 sane
865 2148 899 2175 ad
913 2140 1096 2180 ,Hebraeorum

311 2193 423 2220 nomina
451 2193 604 2220 Graecarum
630 2195 779 2222 litterarum
812 2195 918 2222 accedit
941 2195 1093 2230 appellatio.

311 2238 380 2266 Cum
408 2238 480 2265 enim
497 2246 577 2266 suum
607 2240 703 2274 cuique
715 2240 785 2276 apud
812 2239 938 2267 Hebraeos
960 2240 1095 2267 elemento

311 2291 411 2312 nomen
433 2283 563 2325 singulari
579 2284 695 2318 quadam
721 2289 748 2311 et
772 2285 880 2319 propria
898 2284 1096 2318 significatione

311 2331 470 2358 attributum
489 2330 580 2363 fuerit,
598 2331 668 2365 quod
701 2331 771 2366 apud
801 2331 909 2358 Graecos
924 2331 1012 2358 locum
1036 2339 1097 2365 pro-

312 2377 382 2405 fecto
407 2377 510 2404 nullum
535 2377 626 2410 habet,
652 2377 775 2411 sequitur
794 2377 916 2408 omnino,
928 2382 959 2403 ut
983 2376 1096 2404 minime

312 2423 467 2451 Graecorum
489 2423 596 2459 propria
612 2431 672 2450 esse
685 2423 827 2451 fateamur.
855 2422 924 2450 Sunt
938 2428 1027 2450 autem
1041 2423 1096 2450 ele-

313 2473 401 2496 menta
418 2468 538 2496 Hebraeis
555 2469 646 2496 omnia
673 2469 726 2496 duo
746 2477 777 2495 ac
799 2468 1036 2503 viginti.Primum
1055 2468 1096 2495 di-

313 2515 384 2542 citur
393 2515 466 2549 alph,
477 2515 618 2549 disciplina
631 2515 723 2542 Graece
744 2515 819 2542 reddi
835 2515 930 2549 possit.
940 2514 1094 2542 Secundum

315 2559 388 2591 heth,
403 2560 480 2593 quasi
498 2560 602 2588 domus.
629 2559 749 2587 Tertium
766 2560 857 2595 gimel,
879 2561 931 2588 hoc
956 2564 998 2588 est
1010 2560 1096 2595 pleni-

316 2605 389 2632 ludo.
401 2605 534 2640 Quartum
562 2606 644 2638 delth,
665 2606 743 2641 quasi
763 2606 890 2632 librarum
914 2606 999 2634 dicas.
1012 2605 1098 2639 Quin-

315 2656 371 2678 tum
387 2651 432 2684 he,
444 2652 470 2678 id
484 2657 526 2680 est
538 2652 606 2686 ipsa.
618 2651 684 2685 Quae
698 2652 789 2680 omnia
802 2653 824 2680 si
839 2652 1024 2687 conjunxeris,
1037 2659 1099 2679 sen-

315 2696 425 2723 tentiam
435 2698 691 2734 ejusmodialiquam
704 2698 803 2726 efﬁcias
816 2707 822 2725 :
838 2697 1097 2732 Disciplinadomus,

317 2743 454 2776 plenitudo
481 2743 610 2772 librorum
634 2745 703 2779 ipsa.
735 2744 795 2771 .lam
822 2749 927 2772 sextum
943 2744 978 2771 ab
994 2743 1027 2770 iis
1041 2743 1097 2770 ele-

316 2793 436 2816 mentum
448 2797 499 2816 vau
523 2797 702 2825 nuncupatur,
724 2793 774 2817 hoc
786 2795 836 2822 est,
860 2791 886 2816 in
920 2790 987 2824 ipsa.
1009 2788 1097 2823 Septi-

317 2843 391 2867 mum
409 2843 461 2866 sai,
483 2835 533 2862 hoc
546 2842 595 2867 est,
626 2838 697 2863 vivit.
715 2837 846 2863 Octavum
868 2836 945 2869 hcth,
973 2835 1045 2870 quod
1061 2834 1098 2862 si-

319 2880 426 2920 gniﬁcat
440 2881 533 2907 vivens.
551 2881 588 2907 Ex
604 2882 702 2916 quibus
726 2883 768 2908 hic
789 2890 885 2909 sensus
899 2881 1035 2915 colligitur
1047 2890 1053 2907 :
1067 2880 1095 2907 in

320 2932 376 2961 ipsa
390 2927 454 2961 vivit
465 2927 566 2954 vivens.
581 2926 697 2956 Nonum,
713 2928 779 2961 tcth,
791 2927 816 2954 id
834 2933 875 2955 est
891 2928 996 2955 bonum.
1022 2926 1097 2956 Deci-

1402 1624 1599 1656 ΚΕΦΑΛΑΙΟΝ
1621 1624 1647 1650 E'
1653 1643 1659 1649 .

1149 1688 1195 1721 Ὧς
1202 1687 1237 1714 τὰ
1247 1686 1344 1713 πάντα
1349 1681 1736 1718 παρὰβαρϐάρωνἜλληνες
1748 1676 1924 1712 ὠφέληνται.

1179 1733 1289 1769 Πρῶτος
1300 1730 1443 1766 τοιγαροῦν
1457 1729 1471 1754 ὁ
1487 1728 1521 1754 τὰ
1537 1726 1614 1754 κοινὰ
1627 1725 1789 1761 γράμματα,
1805 1721 1875 1749 αὐτὰ
1894 1721 1926 1756 δὴ

1144 1780 1177 1806 τὰ
1191 1779 1286 1815 πρῶτα
1303 1777 1352 1812 τῆς
1373 1773 1570 1812 γραμματικῆς
1592 1772 1719 1815 στοιχεῖα,
1743 1769 1856 1804 Ἕλλησι
1873 1769 1927 1794 εἰσ-

1143 1813 1316 1860 ηγησάμενος
1325 1821 1446 1856 Κάδμος,
1457 1820 1488 1845 τὸ
1497 1819 1573 1853 γένος
1584 1816 1672 1849 Φοίνιξ
1683 1813 1726 1850 ἦν,
1740 1814 1800 1841 ὅθεν
1811 1814 1858 1840 καὶ
1867 1813 1926 1839 dmi.-

1145 1872 1236 1905 νικήῖα
1253 1869 1287 1896 τὰ
1306 1867 1457 1903 γράμματά
1472 1873 1544 1896 τινες
1566 1863 1620 1890 τῶν
1644 1861 1765 1889 παλαιῶν
1782 1859 1926 1893 ἐπικεκλῆ-

1145 1925 1233 1943 κασιν.
1243 1915 1304 1942 Εἰσὶ
1311 1914 1340 1940 δὲ
1351 1913 1375 1940 οἳ
1383 1913 1418 1939 Σύ
1424 1920 1485 1948 ρους
1500 1910 1650 1946 γράμματα
1664 1908 1804 1942 ἐπινοῆσαι
1819 1905 1927 1939 λέγουσι

1147 1962 1279 1998 πρώτους.
1295 1960 1375 1995 Σύροι
1389 1958 1411 1984 δ’
1427 1957 1460 1984 ἂν
1476 1955 1529 1983 εἷεν
1543 1956 1589 1982 καὶ
1610 1954 1743 1989 Ἑϐραῖοι,
1760 1952 1809 1987 τὴν
1821 1951 1929 1985 γείτονα

1144 2008 1279 2042 Φοινίκης,
1295 2006 1343 2033 καὶ
1359 2004 1443 2040 αὐτὴν
1460 2003 1491 2030 τὸ
1508 2002 1557 2038 μὲν
1572 2000 1684 2028 παλαιὸν
1715 1998 1849 2033 Φοινίκην,
1866 2005 1930 2032 μετ-

1146 2055 1241 2081 έπειτα
1255 2053 1282 2080 δὲ
1301 2051 1437 2083 Ἰουδαίαν,
1449 2048 1589 2083 καθ’ἡμᾶς
1603 2047 1631 2073 δὲ
1646 2045 1825 2080 Παλαιστίνην
1833 2044 1929 2079 ὀνομα-

1147 2100 1274 2134 ζομένην,
1301 2097 1450 2127 οἰκοῦντες·
1469 2091 1505 2122 ὦν
1524 2094 1570 2120 καὶ
1591 2093 1706 2128 μάλιστα
1734 2091 1784 2117 οὐκ
1803 2089 1931 2124 ἀλλπρίὅ

1148 2145 1269 2180 φαίνεται
1283 2144 1301 2178 ὴ
1315 2143 1369 2169 τῶν
1387 2139 1550 2176 Ἑλληνικῶν
1564 2137 1734 2174 γραμμάτων
1747 2136 1834 2171 φωνή.
1847 2135 1930 2161 Ἕκα-

1148 2200 1209 2219 στον
1225 2190 1290 2225 γοῦν
1301 2189 1356 2216 τῶν
1374 2186 1514 2223 στοιχείων
1527 2185 1590 2220 παρ’
1605 2185 1695 2215 αὐτοῖς
1712 2182 1782 2210 κατά
1796 2190 1869 2213 τινος
1883 2189 1930 2215 ση-

1149 2236 1282 2273 μαντικῆς
1297 2234 1415 2265 διανοίας
1435 2233 1484 2268 τὴν
1500 2230 1683 2268 προσηγορίαν
1698 2228 1787 2264 φέρει,
1800 2228 1868 2263 ὅπερ
1881 2227 1930 2253 οὐκ

1148 2283 1221 2308 ἐστιν
1233 2281 1324 2316 εὑρεῖν
1338 2278 1412 2314 παρὰ
1425 2279 1481 2308 τοῖς
1495 2276 1605 2311 Ἕλλησι
1618 2283 1625 2290 ⁸
1641 2275 1682 2301 διὸ
1695 2274 1742 2301 καὶ
1761 2273 1876 2308 μάλιστα
1892 2272 1929 2307 μὴ

1150 2328 1214 2354 ὄντα
1226 2327 1279 2353 ῐδια
1298 2325 1429 2360 Ἐλλήνων
1452 2323 1633 2358 ὡμολόγηται.
1661 2321 1738 2347 Ἐστι
1753 2320 1781 2346 δὲ
1794 2318 1829 2346 τὰ
1842 2319 1930 2346 πάντα

1150 2375 1214 2409 παρ’
1233 2372 1367 2408 Ἑϐραίοις
1395 2372 1513 2406 στοιχεῖα
1529 2369 1575 2396 δύο
1590 2369 1638 2395 καὶ
1654 2369 1769 2394 εῖχοσιν·
1782 2363 1820 2393 ὧν
1834 2366 1865 2392 τὸ
1882 2365 1931 2400 μὲν

1149 2419 1257 2455 πρῶτόν
1286 2419 1359 2444 ἐστιν
1381 2417 1445 2452 ἂλφ,
1473 2417 1486 2443 ὃ
1509 2414 1679 2452 μεταληφθὲν
1694 2415 1734 2445 εἰς
1749 2413 1799 2447 τὴν
1821 2410 1932 2438 Ἐλλάδα

1150 2466 1241 2501 φωνὴν
1266 2465 1364 2498 λέγοιτ’
1387 2463 1419 2490 ἂν
1433 2462 1562 2497 μάθησις
1574 2470 1580 2476 ·
1603 2461 1633 2487 τὸ
1656 2460 1684 2486 δὲ
1704 2458 1829 2494 δεύτερον
1845 2456 1931 2492 βὴθ,δ

1150 2510 1381 2547 μεθερμηνεύεται
1397 2509 1481 2536 οἴκου
1491 2517 1497 2523 ·
1515 2508 1545 2534 τὺ
1554 2507 1642 2542 τρίτον
1652 2506 1765 2541 γίμελ,ὃ
1781 2506 1840 2530 ἐστι
1857 2502 1931 2535 πλή-

1144 2565 1255 2594 ρωσιςθ
1281 2557 1312 2584 τὺ
1328 2557 1454 2591 τέταρτον
1481 2553 1552 2585 δὲλθ,
1578 2553 1591 2580 ὃ
1613 2552 1738 2588 σημαίνει
1750 2551 1880 2578 δέλτων-δ
1902 2549 1931 2575 τὸ

1149 2605 1273 2640 πέμπτον
1287 2604 1315 2639 ἢ,
1329 2603 1343 2629 ὂ
1355 2602 1429 2628 ἐστιν
1442 2600 1526 2633 αὕτη.
1554 2599 1636 2634 Ὀμοῦ
1650 2598 1677 2624 δὲ
1690 2597 1724 2624 τὰ
1739 2597 1828 2624 πάντα
1844 2596 1932 2631 ἀπαρ-

1148 2649 1218 2681 τίζει
1231 2649 1358 2683 τοιαύτην
1383 2647 1443 2674 τινὰ
1462 2645 1578 2672 διάνοιαν
1591 2653 1598 2660 ο
1615 2643 1740 2678 Μὰϐησις
1760 2642 1846 2673 οἴκου,
1864 2641 1931 2676 πλή-

1152 2705 1234 2732 ρωσις
1254 2695 1353 2722 δέλτων
1370 2693 1449 2728 αὕτη.
1472 2690 1538 2719 Εἶτα
1555 2690 1623 2726 μετὰ
1636 2689 1721 2716 ταῦτά
1735 2690 1792 2715 ἐστι
1803 2688 1931 2722 στοιχεῖον

1149 2743 1227 2774 ἕκτον
1239 2762 1245 2774 ,
1258 2741 1402 2776 λεγόμενον
1415 2739 1478 2774 παρ’
1491 2739 1581 2768 αὐτοῖς
1593 2736 1669 2767 οὐαῦ,
1683 2736 1697 2762 ὃ
1706 2737 1776 2762 ἐστιν
1790 2735 1825 2761 ὲν
1838 2732 1914 2766 αὐτῇ
1923 2740 1930 2747 ⁸

1151 2789 1245 2815 ἔπειτα
1255 2787 1310 2821 ξαῒ,
1321 2788 1335 2813 ὃ
1344 2788 1401 2813 ἐστι
1465 2784 1522 2820 μεθ’
1532 2784 1546 2810 ὃ
1555 2783 1599 2818 ﬁo,
1612 2784 1626 2809 ὃ
1636 2783 1707 2808 ἐστιν
1717 2783 1733 2808 ὀ
1746 2780 1812 2811 ζῶν
1827 2777 1888 2816 ἵν’
1904 2778 1933 2804 τὺ

1151 2835 1210 2861 ὅλον
1220 2843 1226 2849 ·
1250 2834 1294 2860 Ἑν
1308 2833 1376 2867 αὐτῇ
1394 2831 1426 2867 ζῇ
1441 2832 1454 2857 ὁ
1467 2830 1531 2862 ζῶν.
1548 2828 1625 2856 Μετὰ
1647 2827 1732 2854 ταῦτα
1748 2827 1877 2860 στοιχεῖον
1892 2824 1934 2850 ἕν-

1147 2888 1234 2911 νατον,
1249 2879 1278 2905 τὸ
1289 2878 1349 2914 τὴθ,
1361 2878 1374 2904 ὅ
1387 2878 1442 2903 ἐστι
1451 2874 1543 2907 καλή·
1556 2874 1649 2900 ἔπειτα
1659 2871 1715 2903 ἰὼθ,
1730 2871 1745 2897 ὃ
1755 2869 1933 2906 ἑρμηνεύεται

1147 2924 1239 2956 ἀρχή⁴
1257 2923 1324 2956 ὁμοῦ
1349 2922 1381 2950 τὰ
1404 2922 1464 2949 δύο·
1479 2921 1556 2954 Καλὴ
1569 2920 1649 2958 ἀρχή.
1669 2918 1729 2944 Ἐπὶ
1740 2916 1842 2948 τούτοις
1867 2915 1934 2950 καφ,
