2091 3208
200 182 252 209 797

774 179 935 210 ΡΒᾸΞΡΑΒ.
957 180 1085 209 EVANG.
1105 179 1170 208 LIB.
1190 179 1224 207 Χ.

1771 182 1821 209 798

197 240 358 275 ἀναφανεῖεν
367 247 374 254 ·
390 238 445 274 ἐγὼ
466 239 494 266 δὲ
506 239 566 266 δυσὶ
580 240 639 271 ταῖς
649 239 875 275 ἐκτεθησομέναις
885 240 983 272 αἰτίαις

1038 239 1207 268 nssimorum
1223 239 1389 274 scriptorum
1415 246 1514 275 magna
1534 239 1570 267 sit
1592 240 1753 275 plerumque
1767 240 1823 268 dis—

198 286 246 321 τὴν
262 286 394 321 μεγίστην
419 286 494 323 ἰσχὺν
507 285 688 321 ἁναῡὴσομαι.
719 287 774 313 Καὶ
800 287 935 322 προτέραν
954 296 986 321 γε

198 331 252 367 ὲρῶ
267 331 316 368 τὴν
330 332 498 368 κυριωτέραν
513 330 581 358 εἷναί
598 341 641 367 μοι
655 332 793 360 δοκοῦσαν.
812 333 849 359 Τὸ
866 333 920 369 γὰρ
944 333 987 366 ἐξ·

198 378 343 413 ετασθῆναι
359 378 414 413 (44)
438 378 475 414 μὴ
490 378 688 413 σπουδασθῆναι
711 379 786 415 παρὰ
799 381 855 411 τοῖς
877 379 987 415 Ἕλλησι

198 425 317 462 δημοσίᾳ
340 425 462 459 γίνεσθαι
487 424 536 457 τὰς
560 425 623 460 περὶ
648 425 701 452 τῶν
718 426 846 452 ἑκάστοτε
871 435 988 461 πραττο-

201 470 288 506 μένων
310 471 483 507 ἀναγραφὰς,
509 470 587 498 τοῦτο
612 471 727 507 μάλιστα
744 471 776 506 δὴ
793 472 839 498 καὶ
852 471 902 507 τὴν
916 472 984 498 πλά-

199 524 257 552 νην,
278 517 325 543 καὶ
347 516 395 551 τὴν
425 516 546 549 ἐξουσίαν
571 517 618 543 τοῦ
645 516 806 544 σπεύδεσθαι
836 518 891 548 τοῖς
915 517 984 552 μετὰ

199 561 285 589 ταῦτα
312 561 464 597 βουληθεῖσι
493 562 557 597 περὶ
585 562 639 589 τῶν
669 562 789 589 παλαιῶν
815 571 841 588 τι
868 562 984 597 γράφειν

201 608 344 644 παρέσχεν.
371 608 407 634 Οὐ
422 608 476 643 γὰρ
503 608 581 643 μόνον
606 609 680 644 παρὰ
703 611 759 640 τοῖς
776 609 865 640 ἄλλοις
888 608 984 643 Ἓλλη-

202 663 242 681 σιν
268 653 392 689 ἠμελήθη
418 653 453 680 τὰ
481 654 544 689 περὶ
567 655 614 686 τὰς
637 655 818 689 ἀναγραφὰς,
846 654 903 681 ἀλλ’
925 655 984 681 οὐδὲ

200 701 265 735 παρ’
280 699 370 731 αὐτοῖς
391 699 556 734 Ἀθηναίοις,
574 699 619 731 οὓς
635 700 796 735 αὐτόχθονας
808 698 877 727 εἶναι
890 701 983 735 λέγου-

200 755 242 779 σι,
271 747 319 774 καὶ
343 747 465 779 παιδείας
488 747 641 782 ἐπιμελεῖς,
668 747 742 774 οὐδὲν
769 747 888 774 τοιοῦτον
912 747 984 782 εὑρί-

201 801 294 820 σγεται
317 792 478 828 γενόμενονο
514 790 582 818 ἀλλὰ
613 792 667 818 τῶν
688 793 825 828 δημοσίων
854 793 984 828 γραμμά-

200 848 253 865 των
279 839 472 875 ἀρχαιοτάτους
497 837 565 864 εἷναί
589 847 655 872 φασι
678 839 741 870 τοὺς
767 839 820 865 ὑπὸ
835 840 985 875 Δράκοντος

203 882 291 914 αὐτοῖς
308 883 373 918 περὶ
390 883 444 909 τῶν
466 883 583 918 φονικῶν
605 884 755 919 γραφέντας
774 886 884 920 νόμους,
900 885 981 920 ὀλίγῳ

203 928 333 964 πρότερον
359 929 408 964 τῆς
437 929 630 965 Πεισιστράτου
660 931 812 966 τυραννίδος
840 931 981 966 ἀνθρώπου

202 973 351 1007 γεγονότος,
366 975 433 1009 Περὶ
456 975 505 1009 μὲν
528 975 581 1011 γὰρ
604 975 739 1011 Ἀρκάδων
761 976 787 1002 τί
811 977 862 1012 χρὴ
878 976 981 1011 λέγειν,

204 1018 357 1053 αὐχούντων
379 1020 563 1055 ἀρχαιότητα;
587 1020 662 1055 μόλις
681 1021 734 1056 γὰρ
755 1018 824 1047 οὗτοι
846 1021 891 1047 καὶ
915 1021 982 1056 μετὰ

202 1063 285 1090 ταῦτα
310 1064 471 1100 γράμμασιν
498 1065 702 1100 ὲπαιδεύθησαν.
733 1066 797 1092 "Ars
829 1066 861 1101 δὴ
893 1066 982 1092 τοίνυν

202 1109 329 1144 οὐδεμιᾶς
353 1110 575 1147 προϐεϐλημένης
604 1112 776 1147 ἀναγραφῆς,
804 1112 820 1147 ἦ
849 1113 894 1138 καὶ
919 1113 980 1143 τοὺς

204 1154 297 1190 μαθεῖν
315 1155 491 1192 βουλομένους
514 1157 627 1189 διδάξειν
648 1158 752 1192 ἔμελλε,
774 1159 820 1184 καὶ
839 1158 900 1189 τοὺς
915 1158 981 1192 ψευ-

201 1199 327 1234 δομένους
353 1201 489 1235 ἐλέγξειν,
511 1203 528 1239 ἡ
559 1202 642 1238 πολλὴ
669 1203 734 1238 πρὸς
768 1202 896 1238 ἀλλήλους
923 1203 982 1238 ἐγέ-

199 1257 259 1275 νετο
280 1248 410 1283 διαφωνία
421 1250 478 1280 τοῖς
499 1248 694 1285 συγγραφεῦσι.
724 1249 857 1284 Δευτέραν
871 1249 900 1275 δὲ
918 1249 986 1285 πρὸς

198 1295 299 1330 ταύτην
323 1295 413 1322 θετέον
430 1295 537 1330 ἐκείνην
552 1295 600 1330 τὴν
615 1295 714 1323 αἰτίαν.
758 1295 788 1321 Οἱ
811 1295 864 1330 γὰρ
888 1295 934 1321 ἐπὶ
956 1295 986 1321 τὸ

198 1342 312 1377 γράφειν
335 1342 503 1377 ὁρμήσαντες
519 1341 549 1367 οὐ
576 1341 640 1380 περι
666 1341 714 1376 τὴν
741 1340 867 1376 ἀλήθειαν
889 1341 987 1367 ἑσπούς

198 1388 295 1421 δασαν,
319 1388 406 1415 καίτοι
423 1387 500 1414 τοῦτο
520 1387 664 1423 πρόχειρον
687 1388 776 1418 αὐτοῖς
798 1388 871 1414 ἐστιν
891 1388 934 1414 ἀεὶ
955 1387 986 1414 τὸ

199 1434 375 1470 ἐπάγγελμα-
410 1434 496 1468 λόγων
519 1433 546 1459 δὲ
569 1432 682 1468 δύναμιν
707 1433 912 1459 ἐπεδείκνυντο·
938 1433 985 1459 καὶ

199 1481 259 1508 καθ’
282 1481 373 1508 ὅντινα
395 1480 496 1516 τρόπον
516 1481 546 1507 ὲν
567 1481 653 1515 τούτῳ
675 1479 908 1515 παρευδοκιμῆσαι
923 1481 986 1512 τοὺς

199 1527 293 1559 ἄλλους
307 1527 496 1562 ὑπελάμϐανον
507 1546 513 1558 ,
532 1527 602 1553 κατὰ
622 1526 715 1552 τοῦτον
732 1526 896 1561 ἡρμόζοντο·
914 1526 985 1557 τινὲς

199 1573 249 1608 μὲν
273 1573 319 1600 ἐπὶ
343 1572 373 1599 τὸ
391 1571 547 1608 μυθολογεῖν
571 1571 753 1607 τραπόμενοι,
779 1572 851 1603 τινὲς
877 1571 904 1597 δὲ
918 1571 985 1607 πρὸς

198 1618 276 1654 χάριν
287 1638 295 1649 ,
320 1617 337 1653 ἢ
352 1617 400 1649 τὰς
417 1617 523 1649 πόλεις,
544 1617 560 1652 ἢ
576 1618 638 1648 τοὺς
655 1617 782 1652 βασιλέας
795 1617 967 1649 ἐπαινοῦντες
977 1626 983 1632 ·

197 1664 269 1691 ἄλλοι
292 1664 321 1691 δὲ
346 1664 392 1690 ἐπὶ
414 1663 444 1690 τὸ
468 1664 629 1698 κατηγορεῖν
652 1663 706 1689 τῶν
731 1663 873 1698 πράξεων,
900 1663 986 1698 ἣτῶν

197 1711 372 1748 γεγραφότων
385 1709 540 1745 ἐχώρησαν,
565 1709 753 1745 εὐδοκιμήσειν
767 1711 796 1736 ὲν
810 1710 896 1744 τούτῳ
910 1711 985 1745 νομί-

198 1759 298 1791 ζοντες.
331 1758 417 1789 Ὀλως
430 1757 458 1784 δὲ
474 1756 503 1782 τὸ
531 1756 638 1783 πάντων
666 1756 857 1783 ἐναντιώτατον
882 1757 986 1792 ἱστορίᾳ

198 1804 362 1841 πράττοντες
380 1801 546 1829 διατελοῦσι·
565 1801 614 1836 τῆς
638 1802 687 1837 μὲν
710 1801 764 1837 γὰρ
787 1801 904 1836 ἀληθοῦς
927 1802 985 1827 ἐστι

197 1851 345 1886 τεκμήριον
363 1849 497 1884 ἱστορίας,
519 1849 543 1874 εἰ
561 1847 625 1883 περὶ
639 1847 693 1874 τῶν
709 1848 799 1874 αὐτῶν
816 1848 934 1879 ἅπαντες
951 1848 985 1874 τὰ

199 1897 270 1926 αὐτὰ
293 1897 341 1927 καί¹
365 1896 469 1930 λέγοιεν
485 1894 532 1921 καὶ
547 1894 694 1930 γράφοιεν·
715 1895 738 1920 οἱ
765 1894 811 1925 δὲ,
837 1895 861 1920 εἰ
889 1894 925 1929 μὴ
951 1894 986 1920 τὰ

199 1943 270 1970 αὐτὰ
294 1942 429 1979 γράψειαν
457 1941 581 1976 ἑτέροις,
613 1940 698 1971 οὕτως
727 1939 883 1974 ἐνομίζοντο
909 1940 985 1967 αὑτοὶ

200 1988 340 2023 φαίνεσθαι
368 1988 475 2014 πάντων
504 1985 689 2021 ἀληθέστατοι.
719 1995 728 2011 ι
761 1985 885 2012 Τοσαῦτα
902 1985 949 2012 καὶ
971 1985 985 2011 ό

203 2034 341 2070 Ἰώσηπος.
369 2033 418 2067 Εἵη
432 2033 453 2059 δ’
477 2032 509 2059 ἂν
533 2032 586 2058 τῶν
600 2031 752 2066 εἰρημένων
779 2031 985 2066 ἐπισφράγισμα

197 2081 246 2110 καὶ
258 2081 275 2116 ἡ
293 2080 424 2115 Διοδώρου
446 2078 581 2115 μαρτυρία
595 2098 601 2110 ,
630 2078 664 2112 ἣν
681 2076 735 2103 ἀπὸ
751 2076 796 2103 τοῦ
813 2076 919 2111 πρώτου
935 2077 985 2112 τῆς

198 2125 378 2165 συναχθείσης
389 2124 462 2160 αὑτῷ
472 2124 668 2158 Βιϐλιοθήκης
682 2123 886 2159 παραθήσομαι,
899 2123 984 2155 οὕτως

198 2173 311 2210 ἔχουσαν
329 2171 396 2208 πρὸς
413 2171 494 2203 λέξιν.

1037 287 1151 315 sensio?
1167 278 1282 314 Prorsus
1301 286 1384 322 479
1397 291 1427 313 ut
1442 287 1500 321 ipse
1514 294 1624 321 quoque
1641 286 1822 322 Thucydides,

1037 333 1101 360 licet
1115 333 1351 360 accuratissimatn
1373 338 1525 367 Iemporum
1542 340 1655 360 suorum
1679 333 1822 360 historiam

1036 378 1207 413 perscribere
1222 379 1356 412 videatur,
1373 386 1389 405 a
1406 379 1546 406 nonnullis
1560 383 1653 406 tamen
1673 379 1775 406 erroris
1790 387 1823 406 ac

1036 425 1166 452 vanitatis
1189 430 1329 460 arguatur.
1353 424 1438 460 Cujus
1461 433 1528 452 sane
1543 424 1660 457 discidii,
1685 433 1747 452 cum
1763 425 1823 452 alia!

1037 471 1162 499 fortassis
1182 472 1308 506 plurima:
1332 471 1394 499 aliis
1411 472 1438 498 in
1463 471 1528 498 illud
1552 471 1758 506 anquirentibus
1775 479 1823 499 oc-

1037 525 1147 545 currere
1172 518 1293 553 possint,
1317 523 1374 544 tum
1399 518 1449 544 has
1475 518 1611 552 praecipue
1628 518 1696 544 duas
1722 519 1822 546 summi

1038 564 1166 591 momenti
1180 572 1277 591 causas
1292 572 1354 591 esse
1368 564 1498 598 intelligo.
1513 564 1602 598 Atque
1616 568 1645 591 ut
1660 564 1694 591 ab
1703 572 1746 596 ea,
1762 571 1824 599 quae

1038 611 1103 637 mihi
1119 610 1207 645 potior
1223 610 1339 641 videtur.
1355 610 1494 645 incipiam,
1513 618 1574 637 cum
1590 615 1674 637 totum
1692 610 1755 637 illttd
1778 618 1822 638 res

1037 663 1094 687 eas,
1115 664 1176 690 qua:
1193 657 1292 690 ubique
1308 657 1413 688 tierent,
1438 656 1561 690 publicas
1577 656 1604 682 in
1626 656 1733 683 tabulas
1752 655 1822 683 refe-

1037 702 1113 729 rendi
1138 702 1257 729 studium
1273 710 1288 729 a
1310 702 1411 729 Grascis
1425 702 1481 736 jam
1504 710 1592 737 usque
1615 703 1650 729 ab
1674 703 1752 729 initio
1776 710 1822 729 ne-

1037 749 1152 783 glectum
1172 748 1277 779 fuisset,
1295 749 1321 775 id
1339 756 1405 776 sane
1430 756 1491 775 cum
1507 749 1592 776 errori
1611 750 1728 776 maxime
1750 749 1821 775 viam

1037 794 1151 829 aperuit,
1168 798 1224 821 tum
1243 794 1275 821 iis
1292 794 1372 821 etiatn
1389 795 1526 824 omnibus,
1543 794 1589 828 qui
1607 794 1640 820 de
1655 794 1735 821 rebus
1750 794 1823 823 anti-

998 841 1180 876 Bquioribus
1207 840 1327 867 scribere
1354 841 1526 872 cogitarent,
1559 841 1694 867 licentiam
1724 840 1823 867 obtulit

1036 887 1146 921 impune
1158 886 1315 914 mentiendi.
1331 885 1385 913 Nec
1400 887 1471 913 enim
1487 887 1589 921 reliqua
1603 887 1733 914 duntaxat
1748 886 1822 914 Cra:-

1035 940 1130 960 corum
1146 933 1221 960 natio
1232 932 1302 960 hanc
1316 933 1470 960 tabularum
1483 933 1712 960 conﬁciendarum
1728 941 1821 960 curam

1033 978 1125 1013 jacere
1139 979 1263 1012 permisit
1277 987 1283 1005 :
1303 979 1349 1005 sed
1367 987 1400 1006 nc
1412 979 1483 1014 apud
1499 979 1680 1006 Athenienses
1695 979 1802 1013 quidem
1813 1000 1821 1011 ,

1036 1033 1105 1060 quos
1122 1030 1210 1052 tamen
1228 1030 1254 1052 ct
1268 1025 1418 1060 indigenas,
1439 1030 1466 1052 et
1478 1025 1685 1060 disciplinarum
1701 1025 1822 1059 apprime

1036 1071 1174 1098 studiosos
1189 1078 1249 1097 esse
1272 1070 1371 1100 l‘eruut.
1395 1070 1542 1105 quidquam
1564 1071 1698 1104 ejusmodi
1720 1070 1820 1097 factum

1036 1116 1155 1150 reperias
1170 1125 1175 1141 :
1193 1123 1255 1142 cum
1271 1123 1286 1142 e
1308 1115 1423 1149 publicis
1438 1115 1546 1149 quidem
1563 1115 1671 1146 litteris,
1687 1115 1822 1149 antiquis-

1037 1162 1122 1189 simas
1137 1162 1210 1196 leges
1226 1170 1272 1189 eas
1292 1161 1375 1190 fuisse
1388 1162 1506 1194 tradant,
1523 1169 1590 1195 quas
1606 1161 1672 1196 ipsis
1689 1161 1775 1188 Draco
1788 1161 1821 1188 de

1036 1207 1107 1234 caede
1123 1207 1192 1238 tulit,
1211 1206 1293 1234 homo
1306 1207 1352 1242 qui
1383 1207 1492 1233 nonnisi
1508 1207 1588 1241 paulo
1608 1211 1669 1233 ante
1687 1206 1820 1234 Pisistrati

1036 1254 1208 1288 tyrannidem
1225 1253 1312 1281 lucem
1330 1258 1481 1288 aspexerat.
1498 1252 1564 1280 Nam
1579 1253 1714 1279 Arcadum
1729 1253 1822 1279 memi-

1037 1300 1110 1326 nisse
1132 1299 1197 1334 quid
1221 1299 1326 1331 attinet,
1343 1300 1389 1332 qui
1404 1307 1465 1326 cutn
1481 1299 1514 1325 de
1529 1306 1578 1325 sua
1591 1302 1731 1332 tantopere
1745 1303 1822 1325 vctu-

1037 1349 1108 1371 slale
1122 1345 1283 1379 glorientur,
1299 1345 1343 1371 vix
1364 1349 1452 1371 tamen
1467 1345 1545 1370 etiam
1562 1348 1623 1379 post
1637 1344 1680 1371 illa
1699 1349 1821 1378 tempora

1036 1390 1187 1418 litterarum
1221 1391 1362 1418 informari
1396 1391 1551 1425 cognitione
1585 1391 1750 1424 cmperunt?
1782 1390 1820 1417 Ita

1036 1436 1126 1470 plane,
1140 1445 1201 1464 eum
1213 1438 1343 1464 vetustior
1357 1437 1570 1464 commentarius
1585 1436 1676 1463 nullus
1691 1439 1820 1467 exstaret,

1036 1482 1083 1516 qui
1110 1482 1150 1508 vel
1175 1482 1271 1509 docere
1288 1481 1409 1508 discendi
1435 1480 1568 1515 cupidos,
1593 1479 1634 1506 vcl
1660 1479 1821 1505 mentientes

1035 1535 1147 1563 arguere
1161 1532 1262 1562 possm,
1277 1527 1394 1553 maxima
1408 1532 1449 1554 est
1463 1526 1610 1560 scriptorcs
1623 1525 1691 1551 inter
1704 1524 1821 1550 excitata

1037 1575 1183 1602 dissensio.
1210 1575 1259 1601 Cui
1286 1579 1314 1601 tu
1338 1582 1427 1601 causa:
1452 1573 1565 1600 alteram
1591 1573 1660 1598 hanc
1688 1572 1822 1606 adjungas

1036 1622 1109 1649 licet.
1131 1622 1182 1654 Qui
1198 1621 1269 1648 cnim
1284 1621 1316 1648 ad
1338 1621 1510 1648 scribendum
1527 1627 1587 1646 sese
1603 1618 1786 1651 contulerunt,
1802 1618 1820 1645 ii

1037 1675 1090 1694 non
1113 1667 1235 1694 veritatis
1258 1667 1350 1700 utique
1371 1667 1462 1694 studio
1481 1666 1658 1696 ducebantur,
1683 1665 1746 1691 licet
1770 1664 1821 1691 hoc

1036 1714 1157 1748 profiteri
1182 1713 1304 1741 solemne
1318 1713 1419 1748 passim
1449 1712 1576 1739 omnibus
1607 1710 1821 1744 tralatitiumquc

1035 1760 1071 1787 sit
1084 1769 1090 1785 :
1107 1759 1152 1786 sed
1172 1759 1226 1785 vim
1242 1758 1374 1785 orationis
1387 1765 1468 1784 unam
1484 1756 1674 1787 ostendebant,
1689 1759 1770 1789 atque
1783 1754 1820 1782 ita

1035 1812 1088 1837 quo
1096 1812 1126 1831 se
1134 1804 1249 1838 quisque
1258 1811 1355 1838 genere
1364 1803 1432 1830 alios
1440 1806 1630 1837 superaturum
1637 1808 1697 1828 esse
1704 1800 1821 1827 maxime

1036 1849 1199 1881 conﬁdebat,
1217 1850 1243 1876 in
1264 1857 1296 1876 c0
1322 1849 1480 1876 elaborabat
1501 1848 1658 1884 plurimum.
1682 1846 1752 1881 Ergo
1774 1845 1820 1872 alii

1035 1896 1142 1922 fabulas
1166 1900 1275 1927 texere,
1292 1896 1337 1921 alii
1358 1895 1498 1922 civitatum
1516 1898 1563 1920 aut
1578 1901 1672 1925 regum
1700 1892 1820 1919 benevo-

1035 1942 1145 1969 lentiam
1171 1946 1198 1969 et
1219 1941 1333 1976 gratiam
1359 1940 1561 1967 laudationibus
1583 1938 1715 1965 eblandiri
1730 1945 1821 1971 cmpe-

1035 1992 1118 2015 runt:
1143 1987 1267 2014 nonnulli
1291 1994 1334 2014 res
1352 1986 1441 2021 ipsas,
1470 1990 1517 2012 aut
1540 1985 1647 2012 illarum
1674 1984 1820 2018 scriptores

1035 2040 1146 2067 carpere
1161 2040 1192 2059 ac
1211 2032 1364 2066 vituperare
1382 2031 1556 2061 maluerunt,
1575 2030 1647 2063 quod
1669 2029 1695 2054 in
1710 2036 1743 2054 eo
1760 2035 1820 2054 sese

1035 2078 1142 2105 facilius
1153 2078 1284 2105 excellere
1297 2084 1377 2112 posse
1390 2080 1539 2111 sperarent.
1554 2075 1687 2102 Cmterum
1700 2073 1743 2100 isti
1757 2081 1819 2100 cum

1034 2124 1157 2151 historiae
1180 2124 1284 2158 legibus
1310 2123 1422 2150 omnino
1445 2126 1575 2156 pugnant.
1593 2120 1662 2147 Cum
1690 2120 1762 2151 enim
1787 2126 1820 2146 eo

1035 2169 1204 2203 potissimum
1214 2172 1373 2203 argumento
1382 2166 1500 2195 historiae
1511 2166 1610 2193 veritas
1619 2164 1818 2200 comprobetur,

198 2220 221 2247 si
244 2220 276 2247 de
290 2218 370 2246 rebus
396 2216 491 2244 iisdem
514 2215 607 2243 eadem
633 2223 728 2242 omnes
750 2214 926 2250 pronuntient
951 2222 982 2242 ac
1001 2215 1144 2248 scribant;
1172 2216 1207 2242 ita
1240 2222 1300 2242 sese
1345 2214 1451 2241 demum
1477 2213 1521 2240 isti
1548 2212 1664 2239 maxime
1701 2210 1820 2245 reliquos

196 2273 294 2294 omnes
307 2264 429 2291 veritatis
454 2263 581 2297 opinione
606 2268 781 2297 superaturos
797 2266 950 2296 putarunt,
978 2262 1037 2289 siab
1070 2262 1183 2297 reliquis
1215 2261 1333 2289 maxime
1358 2259 1532 2288 dissiderent.
1552 2268 1561 2284 ι
1587 2257 1721 2285 Hactenus
1738 2256 1819 2283 etiam

198 2316 342 2346 :esepnus.
363 2309 445 2349 480
462 2308 584 2341 Quorum
601 2309 725 2335 omnium
745 2308 881 2343 quoddam
903 2308 981 2342 quasi
998 2309 1116 2344 sigillum
1135 2315 1194 2336 esto
1210 2308 1318 2335 Diodori
1350 2306 1547 2336 testimonium.
1570 2304 1642 2339 quod
1676 2311 1707 2330 ex
1732 2303 1819 2338 primo

197 2357 320 2386 conﬂata:
332 2357 366 2384 ab
379 2363 411 2383 eo
421 2355 591 2382 Bibliolliecw
604 2354 783 2390 proferemus.
801 2354 846 2382 Sic
860 2354 931 2381 enim
954 2355 986 2382 ad
1007 2356 1118 2383 verbum
1140 2356 1230 2383 habet.

460 2436 654 2464 KE<I>AAAION
678 2437 700 2463 Η
707 2440 723 2462 ’.

244 2515 246 2518 ,
265 2486 331 2512 Ἔτι
341 2484 407 2518 περὶ
424 2484 476 2510 τοῦ
490 2482 582 2509 αὑτοῦ
592 2502 599 2514 ,
613 2482 671 2509 ἀπὸ
686 2482 744 2509 τῶν
759 2482 913 2516 Διοδώρου.

237 2531 364 2560 «Τούτων
375 2531 396 2557 δ’
409 2531 473 2566 ἡμῖν
486 2529 541 2564 (45)
556 2529 785 2564 διευκρινημένων
795 2548 802 2560 ,
822 2528 915 2564 ῥητέον
926 2528 983 2554 ὅσοι

199 2578 253 2604 τῶν
274 2578 339 2614 παρ’
364 2576 475 2612 Ἕλλησι
503 2574 702 2609 δεδοξασμένων
730 2574 776 2599 ἐπὶ
805 2574 909 2600 συνέσει
937 2574 983 2601 καὶ

199 2623 309 2659 παιδείᾳ
331 2622 485 2658 παρέϐαλον
509 2622 549 2652 είς
574 2620 710 2653 Αἴγυπτον
731 2621 759 2645 ὲν
784 2621 840 2650 τοῖς
860 2618 983 2654 ἀρχαίοις

199 2671 303 2707 χρόνοις
314 2690 321 2702 ,
340 2671 382 2698 ἵνα
401 2669 454 2696 τῶν
469 2668 584 2695 ἐνταῦθα
601 2667 722 2702 νομίμων
737 2667 783 2692 καὶ
798 2666 919 2697 παιδείας
937 2675 983 2701 με-

199 2718 345 2752 τάσχωσιν.
377 2717 411 2743 οι
427 2715 482 2751 γὰρ
497 2716 580 2750 ἱερεῖς
599 2713 652 2739 τῶν
667 2712 819 2746 Αἰγυπτίων
834 2712 983 2747 ἱστοροῦσιν

199 2764 232 2789 ἐκ
247 2762 300 2796 τῶν
313 2761 478 2798 ἀναγραφῶν
494 2760 547 2787 τῶν
567 2762 595 2786 ἐν
610 2760 669 2790 ταῖς
683 2759 767 2792 ἱεραῖς
784 2757 882 2792 βίϐλοις
894 2765 981 2792 παρα-

199 2808 291 2836 ϐαλεῖν
313 2808 379 2844 πρὸς
391 2808 502 2838 ἑαυτοὺς
523 2806 623 2842 Ὀρφέα
637 2813 666 2831 τε
691 2805 737 2830 καὶ
760 2805 909 2836 Μουσαῖον,
936 2805 981 2832 καὶ

201 2875 292 2944 te(id)
300 2874 532 2916 ﬁ€etaa0ﬁrau
546 2872 741 2916 Corrigendum
753 2879 785 2899 ex
796 2870 914 2906 Josepho
925 2875 980 2899 cst:

267 2918 342 2944 ρχης-

267 2918 342 2946 ρχης-

1333 2429 1445 2457 CAPUT
1462 2428 1526 2455 νιιι.

1160 2477 1202 2504 Ex
1220 2477 1334 2503 Diodoro
1348 2477 1373 2502 in
1384 2476 1501 2502 eamdem
1516 2474 1679 2501 snttentiam.

1075 2535 1084 2551 ι
1101 2524 1157 2557 llis,
1174 2524 1272 2558 inquit,
1288 2531 1303 2549 a
1318 2522 1395 2549 nobis
1404 2521 1544 2555 diligenter
1553 2519 1710 2551 enucleatis,
1728 2523 1818 2546 osten-

1036 2571 1154 2599 dendum
1172 2570 1251 2597 nobis
1264 2575 1315 2600 est,
1331 2576 1412 2603 quam
1428 2567 1505 2594 multi
1522 2565 1677 2593 Grzecorum
1699 2573 1753 2592 non
1768 2565 1819 2591 mi-

1037 2625 1088 2643 nus
1115 2615 1278 2651 prudentia,
1305 2621 1386 2648 quam
1412 2612 1564 2639 eruditione
1595 2615 1762 2645 przestautes,
1790 2611 1817 2636 in

1036 2662 1182 2697 {Egyptum
1198 2661 1263 2687 olim
1283 2659 1395 2695 profecti
1411 2659 1475 2691 sint,
1495 2663 1523 2684 ut
1537 2657 1596 2692 ejus
1615 2657 1707 2692 populi
1727 2664 1818 2683 mores

1035 2708 1220 2742 doctrinaeque
1234 2714 1319 2742 genus
1336 2709 1540 2741 cognoscerent.
1557 2703 1700 2730 Enimvero
1725 2710 1817 2729 sacer-

1035 2755 1111 2781 dotes
1131 2753 1249 2788 Egypt“
1274 2759 1414 2779 sacrorum
1431 2751 1560 2778 librorum
1578 2749 1738 2776 auctoritate
1753 2756 1817 2775 con-

1037 2802 1155 2831 ﬁrmant.
1183 2800 1216 2826 ad
1234 2807 1299 2826 suos
1323 2798 1461 2832 Orpheum
1487 2796 1643 2831 aliquando,
1664 2794 1792 2821 Musa-uni
1809 2813 1817 2824 ι

1072 2868 1127 2903 (43)
1146 2866 1299 2903 Τούτωνᾉδ
1314 2865 1399 2903 ἡμῖν-ζ
1409 2865 1517 2903 Diodo_ri
1534 2865 1610 2893 locus
1631 2867 1671 2891 est
1685 2871 1719 2891 ex
1742 2862 1789 2889 lib.

1035 2900 1240 2938 Biblidth.,pag.
1252 2901 1367 2935 86,edit.
1381 2900 1550 2930 Graeco—Lat.
1594 2931 1597 2934 ν
