2091 3208
223 157 277 186 805

800 161 960 190 PRIEPAR.
979 161 1105 191 EVA-NG.
1126 161 1191 190 LIB.
1211 161 1248 189 Χ.

1793 162 1846 191 806

224 217 296 253 ριίου
322 216 369 243 τοῦ
393 217 505 252 Περσῶν
532 213 680 253 βασιλέως,
706 219 752 246 καὶ
778 220 828 254 τῆς
848 220 908 246 κατ’
929 219 1001 246 αὐτδι

1060 226 1123 253 gere
1134 217 1262 251 voluerit,
1281 222 1310 244 ut
1325 225 1373 251 per
1387 216 1530 251 superiora
1551 222 1625 245 retro
1649 221 1783 253 tempora.
1811 220 1845 247 ad

222 262 396 294 ἀνανεώσεως
408 263 455 289 τοῦ
471 264 499 290 ἐν
517 264 709 300 Ἰεροσολύμοις
725 264 786 296 νεὼ,
799 265 815 300 ἢ
829 265 923 299 γέγονε
941 265 1008 300 μετὰ

222 308 271 344 τὴν
286 309 340 336 ἀπὺ
360 309 518 341 Βαϐυλῶνος
540 311 667 337 ἐπάνοδον
681 311 728 337 τοῦ
750 312 884 339 Ἰουδαίων
902 311 1006 343 ἔθνους

222 355 296 390 εὖροι
320 354 353 382 ἂν
378 355 431 382 ἀπὸ
456 356 579 392 Τιϐερίου
607 357 652 382 ἐπὶ
677 358 706 383 ’τὸ
727 357 850 393 δεύτερον
876 358 933 389 ἔτος
958 358 1009 383 Δα-

223 400 297 436 ρείου
341 399 387 435 ἔτη
421 403 499 435 φμη’.
534 401 644 435 Δαρείου
682 402 729 436 μὲν
753 402 807 437 γὰρ
830 402 859 428 τὸ
884 402 1008 437 δεύτερον

221 445 292 472 κατὰ
305 445 334 471 τὸ
350 445 456 480 πρῶτον
476 445 535 477 ἔτος
549 445 598 480 τῆς
615 447 650 480 ge
667 447 846 483 Ὀλυμπιάδος
870 448 1006 483 καταντᾷ”

222 489 347 524 Τιϐερίου
361 489 388 516 δὲ
401 490 431 516 τὸ
445 491 682 518 πεντεκαιδέκατον
703 493 751 528 τῆς
771 492 912 528 Ῥωμαίων
934 493 1008 528 βασι-

221 535 295 567 λείας
319 535 388 562 κατὰ
409 536 438 563 τὸ
466 536 486 562 δ’
506 537 556 571 τῆς
578 541 619 571 σγ¹
641 537 818 573 Ὀλυμπιάδος
846 538 1006 573 συμπίπτει.

222 581 343 608 Γίνονται
356 582 444 608 τοίνυν
460 583 488 608 αἱ
504 583 605 618 μεταξὺ
625 584 737 619 Δαρείου
760 584 805 610 τοῦ
828 584 943 620 Πέρσου,
962 585 1008 611 καὶ

222 626 347 663 Τιϐερίου
366 626 413 653 τοῦ
433 627 575 662 Ῥωμαίων
599 628 727 662 βασιλέως
747 628 926 663 Ὀλυμπιάδες
941 628 1006 664 ρλξ¹,

222 674 249 700 αἲ
263 674 405 708 συνάγουσι
417 675 511 710 χρόνον
523 675 590 701 ἐτῶν
601 678 677 711 φμη¹,
690 676 846 711 τετραετίας
860 677 892 710 τῇ
911 676 1008 711 Ὀλυμ-

222 721 294 747 mam
309 720 494 756 λογιζομένης.
518 722 593 748 Ἐπεὶ
615 722 643 748 δὲ
665 722 735 748 κατὰ
752 722 782 748 τὺ
801 721 926 756 δεύτερον
948 723 1008 754 ἔτος

222 766 333 802 Δαρείου
345 767 376 793 τὸ
392 767 587 802 ἑϐδομηκοστὸν
601 768 706 804 ὑπῆρχε
722 768 771 803 τῆς
788 768 904 804 ἐρημίας
916 768 962 794 τοῦ
979 769 1007 794 έν

228 812 420 848 Ἰεροσολύμοις
437 812 499 844 νεὼ,
516 812 604 845 καθὼς
619 814 653 840 τὰ
676 815 724 849 τῆς
742 814 872 850 Ἐϐραίων
887 814 1007 850 ἱστορίας

222 858 378 894 ταρίστησι,
393 859 538 886 κάντεῦθεν
559 859 638 885 πάλιν
659 861 871 896 ἀνατρεχοντων,
886 861 939 887 ἀπὸ
958 860 1006 896 μὲν

1060 262 1170 289 Darium
1182 269 1268 297 usque
1281 261 1425 289 Persarum
1441 269 1542 296 regem,
1553 266 1581 289 et
1594 262 1775 290 instauratum
1788 262 1849 291 Hie-

1060 307 1205 342 rosolymis
1218 307 1270 334 sub
1289 314 1322 334 eo
1336 307 1484 341 templum,
1503 307 1530 334 id
1553 307 1626 342 quod
1650 313 1712 343 post
1740 307 1847 336 Judaiei

1059 354 1195 388 populiex
1228 353 1366 388 Babylone
1387 353 1505 380 reditum
1527 353 1649 388 contigit,
1676 356 1847 382 numerando

1058 400 1214 434 perveniat;
1230 400 1252 427 is
1269 407 1284 426 a
1302 399 1412 426 Tiberio
1435 399 1469 426 ad
1493 398 1567 426 Darii
1578 400 1729 428 secundum
1740 421 1747 434 ,
1760 409 1847 428 annos

1058 445 1171 472 omnino
1198 445 1316 480 reperiat
1338 445 1503 480 quingentos
1525 450 1552 473 et
1575 446 1758 482 quadraginta
1772 453 1845 474 octo.

1058 491 1125 518 Nam
1138 491 1211 518 Darii
1224 491 1335 526 quidem
1354 492 1491 519 secundus
1507 492 1534 519 in
1548 493 1668 527 primum
1683 493 1847 529 Olympiadis

1058 537 1234 571 sexagesima
1256 537 1367 571 quintae,
1387 538 1493 573 imperii
1509 546 1574 566 vero
1599 538 1701 567 Tiberii
1724 540 1847 570 decimus

1058 583 1169 617 quintus
1184 578 1354 618 in'quartum
1371 584 1564 612 ducentesima),
1576 586 1662 613 tertia:
1684 586 1848 622 Olympiadis

1058 629 1182 657 incurrit.
1201 630 1336 663 Quocirca
1360 630 1473 658 Darium
1498 630 1609 659 Persam
1623 632 1704 666 inter,
1718 640 1751 660 ac
1766 632 1848 660 Tibe-

1058 677 1130 702 rium
1146 675 1333 704 Romanorum
1351 677 1671 712 imperatorem,eentum
1685 686 1718 707 ac
1734 679 1846 715 triginta

1058 727 1162 757 septem
1174 723 1344 757 olympiadas
1360 723 1543 756 intercedunt,
1561 732 1623 759 qua:
1642 732 1778 753 summam
1796 734 1847 753 an-

1041 773 1046 781 '
1057 774 1156 794 norum
1170 768 1382 803 quingentorum
1390 773 1416 796 et
1427 770 1608 804 quadraginta
1617 774 1678 798 octo
1686 771 1845 804 conﬁciunt,

1057 813 1237 848 quadriennio
1247 815 1361 850 singulis
1373 815 1572 850 olympiadibus
1581 817 1722 846 attribute.
1733 817 1766 845 Et
1778 826 1847 853 quo-

1057 858 1131 885 niam
1149 858 1222 886 Darii
1239 860 1378 888 secundus
1404 869 1504 893 annus,
1521 869 1583 889 cum
1606 861 1846 899 Hierosolymitani

219 904 266 931 τοῦ
282 905 408 940 δευτέρου
423 905 499 937 ἔτους
514 907 625 941 Δαρείου
647 907 692 932 ἐπὶ
712 907 761 942 τὴν
778 907 888 942 πρώτην
911 907 1001 942 Ὀλυμ⁴

1059 905 1152 939 templi
1180 905 1316 933 vastitatis
1341 907 1542 941 septuagesimo
1567 908 1735 943 congruebat
1760 914 1789 936 ut
1812 917 1846 936 ex

221 951 302 977 πιὰδα
315 951 361 986 ἔτη
380 951 514 986 συνάγοιτ“
531 952 563 978 ἂν
590 956 659 985 σνς’,
689 953 867 988 Ὀλυμπιάδες
891 953 939 985 ξδ’·
963 962 1007 979 το-

221 996 307 1024 σαῦτα
326 997 348 1024 δ’
367 997 400 1024 ἂν
423 997 512 1032 εὕροις
526 998 559 1024 τὰ
586 999 639 1025 ἀπὸ
655 998 702 1025 τοῦ
726 999 839 1026 ὑστάτου
861 999 937 1032 ἔτους
957 1002 1005 1036 τῆς

220 1042 335 1078 ἐρημίας
352 1043 398 1069 τοῦ
412 1043 575 1078 δηλωθέντος
590 1044 662 1080 ἱεροῦ
685 1045 732 1071 ἐπὶ
748 1045 778 1071 τὸ
800 1049 821 1072 ν’
842 1046 901 1077 ἔτος
918 1045 1005 1077 Ὀζίου

219 1087 266 1114 τοῦ
282 1088 336 1114 τῶν
356 1089 488 1115 Ἰουδαίων
506 1089 637 1124 βασιλέως
657 1090 749 1123 ἀνιὼν,
763 1091 824 1117 καθ’
837 1091 866 1118 ὃν
884 1092 1005 1127 προεφή-

218 1140 295 1159 τευον
316 1133 427 1165 Ἡσαΐας
447 1135 494 1160 καὶ
517 1134 603 1170 Ὼτηὲ,
619 1136 675 1162 ὅσοι
699 1145 726 1162 τε
754 1136 856 1168 τούτοις
878 1137 1005 1171 γεγόνασι

220 1177 378 1215 σύγχρονοι·
402 1179 465 1206 ὥστ’
488 1178 557 1207 εἶναι
582 1181 630 1216 τὴν
651 1182 762 1218 πρώτην
785 1182 845 1209 καθ’
871 1183 1004 1221 Ἕλληνας

225 1225 392 1260 Ὀλυμπιάδα
406 1226 552 1262 σύνδρομον
572 1226 609 1262 τῷ
626 1229 752 1264 προφήτῃ
773 1228 870 1264 Ἡσαΐᾳ
886 1229 934 1255 καὶ
949 1232 1004 1259 τοῖς

218 1271 313 1298 τούτου
329 1273 493 1308 συγχρόίοις.
510 1273 592 1300 Πάλιν
603 1273 630 1299 δὲ
646 1274 697 1300 ἀπο
711 1274 758 1308 τῆς
775 1274 886 1309 πρώτης
906 1273 1004 1309 Ὀλυμ-

218 1318 321 1349 πιὰδος,
339 1318 384 1344 ἐπὶ
406 1318 469 1350 τοὺς
494 1318 646 1354 ἔμπροσθεν
672 1319 754 1345 ἀνιὼν
780 1319 901 1354 χρόνους,
924 1320 1003 1355 μέχρι

216 1363 266 1398 τῆς
286 1363 361 1390 Ἰλίου
384 1363 508 1396 ἁλώσεως
527 1365 653 1400 εὑρήσεις
670 1365 716 1400 ἔτη
735 1365 1003 1401 συγκεφαλαιούμενα

217 1411 268 1444 υη⁷,
283 1409 321 1440 ὡς
334 1410 362 1435 αἱ
378 1410 569 1445 παρ’”Ἒλλησι
580 1411 633 1437 τῶν
647 1411 748 1446 χρόνων
758 1411 913 1446 ἀναγραφαὶ
926 1421 1004 1447 περι-

216 1455 316 1490 έχουσι.
334 1456 388 1482 Καὶ
405 1455 465 1482 καθ’
483 1456 633 1491 Ἑϐραίους,
660 1457 713 1483 ἀπὸ
732 1457 913 1492 πεντηκοστοῦ
930 1457 1004 1488 ἔτους

222 1500 309 1534 ὀξίου
325 1502 372 1528 τοῦ
389 1502 521 1529 Ἰουδαίων
541 1502 672 1537 βασιλέως
697 1503 778 1529 ἀνιὼν
799 1504 844 1529 ἐπὶ
864 1504 894 1530 τὸ
914 1504 1004 1539 τρίτον

215 1547 274 1579 ἔτος
292 1547 403 1574 Δαὸδὼν
420 1550 485 1584 παρ’
506 1549 640 1584 Ἑϐραίοις
662 1549 808 1584 γενομένου
827 1549 931 1585 κριτοῦ,
959 1550 1003 1576 τὸν

216 1593 272 1620 ἴσον
300 1594 423 1626 συνάξεις
445 1595 559 1630 ἀριθμὸν
591 1595 657 1621 ἐτῶν
681 1599 737 1630 un"
764 1595 828 1622 ὥστ’
857 1593 925 1622 εἶναι
955 1596 1002 1632 τὴν

221 1641 297 1668 Ἰλίου
311 1641 409 1668 ἅλωσιν
424 1642 493 1668 κατὰ
508 1642 570 1673 τοὺς
584 1641 695 1668 Λαϐεὼν
709 1642 756 1668 τοῦ
774 1641 866 1677 κριτοῦ
881 1642 1001 1677 χρόνους,

214 1687 284 1714 ἑπτὰ
305 1687 377 1713 ἔτεσι
397 1687 556 1723 πρότερονῆ
573 1687 691 1722 Σαμψὼν
714 1687 793 1722 ἄρξαι
816 1686 956 1722 Ἐϐραίων,
973 1687 1002 1713 ὂν

214 1734 285 1761 κατὰ
296 1734 344 1769 τὴν
358 1734 404 1760 τοῦ
423 1734 547 1770 σώματος
570 1735 654 1766 ἀλκὴν
681 1734 864 1760 ἀνυπόστατον
878 1734 1002 1768 γενέσθαι

214 1782 306 1816 φασιν,
321 1781 426 1808 ἐοικότα
443 1781 482 1817 τῷ
495 1781 623 1816 βοωμένῳ
637 1781 700 1816 παρ’
718 1780 846 1814 Ἕλλησιν
863 1780 999 1816 Ἡρακλεῖ.

213 1827 269 1854 Καὶ
284 1827 406 1853 ἐντεῦθεν
417 1827 445 1853 δὲ
458 1828 503 1854 ἐπὶ
516 1828 578 1859 τοὺς
589 1827 716 1861 ἀνωτέρω
733 1826 856 1862 βαδίζων,
872 1827 899 1852 ὲν
911 1826 1001 1861 ταύτῷ

213 1881 242 1899 τε
259 1872 417 1907 συναγαγὼν
437 1873 550 1908 ἀριθμὸν
571 1873 639 1898 ἐτῶν
654 1876 686 1903 υ’,
713 1872 802 1907 εὕροις
818 1872 850 1898 ἂν
866 1872 937 1898 κατὰ
953 1872 1001 1907 μὲν

219 1917 358 1954 Ἐϐραίους
375 1919 502 1951 Μωῦσέα,
522 1919 591 1945 κατὰ
613 1919 640 1945 δὲ
655 1918 787 1954 ’Έλληνας
809 1918 938 1953 Κέκροπα
956 1918 1001 1944 τὸν

212 1962 326 2000 γηγενῆ.
341 1964 490 1999 Κατώτερα
509 1964 536 1990 δὲ
552 1964 606 1990 τῶν
620 1964 762 1999 Κέκροπος
780 1964 923 1998 ἱστορεῖται
937 1964 1001 1998 χρό-

211 2015 265 2033 νων
279 2006 313 2033 τὰ
323 2007 388 2043 παρ’
401 2007 511 2043 Ἕλλησι
525 2006 727 2043 Οαυμαζόμενα.
748 2007 852 2033 Γίνεται
863 2008 917 2043 γὰρ
933 2009 1001 2043 μετὰ

211 2048 342 2088 Κέκροπα
363 2053 377 2078 ὁ
400 2053 470 2079 κατὰ
494 2053 665 2080 Δευκαλίωνα
692 2054 892 2089 κατακλυσμὸς,
919 2055 965 2081 καὶ
983 2057 999 2090 ἡ

210 2098 258 2125 ἐπὶ
279 2098 425 2130 Φαέθοντος
448 2099 618 2135 ἐκπύρωσις,
639 2100 801 2135 Ἐριχθονίου
827 2109 856 2127 τε
883 2101 998 2135 γένεσις,

210 2144 302 2180 Κόρης
315 2153 344 2171 τε
369 2145 490 2181 ἁρπαγὴ,
512 2146 558 2172 καὶ
579 2146 721 2182 Δήμητρος
743 2147 887 2182 μυστήρια,
910 2148 999 2174 Ἐλευ-

211 2190 302 2216 σινίων
319 2190 432 2226 ἵδρυσις,
448 2191 634 2226 Τριπτολέμου
652 2193 783 2227 γεωργία,
802 2192 934 2228 Εὐρώπης
947 2194 998 2220 ὑπὸ

1016 1579 1041 1610 0

1058 950 1235 978 Hebraeorum
1253 951 1368 979 historia
1384 953 1470 987 liquet
1489 963 1495 980 :
1514 954 1536 981 si
1549 954 1663 989 gradum
1681 955 1764 982 etiam
1783 956 1847 983 inde

1057 1001 1130 1024 retro
1142 997 1244 1030 ﬂectas,
1260 999 1294 1024 ab
1304 1006 1377 1025 anno
1393 999 1466 1026 Darii
1479 1001 1599 1028 secundo
1615 1001 1648 1028 ad
1665 1002 1782 1036 primam
1801 1011 1846 1030 us-

1056 1051 1110 1078 que
1123 1043 1311 1079 Olympiadem
1327 1045 1393 1072 anni
1412 1046 1530 1074 conﬁent
1547 1055 1643 1074 omnes
1662 1048 1847 1083 quinquagin-

1058 1093 1084 1116 ta
1107 1097 1154 1116 sex
1167 1097 1250 1124 supra
1263 1090 1405 1122 ducentos,
1425 1091 1593 1127 olympiades
1606 1100 1672 1120 vero
1689 1098 1807 1128 quatuor
1818 1098 1846 1120 et

1057 1134 1214 1169 sexaginta;
1228 1140 1294 1169 quot
1304 1135 1384 1170 plane
1393 1136 1426 1163 ab
1441 1137 1538 1164 ultimo
1552 1138 1638 1166 excisi
1652 1140 1745 1174 templi
1761 1148 1844 1172 anno,

1056 1181 1090 1208 ad
1106 1180 1177 1208 Osizc
1188 1180 1346 1208 Judmorum
1368 1183 1441 1217 regis
1463 1184 1722 1219 quinquagesimum
1750 1194 1846 1214 nume-

1057 1231 1237 1261 rantur;quo
1262 1231 1382 1261 tempore
1407 1228 1490 1264 484.
1513 1228 1608 1262 lsaias,
1624 1230 1719 1264 Oseas,
1744 1232 1845 1266 aliique

1057 1274 1199 1301 amborum
1212 1274 1330 1309 :equales
1354 1277 1492 1310 prophetat
1506 1276 1674 1304 claruerunt.
1692 1278 1730 1305 Ita
1755 1279 1845 1314 prima

1061 1319 1218 1347 Graecorum
1232 1321 1366 1355 Olympias
1377 1329 1439 1348 eum
1454 1322 1523 1349 Isaia
1539 1328 1566 1350 ct
1587 1323 1673 1358 ipsius
1692 1325 1844 1359 aequalibus

1056 1367 1192 1401 congruit.
1209 1367 1314 1395 Rursus
1334 1368 1381 1402 qui
1396 1368 1429 1394 ad
1453 1369 1595 1403 superiora
1610 1376 1732 1406 tempora
1747 1379 1843 1399 recur-

1060 1419 1120 1438 rere
1151 1412 1274 1444 voluerit,
1292 1413 1315 1440 is
1339 1413 1372 1439 ab
1393 1413 1546 1448 Olympiade
1563 1415 1650 1449 prima
1673 1416 1707 1443 ad
1736 1422 1843 1452 captam

1055 1464 1143 1492 usque
1155 1457 1275 1493 Trujam,
1291 1467 1425 1487 annorum
1441 1468 1576 1487 summam
1588 1461 1714 1489 conﬁciet
1724 1467 1786 1490 octo
1797 1472 1845 1491 su-

1055 1511 1103 1538 pra
1131 1504 1364 1539 quadringentos,
1391 1514 1471 1540 quem
1486 1514 1629 1534 numerum
1656 1507 1843 1544 chronologiei

1056 1549 1212 1577 Graecorum
1234 1552 1422 1580 commentarii
1436 1557 1641 1586 repraesentant.
1661 1553 1794 1581 Similiter
1809 1563 1841 1581 a-

1056 1596 1109 1629 pud
1129 1595 1267 1631 llebra‘os,
1289 1597 1323 1624 ab
1338 1597 1409 1625 Osiae
1426 1597 1581 1625 Judmorum
1611 1599 1682 1634 regis
1706 1601 1841 1635 quinqua-

1055 1643 1169 1676 gesimo,
1186 1644 1208 1670 si
1232 1645 1345 1679 gradum
1364 1645 1397 1672 ad
1425 1644 1561 1673 Labdonis
1583 1645 1688 1674 Hebrtci
1702 1649 1842 1682 quondam

1052 1688 1153 1723 judicis
1170 1691 1279 1717 tertium
1294 1690 1400 1723 ieceris,
1415 1692 1546 1726 aequalem
1556 1700 1690 1720 annorum
1710 1695 1842 1729 quadrin-

1054 1736 1196 1769 gentorum
1210 1741 1237 1763 et
1250 1742 1310 1763 octo
1329 1744 1474 1764 numerum
1491 1738 1611 1773 colliges.
1626 1739 1715 1774 Atque
1731 1740 1766 1767 ita
1791 1742 1843 1768 sub

1053 1780 1192 1809 Labdonis
1209 1783 1312 1817 judicis
1330 1788 1452 1818 tempora
1475 1783 1551 1811 Ilium
1568 1785 1660 1819 fuerit,
1675 1791 1777 1821 septem
1793 1795 1842 1814 an—

1053 1827 1096 1854 nis
1109 1832 1255 1863 antequam
1272 1829 1387 1856 Samson
1402 1829 1523 1857 Hebr-tuis
1539 1831 1693 1866 imperaret,
1708 1841 1788 1868 quem
1805 1836 1843 1860 vi-

1052 1872 1128 1900 ribus
1140 1875 1262 1908 corporis
1279 1875 1345 1901 nihil
1356 1883 1408 1902 non
1418 1883 1574 1909 superasse,
1585 1877 1708 1913 adeoque
1716 1879 1840 1907 omnium

1052 1927 1099 1946 ore
1123 1919 1225 1954 jactato
1247 1919 1402 1948 Gnecorum
1434 1921 1543 1949 Herculi
1565 1924 1730 1957 persimilem
1754 1925 1841 1954 fuisse

1052 1965 1172 1992 tradunt.
1200 1965 1302 1998 Quodsi
1314 1967 1347 1993 ab
1364 1967 1409 1993 illo
1422 1972 1551 2002 tempore,
1566 1977 1652 1997 annos
1662 1979 1757 1999 rursus
1771 1981 1840 2007 qua-

1051 2010 1206 2045 dringentos
1218 2019 1326 2039 sursum
1333 2007 1335 2010 ⁴
1343 2020 1435 2040 versus
1442 2016 1760 2052 numeraverisJMysem
1769 2020 1840 2052 apud

1053 2055 1189 2090 llehrmos,
1204 2058 1274 2092 apud
1292 2058 1401 2086 Grtecos
1414 2059 1563 2094 Cecropem
1580 2062 1656 2088 illum
1674 2063 1838 2098 terrigenam

1051 2104 1169 2138 reperies
1187 2112 1193 2131 :
1211 2112 1265 2139 quo
1284 2105 1393 2140 quidem
1409 2107 1560 2134 recentiora
1574 2115 1644 2141 esse,
1668 2116 1839 2145 quaecunque

1051 2149 1136 2177 Graeci
1149 2155 1289 2186 tantopere
1304 2152 1454 2184 celebrant,
1470 2161 1551 2181 nemo
1566 2162 1620 2182 non
1643 2154 1752 2183 fatetur.
1770 2155 1838 2183 Nam

1050 2201 1111 2231 post
1127 2196 1216 2231 illum,
1234 2197 1409 2226 Deucalionis
1434 2199 1581 2233 diluvium,
1599 2200 1776 2230 Phaethontis
1798 2203 1840 2230 in-

209 2236 270 2268 Διὸς
284 2237 405 2273 ἁρπαγὴ,
427 2237 592 2270 ’Λπόλλωνος
609 2239 724 2273 γένεσις,
747 2239 857 2275 Κάδμου
881 2240 926 2266 ἐπὶ
943 2240 998 2276 Θή-

1054 2244 1187 2276 eendium,
1201 2250 1276 2272 ortus
1286 2244 1467 2280 Erichthonii,
1482 2246 1653 2282 Proserpina:
1667 2253 1772 2283 raptus,
1783 2258 1840 2285 my-

208 2281 261 2314 σας
271 2284 414 2319 παρουσία,
426 2285 472 2311 καὶ
486 2284 524 2310 ἔτι
543 2284 643 2312 τούτων
656 2285 782 2321 νεώτεροι
800 2286 933 2318 Διόνυσος,
946 2287 997 2312 Μί-

207 2337 272 2362 νως,
293 2330 424 2366 Περσεὺς,
455 2331 631 2366 Ἀσκληπιὸς,
656 2332 829 2368 Διόσκουροι,
848 2333 993 2368 Ἡρακλῆς.

207 2375 317 2402 Τούτων
329 2375 351 2402 δ’
363 2376 489 2404 ἁπάντων
510 2377 692 2413 πρεσϐύτερος
707 2378 825 2412 γεγονὼς
841 2381 996 2406 συνίσταται.

207 2422 337 2458 Μωῡσῆς,
352 2421 389 2454 ὡς
406 2422 438 2449 ἂν
451 2421 522 2448 κατὰ
533 2422 662 2458 Κέκροπα
674 2424 723 2459 τὴν
736 2424 843 2459 ἡλικίαν
857 2426 995 2460 ἀκμάσας.

211 2468 280 2494 Ἀπὸ
295 2467 324 2494 δὲ
340 2469 478 2501 Μωῦσέως
495 2469 575 2495 πάλιν
588 2468 669 2496 ἀνιὼν
689 2470 735 2495 ἐπὶ
761 2470 791 2496 τὸ
813 2471 921 2506 πρῶτον
937 2471 995 2503 ἔτος

207 2513 280 2550 ζωῆς
294 2514 429 2550 Ἀϐραὰμ,
441 2515 567 2551 εὑρήσεις
577 2514 624 2550 ἔτη
645 2519 695 2549 φε’·
707 2515 826 2542 τοσαῦτα
843 2516 870 2542 δὲ
882 2517 935 2543 ἀπὺ
946 2517 994 2543 τοῦ

206 2560 372 2597 δηλωθέντος
396 2560 472 2593 ἔτους
491 2562 541 2596 τῆς
557 2561 698 2596 Κέκροπος
723 2561 860 2597 βασιλείας
878 2563 992 2599 (58-59),

204 2608 252 2635 τὸν
282 2607 410 2643 ἀνωτέρω
436 2608 529 2643 χρόνον
559 2607 814 2643 ἀπαριθμούμενος,
838 2609 884 2636 ἐπὶ
915 2610 994 2636 Νῖνον

203 2653 281 2690 ἥξεις
302 2654 347 2681 τὸν
367 2655 511 2690 Ασσύριον,
534 2655 562 2681 ὃν
585 2654 692 2691 πρῶτον
714 2663 794 2690 φασιν
815 2656 923 2691 ἀπάσης
945 2658 994 2692 τῆς

211 2699 305 2730 Ἀσίας
323 2699 391 2735 πλὴν
405 2699 492 2726 Ἰνδῶν
514 2700 713 2735 κεκρατηκέναι
726 2709 732 2715 ⁸
747 2697 778 2727 οὗ
796 2701 875 2732 Νῖνος
890 2701 994 2727 ἐπώνυ-

206 2752 256 2780 μος
266 2745 378 2781 πόλις,ἠ
391 2745 483 2772 Νινευῒ
496 2747 561 2781 παρ’
575 2745 708 2780 Ἑϐραίοις
718 2746 885 2781 ὠνόμασται,
896 2748 956 2774 καθ’
964 2748 993 2774 ὃν

205 2791 386 2829 Ζωροάστρης
400 2793 413 2819 ὀ
428 2793 521 2826 Μάγος
535 2792 675 2828 Βακτρίων
690 2792 856 2819 ἐϐασίλευσε.
874 2794 953 2820 Νίνου
965 2794 992 2820 δὲ

1052 2290 1134 2317 steria
1158 2290 1277 2324 Cereris,
1294 2290 1494 2319 Eleusiniorum
1512 2293 1658 2326 institutio,
1680 2293 1839 2329 Triptolemi

1052 2334 1346 2370 agricultura,Europ:e
1358 2337 1391 2364 ab
1402 2335 1468 2364 Jove
1479 2339 1686 2372 raptus,natalis
1694 2338 1838 2374 Apollinis,

1051 2379 1144 2406 Cadmi
1162 2381 1233 2414 apud
1247 2381 1391 2409 Thebanos
1405 2382 1548 2414 adventus,
1565 2389 1646 2418 atque
1663 2384 1697 2411 iis
1708 2385 1839 2413 onmibns

1047 2425 1168 2459 iuniores
1178 2425 1310 2458 Bacchus,
1322 2426 1420 2460 Minos,
1433 2426 1559 2462 Perseus,
1575 2429 1761 2465 Escrilapius,
1775 2432 1828 2459 Cas

1050 2477 1150 2504 tor,‘ct
1164 2471 1273 2505 Pollux,
1291 2476 1318 2499 et
1330 2471 1460 2502 Hercules
1479 2475 1618 2502 exstitere.
1635 2475 1709 2508 Quos
1724 2477 1838 2511 proinde

1049 2517 1166 2553 Moyses,
1195 2526 1257 2545 cum
1285 2519 1414 2554 Cecropis
1436 2524 1558 2554 tempore
1583 2520 1725 2554 ﬂoruerit,
1759 2528 1837 2550 aetate

1049 2571 1143 2591 omnes
1156 2564 1275 2591 anteivit.
1286 2564 1371 2592 Porro
1380 2565 1402 2592 si
1411 2565 1445 2592 al)
1457 2566 1551 2593 eodem
1564 2566 1656 2602 Moyse
1667 2567 1699 2594 ad
1717 2567 1836 2602 primum

1050 2618 1136 2645 usque
1146 2610 1295 2637 Abrahami
1311 2612 1374 2638 vita:
1389 2619 1491 2638 annum
1518 2614 1684 2644 recurreris.
1700 2606 1841 2644 summanr

1048 2656 1158 2690 colliges
1172 2664 1306 2683 annorum
1319 2658 1441 2692 quinque
1453 2666 1535 2693 supra
1555 2660 1733 2694 quingentos;
1755 2660 1835 2687 item-

1047 2710 1110 2737 que,
1126 2702 1237 2730 totidcm
1254 2703 1287 2730 ab
1301 2703 1346 2731 illo
1359 2703 1490 2739 Cecropis
1508 2705 1584 2740 regni
1600 2713 1672 2733 anno
1692 2707 1833 2741 superiora

1047 2756 1143 2776 versus
1157 2753 1278 2783 tempora
1295 2749 1456 2781 numeratis,
1469 2749 1502 2776 ad
1511 2749 1610 2778 Ninum
1620 2751 1762 2787 Assyrium
1774 2760 1822 2787 per

1047 2795 1150 2824 venies.
1162 2802 1243 2829 quem
1259 2795 1382 2823 omnium
1401 2796 1550 2839 principem
1563 2801 1620 2825 tota
1636 2798 1737 2840 passim
1750 2798 1815 2842 ῥεια

239 2907 345 2941 (58-59)
365 2909 533 2941 Βασιλείας.
551 2909 710 2938 Addeudum
727 2909 787 2942 ἐπε,
805 2909 845 2936 vel
861 2909 910 2942 εἰς,
932 2915 994 2938 ante
1013 2907 1058 2936 τὸν
1070 2909 1140 2937 dum
