2091 3208
278 163 333 192 807

616 161 751 190 EUSEBU
770 161 1010 202 CESARIENSE
1025 160 1100 189 OPP.
1121 160 1211 188 PARS
1225 160 1257 187 ll.
1272 175 1308 180 —
1319 159 1571 189 APOLOGETICA.

1845 162 1900 192 808

279 223 303 251 si
319 228 409 250 tamen
423 221 505 249 indos
525 219 656 255 excipias,
672 219 841 247 dominatum
857 227 918 247 esse
939 219 1054 247 tradunt.

1110 218 1189 254 γυνὴ,
1198 227 1244 245 χαι
1254 217 1375 253 διάδοχος
1387 220 1438 254 τῆς
1446 217 1593 253 βασιλείας,
1601 213 1753 255 Σεμίραμις
1760 228 1770 236 ·
1783 219 1848 247 ὥστ’
1858 219 1895 248 εἷ-

278 267 382 295 Νοωοη
397 267 431 295 ab
446 275 479 294 eo
492 266 577 292 Ninus
590 265 698 296 civitas,
715 272 798 299 quam
813 263 929 290 Niniven
953 262 1059 290 Hebraei

277 319 386 347 vocant,
398 312 511 347 accepit,
523 311 702 346 ejusdemque
713 310 883 345 temporibus
897 309 1060 337 Zoroastres

279 360 322 386 ille
333 366 426 393 magus
442 357 592 384 Bactrianis
609 356 770 390 imperabat.
787 354 848 381 Nini
860 363 929 382 uxor
939 354 1059 381 Semira-

277 406 329 432 mis
356 404 442 431 eidcm
473 402 604 429 successit
624 402 650 428 in
679 409 813 436 regnum:
836 408 952 434 quorum
980 405 1059 427 :etate

277 450 389 482 proinde
413 449 600 475 Abrahamum
613 448 715 474 vixisse
738 447 866 481 oportuit.
884 446 984 473 Verum
1002 447 1060 473 hazc

276 496 380 522 anobis
401 495 491 521 omnia
511 494 592 521 certis
618 494 787 529 argumentis
810 494 837 520 in
862 492 1059 527 Chronologicis

275 541 376 567 nostris
399 540 543 566 canonibus
565 539 688 567 confecta
707 540 835 574 reperies.
853 538 931 566 Nunc
949 539 1057 573 quidem

273 587 467 613 conﬁrmandae
481 586 582 621 Moysis
596 586 762 620 antiquitati,
778 585 811 612 ad
828 586 970 619 superiora
998 585 1056 617 illa,

274 640 358 658 unum
372 632 493 659 hominis
506 633 584 666 longe
595 640 657 658 cum
670 631 799 663 Hebraeis,
810 636 867 657 tum
882 631 965 658 ctiam
979 631 1057 658 nobis

274 678 467 710 inimicissimi,
485 684 566 713 atque
583 677 761 704 inl'cnsissimi
784 677 970 704 testimonium
994 677 1058 704 libet

273 723 354 759 485
370 724 517 759 adiungere
531 733 538 751 :
557 724 748 759 philosophum
766 724 840 750 illum
856 724 987 757 aaqualem
1007 730 1057 749 no—

274 776 360 796 strum
381 770 511 805 intelligo,
527 771 573 805 qui
590 778 622 797 eo
644 770 670 796 in
689 777 779 803 opere,
807 769 880 803 quod
905 775 1014 796 nostros
1031 769 1058 795 in

274 816 398 843 homines
415 817 453 843 vis
468 817 526 851 ejus
545 816 599 842 odii
617 815 829 851 magnitudoque
848 814 978 849 vulgavit,
1003 822 1057 841 non

274 861 354 887 modo
384 869 453 892 nos,
474 861 520 888 scd
541 860 668 888 Hebrmos
691 860 773 887 etiam
799 861 881 894 ipsos,
905 867 1008 886 necnon
1032 866 1059 886 et

273 906 405 941 Moysem,
422 907 625 941 prophetasque
648 910 709 940 post
731 906 805 932 illum
823 910 946 936 cmtcros,
962 905 1056 932 iisdem

273 951 446 977 contumeliis
462 950 594 977 oneravit.
609 949 675 976 Nam
691 950 727 975 ita
743 949 851 975 demum
867 952 1024 981 susceptum
1039 954 1054 973 a

273 997 353 1023 nobis
366 1001 568 1031 argumentum,
582 996 638 1029 ipsa
659 995 777 1021 hostium
791 993 961 1020 confessione
975 997 1058 1019 testa-

274 1047 341 1075 tum,
372 1043 441 1069 nihil
468 1043 595 1076 cniquam
622 1040 799 1067 dubitationis
823 1040 980 1066 relicturum
998 1047 1057 1066 esse

271 1090 389 1115 conlido.
411 1087 579 1122 Porphyrius
595 1087 676 1120 igitur
692 1086 761 1112 libro
784 1085 826 1111 sui
850 1085 993 1111 adversum
1008 1092 1057 1111 nos

271 1135 363 1168 operis
374 1138 484 1168 quarto,
501 1134 573 1159 hunc
590 1133 615 1158 in
631 1132 752 1162 modum,
767 1130 855 1157 verbis
868 1130 979 1157 omnino
995 1130 1057 1156 toti-

272 1181 331 1206 dcm
348 1180 466 1214 loquitur
482 1189 488 1206 :
508 1188 516 1203 ι
538 1178 622 1204 Porro
636 1178 661 1203 in
678 1178 831 1209 scribenda,
850 1177 946 1210 inquit,
959 1184 1051 1203 rerum

271 1226 446 1253 Judaicarum
474 1224 598 1255 historia,
631 1223 753 1249 veritatis
781 1222 985 1248 amantissimus
1015 1226 1056 1248 est

272 1270 477 1299 Sancboniatho
497 1270 541 1296 ille
555 1269 689 1303 Berytius,
707 1268 806 1302 quippe
821 1267 867 1301 qui
888 1272 1056 1293 commenta-

272 1319 328 1344 rios
346 1325 407 1344 cnm
423 1324 516 1343 eorum
537 1315 593 1342 sive
609 1314 676 1341 locis
698 1314 755 1340 sive
769 1313 925 1340 nominibus
939 1312 1056 1339 maxime

272 1366 462 1397 congruentes,
480 1361 513 1387 ab
532 1359 705 1386 liierombalo
719 1358 828 1385 Jevonis
853 1358 895 1384 dei
915 1357 1056 1384 sacerdote

271 1407 406 1441 acceperit
419 1415 424 1432 :
439 1405 484 1440 qui
497 1412 574 1432 suam
586 1404 729 1431 historiam
744 1403 874 1430 Abclbalo
886 1401 1054 1437 Beryliorum

271 1453 326 1488 rogi
343 1456 537 1486 nuncupatam,
556 1459 618 1478 cuni
633 1450 671 1477 illi
686 1449 746 1484 ipsi,
765 1454 821 1475 tum
836 1448 868 1475 iis
887 1448 980 1480 etiam,
998 1448 1055 1482 qui-

272 1499 322 1525 hus
338 1499 364 1524 in
379 1497 544 1531 explorando
573 1503 637 1523 vero
670 1494 834 1522 consiliariis
849 1499 929 1528 atque
945 1494 1055 1521 arbitris

271 1544 408 1575 utebatur,
424 1542 556 1577 probavit.
572 1541 695 1574 Quorum
708 1548 772 1567 sane
791 1545 912 1574 tempora
929 1539 1055 1574 Troianis

269 1590 351 1617 etiam
367 1590 420 1616 illis
432 1589 586 1623 antiquiora
604 1593 677 1619 sunt,
698 1594 848 1621 parumque
874 1585 1021 1612 admodum
1036 1594 1051 1612 a

270 1635 370 1671 Moysis
384 1639 462 1662 etate
476 1634 658 1668 disjuncta,ut
668 1641 700 1659 ex
712 1632 859 1659 Phteniciae
874 1631 976 1667 Regum
991 1640 1054 1659 suc-

269 1681 392 1708 ccssione
418 1679 602 1714 cognoscitur.
630 1677 703 1705 idem
728 1682 818 1704 autem
837 1678 1052 1711 Sanchnniatho,

269 1726 317 1760 qui
333 1726 487 1753 universam
513 1725 666 1755 historiam,
683 1732 745 1751 cum
773 1732 807 1751 ex
833 1725 949 1759 publicis
965 1725 1052 1757 urbis,

269 1778 327 1800 tum
341 1780 356 1800 e
373 1772 459 1800 sacris
474 1771 573 1799 tabulis
585 1771 721 1802 haustam.
736 1778 844 1798 summo
858 1779 919 1798 cum
932 1772 1053 1799 veritatis

269 1818 361 1846 studio
386 1817 526 1845 Pht‘enicia
549 1817 640 1851 lingua
661 1816 834 1851 conscripsit,
865 1817 1053 1845 Semiramidis

268 1864 443 1899 Assyriorum
458 1863 558 1898 regina:
573 1863 740 1897 temporibus
755 1863 855 1889 ﬂoruit.
878 1873 887 1888 ι
905 1862 967 1890 Hzcc
986 1863 1054 1890 Por-

266 1910 391 1946 phyrius.
407 1909 445 1936 Ex
459 1910 558 1945 quibus
580 1910 615 1935 ita
631 1916 681 1936 nos
698 1909 855 1936 ratiocinari
871 1917 950 1944 posse
972 1909 1052 1936 intel—

268 1957 333 1991 ligo.
347 1955 375 1983 Si
391 1955 596 1983 Sancboniatho
617 1954 806 1982 Semiramidis
821 1956 989 1989 temporibus
1002 1955 1052 1983 ﬂo-

268 2003 333 2033 ruit,
351 2001 558 2029 Semiramidem
583 2009 648 2028 vero
677 2001 763 2028 multo
789 2006 851 2027 ante
867 2000 987 2035 Troiana
1008 2009 1051 2028 re-

267 2055 367 2083 gnasse
380 2051 499 2079 constat,
511 2046 606 2074 iisdem
621 2055 729 2081 quoque
743 2047 872 2073 vetustior
883 2046 1052 2073 Sancbonia-

266 2092 313 2119 tho
332 2091 424 2123 fuerit,
444 2099 555 2118 necesse
574 2095 625 2118 est.
648 2091 729 2125 Atqui
756 2097 817 2117 eum
845 2089 878 2116 ab
901 2089 962 2116 aliis
990 2096 1049 2115 sese

265 2138 356 2166 adhuc
371 2137 572 2172 antiquioribus
601 2136 813 2164 commentarios
836 2136 974 2170 accepisse
995 2140 1050 2161 tra-

266 2183 343 2215 dunt,
358 2183 404 2217 qui
418 2182 499 2209 etiam
512 2182 562 2216 ipsi
579 2181 680 2217 Moysis
694 2188 747 2207 non
760 2180 886 2214 aequales,
908 2180 954 2207 sed
968 2179 1048 2206 vicini

1069 1566 1090 1596 C

1114 273 1157 290 ναι
1173 264 1218 290 τὺν
1239 263 1365 300 Ἀϐραὰμ
1378 264 1447 291 κατὰ
1462 263 1583 295 τούτους.
1595 264 1688 291 Ταῦτα
1707 265 1756 301 μὲν
1769 263 1817 292 οὖν
1832 267 1899 293 ἀπο-

1114 310 1255 342 δεικτικῶς
1266 304 1356 342 ἐντοῖς
1366 310 1520 346 πονηθεῖσιν
1531 313 1595 348 ἡμῖν
1605 311 1759 345 Χρονικοῖς
1772 313 1899 339 κανόσιν

1115 355 1199 387 οὕτως
1220 355 1314 390 ἔχοντα
1335 357 1457 392 συνέστη.
1477 357 1537 384 Ἐπὶ
1559 357 1586 383 δὲ
1613 357 1659 384 τοῦ
1681 358 1812 393 παρόντος
1830 359 1897 393 πρὸς

1114 405 1169 434 τοῖς
1183 403 1335 438 εἰρημένοις
1358 403 1475 439 μάρτυρι
1495 405 1544 439 τῆς
1566 404 1711 436 Μωῡσὲως,
1723 404 1896 440 ἀρχαιότητος

1112 450 1247 484 χρήσομαι
1261 448 1299 483 τῷ
1310 449 1417 475 πάντων
1427 449 1631 485 δυσμενεστάτῳ
1644 451 1691 477 καὶ
1702 450 1897 487 πολεμιωτάτῳ

1116 496 1247 531 Ἐϐραίων
1261 505 1290 522 τε
1308 497 1354 523 καὶ
1369 497 1457 532 ἡμῶν,
1474 498 1544 533 φημὶ
1559 497 1586 523 δὲ
1600 497 1638 532 τῷ
1656 498 1715 524 καθ’
1728 499 1801 533 ἡμᾶς
1823 498 1896 533 φιλο-

1112 541 1200 575 σόφῳ,
1220 541 1249 572 ὃς
1261 541 1311 577 τὴν
1324 541 1383 568 καθ’
1403 542 1481 577 ἡμῶν
1495 543 1627 578 συσκευὴν
1645 543 1779 579 ὑπερϐολῇ
1802 544 1895 578 μίσους

1111 586 1339 621 προϐεϐλημένος,
1351 587 1381 613 οὐ
1394 587 1490 622 μόνους
1500 588 1583 622 ἡμᾶς,
1597 588 1664 614 ἀλλὰ
1676 590 1723 615 καὶ
1743 589 1894 624 Ἐϐραίους,

1112 632 1191 658 αὐτόν
1203 641 1231 658 τε
1246 632 1363 659 Μωῡσέα
1378 633 1424 659 καὶ
1437 634 1499 664 τοὺς
1516 634 1573 668 μετ’
1589 634 1669 660 αὐτὸν
1682 635 1822 669 προφήτας
1835 636 1895 666 ταῖς

1111 678 1182 709 ἴσαις
1211 678 1366 713 ὑπηγάγετο
1396 678 1570 714 δυσφημίαις.
1603 679 1650 706 Διὰ
1681 680 1734 715 γὰρ
1762 680 1810 715 τῆς
1840 680 1894 706 τῶν

1109 724 1213 759 ἐχθρῶν
1231 724 1372 759 ὁμολογίας
1389 725 1602 760 ἀναμξηρὶστως
1614 725 1732 761 ἠγοῦμαι
1748 725 1796 760 τὴν
1809 727 1894 760 ἐπαγ-

1109 770 1201 804 γελίαν
1225 770 1424 797 πιστώσασθαι.
1441 771 1540 805 Γράφει
1557 771 1646 797 τοίνυν
1663 772 1691 797 ἐν
1715 771 1753 806 τῷ
1774 771 1894 807 τετάρτῳ

1108 813 1157 848 τῆς
1169 813 1229 840 καθ’
1244 813 1321 849 ἡμῶν
1336 815 1468 849 συσκευῆς
1482 815 1496 840 6
1511 814 1663 850 Πορφύριος
1674 816 1792 850 ῥήμασιν
1803 816 1893 848 αὐτοῖς

1109 859 1186 886 τάδε·
1209 869 1218 886 ι
1235 860 1346 895 Ἱστορεί
1369 860 1397 886 δὲ
1415 860 1449 886 τὰ
1470 861 1532 895 περὶ
1554 861 1687 887 Ἰουδαίων
1703 861 1890 895 ἀληθέστατα.

1108 905 1148 931 ὅτι
1164 904 1218 939 (60)
1234 905 1279 931 καὶ
1292 907 1348 936 τοῖς
1364 905 1455 937 τόποις
1471 906 1518 931 καὶ
1534 907 1589 937 τοῖς
1606 907 1732 941 ὀνόμασιν
1749 907 1838 933 αὐτῶν
1859 907 1892 934 τὰ

1109 950 1304 984 συμφωνότατα
1315 951 1512 986 Σαγχωνιάοων
1525 952 1539 977 6
1555 952 1696 988 Βηρύτιος,
1709 953 1844 988 είληςρὼςι
1859 954 1892 980 τὰ

1107 995 1289 1031 ὑπομνήματα
1301 997 1376 1031 παρὰ
1391 997 1564 1033 Ίερομϐάλου
1574 998 1619 1024 τοῦ
1631 999 1723 1034 ἱερέως
1731 999 1792 1025 οεοῦ
1807 1000 1891 1032 Ὶευὼ,

1107 1041 1146 1072 ὃς,
1156 1041 1306 1076 ’Λϐελϐαλῴ
1318 1042 1419 1077 (61)τῴ
1435 1043 1540 1077 βασιλεῖ
1552 1043 1691 1079 Βηρυτίων
1707 1045 1754 1081 τὴν
1773 1046 1892 1081 ἱστορίαν

1107 1088 1214 1118 ἀναθεὶς
1225 1107 1232 1118 ,
1250 1087 1294 1114 ὑπ’
1312 1088 1416 1114 ἐκείνου
1438 1089 1484 1115 καὶ
1501 1089 1555 1115 τῶν
1573 1090 1632 1116 κατ’
1647 1090 1726 1116 αὑτὸν
1743 1090 1891 1122 ἐξεταστῶν

1106 1133 1155 1168 τῆς
1180 1132 1308 1167 ἀληθείας
1325 1133 1488 1169 παρεδέχθη.
1509 1135 1539 1161 Οἱ
1557 1135 1585 1161 δὲ
1608 1135 1709 1161 τούτων
1732 1136 1823 1171 χρόνοι
1845 1136 1891 1162 καὶ

1108 1179 1159 1214 πρὸ
1174 1178 1226 1204 τῶν
1243 1179 1371 1213 Τρωῖκῶν
1390 1180 1518 1206 πίπτουσι
1535 1181 1647 1215 χρόνων,
1666 1182 1711 1207 καὶ
1730 1182 1821 1216 σχεδὸν
1837 1184 1890 1213 τοῖς

1106 1225 1244 1256 Μωῦσέως
1260 1224 1461 1260 πλησιάζουσιν,
1471 1226 1507 1257 ὡς
1520 1228 1546 1253 αἱ
1561 1227 1614 1252 τῶν
1624 1228 1748 1262 Φοινίκης
1762 1226 1890 1262 βασιλέων

1106 1270 1224 1306 διαδοχαὶ
1244 1272 1383 1307 μηνύουσι.
1401 1273 1598 1308 Σαγχωνιάθων
1612 1273 1650 1305 δὲ,
1668 1275 1681 1300 6
1695 1274 1765 1300 κατὰ
1776 1274 1824 1309 τὴν
1837 1274 1890 1300 τῶν

1105 1315 1232 1343 Φοινίκων
1260 1317 1397 1343 διάλεκτον
1419 1318 1572 1353 φιλαληθῶς
1594 1319 1684 1345 πᾶσαν
1704 1319 1753 1354 τὴν
1775 1318 1889 1345 παλαιὰν

1107 1363 1225 1397 ἱστορίαν
1241 1364 1273 1388 ὲκ
1289 1363 1342 1389 τῶν
1362 1363 1432 1389 κατὰ
1457 1364 1532 1390 πόλιν
1550 1365 1752 1399 ὑπομνημάτων
1770 1364 1816 1391 καὶ
1837 1364 1888 1391 τῶν

1106 1409 1133 1434 ἐν
1144 1409 1199 1439 τοῖς
1211 1409 1291 1443 ἱεροῖς
1303 1409 1468 1444 ἀναγραφῶν
1484 1409 1643 1443 συναγαγὼν
1658 1410 1704 1436 καὶ
1719 1410 1886 1446 συγγράψας,

1105 1454 1150 1480 ἐπὶ
1187 1453 1367 1489 Σεμιράμεως
1401 1455 1494 1488 γέγονε
1520 1455 1570 1489 τῆς
1601 1456 1750 1491 Ἀσσυρίων
1783 1454 1885 1489 βασιλί-

1104 1500 1147 1531 δος
1165 1499 1232 1535 (6'2).
1248 1510 1256 1526 ι
1272 1500 1363 1527 Ταῦτα
1377 1500 1391 1526 ὁ
1404 1500 1565 1536 Πορφύριος.
1582 1502 1627 1527 Δεῖ
1639 1501 1670 1536 δὴ
1685 1500 1886 1535 συλλογίσασθαι

1106 1546 1139 1573 τὰ
1162 1547 1330 1582 προκείμενα
1346 1544 1397 1573 ὦδέ
1414 1555 1483 1578 πως.
1500 1547 1584 1582 Εἴπερ
1600 1547 1614 1572 6
1630 1547 1825 1582 Σαγχωνιάθων
1843 1547 1886 1573 ἐπὶ

1106 1592 1283 1627 Σεμιράμεως
1311 1590 1440 1625 γέγονεν,
1465 1591 1482 1626 ἡ
1513 1590 1542 1616 δὲ
1571 1590 1668 1626 μακρῷ
1693 1589 1810 1625 πρόσθεν
1835 1590 1886 1616 τῶν

1104 1637 1232 1673 Τρωῐκῶν
1254 1637 1440 1672 ὁμολογεῖται·
1459 1635 1501 1671 εἴη
1526 1636 1558 1662 ἂν
1585 1636 1631 1662 καὶ
1656 1636 1670 1661 6
1694 1635 1885 1671 Σαγχωνιάθωι

1103 1685 1157 1711 τῶν
1174 1683 1303 1719 Τρωῖκῶν
1321 1683 1506 1717 παλαιότερος.
1527 1682 1596 1708 Ἀλλ’
1618 1679 1694 1713 οὗτος
1710 1682 1775 1709 παρ’
1790 1682 1885 1717 ἐτέρων

1104 1726 1294 1762 πρεσϐυτέρων
1315 1726 1396 1753 αὑτοῦ
1419 1727 1474 1757 τοῖς
1493 1726 1599 1761 χρόνοις
1623 1725 1761 1761 εἰληφέναι
1782 1726 1885 1761 λέγεται

1103 1772 1137 1798 τὰ
1150 1773 1333 1807 ὑπομνήματα
1346 1780 1352 1786 ·
1369 1772 1392 1797 οἱ
1410 1771 1437 1797 δὲ
1449 1791 1455 1802 ,
1471 1772 1518 1797 καὶ
1535 1771 1611 1797 αὐτοὶ
1626 1771 1795 1807 ἀρχαιότεροι
1813 1771 1884 1803 ὄντες

1103 1817 1184 1844 αὑτοῦ
1195 1837 1201 1849 ,
1217 1817 1307 1852 σχεδὸν
1326 1819 1382 1848 τοῖς
1399 1817 1538 1848 Μωῡσέως
1557 1817 1714 1851 πλησιάζειν
1730 1818 1835 1854 χρόνοις
1849 1819 1879 1845 ei»

1104 1872 1214 1899 ρηνται,
1231 1863 1290 1889 οὐδὲ
1321 1863 1408 1898 αὐτοὶ.
1421 1863 1491 1890 κατὰ
1513 1864 1630 1890 Μωῡσέα
1648 1863 1802 1898 γενόμενοι,
1820 1864 1884 1891 ἀλλᾶ

1104 1909 1194 1943 σχεδὸν
1208 1909 1263 1940 τοῖς
1280 1908 1383 1934 ἐκείνου
1399 1909 1505 1943 χρόνοις
1521 1908 1713 1943 πλησιάζοντες
1723 1917 1730 1923 ·
1741 1908 1778 1939 ὡς
1794 1908 1882 1935 τοσοῦ·

1102 1963 1146 1980 τον
1162 1955 1345 1990 πρεσϐύτερον
1367 1953 1434 1980 εἶναι
1454 1954 1498 1980 τὸν
1523 1954 1639 1981 Μωῡσέα
1661 1953 1708 1981 τοῦ
1732 1955 1882 1989 Σαγχωνιᾶ-

1102 2001 1195 2033 θωνος,
1213 2001 1308 2027 ὁπόσον
1323 2000 1356 2027 ἂν
1370 1998 1445 2032 οὗτος
1461 2000 1586 2035 λείπηται
1602 2000 1656 2027 τῶν
1671 2000 1754 2027 αὐτοῦ
1769 2001 1882 2035 πρεσϐυ-

1101 2046 1197 2081 τέρων,
1211 2046 1235 2072 οἳ
1251 2046 1363 2072 Μωῦσεῖ
1376 2045 1535 2081 πλησιάζειν
1550 2045 1772 2081 ὡμολογήθησαν.
1789 2046 1883 2078 Πόσοις

1101 2092 1128 2118 δὲ
1146 2092 1198 2127 ἄρα
1215 2092 1302 2118 ἐτεσιν
1319 2091 1391 2123 εἰκὸς
1410 2090 1442 2127 ἧν
1464 2091 1581 2118 Μωῡσέα
1594 2091 1741 2126 ὑπεράγειν
1756 2092 1819 2123 τοὺς
1838 2092 1882 2127 δη-

1101 2139 1246 2174 λουμένους
1259 2159 1266 2171 ,
1281 2139 1382 2174 ἄπορον
1406 2139 1507 2164 εἰπεῖν·
1531 2137 1625 2172 διόπερ
1644 2137 1721 2164 τοῦτό
1747 2146 1792 2173 μοι
1814 2138 1882 2165 δοκεῖ

1102 2186 1244 2220 παρήσειν.
1260 2185 1326 2216 Δοὺς
1340 2184 1368 2210 δὲ
1381 2185 1440 2210 κατ’
1456 2183 1537 2210 αὐτὸν
1553 2184 1655 2210 ἐκεῖνον
1668 2184 1714 2210 τὸν
1730 2185 1881 2220 Σαγχωνιά-

266 2233 371 2255 tantum
386 2227 471 2254 fuisse
484 2227 621 2253 dicuntur.
635 2225 763 2260 Sequitur
780 2233 844 2258 ergo
861 2228 935 2251 tanto
952 2225 1046 2251 saltem

1108 2229 1173 2256 )mva
1193 2229 1311 2256 Μωῦσέα
1329 2229 1484 2263 γεγονέναι,
1501 2229 1548 2255 καὶ
1563 2229 1599 2264 μὴ
1616 2229 1756 2265 πρότερον,
1772 2226 1822 2256 ὧδε
1838 2230 1881 2257 τὸν

265 2273 406 2300 intervallo
422 2272 686 2300 Sanchoniathonem
705 2279 720 2297 a
733 2269 806 2297 Mosc
818 2270 951 2304 superari,
963 2277 1050 2303 quan-

266 2323 294 2345 to
308 2318 440 2354 posterior
454 2317 508 2344 illis
524 2322 576 2350 est,
587 2323 657 2351 quos
671 2315 779 2342 nonnisi
791 2314 896 2341 vicinos
914 2322 974 2341 esse
985 2322 1050 2341 con-
1067 2329 1072 2332 -

265 2365 384 2391 ﬁtentur.
401 2363 546 2394 Caeterum,
563 2366 629 2396 quot
646 2360 725 2387 annis
741 2360 850 2386 eosdem
876 2363 1049 2393 antegressus

264 2410 372 2445 Moyses
379 2408 551 2443 fuerit,quod
569 2412 643 2435 certo
658 2406 764 2434 deﬁniri
781 2409 908 2440 nequeat,
921 2405 1049 2431 omitten-

265 2456 330 2482 dum
345 2460 443 2482 statuo.
471 2454 636 2487 Quinetiam,
653 2456 683 2479 ut
692 2452 788 2478 demus
802 2450 1049 2477 Sanchoniathonis

266 2501 397 2535 aequalem
411 2501 522 2527 omnino
534 2499 617 2526 fuisse
624 2498 753 2532 Moysem,
768 2496 808 2524 sic
820 2501 908 2522 tamen
921 2495 1048 2530 colligere

266 2553 348 2581 atque
363 2554 418 2573 rem
438 2547 570 2573 coniicere
582 2545 672 2572 liccat.
691 2543 718 2570 Si
737 2547 865 2577 regnante
890 2541 916 2567 in
933 2541 1047 2576 Assyria

302 2614 315 2628 ι
327 2609 371 2635 ῖσ.
381 2608 502 2643 εἴληφεν.

301 2654 357 2689 (60)
383 2654 603 2689 Ἀληθέστατα,
635 2656 688 2682 ὅτι.
724 2655 833 2683 Rectius
863 2656 969 2683 videtur
1002 2658 1044 2685 ὅτι

265 2688 432 2726 ᾁληβέστατα
443 2710 449 2722 ,
473 2692 698 2724 quemadmodum
720 2691 784 2726 legit
801 2691 921 2725 Scaliger
938 2700 945 2718 :
961 2699 1042 2725 quam

266 2724 407 2761 lectionem
426 2726 448 2752 si
466 2733 620 2761 sequemur,
633 2724 930 2761 silqodigiretincndum
945 2724 1006 2753 erit.

301 2758 355 2796 (61)
379 2758 552 2797 ’Λϐελὸαᾷῷ
579 2761 656 2797 Apud
684 2758 883 2797 scaligerump
899 2761 1040 2797 ’Λὸιϐάλῳ.

265 2793 362 2822 Utrum
377 2797 467 2823 verius
484 2796 535 2827 sit,
562 2793 681 2822 nondum
692 2793 794 2830 idetiiiio
810 2805 816 2822 :
832 2796 974 2830 utriusque
990 2793 1040 2824 no-

263 2831 331 2870 tatio
355 2830 443 2858 facilis
464 2835 519 2864 est,
545 2836 571 2858 et
595 2838 657 2857 cum
680 2829 810 2858 Hebraica
838 2829 953 2858 dialecto
975 2839 1040 2860 con-

262 2870 393 2895 sentiens.

1102 2276 1209 2310 ἔλεγχον
1224 2275 1369 2310 ἐφοδεύσω.
1392 2275 1477 2310 Εἴπερ
1494 2275 1539 2301 ἐπὶ
1556 2275 1736 2310 Σεμιράμεως
1755 2275 1805 2311 τῆς
1823 2276 1880 2302 Ἀσ-

1102 2322 1200 2357 συρίων
1216 2321 1349 2356 βασιλίδος
1368 2322 1381 2347 6
1400 2321 1596 2356 Σαγχωνιὰθων
1610 2321 1771 2357 ὲγνωρίζετο
1782 2341 1790 2353 ,
1812 2321 1880 2348 ἔστω

1099 2367 1126 2393 δὲ
1137 2367 1184 2393 καὶ
1195 2367 1315 2402 Μωῡσῆς
1326 2367 1407 2402 μηδὲν
1418 2366 1554 2402 προάγων,
1564 2366 1634 2393 κατὰ
1645 2366 1673 2392 δὲ
1685 2366 1778 2394 τοῦτον
1789 2368 1880 2402 ἠκμα-

1099 2411 1163 2443 κὼς,
1179 2413 1274 2446 γένοιτ’
1290 2412 1321 2439 ἂν
1336 2410 1380 2438 οὖν
1397 2413 1442 2438 καὶ
1457 2412 1537 2443 αὐτὸς
1550 2411 1618 2438 κατὰ
1632 2412 1794 2448 Σεμίραμιν.
1812 2412 1879 2440 Ἀλλ’

1098 2459 1111 2484 6
1124 2458 1172 2493 μὲν
1187 2459 1318 2494 ἡμέτερος
1335 2458 1411 2492 λόγος
1424 2458 1469 2484 ἐπὶ
1481 2458 1581 2493 ταύτης
1596 2458 1688 2494 ἐδήλου
1702 2458 1879 2492 γενέσθαιτὸν

1104 2504 1227 2540 Ἀϐραάμ
1239 2513 1245 2519 ·
1261 2506 1275 2531 ὁ
1288 2504 1315 2531 δὲ
1331 2504 1376 2530 τοῦ
1393 2505 1536 2539 φιλοσόφου
1552 2504 1727 2540 παλαιότερον
1742 2505 1788 2531 τὸν
1800 2505 1876 2531 Μωῦ”

1098 2549 1145 2576 σέσι
1158 2550 1321 2585 συνίστησιν.
1338 2550 1369 2576 Ἠ
1385 2550 1413 2576 δὲ
1427 2550 1578 2585 Σεμίραμις
1594 2550 1647 2577 τῶν
1661 2549 1791 2585 Τρωῖκῶν
1803 2551 1877 2577 ὀκτα-

1130 2647 1186 2682 (62)
1207 2647 1263 2682 Τῆς
1285 2648 1446 2682 Ἀσσυρίων
1460 2649 1629 2682 βασιλίδος.
1660 2649 1737 2683 Apud
1759 2648 1876 2683 Scalige-

1095 2690 1155 2720 rum
1180 2684 1315 2720 adduntur
1336 2691 1423 2717 pauca
1445 2684 1520 2720 haec:
1539 2685 1574 2710 "H
1592 2684 1645 2720 πρὸ
1666 2684 1721 2720 τῶν
1744 2684 1874 2720 Ἰλιακῶν,

1093 2717 1109 2752 ἢ
1127 2718 1187 2744 κατ’
1208 2718 1306 2760 αὐτούς
1315 2726 1361 2760 gi
1372 2719 1436 2750 τοὺς
1459 2719 1570 2760 χῇνους
1585 2717 1875 2760 γενέσθέιιᾲναγέχρα-

1092 2761 1174 2780 πται·
1189 2752 1224 2779 τὰ
1238 2753 1267 2779 δὲ
1282 2753 1329 2780 τοῦ
1342 2752 1592 2789 Σαγχουνιάθωνος,
1606 2755 1646 2786 εις
1661 2753 1772 2782 Ἐλλάδα
1783 2752 1874 2789 γλῶσ-

1093 2796 1141 2815 σαν
1156 2789 1311 2824 ἡρμήνευσε
1325 2788 1410 2816 Φίλων
1424 2790 1438 2815 6
1452 2789 1572 2823 Βύϐλιος.
