2091 3208
180 172 233 200 809

180 229 280 261 κοσίοις
291 229 360 260 ὅλοις
372 229 443 255 ἔτεσι
457 228 591 255 δείκνυται
617 228 812 264 προγενομένη.
828 228 883 255 Καὶ
893 228 957 255 Μω-
972 232 993 260 Α

182 274 230 309 ,τῆς
244 275 298 310 ἄρα
314 274 388 301 ἔσται
402 275 534 306 τοσούτοις
555 274 589 300 τὰ
608 274 718 310 Τρωϊκὰ
731 274 874 310 προάγων,
891 276 961 303 κατὰ

185 319 226 346 τὸν
252 318 404 354 φιλόσοφον.
422 319 533 355 Πρῶτος
545 319 573 345 δὲ
589 319 725 354 βασιλεύει
745 320 875 355 Ἀργείων
887 320 961 347 Ἰνα-

182 372 237 399 χος,
253 363 328 390 οὔπω
344 364 402 390 τότε
427 364 575 399 Ἀθηναίων
597 364 656 391 οὔτε
679 365 728 401 τὴν
746 365 823 392 πόλιν
836 365 897 392 οὒτε
913 367 961 401 τὴν

182 410 365 446 προσηγορίαν
382 410 505 445 ἑχόντων.
524 410 552 437 Ὀ
572 410 600 437 δὲ
617 410 723 446 πρῶτος
742 411 872 447 Ἀργείων
888 413 961 447 ἠγεῖ-

181 464 225 482 ται
249 455 320 482 κατὰ
339 455 384 482 τὸν
400 456 524 491 πέμπτον
547 455 616 491 μετὰ
637 456 787 492 Σεμίραμιν
815 457 961 492 Ἀσσυρίων

184 502 304 538 βασιλέα,
321 506 342 528 ν’
366 503 413 529 καὶ¹
431 506 453 538 ρ’
469 502 582 538 ὕστερον
596 502 683 529 ἔτεσιν
697 504 781 538 αὐτῆς
795 512 824 530 τε
839 504 886 530 καὶ
898 504 961 530 Μω-

183 549 261 581 σέως,
273 550 302 575 ὲν
315 545 355 580 οἷς
368 547 444 575 οὐδὲν
464 548 597 583 ἐπίσημον
612 549 721 582 γεγονὸς
735 549 879 585 ἱστορεῖται
897 550 960 584 παρ’

183 595 305 630 Ἕλλησι.
321 594 399 621 Κατὰ
419 594 497 621 τοῦτο
513 594 541 621 δὲ
563 595 727 630 τοῖῃχρόνου
744 596 809 630 παρ’
827 596 962 631 Ἑϐραίοις

183 641 310 678 ἡγοῦνται
327 642 351 668 οἰ
371 640 472 676 κριταί.
495 638 550 667 Εἶτ’
571 639 603 667 αὖ
620 641 700 667 πάλιν
718 641 772 668 τῶν
792 642 858 669 ἑτῶν
873 643 962 674 ἄλλοις

182 685 335 722 κατώτερον
349 686 471 722 χρόνοις,
488 686 539 721 ἥδη
560 694 610 712 που
630 686 711 712 πλέον
734 686 751 721 ἢ
771 690 793 712 υ¹
808 687 875 714 ὲτῶν
894 688 961 715 ὅλων

184 732 432 767 συμπληρουμένων
454 732 507 758 ἀπὸ
531 732 726 767 Σεμιράμεως,
752 732 859 768 πρῶτος
885 733 962 768 Ἀθη-

182 779 265 805 ναίων
281 777 415 813 βασιλεύει
429 777 539 813 Κέκροψ
552 778 566 804 ό
584 777 717 813 βοώμενος
729 779 794 813 παρ’
812 779 903 810 αὐτοῖς
914 780 963 806 αὺ-

182 824 300 859 τόχθων,
317 824 435 860 Ἄργους
455 824 606 859 ἡγουμένου
619 824 738 860 Τριόπα,
757 824 787 856 ὃς
800 822 833 860 ἦν
849 824 961 860 ἕϐδομος

184 869 253 905 μετὰ
263 869 309 897 τὸν
324 870 430 906 πρῶτον
455 871 575 906 Ἀργεῖον
592 872 695 908 Ἴναχον
707 880 714 888 ·
738 872 838 908 μεταξὺ
859 873 887 900 δὲ
901 873 962 900 τού-

182 923 254 948 των,
278 916 294 942 ὁ
316 916 362 942 ἐπὶ
392 916 504 950 Ὠγύγου
531 918 725 953 μνημονεύεται
752 917 960 955 κατακλυσμὸς,

183 961 289 996 πρῶτός
309 970 340 989 τε
358 962 440 994 ¹’Δπις
456 964 484 989 ἐν
506 963 634 1000 Αἰγύπτῳ
659 964 717 996 θεὸς
737 964 899 1000 ὠνομάσθη,
915 966 962 992 καὶ

190 1006 230 1034 Ἰὼ
246 1006 366 1043 θυγάτηρ
384 1008 485 1043 Ἰνάχου
498 1028 505 1040 ,
519 1010 551 1045 ἢν
565 1010 635 1036 Ἶσιν
657 1010 798 1044 Αἰγύπτιοι
813 1011 961 1046 μετονομά-

183 1062 276 1086 σαντες
290 1054 410 1087 σέϐουσι,
428 1055 588 1091 Προμηθεύς
607 1065 636 1083 τε
659 1057 705 1083 καὶ
727 1057 826 1089 Ἄτλας
850 1058 961 1093 ἐγνωρί-

183 1099 267 1131 (mtto.
287 1099 352 1126 Ἀπὸ
363 1100 390 1126 δὲ
405 1100 547 1136 Κέκροπος
560 1101 607 1128 ἐπὶ
620 1101 669 1137 τὴν
691 1102 768 1128 Ἰλίου
782 1102 881 1129 ἅλωσιν
895 1102 962 1130 ἄλλα

183 1146 325 1179 συνάγεται
350 1146 440 1182 μικρῷ
462 1147 517 1182 (65)
531 1147 624 1174 δέοντα
645 1147 691 1183 ἔτη
716 1151 748 1180 o’,
767 1149 795 1173 ὲν
814 1145 854 1179 οἷς
876 1148 909 1175 τὰ
933 1150 961 1176 ἐν

183 1190 294 1227 Ἕλλησι
309 1191 445 1227 θαυμάσια
463 1192 665 1228 μυθολογεῖται,
683 1194 697 1220 ὁ
710 1193 756 1221 ἐπὶ
779 1194 961 1227 Δευκαλίωνος

181 1237 371 1272 κατακλυσμὸς
382 1257 390 1270 ,
406 1238 453 1265 καὶ
465 1238 479 1264 ὁ
493 1238 539 1264 ἐπὶ
554 1238 698 1270 Φαέθοντος
713 1239 884 1275 ἐμπρησμὸς,
898 1240 961 1267 πολ-

181 1282 252 1315 λῶν,
266 1282 307 1315 ὡς
319 1283 408 1316 εὶκὺς,
423 1283 531 1319 φθορῶν
552 1284 604 1319 γῆς
619 1284 688 1311 κατὰ
704 1284 800 1316 τόπους
813 1276 961 1320 γεγενημέ-

181 1337 243 1355 νων.
260 1327 369 1364 Πρῶτος
390 1328 418 1355 δὲ
440 1329 551 1365 Κέκροψ
572 1329 680 1364 λέγεται
703 1329 777 1364 Ζῆνα
800 1330 960 1366 κεκληκέναι

180 1373 226 1401 τὺν
251 1374 333 1407 Θεὸν,
349 1374 386 1410 μὴ
401 1374 530 1411 πρότερον
545 1374 616 1402 οὕτω
629 1376 694 1411 παρ’
718 1375 869 1411 ἀνθρώποις
893 1376 959 1403 ὠνο-

182 1420 336 1456 μασμένον·
357 1421 451 1448 ἔπειτα
473 1420 563 1456 βωμὸν
587 1423 650 1457 παρ’
680 1421 831 1457 Ἀθηναίοις
855 1422 959 1458 ἱδρῦσαι

180 1465 304 1502 πρῶτος,
319 1467 368 1494 καὶ
381 1467 461 1494 πάλιν
475 1467 583 1503 πρῶτος
604 1467 717 1502 Ἀθηνᾶς
737 1467 847 1503 ἄγαλμα
862 1469 960 1505 συστή-

180 1512 294 1544 σασθαι,
318 1512 356 1545 ὡς
371 1512 432 1539 οὐδὲ
454 1512 555 1540 τούτων
579 1513 612 1539 ὲκ
637 1513 750 1540 παλαιοῦ
774 1514 957 1550 ὑπαρχόντων.

179 1557 258 1585 Μετὰ
276 1557 305 1584 δὲ
318 1557 411 1584 τοῦτον
424 1558 470 1584 καὶ
482 1558 508 1584 οἱ
519 1558 584 1593 παρ’
596 1558 705 1593 Ἕλλησι
720 1558 776 1585 θεοὶ
795 1559 894 1592 πάντες
914 1568 960 1594 γε-
972 1568 993 1597 c

179 1602 376 1638 νεαλογοΰνται.
393 1604 460 1640 Παρ*
480 1603 613 1640 Ἑϐραίοις
625 1604 653 1631 δὲ
666 1605 694 1631 ὲν
706 1605 792 1640 τούτῳ
806 1606 830 1632 οί
846 1606 899 1632 ἀπὸ
912 1606 959 1640 γέ-

179 1659 240 1683 νους
260 1650 342 1678 Δαϐὶδ
365 1651 531 1683 ἐϐασίλευον,
560 1652 618 1690 καὶ,
642 1652 667 1678 οἱ
694 1652 762 1687 μετὰ
788 1653 890 1680 Μωσέα
921 1653 960 1680 δι-
979 1645 982 1648 ’

178 1697 300 1732 έλαμπον
312 1697 464 1733 προφῆται’
478 1697 548 1724 ὥστε
563 1697 598 1723 τὰ
611 1698 699 1724 πάντα
712 1697 765 1724 ἀπὸ
780 1698 899 1730 Μωσέως
913 1699 959 1725 ἐπὶ

177 1743 227 1778 τὴν
249 1742 326 1770 Ἰλίου
344 1743 443 1770 ἅλωσιν
457 1743 618 1777 συνάγεσθαι
633 1743 724 1770 πλεῖον
738 1743 755 1778 ἢ
773 1743 820 1779 ἐτη
835 1747 873 1776 ω’,
889 1745 959 1772 κατὰ

177 1788 227 1825 τὴν
249 1788 403 1816 ἐκτεθεῖσαν
425 1789 472 1816 τοῦ
495 1789 638 1825 φιλοσόφου
663 1790 825 1825 μαρτυρίαν.
851 1791 910 1817 Ἔτι
931 1791 959 1818 δὲ

177 1836 245 1863 πολὺ
264 1835 318 1863 τῶν
330 1835 460 1871 Τρωῖκῶν
479 1835 596 1872 νεώτερα
614 1836 649 1863 τὰ
670 1836 740 1863 κατὰ
760 1837 898 1872 Ὅμηρον,
913 1838 959 1864 καὶ

182 1881 322 1914 Ἡσίοδον,
338 1881 386 1908 καὶ
406 1881 468 1912 τοὺς
488 1880 597 1911 λοιποὺς
622 1879 829 1915 μνημονεύεται.
846 1880 916 1913 Χθὲς
930 1881 958 1907 δὲ

177 1925 226 1952 καὶ
249 1925 345 1961 πρώην
374 1925 442 1961 μετὰ
467 1924 577 1956 τούτους
607 1925 670 1960 περὶ
697 1925 746 1960 τὴν
775 1926 958 1960 πεντηκοστὴν

183 1972 350 2008 Ὀλυμπιάδα
363 1972 387 1998 οἱ
400 1971 471 2006 ἀμφὶ
486 1971 646 2006 Πυθαγόραν
659 1971 704 1997 καὶ
721 1971 900 2009 Δημόκριτον,
912 1972 958 1999 καὶ

176 2019 238 2050 τοὺς
261 2018 331 2054 μετὰ
353 2017 437 2044 ταῦτα
459 2016 618 2052 φιλοσόφους
639 2016 851 2052 ὠνομάσθησαν,
875 2017 958 2051 ἐγγύς

177 2073 228 2091 που
245 2065 315 2100 μετὰ
334 2064 369 2091 τά
387 2063 497 2100 Τρωϊκά
510 2063 596 2090 ἔτεσιν
617 2062 797 2094 ἑπτακοσίοις.
813 2063 957 2098 Προτερεῖν

176 2109 230 2144 ἄρα
249 2109 352 2144 Μωσῆς
376 2109 423 2135 καὶ
445 2108 470 2135 ol.
490 2108 547 2143 μετ’
570 2107 651 2134 αὑτὸν
674 2106 806 2142 Ἐϐραίων
822 2107 957 2143 προφῆται

177 2154 348 2181 συνίστανται
371 2153 424 2180 τῶν
449 2154 512 2188 παρ’
540 2153 651 2188 Ἕλλησι
683 2152 833 2187 φιλοσόφων
862 2153 957 2188 χιλίοις

175 2200 362 2231 πεντακοσίοις
376 2199 458 2231 ἔτεσι,
472 2198 542 2225 κατὰ
555 2199 603 2234 τὴν
619 2197 666 2224 τοῦ
678 2197 841 2233 δηλωθέντος
861 2197 956 2234 ἀνδρὸς

174 2245 328 2280 ὁμολογίαν.
344 2246 399 2272 Καὶ
412 2244 496 2271 ταῦτα
517 2245 565 2280 μὲν
584 2245 663 2279 ἡμεῖς
687 2244 833 2279 ὲπιτόμως.
850 2243 955 2279 Σκέψα-
971 2242 991 2270 D

175 2293 238 2320 σθαι
251 2292 280 2322 δὲ
295 2292 389 2328 καιρὸς
403 2291 449 2319 καὶ
470 2291 518 2322 τάς
531 2290 584 2317 τῶν
600 2291 653 2326 πρὸ
667 2292 682 2326 ἡ
688 2290 744 2326 μῶν
764 2291 827 2326 περὶ
840 2290 888 2327 τῆς
907 2291 955 2317 αὑ-

172 2339 223 2374 τῆς
241 2338 394 2369 ὑποθέσεως
414 2337 573 2370 ἀποδείξεις.
601 2336 730 2370 Γεγόνασι
752 2336 783 2371 δὴ
801 2337 865 2372 παρ’
889 2337 954 2371 ἡμῖν

173 2385 258 2419 λόγιοι
265 2384 426 2420 ἄνδρες,καὶ
437 2383 491 2410 τῶν
505 2382 558 2410 ἀπὸ
574 2382 693 2414 παιδείας
707 2382 811 2414 οὐδενὸς
823 2381 953 2417 δεύτεροι,

173 2432 228 2463 τοῖς
243 2439 274 2457 τε
294 2430 376 2462 θείοις
392 2431 423 2456 οὐ
452 2428 596 2465 παρέργως
612 2427 847 2463 καθωμιληκότες,
864 2428 889 2453 οἳ
908 2428 955 2453 καὶ

172 2476 222 2511 τὴν
238 2474 377 2511 παροῦσαν
390 2475 517 2501 ὑπόθεσιν
534 2474 576 2501 ἐπ’
587 2473 697 2508 ἀκριῦὲς
707 2473 952 2508 διευκρινήσαντες,

171 2523 206 2556 τῇ
222 2521 288 2557 παρ’
309 2520 443 2557 Ἐσραίοις
460 2519 625 2555 συνέστησαν
639 2518 825 2554 άρχαιολογίᾳ,
840 2518 954 2552 πλουσίᾳ

172 2567 220 2594 καὶ
241 2567 351 2602 ποικίλῃ
363 2566 519 2601 κατασκευῇ
539 2564 700 2600 κεχρημένοι
718 2563 767 2598 τῆς
781 2563 951 2596 ἀποδείξεως.

171 2614 204 2641 οι
221 2612 271 2649 μὲν
284 2613 338 2649 γὰρ
357 2612 389 2639 εκ
410 2620 488 2638 τινων
509 2610 728 2646 ὁμολογουμένων
752 2609 875 2646 ἱστοριῶν
891 2610 952 2642 τοὺς

171 2658 285 2693 χρόνους
308 2656 527 2691 συνελογίσαντο·
552 2657 576 2682 οἱ
608 2656 636 2681 δὲ
663 2654 851 2691 παλαιοτέροις
887 2655 953 2681 ἀνα-

170 2703 314 2739 γνώσμασι
330 2703 380 2739 τὴν
397 2702 548 2738 μαρτυρίαν
574 2700 775 2728 ἐπιστώσαντο·
798 2702 844 2727 καὶ
860 2702 884 2727 οἱ
904 2702 951 2736 μὲν

176 2749 357 2785 Ἑλληνικοῖς,
371 2750 395 2776 οὶ
410 2749 438 2775 δὲ
454 2749 502 2775 καὶ
519 2749 574 2779 τοῖς
588 2747 621 2774 τὰ
636 2746 774 2779 Φοινίκων,
791 2747 825 2774 τά
838 2755 866 2773 τε
880 2746 951 2773 Χαλ-

171 2795 252 2822 δαίων
277 2796 325 2823 καὶ
349 2795 505 2830 Αἰγυπτίων
536 2793 707 2829 ἀναγράψασι
742 2793 949 2828 συνεχρήσαντο.

205 2886 263 2922 (εὖ)
282 2885 391 2921 Μικρῷ.
411 2885 480 2922 Lege
495 2885 601 2921 μικροῦ.

390 2934 486 2963 Pun.
506 2933 564 2963 Gn.
584 2933 667 2963 XXI.

755 170 917 213 PBEPAII.
938 170 1064 198 EVANG.
1086 169 1149 198 LIB.
1172 169 1205 197 Χ.

1739 172 1791 199 810

1009 227 1196 260 Semiramide,
1221 228 1423 256 Sanchoniatho
1445 229 1544 256 claruit
1572 239 1579 256 :
1607 228 1696 256 Moses
1718 235 1791 256 certe

1012 273 1120 309 quidem
1135 294 1142 307 ,
1169 278 1198 301 ut
1222 273 1288 300 nihil
1309 281 1342 301 eo
1367 274 1498 302 vetustior
1524 274 1614 307 fuerit,
1634 274 1718 311 m
1742 275 1790 302 sed

1013 324 1123 351 prorsus
1135 316 1256 351 aequalis,
1271 317 1322 344 sub
1337 317 1460 351 ejusdem
1487 323 1577 346 tamen
1602 318 1790 346 Semiramidis

1013 362 1155 397 imperium
1171 362 1277 397 vixerit,
1295 371 1405 391 necesse
1419 369 1470 392 est.
1493 363 1552 392 1am
1567 370 1593 392 et
1605 365 1790 394 Abrahamum

1013 407 1199 435 Semiramidis
1211 408 1378 443 temporibus
1394 410 1495 437 vixisse
1511 416 1588 438 antea
1603 411 1789 445 probavimus,

1011 459 1038 481 et
1055 454 1156 482 Mosem
1171 455 1258 489 ipsum
1274 455 1318 482 illa
1340 456 1532 483 vestustiorem
1549 457 1730 491 philosophus
1745 457 1790 485 hic

1012 506 1104 528 noster
1117 500 1202 528 fuisse
1216 500 1368 528 conﬁrmat.
1387 501 1504 536 Trojana
1518 510 1581 530 vero
1593 506 1716 538 tempora
1742 502 1791 532 Sc-

1012 546 1134 573 miramis
1155 546 1233 573 annis
1257 546 1368 580 integris
1380 548 1542 582 octingentis
1555 549 1702 583 superavit.
1719 547 1790 585 Ergo

1013 593 1122 620 totidem
1139 592 1185 620 illa
1198 591 1288 620 Moses
1298 601 1330 620 ex
1346 593 1426 628 hujus
1442 594 1595 630 philosophi
1612 600 1701 622 mente
1714 601 1792 623 ante-

1012 639 1134 666 cesserit.
1160 638 1290 666 Praeterea
1305 647 1366 666 cum
1382 640 1485 674 primus
1499 640 1568 675 apud
1591 641 1705 676 Argivos
1724 641 1788 668 Ina-

1013 684 1080 711 chus
1100 685 1254 720 imperaret,
1281 685 1397 714 necdum
1416 685 1626 713 Atheniensibus
1637 691 1684 714 aut
1696 687 1792 716 civitas

1013 732 1061 754 aut
1085 735 1182 755 nomen
1197 733 1265 755 erat.
1280 728 1408 763 Ejusdem
1423 734 1511 757 autem
1527 730 1617 758 Inachi
1634 739 1745 767 regnum
1762 732 1790 759 in

1013 772 1136 807 quintum
1152 781 1165 799 a
1184 772 1362 800 Semiramide
1382 773 1554 809 Assyriorum
1570 783 1659 810 regem
1685 776 1789 809 incidit,

1013 818 1092 846 annis
1107 822 1169 853 post
1182 818 1254 845 illam
1265 824 1346 853 atque
1357 818 1458 847 Mosem
1473 825 1582 847 centum
1607 825 1635 848 et
1657 821 1792 857 quinqua-

1013 863 1097 898 ginta,
1111 863 1211 899 quibus
1231 863 1299 891 nihil
1323 864 1393 899 apud
1409 864 1517 893 Grzecos
1534 867 1664 894 memoria
1679 867 1790 903 dignum

978 899 998 926 Β
1013 915 1118 946 gestum
1133 918 1194 938 esse
1217 911 1360 946 reperitur.
1382 911 1517 939 Caeterum
1539 912 1634 939 eodem
1651 913 1790 948 temporis.

1012 956 1083 990 apud
1109 955 1236 984 Hebraeos
1262 957 1368 992 judices
1396 957 1576 992 imperabant.
1593 957 1678 985 Annis
1694 958 1791 986 deinde

1011 1007 1074 1037 post
1093 1002 1299 1030 Semiramidem
1323 1003 1439 1038 amplius
1455 1003 1670 1039 quadringentis,
1685 1003 1791 1040 primus

1011 1048 1124 1076 Athenis
1138 1048 1257 1084 regnavit
1278 1048 1407 1084 Cecrops,
1420 1056 1500 1084 quem
1511 1048 1666 1084 Indigenam
1679 1055 1790 1083 vocant,

1012 1090 1111 1126 Triopa
1125 1096 1255 1126 regnante
1266 1091 1355 1126 Argis,
1371 1093 1418 1127 qui
1433 1093 1564 1127 septimus
1578 1093 1613 1120 ab
1627 1093 1728 1121 Inacho
1747 1102 1790 1121 re—

1011 1145 1075 1173 gum
1090 1137 1250 1172 Argivorum
1262 1137 1350 1172 primo
1364 1137 1425 1165 fuit.
1441 1137 1501 1171 Quo
1516 1138 1625 1173 quidem
1643 1146 1738 1174 regum
1751 1140 1789 1167 is-

1011 1187 1099 1209 torum
1115 1183 1266 1215 intervallo,
1276 1182 1407 1218 Ogygium
1421 1183 1553 1211 diluvium
1570 1185 1717 1220 contigisse
1727 1193 1790 1212 nar-

1010 1232 1082 1261 rant,
1096 1229 1215 1264 itemque
1228 1230 1298 1264 apud
1316 1229 1458 1265 Egyptios
1476 1230 1593 1264 primum
1615 1230 1693 1265 Apim
1709 1231 1788 1258 deum

1010 1273 1196 1306 nominarunt,
1213 1281 1245 1301 ac
1268 1273 1350 1301 simul
1374 1274 1401 1301 Io
1418 1274 1510 1301 Inachi
1534 1274 1599 1306 ﬁlia,
1613 1283 1695 1310 quam
1710 1275 1789 1303 Isidis

1011 1319 1119 1347 nomine
1139 1319 1233 1347 colunt
1256 1320 1387 1356 Egyptii,
1404 1320 1585 1349 Prometheus
1609 1326 1690 1357 atque
1713 1322 1788 1349 Atlas

1009 1365 1142 1393 celebrari
1165 1371 1316 1401 cmperunt.
1341 1365 1402 1393 Jam
1427 1374 1443 1393 a
1470 1365 1590 1401 Cecrope
1620 1367 1653 1394 ad
1680 1372 1787 1402 captum

1010 1411 1099 1443 Ilium,
1133 1411 1178 1438 alii
1203 1418 1287 1446 prope
1310 1411 1500 1447 quadringenti
1529 1412 1692 1447 colliguntur
1712 1413 1787 1442 anni,

1010 1457 1109 1492 quibus
1124 1456 1167 1483 illa
1182 1456 1339 1484 Graecorum
1354 1456 1454 1484 fabulis
1476 1457 1620 1484 decantata
1640 1457 1786 1488 'mira’cula.

1011 1501 1191 1536 Deucalionis,
1211 1502 1334 1537 inquam,
1351 1502 1483 1530 diluvium
1493 1507 1520 1530 et
1530 1503 1686 1531 Phaetontis
1697 1504 1788 1531 incen-

1010 1547 1084 1574 dium
1097 1548 1252 1583 contigere;
1272 1549 1351 1584 cujus
1372 1549 1513 1584 utriusque
1526 1549 1643 1584 ﬁngendi
1665 1550 1787 1577 occasio-

1010 1600 1082 1627 nem,
1101 1601 1132 1621 ex
1150 1594 1251 1627 multis,
1267 1594 1306 1621 uti
1331 1594 1478 1622 verisimile
1499 1599 1551 1625 est.
1571 1595 1728 1630 crebrisque
1741 1603 1788 1630 per

1008 1647 1041 1666 ea
1060 1639 1119 1667 loca
1131 1644 1264 1667 terrarum
1291 1640 1416 1668 cladibus
1433 1641 1609 1675 arripueriut.
1629 1640 1722 1669 Jovem
1738 1649 1788 1669 au-

1010 1686 1062 1709 tem
1075 1682 1110 1710 ab
1123 1683 1217 1710 eodem
1233 1683 1354 1718 primum
1382 1684 1502 1719 Cecrope
1517 1685 1597 1712 deum
1624 1685 1786 1720 appellatum

1008 1735 1068 1756 esse
1086 1729 1185 1762 ferunt,
1197 1737 1259 1756 cum
1277 1738 1448 1765 nequaquam
1466 1731 1537 1758 inter
1551 1731 1674 1758 homines
1694 1732 1720 1759 id
1736 1739 1787 1759 an-

1009 1779 1049 1801 tea
1065 1775 1183 1803 nominis
1198 1775 1336 1803 habuisset
1356 1785 1362 1802 :
1379 1776 1414 1803 ab
1426 1777 1521 1803 eodem
1534 1778 1708 1811 postmodum
1729 1778 1785 1812 pri<

1008 1827 1080 1846 mam
1098 1820 1209 1848 Athenis
1221 1821 1367 1848 excitatam
1385 1828 1471 1854 aram,
1500 1822 1673 1856 primumque
1688 1822 1786 1849 Miner-

1007 1871 1047 1891 va!
1072 1865 1179 1899 signum
1206 1865 1351 1892 conﬂatum
1378 1872 1410 1892 ac
1434 1865 1551 1900 positum
1578 1866 1672 1898 fuisse,
1699 1874 1786 1901 neque

1007 1909 1079 1936 enim
1096 1915 1280 1944 pervetustum
1293 1918 1379 1946 genus
1391 1911 1456 1938 illud
1472 1918 1563 1938 rerum
1575 1912 1721 1940 exstitisse.
1733 1912 1786 1939 Ita-

1007 1963 1060 1990 que
1081 1961 1140 1990 post
1158 1955 1303 1991 Cecropem
1330 1961 1385 1984 tota
1403 1956 1446 1983 illa
1460 1949 1615 1984 Graecorum
1642 1958 1784 1985 numinum

1008 2001 1161 2036 genealogia
1175 2002 1282 2029 texitur.
1299 2002 1376 2036 Apud
1390 2001 1517 2030 Hebraeos
1528 2003 1641 2036 interea,
1658 2011 1719 2030 cum
1733 2004 1785 2031 Da—

1009 2047 1077 2073 vidis
1104 2047 1206 2081 posteri
1230 2047 1389 2082 regnabant,
1415 2052 1470 2074 tum
1498 2048 1583 2074 secuti
1600 2048 1701 2074 Mosem
1722 2056 1784 2083 pro-

1008 2093 1092 2126 phetae
1105 2092 1245 2120 ﬂorebant.
1263 2093 1300 2120 lta
1327 2092 1349 2120 si
1364 2097 1486 2120 nostrum
1500 2093 1573 2120 hunc
1592 2093 1783 2129 philosophum

1007 2138 1160 2171 audiamus,
1178 2146 1193 2165 a
1216 2138 1307 2174 Moyse
1322 2139 1354 2166 ad
1370 2144 1477 2174 captum
1491 2139 1571 2166 Ilium
1589 2139 1652 2166 anni
1667 2140 1784 2175 amplius

1006 2184 1153 2219 octingenti
1170 2189 1355 2211 numerentur.
1379 2184 1464 2211 Porro
1483 2184 1561 2219 longe
1577 2184 1704 2219 Trojanis
1730 2185 1784 2212 illis

1006 2230 1172 2264 temporibus
1194 2230 1370 2263 recentiores,
1393 2229 1552 2262 Homerum,
1579 2229 1723 2257 Hesiodum
1751 2239 1783 2257 ac

1005 2276 1124 2311 reliquos
1138 2275 1221 2303 fuisse
1235 2280 1351 2303 constat.
1367 2275 1431 2303 Inde
1447 2276 1541 2311 nuperi
1558 2276 1680 2311 omnino,
1700 2275 1781 2312 487

1004 2321 1180 2357 Pythagoras,
1199 2321 1380 2352 Democritus,
1394 2322 1540 2356 czelerique
1552 2321 1679 2356 deinceps
1694 2322 1768 2356 philo

1004 2367 1094 2402 sophi,
1111 2367 1184 2395 circa
1198 2368 1377 2403 Olympiadem
1395 2367 1658 2402 quinquagesimam,
1671 2367 1722 2395 hoc
1740 2372 1781 2394 est

1004 2413 1083 2440 annis
1097 2418 1158 2448 post
1172 2418 1280 2447 captum
1296 2413 1374 2439 Ilium
1393 2420 1476 2448 prope
1493 2413 1679 2447 septingentis,
1693 2420 1781 2440 emer-

1004 2466 1072 2486 sere.
1089 2458 1190 2486 Mosem
1203 2459 1284 2493 igitur
1297 2466 1329 2485 ac
1341 2459 1504 2493 posteriores
1528 2458 1602 2485 Mose
1623 2457 1780 2492 prophetas,

1003 2509 1065 2532 ante
1090 2512 1183 2532 omnes
1207 2505 1318 2532 Graeciae
1337 2504 1515 2539 philosophos
1533 2503 1612 2531 annis
1627 2504 1781 2538 quingentis

1003 2558 1083 2585 supra
1097 2551 1170 2578 mille
1180 2550 1290 2582 vixisse,
1302 2555 1338 2577 ’ex
1364 2550 1484 2585 ejusdem
1500 2550 1656 2585 philosophi
1671 2550 1780 2579 confes-

1003 2597 1079 2624 sione
1103 2597 1262 2624 auferimus.
1280 2597 1368 2631 Atque
1390 2596 1447 2623 haec
1467 2604 1483 2623 a
1510 2596 1589 2623 nobis
1608 2597 1645 2623 ita
1662 2596 1780 2624 breviter

1002 2644 1142 2678 perstricta
1154 2648 1244 2671 sunto.
1264 2642 1323 2670 Jam
1338 2650 1443 2677 tempus
1462 2647 1514 2675 est,
1535 2646 1562 2669 ut
1576 2649 1670 2669 eorum
1685 2643 1777 2674 etiam,

1001 2690 1047 2724 qui
1059 2694 1121 2717 ante
1132 2698 1182 2717 nos
1197 2690 1248 2716 hac
1266 2689 1292 2716 in
1316 2688 1498 2723 disputatione
1517 2688 1617 2715 versati
1643 2692 1717 2721 sunt,
1735 2696 1780 2715 ar-

1002 2741 1128 2771 gumenta
1151 2735 1300 2763 videamus.
1329 2734 1458 2762 Ilomines
1481 2734 1619 2762 enimvero
1637 2734 1707 2769 apud
1729 2742 1780 2761 nos

1001 2784 1138 2818 exstitere,
1153 2791 1207 2811 non
1227 2783 1320 2811 diserti
1342 2782 1433 2815 modo,
1449 2781 1495 2810 scd
1509 2782 1590 2810 etiam
1607 2782 1673 2810 nulli
1685 2781 1763 2809 erudi

1586 2925 1625 2953 26
