2091 3208
283 189 330 214 811
639 186 771 213 liUSEBll
792 181 1033 212 CESARIENSIS
1053 180 1127 208 OPP.
1150 179 1240 206 PARS
1261 178 1293 205 11.
1315 193 1348 197 -
1368 173 1620 203 APOLOGETICA.

1848 171 1901 198 812

282 245 355 272 tione
369 245 492 277 secundi,
507 244 607 278 quique
632 243 780 277 plurimum
805 241 904 269 divinis
919 241 946 268 in
962 239 1061 267 litteris

1119 236 1201 271 Ὁμοῦ
1213 236 1241 262 δὲ
1255 236 1279 261 οἱ
1294 234 1394 265 πάντες
1404 254 1410 264 ,
1429 231 1611 268 τάἙλληνικά
1624 229 1713 256 καὶτὰ
1722 228 1856 264 βάρϐαρα,
1867 229 1902 254 τά

283 298 372 325 opera:
387 290 524 323 studiique
539 293 688 323 posuerunt
719 286 738 313 li
755 294 812 313 rem
833 287 912 313 istam
935 289 1061 312 accurate

282 337 427 364 admodum
451 340 478 362 et
497 334 634 361 enucleate
652 333 796 368 persecuti,
821 331 992 366 antiquitatis
1009 329 1061 357 He-

280 383 379 410 braicte
395 382 473 409 fidem
491 388 586 415 magna
604 379 740 406 rationum
756 379 781 405 vi
798 386 830 405 ac
857 377 988 412 singulari
1010 383 1058 402 va-

281 429 375 455 rietate
395 426 527 453 fecerunt.
549 425 600 451 Alii
624 424 725 459 quippe
749 423 832 450 certis
847 421 1011 457 quihusdam
1028 427 1061 446 ex

280 473 402 500 historiis
424 477 450 499 et
464 471 586 499 omnium
609 477 745 497 consensu
760 468 926 503 approbatis,
956 472 1061 501 tempo-

280 526 340 546 rum
358 518 455 545 scriem
473 517 651 550 ordinemque
675 516 811 542 duxerunt
836 523 842 540 :
869 514 915 540 alii
938 512 995 539 suis
1010 511 1061 547 ipsi

280 563 445 591 testimoniis
472 562 627 589 lirmitatem
658 569 689 588 ac
715 561 798 587 robur
821 568 853 586 ex
876 559 1059 594 antiquiorum

279 610 442 644 scriptorum
458 607 620 635 auctoritate
640 606 815 641 quaesierunt.
833 604 864 631 Et
883 604 927 630 alii
951 603 1061 638 quidem

280 656 416 683 adhaesere
430 646 542 685 Graecis,
559 652 604 679 alii
621 659 685 678 vero
700 659 731 678 ex
746 658 835 677 rerum
851 650 930 677 etia'n
950 648 1061 675 Phaaui-

280 702 403 731 ciarum,
439 699 627 726 Cltaldzearum
657 702 683 724 et
709 696 896 731 Egyptiarum
925 695 1062 722 historicis

280 751 438 782 argumenta
460 745 596 780 petierunt
613 753 619 770 :
635 748 663 770 at
685 742 767 770 simul
791 742 922 774 universi,
950 741 1060 771 Grmcis,

280 793 414 824 barbaris,
442 791 637 825 llebraicisque
657 789 739 816 rebus
763 788 814 815 sub
842 795 896 814 uno
923 787 1063 814 collocatis

1115 292 1143 310 τε
1158 284 1221 318 παρ’
1233 282 1323 313 αὐτοῖς
1337 280 1471 316 Ἑϐραίοις
1482 277 1692 312 συναγαγόντες.
1704 275 1751 302 καὶ
1763 275 1813 306 τὰς
1825 274 1902 310 παρὰ

1115 330 1198 356 πᾶσιν
1222 328 1341 362 ἱστορίας
1359 326 1543 362 παραθέντες,
1559 324 1660 360 θατέρᾳ
1681 331 1711 348 τε
1735 321 1784 357 τὴν
1804 321 1902 356 ἑτέραν

1115 374 1342 411 συγκρούσαντες,
1359 372 1392 398 τά
1406 371 1480 407 παρὰ
1493 373 1548 402 τοῖς
1564 371 1648 396 πᾶσιν
1661 368 1713 395 ὑπὸ
1725 368 1787 399 τοὺς
1802 367 1902 399 αὐτοὺς

1114 421 1224 456 χρόνους
1244 419 1398 455 πραχθέντα
1416 417 1636 453 συνεξητάκασιν.
1661 413 1718 442 Εἶθ’
1735 414 1848 446 ἕκαστος
1861 415 1888 440 οἰ

1115 466 1203 498 κείαις
1217 465 1337 501 μεθόδοις
1353 459 1402 499 τὴν
1415 463 1469 490 τῶν
1480 461 1717 496 ἀποδεικνυμένων
1729 459 1900 494 κατασκευὴν

1115 513 1309 548 πεποιημένος.
1327 511 1470 547 σύμφωνον
1482 510 1529 536 καὶ
1543 508 1761 544 ὁμολογουμένην
1772 507 1820 542 τὴν
1831 506 1900 533 ἀπύ-

1114 559 1196 592 δειξιν
1221 558 1423 594 εἱσηνέγκαντο.
1448 557 1492 582 Διὸ
1514 556 1561 583 καὶ
1585 555 1701 591 μάλιστα
1730 555 1789 586 ταῖς
1805 553 1900 584 αὑταῖς

1115 605 1260 640 ἡγησάμην
1285 604 1340 630 δεῖν
1368 602 1566 639 παραχωρῆσαι
1590 601 1691 635 φωναῖς
1711 600 1756 626 τὸν
1779 598 1900 634 παρόντα

1115 651 1202 685 λόγον,
1213 651 1286 682 ὅπως
1301 649 1367 685 ὁμοῦ
1383 649 1436 675 τῶν
1451 647 1559 674 οἰκείων
1576 647 1613 682 μὴ
1628 647 1819 681 ἀποστεροῖντο
1830 654 1899 680 καρ-

1116 697 1174 722 πῶν
1194 697 1218 722 οἱ
1234 696 1288 722 τῶν
1304 696 1390 729 λόγων
1412 694 1544 728 πατέρες,
1561 693 1606 719 καὶ
1628 691 1672 719 διὰ
1689 692 1816 718 πλειόνων
1831 700 1900 727 μαρ-

1115 742 1214 778 τύρων,
1227 741 1294 768 ἀλλὰ
1308 741 1345 777 μὴ
1360 741 1392 776 δὴ
1403 741 1461 772 ἐνὸς
1472 739 1539 775 ὁμοῦ
1548 741 1564 775 ἡ
1574 739 1700 770 σύστασις
1711 738 1761 773 τῆς
1772 737 1900 773 ἀληθείας

1116 788 1316 824 ἀναμφίλεκτον
1331 786 1407 813 λάϐοι
1424 786 1472 822 τὴν
1485 785 1662 821 ὲπικύρωσιν.

279 843 400 873 aspectu,
420 837 596 871 omniumque
618 834 778 870 populerum
797 833 918 860 historiis
946 832 1016 860 inter
1047 841 1076 860 se
1096 834 1262 869 propiusque
1274 833 1440 863 commissis.
1456 840 1516 867 qua:
1545 831 1752 866 apudquosque
1766 830 1818 857 sub
1829 829 1898 856 idem

277 890 386 920 tempus
398 888 472 919 gesta
498 883 607 914 fuerint,
623 889 685 909 cum
709 881 770 908 aliis
794 880 845 906 alia
871 879 1013 914 diligenter
1028 887 1146 914 expensa
1177 881 1362 908 contulerunt.
1377 878 1446 906 Tum
1479 885 1556 905 suam
1584 877 1685 912 quique
1702 876 1773 903 viam
1800 882 1832 902 ac
1848 882 1900 902 me-

279 931 392 958 thodum
417 928 513 961 secuti,
537 933 627 962 partes
644 926 762 961 suscepti
785 925 875 961 operis
900 925 1022 960 singuias
1045 925 1081 952 ita
1101 927 1282 960 digesserunt,
1301 931 1330 953 ut
1354 933 1448 953 omnes
1465 929 1535 952 mter
1552 931 1612 951 sese
1636 923 1772 950 constanti
1799 921 1900 949 fuerint

279 985 312 1005 ac
325 981 397 1006 certa
415 975 648 1004 demonstratione
662 973 806 1007 complexi.
821 971 953 1004 Quocirca
968 971 1056 999 locum
1077 972 1167 999 verbis
1192 979 1334 1000 auctorum
1363 971 1510 1006 ipsissimis
1534 970 1585 997 hac
1607 970 1634 996 in
1658 968 1843 1004 disputatione
1857 975 1901 994 re-

279 1024 457 1059 linquendum
475 1022 578 1057 putavi,
608 1020 688 1048 simul
714 1024 745 1046 ut
772 1027 806 1046 ne
830 1026 941 1046 suorum
967 1019 1034 1053 ipsis
1053 1018 1176 1046 laborum
1203 1019 1306 1045 l'rnctus
1329 1017 1509 1052 prscripiatur,
1539 1016 1620 1043 simul
1642 1020 1670 1043 ut
1696 1018 1823 1048 suscepta
1851 1021 1901 1048 pro

278 1070 392 1098 veritate
415 1068 548 1099 defensio,
566 1075 619 1094 non
645 1074 678 1093 ex
702 1065 793 1098 unius,
820 1065 866 1092 sed
892 1072 925 1091 ex
948 1065 1066 1100 plurium
1087 1065 1194 1093 testium
1220 1073 1267 1092 ore
1287 1064 1366 1092 fidem
1389 1064 1463 1091 omni
1491 1063 1658 1090 dubitatione
1684 1062 1814 1097 majorem
1830 1060 1900 1088 acci-

278 1118 344 1153 piat.
361 1115 506 1144 Ordiamur
516 1115 550 1142 ab
563 1114 702 1141 Africano.

587 1159 702 1187 CAPUT
722 1159 756 1187 Χ.

406 1206 448 1233 Ex
468 1206 586 1241 Africani
607 1205 830 1239 Chrouogruphiaz
848 1205 935 1231 tertio.

318 1262 328 1279 ι
350 1254 420 1279 Ante
437 1252 620 1288 olympiadum
639 1251 750 1282 seriem,
777 1250 866 1285 inquit
884 1250 938 1280 ille,
950 1249 1059 1277 Graeco-

279 1306 341 1326 rum
358 1298 386 1325 in
404 1298 519 1325 historia
535 1297 600 1324 certi
631 1297 698 1324 nihil
725 1296 912 1331 exploratique
927 1296 1060 1330 reperias,

279 1352 366 1380 usque
382 1344 449 1371 adeo
466 1343 622 1378 perturbata
637 1347 701 1370 sunt
715 1342 817 1375 omnia,
840 1349 890 1368 nec
902 1341 955 1368 ulla
969 1349 1061 1368 secum

278 1398 313 1418 ex
335 1394 411 1425 parte
425 1389 610 1422 consentiunt,
625 1396 685 1423 quae
703 1392 781 1415 antea
796 1387 943 1422 contigisse
962 1394 1063 1414 atexno-

279 1441 385 1463 rantur.
413 1435 448 1462 At
473 1435 500 1462 in
526 1434 725 1470 olympiadibus
749 1433 904 1468 digerendis
935 1437 1062 1460 accurate

278 1482 362 1518 488
377 1482 453 1510 multi
473 1481 670 1518 diligenterque
695 1479 795 1507 versati
819 1484 894 1513 sunt,
919 1480 991 1515 quod
1007 1487 1062 1507 non

280 1528 360 1563 longo
376 1527 526 1558 intervallo,
544 1527 590 1554 sed
606 1530 711 1553 tantum
727 1533 778 1552 suo
789 1525 922 1560 cujusque
936 1533 980 1552 res
992 1533 1061 1560 qua-

279 1573 404 1602 tlriennio
417 1574 542 1601 delinitas
559 1572 644 1599 Gr'eci
667 1571 933 1606 comprehensasque
949 1571 1063 1606 perscri-

278 1619 393 1654 pserint.
416 1618 596 1652 Quamobrem
618 1625 649 1645 ex
666 1617 797 1645 fabulosis
816 1617 879 1649 illis,
892 1624 952 1651 quae
962 1617 995 1644 ad
1008 1618 1063 1652 pri-

279 1673 351 1693 mam
372 1673 458 1700 usque
468 1664 649 1700 Olympiadem
667 1665 738 1690 fama
751 1664 857 1691 caeteris
873 1669 899 1691 et
918 1664 1060 1690 hominum

279 1711 407 1747 opinione
421 1710 603 1745 praestiterint,
631 1710 748 1737 breviter
774 1710 932 1745 cursimque
959 1709 1060 1743 libatis,

279 1765 341 1792 qua:
357 1761 451 1792 postea
467 1755 642 1791 contigerint,
660 1763 692 1782 ea
713 1755 736 1783 si
754 1756 834 1783 modo
858 1755 975 1791 insignia
991 1755 1062 1783 vide~

279 1804 390 1836 buntur,
406 1804 443 1831 ita
459 1811 520 1831 cum
534 1802 636 1830 Graecis
651 1802 763 1830 Hebraea
777 1807 932 1834 conteram,
945 1807 974 1829 ut
986 1801 1061 1830 Grae-

1383 1154 1580 1182 ΚΕΦΑᾹΑΙΟΝ
1599 1155 1626 1180 l'.

1119 1205 1184 1231 Ἀπὸ
1206 1204 1258 1232 τοῦ
1279 1204 1378 1238 τρίτου
1396 1203 1453 1230 τῶν
1474 1199 1645 1236 Ἀφρικανοῦ
1661 1197 1897 1233 Χρονογραφιῶν.

1152 1262 1160 1278 ι
1174 1252 1262 1288 Μέχρι
1278 1252 1326 1285 μὲν
1341 1249 1528 1285 Ὀλυμπιάδων
1539 1247 1613 1275 οὐδὲν
1629 1245 1742 1282 ἀκριϐὲς
1759 1246 1897 1281 ἱστόρηται

1112 1300 1167 1330 τοῖς
1178 1297 1300 1333 Ἕλλησι,
1315 1297 1423 1323 πάντων
1437 1293 1656 1330 συγκεχυμένων,
1673 1292 1720 1318 καὶ
1732 1290 1802 1318 κατὰ
1815 1291 1897 1326 μηδὲν

1113 1345 1203 1376 αὐτοῖς
1220 1343 1273 1370 τῶν
1286 1342 1386 1378 προτοῦ
1403 1340 1632 1377 συμφωνούντων
1648 1339 1675 1365 αἱ
1701 1337 1729 1364 δὲ
1743 1336 1896 1372 ἡκρῖϐωντο

1113 1391 1229 1422 πολλοῖς,
1242 1389 1280 1425 τῷ
1293 1389 1328 1424 μὴ
1350 1389 1382 1414 ἐκ
1397 1387 1523 1414 πλείστου
1538 1385 1730 1420 διαστήματος,
1745 1383 1788 1409 διὰ
1798 1390 1895 1416 τετρα-

1113 1437 1187 1468 ετίας
1194 1436 1231 1467 δὲ,
1242 1435 1291 1466 τὰς
1305 1433 1464 1469 ἀναγραφὰς
1478 1432 1567 1459 αὐτῶν
1579 1429 1778 1459 ποιεῖσθαιτοὺς
1791 1426 1891 1460 Ἕλλη-

1114 1491 1171 1514 νας.
1186 1479 1222 1509 Οὒ
1239 1481 1270 1517 δὴ
1286 1481 1365 1516 χάριν
1379 1480 1426 1510 τὰς
1444 1477 1618 1510 ἐνδοξοτάτας
1633 1483 1681 1502 και
1698 1472 1826 1509 μυθώδεις
1839 1472 1896 1497 ἐπι-

1113 1528 1260 1563 λεξάμενος
1277 1517 1411 1562 ἱστορίας,
1428 1524 1508 1560 μέχρι
1523 1523 1571 1558 τῆς
1589 1520 1700 1557 πρώτης
1719 1518 1896 1554 Ὀλυμπιάδος

1113 1572 1332 1609 ἐπιδραμοῦμαι·
1350 1571 1399 1602 τὰς
1413 1570 1442 1597 δὲ
1464 1569 1533 1604 μετὰ
1548 1567 1635 1595 ταῦτα
1646 1587 1653 1598 ,
1677 1565 1807 1598 συζεύξας
1825 1564 1896 1591 κατὰ

1114 1619 1208 1655 χρόνον
1222 1618 1356 1649 ἑκάστας,
1371 1616 1398 1642 εἴ
1410 1623 1481 1647 τινες
1498 1614 1638 1649 ἐπίσημοι,
1654 1613 1713 1643 ταῖς
1730 1611 1896 1645 Ἑλληνικαῖς

1114 1665 1161 1696 τὰς
1180 1662 1336 1700 Ἐϐραῖκὰς,
1350 1660 1494 1697 ὲξιστορῶν
1512 1659 1561 1695 μὲν
1574 1659 1608 1685 τὰ
1626 1657 1768 1693 Ἑϐραίων,
1780 1655 1899 1691 ἐφαπτό-

1116 1719 1194 1746 μενος
1213 1710 1241 1736 δὲ
1259 1709 1313 1735 τῶν
1336 1706 1508 1742 Ἑλληνικῶν,
1526 1705 1673 1741 ἐφαρμόσω
1689 1703 1764 1730 τόνδε
1775 1702 1821 1729 τον
1836 1701 1898 1737 τρό-

1114 1765 1164 1783 πον
1174 1765 1180 1771 ·
1194 1755 1339 1790 λαϐόμενος
1357 1754 1420 1789 μιᾶς
1437 1752 1563 1788 πράξεως
1588 1750 1734 1786 Ἑϐραῖκῆς
1749 1748 1897 1784 ὁμοχρόνου

1116 1800 1212 1837 πράξει
1227 1801 1271 1835 ὑφ’
1290 1799 1423 1834 Ἑλλήνων
1436 1795 1618 1832 ἱπορηθείσῃ,
1629 1794 1676 1821 καὶ
1690 1793 1792 1833 ταύτης
1807 1792 1898 1827 ἐχόμε-

279 1851 320 1878 cis
346 1851 433 1878 obiter
460 1850 592 1877 duntaxat
615 1849 778 1884 perstrictis,
794 1848 917 1876 historici
935 1855 1009 1875 more
1024 1847 1062 1876 fu-

1114 1857 1172 1881 νος,
1189 1847 1314 1883 ἀφαιρῶν
1330 1855 1359 1873 τε
1376 1845 1422 1872 καὶ
1445 1843 1615 1880 προστιθεὶς,
1633 1843 1675 1874 τίς
1688 1850 1716 1868 τε
1741 1841 1854 1876 Ἕλλην,
1879 1840 1896 1876 ἢ

279 1897 337 1924 sius
351 1895 463 1923 Hebraea
477 1899 625 1930 pertexam.
642 1893 671 1921 In
686 1902 740 1929 quo
753 1894 887 1929 ejusmodi
899 1893 991 1921 futura
1003 1901 1061 1921 mea

278 1942 350 1969 ratio
361 1946 411 1974 est,
428 1946 457 1968 ut
468 1941 574 1976 quoties
586 1940 746 1968 Hebraicam
762 1940 914 1972 historiam,
928 1947 988 1975 qua:
1000 1947 1061 1967 cum

278 1988 371 2016 Graeca
386 1988 478 2023 aliqua
491 1993 610 2022 tempore
635 1986 789 2019 conveniat,
808 1986 975 2013 tractandam
1000 1993 1062 2013 sus-

280 2042 388 2069 cepero,
419 2034 498 2061 toties
514 2033 541 2060 in
560 2041 591 2060 ea
609 2036 767 2060 constanter
784 2032 900 2065 haerens,
921 2032 1061 2064 detractis,

280 2082 326 2108 ubi
342 2088 386 2108 res
410 2080 512 2113 tulerit,
538 2079 687 2114 adjectisve
710 2078 860 2110 nonnullis,
887 2078 1000 2112 quinam
1017 2081 1063 2104 aut

279 2127 446 2158 Grmcorum,
459 2131 505 2153 aut
517 2125 674 2158 Persarum,
686 2129 733 2152 aut
749 2124 843 2159 populi
860 2123 981 2159 cujusvis
996 2123 1062 2150 alte-

278 2174 348 2205 rius,
363 2173 483 2207 ejusdem
495 2176 616 2206 tempore
632 2171 765 2202 ﬂoruerit,
778 2169 898 2205 aperiant
915 2178 921 2196 :
939 2169 979 2196 sic
989 2169 1061 2196 enim

278 2220 339 2254 ejus
357 2227 401 2247 me
416 2221 536 2252 detnum,
556 2218 631 2253 quod
652 2217 821 2252 propositum
839 2216 906 2242 mihi
920 2219 972 2246 est,
987 2223 1063 2242 com—

278 2270 368 2301 potetn
392 2264 514 2292 futurum
543 2263 680 2291 existimo.
696 2262 819 2289 Primqu
844 2260 926 2295 igitur
942 2259 1062 2287 Celebra-

279 2312 386 2339 tissima
401 2311 446 2338 illa
458 2309 632 2337 ﬂcbrmorum
649 2307 788 2343 migratio,
810 2314 872 2334 cum
888 2314 902 2333 a
916 2305 1063 2333 Nabucho~

278 2358 415 2385 douosore
442 2355 588 2391 Babylonis
618 2362 681 2389 rege
708 2354 735 2380 in
769 2353 927 2380 servitutem
954 2347 1062 2379 abdu‘cti

278 2407 353 2436 sunt,
371 2410 458 2430 annos
473 2401 560 2428 tenuit
570 2399 756 2435 septuaginta,
778 2398 817 2425 uti
841 2398 964 2425 futurum
987 2396 1063 2424 Jere-

278 2449 348 2476 mias
365 2452 428 2476 ante
442 2447 614 2482 przedixerat.
628 2445 713 2472 Porro
726 2443 1002 2471 Nabuchodonosoris
1014 2442 1063 2469 Be-

277 2502 358 2522 rosus
386 2501 495 2529 quoque
521 2491 687 2527 Babylonius
713 2490 846 2518 meminit.
875 2488 985 2515 Exactis
1008 2488 1061 2515 illis

277 2540 450 2575 septuaginta
465 2538 630 2574 captivitatis
643 2537 735 2569 annis,
749 2535 838 2571 Cyrus
858 2534 998 2562 Persicum
1016 2541 1060 2560 re-

279 2593 361 2622 gnum
377 2585 504 2618 obtinuit,
516 2592 578 2612 cutn
598 2583 732 2619 olympiae
750 2585 876 2616 ageretur
891 2580 1061 2614 quinquage-

278 2633 348 2659 sima
362 2631 468 2666 quinta,
486 2631 526 2657 uti
550 2637 581 2656 ex
602 2628 713 2656 Diodori
728 2626 894 2654 Bibliotheca
905 2645 912 2658 ,
928 2625 1018 2652 Thalli
1034 2629 1061 2652 et

277 2677 409 2708 Castoris,
432 2682 483 2702 nec
497 2683 549 2701 non
564 2674 669 2709 Polybii
693 2678 721 2700 et
742 2671 902 2707 Phlegontis
926 2670 1060 2702 historiis,

278 2722 385 2750 auferre
404 2721 483 2752 licet;
501 2720 616 2754 aliisque
641 2724 782 2755 praeterea,
806 2718 854 2753 qui
877 2717 1061 2753 olympiadum

278 2768 376 2796 seriem
397 2770 544 2794 texuerunt
568 2775 575 2793 :
594 2765 722 2793 omnibus
743 2764 816 2792 enim
833 2764 860 2790 in
883 2771 916 2790 eo
941 2767 1062 2796 tempore

277 2813 431 2841 definiendo
447 2811 583 2839 convenit.
599 2811 686 2846 Cyrus
700 2810 782 2845 igitur
802 2816 875 2836 anno
896 2807 1002 2842 imperii
1017 2807 1059 2834 sui

279 2860 376 2894 primo.
389 2857 609 2893 quiolympiadis
624 2856 859 2891 quinquagesimae
881 2855 982 2889 quinta:
1005 2853 1062 2888 pri-

315 2923 327 2937 ⁸
349 2925 391 2951 γρ.
409 2914 593 2948 συνεχοὰνισεν

1114 1895 1230 1930 Πέρσης,
1246 1894 1262 1929 ἢ
1279 1894 1325 1920 καὶ
1338 1891 1460 1919 ὁστισοῦν
1474 1892 1507 1926 τῇ
1524 1889 1655 1925 Ἐϐραίων
1670 1887 1896 1923 συνεχρόνησενι,

1113 1940 1373 1976 ὲπισημειούμενος,
1405 1938 1470 1969 ἴσως
1508 1937 1539 1963 ἂν
1567 1935 1614 1962 τοῦ
1641 1933 1742 1961 σκοποῦ
1776 1933 1895 1968 τύχοιμι.

1119 1987 1252 2023 Ἐϐραίων
1271 1986 1319 2022 μὲν
1333 1984 1379 2012 οὖν
1398 1986 1414 2020 ἡ
1439 1983 1562 2019 μετοικία
1579 1980 1778 2016 ἐπισημοτάτη,
1796 1980 1897 2014 αἰχμα-

1113 2032 1295 2060 λωτισθέντων
1310 2031 1362 2058 ὑπὸ
1374 2029 1606 2065 Ναϐουχοδονόσορ
1623 2026 1753 2062 βασιλέως
1769 2024 1897 2051 Βαϐυλῶ-

1113 2088 1167 2112 νος,
1179 2078 1336 2114 παρέτεινεν
1346 2077 1392 2111 ἐτη
1404 2079 1435 2108 o’,
1447 2075 1517 2102 καΟὰ
1534 2075 1734 2109 προεφήτευσεν
1750 2070 1894 2107 Ἱερεμίας.

1113 2124 1166 2151 Τοῦ
1183 2124 1215 2160 δὴ
1230 2121 1463 2157 Ναϐουχοδονόσορ
1483 2118 1646 2155 μνημονεύει
1663 2117 1808 2152 Βηρωσσδς
1823 2117 1836 2142 ὁ
1848 2116 1896 2142 Βα-

1113 2171 1252 2201 ϐυλώνιος.
1266 2169 1342 2196 Μετὰ
1356 2168 1384 2195 δὲ
1398 2167 1432 2194 τά
1448 2171 1468 2193 ο¹
1485 2167 1533 2201 τῆς
1547 2164 1734 2200 αἰχμαλωσίας
1747 2163 1794 2198 ἐτη
1807 2162 1898 2198 Κῦρος

1114 2216 1226 2252 Περσῶν
1241 2215 1412 2246 ἐϐασίλευεν,
1435 2210 1456 2247 ᾧ
1471 2212 1524 2238 ἔτει
1545 2210 1694 2246 Ὀλυμπιὰς
1711 2209 1780 2244 ἤχθη
1798 2212 1844 2238 νε¹,
1860 2208 1897 2239 ὡς

1114 2263 1146 2288 ἐκ
1160 2261 1213 2287 τῶν
1228 2258 1428 2292 Βιϐλιοθηκῶν
1441 2256 1573 2291 Διοδώρου
1582 2276 1589 2288 ,
1616 2255 1663 2282 καὶ
1678 2253 1723 2281 τοῦ
1737 2253 1838 2280 Θαλλοῦ
1852 2252 1898 2279 καὶ

1114 2309 1253 2342 Κάστορος
1269 2304 1394 2341 ἱστοριῶν
1404 2324 1411 2336 ,
1427 2303 1466 2330 ἔτι
1487 2303 1516 2330 δὲ
1542 2301 1671 2328 Πολυϐίου
1687 2300 1733 2327 καί
1754 2299 1898 2332 Φλέγοντος

1114 2353 1187 2380 ἐστιν
1204 2352 1304 2386 εὑρεῖν,
1320 2349 1388 2376 ἀλλὰ
1404 2349 1450 2376 καὶ
1466 2348 1577 2384 ἐτέρων,
1593 2343 1633 2378 οἷς
1647 2345 1780 2381 ἐμέλησεν
1799 2344 1897 2378 Ὀλυμ.-

1114 2399 1216 2426 πιάδων
1228 2407 1234 2413 ·
1259 2398 1344 2424 ἅπασι
1366 2396 1420 2432 γάρ
1438 2393 1626 2429 συνεφώνησεν
1646 2393 1660 2418 ὁ
1684 2392 1791 2426 χρόνος.
1809 2389 1898 2423 Κῦρος

1114 2446 1135 2472 δ’
1151 2443 1197 2471 οὖν
1208 2445 1246 2480 τῷ
1263 2443 1362 2479 πρώτῳ
1375 2442 1423 2477 τῆς
1439 2441 1525 2475 ἀρχῆς
1541 2439 1604 2470 ἔτει,
1618 2439 1686 2472 ὅπερ
1702 2435 1735 2471 ἦν
1751 2432 1898 2470 Ὀλυμπιά-

1114 2492 1157 2523 δος
1171 2494 1207 2517 νε¹
1223 2479 1282 2521 ἔτος
1297 2489 1326 2515 τὺ
1340 2487 1457 2523 πρῶτον,
1474 2485 1518 2512 διὰ
1536 2482 1701 2519 Ζοροϐάϐελ,
1719 2480 1779 2507 καθ’
1796 2480 1825 2506 ὃν
1847 2479 1899 2513 Ἰη-

1114 2536 1177 2567 σοῦς
1191 2537 1205 2562 ό
1220 2535 1266 2561 τοῦ
1285 2533 1421 2563 Ἰωσεδὲκ,
1437 2531 1484 2566 τὴν
1502 2529 1613 2566 πρώτην
1639 2527 1685 2554 καὶ
1703 2525 1817 2561 μερικὴν
1829 2523 1897 2550 ἀπό-

1114 2581 1218 2616 πεμψιν
1242 2580 1387 2615 ἐποιήσατο
1401 2577 1447 2604 τοῦ
1462 2575 1538 2606 λαοῦ,
1554 2572 1743 2610 πληρωθείσης
1758 2570 1809 2605 τῆς
1826 2568 1900 2595 €660-

1117 2615 1323 2663 μηκονταετίας,
1339 2625 1377 2655 ὼς
1390 2624 1418 2650 ὲν
1435 2622 1473 2658 τῷ
1485 2621 1587 2656 Ἔσδρᾳ
1600 2619 1675 2654 παρὰ
1690 2618 1746 2649 τοῖς
1763 2615 1899 2651 Ἐὃραὶοις

1117 2674 1265 2709 ἱστόρηται.
1278 2672 1310 2698 Αἱ
1328 2671 1376 2706 μὲν
1389 2667 1435 2696 οὖν
1450 2667 1564 2703 ἱστορίαι
1576 2666 1762 2702 συντρέχουσι,
1771 2662 1862 2698 Κύρου
1870 2669 1899 2688 τε

1117 2706 1254 2752 βασιλείας
1279 2717 1326 2743 καὶ
1348 2714 1536 2751 αἰχμαλωσίας
1555 2711 1666 2742 τέλους·
1690 2710 1736 2737 καὶ
1756 2707 1827 2735 κατὰ
1851 2706 1900 2738 τὰς

1123 2764 1304 2799 Ὀλυμπιάδας
1318 2762 1403 2793 οὕτως
1418 2761 1457 2793 εἰς
1473 2759 1546 2795 ἡμᾶς
1565 2757 1742 2793 εὑρεθήσεται
1756 2752 1902 2789 συμφωνή-

1116 2818 1216 2837 σαντα·
1237 2808 1342 2838 τούτοις
1357 2807 1411 2842 γὰρ
1428 2805 1571 2840 ἑπόμενοι,
1590 2803 1637 2829 καὶ
1653 2801 1702 2833 τὰς
1715 2799 1812 2830 λοιπὰς
1833 2799 1902 2824 [nov

1118 2857 1177 2892 ρίας
1193 2855 1262 2882 κατὰ
1275 2854 1320 2880 τον
1341 2853 1422 2879 αὐτὸν
1444 2852 1520 2878 λόγον
1544 2849 1671 2880 ἀλλήλαις
1692 2845 1899 2882 ἐσαρμόσομεν
