2091 3208
234 185 285 212 8i5

807 179 966 209 PREPAR.
984 177 1110 206 EVA‘NG.
1131 177 1194 205 LIB.
1219 177 1250 205 X.

1791 178 1842 204 8M

247 245 279 276 ὰς
298 244 327 271 δέ
348 243 400 279 πρὸ
421 243 540 274 τούτων,
561 239 611 268 ὧδέ
634 249 692 272 πως
708 241 755 276 τῆς
774 240 896 276 Ἀττικῆς
919 247 1008 275 χρονο-
1025 242 1041 270 Α

1062 245 1122 265 mus
1138 238 1201 265 item
1214 246 1301 266 annus
1315 243 1382 269 erat,
1401 245 1447 272 per
1458 237 1662 270 Zorubabelcm,
1675 237 1753 272 cujus
1762 239 1842 265 etiam

231 289 349 326 γραφίας
362 288 563 325 ἀριθμουμένης
575 296 582 303 ·
605 287 659 314 ἀπὸ
675 287 786 321 Ὠγύγου
804 286 850 312 τοῦ
864 287 928 321 παρ’
940 285 1012 312 ὲκεί-

230 344 286 368 νοις
307 335 464 370 αὐτόχθονος
483 333 687 365 πιστευθέντος,
703 333 744 366 ἐφ’
761 330 791 359 οὗ
805 333 915 366 γέγονεν
934 332 948 358 ὁ
966 330 1013 366 μέ-

231 386 281 414 γας
315 381 361 406 καὶ
394 380 501 415 πρῶτος
531 379 561 405 ἐν
593 380 627 413 τῇ
663 378 770 413 Ἀττικῇ
802 377 1011 412 κατακλυσμὸς,

230 425 375 462 Φορωνέως
399 424 528 460 ’Δργείων
554 423 755 458 βασιλεύοντος,
776 423 813 454 ὡς
840 422 1012 453 Ἀκουσίλαος

232 473 341 507 ἱστορεῖ,
355 471 434 506 μέχρι
451 470 560 505 πρώτης
578 469 765 504 Ὀλυμπιάδος,
776 468 871 495 ὁπόθεν
885 468 1013 503 ’Έλληνες

231 517 360 554 ἀκριϐοῦν
376 518 437 548 τοὺς
453 516 563 551 χρόνους
573 516 710 551 ἐνόμισαν,
720 515 765 550 ἔτη
780 515 923 549 συνάγεται
940 514 1012 550 χίλια

231 565 340 590 εἴκοσιν·
367 563 405 594 ὡς
421 563 467 589 καὶ
483 564 538 593 τοῖς
561 561 768 597 προειρημένοις
796 562 948 596 συμφωνεῖ,
967 561 1012 587 καὶ

231 611 287 641 τοῖς
303 609 366 644 ἑξῆς
379 608 559 643 δειχθήσεται.
586 607 677 634 Ταῦτα.
697 607 751 643 γὰρ
777 607 923 642 Ἀθηναίων
946 608 1012 634 ἱστο-

233 655 342 689 ροῦντες
367 654 422 690 (64)
452 653 604 684 Ἑλλάνικός
629 661 658 679 τε
681 653 727 680 κοι)⁸
752 652 893 688 Φιλόχορος
916 654 940 679 οἱ
964 653 1013 684 τὰς

238 700 377 733 Ἀτθίδας,
387 700 413 726 οἴ
424 708 455 726 τε
466 700 500 726 τὰ
512 700 601 733 Σύρια
614 700 730 731 Κάστωρ
744 699 790 725 καὶ
803 699 912 730 Θαλλὸς,
921 699 965 726 καὶ
979 700 1012 726 τὰ

232 746 339 773 πάντων
354 745 483 781 Διόδωρος
499 746 513 770 ὁ
534 745 583 776 τὰς
606 744 800 777 Βιϐλιοθήκης
813 764 820 776 ,
843 744 1012 779 Ἀλέξανδρος

230 801 260 818 τε
273 793 288 819 ό
301 792 466 826 Πολυΐστωρ,
481 791 527 817 καί
544 799 614 822 τινες
626 791 679 817 τῶν
694 791 754 816 καθ’
768 791 842 825 ἡμᾶς
853 790 1011 825 ἀκριϐέστε-

232 846 277 874 ρον
292 837 466 873 ἐμνήσθησαν
477 858 483 869 ,
500 837 547 863 καὶ
557 836 611 862 τῶν
629 836 760 862 Ἀττικῶν
775 836 909 863 ἁπάντων.
926 836 959 862 Εἴ
972 845 1012 867 τις

230 883 277 912 οὖν
296 884 325 910 ἐν
342 885 397 915 τοῖς
414 883 508 918 χιλίοις
529 882 628 908 εἴκοσιν
644 882 732 908 ἕτετιν
755 882 889 916 ἐπίσημος
909 882 1012 917 ἱστορία

1063 284 1174 318 :rqualis
1186 283 1256 311 idem
1272 289 1298 311 et
1320 283 1412 312 socius
1434 287 1493 310 erat
1512 281 1593 310 Iesus
1613 282 1737 310 Josedcci
1760 283 1842 315 illius.

1062 330 1168 364 expleta
1183 330 1239 364 jam
1253 330 1424 365 septuaginta
1451 336 1585 356 annorum
1612 336 1730 362 summa,
1752 330 1843 364 popu.i

1061 375 1167 402 Judaici
1192 380 1294 410 partem
1322 375 1441 410 aliquam
1460 375 1579 410 primum
1594 375 1708 406 dimisit.
1726 379 1756 402 ut
1772 376 1843 410 apud

1063 421 1176 449 Esdram
1190 420 1331 448 chrmum
1347 421 1507 448 historicum
1520 421 1646 455 legimus.
1667 420 1700 447 Et
1713 421 1843 456 quoniam

1063 467 1138 502 regni
1164 467 1226 502 Cyri
1259 467 1422 502 principium
1447 475 1509 494 eum
1532 466 1651 494 Iudaicae
1680 467 1843 501 captivitatis

1063 514 1126 546 ﬁne,
1147 514 1341 540 historicorum
1360 513 1481 540 omnium
1502 513 1681 540 consensione
1694 513 1842 545 concurrit,

1062 559 1160 587 similis
1177 561 1257 587 etiam
1271 560 1297 586 in
1313 559 1496 594 olympiadum
1510 559 1599 590 anuis,
1614 566 1675 586 eum
1688 559 1841 594 utriusque,

1063 609 1118 631 tum
1136 608 1294 631 eaeterorum
1309 604 1436 638 deinceps
1447 603 1635 630 convenientia
1648 603 1682 631 ad
1695 611 1746 631 nos
1757 611 1843 638 usque

1061 650 1179 683 ducitur,
1198 650 1296 684 quippe
1312 649 1359 683 qui
1382 650 1416 676 ab
1431 657 1463 676 eo
1476 649 1558 676 veluti
1573 649 1682 677 cardine
1696 650 1841 684 progressi,

1062 700 1257 730 consequentes
1272 696 1373 730 pariter
1386 696 1514 723 historias
1530 696 1624 722 eadem
1643 696 1713 723 inter
1728 703 1787 723 sese
1799 704 1843 723 ra—

1062 741 1135 768 tione
1148 742 1321 769 commissuri
1345 742 1554 776 contexturique
1571 741 1667 768 simus.
1693 742 1729 768 At
1751 741 1777 767 in
1798 750 1842 768 su-

1062 788 1198 822 periorum
1217 788 1409 821 consignandis
1422 789 1601 822 temporibus,
1618 788 1640 815 si
1654 788 1748 815 Atticm
1760 788 1842 814 chro-

1062 833 1217 867 nographia:
1236 833 1368 860 rationem
1396 833 1473 867 sequi
1499 833 1573 865 libet,
1589 833 1623 860 ab
1644 832 1743 868 Ogyge,
1762 841 1842 868 quem

1063 877 1180 904 indidem
1198 882 1286 905 satum
1302 885 1363 905 esse
1377 878 1502 910 credunt,
1525 879 1576 906 sub
1596 886 1650 913 quo
1667 879 1761 914 ingens
1778 879 1842 906 illud

230 930 369 966 τυγχάνει,
381 929 450 958 κατὰ
464 929 493 956 τὸ
503 929 637 964 χρήσιμον
652 928 837 963 ἐκλεγήσεται.
855 937 863 953 ι
877 924 930 954 Καὶ
943 928 1011 963 μετὰ
1027 928 1041 954 ί]

1063 924 1234 959 primumque
1246 924 1389 957 diIUvium,
1401 929 1531 959 regnante
1542 925 1621 960 Argis
1633 924 1785 959 Phoroneo,
1796 925 1841 952 At-

232 976 336 1012 βραχέα
353 976 472 1009 ἐπιλέγει
482 983 489 990 ·
501 984 510 1000 ι
519 975 609 1009 Φαμὲν
617 975 706 1001 τοίνυν
719 974 750 1001 ἐκ
761 983 790 1000 τε
803 974 858 1009 (65)
872 974 948 1001 τοῦδε
960 975 1007 1001 τοῦ

232 1022 454 1057 συγγράμματος,
464 1021 589 1054 Ὤγυγον,
602 1020 631 1052 ὃς
642 1020 688 1047 τοῦ
700 1020 806 1056 πρώτου
818 1020 1008 1056 κατακλυσμοῦ

230 1067 340 1101 γέγονεν
353 1066 503 1100 ἐπώνυμος,
519 1064 623 1091 πολλῶν
638 1064 837 1100 διαφθαρέντων
849 1063 990 1094 διασωθεὶς
1001 1085 1008 1097 ,

231 1111 302 1139 κατὰ
321 1112 371 1147 τὴν
402 1112 539 1146 Αἴγυπτον
558 1111 612 1146 (66)
637 1111 684 1139 τοῦ
708 1110 772 1137 λαοῦ
796 1109 865 1145 μετὰ
889 1110 1008 1141 Μωσέως

229 1157 318 1191 ἔξοδον
334 1158 507 1193 γεγενῆσθαι,
527 1157 601 1184 τόνδε
617 1157 662 1184 τὸν
678 1157 787 1193 τρόπον.
814 1156 876 1182 Ἐπὶ
898 1154 1009 1191 πρώτην

236 1205 402 1241 Ὀλυμπιάδα
430 1204 480 1240 τὴν
508 1203 708 1240 προειρημένην
741 1202 794 1229 ἀπὸ
820 1202 932 1236 Ὠγύγου
961 1201 1007 1236 ἐτη

230 1252 400 1288 δειχθήσεται
423 1250 479 1286 (67)
497 1256 565 1285 ,ακη
581 1249 634 1276 ἀπὸ
654 1249 682 1274 δὲ
694 1247 805 1284 πρώτης
831 1247 1009 1282 Ὀλυμπιάδος

230 1298 276 1324 ἐπὶ
291 1298 340 1333 τῆς
357 1301 393 1323 ve’
407 1296 466 1328 ἐτος
481 1296 597 1331 πρῶτον,
613 1295 750 1322 τουτέστιν
766 1293 811 1320 ἐπὶ
827 1292 916 1328 Κύρου
933 1293 1009 1328 βασι-

231 1344 299 1375 λέως
312 1343 371 1375 ἔτος
386 1342 492 1377 πρῶτον
503 1363 511 1375 ,
526 1343 593 1377 ὅπερ
606 1339 640 1376 ἦν
655 1340 839 1376 αἰχμαλωσίας
854 1339 945 1371 τέλος,
961 1338 1008 1373 ἔτη

232 1388 298 1421 σιξ·
313 1390 366 1416 ἀπὸ
383 1388 494 1423 Ὠγύγου
508 1388 595 1414 τοίνυν
607 1388 652 1413 ἐπὶ
669 1387 758 1422 Κῦρον
771 1385 818 1420 ἔτη
836 1385 925 1420 γασλζκ
941 1385 972 1411 Εἰ
985 1384 1008 1411 δ’

230 1435 358 1471 ἀναφέρει
374 1444 415 1467 τις
437 1433 664 1469 ἐπιλογιζόμενος,
694 1432 747 1459 ἀπὸ
768 1432 814 1458 τοῦ
836 1431 929 1463 τέλους
959 1432 1009 1466 τῆς

230 1480 413 1516 αἰχμαλωσίας
427 1479 507 1515 γασλζν
530 1478 593 1513 ἐτη,
609 1478 679 1504 κατὰ
700 1477 827 1504 ἀνάλυσιν
855 1475 1008 1511 εὑρίσκεται

229 1526 325 1553 ταντδν
340 1526 476 1561 διάστημα
491 1524 536 1550 ἐπὶ
551 1525 582 1550 τὸ
597 1523 702 1560 πρῶτον
722 1518 780 1554 ἔτος
794 1522 843 1557 τῆς
855 1521 909 1548 ἀπὸ
926 1521 1008 1555 Αἰγύ-

230 1578 297 1597 πτου
324 1569 369 1596 διὰ
391 1568 511 1600 Μωσέως
531 1568 618 1602 ἐξόδου
642 1567 766 1603 Ἰσραὴλ,
795 1567 856 1593 ὅσον
878 1565 931 1592 ἀπὸ
957 1565 1008 1600 τῆς

1061 970 1141 997 ticam
1157 971 1291 998 invasisse
1300 970 1445 998 Acusilaus
1458 976 1554 998 auctor
1561 975 1612 1003 est,
1625 971 1659 998 ad
1670 971 1785 1006 primam
1797 979 1843 999 us-

1062 1022 1114 1050 que
1124 1014 1312 1050 olympiadem,
1330 1015 1399 1042 unde
1410 1014 1494 1043 Graeci
1510 1021 1664 1044 accuratam
1675 1017 1727 1044 sibi
1742 1023 1840 1053 tempo-

1061 1059 1216 1095 rum-5.89
1227 1059 1323 1087 seriem
1344 1059 1493 1087 ducendam
1509 1066 1679 1096 putaverunt,
1692 1063 1755 1090 anni
1768 1064 1841 1090 colli-

1063 1111 1162 1141 guntur
1174 1105 1268 1140 viginti
1282 1113 1362 1139 supra
1377 1105 1465 1138 mille;
1478 1107 1523 1141 qui
1538 1115 1667 1135 numerus
1681 1112 1708 1135 ct
1722 1117 1783 1136 cum
1796 1117 1843 1136 su-

1062 1151 1214 1186 perioribtts
1225 1150 1324 1185 optime
1336 1152 1470 1186 congruit,
1484 1156 1510 1178 et
1525 1159 1557 1178 ex
1570 1153 1738 1187 sequentium
1752 1155 1826 1182 decla
1835 1170 1842 1175 -

1059 1199 1162 1225 ratione
1175 1198 1320 1226 constabit.
1337 1196 1399 1225 Hrcc
1425 1197 1497 1225 enim
1513 1196 1668 1225 Hellanicus
1691 1202 1718 1224 et
1747 1196 1841 1223 Philo-

1058 1244 1169 1276 chorus,
1185 1244 1231 1279 qui
1250 1252 1291 1271 res
1308 1244 1420 1276 Atticas,
1439 1245 1557 1277 itemque
1571 1242 1666 1270 Castor
1677 1247 1704 1270 ct
1718 1242 1839 1275 Thallus,

1059 1290 1104 1325 qui
1122 1289 1247 1325 Syriacas
1264 1291 1399 1325 prosecuti
1425 1294 1498 1321 sunt,
1513 1289 1614 1324 quique
1638 1288 1756 1322 gentium
1780 1296 1836 1316 οιιισ

1059 1335 1134 1362 nium
1153 1335 1294 1362 historiam
1311 1335 1337 1362 in
1352 1334 1543 1361 Bibliolltecam
1559 1342 1635 1362 suattt
1655 1334 1765 1362 inclusit
1778 1334 1841 1362 Dio-

1058 1380 1152 1414 dorus,
1166 1385 1194 1409 et
1203 1380 1354 1408 Alexander
1375 1380 1529 1416 Polyhistor
1545 1380 1683 1407 memoriae
1711 1380 1840 1415 prodide-

1059 1433 1121 1455 runt
1135 1437 1142 1456 :
1160 1435 1275 1463 quorum
1292 1427 1382 1460 etiam,
1398 1435 1413 1455 e
1428 1427 1674 1461 nostris.pra1erea
1696 1426 1818 1454 nonnulli
1832 1447 1840 1459 ,

1057 1474 1213 1508 diligentius
1229 1482 1310 1508 quam
1330 1473 1410 1501 Attici
1427 1481 1521 1501 omnes
1534 1493 1542 1506 ,
1565 1472 1771 1506 accuratiusque
1784 1480 1842 1499 mc-

1058 1519 1170 1546 minere.
1188 1519 1296 1553 Itaque,
1311 1518 1334 1546 si
1352 1526 1412 1554 quae
1436 1518 1508 1546 mille
1523 1525 1555 1545 ac
1582 1517 1677 1552 viginti
1704 1524 1841 1544 annorum

1058 1564 1146 1599 spatio
1162 1565 1242 1598 paulo
1257 1564 1387 1599 insignior
1402 1567 1526 1591 occurret
1542 1563 1664 1594 historia,
1686 1570 1747 1590 eam
1764 1569 1840 1590 com-

229 1616 411 1651 πεντηκοστῆς
427 1599 558 1650 πέμπτης⁷
579 1599 755 1648 Ὀλυμπιάδος
773 1613 818 1639 ἐπὶ
834 1612 963 1646 Ὤγυγον,
978 1599 1007 1643 δς
1021 1599 1041 1627 c

1059 1610 1139 1636 mode
1152 1617 1203 1637 suo
1218 1610 1277 1637 loco
1291 1609 1425 1637 dabimus.
1452 1618 1461 1634 ι
1483 1608 1609 1644 ldetnque
1636 1608 1730 1643 pattcis
1756 1608 1840 1636 inter-

227 1662 334 1689 ἔκτισεν
353 1661 498 1688 Ἐλευσῖνα.
512 1661 591 1687 Ὅθεν
608 1659 802 1695 ἐπισημότερον
816 1659 874 1684 ἐστι
892 1657 1007 1684 καταλα-

228 1708 285 1734 ϐεῖν
298 1707 348 1742 τὴν
367 1707 490 1742 Ἀττικὴν
505 1706 713 1743 χρονογραφίαν.
729 1714 738 1730 ι
765 1705 818 1731 Καὶ
833 1705 891 1739 μεθ’
908 1704 988 1739 ἔτερα
998 1713 1004 1719 ’

231 1755 300 1781 «Καὶ
311 1753 429 1780 τοσαῦτα
443 1754 492 1788 μὲν
504 1754 556 1789 πρὸ
570 1752 691 1786 Ὠγύγου.
702 1751 780 1778 Κατὰ
793 1751 821 1777 δὲ
833 1751 896 1782 τοὺς
912 1750 1006 1777 τούτου

227 1803 339 1839 χρόνους
360 1801 456 1837 ἐξῆλθε
487 1801 588 1836 Μωσῆς
609 1801 655 1827 ἀπ’
670 1799 817 1833 Αἰγύπτου.
834 1799 889 1824 Καὶ
905 1798 942 1829 ὡς
958 1799 1007 1825 οὐκ

227 1846 339 1874 ἄπιστον
350 1846 411 1873 τότε
426 1846 511 1872 ταῦτα
525 1844 669 1880 συμϐῆναι,
683 1844 823 1879 δείκνυμεν
836 1843 931 1875 οὕτως.
940 1843 1006 1869 Ἀπὸ

225 1891 275 1928 τῆς
291 1892 380 1926 ἐξόδου
394 1892 515 1922 Μωσέως
543 1891 588 1917 ὲπὶ
606 1890 705 1925 Κῦρον,
719 1889 748 1921 ὃς
764 1889 921 1915 ἐϐασίλευσε
937 1888 1006 1924 μετὰ

223 1938 274 1974 τὴν
291 1937 492 1974 αἰχμαλωσίαν,
517 1937 563 1971 ἐτη
584 1936 676 1972 ,ασλξ⁵
690 1935 810 1967 Μωσέως
825 1935 879 1971 γὰρ
902 1934 948 1970 ἐτη
972 1934 1006 1961 τὰ

224 1985 305 2012 λοιπὰ
320 1984 538 2020 τεσσαράκοντα”
561 1982 647 2018 Ἰησοῦ
670 1981 716 2008 τοῦ
734 1982 791 2016 μετ’
815 1981 915 2007 ἐκεῖνον
936 1982 1006 2016 ἡγη-

226 2031 343 2067 σαμένου
366 2030 413 2066 ἐτη
437 2033 493 2056 κε’·
522 2027 713 2064 πρεσϐυτέρων
737 2027 782 2062 ἔτη
806 2026 838 2058 λ’,
862 2026 915 2053 τῶν
937 2026 1005 2061 μετὰ

231 2077 317 2113 Ἰησοῦ
342 2077 461 2113 κριτῶν·
481 2075 534 2102 τῶν
559 2075 587 2102 δὲ
614 2076 643 2101 ὲν
662 2075 696 2109 τῇ
726 2073 808 2108 βίϐλῳ
827 2073 880 2100 τῶν
905 2073 1005 2108 κριτῶν

225 2123 425 2160 περιεχομένων
439 2122 486 2157 ἔτη
499 2123 540 2154 υι,ι
550 2128 557 2136 ·
578 2119 670 2155 ἱερέων
684 2119 712 2145 δὲ
729 2119 802 2146 Ἠλεὶ
819 2119 865 2145 καὶ
881 2118 1006 2154 Σαμουὴλ

225 2168 272 2205 ἔτη
291 2171 325 2202 [ι’-
343 2169 396 2195 τῶν
412 2169 439 2194 δὲ
452 2167 514 2202 ἑξῆς
533 2165 801 2201 βασιλέωνἘσραίων
814 2164 860 2199 ἔτη
875 2164 1005 2200 τετρακό-

225 2223 271 2242 σια
288 2218 327 2249 μ’·
350 2213 384 2251 ἦς
405 2215 435 2241 τὺ
452 2215 604 2241 τελευταῖον
617 2212 672 2247 (68)
689 2211 746 2243 έτος
766 2209 800 2247 ἦν
822 2211 913 2246 Κύρου
931 2211 1006 2246 βασι-

224 2261 299 2292 λείας
318 2261 377 2292 ἔτος
393 2260 515 2295 πρῶτον,
530 2259 568 2291 ὼς
580 2258 793 2294 προειρήκαμεν.
813 2257 873 2283 Ἐπὶ
887 2257 915 2283 δέ
931 2257 1005 2292 πρώ-
1021 2268 1041 2294 D

224 2316 275 2343 της
299 2306 476 2342 Ὀλυμπιάδος
496 2305 550 2331 ἀπὸ
568 2304 690 2335 Μωσέως
707 2303 752 2338 ἔτη
772 2306 836 2337 ρκ’,
857 2303 934 2337 εἴπερ
956 2302 1003 2328 ἐπὶ

223 2352 408 2388 πεντηκοστῆς
415 2352 541 2387 πέμπτης
551 2350 608 2381 ἔτος
617 2350 722 2385 πρῶτον
730 2349 776 2383 ἔτη
785 2349 873 2384 psic".
883 2350 939 2375 Κάν
949 2350 1004 2379 τοῖς

228 2398 391 2433 Ἑλληνικοῖς
412 2397 575 2432 συνέδραμεν
596 2397 610 2422 ὁ
630 2395 732 2431 χρόνος.
749 2395 826 2421 Μετὰ
839 2395 868 2420 δὲ
889 2395 1003 2428 Ὤγυγον

220 2443 267 2471 διὰ
281 2443 330 2479 τὴν
341 2443 394 2471 ἀπὸ
410 2443 456 2470 τοῦ
475 2441 668 2477 κατακλυσμοῦ
680 2441 779 2476 πολλὴν
792 2441 893 2476 φθορὰν
908 2440 1002 2467 ἀϐασί-

258 2520 313 2555 (64)
334 2520 428 2547 Ταῦτα
449 2519 503 2554 γὰρ
520 2520 617 2555 ’ᾼθιηνἶ
633 2519 726 2551 Ζστορ.
745 2515 834 2542 Malim
849 2514 934 2542 ταῦτα
950 2516 1003 2551 γὰρ

223 2554 384 2588 ίαέοροῦσιν,
402 2555 489 2582 deleto
508 2554 667 2588 ’Λθηναίων.

258 2564 281 2582 το
315 2563 384 2586 υσιν,
402 2563 489 2582 σειοιο
517 2563 667 2588 Αυηναιων.

258 2563 313 2626 (σέ
333 2591 385 2616 Ἕκ
401 2599 442 2617 τε.
462 2590 594 2626 Particula
615 2597 661 2620 τε,
685 2592 731 2615 aut
751 2585 928 2621 cxpungcuda
945 2591 1002 2617 est,

221 2624 270 2654 aut
284 2625 387 2660 aliquid
400 2625 472 2652 aliud
486 2624 615 2660 postulat.

256 2661 313 2695 (66)
331 2659 493 2695 Ὰῑγυπτον.
524 2659 588 2686 Dele
603 2659 673 2685 hanc
694 2665 805 2690 vocem,
832 2660 878 2683 aut
902 2663 1002 2690 rcpoue

218 2696 267 2723 ἀπ’
281 2695 433 2730 Δίγύπτουι
446 2704 448 2707 ·

255 2731 313 2766 (67)
320 2727 530 2766 ᾍειχθήσεται.
546 2728 623 2766 Forte
634 2727 795 2766 δεικνύεται.

329 2759 434 2800 ᾞξτό
447 2763 626 2800 τελευταζον.
652 2762 731 2789 Deest
750 2763 793 2800 hic
810 2761 922 2800 aliquid.
940 2759 1001 2800 Quo

219 2795 334 2828 enimio
395 2799 543 2836 referatur?
570 2797 650 2836 forte
668 2802 730 2836 ante
758 2797 830 2836 hunc
854 2795 999 2836 :trtinttttltttit

219 2831 538 2870 seripserit'erieanus,
559 2833 614 2870 τῆς
629 2833 662 2870 δ’.
675 2832 861 2867 αἰχμαλωσίας
886 2831 1001 2870 ἐϐδομή-

219 2866 309 2898 κοντα.
321 2871 399 2897 Certe
412 2870 480 2904 όμάς
499 2870 542 2896 illa
562 2866 825 2904 mille_(_luce'ntortnn
841 2874 873 2893 ac
888 2866 997 2900 triginta

221 2912 321 2941 septem
343 2901 493 2937 annorum,
510 2911 577 2938 quos
592 2903 625 2930 ab
641 2901 734 2929 Exodo
750 2903 783 2929 ad
795 2902 895 2937 Cyrum
914 2909 999 2937 usque

1055 1655 1136 1690 jectis
1155 1664 1162 1682 :
1179 1664 1188 1681 ι
1204 1655 1336 1684 Volumus
1357 1655 1446 1690 igitur,
1464 1655 1568 1690 inquit,
1581 1654 1674 1689 scripti
1690 1654 1771 1681 etiam
1789 1654 1841 1681 hu—

1055 1702 1100 1736 jus
1115 1701 1276 1728 auetoritate
1290 1700 1361 1733 freti,
1374 1699 1492 1736 Ogygem
1506 1699 1594 1731 illum,
1609 1699 1657 1734 qui
1678 1700 1751 1734 quod
1772 1699 1839 1727 hau-

1057 1747 1107 1774 stis
1125 1754 1256 1782 aquarum
1273 1746 1298 1773 vi
1313 1746 1531 1781 quamplurimis,
1546 1745 1638 1773 salvus
1654 1750 1681 1772 ct
1695 1745 1840 1773 incolumis

1057 1797 1188 1826 evaserat,
1207 1792 1294 1827 primo
1309 1792 1412 1819 diluvio
1433 1799 1532 1819 nomen
1545 1792 1628 1824 dedit,
1643 1791 1715 1818 circa
1734 1797 1840 1826 tempus

1059 1839 1134 1871 illud,
1148 1846 1203 1874 quo
1216 1839 1331 1874 populus
1345 1847 1377 1866 ex
1392 1838 1510 1873 Egypto
1528 1846 1589 1865 cum
1606 1838 1679 1865 Mosc
1694 1838 1838 1873 migravit,

1057 1885 1202 1913 exstitisse.
1218 1884 1245 1912 Id
1257 1885 1329 1920 quod
1346 1885 1419 1911 hunc
1436 1884 1462 1910 iu
1480 1885 1590 1911 modum
1606 1883 1776 1912 conﬁcimus.
1793 1884 1839 1911 Ab

1056 1931 1146 1967 Ogyge
1172 1931 1205 1958 τιιί
1230 1932 1344 1966 primam
1367 1930 1545 1966 olympiadetu
1572 1931 1635 1957 anni
1654 1935 1784 1964 putantur
1800 1931 1839 1957 \i-

1057 1977 1124 2014 ginti
1137 1985 1218 2012 supra
1236 1976 1326 2004 mille:
1344 1976 1378 2002 ab
1400 1975 1552 2010 Olympiade
1569 1976 1654 2010 prima
1668 1975 1702 2002 ad
1719 1974 1836 2010 primum

1056 2022 1287 2059 quinquagesimae
1303 2021 1403 2056 quintae
1416 2027 1518 2047 annum
1533 2040 1540 2052 ,
1567 2021 1611 2055 qui
1639 2020 1743 2054 primus
1773 2019 1838 2046 item

1056 2068 1119 2104 Cyri
1135 2067 1204 2102 regis
1218 2074 1305 2094 annus
1323 2070 1381 2097 est,
1406 2065 1530 2100 idemque
1542 2065 1705 2100 captivitatis
1719 2064 1839 2092 Judaicze

1057 2115 1129 2148 iinis,
1141 2113 1205 2141 anni
1235 2111 1425 2147 septemdecim
1442 2118 1523 2145 supra
1537 2111 1669 2138 ducentos
1685 2120 1691 2137 :
1718 2118 1781 2145 ergo
1803 2111 1838 2138 ab

1056 2159 1144 2195 Ogyge
1158 2159 1192 2188 ad
1205 2157 1304 2193 Cyrum
1320 2164 1417 2191 usque,
1431 2156 1494 2183 anni
1508 2156 1617 2191 triginta
1639 2160 1739 2190 septem
1755 2163 1837 2190 supra

1056 2206 1128 2233 mille
1145 2212 1176 2232 ac
1200 2204 1330 2232 ducentos
1354 2210 1448 2230 omnes
1474 2202 1646 2237 colliguntur.
1679 2201 1759 2234 Jam,
1790 2203 1837 2238 qui

1056 2259 1166 2280 sursum
1179 2257 1273 2278 versus
1289 2249 1322 2276 ab
1338 2249 1411 2276 exitu
1428 2247 1590 2283 captivitatis
1606 2255 1693 2275 annos
1716 2252 1838 2275 retexere

1055 2298 1180 2330 voluerit,
1196 2297 1219 2324 is
1234 2296 1345 2331 triginta
1362 2300 1464 2329 septem
1484 2302 1566 2328 supra
1580 2293 1652 2321 mille
1661 2302 1694 2321 ac
1708 2294 1837 2322 ducentos

1056 2343 1216 2372 revolvendo
1230 2341 1393 2372 numerabit,
1408 2342 1459 2367 hoc
1470 2344 1510 2366 est
1532 2340 1601 2367 idem
1617 2344 1731 2374 prorsus
1752 2339 1837 2366 inter-

1055 2390 1155 2418 vallum
1171 2388 1204 2416 ad
1231 2395 1294 2415 eum
1317 2394 1403 2422 usqtte
1428 2394 1549 2418 annum,
1577 2393 1631 2420 quo
1660 2385 1777 2420 primum
1803 2393 1837 2412 ex

1056 2436 1172 2471 Egypto
1190 2442 1236 2470 per
1252 2433 1370 2469 Moysem
1387 2433 1501 2460 eductus
1519 2433 1601 2459 lsrael
1614 2437 1673 2464 est,
1696 2431 1767 2466 quod
1787 2431 1835 2459 abs

1056 2517 1195 2545 numerat,
1214 2520 1247 2539 ex
1273 2511 1496 2545 consequentium
1522 2517 1654 2536 annorum
1676 2508 1836 2545 collectione

1056 2557 1108 2575 non
1121 2548 1242 2578 exsistet,
1252 2547 1304 2573 nisi
1319 2544 1372 2572 hos
1381 2545 1550 2579 septuaginta
1565 2545 1675 2578 insuper
1686 2544 1833 2571 addideris:

1055 2583 1162 2610 tametsi
1177 2587 1205 2609 ut
1221 2582 1326 2609 deesset
1341 2581 1452 2607 omnino
1468 2579 1551 2610 nihil,
1565 2579 1672 2607 duobus
1686 2584 1712 2606 et
1727 2583 1835 2612 septua-

1054 2619 1130 2652 ginta
1151 2625 1219 2653 opus
1233 2621 1315 2653 esset.
1339 2615 1406 2642 Nam
1420 2615 1548 2642 detractis
1563 2615 1730 2653 septuaginta
1742 2633 1749 2645 ,
1768 2621 1835 2652 eon-

1055 2647 1123 2680 liunt
1137 2647 1218 2679 modo
1233 2652 1305 2678 mille
1316 2656 1422 2677 centum
1437 2655 1463 2677 et
1479 2647 1618 2681 sexaginta
1632 2647 1761 2683 quinque.
1774 2647 1836 2683 qni-

1054 2688 1105 2714 hus
1130 2687 1299 2722 septuaginta
1323 2686 1347 2722 si
1357 2685 1518 2722 addideris,
1545 2684 1613 2722 125ᾇ
1629 2684 1774 2722 habiturus
1791 2691 1834 2710 es.

1055 2723 1118 2755 Sed,
1139 2719 1250 2757 opinor,
1269 2720 1441 2757 anniMoysis
1449 2719 1607 2757 octogesimi
1621 2723 1725 2757 partem
1742 2719 1831 2757 adnu-

1054 2753 1165 2789 merat;
1183 2762 1208 2784 ct
1225 2764 1326 2783 annum
1343 2753 1505 2789 captivitatis
1520 2754 1748 2788 septuagesimum
1765 2753 1835 2780 ultra

1054 2793 1115 2828 Cyri
1131 2793 1258 2828 primum
1294 2791 1432 2818 mensibus
1467 2790 1569 2823 aliquot
1595 2789 1748 2828 cucurrisse
1782 2796 1834 2822 pu~

1055 2824 1102 2854 ta't.
1129 2824 1194 2854 Eam
1211 2828 1283 2853 enim
1309 2833 1443 2853 summam
1460 2833 1513 2851 non
1542 2832 1574 2850 ex
1598 2824 1768 2850 librariorum
1789 2831 1833 2849 (ιτς

1054 2871 1125 2893 rure,
1141 2863 1186 2889 sed
1201 2862 1319 2888 Africani
1333 2869 1366 2887 ex
1379 2864 1470 2887 tuente
1483 2859 1625 2886 conﬂatam
1650 2867 1710 2886 esse
1727 2862 1835 2887 constat

1053 2906 1084 2926 ex
1104 2897 1290 2934 soquentibus,
1309 2896 1353 2924 ubi
1372 2895 1470 2931 saepius
1486 2894 1579 2923 eadem
1594 2894 1757 2922 inculcetur.
