2091 3208
272 181 326 209 815

592 182 725 209 ΕυδΕΒΙΙ
740 181 975 210 (ἔᾹΞΞΑΒΙΕΝΒΙὸ
989 181 1061 210 οΡΡ.

1073 164 1173 209 rans
1189 181 1221 209 n.
1241 195 1278 203 .-
1290 180 1539 209 APOLOGETICA.
1825 180 1879 208 sic

272 240 496 276 quinquagesima
518 240 612 274 quinta
632 241 783 275 Olympiade
799 241 832 268 ad
855 240 989 277 Ogygem,
1005 240 1052 276 qui
1065 242 1090 271 Α

1065 242 1090 271 Α
1103 240 1195 270 lauro;
1202 240 1309 276 ἔμεινεν
1316 242 1333 275 ἡ
1340 239 1388 266 νῦν
1395 239 1504 275 Ἀττικὴ
1512 239 1594 276 μέχρι
1600 239 1741 276 Κέκροως
1748 239 1797 275 ἔτη
1807 239 1877 276 ριιώκ

274 286 426 313 Eleusinem
448 285 578 315 condidit.
596 293 739 313 excurrere
762 287 863 314 dictum
892 292 941 314 est.
965 287 1053 322 Atque

273 332 334 359 inde
348 331 456 366 quidem
484 331 618 365 insignius
632 331 726 358 Atticae
744 332 928 365 chronologize
951 332 1051 367 princio

271 378 347 414 pium
373 378 434 405 duci
458 382 554 412 potest.
581 386 589 402 1
609 377 762 413 lterumque
776 376 1050 414 postaliaquaeilam:

276 433 286 449 ι
298 423 397 451 Verum
407 422 439 451 de
449 427 567 457 tempore
589 421 706 458 Ogygem
737 426 893 457 antegresso
912 423 1052 450 hactenus.

272 469 402 496 (laterum
418 468 490 496 illius
502 473 633 503 tempore,
646 468 763 495 excessit
775 468 809 495 ab
823 467 938 503 Egypto
953 467 1051 498 Moses.

271 514 298 542 id
313 513 386 549 quod
409 513 464 541 veri
480 521 560 548 quam
588 513 675 541 simile
695 513 748 545 sit.
780 514 853 540 hunc
884 513 910 540 in
942 513 1052 540 modum

271 560 449 588 ostendimus.
463 559 504 586 Ab
517 559 590 587 exitu
606 559 688 586 Mosis
701 559 733 586 ad
747 559 857 595 Cyrum,
874 559 919 593 qui
935 563 995 593 post
1008 566 1054 585 ca-

271 606 419 642 ptivitatem
433 605 565 641 regnavit,
583 605 646 632 anni
662 609 792 640 putantur
807 604 880 632 mille
892 612 924 632 ac
944 604 1052 631 ducenti

271 659 333 680 cum
350 651 461 687 triginta
487 655 599 686 septem.
611 650 694 678 Mosis
708 651 780 678 enim
799 650 895 685 reliqui
917 650 952 677 ab
963 658 1054 684 egres~

271 704 304 725 su
322 697 385 723 anni
405 696 582 731 quadraginta
598 699 662 723 sunt
676 705 682 722 :
700 694 774 727 Jesu,
787 695 834 729 qui
849 694 997 722 secundum
1022 694 1053 720 il-

272 743 327 769 lum
344 741 444 777 populo
456 741 613 768 deducendo
623 740 741 776 praefuit,
757 741 877 776 quinque
891 747 923 767 ac
937 740 1030 774 viginti
1044 748 1051 766 ε

271 787 420 820 seniorum,
432 787 478 822 qui
494 791 555 822 post
567 786 660 814 Jesum
676 787 780 821 iudices
808 786 894 818 fuere,
921 786 1030 822 triginta
1043 795 1050 814 :

269 832 395 860 Judicum
410 833 543 864 omnium,
560 832 606 867 qui
630 833 740 867 proprio
755 832 876 867 ipsorum
892 832 962 859 libro
985 839 1052 860 con--

271 880 399 911 tinentur,
411 879 557 913 nonaginta
577 886 658 913 supra
672 878 884 913 quadringentos
897 887 904 905 :
922 878 1047 906 sacerdo-

271 930 328 953 tum
354 924 394 952 Eli
428 929 454 953 et
479 924 586 952 Samuel
601 945 608 955 .
639 924 805 959 nonaginta:
827 925 1051 959 consequentium

271 979 363 1007 regum
374 970 560 1003 Hebmorum,
572 970 718 1005 nonaginta
732 977 813 1005 supra
828 970 1051 1005 quadringentos,

271 1021 423 1053 sequuntur
437 1017 599 1052 captivitatis
609 1015 778 1051 septuaginta
793 1016 886 1051 :cujus
899 1021 1053 1051 postremus

270 1071 369 1096 annus,
383 1063 459 1098 regni
466 1063 527 1099 Cyri
546 1064 650 1098 primus
659 1063 719 1098 fuit,
731 1068 761 1091 ut
775 1064 830 1099 jam
846 1067 909 1091 ante
921 1063 1051 1090 diximus.

269 1108 425 1146 ωοιηπι
443 1116 459 1136 a
481 1108 556 1136 Dlose
582 1109 615 1136 ad
640 1109 818 1144 olympiadcm
845 1109 960 1144 primam
988 1109 1052 1135 anni

270 1154 358 1183 ﬂuunt
371 1154 465 1189 viginti
478 1162 560 1189 supra
573 1154 656 1186 mille,
673 1162 735 1182 cum
751 1154 786 1181 ab
807 1154 902 1181 eodem
920 1153 953 1180 ad
970 1153 1052 1188 quin—

270 1199 434 1235 quagesimae
456 1199 557 1234 quinta:
573 1206 674 1226 annum
690 1199 824 1234 primum,
848 1199 921 1226 mille
944 1198 1051 1226 ducenti

270 1252 333 1272 cum
358 1244 466 1280 triginta
492 1248 594 1280 septem
622 1249 817 1278 numerentur,
841 1243 868 1271 in
894 1251 948 1279 quo
974 1243 1052 1270 nobis

270 1291 351 1318 etiam
365 1298 427 1319 cum
439 1290 594 1318 Graecorum
615 1290 784 1325 temporibus
798 1290 900 1325 optime
916 1289 1049 1317 convenit.

269 1338 304 1365 At
314 1342 378 1364 vero
387 1341 449 1372 post
462 1335 589 1372 Ogygem,
610 1336 683 1372 quod
710 1337 806 1371 ingens
830 1336 864 1363 ab
887 1335 934 1363 illo
951 1336 1052 1363 diluvio

270 1387 415 1410 consecuta
433 1382 548 1410 vastitas
565 1387 648 1415 esset,
664 1389 725 1417 qua:
738 1389 811 1409 nunc
823 1381 909 1409 Attica
933 1381 1049 1413 dicitur,

269 1435 301 1455 ea
315 1428 375 1455 sine
392 1427 500 1463 regibus
515 1434 602 1455 annos
624 1432 732 1454 centum
747 1431 775 1454 et
791 1426 928 1461 octoginta
943 1434 1049 1458 novem,

270 1474 303 1501 ad
317 1473 463 1508 Cecropem
478 1480 564 1508 usque
575 1474 734 1508 permansit.
745 1473 865 1500 Actaeum
877 1473 948 1499 enim
962 1472 1049 1504 illum,

269 1521 315 1555 qui
328 1525 388 1555 post
402 1519 518 1555 Ogygem
536 1525 708 1550 recensetur,
729 1526 844 1554 quaeque
857 1518 985 1553 deinceps
1000 1518 1051 1545 tin-

269 1569 367 1600 guntur
388 1565 507 1597 nomina,
523 1563 702 1591 Philochorus
723 1570 758 1590 ne
777 1563 914 1591 exstitisse
940 1563 1049 1598 quidem

269 1610 380 1638 omnino
392 1611 543 1638 contlrmat.
560 1619 569 1636 ι
586 1609 618 1636 Et
639 1616 736 1637 rursus
752 1630 758 1635 .
779 1618 789 1635 ι
815 1608 886 1644 Ergo
901 1609 935 1636 ab
947 1608 1047 1645 Ogyge,

269 1656 368 1690 inquit,
383 1656 416 1683 ad
431 1655 531 1690 Cyrum
545 1663 632 1690 usque
644 1655 811 1682 tantumdem
821 1662 1049 1690 numeres,quan-

269 1705 326 1728 tum
340 1701 372 1728 ad
387 1701 512 1728 eumdem
528 1708 543 1728 a
558 1699 641 1734 Mose,
656 1701 707 1728 hoc
721 1705 762 1728 est
779 1701 866 1728 annos
882 1700 1012 1728 ducentos
1022 1706 1050 1728 et

271 1746 378 1782 triginta
404 1751 506 1782 septem
534 1753 615 1781 supra
642 1747 723 1773 mille.
748 1746 782 1773 Et
803 1754 866 1774 vero
891 1746 1047 1774 Graecorum

269 1800 335 1820 sane
350 1792 471 1820 nonnulli
491 1791 592 1819 Mosem
609 1792 661 1820 sub
684 1792 778 1819 eadem
805 1796 925 1827 tempora
949 1793 1049 1821 vixisse

268 1840 412 1864 testantur.
428 1836 506 1869 Nam,
521 1836 631 1864 Polemo
651 1837 779 1872 quidem,
804 1837 873 1865 libro
896 1837 1047 1866 Graecarum

268 1882 438 1909 historiarum
453 1882 551 1918 primo,
565 1883 702 1918 conceptis
727 1883 815 1910 verbis
831 1883 911 1910 liabet
921 1904 929 1916 ,
955 1883 1048 1919 Apidis

270 1927 401 1959 Plioronei
418 1927 464 1955 lilii
479 1933 609 1963 tempore,
623 1929 758 1956 exercitus
774 1928 925 1965 [Egyptiaci
943 1936 1045 1965 partem

268 1981 329 2002 sese
349 1973 384 2002 ab
400 1973 516 2010 Egypto
534 1975 713 2007 subduxisse,
736 1980 818 2010 atque
844 1976 870 2003 in
888 1975 1046 2009 Palaestina,

267 2027 349 2056 quam
361 2020 467 2055 Syriam
489 2025 595 2052 vocant,
609 2021 681 2048 haud
706 2021 800 2056 procul
818 2021 852 2049 ab
865 2022 964 2049 Arabia
981 2030 1048 2050 con-

268 2066 371 2094 sedisse
385 2075 392 2093 :
408 2066 468 2093 illos
485 2066 612 2093 nimirum
631 2067 703 2101 ipsos
720 2067 871 2103 intelligens
884 2088 891 2100 ,
913 2069 960 2104 qui
973 2068 1048 2097 Mose

269 2112 337 2140 duce
345 2111 456 2147 profecti
470 2116 543 2139 sunt.
565 2112 632 2146 Apio
642 2120 705 2140 vero
717 2112 855 2141 Posidonii
868 2114 949 2148 ﬁlius,
962 2115 1047 2142 idem-

267 2165 321 2192 que
345 2157 583 2193 grammaticorum
602 2158 723 2185 omnium
743 2159 958 2192 curiosissimus,
977 2160 1046 2188 libro

270 2203 394 2231 adversus
409 2203 528 2236 Iudicas,
567 2207 593 2230 et
615 2201 796 2231 Historiarum
812 2209 909 2239 quarto
932 2206 1045 2238 scribit,

267 2244 368 2274 Inacho
385 2247 464 2283 Argis
483 2254 627 2282 regnante,
664 2248 772 2276 Iuda-0s
797 2249 865 2277 duce
893 2251 984 2283 Mose,
1011 2252 1046 2280 ab

268 2294 361 2322 Amosi
390 2293 576 2330 [Egyptiorum
604 2303 665 2330 rege
690 2295 830 2324 defecisse.
857 2297 942 2332 Cujus
963 2299 1044 2326 etiam

267 2339 436 2374 defectionis,
451 2341 586 2376 simulque
603 2341 720 2374 Amosis,
736 2342 804 2369 libro
819 2344 937 2371 secundo
957 2343 1043 2371 Hero-

267 2384 345 2413 dotus
359 2386 498 2414 meminit:
515 2387 569 2413 imo
584 2391 610 2414 et
625 2387 742 2421 ipsmum
757 2395 865 2423 quoque
877 2388 1043 2422 Judieorum,

265 2437 335 2464 quos
349 2430 375 2458 in
393 2429 615 2460 circumcisorum
639 2432 752 2460 classem
764 2434 887 2468 reponit,
913 2442 945 2462 ac
960 2434 1044 2462 Palae-

265 2473 344 2501 stina:
357 2474 483 2510 Assyrios
500 2476 638 2508 nominat.
665 2477 744 2505 ducta
767 2477 890 2506 fortassis
905 2487 938 2506 ex
960 2480 1043 2507 Abra-

265 2519 347 2548 bamo
361 2522 502 2558 utriusque
515 2531 608 2551 causa.
626 2523 730 2558 Quibus
742 2533 803 2553 cum
819 2526 944 2553 omnibus
955 2526 1044 2554 Ptole-

1103 285 1154 312 Τὺν
1171 285 1226 321 γὰρ
1241 286 1308 320 μετὰ
1327 286 1444 319 Ὤγυγον
1468 285 1607 317 Ἀκταῖον,
1622 285 1639 320 ἢ
1660 285 1695 312 τὰ
1708 285 1881 321 πλασσόμενα

1103 331 1155 357 τῶν
1167 331 1304 366 ὀνομάτων
1314 351 1321 363 ,
1339 331 1400 357 οὐδὲ
1414 330 1538 365 γενέσθαι
1554 331 1620 366 φησὶ
1636 331 1786 366 Φιλόχορος.
1801 341 1811 358 )
1825 332 1881 358 Καὶ

1102 374 1196 407 αὖθις·
1217 385 1226 401 ι
1239 374 1304 402 Ἀπὸ
1321 375 1436 409 Ὠγύγου
1451 375 1539 402 τοίνυν
1551 376 1598 402 ἐπὶ
1611 375 1712 410 Κῦρον,
1727 376 1811 402 ὁπόσα
1826 376 1881 403 ἀπὸ

1103 420 1223 451 Μωσέως
1236 420 1282 446 ἐπὶ
1296 419 1341 446 τὸν
1372 420 1452 446 αὑτὸν
1465 420 1573 455 χρόνον,
1587 420 1636 456 ἐτη
1649 421 1738 456 ,ασλζκ
1755 422 1808 448 Καὶ
1820 421 1880 448 Ἐλ-

1103 465 1189 500 λήνων
1205 465 1234 492 δέ
1258 474 1329 497 τινες
1350 465 1484 501 ἰστοροῦσι
1499 466 1568 492 κατὰ
1582 467 1643 498 τοὺς
1658 467 1756 498 αὐτοὺς
1769 467 1881 502 χρόνους

1103 511 1229 545 γενέσθαι
1243 512 1343 538 Μωσέα
1354 520 1362 526 ·
1376 511 1504 547 Πολέμων
1515 513 1544 538 ἐν
1557 514 1589 547 τῇ
1601 512 1694 549 πρώτῃ
1705 513 1759 539 τῶν
1772 514 1879 547 Ἐλλη-

1102 557 1194 583 νικῶν
1201 557 1340 591 ἱστοριῶν
1348 557 1449 591 λέγων·
1467 558 1528 584 Ἐπὶ
1548 558 1657 589 Ἄπιδος
1673 559 1720 585 τοῦ
1736 558 1881 594 Φορωνέως

1104 605 1185 639 μοῖρα
1197 604 1243 630 τοῦ
1257 604 1414 638 Αἰγυπτίων
1429 605 1544 640 στρατοῦ
1559 605 1684 637 ἐξέπεσεν
1695 605 1840 639 Αἰγύπτου,
1855 606 1880 632 οἶ

1102 649 1131 675 ὲν
1146 651 1178 685 τῇ
1196 650 1362 686 Παλαιστίνῃ
1377 650 1528 686 καλουμένῃ
1546 651 1630 686 Συρία
1644 651 1673 677 οὺ
1688 651 1780 686 πόρρω
1802 651 1880 686 Ἀρα-

1103 694 1163 726 ϐίας
1173 694 1294 731 ᾤκησαν,
1305 695 1381 722 αὐτοὶ
1390 695 1509 730 δηλονότι
1525 696 1550 722 οἱ
1567 696 1635 731 μετὰ
1643 697 1772 728 Μωσέως.
1781 697 1879 723 Ἀπίων

1102 740 1129 767 δὲ
1144 742 1158 767 ό
1171 741 1353 773 Ποσειδωνίου,
1368 741 1575 777 περιεργὸτατος
1585 743 1792 777 γραμματικῶν,
1807 744 1834 769 ὲν
1847 745 1878 778 τῇ

1103 785 1178 812 κατὰ
1191 785 1342 814 Ἰουδαίων
1351 787 1432 822 βίϐλῳ
1446 787 1494 813 καὶ
1522 788 1551 813 ὲν
1557 788 1589 822 τῇ
1598 786 1714 823 τετάρτῃ
1723 788 1776 815 τῶν
1791 788 1882 815 Ἰστο-

1099 830 1175 864 ριῶν
1183 839 1248 866 φησι
1259 852 1266 863 ,
1278 830 1348 857 κατὰ
1360 831 1463 866 Ἴναχον
1476 831 1592 866 Ἄργους
1606 830 1717 865 βασιλέα
1725 852 1733 863 ,
1750 832 1881 866 ’Λμώσιος

1103 876 1257 910 Αἰγυπτίων
1279 876 1482 913 βασιλεύοντος,
1505 877 1654 912 ἀποστῆναι
1677 873 1880 909 Ἰουδαίους,ὧν

1068 926 1089 953 Β
1102 922 1227 958 ἡγεῖσθαι
1245 923 1358 950 Μωσέα.
1392 923 1536 958 Μέμνηται
1553 923 1581 949 δὲ
1601 923 1647 950 καὶ
1672 923 1810 958 Ἡρόδοτος
1831 924 1881 959 τῆς

1102 968 1269 1000 ἀποστασίας
1291 968 1408 1004 ταύτης,
1431 969 1478 995 καὶ
1503 967 1635 1004 ’Δμώσιος
1653 969 1681 995 ἐν
1699 970 1732 1004 τῇ
1750 969 1879 1004 δευτέρᾳ·

1102 1014 1194 1048 τρόπῳ
1213 1014 1241 1040 δέ
1257 1023 1310 1041 τινι
1331 1015 1379 1041 καὶ
1400 1014 1533 1041 Ἰουδαίων
1558 1014 1656 1045 αὐτῶν,
1680 1016 1708 1041 ὲν
1731 1016 1786 1046 τοῖς
1804 1023 1882 1051 περι-

1102 1059 1275 1094 τεμνομένοις
1284 1060 1382 1092 αὐτοὺς
1394 1059 1581 1096 καταριθμῶν,
1590 1061 1636 1087 καὶ
1655 1060 1810 1096 Ἀσσυρίους
1820 1062 1882 1093 τοὺς

1103 1105 1131 1132 ἐν
1146 1107 1177 1141 τῇ
1193 1105 1355 1144 Παλαιστίνῃ
1369 1107 1525 1139 ἀποκαλῶν,
1538 1108 1607 1143 τάχα
1621 1107 1654 1134 δι’
1675 1107 1883 1143 ’Δ6ραάμ.Πτο-

1103 1151 1212 1186 λεμαῖος
1224 1151 1253 1177 δὲ
1266 1152 1279 1178 δ
1289 1153 1447 1189 Μενδήσιος,
1455 1153 1490 1179 τὰ
1499 1154 1653 1188 Αἰγυπτίων
1668 1153 1798 1180 ἀνέκαθεν
1810 1154 1881 1180 ἰστο-

1104 1196 1167 1231 ρῶν,
1191 1196 1276 1223 ἅπασι
1296 1197 1400 1230 τούτοις
1416 1198 1571 1234 συντρέχει’
1585 1198 1655 1224 ὥστε
1676 1198 1730 1224 οὐδ’
1749 1198 1882 1234 ἐπίσημος

1101 1243 1148 1268 ἐπὶ
1160 1242 1239 1268 πλέον
1252 1244 1269 1278 ἡ
1282 1242 1337 1270 τῶν
1350 1244 1452 1279 χρόνων
1468 1245 1642 1280 παραλλαγή,
1658 1245 1828 1280 Σημειοηὲον
1841 1245 1880 1279 δὲ,

1101 1289 1138 1320 ὡς
1160 1290 1174 1316 ὃ
1191 1290 1218 1316 τί
1238 1298 1302 1317 ποτε
1318 1290 1454 1327 ἐξαίρετον
1472 1291 1583 1326 Ἕλλησι
1597 1292 1631 1318 δι’
1650 1292 1814 1328 ἀρχαιότητα
1836 1301 1881 1327 μυ-

1102 1335 1218 1368 θεύεται,
1238 1337 1305 1371 μετὰ
1319 1337 1419 1364 Μωσέα
1433 1338 1506 1364 τοῦθ’
1519 1338 1683 1374 εὑρίσκεται,
1696 1338 1881 1374 κατακλυσμοί

1100 1390 1130 1408 τε
1154 1382 1201 1408 καὶ
1223 1382 1408 1418 ὲκπυρὼσεις,
1443 1384 1622 1420 Προμηθεὺς,
1651 1385 1709 1418 Ἰὼ,
1745 1384 1878 1421 Εὐρώπη,

1102 1428 1219 1463 Σπαρτοὶ
1235 1428 1300 1464 (69),
1317 1430 1409 1465 Κόρης
1424 1430 1546 1466 ἁρπαγὴ,
1561 1432 1705 1466 μυστήρια,
1717 1431 1876 1466 νομοθεσίαι,

1100 1474 1225 1500 Διονύσου
1243 1475 1365 1510 πράξεις,
1373 1476 1503 1511 Περσεὺς,
1518 1477 1702 1512 Ἀργοναῦται,
1718 1477 1876 1512 Κένταυροι.

1100 1519 1285 1556 Μινώταυρος,
1301 1520 1335 1547 τὰ
1347 1529 1379 1547 πε
1384 1521 1410 1557 pi
1423 1521 1512 1554 Ἴλιον,
1526 1519 1601 1548 ἀθλοι
1619 1522 1782 1558 Ἡράκλειοι,
1794 1522 1878 1557 Ἦρα-

1101 1564 1212 1591 κλειδῶν
1227 1565 1354 1597 κάθοδος,
1372 1566 1468 1592 Ἰώνων
1485 1566 1613 1598 ἀποικία,
1628 1567 1676 1593 καὶ
1692 1566 1878 1602 Ὀλυμπιάδες.

1064 1596 1085 1624 c
1104 1609 1196 1644 Ἔδοξε
1211 1611 1240 1638 δέ
1262 1620 1306 1647 μοι
1324 1596 1373 1646 τῆς
1398 1611 1524 1647 Ἀττικῆς
1541 1596 1675 1648 βασιλείας
1693 1613 1737 1639 τὸν

1104 1658 1183 1694 μένον
1199 1658 1331 1685 ἐκτιθέναι
1353 1658 1456 1694 χρόνον,
1480 1659 1655 1695 παρατιθέναι
1677 1659 1798 1694 μέλλοντι
1819 1661 1880 1692 ταῖς

1107 1704 1263 1740 Ἑϐραϊκαῖς
1282 1704 1411 1739 ἱστορίαις
1429 1705 1478 1736 τὰς
1499 1705 1664 1741 Ἑλληνικάς.
1690 1706 1810 1739 Ἐξέσται
1825 1706 1879 1742 γὰρ

1101 1750 1140 1785 τῷ
1156 1750 1323 1786 βουλομένῳ,
1349 1751 1410 1786 παρ’
1431 1751 1497 1786 ἐμοῦ
1520 1751 1568 1786 τὴν
1591 1751 1677 1788 ἀρχὴν
1691 1752 1878 1788 κομιζομένῳ,

1101 1795 1253 1830 λογίζεσθαι
1266 1796 1310 1822 τὸν
1327 1797 1442 1832 ἀριθμὸν
1456 1797 1555 1832 ὁμοίως
1567 1799 1638 1834 ἐμοί.
1653 1798 1757 1826 οὐκοῦν
1771 1799 1825 1826 τῶν
1835 1808 1878 1834 χιο

1099 1842 1164 1868 λίων
1176 1843 1222 1869 καὶ
1236 1843 1321 1869 είκοςι
1336 1843 1403 1869 ἑτῶν
1413 1863 1420 1875 ,
1440 1843 1494 1870 τῶν
1509 1844 1588 1880 μέχρι
1602 1843 1713 1881 πρώτης
1731 1845 1879 1880 Ὀλυμπιά-

1097 1888 1142 1920 δος
1153 1888 1207 1915 ἀπὸ
1217 1888 1337 1920 Μωσέως
1351 1897 1378 1915 τε
1398 1889 1444 1916 καὶ
1461 1889 1573 1925 Ὠγύγου
1587 1890 1764 1925 ἐκκειμένων,
1779 1890 1878 1926 πρώτῳ

1101 1934 1149 1969 μὲν
1163 1934 1217 1960 ἔτει
1231 1933 1262 1960 τὺ
1276 1934 1371 1969 Πάσχα
1383 1955 1390 1966 ,
1406 1935 1452 1961 καὶ
1472 1935 1526 1961 τῶν
1546 1935 1678 1971 Ἐὁραίων
1692 1935 1778 1969 ἔξοδος
1796 1937 1814 1972 ἡ
1830 1937 1878 1964 ἀπ’

1097 1978 1252 2013 Αἰγύπτου,
1269 1979 1298 2005 ὲν
1315 1979 1343 2005 δὲ
1362 1981 1394 2015 τῇ
1412 1980 1521 2016 Ἀττικῇ
1540 1982 1554 2007 ὁ
1572 1982 1619 2008 ἐπὶ
1640 1982 1753 2016 Ὠγύγου
1774 1982 1878 2017 γίνεται

1099 2025 1304 2059 κατακλυσμόν
1323 2025 1369 2052 καὶ
1389 2025 1458 2052 κατά
1478 2026 1567 2060 λόγον.
1583 2027 1643 2053 Τῶν
1656 2028 1710 2063 γὰρ
1722 2028 1878 2062 Αἰγυπτίων

1097 2071 1164 2107 ὀργῇ
1182 2071 1249 2097 Θεοῦ
1267 2071 1398 2106 χαλάζαις
1419 2080 1450 2098 τε
1468 2073 1515 2098 καὶ
1531 2073 1645 2108 χειμῶσι
1663 2073 1876 2110 μαστιζομένων,

1096 2117 1169 2148 εἰκὸς
1189 2113 1223 2152 ἦν
1245 2117 1313 2152 μέρη
1337 2117 1396 2144 τινὰ
1418 2119 1585 2153 συμπάσχειν
1609 2120 1658 2154 τῆς
1682 2120 1745 2155 γῆς,
1761 2120 1802 2146 ὅτι
1815 2129 1846 2147 τε
1859 2127 1873 2143 ι

1105 2162 1260 2197 Ἀθηναίους
1281 2162 1336 2189 τῶν
1351 2163 1439 2190 αὐτῶν
1457 2164 1616 2199 Αἰγυπτίοις
1635 2166 1781 2193 ἀπολαύειν
1804 2167 1878 2198 εἰκὸς

1096 2204 1140 2242 ἦν,
1157 2207 1286 2239 ἀποίκους
1298 2207 1408 2234 ἐκείνων
1423 2208 1643 2244 ὑπονοουμένους,
1661 2209 1699 2242 ὦς
1711 2218 1792 2245 φασιν
1801 2211 1876 2238 ἄλλοι

1062 2268 1082 2295 D
1096 2261 1126 2279 τε
1143 2253 1189 2279 καὶ
1202 2253 1230 2279 ἐν
1255 2253 1293 2287 τῷ
1311 2254 1476 2288 Τρικαρήνῳ
1493 2254 1662 2290 Θεόπομπος.
1689 2256 1718 2282 Ὀ
1733 2256 1763 2283 δὲ
1775 2256 1875 2291 μεταξὺ

1098 2299 1192 2334 χρόνος
1207 2299 1434 2334 παραλέλειπται,
1453 2300 1481 2326 ὲν
1497 2297 1519 2334 ᾧ
1537 2300 1618 2336 μηδὲν
1633 2301 1768 2337 ἐξαίρετον
1778 2301 1876 2337 Ἕλλη⁴

1098 2352 1139 2370 σιν
1156 2344 1304 2379 ἱστόρηται.
1315 2343 1392 2370 Μετά
1405 2344 1434 2370 δὲ
1451 2345 1571 2381 τέσσαρα
1587 2347 1633 2373 καὶ
1643 2347 1818 2381 ἐννενήκοντα
1826 2346 1875 2382 ετη

1095 2387 1130 2425 ἦν
1151 2389 1325 2425 Προμηθεὺς,
1351 2389 1389 2422 ὦς
1409 2399 1496 2424 τινες,
1517 2391 1546 2423 ὃς
1568 2392 1696 2419 πλάσσειν
1717 2392 1876 2428 ἀνθρώπους

1097 2435 1242 2470 ἐμυθεύετο
1253 2443 1260 2451 ·
1277 2436 1357 2470 σοφὸς
1370 2436 1424 2472 γὰρ
1441 2436 1490 2468 ὼν,
1513 2438 1553 2469 εἰς
1573 2438 1695 2465 παιδείαν
1711 2439 1809 2471 αὐτοὺς
1821 2438 1875 2466 ἀπὺ

1095 2483 1144 2518 τῆς
1164 2483 1231 2516 ἄγαν
1253 2482 1384 2513 ἰδιωτείας
1413 2483 1587 2517 μετέπλαττε.
1613 2493 1622 2509 ι
1645 2483 1736 2512 Ταῦτα
1758 2485 1807 2520 μὲν
1828 2483 1876 2513 οὖν

1102 2527 1273 2562 Ἀφρικανός,
1288 2527 1457 2563 Μεταὸὦμεν
1469 2528 1491 2555 δ’
1506 2529 1586 2564 ἡμεῖς
1601 2528 1643 2564 ἐφ’
1657 2529 1759 2565 ἕτερον.

264 2572 333 2593 nmo
349 2575 457 2603 quoque
481 2569 629 2602 Mendesio.
644 2572 690 2607 qui
719 2573 753 2600 ab
782 2573 886 2601 ultimis
904 2582 989 2609 usque
1005 2576 1173 2611 temporibus
1187 2574 1374 2610 Egyptiorum
1398 2575 1474 2603 ducit
1487 2575 1640 2609 historiam,
1670 2576 1707 2604 ita
1736 2576 1873 2609 convenit,

263 2616 294 2639 ut
309 2613 379 2641 inter
392 2615 466 2650 ipsos
486 2618 559 2645 nulla
584 2618 641 2646 fere
669 2619 722 2648 nisi
749 2620 885 2649 levissima
910 2627 1062 2658 temporum
1082 2622 1232 2651 diﬂ‘erentia
1263 2622 1352 2649 notari
1375 2623 1470 2658 possit.
1486 2623 1640 2658 Caeterum,
1667 2625 1712 2652 hic
1727 2625 1874 2653 observan-

263 2660 328 2687 dum
354 2666 435 2689 etiam
463 2669 514 2697 est,
529 2666 658 2701 quidquid
674 2668 755 2703 paulo
771 2669 859 2696 rarius
891 2669 926 2697 ob
954 2675 1114 2698 vetustatem
1145 2670 1230 2698 (ἰηιξοὶ
1256 2669 1419 2704 fabulantur,
1435 2669 1463 2697 id
1488 2677 1568 2698 omne
1583 2670 1656 2699 Mose
1684 2671 1820 2706 posterius
1833 2671 1874 2698 in-

262 2707 364 2740 veniri,
391 2709 510 2740 diluvia.
535 2712 675 2746 incendia,
701 2713 908 2748 Prometheum,
938 2715 982 2749 lo,
1011 2716 1162 2752 Europam,
1194 2717 1202 2727 '
1232 2714 1401 2750 Proserpina:
1438 2720 1568 2751 raptum,
1600 2715 1749 2752 mysteria,
1784 2716 1872 2748 legum

261 2755 427 2789 sanctiones,
456 2757 552 2786 Bacchi
579 2766 672 2796 gesta,
702 2761 847 2796 Perseum,
873 2763 1060 2800 Argonautas,
1085 2765 1251 2795 Centauros,
1279 2763 1479 2797 Minotaurum,
1505 2771 1549 2792 res
1576 2762 1725 2799 Troianas,
1751 2762 1872 2792 Herculis

296 2819 310 2834 ι
330 2814 374 2842 la.
394 2814 466 2847 τούς.

297 2860 352 2904 ςϐθ)
373 2856 510 2904 Σπαρτοί.
539 2862 845 2904 supplendum_credo,_
860 2866 905 2904 vel
918 2866 1040 2904 ὀδόντες,
1093 2875 1122 2903 pc

1093 2871 1155 2903 post
1169 2867 1305 2904 Europam
1316 2888 1324 2900 ,
1350 2868 1384 2897 de
1396 2868 1500 2897 Cadmo
1521 2868 1668 2904 Cadmique
1689 2867 1822 2896 militibus
1837 2874 1868 2896 ex

261 2896 303 2923 vel
324 2896 503 2932 στρατιῶται,
527 2896 698 2935 relatiquid-
710 2900 808 2929 simile.
826 2900 945 2930 Omnino
967 2896 1040 2931 enini
1092 2896 1220 2932 draconis
1234 2896 1361 2932 dentibus
1375 2896 1496 2940 repente
1511 2896 1578 2933 satis
1594 2896 1702 2933 toi-altus
1718 2903 1832 2931 videtur.
1881 2930 1884 2935 ,
