2091 3208
221 158 269 183 ιςῑι

817 155 979 184 ΡΒΔΕΡΛΒ.
1000 155 1132 184 ΕἾΔΜΣ..
1144 155 1208 184 LlB.
1229 155 1262 183 X.

1787 156 1840 183 82?.

220 213 324 240 πείθειν
331 211 568 247 ἐπαγγελλόμενον
590 213 793 248 συντομωτέρας
809 213 943 240 ποιεῖσθαι
957 214 1006 245 τὰς

1059 221 1119 240 rum
1134 213 1289 241 testimonia
1302 212 1449 248 proferam.
1462 211 1533 246 Quid
1549 213 1621 241 enim
1634 213 1710 247 plura
1723 219 1840 239 comme-

219 259 284 295 περὶ
295 257 349 284 τῶν
362 257 530 293 πραγμάτων
546 257 613 292 πρὺς
624 258 686 289 τοὺς
696 258 841 290 ἀκούοντας
854 259 1001 294 διηγήσεις.

222 303 369 340 Βηρωσσὺς
382 304 450 339 ἀνὴρ
466 302 641 336 Βαϐυλώνιος,
667 304 755 340 ἱερεὺς
769 305 815 330 τοῦ
832 305 895 340 παρ’
913 305 1004 337 αὐτοῖς

220 350 318 386 Βήλου,
344 349 414 376 κατὰ
439 348 609 385 Ἀλέξανδρον
635 349 787 384 γενόμενος,
817 351 944 386 Ἀντιόχῳ
964 351 1003 386 τῷ

221 395 293 431 μετὰ
309 396 438 422 Σέλευκον
454 395 508 431 (85)
522 397 604 431 τρίτῳ
612 396 660 433 τὴν
667 396 965 432 Χαλδαίωνὶστορίαν
974 398 1002 423 ὲν

219 442 292 476 τρισὶ
307 441 419 477 βιϐλίοις
434 442 596 475 κατατάξας,
613 443 659 469 καὶ
674 443 708 470 τὰ
724 443 787 478 περὶ
803 443 856 469 τῶν
872 441 1003 477 βασιλέων

220 487 403 523 ἐκτιθέμενος,
426 488 570 523 ἁφηγεῖταί
592 497 664 520 τινος
688 489 778 515 αὐτῶν
798 489 882 524 ὄνομα
899 489 1003 515 Ναὸου-

220 532 371 570 χοδονόσορ,
395 534 442 560 τοῦ
468 534 713 570 συστρατεύσαντος
738 535 783 561 ἐπὶ
806 535 929 566 Φοίνικας
955 535 1002 561 καὶ

227 578 378 612 Ἰουδαίους,
392 580 469 606 ἅτινα
480 580 524 606 διὰ
537 580 589 606 τῶν
604 580 748 615 καθ’-ἡμᾶς
764 581 907 616 προφητῶν
924 580 1001 615 ἴσμεν

222 626 425 661 κεκηρυγμένα,
454 626 583 660 γεγονότα
604 626 652 661 μὲν
669 627 734 653 πολὺ
751 628 799 662 τῆς
810 627 929 659 Μωσέως
945 628 1002 662 ἡλι-

221 670 281 702 κίας
297 670 458 706 κατώτερον,
473 673 525 707 πρὸ
541 673 569 699 δὲ
588 673 640 708 τῆς
657 672 768 708 Περσῶν
784 673 930 707 ἡγεμονίας
945 672 1002 698 ἕτε-

221 724 262 742 σιν
278 717 470 753 ἑϐδομήκοντα.
489 717 635 753 Βηρωσσὸς
650 718 677 744 δέ
693 718 765 744 ἐστιν
782 718 851 753 ἀνὴρ
869 717 1000 744 ἱκανώτα-

220 771 281 795 τος·
301 764 348 790 κα)⁸
366 764 460 791 τούτου
485 766 630 800 τεκμήριον
651 765 746 796 Ἰόϐας.
771 764 799 795 ὃς
816 765 879 800 περὶ
907 765 1001 790 ’Δσσυι

220 809 285 844 ρίων
307 809 429 844 γράφων,
455 810 529 846 παρὰ
551 811 695 846 Βηρωσσοῦ
720 819 785 846 φησι
813 810 1001 846 μεμαθηκέναι

219 854 268 890 τὴν
291 855 418 890 ἱστορίαν.
444 855 503 881 Εἰσὶ
531 856 553 883 δῖ
568 856 640 891 αὐτῷ
661 855 746 891 βίϐλοι
770 857 833 892 περὶ
853 856 1001 891 Ἀσσυρίων

218 899 274 926 δύο.
298 900 375 926 Μετὰ
400 900 428 926 δὲ
453 901 516 932 τοὺς
539 902 688 933 Χαλδαίους
710 901 744 928 τὰ
766 901 895 928 Φοινίκων
917 900 1001 932 οὕτως
1018 897 1037 923 Β

219 945 286 980 ἔχει.
312 946 440 980 Γεγόνασι
461 948 525 983 παρ’
542 949 632 979 αὐτοῖς
648 948 742 983 ἄνδρες
763 949 848 983 τρεῖς,
866 947 1000 978 Θεόδοτος,

224 992 401 1028 Ὑψικράτης,
418 992 524 1028 Μῶχος.
542 993 650 1019 Τούτων
666 993 715 1024 τὰς
729 993 835 1028 βίϐλους
855 993 894 1023 είς
911 991 1002 1027 Ἐλλη-

219 1038 277 1064 νίδα
301 1038 429 1072 κατέταξε
450 1039 541 1074 φωνὴν
560 1040 669 1071 Ἀσιτος
680 1039 747 1074 (84),
762 1040 776 1065 ὁ
791 1039 837 1065 καὶ
853 1039 915 1070 τοὺς
930 1037 1002 1073 βίους

219 1081 272 1108 τῶν
289 1082 440 1117 φιλοσόφων
457 1084 500 1109 ἐπ’
518 1083 629 1119 ἀκριϐὲς
645 1084 934 1120 πραγματευσάμενος.
958 1084 1001 1109 Ἐν

218 1127 250 1163 δὴ
269 1129 328 1160 ταῖς
349 1128 402 1154 τῶν
417 1129 621 1165 προειρημένων
639 1130 769 1165 ἱστορίαις
790 1129 917 1164 δηλοῦται
931 1129 1002 1155 κατά

217 1179 277 1198 τινα
288 1171 344 1199 τῶν
357 1172 486 1207 βασιλέων
501 1172 635 1208 Εὐρώπης
651 1174 761 1209 ἁρπαγὴ
777 1173 925 1208 γεγονέναι,
945 1175 1002 1201 Με-

218 1216 311 1243 νελάου
327 1226 357 1243 τε
372 1218 412 1249 είς
427 1217 475 1252 τὴν
491 1218 616 1253 Φοινίκην
639 1218 739 1254 ἄφιξις,
758 1220 805 1245 καὶ
823 1219 857 1245 τὰ
873 1220 937 1255 περὶ
954 1219 1000 1246 Εἵ-

218 1270 315 1296 ραμον,
340 1263 423 1295 ὅστις,
444 1263 580 1298 Σολομῶνι
603 1264 641 1300 τῷ
660 1265 792 1292 Ἰουδαίων
814 1265 918 1300 βασιλεῖ
933 1265 1001 1301 πρὸς

216 1307 306 1342 γάμον
320 1307 382 1340 δοὺς
395 1309 443 1343 τὴν
460 1309 556 1336 ἑαυτοῦ
577 1310 722 1347 θυγατέρα,
741 1312 787 1338 καὶ
801 1311 885 1344 ξύλων
903 1320 1001 1339 παντο-

217 1350 309 1379 δαπῶν
324 1352 388 1388 ὓλην
404 1354 444 1385 είς
460 1354 508 1389 τὴν
523 1354 569 1380 τοῦ
585 1355 636 1382 νεὼ
652 1357 821 1392 κατασκευὴν
836 1357 999 1393 ἐδωρήσατο.

218 1398 273 1424 Καὶ
282 1398 435 1434 Μένανδρος
447 1399 475 1426 δὲ
491 1401 504 1426 ὁ
518 1401 696 1436 Περγαμηνὸς
708 1402 772 1437 περ).
783 1402 836 1429 τῶν
849 1403 937 1429 αὑτῶ)
952 1403 1001 1439 τὴν

217 1443 377 1480 ἀναγραφὴν
402 1446 557 1482 ἐποιήσατο.
591 1447 644 1473 Τοῦ
668 1447 696 1474 δὲ
718 1448 839 1483 Εἱράμου
869 1449 883 1475 ὁ
906 1450 1001 1485 χρόνος

217 1488 268 1525 ἥβη
290 1498 341 1516 που
363 1492 419 1523 τοῖς
436 1492 559 1524 Ἰλιακοῖς
584 1493 700 1527 ἐγγίζειν
719 1494 842 1529 Σολομὼν
860 1494 888 1521 δὲ
909 1496 922 1522 ὀ
942 1497 1000 1522 κατ’

220 1535 342 1571 Εἶραμον
353 1537 420 1564 πολὺ
432 1538 585 1573 κατώτερός
599 1539 656 1565 ἐστι
671 1539 721 1574 τῆς
733 1540 854 1572 Μωσέως
883 1540 999 1575 ἡλικίας.

1059 266 1240 291 morem,cum
1249 258 1371 294 eum,qui
1380 257 1460 285 tidem
1468 265 1498 285 se
1507 257 1642 286 facturum
1650 265 1710 286 esse
1718 258 1830 293 recipiat

1054 305 1147 339 paucis
1160 305 1271 332 omnino
1287 312 1344 332 rem
1362 304 1533 331 auditoribus
1546 304 1684 332 declarare
1701 303 1838 339 oporteat?

1053 349 1134 386 493
1150 350 1267 378 Berosus
1283 357 1348 386 ergo
1369 350 1411 377 vir
1435 349 1610 385 Babylonius,
1633 350 1758 385 idemque
1773 348 1840 382 Beli,

1053 397 1125 431 quod
1137 396 1256 430 ipsorum
1274 403 1372 423 numen
1389 400 1457 428 erat,
1474 395 1600 423 sacerdos
1611 416 1619 428 ,
1633 395 1679 431 qui
1693 395 1838 423 Alexandri

1054 442 1220 476 temporibus
1242 441 1359 474 vivebat,
1386 441 1411 467 in
1427 448 1469 473 ea,
1487 448 1567 475 quam
1594 440 1679 468 tribus
1694 441 1769 468 libris
1783 441 1840 468 An-

1054 488 1144 514 tiocho
1167 492 1228 522 post
1254 487 1395 514 Seleucum
1413 486 1503 520 tertio,
1531 486 1639 521 scripsit
1655 486 1838 513 Chaldaeorum

1054 533 1186 565 Historia,
1210 533 1254 560 ubi
1282 540 1374 569 regum
1398 532 1517 567 ipsorum
1541 536 1615 567 gesta
1631 535 1838 564 commemorat,

1053 578 1328 606 Nabuchodonosoris
1344 578 1486 613 cujusdam
1500 578 1632 610 meminit,
1647 577 1694 613 qui
1708 578 1838 605 adversus

1052 623 1194 651 Phoenicas
1212 627 1237 650 et
1250 623 1357 652 Iudaeos
1370 624 1565 659 expeditionem
1582 624 1741 659 susceperit,
1755 631 1837 659 quam

1053 678 1066 697 a
1084 670 1223 705 prophetis
1246 678 1354 706 quoque
1376 672 1475 698 nostris
1498 670 1659 698 celebratam
1677 678 1736 698 esse
1758 670 1837 697 novi-

1052 723 1129 748 mnS,
1145 722 1258 750 quaeque
1281 723 1341 742 cum
1368 716 1445 751 longe
1471 720 1531 750 post
1556 716 1654 744 Mosem
1683 715 1836 751 contigerit,

1053 767 1109 789 tum
1141 770 1204 789 vero
1228 761 1371 789 Persarum
1402 762 1544 796 imperium
1570 761 1649 789 annis
1668 762 1836 797 septuaginta

1052 808 1227 843 praecesserit.
1255 806 1335 842 Atqui
1358 806 1475 834 Berosus
1499 807 1544 834 ille
1571 807 1679 841 quidem
1694 807 1768 834 omni
1784 806 1837 834 [ide

1051 854 1228 888 dignissimus
1240 858 1291 886 est,
1313 854 1353 880 uti
1369 854 1409 880 vel
1425 861 1458 880 ex
1476 852 1550 880 Jobze
1566 852 1721 880 testimonio
1739 852 1837 879 intelli-

1053 907 1114 935 gere
1132 907 1288 934 possumus,
1316 899 1361 935 qui
1387 898 1420 926 de
1436 899 1555 934 Assyriis
1577 898 1710 930 seribens,
1728 899 1835 926 illorum

1053 951 1112 971 sese
1128 944 1269 971 historiam
1285 952 1317 971 ex
1334 943 1434 971 Beroso
1456 943 1583 970 didicisse
1596 943 1746 978 proﬁtetur.
1764 943 1836 970 Duos

1053 994 1142 1017 autem
1157 990 1200 1017 ille
1213 990 1245 1017 de
1258 990 1376 1025 Assyriis
1393 989 1554 1024 conscripsit
1570 989 1663 1017 libros.
1694 988 1836 1016 Phoenices

1051 1043 1116 1063 vero
1129 1035 1201 1070 quod
1213 1035 1324 1067 attinet,
1340 1039 1395 1063 tres
1408 1034 1479 1070 apud
1491 1043 1538 1062 eos
1549 1035 1598 1061 viri
1611 1034 1736 1066 ﬂoruere,
1746 1034 1835 1061 Theo-

1052 1080 1324 1117 dotus,llypsicrates
1343 1085 1370 1108 et
1385 1080 1632 1116 Mochus,quorum
1646 1080 1729 1108 libros
1744 1079 1837 1107 Grzece

1051 1127 1131 1154 vertit
1145 1127 1249 1159 Asitus,
1275 1127 1297 1155 is
1319 1127 1365 1162 qui
1380 1126 1603 1161 philosophorum
1622 1127 1703 1153 vitam
1729 1134 1835 1154 summa

1052 1173 1190 1207 diligentia
1204 1173 1347 1208 studioque
1361 1173 1532 1207 conscripsit.
1549 1173 1600 1206 Qui
1617 1173 1726 1207 quidem
1740 1180 1836 1200 omnes

1053 1218 1110 1246 suis
1128 1219 1154 1245 in
1176 1219 1367 1250 bistoriis,sub
1381 1226 1436 1245 uno
1452 1219 1543 1253 aliquo
1558 1226 1631 1254 rege,
1645 1218 1725 1246 simul
1740 1223 1767 1246 et
1783 1219 1833 1244 En-

1053 1272 1125 1300 ropa:
1151 1268 1258 1299 raptum
1284 1269 1311 1291 et
1327 1264 1441 1291 Menelai
1464 1264 1656 1299 profectionem
1679 1265 1705 1291 in
1722 1264 1836 1292 Pituani-

1052 1309 1134 1343 ciam,
1159 1313 1185 1336 et
1200 1309 1278 1336 lrami
1293 1309 1381 1337 foedus
1394 1317 1426 1337 ac
1442 1310 1598 1337 societatem
1620 1310 1766 1345 contigisse
1782 1314 1836 1337 tra-

1051 1355 1129 1388 dunt,
1153 1363 1216 1382 cum
1241 1355 1265 1383 is
1291 1355 1429 1382 Salomoni
1448 1354 1603 1383 Iudaeorum
1629 1356 1685 1391 re'gi
1705 1356 1760 1383 filia
1779 1356 1834 1392 jam

1052 1400 1227 1427 matrimonio
1240 1400 1393 1435 conjuncta,
1404 1402 1457 1428 vim
1474 1401 1584 1436 insuper
1598 1401 1687 1429 omnis
1701 1401 1834 1437 lignorum

1052 1446 1158 1480 generis
1173 1446 1319 1472 maximam
1334 1446 1366 1473 ad
1381 1446 1510 1481 templum
1528 1446 1715 1474 aadilicandum
1739 1452 1836 1481 sponte

1052 1492 1162 1520 donavit
1181 1502 1187 1519 :
1205 1501 1320 1527 quarum
1348 1493 1428 1519 etiam
1447 1501 1537 1519 rerum
1553 1492 1699 1520 Menander
1711 1492 1755 1520 ille
1770 1491 1835 1519 Per-

1052 1544 1183 1570 gamenus
1198 1537 1255 1564 suis
1268 1538 1427 1563 memoriam
1448 1537 1555 1571 scriptis
1569 1537 1748 1572 consignavit.
1775 1536 1834 1564 Jam

217 1580 372 1615 Αἰγυπτίων
395 1582 418 1608 δ’
440 1583 508 1609 εἰσὶν
547 1583 669 1619 ἀκριϐεῖς
706 1584 807 1620 χρόνων
834 1586 998 1621 ἀναγραφαι.

1052 1581 1131 1609 lrami
1155 1586 1273 1617 tempora
1299 1590 1352 1609 non
1378 1582 1456 1615 longe
1471 1590 1485 1609 a
1499 1581 1625 1616 Trojanis
1642 1582 1752 1613 absunt,
1773 1589 1834 1609 cum

216 1625 273 1653 Καὶ
289 1627 342 1653 τῶν
366 1628 424 1654 κατ’
439 1628 536 1660 αὐτοὺς
553 1629 723 1664 γραμμάτων
748 1630 882 1665 ἑρμηνεὺς
904 1632 1001 1657 Πτολε-

219 1673 309 1708 μαῖος,
327 1674 376 1708 οὐχ
397 1675 411 1700 ό
431 1674 555 1708 βασιλεὺς
567 1695 573 1706 ,
598 1675 687 1710 ἱερεὺς
700 1675 727 1701 δὲ
742 1675 890 1712 Μένδητος.
906 1673 999 1709 Οὗτος,

216 1718 266 1750 τὰς
277 1717 331 1745 τῶν
347 1719 478 1754 βασιλέων
496 1718 608 1755 πράξεις
630 1719 810 1755 ἐκτιθέμενος,
823 1721 892 1747 κατὰ
907 1722 999 1756 Ἀμω-

218 1773 261 1791 σιν
275 1764 412 1799 Αἰγύπτου
430 1765 541 1800 βασιλέα
555 1765 694 1800 γεγονέναι
717 1766 851 1798 Ἰουδαίοις
864 1767 930 1802 φησὶ
952 1766 1000 1802 τὴν

218 1809 248 1844 ἐξ
261 1811 398 1845 Αἰγύπτου
423 1811 533 1847 πορείαν
558 1813 598 1843 εἰς
622 1812 693 1847 ἅπερ
716 1811 810 1847 ἠθελον
836 1813 921 1847 χωρία
935 1812 999 1848 (85),

216 1856 340 1888 Μωσέως
371 1857 535 1892 ἡγουμένου·
577 1857 649 1891 λέγει
682 1858 709 1884 δὲ
740 1858 902 1894 οὓτως(86)·
932 1860 960 1886 'U
974 1860 1001 1886 δὲ

220 1902 342 1938 ’Δμωσις
372 1902 478 1936 ἐγένετο
511 1903 582 1930 κατὰ
606 1904 650 1929 τὸν
680 1904 785 1939 Ἴναχον
807 1905 853 1931 τὸν
879 1905 999 1940 βασιλέα.

217 1948 294 1975 Μετὰ
310 1949 339 1975 δὲ
358 1948 461 1980 τοῦτον,
481 1949 581 1975 Ἀπίων
599 1950 612 1975 ό
626 1950 827 1984 γραμματικὸς,
844 1951 913 1986 ἀνὴρ
929 1951 1001 1978 δοκι-

219 1993 352 2029 μώτατος,
374 1995 403 2021 ὲν
427 1996 460 2031 τῇ
483 1995 599 2031 τετάρτῃ
615 1995 667 2021 τῶν
680 1996 895 2031 Αἰγυπτιακῶν,
911 1998 1001 2031 (πέντε

217 2040 247 2068 δέ
265 2041 334 2067 εἰσιν
355 2041 429 2076 αὐτῷ
452 2041 570 2077 γραφαὶ)
595 2040 677 2068 πολλὰ
701 2041 750 2077 μὲν
768 2041 814 2068 καὶ
836 2042 913 2074 ἄλλα,
936 2044 1001 2078 φησι

217 2087 241 2114 δ’
259 2088 299 2114 ὃτι
324 2087 479 2122 κατέσκαψε
501 2087 550 2122 τὴν
573 2086 675 2122 Αῠαριν
698 2087 834 2122 Ἃμωσις,
863 2087 932 2114 κατὰ
956 2088 1001 2114 τὸν

225 2133 347 2169 ’Δργεῖον
375 2133 517 2168 γενόμενος
541 2133 657 2168 Ἴναχον,
682 2133 719 2164 ὡς
747 2133 775 2159 ἐν
803 2134 859 2164 τοῖς
876 2134 1001 2167 Χρόνοις

218 2179 371 2215 ἀνέγραψεν
387 2181 401 2206 ὁ
412 2179 561 2214 Μενδήσιος
578 2179 752 2214 Πτολεμαῖος.
772 2180 800 2205 Ὁ
821 2179 849 2205 δὲ
865 2179 918 2205 ἀπὸ
933 2180 1001 2206 Ἰνά-

218 2235 267 2262 χου
283 2226 377 2262 χρόνος
400 2225 464 2261 ἄχρι
482 2226 530 2260 τῆς
553 2225 629 2251 Ἰλίου
643 2224 767 2256 ἁλώσεως
784 2225 936 2261 ἀποπληροῖ
954 2235 999 2260 γε·
1018 2245 1038 2271 D

219 2271 284 2303 νεὰς
299 2271 394 2298 εἴκοσι.
417 2271 471 2298 Καὶ
486 2270 520 2297 τὰ
536 2271 584 2306 τῆς
595 2270 755 2302 ἀποδείξεως
771 2271 864 2297 τοῦτον
885 2270 942 2306 ἔχει
956 2272 1001 2299 τὸν

218 2316 329 2351 τρόπον.
362 2315 506 2350 Γεγόνασιν
531 2316 660 2351 Ἀργείων
689 2312 807 2350 βασιλεῖς
839 2316 901 2343 οἶδε’
931 2318 1003 2344 Ἰνα-

217 2370 276 2397 χος,
295 2361 442 2397 Φορωνὲυς,
465 2361 557 2392 Ἆπις,
583 2361 711 2395 Ἀργεῖος,
735 2361 863 2396 Κρίασος,
887 2362 1000 2397 Φόρϐας,

219 2405 357 2442 Τριόπας,
374 2405 535 2440 Κροτωπδς,
556 2404 712 2437 ΣΟενέλαος,
737 2405 850 2436 Δαναὸς,
867 2406 1002 2439 Λυγκεὺς,

221 2451 325 2483 ’Δὸας,
349 2451 478 2486 Προῖτος,
501 2450 651 2485 Ἀκρίσιος,
676 2451 813 2486 Περσεὺς,
838 2451 1001 2486 Εὐρυσθεὺς,

226 2497 347 2533 Ἀτρεὺς,
368 2497 500 2532 Θυέστης,
520 2497 708 2532 Ἀγαμέμνων,
728 2493 758 2522 οὗ
781 2497 851 2523 κατὰ
867 2498 897 2523 τὸ
919 2498 1004 2524 ὀκτω-

257 2565 312 2600 ι85)
330 2564 412 2591 Μετὰ
428 2564 587 2600 Σέλευκον.
613 2563 650 2600 lta
661 2571 761 2600 omnes
781 2571 787 2589 :
807 2564 936 2600 Tatianus
963 2569 1003 2591 ta-

220 2598 284 2627 men
298 2598 380 2627 habet
391 2599 484 2630 αὐτόν,
500 2598 573 2633 quod
587 2599 620 2626 ad
636 2599 819 2625 Alexandrum
843 2598 936 2626 referri
956 2599 1003 2627 de-

220 2635 277 2663 bet.
297 2633 448 2663 Antiochus
461 2639 523 2668 post
538 2633 721 2668 Alexandrum
738 2633 843 2664 tertius,
856 2635 925 2661 idem
942 2642 1003 2661 esse

221 2677 276 2698 non
292 2669 448 2703 potest.qui
463 2667 559 2695 tertius
574 2673 637 2702 post
651 2667 804 2695 Seleucum.
818 2668 886 2695 Nam
904 2669 1002 2696 tertius

219 2705 256 2733 ab
276 2704 430 2731 Alexandro
446 2703 512 2735 fuit,
531 2703 680 2730 Antiochus
693 2703 811 2730 nominis
822 2704 941 2737 primus,
955 2712 1002 2730 co-

220 2745 369 2774 gnomento
394 2738 483 2770 Soter,
507 2738 613 2774 Seleuci
638 2737 777 2774 tiliuszat
802 2739 896 2766 tertius
922 2747 937 2765 a
956 2738 1004 2766 Sc-

220 2772 311 2806 leueo,
326 2773 479 2809 Antiochus
509 2773 627 2800 nominis
648 2772 801 2806 secundus,
824 2779 1002 2809 cognomento

222 2809 306 2841 Dens,
321 2808 423 2836 Soteris
439 2809 520 2835 illius.

259 2843 317 2879 (84)
338 2845 472 2876 Ἀσιτος..
486 2843 614 2872 Tatianus
632 2851 736 2876 excus.,
750 2843 855 2876 Χαῖτος.
873 2843 1001 2870 Neutrum

224 2887 324 2906 nomen
338 2879 399 2906 alibi
415 2879 529 2914 reperio.

1052 1632 1141 1655 tamen
1157 1627 1284 1655 Salomon
1303 1628 1423 1663 ejusdem
1438 1628 1560 1665 aequalis,
1570 1628 1654 1655 multo
1667 1627 1748 1655 fuerit
1762 1626 1836 1654 Mose

1051 1675 1192 1710 posterior.
1207 1675 1399 1710 Egyptiorum
1411 1675 1526 1711 denique
1541 1675 1739 1707 commentarii,
1756 1680 1836 1701 accu-

1052 1726 1109 1748 rate
1126 1721 1155 1748 in
1170 1721 1263 1755 primis
1276 1728 1308 1748 ac
1321 1721 1463 1756 diligenter
1478 1721 1608 1748 elaborati
1621 1725 1695 1748 sunt.
1712 1720 1835 1753 Quorum

1051 1775 1066 1794 e
1084 1775 1197 1796 numero
1209 1788 1215 1800 ,
1230 1768 1380 1794 litterarum
1399 1774 1510 1794 suarum
1528 1767 1660 1801 interpres
1673 1765 1836 1793 Ptolemaeus

1052 1813 1120 1846 fuit,
1145 1822 1197 1841 non
1219 1822 1266 1841 rex
1287 1814 1330 1841 ille
1353 1814 1478 1849 quidem,
1503 1812 1549 1840 sed
1576 1811 1704 1840 sacerdos
1724 1810 1831 1839 Mende-

1052 1864 1106 1888 tus.
1126 1861 1150 1887 ls
1164 1861 1189 1886 in
1207 1868 1295 1895 regunt
1312 1860 1497 1896 Egypliorum
1517 1859 1637 1886 Historia
1649 1879 1657 1892 ,
1677 1857 1728 1886 sub
1741 1857 1834 1885 Amosi

1051 1913 1123 1940 rege,
1152 1906 1274 1940 duceque
1297 1905 1381 1936 Mose,
1409 1905 1518 1932 Iudaeos
1540 1911 1702 1939 quocunque
1729 1897 1833 1930 libitum

1053 1951 1159 1985 fuisset,
1174 1959 1205 1978 ex
1225 1951 1340 1986 [Egypto
1354 1950 1490 1985 profectos
1505 1957 1565 1977 esse
1582 1953 1705 1976 testatur.
1721 1949 1834 1976 Amosin

1053 2003 1142 2027 autem
1167 1998 1240 2024 illum
1267 1996 1359 2023 Inachi
1383 1995 1550 2030 temporibus
1573 2002 1700 2029 regnasse
1716 1998 1833 2021 constat.

1052 2044 1224 2071 Ptolemaeum
1250 2043 1373 2077 sequitur
1396 2042 1482 2077 Apion
1504 2041 1711 2075 grammaticus.
1740 2040 1835 2067 claris-

1053 2089 1113 2116 simi
1129 2089 1169 2115 vir
1183 2087 1312 2120 nominis,
1324 2087 1368 2122 qui
1387 2087 1455 2114 libro
1467 2086 1687 2122 {Egyptiacarum
1701 2085 1835 2113 Historia-

1053 2143 1111 2162 rum
1128 2140 1235 2169 quarto,
1260 2134 1379 2168 quinque
1404 2134 1474 2160 enim
1489 2141 1522 2160 eo
1536 2137 1695 2168 argumento
1715 2132 1833 2167 scripsit,

1052 2188 1114 2208 cum
1139 2181 1191 2207 alia
1215 2180 1359 2215 pleraque,
1376 2184 1432 2206 tum
1453 2179 1505 2205 hoc
1528 2179 1554 2205 in
1577 2178 1671 2213 primis
1688 2178 1782 2210 docet,
1800 2178 1835 2205 ab

1053 2225 1146 2253 Amosi
1168 2225 1411 2253 erersamAvarim
1434 2224 1526 2256 fuisse,
1551 2224 1729 2258 eumdemque
1742 2223 1834 2257 Argivi

1055 2271 1144 2298 Inachi
1170 2271 1271 2298 vixisse
1298 2270 1474 2305 temporibus,
1502 2269 1583 2305 494.
1609 2269 1646 2296 uti
1673 2267 1835 2295 Ptolemaeus

1054 2315 1206 2343 Mendesius
1233 2316 1290 2343 suis
1323 2315 1350 2342 in
1375 2314 1521 2342 Annalibus
1550 2318 1676 2341 testatum
1716 2313 1832 2348 reliquit.

1055 2360 1132 2394 Quod
1146 2361 1167 2388 si
1183 2361 1217 2388 ab
1231 2360 1331 2388 lnacho
1347 2360 1380 2387 ad
1400 2365 1508 2395 captum
1530 2359 1607 2386 llium
1621 2364 1772 2393 temporum
1790 2367 1834 2386 se-

1055 2408 1121 2434 riem
1152 2408 1251 2434 ducere
1275 2407 1404 2440 volueris,
1430 2411 1521 2433 aztates
1549 2405 1641 2440 viginti
1668 2404 1833 2432 numerabis.

1053 2452 1141 2488 Atque
1165 2453 1247 2487 hujus
1269 2452 1485 2479 demoustramlm
1500 2450 1620 2477 veritatis
1634 2454 1758 2484 prompta
1771 2442 1835 2477 haec

1054 2503 1081 2526 et
1106 2499 1236 2534 explicata
1261 2498 1330 2525 ratio
1352 2503 1402 2525 cst.
1430 2498 1509 2532 Argis
1529 2497 1592 2525 olim
1607 2500 1774 2532 regnarunt,
1788 2495 1834 2531 qui

1089 2565 1145 2597 (85)
1165 2566 1217 2597 Εἰς
1233 2565 1306 2598 ἅπερ
1330 2565 1440 2598 ἤθελον
1452 2564 1553 2598 χωρία.
1569 2562 1688 2595 Tutiam,
1711 2563 1751 2594 εἰς
1763 2562 1835 2598 ἆπερ

1053 2598 1146 2636 ἦλθον,
1159 2600 1231 2636 quod
1253 2600 1450 2636 Inzggisnprobo.

1089 2635 1144 2671 (86)
1164 2632 1247 2669 Ᾱέγιει
1262 2632 1416 2671 (τὲ-οὕτως.
1427 2635 1481 2671 Aut
1496 2633 1673 2671 ex‘pungenda
1685 2633 1742 2671 haec
1752 2632 1834 2671 verba

1055 2667 1118 2697 sunt.
1127 2667 1190 2700 {aut
1203 2667 1304 2696 resecta
1318 2669 1451 2696 Ptolermei
1465 2668 1551 2695 oratio
1559 2673 1609 2698 est,
1618 2669 1696 2702 cujus
1709 2667 1835 2702 fortassis

1055 2705 1160 2732 initium
1176 2704 1274 2736 fuerit,
1290 2705 1362 2738 quod
1377 2704 1508 2738 sequitur.
1524 2704 1538 2729 ό
1557 2703 1585 2729 δὲ
1597 2701 1730 2738 ’Δμὶοσιᾳ
1749 2701 1834 2738 Equif

1054 2741 1114 2767 dem
1127 2739 1243 2774 expungi
1259 2737 1349 2765 malim
1362 2747 1367 2764 :
1378 2737 1451 2772 quod
1458 2739 1529 2774 enim
1540 2737 1660 2774 Moyfein
1678 2738 1729 2765 sub
1740 2737 1835 2774 Amosi

1055 2772 1235 2807 constituens,
1251 2774 1382 2808 aequalem
1397 2782 1458 2801 eum
1478 2773 1576 2800 Inacho
1591 2773 1724 2801 Tatianus
1739 2772 1833 2801 faciat,

1054 2810 1158 2837 erroris
1175 2810 1246 2836 illius
1264 2807 1304 2836 (εει
1320 2809 1420 2843 pridem
1443 2809 1598 2841 inveterati,
1619 2817 1704 2843 .quem
1730 2807 1835 2845 primus

1055 2845 1163 2873 sustulit
1180 2844 1320 2872 Eusebius.
