2091 3208
313 174 367 203 82⁸5
636 175 769 204 EUSEBll
789 175 1027 203 CESARIENSIS
1043 176 1118 203 OPP.

1140 175 1228 203 PARS
1246 175 1279 203 ll.
1299 190 1333 196 —
1349 175 1597 204 APOLOGETICA.
1862 178 1916 206 εει

313 239 464 271 sequuntur
476 245 482 262 :
497 235 622 268 lnachus,
636 235 805 268 Phoroneus,
815 236 1092 271 Apis.Argius,Cria-
1107 240 1118 267 .1

1143 236 1300 263 καιδέκατον
1317 236 1375 268 ἔτος
1390 236 1439 272 τῆς
1453 236 1589 272 βασιλείας
1603 235 1684 263 Ἴλιον
1698 235 1849 263 ὲάλω.’Καὶ
1865 237 1917 273 χρὴ

313 290 370 314 sus,
385 280 515 314 Phorbas,
532 281 662 316 Triopas,
679 281 829 316 Crotopus,
848 281 1019 314 Sthenelaus,
1036 281 1089 309 Da-

312 334 391 360 naus,
406 325 538 362 Lynceus,
559 325 641 358 Abas,
664 325 782 359 Proetus,
808 326 939 360 Acrisius,
962 326 1088 359 Perseus,

312 371 488 408 Eurystheus,
514 371 621 404 Atreus,
639 371 777 406 Thyestes.
792 373 988 408 Agamemnon,
1009 372 1090 408 cujus

312 425 384 444 anno
396 417 501 445 decimo
511 422 606 444 octavo
619 418 699 453 'l'roja
715 422 792 453 capta
806 424 858 446 est.
872 418 960 453 Atque
974 419 1018 446 hic
1030 427 1090 454 pru-

310 462 383 489 denti
399 467 425 489 et
440 462 579 496 ingenioso
593 463 685 490 lectori
698 463 840 499 diligenter
854 463 879 490 in
890 464 984 498 primis
993 465 1088 492 obser-

310 507 426 534 vandum
439 508 490 535 erit
501 528 509 540 ,
526 508 568 534 vel
584 515 616 535 ex
633 509 690 543 ipsa
707 509 862 536 Graecorum
881 509 1021 536 hominum
1035 513 1089 536 tra-

309 552 410 580 ditione
425 558 560 585 constare.
571 554 670 581 nullam
683 558 739 582 tum
753 556 823 590 apud
839 556 900 583 illos
911 557 1087 591 perscriptam

309 600 397 628 adhuc
411 600 552 628 historiam
567 601 664 630 fuisse.
681 601 747 629 Nam
756 602 803 637 qui
814 602 963 630 litterarum
973 602 1088 630 formam

309 645 375 680 ipsis
387 650 414 673 et
427 646 560 674 rationem
582 647 692 675 tradidit
706 647 835 682 Cadmus,
852 656 905 676 non
921 648 973 676 nisi
996 649 1088 676 multis

307 694 370 724 post
381 690 506 719 aetatibus
522 692 643 726 pervenit
660 693 686 719 in
707 692 848 721 Boeotiam.
881 692 946 721 Post
961 693 1086 722 Inachum

307 743 382 770 vero,
405 735 539 767 Phoronei
553 738 634 765 ductu
651 743 732 772 atque
759 739 897 774 auspiciis,
915 740 1038 767 homines
1054 741 1088 768 ab

308 780 396 809 ferino
407 789 530 818 vagoque
542 783 604 811 vitae
614 791 712 819 genere
726 785 759 812 ad
773 784 961 812 humaniorem
976 794 1008 813 ac
1021 786 1088 814 libe-

307 827 434 855 raliorem
465 829 566 856 cultum
594 830 639 857 vix
667 830 775 858 tandem
803 831 949 866 aliquando
973 832 1086 861 traducti

308 876 381 900 sunt.
413 872 503 906 Quare
516 874 539 901 si
554 873 654 902 Mosem
679 874 778 902 Inacho
793 875 923 911 aequalem
941 875 1026 905 fuisse
1040 878 1087 905 ha-

308 917 442 952 bebimus,
464 919 534 947 idem
544 919 666 962 ‘Trojana
686 925 807 957 tempora
821 923 1023 959 quadringentis
1038 931 1087 951 an-

307 964 457 996 tecesserit,
472 973 582 993 necesse
595 971 646 993 est.
668 966 696 994 ιιι
711 975 775 994 vero
789 967 932 996 manifeste
945 977 978 997 ex
994 974 1085 1004 rEgum

308 1017 362 1037 non
381 1011 530 1039 Atticorum
548 1012 646 1046 modo,
672 1013 718 1040 sed
734 1014 816 1041 etiam
841 1014 1086 1049 Macedonicorum,

306 1055 532 1084 Ptolemaicorum
555 1062 581 1085 et
591 1057 821 1086 Antiochenorum
839 1061 1010 1089 successione
1022 1069 1087 1089 con-

308 1102 408 1130 iicitur.
425 1101 503 1130 Unde
512 1102 577 1130 illud
587 1103 668 1130 etiam
679 1104 800 1139 colligas,
813 1105 835 1132 si
849 1105 999 1133 clarissima
1014 1114 1087 1141 qua:-

306 1155 360 1182 que
375 1146 530 1175 Graecorum
545 1149 596 1176 sub
612 1149 702 1177 Inachi
726 1153 831 1185 tempus
845 1155 872 1178 et
887 1151 994 1187 scriptis
1011 1160 1087 1180 man-

306 1191 376 1225 dari,
389 1199 416 1221 et
428 1194 455 1221 in
469 1194 608 1222 hominum
625 1195 779 1231 cognitione
803 1197 906 1225 versari
925 1205 1041 1233 coepere,
1060 1198 1086 1226 id

307 1238 395 1273 ipsum
412 1240 512 1275 pariter
528 1241 579 1268 sub
599 1240 682 1269 Hosis
702 1247 808 1270 aetatem
833 1243 988 1279 contigisse.
1017 1243 1086 1272 Nam

306 1283 458 1319 Phoroneo,
479 1285 527 1320 qui
551 1290 612 1321 post
635 1285 762 1315 Inachum
785 1289 918 1324 regnavit,
942 1297 1087 1325 supparem

306 1330 484 1359 Athenienses
498 1331 614 1368 Ogygem
630 1332 731 1360 faciunt
741 1354 749 1366 ,
774 1335 825 1362 sub
840 1343 894 1369 quo
909 1335 1025 1371 primum
1042 1337 1078 1364 di-

306 1375 409 1404 luvium
421 1377 534 1411 actidit;
562 1383 618 1405 tum
634 1378 781 1406 Phorbanti
796 1379 926 1414 Actzeum,
940 1389 956 1408 a
971 1389 1025 1417 quo
1036 1382 1084 1409 At-

306 1422 359 1450 tica
379 1422 476 1451 Acuca:
491 1431 588 1451 nomen
604 1424 727 1453 habuerit
750 1435 757 1453 :
783 1425 889 1462 Triopae
902 1427 999 1455 deinde
1019 1427 1086 1455 Pro-

307 1467 454 1501 metheum,
467 1468 666 1504 Epimetheum,
681 1471 972 1507 Atlantem.geminum
987 1473 1085 1501 Cecro-

305 1522 378 1550 pem,
389 1520 416 1543 et
427 1515 463 1543 lo.
494 1516 534 1543 Ad
549 1516 657 1552 Crotopi
672 1525 758 1545 aevum
779 1523 806 1545 et
819 1517 976 1547 Phaetontis
990 1519 1086 1547 incen-

305 1561 393 1595 dium,
407 1567 435 1589 et
451 1561 620 1590 Deucalionis
633 1563 764 1591 diluvium
781 1564 901 1592 referunt
914 1574 920 1592 :
933 1572 994 1592 cum
1007 1565 1085 1593 Stbe-
1097 1576 1119 1604 ρ

305 1607 395 1641 nelao,
415 1608 620 1644 Amphictyonis
634 1617 757 1644 regnum,
780 1608 863 1636 Danai
878 1610 905 1636 in
919 1609 1085 1646 Peloponne-

305 1660 367 1681 sum
384 1653 540 1686 adventum,
564 1654 700 1681 conditam
718 1662 733 1681 a
758 1653 882 1682 Dardano
911 1654 1084 1686 Dardaniam.

305 1701 334 1725 et
346 1697 461 1732 Europae
484 1705 516 1724 ex
539 1697 679 1725 Phoenicia
700 1697 916 1733 deportationem
932 1697 960 1725 in
977 1697 1083 1725 Cretam

307 1744 435 1778 temporis
451 1743 578 1771 societate
602 1743 779 1779 conjungunt.
809 1743 866 1771 Sub
880 1743 1002 1779 Lynceo,
1018 1743 1085 1772 Pro-

305 1789 420 1825 serpinam
443 1795 560 1824 raptum,
588 1789 723 1825 Eleusynii
741 1789 847 1817 delubri
868 1789 1084 1823 aedificationem,

306 1835 499 1870 agriculturam
526 1834 682 1871 Triptolemi
692 1855 700 1867 ,
716 1835 810 1863 Cadmi
833 1835 986 1863 Thebanam
1002 1836 1031 1863 in
1044 1837 1083 1864 ci-

305 1879 417 1907 vitatem
443 1880 599 1912 adventum,
626 1885 653 1908 et
676 1879 773 1908 Minois
804 1888 916 1916 regnum
939 1881 1082 1909 collocant.

306 1926 345 1953 Ad
359 1925 479 1954 Prtetum
491 1925 615 1961 Eumolpi
632 1926 729 1954 bellum
741 1927 871 1954 adversus
884 1926 1062 1954 Athenienses
1075 1936 1083 1960 ;

305 1972 339 1998 ad
357 1971 494 2000 Acrisium
509 1971 615 2007 Pelopis
631 1972 814 2008 trajectionem
831 1981 864 2000 ex
886 1972 1018 2009 Phrygia,
1040 1973 1082 2001 lo-

305 2017 349 2046 nis
359 2016 479 2045 Athenas
488 2018 642 2050 adventum,
653 2018 798 2054 Cecropem
809 2018 923 2046 alterum
936 2019 1082 2054 juniorem,

305 2060 450 2097 Perseique
472 2070 515 2090 res
528 2067 617 2098 gestas
637 2068 773 2091 revocant.
802 2063 942 2091 Postremo
956 2069 1084 2099 regnante

305 2108 507 2144 Agamemnone
523 2113 630 2143 captum
647 2113 688 2137 est
701 2108 789 2136 Ilium.
804 2109 885 2145 595
900 2109 971 2145 Ergo
988 2118 1021 2138 ex
1036 2118 1083 2138 su-

306 2153 470 2189 perioribus,
495 2153 614 2187 Moscm,
639 2154 777 2187 heroibus,
801 2155 965 2188 civitatibus,
983 2163 1015 2183 ac
1029 2155 1083 2183 da:-

304 2199 431 2227 monibus
443 2199 509 2234 ipsis
525 2201 705 2236 antiquiorem
718 2200 812 2233 fuisse,
827 2200 969 2228 manifesto
983 2201 1082 2229 intelli-

1140 282 1184 308 τὸν
1197 281 1308 317 νουνεχῆ
1321 282 1437 309 συνιέναι
1449 282 1516 317 μετὰ
1528 282 1617 317 πάσης
1629 281 1781 317 ἀκριϐείας,
1793 282 1834 308 δτι
1847 283 1918 309 κατὰ

1140 328 1188 363 τὴν
1207 327 1261 354 τῶν
1277 328 1410 364 Ἐλλήνων
1430 328 1577 363 παράδοσιν
1597 327 1652 354 οὐδ’
1678 327 1798 363 ἱστορίας
1818 336 1861 360 τις
1883 325 1918 363 ἦν

1140 375 1204 410 παρ’
1218 375 1309 406 αὐτοῖς
1331 375 1484 410 ἀναγραφή.
1506 374 1614 409 Κάδμος
1633 373 1697 409 γὰρ,
1720 374 1734 400 6
1751 373 1785 400 τὰ
1800 375 1918 410 στοιχεῖα

1139 421 1194 452 τοῖς
1219 420 1425 456 προειρημένοις
1447 419 1592 455 παραδοὺς,
1614 419 1681 454 μετὰ
1700 419 1800 451 πολλὰς
1821 420 1918 454 γενεὰς

1138 465 1187 500 τῆς
1198 465 1326 497 Βοιωτίας
1346 466 1442 501 ἐπέεη.
1457 465 1534 493 Μετὰ
1547 465 1576 492 δὲ
1589 466 1692 500 Ἴναχον
1709 465 1762 492 ὑπὸ
1774 466 1917 501 Φορωνέως

1141 512 1217 547 μόλις
1235 512 1281 538 τοῦ
1304 511 1450 548 θηριώδους
1471 512 1526 547 βίου
1553 512 1599 538 καὶ
1621 512 1735 547 νομάδος
1759 513 1916 548 περιγραφὴ

1139 557 1252 591 γέγονε,
1279 557 1519 593 μετεκοσμήθησάν
1540 565 1570 584 τε
1597 558 1621 584 οἱ
1644 557 1791 593 ἄνθρωποι.
1818 558 1916 593 Διόπερ

1138 603 1163 628 εί
1179 603 1249 629 κατὰ
1278 603 1382 638 Ἴναχον
1405 603 1523 638 πέφηνεν
1547 604 1561 629 ὁ
1578 604 1679 639 Μωσῆς
1697 603 1826 638 γεγονὼς,
1852 613 1916 641 πρε-

1139 648 1268 684 σϐύτερός
1282 648 1339 674 ἐστι
1353 647 1406 675 τῶν
1420 648 1540 675 Ἰλιακῶν
1548 648 1620 675 ἔτεσι
1627 649 1820 685 τετρακοσίοις.
1835 649 1915 677 Ἀπο-

1137 694 1272 721 δείκνυται
1282 694 1310 720 δὲ
1318 693 1389 720 τοῦθ’
1399 693 1484 726 οὕτως
1493 693 1552 729 ἕχον
1563 695 1616 721 ἀπό
1625 703 1654 721 τε
1663 695 1712 730 τῆς
1719 695 1774 722 τῶν
1788 695 1916 722 Ἀττικῶν

1139 733 1271 775 βασιλέων
1290 739 1423 775 διαδοχῆς,
1436 739 1628 767 Μακεδονικῶν
1655 749 1685 766 τε
1704 741 1751 767 καὶ
1764 741 1914 776 Πτολεμαῖ-

1137 785 1203 817 κῶν,
1217 785 1256 812 ἔτι
1269 785 1297 812 δὲ
1309 785 1355 812 καὶ
1371 785 1551 820 ’Δντιοχικῶν.
1571 785 1650 813 Ὅθεν
1662 787 1685 813 εί
1701 786 1771 813 κατὰ
1783 786 1828 813 τὸν
1845 787 1915 813 Ἰνα-

1137 839 1183 866 χον
1193 830 1296 866 (87-88)
1312 831 1340 856 αί
1362 831 1567 866 διαρανέστατοι
1585 830 1699 867 πράξεις
1713 832 1778 867 παρ’
1790 831 1916 868 Ἕλλησιν

1137 877 1295 912 ἐγράφησαν
1306 885 1336 903 τε
1353 877 1399 903 καὶ
1417 877 1605 911 γινώσκονται,
1629 876 1715 912 δῆλον,
1731 877 1769 908 ώς
1783 877 1830 905 καὶ
1846 877 1915 913 μετὰ

1139 922 1249 949 Μωσέα.
1276 922 1354 949 Κατὰ
1378 922 1425 957 μὲν
1445 922 1500 959 γὰρ
1518 923 1643 958 Φορωνέα
1661 922 1706 949 τὸν
1736 923 1794 958 μετ’
1808 923 1916 958 Ἴναχον

1139 967 1334 1003 μνημονεύεται
1347 967 1411 1002 παρ’
1424 967 1574 1003 Ἀθηναίοις
1583 967 1709 1002 Ὦγυγος,
1726 967 1768 1002 ἐφ’
1784 963 1814 994 οὗ
1829 975 1910 994 κατα-

1137 1012 1255 1048 κλυσμὸς
1263 1014 1277 1040 6
1288 1014 1402 1049 πρῶτος·
1414 1013 1484 1040 κατὰ
1497 1013 1525 1039 δὲ
1534 1013 1672 1049 Φόρὸαντα
1688 1013 1819 1044 ’Δκταῖοςν
1827 1013 1875 1048 ἀφ’
1883 1011 1915 1040 οὗ

1144 1056 1257 1083 Ἀκταία
1274 1057 1291 1092 η
1304 1057 1423 1092 Ἀττικὴ⁸
1441 1057 1512 1084 κατὰ
1524 1057 1551 1083 δὲ
1569 1057 1688 1092 Τριόπαν
1697 1057 1858 1093 Προμηθεὺς
1867 1059 1915 1085 καὶ

1143 1101 1317 1137 Ἐπιμηθεὺς,
1334 1102 1381 1129 καὶ
1392 1102 1500 1134 Ἀτλας,
1516 1103 1563 1129 καὶ
1576 1104 1590 1129 ό
1602 1102 1699 1138 διφυὴς
1709 1102 1832 1138 Κέκροψ,
1841 1103 1889 1129 καὶ
1897 1104 1914 1138 ἠ

1143 1147 1200 1174 Ὶώ·
1217 1148 1287 1175 κατὰ
1301 1149 1484 1185 δὲΚροτωπὺν
1494 1150 1510 1185 ὴ
1522 1150 1568 1176 ἐπὶ
1583 1148 1730 1181 Φαέθοντος
1747 1149 1913 1185 ἐκπύρωσις,

1137 1195 1183 1221 καὶ
1197 1195 1213 1230 ή
1228 1195 1274 1221 ἐπὶ
1283 1195 1466 1227 Δευκαλίωνος
1478 1195 1615 1231 ὲπομὸρία
1625 1203 1631 1210 ·
1645 1195 1714 1222 κατὰ
1727 1194 1756 1221 δὲ
1768 1194 1914 1221 Σθενέλαον

1135 1239 1153 1274 ἦ
1168 1248 1196 1266 τε
1209 1239 1256 1266 τοῦ
1275 1240 1468 1275 Ἀμφικτύονος
1487 1239 1618 1275 βασιλεία,
1635 1240 1682 1266 καὶ
1697 1240 1714 1275 ὴ
1730 1240 1771 1271 εις
1781 1238 1916 1266 Πελοπόν-

1135 1292 1216 1320 νησον
1237 1285 1340 1312 Δαναοῦ
1363 1285 1497 1322 παρουσία
1510 1305 1517 1317 ,
1542 1285 1589 1312 καὶ
1611 1286 1628 1320 ὴ
1645 1285 1698 1312 ὑπὸ
1716 1285 1914 1321 Δαρδάνουττῆς

1135 1329 1281 1365 Δαρδανίας
1305 1330 1410 1362 κτίσις,
1433 1330 1450 1365 ἧ
1466 1338 1496 1356 τε
1520 1330 1553 1356 ὲκ
1571 1329 1697 1365 Φοινίκης
1717 1329 1768 1364 τῆς
1780 1329 1917 1366 Εὐρώπης

1135 1376 1175 1407 είς
1195 1375 1244 1411 τὴν
1258 1376 1370 1411 Κρήτην
1395 1375 1543 1411 ἀνακομιδή
1555 1384 1563 1391 ·
1593 1375 1663 1402 κατὰ
1685 1375 1714 1401 δὲ
1734 1374 1841 1409 Λυγκέα
1862 1374 1912 1409 τῆς

1135 1421 1227 1457 Κόρης
1248 1421 1265 1456 ἡ
1282 1421 1404 1457 ἁρπαγὴ,
1427 1422 1472 1448 καὶ
1493 1420 1569 1456 ἡτοῦ
1586 1421 1614 1447 ὲν
1635 1421 1765 1447 Ἐλευσῖνι
1783 1419 1915 1455 τεμένους

1135 1466 1301 1502 καθίδρυσις,
1314 1467 1360 1493 καὶ
1374 1468 1390 1502 ἡ
1404 1466 1590 1502 Τριπτολέμου
1611 1467 1748 1502 γεωργία,
1765 1467 1811 1493 καὶ
1826 1466 1844 1501 ἡ
1854 1466 1915 1493 Κά-

1134 1512 1202 1549 δμου
1215 1514 1255 1546 είς
1269 1514 1358 1550 Θήὸας
1373 1513 1517 1548 παρουσία,
1528 1513 1634 1545 Μίνωός
1647 1521 1676 1539 τε
1693 1512 1813 1548 βασιλεία
1822 1521 1830 1528 ”
1841 1512 1913 1539 κατὰ

1135 1557 1164 1585 δὲ
1179 1559 1300 1594 Προῖτον,
1324 1560 1338 1586 6
1350 1559 1493 1594 Εὐμόλπου
1517 1559 1584 1594 πρὸς
1602 1558 1758 1594 Ἀθηναίους
1780 1557 1911 1593 πόλεμος·

1136 1605 1206 1632 κατὰ
1229 1605 1256 1632 δὲ
1275 1605 1419 1641 Ἀκρίσιον,
1438 1605 1555 1637 Πέλοπος
1578 1605 1632 1632 ἀπὸ
1646 1604 1765 1641 Φρυγίας
1781 1603 1913 1636 διάϐασις,

1135 1653 1182 1679 καὶ
1202 1653 1293 1683 Ἴωνος
1315 1652 1352 1684 είς
1376 1651 1425 1683 τὰς
1450 1651 1563 1686 Ἀθήνας
1574 1650 1675 1685 ἄφιξις,
1690 1651 1736 1677 καὶ
1757 1651 1772 1676 ὸ
1791 1649 1914 1686 δεύτερος
1964 1646 1969 1651 ”

1135 1697 1255 1733 Κέκροψ,
1269 1697 1300 1723 αἴ
1310 1705 1338 1723 τε
1352 1696 1476 1732 Περσέως
1497 1696 1624 1732 πράξεις·
1642 1696 1712 1723 κατὰ
1728 1696 1757 1722 δὲ
1771 1696 1821 1731 τὴν
1836 1695 1916 1730 Ἀγα-

1137 1744 1266 1779 μέμνονος
1298 1742 1434 1778 βασιλείαν
1461 1742 1542 1768 Ἴλιον
1564 1742 1643 1769 ἑάλω.
1669 1741 1771 1769 οὐκοῦν
1795 1741 1916 1777 πέφηνεν

1135 1790 1149 1815 6
1163 1787 1264 1823 Μωσῆς
1286 1788 1339 1814 ἀπό
1369 1795 1401 1822 γε
1424 1787 1478 1813 τῶν
1501 1787 1705 1822 προειρημένων
1730 1786 1915 1822 πρεσϐύτατος

1135 1833 1241 1869 ἡρώων,
1259 1833 1371 1864 πόλεων,
1384 1833 1526 1868 δαιμόνων.
1544 1833 1598 1859 Καὶ
1611 1832 1662 1868 χρὴ
1681 1832 1720 1868 τῷ
1736 1831 1914 1868 πρεσϐεύοντι

1135 1879 1206 1907 κατὰ
1225 1879 1275 1915 τὴν
1289 1878 1395 1915 ἠλικίαν
1412 1878 1549 1905 πιστεύειν
1573 1878 1672 1913 μᾶλλον
1693 1877 1765 1913 ἤπερ
1784 1879 1842 1909 τοῖς
1859 1877 1917 1904 ἀπὸ

1135 1924 1227 1960 πηγῆς
1248 1924 1428 1960 ἀρυσαμένοις
1452 1923 1593 1959 Ἕλλησιν,
1618 1923 1648 1950 οὐ
1671 1924 1730 1949 κατ’
1755 1922 1914 1957 ἐπίγνωσιν,

1134 1970 1258 1997 τάκείνου
1279 1970 1409 2006 δόγματα.
1434 1970 1529 1996 Πολλοὶ
1553 1969 1607 2006 γὰρ
1627 1969 1653 1995 οἱ
1669 1969 1730 1996 κατ’
1751 1969 1849 2001 αὐτοὺς
1870 1976 1914 1996 σο-

1134 2018 1227 2052 φισταὶ
1237 2017 1400 2054 κεχρημένοι
1417 2017 1570 2053 περιεργίᾳ,
1587 2017 1611 2044 οἳ
1625 2017 1675 2044 ὃσα
1687 2017 1764 2052 παρὰ
1774 2015 1830 2044 τῶν
1842 2016 1914 2044 κατὰ

1135 2064 1237 2092 Μωσέα
1258 2064 1305 2091 καὶ
1318 2064 1371 2090 τῶν
1399 2063 1498 2096 ὁμοίως
1511 2062 1585 2098 αὑτῷ
1601 2062 1814 2098 φιλοσοφούντων
1829 2061 1914 2097 ἐγνω-

1135 2118 1194 2142 σαν,
1219 2109 1437 2146 παραχαράττειν
1457 2108 1656 2144 ἐπειράθησαν·
1677 2108 1784 2144 πρῶτον
1800 2107 1850 2144 μιν
1869 2107 1914 2135 ινα

1133 2165 1159 2183 τι
1178 2156 1266 2190 λέγειν
1278 2157 1343 2183 ἴδιον
1363 2155 1525 2192 νομισθῶσι,
1546 2155 1669 2190 δεύτερον
1688 2154 1710 2182 δ’
1723 2155 1796 2186 ὅπως
1814 2153 1849 2181 τὰ
1863 2154 1914 2181 ὅσα

1136 2201 1174 2238 μὴ
1190 2201 1324 2234 συνίεσαν,
1340 2201 1384 2228 διά
1400 2209 1472 2232 τινος
1494 2200 1658 2227 ὲπιπλάστου
1680 2199 1838 2235 ρητολογίας
1859 2207 1913 2226 πα-

304 2244 386 2280 gitnr.
404 2243 501 2273 Verius
514 2251 602 2273 autem
617 2245 738 2281 proiecto
750 2251 801 2279 est,
813 2246 916 2273 homini
932 2250 1010 2273 aetate
1021 2246 1082 2281 plu-
1098 2255 1118 2282 ι)

1138 2248 1365 2285 ρακαλύπτοντες,
1390 2247 1428 2279 ὡς
1454 2247 1616 2283 μυθολογίαν
1636 2246 1692 2283 (89)
1714 2246 1764 2282 τὴν
1787 2245 1914 2282 ἀλήθειαν

304 2290 405 2318 rituum
415 2295 571 2326 ategresso
583 2291 663 2319 ﬁdem
679 2291 789 2324 habere,
806 2298 888 2326 quam
900 2290 1012 2322 Graecis.
1035 2291 1081 2326 qui

303 2335 364 2371 ejus
379 2336 504 2372 dogmata
519 2342 548 2364 ut
562 2345 595 2365 ex
610 2337 725 2373 ipsomet
738 2337 812 2365 fonte
823 2337 977 2370 hauserint,
992 2338 1083 2365 minus

303 2387 396 2411 tamen
416 2391 487 2411 verae
509 2383 629 2411 scientiae
649 2383 759 2410 ductum
779 2383 865 2410 secuti
879 2387 952 2410 sunt.
970 2382 1083 2418 'Sophi-

305 2433 362 2456 stas
383 2428 455 2456 enim
469 2428 618 2464 permultos
632 2428 760 2460 habuere,
786 2427 833 2462 qui
860 2428 1011 2455 curiositati
1027 2435 1082 2455 sum

305 2473 443 2508 obsecuti,
466 2482 633 2510 quaecunque
659 2474 700 2501 vel
723 2481 739 2501 a
763 2473 856 2506 Mose,
879 2474 920 2501 vel
936 2474 970 2500 ab
985 2473 1082 2501 similis

305 2519 481 2555 philosophiae
507 2520 706 2556 professoribus
731 2524 900 2555 acceperant,
930 2519 1083 2547 adulterare

306 2564 398 2592 omnia
414 2565 503 2593 conati
517 2570 580 2593 sunt
595 2575 605 2592 τ
615 2566 732 2600 primum
747 2570 777 2592 ut
789 2564 925 2599 singulare
938 2563 1039 2598 aliquid
1050 2571 1082 2590 ac

306 2611 445 2645 proprium
456 2611 546 2638 dicere
568 2612 731 2642 viderentur,
755 2610 852 2638 deinde
867 2613 898 2636 ut
919 2617 978 2644 qua:
992 2608 1082 2636 minus

305 2660 525 2690 assequerentur,
542 2664 574 2684 ea
587 2655 778 2684 commentitiae
799 2655 926 2683 dictionis
938 2655 1027 2690 specie
1041 2655 1082 2682 in-

306 2700 447 2734 volvendo,
470 2701 620 2729 fabularum
636 2703 722 2730 instar
734 2703 871 2731 veritatem
888 2703 974 2737 ipsam
991 2702 1082 2730 tradu-

341 2779 449 2815 (87-88)
472 2781 550 2818 κατὰ
573 2782 625 2808 τὸν
652 2783 775 2817 Ἴναχον.
802 2782 924 2814 Tatian.,
948 2783 1016 2818 μετὰ
1038 2783 1082 2809 τὸν

307 2815 414 2850 Ἴναχον
424 2817 612 2853 ,_rectius,Aut
625 2815 751 2853 existimo
761 2839 767 2850 ,
781 2819 845 2852 quia
864 2815 986 2853 sequitur
1001 2818 1083 2853 paulo

307 2855 384 2885 post,
401 2850 448 2877 καὶ
467 2850 535 2884 μετὰ
555 2851 663 2879 Μωσέα.
692 2850 809 2880 Tametsi
822 2873 829 2884 ,
852 2850 913 2880 cuni
929 2850 1082 2880 Graecorum

309 2884 450 2913 historiam
465 2885 499 2912 ab
512 2884 611 2914 lnacho
622 2886 676 2915 ferc
690 2888 752 2916 duci
767 2887 915 2923 conﬁrmet,
928 2888 1080 2923 utrobique,

1136 2293 1393 2330 παραδραὸεύσωσι.
1414 2293 1482 2330 Περὶ
1499 2293 1548 2328 μὲν
1563 2291 1609 2320 οὖν
1629 2292 1680 2328 τῆς
1698 2291 1760 2320 καθ’
1775 2293 1848 2328 ἡμᾶς
1862 2300 1912 2319 m-

1136 2340 1251 2372 λιτείας,
1274 2340 1392 2376 ἱστορίας
1415 2348 1447 2366 τε
1471 2340 1520 2375 τῆς
1539 2339 1609 2366 κατὰ
1623 2340 1686 2371 τοὺς
1699 2338 1849 2374 ἡμετέρους
1872 2337 1915 2364 νό-

1137 2395 1213 2422 μους,
1226 2387 1275 2413 ὂσα
1287 2395 1318 2413 τε
1333 2386 1472 2421 εἰρήκασιν
1488 2386 1513 2412 oi
1531 2385 1606 2422 παρὰ
1621 2385 1676 2417 τοῖς
1692 2385 1804 2420 Ἕλλησι
1819 2384 1913 2420 λόγιοι.

1136 2433 1182 2459 καὶ
1209 2431 1304 2463 πόσοι,
1326 2431 1372 2458 καὶ
1385 2430 1456 2463 τίνες
1483 2431 1550 2458 είσὶν
1571 2431 1596 2457 oi
1619 2430 1862 2466 μνημονεύσαντες.
1883 2430 1914 2456 ὲν

1135 2477 1174 2512 τῷ
1192 2477 1260 2513 πρὸς
1273 2476 1336 2508 τοὺς
1353 2476 1576 2512 ἀποφηναμένους
1592 2475 1628 2502 τὰ
1643 2476 1706 2511 περὶ
1718 2474 1786 2502 Genii
1807 2473 1915 2510 δειχθή-

1137 2530 1226 2550 σεται·
1243 2521 1274 2548 τὸ
1285 2522 1314 2548 δὲ
1328 2521 1376 2548 νῦν
1388 2521 1459 2557 ἕχον,
1476 2521 1622 2548 σπευστέον
1638 2519 1708 2556 μετὰ
1724 2520 1816 2556 πάσης
1836 2519 1914 2555 ἀκρι-

1136 2567 1210 2598 ϐείας
1224 2566 1391 2601 σαφηνίζειν,
1403 2567 1440 2598 ὡς
1450 2566 1499 2601 οὐχ
1512 2566 1629 2602 Ὀμήρου
1642 2565 1720 2601 μόνον
1732 2563 1914 2601 πρεσϐύτερός

1137 2613 1210 2639 ἐστιν
1227 2613 1242 2638 ὁ
1253 2612 1364 2647 Μωσῆς,
1381 2611 1422 2638 ἔτι
1440 2611 1469 2637 δὲ
1482 2611 1528 2638 καὶ
1554 2611 1608 2638 τῶν
1621 2610 1674 2646 πρὸ
1690 2609 1774 2638 αὑτοῦ
1794 2617 1913 2645 συγγρα-

1139 2659 1221 2693 φέων,
1249 2657 1339 2689 Λίνου,
1363 2658 1552 2693 Φιλάμμωνος,
1575 2656 1736 2693 Θαμύριδος,
1760 2654 1912 2690 Ἂμφίονος,

1142 2704 1280 2741 Ὀρφέως,
1297 2704 1448 2736 Μουσαίου,
1465 2704 1627 2739 Δημοδόκου,
1641 2702 1755 2738 Φημίου,
1772 2701 1912 2735 Σιϐύλλης.

1137 2784 1218 2817 κατὰ,
1229 2791 1282 2810 non
1295 2782 1464 2810 incommode
1477 2782 1527 2817 legi
1536 2781 1630 2816 possit.
1639 2780 1728 2815 Atque
1740 2779 1812 2806 hanc
1824 2777 1913 2807 lectio-

1137 2827 1196 2846 nem
1213 2819 1298 2846 secuti
1315 2826 1419 2845 sumus.

1172 2853 1227 2881 (89ὶ
1251 2853 1297 2886 Ὠς
1310 2852 1502 2888 μυθολογίαν.
1521 2850 1638 2884 Tatian.,
1653 2851 1713 2882 ταῖς
1730 2847 1911 2885 μυθολογίαις.
