2091 3208
164 178 220 207 89.5

749 179 907 207 ΡΒᾹΞΡᾹΒ.
927 177 1053 207 EVANG.
1073 176 1137 205 LIB.
1158 177 1191 204 Χ.

1726 177 1779 205 8⁸Ξῦ

166 238 336 274 Ἐπιμενίδου
350 238 397 265 τοῦ
405 239 522 275 Κρητὸς,
536 240 663 284 ὃστιςιεὶς
680 240 728 276 τὴν
751 240 879 276 Σπάρτην
895 240 947 275 ἀφ-

1000 242 1100 266 cerent.
1130 236 1231 265 Verum
1245 236 1279 265 de
1293 235 1448 272 reipublicte
1463 240 1562 264 nostrae
1575 235 1661 264 forma
1670 257 1678 270 ,
1693 236 1780 272 deque

167 285 255 317 ίκετο,
282 285 435 320 Ἀρισταίου
459 285 506 312 τοῦ
532 286 729 322 Προκοννησίου
743 306 751 318 ,
777 286 825 313 καὶ
847 286 895 313 τοῦ
911 285 945 313 τὰ

172 328 362 363 Ἀριμάσπεα
378 329 597 364 συγγράψαντος,
620 329 745 357 ’Δσσόλου
763 339 792 357 τε
805 330 852 357 τοῦ
873 331 942 357 Κεν-

164 374 275 410 ταύρου,
294 375 341 401 καὶ
363 374 497 407 Ίσάτιδος,
515 374 658 410 Δρύμωνός
673 384 701 401 τε
721 377 766 402 καὶ
779 376 881 402 Εΰκλου
895 377 942 403 τοῦ

166 420 299 455 Κυπρίου,
317 421 364 447 καὶ
379 421 459 456 Ὤρου
485 421 531 447 τοῦ
555 422 656 457 Σαμίου
667 441 674 454 ,
691 423 737 449 καὶ
753 423 946 458 Προταινίδουι

166 466 211 493 τοῦ
234 467 382 502 Ἀθηναίου.
402 468 480 498 Δῖνος
497 468 545 502 μὲν
566 467 621 503 γὰρ
641 468 806 503 Ἡρακλέους
828 469 886 495 ἐστὶ
906 469 946 495 δι-

166 512 313 544 δασκαλος·
337 515 351 540 ὁ
371 513 399 540 δὲ
418 513 553 549 Ἡρακλῆς
572 515 621 549 μιᾷ
634 514 687 540 τῶν
705 514 834 549 Τρωῖκῶν
848 523 947 550 προγε-

166 559 292 595 νέστερος
321 559 423 594 πέφηνε
450 561 540 595 γενεᾷ.
577 561 662 587 Τοῦτο
690 561 719 587 δέ
748 562 805 587 ἐστι
832 562 947 597 φανερὸν

166 606 220 632 ἀπὸ
235 605 280 632 τοῦ
296 606 389 637 παιδὸς
403 606 485 633 αὐτοῦ
500 607 685 642 Τληπολέμου,
704 608 750 634 τοῦ
767 608 946 644 στρατεύσαν-

166 660 213 684 τος
235 653 281 678 ἐπὶ
300 653 390 679 Ἴλιον.
412 653 528 688 Ὀρφεὺς
545 654 572 679 δὲ
598 654 666 680 κατὰ
683 655 729 680 τὸν
753 655 834 681 αὑτὸν
854 655 948 690 χρόνον

174 698 302 734 Ἡρακλεῖ
318 699 444 732 γέγονεν’
465 699 551 731 ἄλλως
568 709 598 726 τε
615 700 708 726 καὶτὰ
724 701 762 732 εἰς
774 701 839 727 αὐτὸ
857 701 948 728 ἐπεισ-

167 744 305 780 φερόμενα
332 753 412 779 φασιν
436 745 487 771 ὑπὸ
517 741 709 781 Ὀνομακρίτου
735 746 781 772 τοῦ
805 747 947 782 Ἀθηναίου

168 790 356 826 συντετάχθαι,
378 791 522 825 γενομένου
549 792 619 817 κατὰ
634 792 682 826 τὴν
698 791 750 817 τῶν
764 792 949 827 Πεισιστρατι-

167 838 221 865 δῶν
239 838 325 874 ὰρχὴν
344 838 408 873 περὶ
421 838 470 873 τὴν
492 837 675 873 πεντηκοστὴν
699 838 873 872 Ὀλυμπιάδα.
895 838 947 864 Τοῦ

167 884 190 910 δ’
198 883 318 919 Ὀρφέως
332 884 468 914 Μουσαῖος
483 883 614 918 μαθητής.
628 883 750 918 Ἀμφίων
764 883 792 909 δὲ
808 883 867 910 δυσὶ
883 892 948 918 προ-

167 931 243 964 άγων
261 931 367 964 γενεαῖς
386 929 439 956 τῶν
460 929 599 965 Τρωῖκῶν.
619 929 666 955 τοῦ
686 929 794 956 πλείονα
811 929 864 965 (-90)
881 930 949 965 πρὸς

167 977 232 1008 τοὺς
241 976 396 1011 φιλομαθεῖς
408 976 562 1002 συντάττειν
573 976 645 1011 ἡμᾶς
655 975 790 1010 ἀπείργει.
800 977 836 1010 Δη
841 976 950 1010 μὸδοκός

167 1032 200 1050 τε
212 1023 259 1050 καὶ
272 1023 373 1057 Φήμιος
390 1021 450 1048 κατ’
465 1021 545 1048 αὑτὸν
569 1022 614 1048 τὸν
628 1022 749 1057 Τρωϊκὸν
774 1021 889 1056 πόλεμον
905 1030 947 1056 γε·

168 1069 282 1103 γόνασι·
300 1068 431 1104 διέτριϐον
446 1067 500 1103 γὰρ
523 1068 537 1093 ό
552 1068 600 1103 μὲν
622 1067 676 1103 (91)
700 1067 775 1102 παρὰ
798 1069 853 1098 τοῖς
885 1076 953 1102 μνη-

168 1115 284 1152 στῆρσι,
301 1116 314 1142 ὑ
329 1114 420 1149 δὲ(9“Ξί)
436 1114 508 1150 παρὰ
524 1115 578 1145 τοῖς
603 1114 708 1146 Φαίαξι.
728 1113 783 1140 Καὶ
805 1114 819 1139 ὁ
831 1113 952 1148 Θάμυρις

169 1162 217 1189 καὶ
237 1161 252 1187 ό
268 1160 415 1196 Φιλάμμων
431 1161 462 1186 οὐ
481 1159 547 1186 πολὺ
564 1159 664 1186 τούτων
682 1159 749 1185 εἰσὶν
771 1157 950 1193 ἀρχαιότεροι.

169 1207 239 1242 Περὶ
257 1207 306 1242 μὲν
325 1204 372 1232 οὖν
385 1206 433 1241 τῆς
447 1205 507 1232 καθ’
521 1205 634 1231 ἕκαστον
650 1203 726 1237 λόγον
750 1202 951 1238 πραγματείας,

169 1251 274 1287 χρόνων
287 1259 316 1277 τε
330 1250 490 1288 ἀναγραφῆς
504 1249 604 1277 αὐτῶν.
617 1249 655 1280 ὡς
668 1246 752 1283 οἶμαι,
767 1247 869 1281 σφόδρα
885 1246 954 1281 μετὰ

169 1297 262 1332 πάσης
276 1296 339 1331 ὑμῖν
354 1295 494 1331 ἀκριϐείας
520 1294 723 1330 ἀνεγράψαμεν.
744 1293 802 1318 Ἵνα
816 1291 844 1318 δὲ
859 1292 907 1318 καὶ
923 1291 954 1317 τὸ

172 1343 255 1378 μέχρι
279 1342 326 1369 νῦν
353 1341 441 1368 ἐνδέον
467 1339 728 1376 ἀποπληρώσωμεν,
754 1339 792 1365 ἔτι
817 1338 864 1365 καὶ
890 1337 954 1373 περὶ

171 1388 226 1415 τῶν
247 1386 432 1423 νομιζομένων
455 1386 543 1421 σοφῶν
567 1387 722 1422 ποιήσωμεν
742 1384 791 1419 τὴν
807 1383 952 1417 ἀπόδειξιν.

170 1434 264 1466 Μίνως
285 1434 333 1469 μὲν
352 1433 407 1469 γὰρ
422 1434 436 1459 ὁ
449 1434 538 1468 πάσης
559 1432 686 1468 προῦχειν
700 1430 835 1466 νομισθεὶς
849 1430 953 1464 σοφίας,

171 1478 311 1514 ἀγχινοίας
333 1487 363 1505 τε
391 1479 439 1505 καὶ
460 1476 636 1513 νομοθεσίας,
670 1476 716 1503 ὲπὶ
754 1476 882 1510 Λυγκέως
907 1475 954 1502 τοῦ

173 1525 243 1560 μετά
254 1525 354 1551 Δαναὸν
372 1523 578 1559 βασιλεύσαντος
593 1522 714 1557 γέγονεν,
734 1522 863 1558 ἑνδεκάτῃ
876 1522 956 1557 γενεᾷ

966 912 986 938 Β

996 285 1085 320 legum
1101 289 1256 313 nostrarum
1274 283 1388 312 historia
1400 303 1408 316 ,
1433 284 1504 319 quod
1518 282 1673 311 Graecorum
1688 285 1780 312 erudi-

996 331 1096 359 tissimi
1113 331 1214 366 quique
1238 330 1409 365 scripserint,
1425 333 1493 365 quot
1505 330 1586 364 quive
1599 329 1672 358 illius
1684 330 1780 357 memi-

997 378 1098 409 nerint,
1114 377 1244 404 adversus
1257 383 1315 408 eos,
1340 376 1386 410 qui
1400 376 1433 402 de
1450 375 1532 403 rebus
1547 375 1646 403 divinis
1660 375 1780 411 disputa-

997 427 1071 454 runt,
1087 422 1113 449 in
1130 422 1247 449 medium
1260 421 1414 449 afferemus.
1434 421 1511 449 Nune
1527 429 1591 448 vero
1606 421 1737 456 agendum
1753 421 1778 449 id

997 470 1075 497 nobis
1099 473 1149 502 est,
1176 473 1216 502 ut,
1243 476 1324 503 quam
1351 467 1558 503 diligentissime
1583 466 1640 494 ﬁeri
1670 467 1777 502 poterit,

996 517 1182 547 ostendamus.
1201 523 1257 542 non
1270 514 1386 542 Homero
1400 514 1486 542 solum
1500 513 1681 548 antiquiorem
1696 512 1779 540 fuisse

997 563 1098 590 Mosem
1110 583 1118 594 ,
1130 570 1224 589 verum
1237 562 1317 588 etiam
1329 561 1520 588 vetustioribus
1538 560 1654 587 Homero
1666 559 1780 593 scripto-

998 609 1072 636 ribus
1082 628 1090 640 ,
1106 608 1188 640 Lino,
1202 607 1389 634 Philammone
1399 628 1406 639 ,
1422 606 1585 641 Thamyride
1595 626 1602 636 ,
1619 605 1780 639 Amphione,

997 655 1120 691 Orpheo,
1137 655 1253 686 Musaeo,
1268 653 1430 686 Demodoeo.
1446 652 1569 684 Phemio,
1585 652 1696 687 Sibylla.
1716 650 1780 685 Epi-

998 702 1105 730 menide
1130 702 1270 733 Cretensi,
1291 701 1339 736 qui
1362 700 1485 735 Spartam
1511 699 1653 734 migravit,
1669 698 1782 725 Arism

998 747 1199 780 Proconnesio,
1227 746 1439 781 Arimaspiorum
1453 750 1577 775 auctore,
1597 743 1698 771 Asbolo
1711 743 1781 770 Cen-

999 797 1088 825 tauro,
1101 791 1209 824 lsatide,
1224 791 1368 827 Drymone,
1385 789 1469 817 Euclo
1480 789 1591 825 Cyprio,
1606 788 1661 815 Oro
1679 787 1781 819 Samio,

999 844 1025 866 et
1040 838 1192 866 Protaenide
1206 836 1375 864 Atheniensi.
1402 835 1486 862 Linus
1500 835 1571 861 enim
1589 833 1712 860 Herculis
1727 841 1784 860 ma-

1000 885 1083 919 gister
1106 883 1172 915 fuit,
1192 882 1321 910 Hercules
1343 888 1409 909 vero
1432 880 1550 914 Trojana
1574 884 1693 913 tempora
1707 882 1784 905 aetate

983 926 986 951 ῗ
1001 929 1133 955 duntaxat
1156 935 1209 954 una
1227 926 1388 959 antecessit;
1416 929 1446 952 Iit
1460 925 1499 951 vel
1512 932 1545 951 ex
1561 931 1595 951 eo
1609 923 1719 958 intelligi
1735 930 1784 957 po-

1001 979 1063 1008 test,
1081 975 1152 1010 quod
1165 973 1336 1008 Tlepolemus
1346 971 1470 999 Herculis
1484 971 1553 998 [ilius
1565 969 1723 998 Grmcorum
1737 969 1786 996 ad-

1002 1028 1094 1048 versus
1101 1019 1234 1054 Troianos
1244 1017 1424 1053 expeditionis
1439 1017 1531 1044 socius
1548 1015 1638 1042 fuerit.
1659 1014 1785 1049 Ejusdem

1002 1065 1124 1094 Herculis
1139 1065 1264 1100 Orpheus
1280 1065 1392 1099 aequalis
1404 1063 1454 1090 fuit
1469 1072 1476 1090 :
1493 1062 1598 1090 tametsi
1622 1069 1683 1096 quae
1705 1061 1786 1096 vulgo

1002 1112 1053 1146 ipsi
1073 1112 1236 1144 tribuuntur,
1253 1110 1287 1137 ab
1298 1109 1472 1137 Onomacrito
1487 1107 1655 1138 Atheniensi.
1672 1107 1719 1142 qui
1735 1106 1786 1134 sub

1003 1159 1236 1188 Pisistratidarum
1254 1157 1393 1185 dominatu
1405 1178 1412 1190 ,
1436 1157 1508 1184 circa
1524 1155 1703 1191 Olympiadem
1717 1163 1769 1188 qua

1003 1204 1182 1240 dragesimam
1201 1203 1279 1236 vixit,
1294 1202 1447 1237 conscripta
1468 1201 1566 1228 ierant.
1592 1200 1691 1235 Orphei
1706 1208 1787 1235 porro

1003 1249 1152 1284 discipulus
1168 1248 1283 1275 Musaeus
1307 1247 1367 1274 fuit.
1399 1247 1432 1274 At
1446 1246 1599 1281 Amphion,
1623 1245 1788 1280 quiduahus

1004 1295 1122 1330 Trojana
1135 1299 1256 1329 tempora
1282 1293 1406 1320 aetatibus
1419 1297 1592 1327 antegressus
1605 1287 1660 1324 est,
1670 1291 1761 1326 plures
1773 1299 1787 1317 a

1004 1341 1084 1368 nobis
1092 1341 1125 1368 ad
1139 1340 1242 1375 priores
1255 1340 1317 1367 illos
1328 1339 1458 1366 doctrina:
1466 1337 1603 1365 studiosos
1615 1336 1724 1372 adjungi
1734 1344 1786 1364 non

1005 1387 1116 1422 patitur.
1135 1385 1195 1413 Jam
1214 1385 1381 1413 Demodocus
1389 1387 1416 1413 et
1424 1382 1606 1413 Phemiussub
1620 1383 1707 1417 ipsum
1720 1381 1789 1409 Tro-

1004 1432 1061 1468 jani
1076 1432 1137 1459 belli
1155 1437 1261 1467 tempus
1274 1432 1412 1462 exstitere,
1426 1437 1487 1458 eum
1505 1432 1572 1457 alter
1594 1429 1664 1464 apud
1678 1427 1787 1461 Procas,

1006 1478 1078 1513 apud
1097 1478 1223 1505 Phaeacas
1243 1478 1310 1505 alter
1325 1482 1487 1504 versaretur.
1515 1474 1576 1509 Quo
1589 1479 1704 1509 utroque
1718 1473 1791 1501 Tha-

1007 1525 1093 1560 myris
1109 1532 1141 1551 ac
1153 1523 1324 1551 Philammon
1336 1522 1408 1550 haud
1423 1522 1508 1548 multo
1520 1520 1690 1555 antiquiores
1703 1519 1787 1547 fuere.

173 1571 245 1607 μετὰ
261 1572 366 1607 Ἴναχον
377 1579 383 1586 ·
400 1570 554 1606 Λυκοῦργος
579 1570 619 1601 δε,
641 1569 706 1596 πολὺ
723 1568 791 1604 μετὰ
814 1568 863 1605 τὴν
876 1568 954 1595 Ἰλίου

1006 1569 1089 1606 596
1103 1569 1142 1596 Ac
1155 1569 1188 1596 de
1202 1568 1371 1603 singulorum
1396 1567 1504 1602 quidem
1517 1569 1545 1594 in
1558 1566 1680 1601 quolibet
1692 1572 1790 1600 genere

171 1617 313 1652 γεννηθεὶς
345 1617 443 1644 ἅλωσιν
457 1638 464 1648 ,
496 1617 549 1652 πρὸ
577 1616 631 1642 τῶν
657 1615 844 1650 Ὀλυμπιάδων
870 1614 958 1641 ἔτεσιν

173 1664 271 1691 ὲκατδν
294 1664 432 1699 νομοθετεῖ
447 1663 681 1698 Λακεδαιμονίοις·
701 1662 812 1697 Δράκων
840 1660 868 1688 δὲ
895 1661 959 1696 περὶ

173 1710 343 1745 Ὀλυμπιάδα
379 1709 542 1745 τριακοστὴν
575 1709 622 1735 καὶ
650 1708 762 1743 ὲννάτην
802 1707 959 1743 εὑρίσκεται

173 1754 310 1789 γεγονώς’
331 1754 419 1781 Σόλων
443 1754 470 1781 δὲ
487 1755 551 1789 περὶ
569 1757 625 1789 pg"
647 1752 807 1789 Πυθαγόρας
825 1753 895 1779 κατὰ
910 1753 959 1788 τὴν

174 1801 324 1836 ἑξηκοστὴν
349 1801 485 1836 δευτέραν.
508 1800 563 1831 Τὰς
588 1801 615 1826 δὲ
639 1799 823 1835 Ὀλυμπιάδας
849 1798 960 1834 ὕστερον

174 1847 230 1873 τῶν
247 1846 370 1873 Ἰλιακῶν
394 1846 480 1873 ἔτεσιν
497 1845 676 1881 ἀπεδείξαμεν
699 1846 842 1879 γεγονυίας
864 1853 960 1880 τετρα-

177 1892 281 1925 κοσίοις
295 1893 372 1919 ἑπτά.
389 1893 442 1918 Καὶ
454 1892 485 1927 δὴ
498 1891 598 1918 τούτων
614 1891 700 1922 οὓτως
718 1890 959 1926 ἀποδεδειγμένων,

175 1940 222 1967 διὰ
244 1939 367 1975 βραχέων
392 1938 431 1965 ἔτι
456 1938 502 1964 καὶ
530 1939 594 1972 περὶ
619 1938 669 1972 τῆς
695 1937 749 1963 τῶν
775 1936 843 1963 ἑπτὰ
872 1938 961 1971 σοφῶν

177 1986 286 2023 ἡλικίας
314 1985 515 2021 ἀναγράψομεν.
539 1984 592 2010 Τοῦ
615 1984 668 2019 γὰρ
689 1984 875 2020 πρεσϐυτάτου
909 1984 961 2010 τῶν

177 2032 385 2069 προειρημένων
398 2031 528 2066 Θάλητος,
550 2031 694 2066 γενομένου
717 2030 781 2066 περὶ
798 2030 848 2065 τὴν
862 2038 961 2065 πεντη-

179 2078 470 2115 ιοστὴνὉλυμπιάδα,
498 2078 545 2104 καὶ
570 2076 605 2102 τὰ
627 2076 691 2111 περὶ
717 2076 771 2102 τῶν
800 2075 860 2102 κατ’
881 2075 961 2102 αὐτὸν

179 2125 273 2160 σχεδὸν
296 2125 360 2160 ἡμῖν
380 2123 517 2158 συντόμως
538 2123 653 2157 εἴρηται.
676 2121 758 2148 Ταῦθ’
776 2122 849 2157 ὑμῖν,
867 2121 962 2156 ἄνδρες

180 2170 323 2205 Ἕλληνες,
349 2170 363 2195 ὁ
384 2168 455 2195 κατὰ
480 2167 630 2203 βαρϐάρους
657 2166 808 2201 φιλοσοφῶν
832 2166 963 2198 Τατιανδς

180 2215 332 2248 συνέταξα,
352 2213 490 2249 γεννηθεὶς
512 2213 561 2248 μὲν
584 2214 612 2238 ἐν
632 2214 665 2248 τῇ
685 2212 738 2239 τῶν
753 2213 901 2249 Ἀσσυρίων
915 2214 961 2247 γῇ,

1009 1615 1116 1647 studiis,
1129 1614 1215 1649 deque
1230 1615 1287 1649 ipsa
1303 1618 1454 1648 temporum
1468 1612 1573 1639 ratione
1595 1611 1684 1644 vobis,
1698 1611 1725 1637 ni
1738 1610 1790 1637 l'al—

1008 1663 1060 1694 lor,
1077 1669 1157 1697 quam
1171 1660 1375 1688 accuratissime
1389 1659 1445 1686 ﬁeri
1462 1658 1565 1693 potuit,
1581 1657 1789 1692 disputavimus.

1009 1708 1061 1736 Sed
1075 1713 1165 1735 tamen
1180 1715 1213 1734 ne
1229 1707 1293 1742 quid
1307 1714 1320 1732 a
1333 1706 1412 1732 nobis
1423 1705 1448 1731 iu
1461 1704 1602 1739 praesentia
1612 1703 1791 1734 desideretur,

1008 1761 1095 1789 pauca
1111 1752 1144 1779 de
1158 1759 1251 1779 eorum
1271 1751 1398 1784 insuper,
1427 1749 1473 1783 qui
1498 1748 1633 1782 sapientes
1653 1746 1724 1781 apud
1742 1753 1793 1773 ves

1009 1799 1094 1826 habiti
1108 1802 1181 1830 sunt,
1196 1801 1274 1824 aetate
1287 1795 1460 1830 subjungam.
1491 1793 1578 1820 Minos
1591 1792 1686 1827 igitur,
1711 1799 1791 1826 quem

1010 1845 1099 1872 omnis
1116 1851 1177 1872 eum
1191 1843 1340 1877 sapientiae,
1357 1846 1414 1868 tum
1431 1840 1557 1871 solertiae,
1569 1839 1688 1873 adeoque
1703 1838 1792 1873 legum

1011 1891 1159 1920 sanctionis
1184 1890 1332 1925 principem
1361 1887 1445 1914 fuisse
1468 1890 1578 1920 putant,
1601 1884 1723 1920 Lynceo,
1746 1884 1792 1919 qui

1011 1938 1087 1965 Dauo
1107 1936 1250 1968 successit,
1272 1938 1401 1969 regnante
1416 1932 1528 1959 ﬂorebat
1539 1951 1546 1963 ,
1571 1936 1647 1958 aetate
1661 1935 1721 1965 post
1732 1929 1795 1957 lna-

1012 1985 1092 2011 chum
1107 1982 1257 2010 undecima.
1277 1980 1416 2015 Lycurgus
1431 1985 1505 2009 vero,
1524 1977 1602 2012 longe
1613 1981 1674 2011 post
1685 1981 1792 2010 captum

1013 2029 1102 2059 ilium,
1117 2027 1195 2054 annis
1209 2030 1270 2053 ante
1282 2023 1449 2060 olympiades
1459 2023 1529 2049 haud
1545 2021 1661 2056 amplius
1675 2018 1793 2052 eentum,

1013 2072 1232 2102 Lacedaemonios
1257 2071 1361 2105 legibus
1389 2069 1515 2097 instituit.
1545 2068 1694 2095 Draconem
1722 2067 1794 2094 circa

1013 2120 1193 2157 Olympiadem
1208 2125 1307 2146 nonam
1328 2124 1410 2151 supra
1428 2115 1592 2150 trigesimam
1609 2112 1694 2141 fuisse
1715 2121 1794 2148 repe-

1013 2169 1077 2200 ries,
1088 2167 1214 2194 Solonem
1226 2173 1291 2192 vero
1304 2164 1376 2191 circa
1387 2168 1491 2190 sextam
1506 2166 1534 2189 et
1547 2160 1794 2196 quadragesimam,

1014 2214 1194 2250 Pythagoram
1209 2212 1326 2247 denique
1341 2211 1414 2238 circa
1425 2208 1620 2243 sexagesimam
1636 2205 1793 2234 secundam.

182 2261 338 2292 παιδευθεὶς
358 2260 387 2287 δὲ
404 2259 510 2296 πρῶτον
529 2259 577 2294 μὲν
596 2258 630 2285 τὰ
645 2259 775 2294 ὑμέτερα,
795 2258 920 2293 δεύτερον
935 2258 957 2284 δέ

1000 2259 1001 2267 ¹
1015 2249 1188 2296 Olympiades
1202 2262 1290 2285 autem
1307 2256 1386 2284 annis
1399 2259 1503 2290 septem
1519 2261 1599 2288 supra
1614 2252 1795 2287 quadringen-

182 2311 261 2338 ἆτινα
285 2309 332 2336 νῦν
353 2308 496 2344 κηρύττειν
526 2306 737 2341 ἐπαγγέλλομαι.
765 2306 907 2333 Γινώσκων
936 2305 964 2332 δὲ

183 2356 275 2383 Αοιπὺν
294 2355 336 2387 τίς
353 2355 368 2381 ό
387 2354 462 2385 Θεὸς,
487 2353 533 2379 καὶ
555 2353 596 2384 τίς
621 2353 712 2388 ἡκατ¹
738 2352 818 2378 αὐτὸν
845 2352 962 2388 ποίησις,

184 2407 292 2438 ἕτοιμον
309 2400 403 2428 ἑαυτὸν
417 2400 480 2434 ὑμῖν
500 2399 567 2434 πρὸς
579 2398 628 2433 τὴν
640 2398 780 2433 ἀνάκρισιν
796 2397 850 2424 τῶν
863 2397 964 2432 δογμά-

188 2457 238 2477 των
259 2448 421 2484 παρίστημι,
445 2446 576 2483 μενούσης
594 2453 638 2480 μοι
655 2445 705 2480 τῆς
720 2444 790 2471 κατὰ
804 2444 869 2470 Θεὸν
893 2444 967 2470 πολι-

189 2493 261 2525 τείας
270 2492 460 2529 άνεξαρνήτου.
479 2502 488 2517 ι
512 2490 635 2517 Τοσαῦτα
645 2490 693 2516 καὶ
713 2488 727 2514 ό
739 2489 878 2520 Τατιανός.
892 2489 965 2516 Μετ-

186 2538 273 2573 ίωμεν
287 2537 315 2564 δὲ
333 2537 380 2564 καὶ
399 2537 444 2563 ἐπὶ
461 2536 616 2571 Κλήμεντα.

222 2590 237 2605 ⁸
256 2592 306 2612 nu.
325 2583 510 2619 Προναιτίδου.

223 2631 281 2666 (90)
302 2631 357 2658 Τοῦ
372 2630 506 2662 πλείονα,
520 2633 572 2656 etc.
588 2627 738 2666 Verborum
754 2625 895 2666 perspicua
909 2633 968 2666 sen-

187 2661 277 2695 tentia'
297 2671 356 2698 est,
381 2670 408 2693 at
429 2666 546 2692 obseura
570 2663 717 2698 sententiae
727 2661 805 2689 ratio.
828 2662 882 2698 cur
895 2661 967 2689 enim

188 2701 339 2737 Amphion,
349 2696 428 2737 quod
451 2708 494 2737 res
511 2698 643 2737 Troianas
657 2696 908 2737 duabus_ee_tatibtis_
919 2704 968 2737 _an-

188 2731 305 2769 tecedat,
319 2731 388 2770 apud
407 2735 543 2762 studiosos
556 2731 633 2768 plura
649 2732 701 2760 dici
721 2731 879 2770 prohibeat“!
895 2731 969 2770 ᾼιιρι·

188 2765 420 2799 ῐίιοηυεέτ.’ίιιιι)ει
433 2765 568 2801 πλείονοςν
590 2776 624 2795 ex
640 2775 694 2801 quo
710 2766 832 2797 πλείονας
844 2765 945 2799 conjeei
961 2774 968 2792 :

188 2807 268 2842 quasi
292 2806 383 2837 dicat,
408 2805 584 2842 Amphionem
605 2808 662 2842 tam
679 2803 823 2841 antiquum
840 2808 901 2840 esse
918 2840 922 2842 _
941 2805 970 2827 ut

190 2835 274 2870 alium
298 2835 426 2876 praeterea
435 2835 577 2876 φιλομαθῆ
592 2838 727 2876 neminem
741 2835 824 2876 quam
842 2835 968 2876 patiatur.

226 2876 283 2912 (9i)
299 2870 335 2902 ’Ὁ
350 2875 417 2912 μέν.
434 2870 722 2912 Ρίιοιὶιίυενίιξθίῖοςι..
737 2871 831 2912 φάκει.
848 2871 879 2903 ι’,
895 2870 946 2897 262
963 2880 969 2896 ε

193 2933 200 2940 .
223 2906 234 2940 .’
251 2932 259 2939 .
275 2906 290 2939 ’.
312 2932 318 2938 .
345 2906 417 2938 ’Ἀνὰ
431 2910 485 2944 γάρ
503 2907 722 2944 σφισιβάλλετ·
737 2906 857 2937 ἀείδειν,

1015 2312 1056 2334 tos
1069 2310 1132 2341 post
1144 2304 1262 2338 Troiana
1285 2307 1407 2337 tempora
1427 2301 1564 2328 institutas
1580 2298 1664 2326 fuisse
1677 2298 1796 2326 ostendi<

1014 2360 1086 2379 mus.
1117 2350 1164 2376 llis
1179 2354 1252 2377 certo
1265 2347 1430 2379 constitutis,
1449 2350 1551 2380 septem
1567 2351 1675 2379 quoque
1693 2344 1797 2378 sapien-

1014 2403 1071 2425 tum
1093 2401 1197 2424 aztatem
1223 2394 1302 2422 facile
1331 2393 1502 2427 breviterque
1526 2391 1695 2419 deliniemus.
1728 2389 1795 2416 Nam

1015 2450 1077 2470 cum
1094 2440 1308 2468 vetustissimum
1330 2445 1424 2465 eorum
1447 2436 1598 2469 Thaletem,
1623 2436 1696 2463 circa
1710 2435 1797 2473 olym-

1014 2488 1121 2524 piadem
1155 2484 1407 2521 quinquagesimam
1437 2482 1538 2509 vixisse
1565 2485 1685 2513 constet,
1715 2480 1797 2507 simul

1015 2535 1097 2563 etiam
1118 2540 1174 2560 uno
1197 2531 1276 2567 quasi
1300 2527 1460 2563 compendio
1472 2531 1643 2558 cancrorum,
1667 2532 1736 2560 quos
1753 2525 1797 2552 ille

1017 2621 1135 2655 Φήμιοιη

1018 2657 1048 2683 Et
1060 2653 1162 2689 ‘Odyss.
1178 2654 1212 2684 X,
1230 2653 1282 2689 5370
1298 2661 1305 2689 ς

1019 2692 1040 2719 Τ
1041 2683 1182 2725 ερπιᾶδης
1197 2689 1230 2715 δέ
1247 2688 1270 2714 τ’
1288 2687 1388 2720 ἀοιδὸς
1402 2685 1550 2716 ἁλύσκαζε
1565 2683 1641 2720 κῆρα
1652 2683 1798 2720 μέλαιναν

1019 2728 1138 2757 Φήμιος.

1043 2726 1161 2795 ’ίὲἓῖςῖο
1181 2757 1419 2795 δέηῡοιῐιοιιοειιε,
1436 2762 1462 2795 et
1479 2757 1536 2795 ipse
1556 2760 1650 2795 cantor
1662 2753 1798 2795 nobilissi-

1019 2788 1091 2824 mus.
1102 2788 1143 2822 'De
1154 2802 1209 2828 quo
1224 2794 1318 2828 Odyss.
1337 2793 1369 2827 Θ,
1386 2788 1543 2827 saepissime.
1558 2806 1593 2812 ——
1612 2791 1639 2817 Ὀ
1658 2788 1799 2824 Θάμυρις.

1022 2831 1103 2859 llud.
1117 2831 1148 2863 Β,
1163 2830 1214 2857 595
1228 2836 1234 2855 ε

1251 2885 1257 2891 .
1281 2885 1287 2891 .
1309 2886 1315 2893 .
1338 2885 1344 2891 .
1365 2884 1372 2891 .
1393 2863 1482 2890 Ἔνθα
1496 2871 1527 2890 τε
1538 2862 1655 2889 Μοῦσαι

1029 2903 1192 2938 Ἀντόμεναι
1202 2921 1209 2934 ,
1221 2900 1350 2936 Θάμιιίιιν
1361 2899 1412 2927 τὸν
1425 2898 1535 2933 θρήτκα
1547 2897 1668 2925 παῦσαν
1683 2894 1797 2927 ἀοιδῆς.
