2091 3208
317 161 370 188 82'!
642 159 774 188 EUSEB"
794 158 1034 187 CAESARIENSIS
1054 158 1127 187 ΟΡΡ.
1146 157 1236 185 PARS
1255 157 1286 184 11.
1304 172 1338 178 -
1357 157 1603 186 APOLOGETICA.
1885 162 1938 190 828

318 227 450 254 suppares
461 219 565 253 habuit,
580 223 687 247 aetatem
699 219 862 254 colligimus.
878 217 941 246 Haec
970 217 1047 245 vobis
1078 224 1138 252 ego,
1159 216 1210 243 viri
1225 216 1323 249 Graeci,
1345 215 1477 244 Tatianus
1492 217 1546 251 ille,
1565 218 1611 253 qui
1627 217 1803 246 barbarorum
1817 219 1939 253 philoso-

319 266 389 300 phia:
401 266 505 298 studeo,
521 266 683 301 conscripsi,
701 267 728 293 in
743 266 854 301 Assyria
887 270 967 293 natus
985 265 1043 300 ipse
1070 263 1178 298 quidem
1190 283 1197 296 ,
1220 262 1266 289 sed
1281 267 1371 289 tamen
1404 263 1521 298 primum
1551 265 1665 297 Vestris,
1692 269 1748 292 tum
1767 265 1800 293 iis
1816 266 1938 300 demum,

319 319 435 346 quorum
456 319 499 338 me
519 318 672 346 praeconem
698 311 777 338 hodie
800 310 945 344 proﬁteor,
970 309 1104 337 eruditus.
1123 307 1257 334 Caeterum
1289 308 1345 335 veri
1370 307 1426 343 jam
1441 308 1487 336 Dei
1506 310 1659 345 cognitione
1672 309 1832 344 illustratus,
1841 319 1940 346 resque

320 358 354 385 ab
368 365 399 385 eo
415 362 512 386 creatre
535 357 688 392 eujusmodi
705 357 761 384 sint
785 357 948 392 intelligens,
975 356 1008 383 ad
1035 354 1206 383 subeundum
1235 362 1344 389 quoque
1367 355 1523 390 dogmatum
1536 361 1691 384 nostrorum
1717 364 1829 384 examen
1845 365 1940 393 prout--

319 408 393 438 ptum
412 411 454 430 me
467 403 544 431 vobis
573 409 752 438 paratumque
778 404 857 436 sisto,
881 402 965 430 divini
987 407 1067 436 IIUJUS
1101 400 1219 427 instituti
1249 405 1410 428 sectatorem
1425 401 1499 428 nullo
1525 409 1568 429 me
1579 409 1698 436 unquam
1715 406 1834 438 tempore
1852 411 1938 439 nega-

321 454 407 477 turus.
429 459 439 475 t
468 448 605 477 Hactenus
635 448 776 476 Tatianus.
804 448 865 475 Jam
884 448 917 475 ad
937 447 1103 475 Clementem
1123 450 1302 473 transeamus.

614 507 728 534 CAPUT
746 507 804 535 ΧΠ.

391 565 428 592 De
442 565 543 598 eadem,
558 572 590 592 ea:
602 564 743 598 Clemente,
760 565 922 592 Stromatum
937 565 1031 600 prima.

359 653 369 669 ι
386 642 433 671 Est
449 643 559 678 quidem
572 643 607 671 iis
621 643 655 671 de
673 643 769 675 rebus,
794 643 898 677 inquit,
916 651 931 670 a
946 642 1059 670 Tatiano
1076 642 1102 669 in

321 697 370 718 sua
387 690 518 717 Adversus
534 688 637 716 Graecos
656 691 774 717 oratione
788 694 912 717 accurate
925 689 1102 724 disputatum,

321 734 490 769 disputatum
517 738 545 762 et
568 742 582 761 a
597 734 729 762 Cassiano
745 735 772 762 in
789 735 878 770 primo
893 734 1101 769 Ponti/icalium.

322 779 374 807 Sed
389 784 477 807 tamen
493 779 582 814 operis
594 780 712 814 suscepti
726 780 795 807 ratio
810 780 942 814 postulat,
959 784 988 807 ut
999 787 1058 814 quae
1070 779 1104 807 ab

321 826 383 853 aliis
397 826 467 853 hanc
482 825 508 852 in
528 833 584 852 rem
597 826 706 860 copiose
729 826 800 854 dicta
826 831 910 859 sunt,
937 834 969 853 ea
985 826 1103 854 breviter

321 871 531 905 summatimque
538 879 704 905 percurram.
714 872 801 906 Apion
811 873 892 908 Igitur
899 872 1103 907 grammaticus,

320 916 346 944 is
358 924 436 951 quem
446 917 675 950 Πλειστονίκην,
690 916 754 953 [hoc
760 922 801 945 est
810 917 1104 954 swpissime_victorm,]

321 961 484 995 nominant,
514 955 735 997 ΔΑΕςιειριὶαειινιιηι
771 963 953 990 Historiarum
986 969 1102 1000 quarto,

320 1006 402 1042 5,97
419 1007 490 1040 licet,
506 1012 536 1035 ut
550 1007 692 1043 {Egyptius
709 1013 777 1042 erat,
789 1013 842 1035 tam
855 1009 961 1037 infenso
975 1017 1037 1045 erga
1053 1009 1104 1037 He—

321 1052 408 1080 braeos
424 1053 514 1080 animo
532 1053 622 1085 fuerit,
650 1059 679 1081 ut
693 1054 774 1081 etiam
791 1055 934 1082 adversum
947 1054 1055 1083 Judzeos
1072 1056 1105 1082 li-

321 1097 400 1124 brum
416 1098 541 1130 ediderit,
555 1099 663 1126 Amosis
680 1099 868 1135 Egyptiorum
881 1100 1018 1135 quondam
1034 1101 1104 1136 regis

321 1151 354 1171 ac
374 1152 466 1172 rerum
482 1145 515 1172 ab
541 1152 574 1172 eo
591 1149 727 1180 gestarum
753 1145 889 1174 mentione
901 1145 982 1179 facta,
1008 1150 1102 1173 testem
1118 1157 1140 1186 Β

320 1198 414 1217 earum
440 1191 531 1218 laudat
558 1191 731 1219 Ptolemaeum
761 1192 904 1226 quemdam
922 1191 1100 1225 Mendesium,

321 1236 400 1271 cujus
416 1236 472 1263 haec
486 1237 567 1264 verba
584 1242 647 1265 sunt
661 1247 668 1264 :
685 1238 794 1269 Avarin,
823 1237 920 1272 inquit,
935 1238 1006 1264 eruit
1018 1238 1102 1264 Amo—

322 1281 371 1314 sis,
387 1281 434 1316 qui
448 1282 560 1316 :equalis
582 1282 675 1310 Inachi
693 1282 784 1318 Argivi
799 1282 858 1315 fuit,
885 1288 914 1310 ut
925 1284 1056 1318 scriptum
1074 1283 1103 1310 in

322 1326 452 1354 Chronico
467 1327 619 1356 Mendesius
633 1328 793 1356 Ptolemmus
811 1329 929 1364 reliquit.
947 1329 996 1357 ilic
1011 1335 1102 1357 autem

322 1371 496 1400 Ptolemaeus?
505 1374 632 1401 sacerdos
647 1379 720 1406 erat,
746 1374 792 1408 qui
808 1382 900 1409 regum
914 1373 1103 1410 [Egyptiorum

321 1417 462 1445 historiam
481 1419 556 1446 libris
573 1420 659 1447 tribus
681 1419 792 1455 integris
810 1420 983 1455 complexus,
1009 1421 1104 1449 Amosi

322 1464 350 1491 in
367 1463 484 1499 [Egypto
501 1472 643 1500 regnante,
657 1465 764 1500 Iudaeos
780 1465 881 1494 Mosem
905 1467 1000 1494 ducem
1024 1474 1103 1494 secu-

323 1514 377 1543 tus,
393 1517 426 1537 ex
441 1509 557 1546 IEgypto
573 1511 703 1546 migrasse
718 1516 848 1546 testatur;
864 1520 897 1539 ex
907 1520 962 1547 quo
979 1513 1104 1548 intelligi-

322 1559 366 1583 tur
379 1555 480 1583 Mosem
497 1556 586 1584 Inachi
601 1558 766 1592 temporibus
782 1558 916 1586 ﬂoruisse.
948 1558 1001 1587 Res
1013 1564 1102 1587 autem

321 1601 479 1637 Argolicas.
505 1609 566 1636 qui?
587 1602 723 1629 ducuntur
749 1603 783 1630 ab
810 1602 926 1636 Inacho,
949 1603 1104 1632 Graecarum

322 1647 443 1674 omnium
458 1647 657 1674 vetustissimas
670 1647 811 1680 celebrari,
825 1647 968 1683 Dionysius
984 1647 1105 1676 Halicar-

322 1693 460 1720 nassensis
476 1693 504 1720 in
518 1701 568 1720 suo
583 1692 621 1719 De
632 1693 789 1727 temporibus
803 1693 997 1721 commentario
1010 1700 1105 1722 auctor

322 1743 376 1765 est.
394 1737 498 1770 Quibus
515 1739 678 1773 posteriores
692 1746 752 1766 esse
767 1739 830 1766 totis
846 1739 1024 1774 quadraginta
1038 1745 1104 1767 reta-

322 1783 395 1810 tibus
410 1791 452 1810 res
465 1784 575 1815 Atticas,
603 1792 663 1817 qua:
674 1784 708 1811 ab
722 1783 841 1819 Cecrope
855 1784 910 1817 illo,
925 1792 1005 1820 quem
1018 1785 1105 1820 gemi-

1414 508 1611 534 ΚΕΦΑΛᾹΙΟΝ
1629 507 1679 534 IB’.

1163 553 1229 580 Ἀπὸ
1251 553 1304 581 τοῦ
1325 553 1440 588 πρώτου
1463 554 1521 580 τῶν·
1541 553 1712 588 Κλήμεντος
1733 555 1937 589 Στρωματέων,

1418 590 1483 623 περὶ
1503 589 1555 616 τοῦ
1571 590 1673 616 αὐτοῦ.

1196 643 1205 658 ε
1224 633 1338 669 Εἴρηται
1367 635 1416 668 μὲν
1440 633 1486 661 οὖν
1516 634 1571 669 (95)
1593 635 1657 670 περὶ
1686 635 1786 661 τούτων
1815 635 1938 671 ἀκριϐῶς

1156 679 1281 714 Τατιανῷ
1301 681 1329 707 ὲν
1348 676 1387 713 τῷ
1397 679 1547 714 πρὸς-τοὺς
1555 680 1716 715 Ἕλληνας,
1727 681 1831 716 εἴρηται
1847 682 1875 708 δὲ
1893 683 1939 709 καὶ

1157 725 1301 760 Κασσιανῷ
1319 726 1347 752 ἐν
1361 725 1400 761 τῷ
1413 725 1518 761 ’πρώτῳ
1530 725 1584 752 τῶν
1598 726 1802 761 Ἑξηγητικῶν.
1815 728 1941 755 Ἀπαιτεῖ

1156 771 1177 797 δ’
1192 771 1266 806 ὅμως
1284 771 1315 798 τὸ
1333 771 1482 807 ὑπόμνημα
1501 771 1547 798 καὶ
1563 772 1636 807 ἡμᾶς
1649 772 1806 809 ἐπιδραμεῖν
1820 773 1854 800 τὰ
1869 774 1939 800 κατὰ

1157 816 1202 842 τὸν
1219 816 1298 843 τόπον
1318 816 1461 852 εἰρημένα.
1477 817 1579 844 Ἀπίων
1593 816 1682 843 τοίνυν
1701 818 1715 844 6
1735 820 1936 854 γραμματικὸς,

1154 863 1169 888 6
1189 862 1381 897 Πλειστονίκης
1410 861 1582 897 ἐπικληθεὶς,
1615 863 1643 888 ὲν
1668 864 1700 898 τῇ
1725 863 1746 889 δ’
1771 863 1825 891 τῶν
1849 865 1938 899 Λίγυ-

1155 907 1287 935 πτιακῶν
1313 908 1460 942 ἱστοριῶν,
1493 908 1581 934 καίτοι
1608 909 1850 944 φιλαπεχθημόνως
1871 910 1939 945 πρὸς

1162 953 1301 989 Ἐϐραίους
1320 953 1498 989 διακείμενος,
1520 954 1567 980 ἆτε
1583 953 1731 988 Αἰγύπτιος
1750 954 1780 980 τὸ
1792 955 1878 988 γένος,
1901 956 1939 986 ὡς

1156 1000 1203 1026 καὶ
1226 999 1296 1026 κατὰ
1318 999 1453 1026 Ἰουδαίων
1478 999 1657 1032 συντάξασθαι
1683 1000 1791 1035 βιϐλίον,
1805 1001 1939 1036 Ἀμώσιος

1155 1045 1200 1072 τοῦ
1223 1045 1377 1079 Αἰγυπτίων
1403 1044 1534 1080 βασιλέως
1552 1046 1722 1081 μεμνημένος
1742 1046 1789 1072 καὶ
1807 1046 1860 1073 τῶν
1877 1048 1938 1074 κατ’

1153 1093 1233 1119 αὐτὸν
1262 1091 1403 1127 πράξεων,
1431 1091 1558 1127 μάρτυρα
1578 1092 1755 1127 παρατίθεται
1773 1093 1939 1128 Πτολεμαῖον

1153 1139 1198 1166 τδν
1211 1139 1371 1174 Μενδήσιον.
1392 1139 1446 1164 Καὶ
1461 1138 1494 1164 τὰ
1513 1138 1564 1173 τῆς
1581 1138 1679 1171 λέξεως
1698 1138 1779 1165 αὑτοῦ
1796 1136 1845 1166 ὧδε
1864 1140 1936 1175 ἔχει·

1154 1184 1315 1220 Κατέσκαψε
1341 1184 1369 1211 δὲ
1393 1183 1440 1219 τὴν
1462 1184 1587 1219 ’Λούαριν
1626 1185 1767 1219 Ἀμωσις,
1798 1185 1869 1212 κατὰ
1893 1185 1938 1213 τὸν

1153 1231 1274 1267 ’Λργεῖον
1309 1231 1452 1266 γενόμενος
1477 1231 1592 1266 Ἴναχον,
1631 1231 1668 1263 ὡς
1697 1232 1725 1258 ὲν
1746 1233 1803 1263 τοῖς
1815 1233 1939 1267 Χρόνοις

1152 1275 1305 1312 ἀνέγραψεν
1326 1276 1340 1302 6
1362 1276 1511 1312 Μενδήσιος
1533 1277 1707 1312 Πτολεμαῖος.
1735 1278 1764 1303 '0
1787 1277 1815 1303 δὲ
1837 1277 1938 1304 Πτολε-

1157 1323 1234 1357 μαῖος
1257 1319 1433 1357 οὗτοςίερεὺς
1458 1322 1508 1357 μὲν
1524 1320 1568 1358 ἧν,
1589 1322 1638 1353 τὰς
1659 1323 1688 1350 δὲ
1708 1322 1762 1349 τῶν
1783 1324 1939 1358 Αἰγυπτίων

1156 1367 1288 1403 βασιλέων
1299 1367 1413 1403 πράξεις
1428 1369 1457 1395 ἐν
1471 1369 1559 1404 τρισὶν
1575 1369 1649 1400 ὅλαις
1666 1368 1810 1404 ἐκθέμενος
1825 1369 1937 1404 βίϐλοις,

1155 1413 1226 1440 κατὰ
1238 1414 1360 1449 νΑμωσίν
1377 1423 1443 1449 φησι
1471 1415 1517 1442 τὸν
1527 1414 1665 1449 Αἰγύπτου
1686 1415 1803 1450 βασιλέα,
1816 1416 1939 1447 Μωσέως

1156 1460 1325 1495 ἡγουμένου,
1357 1460 1497 1495 γεγονέναι
1523 1461 1660 1492 Ἰουδαίοις
1687 1460 1735 1496 τὴν
1753 1461 1782 1492 ἐξ
1798 1460 1938 1495 Αἰγύπτου

1155 1507 1277 1543 πορείαν,
1298 1508 1327 1542 ἐξ
1348 1506 1385 1546 div
1407 1509 1543 1535 αυνῶπται
1569 1508 1640 1535 κατὰ
1658 1509 1762 1543 Ἴναχον
1783 1508 1939 1543 ἠκμακέναι

1154 1553 1199 1580 τὸν
1228 1554 1340 1581 Μωσέα.
1365 1554 1518 1590 Παλαιτερα
1539 1554 1568 1581 δὲ
1584 1554 1638 1581 τῶν
1658 1554 1820 1590 Ἑλληνικῶν
1835 1563 1940 1590 μνημοο

1155 1599 1278 1626 νεύεσοαι
1289 1600 1323 1627 τὰ
1338 1600 1493 1635 Ἀργολικὰ,
1508 1600 1543 1627 τὰ
1557 1600 1610 1627 ἀπὸ
1628 1601 1728 1636 Ἰνάχου
1748 1601 1829 1634 λέγω,
1846 1601 1939 1629 Διονύ-

1156 1654 1212 1678 σιος
1239 1647 1254 1672 6
1277 1646 1507 1682 Ἁλικαρνασσεὺς
1535 1648 1564 1674 ὲν
1591 1649 1647 1679 τοῖς
1661 1648 1784 1681 Χρόνοις
1807 1647 1937 1676 διδάσκει.

1156 1692 1262 1719 Τούτων
1285 1693 1312 1719 δὲ
1334 1694 1536 1728 τεσσαράκοντα
1563 1693 1612 1728 μὲν
1632 1690 1737 1727 γενεαῖς
1764 1693 1882 1730 νεώτερα
1904 1695 1940 1721 τᾶ.

1156 1739 1277 1772 Ἀττικὰ,
1290 1740 1325 1766 τὰ
1341 1739 1395 1766 ἀπὸ
1407 1739 1549 1775 Κέκροπος
1560 1739 1607 1766 τοῦ
1622 1739 1732 1774 διφυοῦς
1747 1740 1779 1775 δὴ
1794 1741 1840 1767 καὶ
1856 1741 1939 1767 αὑτό-

1156 1783 1259 1819 χθονος,
1274 1783 1312 1815 ὥς
1324 1792 1389 1819 φησι
1406 1784 1476 1810 κατὰ
1489 1783 1560 1815 λέξιν
1575 1784 1589 1809 6
1603 1783 1750 1815 Τατιανός·
1768 1783 1845 1810 ὲννέα
1858 1783 1885 1810 δὲ
1904 1784 1940 1810 τὰ

323 1837 388 1856 num
411 1833 491 1864 atque
512 1837 546 1856 ex
569 1834 639 1857 terra
663 1834 752 1857 satum
767 1830 917 1865 appellant,
934 1830 1039 1858 initium
1056 1831 1106 1858 ha-

1164 1829 1309 1864 Ἀρκαδικὰ
1326 1829 1360 1856 τὰ
1378 1829 1431 1856 ἀπὸ
1449 1829 1603 1863 Πελασγοῦ·
1626 1828 1732 1863 λέγεται
1749 1829 1778 1855 δὲ
1799 1829 1846 1856 καὶ
1862 1825 1940 1861 οὗτος

323 1877 414 1908 buere,
441 1876 550 1903 totidem
566 1876 655 1903 vetbis
667 1875 798 1903 Tatianus
819 1876 875 1903 ait:
892 1883 988 1903 novem
1002 1881 1103 1910 autem,

322 1921 478 1954 Arcadicas,
492 1929 507 1948 a
522 1921 634 1956 Pelasgo
646 1929 725 1956 quem
743 1926 769 1948 et
783 1922 871 1956 ipsum
884 1929 916 1948 ex
933 1926 1002 1949 terra
1015 1927 1103 1950 satum

321 1975 382 1995 esse
397 1968 505 2000 volunt,
527 1967 653 2001 repetitas
667 1976 674 1993 :
689 1966 838 2001 iisdemque
861 1966 967 1994 duabus
981 1972 1007 1994 et
1022 1967 1104 2002 quin-

321 2013 450 2048 quaginta
465 2013 629 2040 recentiores
649 2020 710 2040 esse
731 2012 888 2045 Phtiotieas,
914 2021 974 2048 qua:
987 2013 1022 2040 ab
1036 2013 1105 2041 Deu-

320 2059 428 2088 calione
441 2059 537 2086 ﬂuunt.
561 2058 602 2085 Ab
617 2058 717 2086 lnacho
734 2065 823 2086 autem
838 2059 872 2086 ad
885 2058 1002 2094 Trojaua
1018 2067 1105 2094 usque

322 2110 444 2140 tempora
454 2125 462 2138 ,
476 2110 568 2132 anates
580 2105 640 2131 duae
652 2112 684 2132 ac
696 2105 806 2139 viginti,
824 2109 870 2132 aut
884 2105 964 2132 etiam
979 2113 1030 2132 una
1044 2106 1088 2140 plu
1097 2120 1106 2126 -

322 2159 366 2180 res
382 2155 560 2178 numerantur
572 2170 580 2184 ,
597 2150 661 2177 anni
677 2157 741 2177 vero
753 2170 760 2182 ,
783 2155 812 2177 ut
824 2158 919 2178 omnes
930 2151 1103 2186 complectar,

321 2197 511 2233 quadringenti
525 2201 552 2224 et
564 2196 691 2231 amplius.
712 2195 772 2222 Jam
798 2203 873 2229 vero,
889 2197 1017 2224 multisne
1029 2197 1106 2224 simi-

322 2245 382 2272 liter
396 2244 474 2271 anuis
486 2251 528 2270 res
541 2242 713 2278 Assyriorum
728 2243 834 2270 Graecas
850 2243 1052 2275 antecesserint,
1070 2251 1104 2271 ex

322 2290 356 2318 iis
379 2298 440 2325 quae
465 2289 623 2316 scribuntur
649 2296 664 2315 a
686 2288 786 2321 Ctesia,
810 2292 998 2323 eoguoseetur.
1025 2288 1104 2316 Auno

321 2337 420 2371 quippe
435 2335 554 2363 secundo
575 2342 656 2369 supra
671 2334 965 2369 quadringentesimum
978 2334 1105 2370 Assyrio-

323 2389 383 2408 rum
396 2380 512 2415 imperii,
536 2380 646 2407 Beluchi
663 2384 752 2407 autem
775 2381 863 2407 octavi
884 2381 1050 2416 principatus
1062 2389 1104 2409 se-

322 2428 411 2455 cundo
426 2435 458 2455 ac
472 2427 619 2459 tricesimo,
634 2426 685 2454 sub
700 2427 793 2454 Amosi
809 2426 934 2463 Egyptio
950 2427 1038 2455 Inachi
1054 2428 1104 2455 Ar-

322 2474 374 2508 givi
397 2473 504 2508 arquati,
526 2473 609 2501 Mosis
631 2480 665 2500 ex
688 2472 804 2508 [Egyplo
829 2473 957 2507 profectio
979 2474 1101 2509 contigit.

322 2519 405 2546 Porro
420 2520 446 2546 in
462 2519 576 2551 Grreeia,
595 2519 727 2546 Phoronei
748 2519 846 2545 Inacho
861 2519 1020 2553 posterioris
1033 2524 1101 2547 tem-

322 2571 398 2599 pore,
414 2564 544 2600 Ogygium
561 2564 691 2591 diluvium
710 2563 823 2597 accidit;
847 2564 965 2598 itemque
990 2572 1101 2599 regnum

323 2610 489 2645 Sicyonium,
506 2610 577 2645 quod
593 2610 731 2643 Egialeus
744 2609 864 2637 omnium
888 2610 991 2644 primus
1006 2611 1102 2643 tenuit,

323 2661 377 2683 tum
393 2656 498 2691 Europs
511 2664 542 2684 ac
553 2657 649 2684 deinde
661 2657 774 2684 Telehin
794 2665 801 2683 :
827 2657 961 2691 simulque
972 2656 1058 2685 Cretis
1074 2657 1101 2684 in

321 2703 401 2730 Creta
423 2710 545 2737 regnum.
575 2703 717 2731 Acusilaus
735 2703 807 2731 enim
823 2702 993 2730 Phoroneum
1010 2703 1100 2731 homi-

357 2773 371 2788 ι
389 2769 453 2795 add.
468 2767 509 2796 Cl.
522 2769 566 2804 ἀφ’
586 2766 632 2796 ὧν.

358 2833 412 2868 (93)
425 2834 546 2868 Εἴρηται
558 2835 615 2869 μὲν
631 2833 695 2863 οὖν.
708 2835 775 2863 Vide
791 2836 879 2863 locum
890 2835 959 2870 apud
967 2835 1098 2864 Clement.

322 2869 518 2897 Graeco—Latin.
536 2878 543 2896 I
561 2870 672 2905 Stroruq
688 2878 748 2905 pag.
759 2871 812 2898 254
827 2870 857 2898 Ε.

358 2905 412 2941 (94)
432 2906 606 2939 Βουληθείς.
630 2904 667 2934 De
685 2904 783 2933 Solone
808 2907 938 2941 loquitur,
954 2906 1000 2940 qui
1015 2914 1102 2935 sacer-

1157 1875 1305 1909 αὺτόχθων.
1318 1874 1427 1902 Τούτων
1445 1875 1472 1901 δὲ
1485 1875 1571 1901 ἄλλων
1583 1874 1654 1901 δυοῖν
1671 1874 1790 1910 νεώτερα
1807 1875 1841 1901 τὰ
1851 1875 1939 1901 Φθιω-

1154 1921 1216 1948 τικὰ
1224 1920 1258 1947 τὰ
1268 1921 1321 1947 ἀπὸ
1330 1921 1522 1953 Δευκαλίωνος.
1531 1921 1577 1952 Είς
1588 1921 1615 1947 δὲ
1626 1920 1670 1947 τὸν
1680 1921 1775 1956 χρόνον
1786 1921 1839 1948 τῶν
1850 1921 1939 1956 Τρωϊ-

1155 1967 1212 1994 κῶν
1226 1968 1279 1994 ἀπὸ
1292 1968 1395 2003 Ἰνάχου
1417 1969 1509 2003 γενεαὶ
1527 1968 1575 2003 μὲν
1598 1968 1708 2000 εἴκοσιν,
1727 1968 1743 2003 ἢ
1761 1969 1810 2004 μιᾷ
1832 1968 1940 2001 πλείους

1155 2013 1367 2049 διαριθμοῦνται-
1383 2014 1429 2048 ἔτη
1446 2013 1483 2046 δὲ,
1500 2013 1538 2045 ὡς
1551 2013 1615 2045 ἔπος
1626 2014 1723 2045 εἰπεῖν,
1738 2017 1760 2040 υ¹
1776 2015 1822 2040 καὶ
1834 2015 1938 2050 πρόσω.

1155 2059 1187 2085 Εἰ
1203 2058 1231 2085 δὲ
1245 2058 1279 2085 τὰ
1302 2059 1451 2094 Ἀσσυρίων
1477 2058 1584 2090 πολλοῖς
1611 2058 1683 2085 ἔτεσι
1701 2058 1872 2095 πρεσϐύτερα
1885 2059 1940 2086 τῶν

1161 2103 1343 2139 Ἑλληνικῶνιι
1352 2104 1472 2139 Κτησίας
1482 2104 1554 2138 λέγει
1579 2105 1736 2140 φανήσεται.
1751 2105 1796 2140 Τῷ
1822 2105 1940 2141 δευτέρῳ

1155 2149 1202 2176 καὶ
1215 2149 1430 2184 τετρακοσιοστῷ
1442 2148 1496 2175 ἔτει
1506 2149 1556 2184 τῆς
1567 2149 1718 2185 Ἀσσυρίων
1729 2149 1817 2184 ἀρχῆς
1827 2168 1834 2180 ,
1851 2149 1900 2184 τῆς
1910 2148 1939 2175 δὲ

1155 2194 1291 2230 Βηλούχου
1315 2194 1361 2221 τοῦ
1388 2194 1481 2228 ὀγδόου
1513 2194 1671 2226 δυναστείας
1690 2194 1729 2229 τῷ
1751 2194 1869 2229 δευτέρῳ
1891 2195 1938 2221 καὶ

1154 2240 1316 2276 τριακοστῷ,
1335 2241 1351 2275 ἡ
1366 2240 1486 2272 Μωσέως
1501 2240 1572 2267 κατὰ
1597 2240 1720 2275 Ἀμωσιν
1734 2240 1778 2266 τὸν
1791 2239 1946 2274 Αίγύπτιον

1155 2286 1202 2312 καὶ
1220 2285 1290 2313 κατὰ
1307 2287 1410 2321 Ἴναχον
1423 2285 1468 2311 τὸν
1481 2285 1602 2320 Ἀργεῖον
1624 2285 1654 2318 ἐξ
1666 2285 1802 2319 Αἰγύπτου
1820 2285 1935 2321 κίνησις.

1155 2330 1208 2359 ’Ἦν
1230 2332 1258 2358 δὲ
1281 2331 1351 2358 κατὰ
1371 2332 1421 2367 τὴν
1439 2332 1550 2359 Ἐλλάδα
1575 2333 1644 2360 κατὰ
1667 2334 1716 2369 μὲν
1734 2334 1869 2370 Φορωνέα,
1893 2333 1942 2360 τὸν

1157 2379 1214 2414 μετ’
1232 2379 1346 2414 Ἴναχον,
1371 2379 1385 2404 6
1399 2378 1444 2404 ἐπὶ
1458 2378 1572 2413 Ὠγύγου
1597 2379 1797 2414 κατακλυσμὸς,
1812 2379 1858 2406 καὶ
1876 2380 1893 2414 ἡ
1909 2379 1940 2404 ὲν

1155 2423 1270 2450 Σικυῶνι
1298 2423 1418 2458 βασιλεία
1440 2424 1548 2459 πρώτου
1577 2424 1625 2459 μὲν
1639 2424 1803 2458 Αἰγιαλέως,
1829 2423 1889 2450 εἶτα
1909 2423 1939 2450 δὲ

1155 2470 1294 2506 Εὔρωπος,
1317 2469 1375 2497 εἶτα
1393 2471 1533 2506 Τελχῖνος,
1556 2470 1602 2497 καὶ
1622 2471 1639 2505 ή
1657 2470 1764 2506 Κρητὸς
1787 2472 1815 2496 ἐν
1828 2470 1937 2506 Κρήτῃ.

1155 2515 1327 2547 ’Δκουσίλαος
1347 2516 1401 2552 γὰρ
1426 2516 1550 2552 Φορωνέα
1577 2515 1684 2552 πρῶτον
1711 2516 1862 2551 ἀνθρώπων
1892 2525 1939 2550 γε-

1155 2562 1247 2589 νέσθαι
1266 2562 1357 2596 λέγει·
1379 2562 1441 2589 ὅθεν
1468 2562 1515 2589 καὶ
1532 2563 1546 2588 6
1565 2562 1614 2597 τῆς
1636 2563 1802 2596 Φορωνίδος
1824 2563 1937 2599 ποιητὴς

1155 2606 1224 2635 εἶναι
1240 2608 1320 2635 αὑτὸν
1340 2608 1391 2644 ἔφη
1406 2608 1510 2643 πατέρα
1533 2607 1637 2643 θνητῶν
1655 2608 1815 2644 ἀνθρώπων.
1832 2608 1937 2635 Ἐντεῦ-

1155 2655 1201 2681 θεν
1225 2656 1239 2682 6
1251 2655 1362 2682 Πλάτων
1381 2656 1410 2681 ὲν
1425 2655 1540 2690 Τιμαίῳ,
1562 2654 1798 2690 κατακολουθήσας
1812 2655 1936 2681 Ἀκουσι-

1154 2700 1221 2736 λάῳ,
1239 2701 1353 2737 γράφει·
1370 2701 1424 2728 Καί
1445 2709 1509 2728 ποτε
1535 2702 1700 2737 προαγαγεῖν
1723 2700 1862 2737 βουληθεὶς
1881 2701 1936 2737 (96)

1155 2839 1232 2899 dotes]
1259 2837 1400 2872 [Egyptios
1416 2844 1474 2864 eam
1497 2837 1523 2863 in
1546 2835 1756 2872 disputationem
1782 2836 1937 2871 pertrahere

1155 2881 1222 2899 ροιιιι
1232 2878 1313 2899 )MUI'.

1155 2878 1313 2901 COIIZIDMUI'.
