2091 3208
336 168 386 196 831

651 165 785 193 EUSEBII
803 163 1044 193 CAESARIENSIS
1062 163 1137 191 OPP.
1154 163 1243 191 PARS
1262 163 1294 191 ll.
1314 178 1349 185 —
1367 162 1615 192 APOLOGETICA.

1895 163 1947 192 832

336 225 401 254 anni
427 229 481 253 tres
508 228 534 252 et
561 225 699 259 sexaginta
732 223 905 259 colliguntur.
949 223 1155 256 QuibuscumA

1170 223 1241 257 κοῖς.
1268 223 1333 252 Ἀπὸ
1346 224 1395 259 τῆς
1413 222 1577 258 Ἡρακλέους
1592 223 1622 248 ἐν
1641 222 1736 257 Ἀργει
1753 221 1889 257 βασιλείας
1902 222 1948 249 ἐπὶ

338 271 509 305 Εεουιθρίυε
539 277 571 297 ac
605 269 765 305 Tyndaridae
799 270 980 305 navigarunt,
1012 274 1043 297 ut
1077 274 1117 297 te.-

338 321 425 345 statur
455 315 615 352 Apollonius
642 315 763 344 Rhodius
789 316 817 344 in
848 316 1045 350 Argonauticis.
1078 316 1119 343 Ab

339 363 461 390 Herculis
493 362 593 397 Argivo
621 370 724 397 regno,
752 362 786 389 ad
817 362 938 397 ejusdem
970 369 1003 389 ac
1038 361 1120 389 simul

338 408 487 443 Esculapii
528 409 779 440 consecrationem,
822 409 886 436 anni
918 412 980 436 octo
1015 412 1043 435 et
1072 408 1120 435 tri-

338 454 411 489 ginta
430 455 464 481 ab
480 455 643 489 Apollodoro
676 455 890 490 Chronographo
930 458 1118 482 numerantur.

339 499 422 535 499
435 498 498 527 Inde
511 499 545 527 ad
566 500 683 528 similem
699 499 822 528 Castoris
837 508 870 528 ac
882 499 1003 527 Pollucis
1021 506 1119 527 conss-

1154 270 1220 306 ⁴τὴν
1249 269 1411 305 Ἡρακλέους
1433 267 1514 295 αὐτοῦ
1535 268 1582 294 καὶ
1609 267 1770 303 Ἀσκληπιοῦ
1796 267 1948 295 ἀποθέωσιν

1171 315 1217 351 ἐτη
1239 315 1382 350 συνάγεται
1398 314 1449 350 λη’,
1466 313 1535 349 μετὰ
1553 313 1599 340 τδν
1612 313 1795 349 χρονογράφον
1821 313 1948 340 Ἀπολλό-

1172 361 1268 396 δωρονο
1283 360 1405 388 ἐντεῦθεν
1420 360 1449 387 δὲ
1467 360 1512 386 ἐπὶ
1532 359 1580 394 τὴν
1595 359 1734 394 Κάστορος
1755 359 1800 385 καὶ
1820 358 1950 385 Πολυδεύ-

1172 415 1236 437 κους
1262 405 1410 432 ἀποθέωσιν
1428 405 1475 441 ἔτη
1497 407 1549 438 νγ’·
1572 404 1686 431 ἐνταῦθά
1708 413 1757 431 που
1772 404 1819 431 καὶ
1835 406 1852 440 ἡ
1873 404 1950 431 Ἰλίου

1172 451 1331 487 κατάληψις.
1345 451 1376 477 El
1389 450 1417 478 δὲ
1428 450 1481 485 χρὴ
1492 449 1629 476 πείθεσθαι
1639 449 1686 476 καὶ⁵
1702 449 1813 485 Ἡσιόδῳ
1825 449 1864 485 τῷ
1875 457 1951 484 ποιη-

1171 498 1203 532 τῇ
1209 517 1215 528 ,
1233 497 1392 532 ἀκούσωμεν
1406 495 1499 523 αὐτοῦ’

338 545 499 577 crationem,
512 549 568 573 tres
582 549 609 572 et
620 545 829 580 quinquaginta,
844 553 900 580 quo
913 545 1020 573 circiter
1031 545 1113 572 etiam
1132 547 1253 578 tempore
1266 548 1375 577 captum
1386 548 1428 570 est
1439 541 1528 569 llinm.
1557 541 1635 574 Quod
1649 541 1672 570 si
1698 540 1816 569 Hesiodo
1843 547 1952 576 quoque

338 594 425 625 poetas
433 589 512 618 tidem
524 590 624 618 habere
635 591 734 626 placet,
749 599 799 627 age
810 591 948 619 hominem
964 591 1118 624 audiamus,

339 647 462 683 Iuppiter
476 648 607 676 illustrem
622 649 697 677 Maia
714 658 747 677 ea:
761 650 897 677 Atlantide
909 654 1001 677 natum

340 683 512 720 Hercurium,
531 685 608 712 terris
621 693 743 720 superum
758 686 884 712 mandata
902 686 1024 720 ferentem

341 718 478 755 Sustulit,
488 720 589 747 atlterii
604 718 710 747 consors
725 729 783 755 quia
800 721 872 755 facta
887 718 992 747 rabilis.

340 753 376 780 At
392 753 493 781 Semele
507 755 594 790 gimut't
613 753 752 790 proclivem
764 757 791 782 in
801 753 904 791 'gaudia
916 754 1058 782 Bacchum.

341 809 464 838 Cadmus
474 816 548 839 certe
563 812 672 847 quidem
684 817 814 847 regnante
828 812 935 848 Lynceo
952 811 1059 840 Thebas
1075 819 1121 839 ve-

342 856 393 888 nit,
404 856 553 892 Graecaque
564 858 665 892 reperit
675 858 817 886 elementa.
827 858 909 886 lsidis
920 858 1032 893 aequalis
1043 857 1121 884 Trio-

345 910 394 937 pas
408 901 470 935 fuit,
486 907 564 930 atate
577 910 639 939 post
651 905 781 932 Inachum
796 905 928 939 septima:
945 905 1038 932 Ionem
1057 911 1122 931 vero

343 949 467 976 nonnulli
490 957 549 977 eam
570 950 756 985 appellarunt,
777 950 822 978 διὰ
851 950 881 978 τὸ
904 950 982 983 ἰέναι,
1004 950 1058 978 hoc
1081 954 1123 978 est

345 995 418 1030 quod
434 999 520 1023 totum
540 996 634 1023 orbem
650 996 767 1024 errando
783 996 950 1029 circumiret,
965 996 1001 1024 ita
1017 1003 1122 1023 nuncu-

347 1041 538 1076 patam'fuisse
554 1042 731 1070 arbitrantur.
748 1043 877 1070 Eamdcm
899 1042 977 1076 Ister,
993 1043 1065 1071 libro
1085 1042 1123 1070 De

345 1085 533 1121 zEgypliarum
554 1087 669 1120 colonia,
691 1087 843 1115 Promethei
862 1088 943 1115 tiliam
961 1092 1053 1121 vocat,
1076 1087 1123 1122 qui

346 1130 452 1166 Triopaa
466 1139 577 1166 suppar,
594 1133 658 1160 totis
674 1137 777 1167 septem
796 1133 921 1160 mtntibus
943 1132 1016 1160 Mose
1031 1136 1124 1167 poste-

343 1177 400 1205 rior
416 1177 475 1205 fuit.
494 1177 534 1205 Ex
558 1178 658 1213 quibus
683 1178 806 1211 edicitur,
827 1178 929 1206 Mosem
952 1184 1014 1206 ante
1032 1179 1123 1212 illam,

345 1231 406 1259 quae
426 1231 442 1251 a
461 1223 563 1252 Graecis
584 1224 724 1257 statuitur,
743 1224 884 1253 hominum
905 1225 1123 1260 procreationem

345 1269 480 1297 ﬂoruisse.
495 1269 550 1297 Leo
560 1274 700 1304 praeterea,
712 1270 735 1298 is
750 1269 797 1305 qui
814 1269 928 1297 Deorum
936 1267 1122 1304 JEgyptiorum

346 1312 484 1342 historiam
513 1315 692 1350 conscripsit,
718 1314 771 1342 lsin
797 1323 812 1342 a
838 1314 939 1342 Graecis
966 1315 1124 1342 hominibus

347 1357 472 1386 Cererem
499 1360 589 1387 vocari
617 1360 706 1393 docet,
732 1368 793 1395 qua:
817 1359 916 1395 Lyncei
942 1360 1123 1394 temporibus,

347 1407 424 1431 mw
439 1410 500 1439 post
514 1404 614 1433 Mosem
626 1406 779 1438 undecima,
790 1406 867 1433 vixit.
881 1405 952 1438 Quin
963 1406 1043 1434 etiam
1059 1406 1124 1441 Apis

346 1456 395 1477 rex
409 1449 582 1485 Argivorum,
597 1454 628 1477 ut
642 1450 738 1478 scribit
757 1450 911 1485 Aristippus
931 1450 1000 1478 libro
1008 1450 1122 1478 Arcadi-

345 1503 437 1521 carum
449 1494 632 1522 Historiarum
644 1495 893 1530 primo,Memphim
905 1495 1034 1529 condidit,
1044 1503 1123 1530 quem
1139 1514 1160 1543 α

345 1541 470 1568 eumdem
485 1541 607 1570 AriSteas
622 1542 739 1577 Argivus
754 1542 868 1576 Sarapin
887 1542 1068 1573 nominatum.
1082 1546 1125 1569 at-

345 1594 398 1621 que
410 1587 485 1614 illum
503 1588 591 1622 ipsum
607 1595 667 1615 esse
684 1591 811 1619 testatur,
825 1595 906 1622 quem
921 1587 1015 1615 colunt
1042 1587 1125 1623 Egy-

346 1633 407 1667 ptii.
429 1632 463 1660 At
485 1631 694 1667 Nymphodorus
720 1632 973 1667 Amphipolitanus,
996 1633 1066 1660 libro
1087 1633 1125 1659 De

347 1679 464 1705 moribus
485 1679 556 1706 Asia:
580 1679 670 1711 tertio,
688 1679 769 1714 Apim
786 1679 861 1706 illum
884 1678 1004 1707 Taurum
1029 1687 1125 1714 quem-t

347 1724 410 1751 dam
430 1723 515 1752 fuisse
536 1724 584 1758 ait,
606 1732 686 1760 quem
707 1728 770 1759 post
787 1729 902 1752 mortem
926 1724 983 1752 sale
1004 1731 1127 1752 macera-

347 1775 416 1804 tum,
440 1775 523 1806 atque
541 1771 569 1798 in
593 1771 653 1806 ejus
673 1771 805 1798 daemonis
821 1771 932 1806 templo,
952 1771 1032 1806 cujus
1057 1778 1126 1805 prte-

348 1817 444 1852 cipuus
474 1816 545 1851 apud
564 1824 611 1844 eos
633 1817 722 1844 cultus
741 1821 809 1850 erat,
830 1816 911 1853 σορῷ,
930 1817 983 1844 hoc
1009 1820 1051 1844 est
1069 1816 1159 1844 loculo

1171 655 1243 688 Ζηνὶ
1258 654 1283 681 δ’
1300 654 1345 691 dp‘
1361 653 1510 691 Aridi-rit;
1520 652 1602 691 Μαίη
1613 651 1678 679 τέκε
1690 651 1816 691 κύδιμος
1834 651 1952 687 Ἑρμῆν,

1170 687 1282 724 Κήρυκ’
1297 687 1460 720 ἀθανάτων,
1478 687 1557 724 ἱερὸν
1568 687 1657 724 λ-ἐχος
1671 687 1863 724 εξᾳαναόίῑοήα.

1170 722 1301 760 Κᾱδμείη
1315 725 1341 751 δ’
1358 724 1414 758 ἄρα
1431 722 1544 760 Σεμέλη
1559 722 1625 760 τέκε
1644 722 1783 760 φαίδιμον
1794 723 1870 760 υἱὸνε

1170 757 1305 796 Μιχΰεῖσῖ
1324 760 1359 786 ἐν
1373 757 1517 794 φιλότητι,
1534 757 1707 784 Διώνυσσων·
1721 757 1887 791 πολυτηθῆ.

1170 816 1281 852 Κάδμος
1295 815 1343 852 μὲν
1354 816 1368 841 ὁ
1379 814 1499 850 Σεμέλης
1513 813 1602 849 πατὴρ
1617 812 1664 839 ἐπὶ
1676 812 1804 847 Λυγκέως
1821 814 1849 845 ἐς
1861 814 1954 850 Θήϐας

1174 862 1291 898 ἔρχεται,
1320 861 1367 888 καὶ¹
1387 861 1442 887 τῶν
1469 859 1629 895 Ἑλληνικῶν
1649 859 1819 894 γραμμάτων
1841 860 1954 896 εὑρετὴς

1174 908 1288 942 γίνεται.
1315 906 1437 942 Τριόπας
1462 905 1490 932 δὲ
1515 905 1656 940 συγχρονεί
1682 904 1759 931 Ἴσιδι
1778 905 1827 941 (2),
1853 906 1954 943 ἑϐδόμῃ

1175 954 1256 989 γενεᾷ
1267 952 1321 979 ἀπὸ
1340 951 1452 987 Ἰνάχου.
1466 951 1526 977 Εἰσὶ
1539 951 1567 977 δὲ
1578 951 1602 977 οἳ
1612 950 1662 986 τὴν
1678 949 1721 976 Ἰώ
1731 950 1768 986 (3)
1780 959 1856 985 φασι,
1869 951 1914 978 διὰ
1925 952 1954 979 τὸ

1176 998 1244 1025 ἰέναι
1256 997 1340 1032 αὐτὴν
1354 997 1399 1023 διὰ
1414 996 1504 1031 πάσης
1519 995 1567 1030 τῆς
1583 995 1634 1030 γῆς
1645 995 1833 1030 πλανωμένην.
1848 996 1954 1033 Ταύτην

1175 1042 1198 1068 δ’
1214 1042 1318 1076 Ἴστρος
1339 1040 1369 1067 ὲν
1376 1039 1415 1075 τῷ
1422 1039 1492 1074 Περὶ
1499 1039 1724 1075 τῆςΑῖτυπτίων
1731 1038 1870 1074 ἀποικίας
1885 1042 1954 1076 Προ-

1178 1086 1283 1122 μηθέως
1295 1086 1429 1121 θυγατέρα
1440 1085 1515 1120 φησί.
1527 1084 1686 1120 Προμηθεὺς
1698 1085 1726 1111 δὲ
1739 1085 1810 1112 κατὰ
1824 1085 1953 1121 Τριόπαν,

1177 1132 1276 1167 ὲὸδόμῃ
1292 1132 1371 1166 γενεᾷ
1389 1131 1458 1166 μετὰ
1477 1130 1586 1157 Μωσέα·
1605 1130 1674 1157 ὥστε
1705 1131 1752 1157 καὶ
1766 1131 1820 1166 πρὸ
1833 1131 1881 1166 τῆς
1894 1131 1953 1159 καθ’

1179 1177 1312 1212 ’Έλληνας
1337 1176 1556 1212 ἀνθρωπογονίας
1577 1177 1590 1203 ὁ
1618 1177 1728 1212 Μωσῆς.
1748 1177 1824 1204 Λέων
1844 1177 1872 1204 δὲ
1890 1177 1904 1204 ὁ
1921 1177 1953 1204 τὰ

1174 1223 1244 1258 Περὶ
1257 1222 1318 1250 τῶν
1330 1231 1385 1250 κατ
1393 1222 1399 1230 “
1407 1221 1560 1256 Αιγυπτον
1571 1219 1646 1248 θεῶν
1667 1222 1954 1258 πραγματευσάμενος,

1176 1269 1225 1304 τὴν
1234 1269 1304 1294 Ἶσιν
1317 1267 1368 1294 ὑπὸ
1383 1266 1515 1302 Ἐλλήνων
1527 1268 1671 1303 Δήμητραν
1684 1267 1822 1295 καλεῖσθαί
1835 1277 1925 1304 φησιν,
1938 1268 1954 1296 ἣ

1176 1314 1247 1341 κατὰ
1261 1313 1370 1348 Λυγκέα
1389 1313 1492 1347 γίνεται
1512 1313 1641 1349 ἑνδεκάτῃ
1655 1313 1765 1348 ὕστερον
1785 1314 1866 1350 γενεᾷ
1894 1314 1954 1340 Μω-

1177 1359 1255 1391 σέως.
1280 1360 1362 1390 Ἀπις
1382 1366 1412 1385 τε
1426 1359 1440 1385 ό
1456 1358 1574 1394 ’Δργους
1590 1358 1715 1393 βασιλεὺς
1727 1359 1837 1394 Μέμφιν
1851 1359 1955 1391 οἱκίζα,

1176 1404 1214 1437 ὥς
1226 1412 1307 1440 φησιν
1326 1404 1500 1440 Ἀρίστιππος
1512 1404 1540 1431 ἐν
1554 1403 1648 1440 πρώτῃ
1668 1404 1849 1438 Ἀρκαδικῶν·
1863 1403 1954 1431 τοῦτον

1176 1450 1205 1476 δὲ
1222 1449 1361 1486 Ἀριστέας
1378 1450 1392 1475 ὁ
1413 1449 1531 1484 Ἀργεῖος
1547 1449 1763 1484 ἐπονομασθῆναι
1782 1458 1847 1484 φησι
1870 1449 1953 1485 Σάρα-

1178 1505 1235 1529 πιν,
1249 1496 1296 1523 καὶ
1310 1494 1404 1522 τοῦτον
1424 1493 1505 1526 εἶναι,
1523 1494 1551 1521 ὃν
1566 1495 1708 1529 Αἰγύπτιοι
1720 1495 1834 1522 σέϐουσι.
1847 1495 1960 1530 Noti-.96-

1177 1543 1262 1578 δωρος
1273 1542 1302 1569 δὲ
1314 1542 1329 1568 ό
1346 1540 1540 1577 Ἀμφιπολίτης
1555 1541 1584 1567 ὲν
1598 1541 1681 1577 τρίτῳ
1691 1541 1829 1576 Νομίμων
1851 1541 1957 1574 Ἀσίας,

1177 1587 1223 1614 τὸν
1241 1587 1322 1613 Ἀπιν
1334 1586 1372 1622 (4)
1383 1586 1430 1613 τὸν
1443 1585 1498 1613 Ταῦ
1504 1594 1547 1622 ρον
1561 1586 1757 1622 τελευτήσαντα
1769 1586 1816 1613 καὶ
1831 1594 1950 1622 ταριχευΔ

1179 1633 1260 1660 θέντα
1271 1634 1310 1665 εἰς
1321 1632 1398 1669 σορὸν
1413 1632 1604 1659 ἀποτεθεῖσθαι
1618 1633 1646 1659 ὲν
1663 1632 1702 1668 τῷ
1713 1632 1768 1668 ναῷ
1781 1632 1828 1659 τοῦ
1839 1632 1959 1668 τιμωμέτ

1178 1689 1224 1708 νου
1236 1679 1373 1716 δαίμονος,
1398 1680 1541 1708 κάντεῦθεν
1555 1680 1686 1716 Σορ6απιν
1702 1680 1834 1716 κληθῆναι
1847 1680 1893 1706 καὶ
1907 1679 1954 1706 Σά-

1182 1734 1262 1762 ραπιν
1275 1726 1312 1762 (5)
1327 1726 1449 1762 ὕστερον.
1465 1727 1547 1759 ’Ἄττις
1562 1726 1590 1754 δὲ
1606 1726 1695 1763 τρίτος
1709 1727 1763 1754 ἀπὸ
1778 1726 1890 1762 Ἰνάχου.
1906 1725 1958 1753 Ναὶ

1179 1771 1231 1808 μὴν
1243 1772 1259 1807 ἡ
1271 1771 1351 1806 Δητὼ
1367 1771 1437 1798 κατὰ
1451 1772 1545 1799 Τιτυὸν
1561 1773 1676 1806 γίνεται·

1178 1817 1329 1850 conditum,
1349 1815 1481 1852 Soroapin
1502 1818 1565 1846 inde
1580 1818 1678 1853 primo,
1697 1822 1754 1845 tum
1770 1817 1886 1853 Sarapin
1907 1824 1957 1844 no-

349 1863 488 1890 minariut.
500 1863 565 1898 Apis
578 1869 667 1891 autem
678 1864 713 1891 ab
722 1863 822 1891 Inacho
834 1864 930 1891 tertius
941 1864 1053 1891 exstitit.
1068 1863 1129 1891 Jam
1147 1863 1251 1892 Latona
1268 1863 1338 1900 Tityi
1355 1865 1467 1900 aequalis
1479 1871 1548 1898 erat,

381 1920 511 1948 Latonam
530 1921 582 1949 sibi
597 1930 708 1957 namque
723 1921 795 1950 lovis
812 1923 920 1950 sociavit
936 1923 1066 1955 amicam,

348 1977 474 2012 idemque
499 1977 567 2005 vixit
588 1984 649 2005 cum
667 1977 790 2005 Tantalo.
815 1977 880 2007 lure
905 1978 988 2015 igitur
1007 1977 1127 2007 Boeotius

351 2022 486 2051 Pindarus
498 2023 607 2057 cecinit,

384 2079 508 2116 Tempore
521 2085 591 2108 certo
604 2086 681 2108 nam:
696 2080 790 2116 Apollo
803 2085 852 2109 est.

347 2137 403 2165 Nec
415 2137 442 2165 id
458 2137 579 2173 profecto
594 2139 693 2166 mirum
708 2139 843 2170 videatur,
862 2145 923 2165 cum
944 2143 1058 2172 Ipsemet
1074 2147 1128 2165 una

348 2191 410 2211 cum
429 2183 544 2211 Hercule
561 2191 670 2219 operam
689 2183 805 2210 Admeto
825 2183 985 2210 mercenarii
1007 2184 1065 2211 vice
1079 2192 1128 2211 na—

348 2228 451 2256 vaverit
459 2248 467 2260 ,

385 2283 554 2319 .....Mugnus
574 2292 628 2311 sese
643 2284 706 2311 dum
718 2285 827 2312 volveret
841 2293 936 2312 annus.

351 2339 409 2367 Sub
427 2339 523 2368 Cadmi
548 2344 670 2375 tempora
693 2339 794 2368 Zethus
815 2344 842 2368 et
859 2340 996 2375 Amphion
1015 2341 1129 2369 musicae

350 2386 505 2414 inventores
525 2387 663 2415 exstitere.
680 2387 720 2414 Ac
735 2387 757 2414 si
785 2387 846 2421 quis
866 2388 928 2420 erit,
951 2387 998 2422 qui
1014 2386 1129 2414 Phemo-

349 2440 419 2460 noen
443 2432 548 2460 Acrisio
568 2433 684 2468 primam
707 2432 788 2468 500
804 2434 915 2461 oracula
938 2433 1071 2461 cecinisse
1087 2433 1129 2460 di-

350 2482 410 2511 cet,
437 2478 586 2514 intelligat,
614 2483 677 2514 post
697 2480 820 2506 eamdem
850 2478 1024 2506 Phemonoen
1049 2479 1129 2506 annis

350 2528 452 2558 septem
475 2532 508 2552 ac
528 2525 633 2560 viginti,
654 2525 803 2559 Orpheum.
823 2524 964 2557 Musaeum,
982 2529 1064 2560 atque
1081 2523 1129 2551 Li-

351 2575 416 2595 num
429 2568 553 2597 Herculis
576 2576 767 2605 praeceptorem
782 2569 917 2598 lloruisse.
932 2569 1066 2597 Homerus
1081 2577 1130 2596 au-

352 2617 406 2640 tem
427 2618 454 2641 et
479 2613 624 2649 Hesiodus,
651 2619 681 2642 ut
702 2614 828 2649 Trojauis
853 2615 1021 2650 temporibus
1044 2614 1130 2642 multo

349 2658 474 2694 juniores
492 2659 579 2693 fuere,
593 2660 631 2688 ita
644 2661 725 2696 longo
740 2665 802 2696 post
819 2665 966 2689 utrumoue
989 2660 1130 2689 intervallo

387 2736 425 2773 (2)
445 2738 539 2765 Ἴσιδι.
561 2737 665 2766 Nomen
688 2739 766 2767 Isidis
782 2747 815 2767 ex
837 2739 974 2767 Clemente
995 2739 1131 2774 supplevi-

353 2779 432 2804 mus,
448 2773 520 2807 quod
535 2774 562 2800 in
577 2774 694 2801 Eusebio
712 2775 823 2807 deerat;
843 2775 895 2802 Isis
914 2775 987 2802 enim
1004 2773 1056 2801 illa,
1074 2778 1130 2808 est,

352 2814 435 2842 quam
450 2812 579 2836 seaucnte
595 2817 674 2836 versu
692 2810 720 2836 lo
734 2810 833 2837 dictam
846 2817 908 2838 esse
925 2810 1077 2837 conﬁrmat.

388 2842 427 2879 (_5)
446 2843 513 2879 Elqt
527 2842 602 2879 deo!
615 2843 672 2877 τὴν
688 2843 737 2876 Ἰώ,
752 2849 804 2872 etc.
820 2844 897 2879 Apud
911 2844 1077 2873 Clementem
1094 2844 1130 2872 ita

353 2876 460 2912 lcgitur,
472 2878 542 2905 Ἶσιν
556 2878 594 2910 δὲ,
610 2876 658 2914 τὴν
671 2880 718 2906 καὶ
734 2880 776 2906 Ἰώ
789 2876 881 2914 φασιν.

1143 2223 1165 2251 D

1216 1923 1302 1958 Λητὼ
1316 1922 1353 1959 (6)
1365 1923 1421 1958 τὰρ
1434 1923 1553 1957 ῆλκησε
1568 1922 1633 1956 Διὸς
1648 1922 1763 1957 κυδρὴν
1776 1923 1958 1958 παράκοιτιν,

1181 1980 1277 2012 Τιτυὸς
1288 1980 1316 2007 δὲ
1328 1980 1497 2016 συνεχρὸνισε
1508 1979 1644 2016 Ταντάλῳ.
1653 1976 1775 2012 Ἐἰκότως
1787 1980 1841 2016 ἄρα
1854 1980 1869 2007 6
1878 1979 1960 2008 Βοιώ-

1176 2034 1234 2057 τιος
1245 2025 1375 2061 Πίνδαρος
1389 2025 1500 2061 γράφει·

1253 2080 1301 2107 Ἐν
1316 2081 1413 2115 χρόνῳ
1425 2080 1458 2107 δὲ
1472 2080 1564 2115 γένετ’
1583 2081 1740 2107 Ἀπόλλων.

1176 2137 1231 2164 Καὶ
1245 2137 1320 2164 οὐδὲν
1340 2137 1503 2173 θαυμαστὸν,
1515 2138 1579 2164 ὅπου
1596 2145 1628 2171 γε
1645 2146 1691 2164 και
1704 2137 1830 2173 Ἀδμήτῳ
1842 2137 1960 2173 θητεύων

1177 2182 1333 2219 εὑρίσκεται
1351 2183 1399 2210 σὺν
1413 2182 1460 2210 καὶ
1479 2182 1607 2219 Ἡρακλεῖ

1328 2283 1429 2318 Μέγαν
1441 2284 1485 2314 είς
1498 2283 1645 2311 ἐνιαυτόν.

1178 2339 1263 2374 Ζῆθος
1284 2339 1312 2366 δὲ
1333 2339 1380 2366 καὶ
1405 2340 1525 2375 Ἀμφίων
1549 2341 1575 2367 οἱ
1605 2340 1736 2376 μουσικῆς
1762 2340 1872 2376 εὑρεταὶ
1897 2341 1961 2376 περὶ

1177 2385 1227 2420 τὴν
1247 2384 1357 2420 Κάδμου
1380 2385 1524 2420 γεγόνασιν
1545 2386 1662 2422 ἡλικίαν.
1676 2386 1735 2413 Κάν
1755 2394 1796 2418 τις
1814 2388 1879 2422 ἡμῖν
1894 2387 1963 2423 λέγῃ

1177 2431 1318 2467 Φημονόην
1349 2431 1461 2468 πρώτην
1488 2432 1683 2468 χρησμῳδῆσαι
1721 2433 1866 2469 Ἀκρισίῳ,
1904 2433 1962 2460 ἀλλ’

1182 2477 1256 2509 ἴστω,
1283 2477 1324 2504 ὅτι
1352 2476 1422 2512 μετὰ
1448 2477 1600 2514 Φημονόην,
1627 2477 1714 2505 ἔτεσιν
1733 2477 1844 2514 ὕστερον
1867 2479 1918 2511 κζ’,
1938 2479 1962 2505 οε

1180 2523 1244 2558 ⁸περὶ
1267 2523 1385 2558 Ὀρφέα,
1412 2523 1458 2550 καὶ
1477 2523 1625 2555 Μουσαῖον,
1650 2524 1696 2550 καὶ
1714 2524 1792 2550 Λῖνον
1813 2523 1860 2550 τὸν
1882 2525 1963 2560 Ἦρα-

1181 2567 1274 2599 κλέους
1292 2567 1457 2594 διδάσκαλον·
1480 2569 1601 2604 Ὅμηρος
1620 2568 1648 2594 δὲ
1668 2569 1714 2595 κοιλ¹
1734 2569 1853 2601 Ἠσίοδος
1873 2569 1963 2604 πολλῷ

1180 2612 1307 2648 νεώτεροι
1327 2612 1381 2639 τῶν
1400 2612 1530 2645 Ἰλιακῶν,
1550 2612 1607 2639 μεθ’
1620 2612 1667 2644 οὓς
1685 2612 1781 2647 μακρῷ
1796 2612 1922 2648 νεώτεροι
1937 2613 1962 2639 οι

1180 2658 1245 2694 παρ’
1256 2658 1366 2694 Ἕλλησι
1376 2658 1527 2694 νομοθέται,
1538 2657 1694 2694 Λυκοῦργός
1704 2666 1733 2684 τε
1744 2659 1790 2685 καὶ⁸
1802 2658 1902 2691 Σόλων,
1915 2658 1963 2686 καὶ

1216 2737 1255 2773 (4)
1277 2737 1332 2765 Τὸν
1351 2739 1445 2766 Ἆπιν,
1467 2737 1500 2765 Et
1514 2738 1584 2766 hanc
1595 2743 1738 2773 utramque
1749 2745 1843 2765 vocem
1855 2745 1888 2766 ex
1903 2737 1962 2766 Cle-

1180 2778 1271 2802 mente
1288 2773 1452 2801 addidimus.

1216 2808 1324 2844 (5)7Kal.
1346 2807 1487 2844 Σάραπιν.
1506 2807 1586 2844 Addit
1606 2807 1731 2836 Clemens
1753 2812 1815 2836 ante
1836 2807 1961 2843 ὕστερον,

1181 2843 1309 2878 συνηθείᾳ
1323 2843 1375 2879 τινὶ
1386 2843 1443 2879 ςῶν
1456 2843 1603 2879 ἐγχωρίῳ).

1217 2877 1256 2914 (6)
1272 2877 1368 2913 Λητώ.
1386 2877 1486 2906 Versus
1503 2877 1552 2912 est,
1566 2877 1660 2913 Odyss.
1675 2877 1707 2909 A,
1719 2877 1770 2905 579
