2091 3208
159 154 214 182 855

716 146 876 182 i'fUEPAR.
902 155 1025 183 EVANG.
1048 156 1109 184 LIB.
1130 157 1163 183 x.

1690 194 1693 195 ,
1720 164 1772 192 83$

158 223 185 249 οἰ
201 221 272 249 ἑπτὰ
288 221 374 257 σοφοὶ.
388 223 451 250 οἵτε
464 224 535 259 ἀμφὶ
548 224 593 250 τὸν
608 224 702 260 Σύριον
718 223 883 259 Φερεκύδην,
897 224 948 250 [Iu-
961 229 983 256 Α

961 229 983 256 Α
998 224 1085 251 Graeci
1111 224 1289 259 legislatores.
1315 225 1469 262 Lycurgus,
1492 227 1589 261 Solon,
1616 236 1774 266 septemque

160 269 279 305 θαγόραν
291 269 337 296 τὸν
351 269 447 304 μέγαν,
462 270 536 296 κάτω
549 278 599 297 που
616 271 680 306 περὶ
694 270 743 302 τὰς
764 269 946 305 Ὀλυμπιάδας

160 313 310 348 γενόμενοι,
335 314 373 345 ὡς
397 316 616 350 παρεστήσαμεν.
646 315 700 341 Καὶ
726 313 796 342 θεῶν
819 314 873 349 ἄρα
892 315 946 341 τῶν

162 359 294 386 πλείστων
312 360 375 395 παρ’
400 360 537 395 Ἕλλησιν,
562 360 591 387 οὐ
616 361 694 396 μόνον
717 360 773 387 τῶν
795 359 946 395 λεγομένων

163 404 252 439 σοφῶν
264 413 293 431 τε
311 405 358 431 καὶ
385 406 513 440 ποιητῶν,
529 407 543 432 6
558 406 660 442 Μωσῆς
676 407 740 441 ἡμῖν
759 405 945 432 ἀποδέδεικται

162 449 355 485 πρεσϐύτερος.
373 460 382 476 ›
398 450 489 477 Ταῦτα
500 451 546 477 καὶ
559 452 573 478 6
586 451 710 487 Κλήμης.
735 450 805 477 “Αλλ“
820 451 880 477 ἐπεὶ
894 450 946 486 πρὸ

161 493 214 520 τῶν
228 495 367 530 ἡμετέρων
382 495 551 531 ἐσπουδάσθη
568 496 615 522 καὶ
627 495 717 527 αὐτοῖς
736 494 869 532 Ἐϐραίων
883 503 947 521 παι-

163 538 204 565 σὶν
221 540 236 574 ή
253 540 419 575 προκειμένη
434 541 618 576 πραγματεία,
636 540 725 573 καλῶς
739 541 772 567 ἂν
785 540 840 576 ἔχοι
853 540 901 567 καὶ
913 540 948 567 τὰ

162 585 262 612 τούτων
293 586 415 612 συνιδεῖν.
444 587 587 622 Χρήσομαι
614 586 642 613 δὲ
664 586 724 613 ἀντὶ
751 586 859 613 πάντων
886 586 946 616 ταῖς

140 638 143 640 ‘
161 631 274 659 Φλαυΐου
295 633 426 668 Ἰωσήπου
444 634 554 667 φωναῖς.

162 678 245 714 juvat.
268 678 334 706 Mihi
357 683 446 706 tamen
459 678 569 705 Fiavius
586 677 720 713 Iosephus
743 679 794 707 hoc
817 679 877 706 loco
893 679 980 707 instar

417 726 611 753 ΚΕΦΛΛΛΙΟΝ
637 727 684 753 1Γ’.

167 781 232 809 Ἀπὸ
257 781 446 818 τοῦᾷπροξτου
465 781 524 818 τῶν
546 784 676 810 Φλαυΐου
704 783 850 817 Ἰωσήπου
875 783 941 818 περί

293 816 348 850 τῆς
363 816 421 843 τῶν
443 817 593 844 Ἰουδαίων
606 818 809 852 ἀρχαιότητος.

197 870 207 887 ε
228 861 362 897 ’Λρξομαι
372 862 400 888 δὲ
412 862 448 897 (7)
462 862 568 898 πρῶτον
579 863 633 890 ἀπὸ
644 863 697 890 τῶν
711 865 774 899 παρ’
785 864 942 898 Αἰγυπτίοις

165 907 339 942 γραμμάτων.
355 907 431 934 Adsit
445 909 492 943 μὲν
508 906 554 935 οὖν
569 909 618 944 οὐχ
631 907 685 936 οἷόν
703 909 739 945 (8)
756 918 785 936 τε
801 910 946 946 παρατίθε-

161 953 223 980 σθαι
240 953 380 980 τάκείνων·
393 953 523 986 Μανέθως
537 954 565 980 δὲ
580 955 609 981 τὸ
619 955 695 990 γένος
706 955 862 990 Αἰγύπτιος,
878 955 946 992 ἀνὴρ

161 1000 209 1035 τῆς
244 999 403 1034 Ἑλληνικῆς
434 999 610 1036 μετεσχηκὼς
637 1001 777 1033 παιδείας,
805 1002 842 1033 ὡς
868 1002 946 1037 δῆλᾴς

160 1047 228 1076 ἐστι,
243 1045 364 1081 γέγραφε
376 1046 430 1080 γὰρ
449 1045 552 1072 Ἑλλάδι
570 1047 643 1081 φωνῇ
662 1047 709 1082 τὴν
737 1048 850 1083 πάτριον
877 1048 946 1075 ἱστο-

161 1091 233 1126 ρίαν,
250 1091 280 1117 ἐκ
293 1099 321 1117 τε
339 1090 392 1117 τῶν
405 1091 494 1127 ἱερῶν,
506 1091 543 1123 ῶς
554 1100 635 1128 φησιν
652 1093 742 1125 αὐτὸς,
760 1093 944 1129 μεταφράσας,

160 1137 189 1168 ὃς
204 1137 252 1164 καὶ
267 1137 350 1163 πολλὰ
361 1136 406 1164 τὸν
422 1137 562 1173 Ἡρόδοτον
577 1137 681 1173 ἐλέγχει
692 1138 746 1164 τῶν
756 1139 945 1173 Αἰγυπτιακῶν

160 1182 206 1210 ὑπ’
223 1183 334 1217 ἀγνοίας
349 1182 523 1218 ἐψευσμένον·
541 1180 618 1215 οὗτος
633 1184 665 1220 δὴ
683 1184 772 1210 τοίνυν
786 1185 800 1210 6
816 1184 946 1216 Μάνεθως

160 1229 189 1255 ὲν
206 1230 240 1264 τῇ
256 1229 367 1265 δευτέρα
387 1229 441 1256 τῶν
455 1229 660 1264 Αἰγυπτιακῶν
680 1229 765 1256 ταῦτα
785 1230 848 1266 περ)⁸
868 1230 945 1265 ἡμῶν

159 1274 277 1309 γράφει·
294 1274 488 1310 παραθήσομαι
504 1274 531 1301 δὲ
548 1275 598 1310 τὴν
617 1274 688 1308 λέξιν
709 1274 802 1307 αὑτοῦ,
821 1275 945 1311 καθάπερ

160 1320 242 1348 αὐτὸν
253 1321 356 1347 ἐκεῖνον
372 1320 540 1356 παραγαγὼν
558 1320 694 1356 μάρτυρα.
715 1319 768 1347 Τοῦ
782 1320 893 1356 Τίμαιος
906 1322 944 1358 (9)

159 1366 299 1402 ὀνόματος·
312 1366 357 1392 ἐπὶ
367 1366 459 1392 τούτου
470 1367 518 1392 οὐκ
530 1364 578 1393 οἶδ’
588 1367 662 1397 ὅπως
672 1367 685 1393 ὁ
695 1366 760 1398 Θεὸς
770 1367 944 1398 ἀντέπνευσε,

159 1411 207 1438 καὶ
223 1411 381 1446 παραδόξως
394 1412 427 1438 ὲκ
439 1411 492 1438 τῶν
511 1412 578 1447 πρὸς
594 1412 724 1448 ἀνατολὴν
739 1412 827 1448 μερῶν
840 1412 945 1449 ἄνθρω-

160 1466 206 1484 ποι
222 1458 253 1484 τὸ
269 1457 346 1491 γένος
357 1457 468 1493 ἄσημοι,
487 1457 754 1493 καταθαρῥήσαντες,
767 1457 812 1484 ἐπὶ
827 1458 874 1493 τὴν
890 1458 944 1494 χώ-

161 1512 212 1539 ραν
233 1504 426 1539 ἐστράτευσαν,
447 1504 493 1531 καὶ
506 1503 606 1539 ῥᾳδίως
622 1505 743 1540 ἀμαχητὶ
758 1503 858 1539 ταύτην
875 1503 945 1531 κατὰ

998 269 1152 303 sapientes:
1180 277 1229 297 nec
1253 278 1306 297 non
1335 270 1502 308 Pherecydes
1524 273 1568 300 ille
1591 273 1692 309 Syrus,
1717 284 1775 303 ma-

998 322 1123 349 gnusque
1146 314 1330 350 Pythagoras,
1357 324 1426 351 quos
1454 318 1543 346 adhuc
1565 321 1699 354 posterius
1724 322 1775 349 sub

999 360 1180 396 olympiadum
1201 361 1307 388 initium
1330 367 1408 390 natos
1430 371 1491 391 esse
1512 364 1567 398 jam
1593 367 1772 395 ostendimus.

999 404 1037 431 Ex
1065 405 1164 440 quibus
1183 407 1310 434 omnibus
1335 407 1435 435 Mosem
1464 409 1568 443 utique,
1594 409 1695 439 Graecis
1721 412 1774 440 illis

1000 459 1052 478 non
1079 451 1246 486 sapientibus
1269 456 1372 479 tantum
1400 461 1431 481 ac
1453 456 1551 489 poetis,
1574 464 1666 484 verum
1692 458 1773 485 etiam

998 495 1134 530 plerisque
1150 496 1309 524 numinibus
1324 499 1504 533 antiquiorem
1523 500 1608 528 fuisse
1627 506 1742 529 constat.
1762 511 1772 528 ι

999 540 1087 574 Atque
1109 548 1141 567 ex
1163 540 1300 569 Clemente
1319 542 1458 571 hactenus.
1487 544 1538 572 Sed
1561 547 1688 580 quoniam
1713 552 1776 574 ante

1001 591 1110 614 nostros
1124 587 1259 620 homines,
1276 589 1327 615 hoc
1341 589 1368 615 in
1387 592 1536 624 argumenti
1559 600 1655 626 genere
1670 592 1774 620 Hwbrei

995 634 1093 660 versati
1120 638 1198 666 sunt,
1232 634 1342 662 illorum
1368 636 1450 662 etiam
1474 638 1627 664 testimonia
1653 638 1775 673 proferre

999 679 1122 706 omnium
1144 679 1236 707 fuerit.

1289 727 1403 754 CAPUT
1419 727 1487 755 Xlll.

996 783 1040 810 ΕΞ
1056 783 1144 811 Flavii
1156 783 1262 819 Jorepltt'
1280 785 1365 819 primo
1381 784 1419 812 De
1434 785 1591 821 antiquitate
1606 785 1771 816 Jttdworum.

1033 872 1042 888 ι
1059 861 1115 897 Ego
1131 869 1205 894 vero,
1218 863 1316 897 inquit,
1333 863 1367 890 ab
1380 863 1546 900 Egyptiacis
1557 864 1651 892 litteris
1666 865 1773 892 initium

997 907 1106 941 faciam,
1122 916 1238 943 quarum
1255 913 1284 936 ut
1297 909 1370 936 nulla
1383 909 1460 937 nobis
1483 917 1530 944 per
1543 917 1602 938 sese
1623 911 1699 946 copia
1721 911 1773 945 sit,

995 953 1138 982 Manethus
1159 958 1249 981 tamen
1273 954 1418 989 Egyptius
1435 963 1542 990 genere,
1568 957 1609 983 vir
1632 956 1658 983 in
1681 955 1774 984 Graeca

995 999 1148 1027 eruditione
1171 1004 1305 1032 versatus,
1321 1000 1359 1027 uti
1383 1008 1416 1028 ex
1449 1009 1481 1028 eo
1505 1001 1674 1036 intelligitur,
1701 1002 1774 1038 quod

995 1043 1087 1072 Graece
1111 1045 1224 1079 patriam
1247 1045 1388 1072 historiam
1412 1046 1560 1081 seripserit.
1576 1055 1647 1080 eam,
1664 1053 1694 1075 ut
1715 1050 1774 1083 ipse

995 1091 1145 1125 proﬁtetur,
1160 1098 1176 1118 e
1191 1091 1278 1118 sacris
1295 1091 1486 1126 interpretatus
1509 1092 1600 1120 libris:
1621 1093 1666 1128 qui
1690 1094 1772 1122 etiam

995 1135 1159 1163 Herodotum
1182 1137 1267 1163 multa
1287 1141 1397 1172 propter
1416 1137 1613 1173 ignorationem
1637 1139 1665 1166 in
1690 1147 1773 1175 expo-

995 1181 1091 1208 nendis
1132 1181 1214 1210 rebus
1239 1181 1406 1218 Egyptiacis
1432 1191 1558 1218 peccasse
1594 1184 1771 1212 demonstrat.

995 1225 1041 1253 llle
1064 1226 1146 1262 igitur
1176 1227 1357 1254 Historiarum
1382 1228 1568 1264 Ai‘gyptiarum
1584 1231 1713 1264 secundo,
1734 1231 1771 1258 ita

994 1271 1028 1298 de
1046 1271 1124 1299 nobis
1139 1271 1251 1299 scribit:
1276 1273 1336 1308 ejus
1352 1273 1451 1308 quippe
1467 1274 1548 1301 verba
1562 1274 1684 1309 proferre
1697 1275 1772 1309 libet,

994 1318 1065 1353 quod
1081 1318 1169 1352 ipsum
1179 1319 1219 1346 uti
1234 1324 1328 1347 testem
1345 1321 1461 1355 aliquem
1476 1320 1623 1355 producam
1636 1331 1641 1348 :
1659 1321 1770 1357 Regem,

995 1363 1098 1397 inquit,
1120 1364 1184 1390 olim
1213 1364 1359 1392 habuimus
1383 1364 1515 1392 Timaeum
1542 1366 1667 1393 nomine:
1694 1367 1773 1402 cujus

995 1414 1125 1445 tempore,
1141 1417 1205 1437 cum
1225 1410 1304 1438 nobis
1320 1410 1391 1438 Deus
1406 1412 1498 1439 nescio
1521 1419 1577 1447 quo
1600 1417 1679 1447 pacto
1701 1417 1773 1440 esset

995 1456 1099 1489 iratior,
1122 1464 1156 1484 ex
1178 1457 1301 1491 partibus
1323 1456 1506 1485 Orientalibus
1523 1458 1646 1486 homines
1661 1459 1772 1493 ignobili

994 1509 1091 1536 genere
1111 1501 1149 1528 illi
1173 1502 1293 1536 quidem,
1316 1502 1362 1530 sed
1382 1506 1470 1530 tamen
1494 1503 1614 1531 audaciae
1631 1504 1712 1538 pleni,
1727 1511 1770 1530 re-

161 1550 262 1586 κράτος
273 1547 352 1577 εἷλον.
364 1550 419 1576 Καὶ
433 1550 553 1584 ἐπιλέγει
569 1550 636 1585 μετὰ
649 1550 759 1585 βραχέα·
769 1549 905 1576 Ἐκαλεῖτο
915 1550 944 1577 δὲ
957 1561 977 1589 c

957 1561 977 1589 ε
994 1547 1133 1582 pentinum
1157 1548 1227 1575 hanc
1252 1548 1278 1575 in
1307 1549 1445 1584 regionem
1473 1549 1603 1584 impetum
1632 1549 1770 1584 fecerunt;

160 1595 257 1632 (10)1:6
271 1596 380 1631 σύμπαν
391 1595 480 1622 αὐτῶν
495 1596 569 1627 ἕονος
586 1595 813 1631 ’Υκουσσὼς(11)·
830 1595 944 1623 τοῦτοδέ

159 1642 219 1668 ἐστι
233 1640 352 1676 βασιλεῖς
367 1641 501 1675 ποιμένες.
517 1639 553 1666 Τὸ
563 1640 616 1676 γὰρ
630 1640 691 1673 Ὓκ,
701 1640 762 1666 καθ’
773 1640 846 1675 ἰερὰν
855 1640 944 1674 γλῶσ-

161 1695 221 1718 σαν,
235 1685 367 1718 ,βασιλέα
383 1685 517 1721 σημαίνει·
536 1685 565 1713 τὸ
581 1685 609 1712 δὲ
626 1685 864 1722 υύσσώς,ποιμήν
875 1687 943 1719 ἐστι,

160 1733 207 1760 καὶ
226 1732 364 1767 ποιμένες
381 1733 451 1759 κατὰ
470 1731 518 1768 τὴν
533 1732 624 1768 κοινὴν
647 1731 792 1758 διάλεκτον·
813 1732 859 1759 καὶ
874 1732 944 1758 οὕτω

160 1776 348 1812 συντιθέμενον
356 1778 459 1812 γίνεται
471 1777 477 1786 '
484 1776 652 1810 Υκουσσὼς.
662 1777 737 1808 Τινὲς
745 1777 772 1804 δὲ
780 1777 885 1812 λέγουσι
894 1779 944 1805 αὐ-

159 1823 224 1855 τοὺς
236 1823 358 1858 Ἄραϐας
372 1821 447 1849 εἶναι·
461 1823 489 1849 ὲν
499 1822 520 1849 δ’
531 1822 602 1857 ἄλλῳ
615 1823 772 1858 ἀντιγράφω
783 1823 812 1850 οὐ
828 1823 944 1858 βασιλεῖς

160 1867 341 1903 σημαίνεσθαι
368 1867 411 1894 διὰ
426 1868 477 1902 τῆς
497 1866 650 1899 ’Υκουσσὼς
673 1867 726 1903 (19)
750 1868 942 1904 προσηγορίας,

159 1912 230 1940 ἀλλὰ
254 1912 406 1940 τούναντίον
427 1912 614 1948 αἰχμαλώτους
636 1912 779 1948 δηλοῦσθαι
802 1914 941 1949 ποιμένας.

159 1958 199 1986 Τὸ
213 1958 488 1994 γὰρ’Υκουσσὼς(15)
499 1959 668 1992 Αἰγυπτιστὶ,
681 1959 728 1985 καὶ
744 1958 773 1985 τὸ
783 1958 818 1985 ax
832 1960 943 1986 δασυνό-

161 2012 252 2040 μενον,
262 2003 451 2040 αἰχμαλώτους
466 2004 555 2040 ῥητῶς
568 2003 672 2040 μηνύει.
686 2004 740 2031 Καὶ
752 2004 830 2031 τοῦτο
845 2005 943 2040 μᾶλλον

160 2047 344 2084 πιθανώτερόν
375 2057 418 2084 μοι
447 2049 585 2083 φαίνεται,
612 2048 659 2075 καὶ
681 2048 799 2080 παλαιᾶς
825 2049 943 2086 ἱστορίας

159 2093 298 2128 ἐχόμενον.
334 2094 450 2126 Τούτους
480 2094 508 2121 δὲ
538 2094 601 2126 τοὺς
629 2095 943 2131 προκατωνομασμένους

160 2137 298 2173 βασιλέας,
317 2140 364 2165 καὶ
384 2141 446 2171 τοὺς
465 2139 518 2166 τῶν
537 2141 673 2176 ποιμένων
690 2140 744 2176 (14)
760 2141 941 2176 καλουμένων,

160 2185 208 2212 καὶ
224 2186 287 2217 τοὺς
310 2185 340 2219 ἐξ
365 2186 455 2213 αὐτῶν
477 2187 638 2222 γενομένους
651 2188 786 2223 κρατῆσαι
799 2188 849 2223 τῆς
860 2189 942 2222 Αἰγύ-

996 1600 1110 1628 eamque
1131 1592 1210 1620 facile
1235 1593 1380 1621 admodum
1409 1600 1442 1620 ac
1463 1594 1521 1621 sine
1543 1602 1630 1629 pugna
1658 1595 1772 1629 subege-

995 1642 1070 1666 runt.
1088 1638 1155 1666 Tum
1176 1640 1271 1674 paucis
1294 1639 1459 1674 interjectis:
1485 1640 1567 1672 Gens,
1593 1641 1695 1675 inquit.
1724 1648 1772 1668 eo-

993 1693 1055 1712 rum
1078 1685 1204 1712 universa
1227 1685 1380 1721 llycoussos
1405 1685 1562 1718 vocabatur,
1588 1685 1639 1713 hoc
1665 1690 1706 1713 est
1728 1693 1772 1712 re-

994 1739 1041 1766 ges
1070 1735 1203 1766 pastores.
1234 1731 1291 1767 llyc
1325 1732 1397 1759 enim
1419 1732 1446 1758 in
1476 1739 1553 1759 sacra
1576 1731 1667 1767 lingua
1688 1740 1772 1767 regem

994 1781 1090 1810 sonat;
1115 1775 1219 1805 Oussos
1236 1782 1325 1804 autem
1342 1778 1479 1805 communi
1494 1778 1625 1805 vocabulo
1639 1785 1771 1813 pastorem

992 1825 1166 1856 pastoresque
1189 1822 1338 1857 signiﬁcat;
1369 1823 1440 1850 unde
1466 1831 1517 1850 vox
1539 1824 1689 1857 composita
1712 1823 1771 1859 [ly-

993 1875 1109 1894 coussos.
1129 1865 1199 1894 Sunt
1214 1871 1303 1894 tamen
1319 1868 1365 1903 qui
1383 1867 1486 1895 Arabes
1510 1868 1571 1895 illos
1592 1865 1669 1900 50],
1687 1868 1771 1896 fuisse

992 1912 1099 1940 velint:
1130 1913 1252 1947 adeoque
1273 1912 1300 1939 in
1324 1912 1378 1939 alio
1399 1913 1516 1947 quodam
1540 1914 1698 1947 exemplari,
1722 1922 1772 1941 no-

992 1957 1069 1984 mine
1083 1957 1130 1984 illo
1154 1956 1321 1993 Hyeoussos,
1339 1964 1392 1984 non
1409 1965 1496 1992 reges,
1513 1958 1559 1985 sed
1576 1958 1666 1992 potius
1683 1960 1770 1994 capti-

992 2011 1042 2031 vos
1058 2007 1181 2038 pastores
1199 2003 1324 2030 indicari.
1341 2002 1412 2030 Sane
1436 2003 1546 2039 quidem
1570 2003 1636 2040 Hye,
1654 2010 1680 2031 et
1703 2004 1769 2038 Hac,

992 2049 1015 2076 si
1028 2057 1090 2076 cum
1109 2049 1274 2083 aspiratione
1288 2049 1434 2082 scribatur,
1457 2050 1579 2084 captivos
1598 2050 1706 2085 proprie
1722 2058 1771 2078 no-

993 2093 1174 2128 minatimque
1205 2093 1349 2128 signiﬁcat.
1375 2093 1463 2128 Atque
1485 2093 1512 2120 id
1535 2093 1602 2120 mihi
1626 2093 1769 2120 verosimi-

991 2139 1046 2167 lius
1069 2139 1187 2171 videtur,
1206 2139 1347 2174 magisque
1367 2147 1429 2167 cum
1450 2140 1561 2173 antiqua
1578 2139 1690 2167 historia
1704 2147 1770 2167 con-

993 2189 1163 2213 sentaneum.
1185 2184 1248 2213 illos
1271 2185 1353 2220 igitur
1374 2193 1469 2220 regum
1492 2185 1556 2212 olim
1577 2189 1771 2220 pastorumque

160 2240 230 2258 πτου
244 2232 389 2273 φησὶνέτη
406 2233 474 2268 πρὸς
487 2234 543 2265 τοῖς
555 2237 581 2268 φ’
594 2237 637 2261 ια’.
650 2233 728 2260 Μετὰ
744 2233 830 2261 ταῦτα
844 2234 872 2261 δὲ
886 2235 941 2262 τῶν
956 2231 979 2259 D

956 2231 979 2259 D
993 2231 1103 2258 nomine
1124 2231 1287 2266 appellatos,
1304 2231 1514 2266 eorumdemque
1537 2235 1659 2266 posteros
1686 2230 1769 2267 Egy-

159 2278 194 2304 ὲκ
206 2278 257 2313 τῆς
270 2278 400 2313 Θηϐαΐδος
420 2279 466 2305 καὶ
486 2279 534 2314 τῆς
553 2279 634 2315 ἄλλης
654 2280 791 2314 Αἰγύπτου
811 2280 942 2316 βασιλέων

159 2323 287 2358 γενέσθαι
304 2324 384 2359 φησὶν
400 2325 447 2351 ἐπὶ
465 2326 528 2357 τοὺς
545 2325 675 2361 ποιμένας
690 2325 882 2359 ἐπανάστασιν,
896 2327 942 2354 καὶ

197 2424 237 2459 (7)
250 2424 386 2461 ᾍρξομαι
408 2424 451 2451 δέ.
465 2424 578 2461 _I.oeum
603 2425 674 2452 hunc
688 2426 759 2461 leges
781 2426 851 2460 apud
865 2425 942 2455 Jose-

180 2459 246 2486 hum
262 2459 308 2486 lib.
327 2468 333 2486 l
348 2461 445 2495 contra
453 2459 591 2495 Apianem,
606 2467 667 2495 pag.
681 2459 748 2488 1039
762 2459 825 2488 edit.
838 2461 941 2489 Greco-

156 2466 246 2521 p‘num
263 2466 308 2486 np.
327 2468 333 2486 l
348 2466 445 2486 contra
453 2466 591 2493 Aptanem,
606 2467 667 2495 pag.
681 2466 748 2488 1059
762 2466 825 2488 edit.
838 2466 938 2489 Graeco-

161 2499 223 2531 mat.
238 2501 352 2531 σχέθοι-λε.
366 2494 572 2531 (ᾖοεεςηίἱκιιοε
584 2499 675 2531 autem
704 2499 797 2522 contra
809 2496 938 2531 Apionem

159 2529 256 2562 libros,
271 2529 338 2564 Περὶ
358 2529 406 2566 τῇς
421 2529 475 2566 τῶν
493 2529 942 2566 Ἰουδαίων-ἀρχαιότητος,ἱηερτὶ-

158 2569 230 2600 ptos
242 2572 312 2595 esse,
329 2565 427 2600 egrhoc
440 2565 518 2591 titulo
534 2565 567 2592 15
580 2564 786 2600 ςοηῇὶοἴροςβὶἰ.

195 2599 236 2635 (8)
253 2600 314 2635 ορχ
327 2597 392 2626 οἷόν
404 2607 436 2626 τε
448 2606 552 2633 uapor.
566 2597 718 2626 τάκέἰνωὶλ.
731 2599 836 2635 Optima
851 2601 938 2634 lectio,

157 2633 264 2671 ex'qu_a
278 2633 386 2669 Josephi
400 2635 544 2671 editionem
560 2635 678 2671 corrigas
688 2654 694 2666 ,
709 2635 735 2661 in
754 2633 806 2670 qua
823 2636 937 2671 legitur:

158 2672 216 2704 υῠχ
227 2669 290 2695 οἴων
299 2677 328 2695 τε
344 2677 410 2704 παρ.
422 2669 563 2696 κάκείνων·
576 2677 634 2704 qua:
647 2669 778 2703 interpres
793 2671 828 2697 ita
842 2669 938 2703 reddit,

156 2703 225 2765 ﬂues
241 2711 293 2730 non
306 2703 471 2731 arbitramur
486 2703 666 2731 commendare
682 2712 740 2738 qua:
762 2712 852 2732 nostra
867 2711 938 2733 sunt.

183 2739 289 2765 ivinare
303 2741 353 2765 hoc
370 2739 432 2765 fuit.

183 2739 289 2765 ivinare
303 2741 353 2766 hoc
370 2739 432 2766 fuit.

194 2773 234 2808 (9)
253 2774 309 2809 Τοῦ
326 2774 451 2809 Τίμαιος.
467 2774 637 2809 Supplendus
651 2779 678 2801 et
701 2774 876 2809 corrigendus
896 2775 940 2803 hic

157 2808 237 2837 locus
249 2817 282 2836 ex
296 2808 425 2844 Josepho.
439 2808 602 2844 aputl’quem
624 2809 766 2836 Manethus
777 2808 828 2837 ille
843 2811 883 2837 sic
897 2810 939 2837 in-

156 2843 242 2878 cipit,
271 2843 394 2880 Ἐγένετο
418 2843 542 2880 βασιλεὺς
570 2845 637 2880 ἡμῖν
663 2845 765 2879 Τίμαος
789 2844 883 2880 ὄνομα.
909 2844 938 2871 ln

159 2880 271 2906 nomine
287 2879 400 2915 τίμιος
416 2880 482 2906 nihil
502 2879 659 2906 mutandum
679 2880 769 2914 putavi
784 2879 855 2915 quod
871 2880 938 2907 mihi

991 2277 1029 2312 pti
1064 2276 1233 2304 dominatum
1269 2277 1388 2305 tenuisse
1420 2276 1562 2304 Manetbus
1598 2277 1652 2310 ait,
1689 2277 1770 2304 annis

992 2323 1101 2351 circiter
1124 2323 1248 2351 undecim
1266 2331 1348 2359 supra
1362 2323 1535 2360 quingentos.
1557 2322 1626 2350 Tum
1646 2329 1710 2350 vero
1721 2330 1768 2349 sut-

990 2425 1024 2452 de
1035 2432 1098 2451 vera
1114 2423 1186 2451 illius
1201 2422 1379 2457 appellatione
1394 2430 1447 2449 non
1462 2425 1607 2457 constaret.

1026 2460 1081 2494 (10)
1102 2456 1252 2494 Ἐκαλεῖτο
1263 2458 1306 2484 δέ.
1321 2457 1430 2494 Joscph.
1447 2465 1506 2491 pag.

1027 2489 1082 2529 (11)
1105 2493 1284 2529 regem,”
1300 2489 1399 2529 αὐαινῶᾶ-
1413 2489 1500 2524 Mra};
1523 2489 1697 2529 'I'awoo'gdtc.
1720 2490 1767 2517 Jo-

990 2525 1078 2564 seph.'
1092 2529 1123 2555 τὸ
1143 2525 1217 2560 ἔθνος
1238 2527 1353 2560 Ὑκσώς,
1374 2535 1455 2588 (Eram
1472 2533 1565 2554 vocem
1591 2525 1687 2552 deinde
1712 2530 1765 2552 tam

990 2568 1145 2588 constanter
1158 2563 1270 2588 retinet.
1286 2570 1366 2588 uuam
1393 2561 1515 2588 ‘usebius
1534 2559 1696 2588 ’Υκουοσώς,
1712 2561 1765 2587 Nec

989 2561 1145 2591 constanter
1158 2563 1270 2596 retinet,
1286 2570 1373 2597 quani
1383 2561 1515 2589 Eusebius
1534 2561 1696 2597 'Yttouaatbg.
1712 2561 1766 2587 Nec

990 2599 1068 2626 facile
1090 2599 1125 2626 sit
1146 2598 1249 2625 homini
1273 2595 1327 2624 non
1344 2596 1488 2632 (Egyptio,
1507 2603 1597 2623 veram
1623 2595 1765 2623 lectionem

989 2635 1278 2705 ὼὶίῖὲῗΐὲῨκουᾳσώς.
1289 2666 1409 2705 _Joseph.
1433 2671 1537 2694 tantum
1544 2665 1611 2702 Ὓκ,
1621 2664 1667 2692 sed
1685 2665 1765 2698 male,

989 2709 1020 2731 ut
1030 2702 1258 2738 exsequentibus
1272 2702 1349 2738 plane
1366 2705 1481 2738 constat.

1024 2739 1080 2774 (15)
1101 2734 1279 2774 ’ζδκουσσώςξ
1291 2736 1339 2765 Hic
1355 2737 1473 2764 vicissim
1481 2743 1580 2771 repone
1586 2734 1764 2766 tantum'Tx,

988 2781 1021 2801 ex
1029 2772 1093 2801 cod.
1108 2772 1236 2808 Josepho.

1025 2809 1080 2844 (14)
1094 2809 1148 2835 Kal
1162 2804 1232 2846 ’ξοὺς
1243 2808 1301 2836 τῶν
1312 2814 1393 2846 πριμ.
1408 2805 1636 2846 losephnsdeleg
1646 2804 1701 2836 καί,
1715 2812 1759 2831 re-

989 2841 1076 2876 ctius,
1095 2848 1124 2871 ut
1147 2844 1251 2870 videtur
1269 2852 1276 2870 :
1292 2843 1344 2870 nisi
1370 2842 1448 2869 malis
1463 2841 1525 2872 τοὺς
1547 2841 1579 2868 ὲκ
1603 2841 1657 2867 τῶν
1686 2846 1765 2873 ποιμ,

989 2879 1060 2914 quod
1074 2886 1168 2906 eorum
1183 2886 1216 2906 ex
1231 2885 1343 2906 numero
1358 2884 1434 2912 reges
1450 2881 1613 2904 crearentur.
