2091 3208
329 177 382 205 835

329 238 449 269 sceptam
486 232 617 259 adversus
645 238 693 257 eos
717 230 750 256 ab
773 229 919 256 Thebaidis
945 237 977 255 ac
1003 227 1113 262 reliqum

328 277 437 314 Egypti
456 278 565 312 regibus
581 275 787 310 expeditionem,
804 274 958 307 bellumque
980 281 1062 307 grave
1079 280 1110 299 ac

330 325 490 351 diuturnum
512 323 582 349 inter
601 321 676 356 ipsos
697 322 843 348 conﬂatum
867 320 961 347 fuisse.
989 318 1109 345 Tandem

332 371 382 397 suh
414 376 477 403 rege
505 368 641 402 quodam,
671 367 714 394 cui
742 366 988 401 Misphraguthosis
1012 372 1110 391 nomen

330 419 399 445 crat,
427 413 576 440 debellatos
602 417 724 447 pastores
750 412 822 443 illos,
847 419 880 438 ac
902 411 1006 444 reliqua
1027 409 1110 444 {Egy-

330 465 376 494 pto
397 459 501 494 pulsos,
526 466 610 485 unum
632 458 660 485 in
682 458 771 485 locum
796 457 915 484 inclusos
929 463 991 483 esse
1013 455 1109 486 tradit,

331 505 410 539 cujus
435 504 554 532 ambitus
585 504 678 531 decem
699 504 824 538 jugerum
841 502 925 529 millia
950 501 1110 529 contineret.

330 551 427 578 Avaris
456 551 533 578 locus
555 550 600 577 ille
625 549 782 581 dicebatur,
809 556 890 583 quem
918 555 933 575 a
956 546 1111 582 pastoribus

333 598 489 624 universum
521 596 623 630 ingenti
658 595 803 630 validoque
830 602 908 621 muro
942 598 1048 628 septum
1080 600 1112 619 ac

333 643 466 670 munitum
485 641 555 669 idem
573 642 689 676 scriptor
703 641 757 673 ait,
779 645 809 668 ut
827 639 959 675 quidquid
983 639 1035 666 sibi
1058 638 1113 665 for—

333 692 462 715 tunarum
486 691 559 714 esset
580 694 612 714 ac
630 686 738 721 praedm,
763 686 789 712 id
804 693 885 712 omne
906 689 993 711 tutum
1017 692 1049 711 ac
1071 692 1113 711 se-

334 741 431 760 curum
456 732 558 759 habere
578 735 698 767 possent.
723 731 758 758 At
781 738 845 758 vero
869 730 1113 765 Misphraguthosis

333 779 417 806 tilium
444 777 626 805 'l‘bmnthosin
653 777 774 807 nomine.
803 776 1061 811 quadringentorum
1086 779 1113 802 et

333 825 471 859 octoginta
489 823 602 850 millium
618 822 759 850 hominum
777 823 898 850 exercitu
920 828 1014 848 muros
1031 821 1104 848 obse-

335 870 428 903 disse;
445 874 526 904 atque
541 869 615 904 ipsos
634 875 682 903 per
695 868 749 895 vim
765 875 922 902 expugnare
937 871 1064 894 conatum
1081 865 1112 892 il-

334 917 390 943 lum
405 915 524 950 quidem,
545 914 592 942 sed
604 914 754 942 obsidianis
776 914 849 941 exitu
876 913 1033 947 desperato,
1050 919 1112 938 cum

334 961 430 989 iisdem
450 968 481 988 ea
503 960 658 988 conditione
682 959 826 994 pepigisse,
849 958 887 985 uti
912 957 1026 993 Egypto
1050 957 1113 984 reli-

334 1012 389 1039 cta,
408 1013 571 1041 quocunque
587 1005 696 1037 vellent,
712 1012 806 1031 omnes
829 1004 888 1031 sine
913 1004 968 1030 ullo
993 1011 1043 1031 suo
1066 1003 1112 1030 de-

336 1054 463 1081 trimento
487 1051 707 1086 commigrarent.
732 1051 786 1077 Eos
807 1050 888 1084 igitur
912 1057 973 1077 cum
1001 1049 1112 1076 univer-

335 1098 374 1125 sis
392 1097 514 1128 familiis,
536 1101 617 1131 atque
630 1095 704 1123 omni
726 1095 899 1130 possessione
922 1102 982 1125 sua,
1005 1094 1044 1121 uti
1067 1102 1113 1128 per

335 1145 418 1171 ictum
442 1142 531 1171 fmdus
553 1146 695 1178 poterant,
719 1141 790 1168 haud
822 1141 963 1175 pauciores
989 1140 1113 1168 ducentis

335 1193 362 1217 et
387 1188 566 1224 quadraginta
591 1187 722 1218 millibus,
745 1187 778 1214 ab
801 1186 916 1221 Egypto
930 1194 976 1220 per
992 1186 1114 1213 solitudi-

337 1241 399 1261 nem
426 1233 453 1260 in
475 1233 582 1268 Syriam
610 1231 770 1259 tetendisse.
792 1231 869 1264 Quod
898 1235 986 1257 autem
1012 1231 1063 1259 sibi
1080 1232 1114 1259 ab

336 1279 507 1315 Assyriorum
519 1278 672 1313 principatu
688 1282 848 1308 metuerent,
865 1281 922 1304 tum
932 1278 1004 1304 enim
1020 1277 1112 1304 Asiam

336 1325 474 1356 tenebant,
490 1324 517 1351 in
533 1332 576 1358 ea,
595 1331 677 1359 quam
693 1323 774 1351 hodie
797 1323 915 1350 Judaeum
934 1323 1113 1358 appellamus.

337 1370 447 1403 regione
462 1369 557 1397 urbem
577 1369 737 1397 aediﬁcasse.
756 1376 817 1403 quae
838 1372 878 1396 tot
897 1368 1038 1399 hominum
1053 1372 1115 1399 mil-

336 1413 373 1440 lia
394 1418 512 1449 caperet,
537 1414 714 1448 eamdemque
735 1411 1113 1450 llicrosolymancminasse.»

336 1458 441 1491 Quibus
463 1459 559 1487 deinde
585 1467 679 1494 regum
701 1458 891 1497 Egyptiorum
915 1463 1114 1490 successionem

337 1511 507 1540 tumpusque,
522 1513 576 1540 quo
597 1506 698 1544 singuli
721 1514 879 1544 regnarunt,
908 1509 950 1536 ubi
973 1509 1115 1536 Mauethus

338 1554 490 1589 sul-iunxit,
506 1559 562 1585 tum
579 1556 732 1586 demumita
742 1558 893 1586 concludit:
911 1569 920 1584 ι
931 1559 1001 1595 Ergo
1009 1558 1032 1586 si
1044 1562 1114 1585 tem-

338 1611 389 1637 pus
411 1604 444 1631 ad
463 1604 556 1631 initam
580 1612 714 1632 annorum
737 1604 851 1632 istorum
871 1604 1002 1631 rationem
1024 1605 1116 1639 exige-

337 1655 409 1681 mus,
431 1649 566 1675 constabit
587 1649 710 1680 omnino,
733 1657 803 1683 quos
823 1654 944 1683 pastores
967 1648 1017 1683 ipsi
1038 1656 1117 1675 voca-

337 1692 410 1725 bam,
429 1693 547 1727 majores
563 1697 681 1726 nostros,
703 1694 783 1720 annis
797 1700 860 1720 ante
880 1694 967 1721 tribus
980 1699 1006 1721 et
1031 1702 1117 1721 nona-

337 1739 411 1774 ginta
428 1745 510 1773 supra
525 1742 670 1771 trecentos,
694 1739 739 1766 ubi
756 1747 790 1766 ex
806 1739 924 1775 Egypto
940 1740 1113 1775 migrassent,

339 1784 478 1818 regionem
494 1783 566 1810 illam
586 1784 729 1818 insedisse,
745 1793 826 1819 quam
844 1785 951 1813 Danaus
970 1786 1056 1820 Argos
1071 1793 1116 1813 ve-

337 1829 433 1861 nisset,
451 1829 498 1864 qui
521 1833 610 1856 tamen
632 1830 666 1857 ab
683 1830 789 1865 Argivis
805 1838 851 1865 pro
867 1831 1058 1865 antiquissimo
1070 1838 1116 1858 ce-

337 1875 468 1903 lebratur.
496 1875 534 1903 Ita
554 1876 609 1903 duo
635 1875 713 1911 502
735 1876 813 1903 nobis
833 1883 919 1911 eaque
941 1884 1008 1904 sane
1025 1877 1116 1911 preci-

336 1929 405 1956 pua,
434 1922 486 1950 hoc
506 1921 640 1955 Manethi,
666 1922 738 1957 quod
753 1921 940 1957 Egyptiarum
964 1922 1115 1950 litterarum

336 1968 416 1995 tidem
434 1968 568 2003 sequitur,
585 1968 742 1996 testimonio
755 1967 877 1996 confecta
894 1973 974 1996 sunt:
988 1968 1114 2000 alterum,

335 2020 383 2041 eos
403 2014 430 2041 iu
449 2013 596 2050 Egyptum
618 2014 726 2041 aliunde
745 2013 879 2049 profectos
896 2021 973 2046 esse;
989 2014 1114 2047 alterum,

336 2059 456 2087 indidem
476 2060 550 2095 ipsos
572 2060 626 2088 alio
641 2061 847 2095 commigrasse,
870 2061 942 2094 quod
964 2060 1044 2087 etiam
1068 2068 1116 2094 po-

336 2105 437 2134 sterius
455 2106 523 2133 adeo
545 2110 681 2133 vetustum
703 2110 784 2137 esset,
810 2111 839 2133 ut
855 2105 971 2140 Trojana
993 2111 1114 2141 tempora

336 2151 415 2179 annis
431 2159 514 2186 prope
534 2152 608 2179 mille
623 2152 802 2180 antecederet.
821 2161 830 2178 ι
850 2152 911 2180 "th
931 2152 1066 2188 Josephus
1079 2162 1110 2180 ex

334 2196 492 2231 [Egyptiaea
517 2197 630 2224 historia
650 2197 730 2231 paulo
749 2198 875 2225 solutius.
892 2198 964 2225 ldem
980 2206 1013 2225 ex
1033 2198 1114 2227 Phae-

335 2240 416 2272 nicla,
429 2241 566 2275 productis
582 2242 704 2276 ipsismet
715 2250 805 2270 rerum
820 2243 1020 2270 thniciarum
1042 2244 1109 2271 scri-

688 173 822 203 EUSEBII
841 170 1078 201 UIESARIENSIS
1095 170 1169 198 OPP.
1180 169 1270 197 PARS
1287 165 1620 196 ll.—Al‘0LOGETlC.~\.

1891 167 1943 194 S36

1128 231 1148 256 Α
1165 225 1280 260 πόλεμον
1310 225 1478 260 συρραγῆναι
1504 224 1590 260 μέγαν
1611 224 1659 250 καὶ
1681 223 1861 258 πολυχρόνιον.
1883 222 1944 249 Ἐπὶ

1160 271 1189 297 δὲ
1208 270 1347 306 βασιλέως,
1370 267 1392 304 ᾧ
1414 271 1499 305 ὄνομα
1521 267 1589 296 εἶναι
1611 267 1856 304 Μισφραγούοωσις
1876 267 1943 302 (15),

1161 318 1330 352 ἡττωμένους
1356 318 1423 352 φησὶ
1444 317 1507 348 τοὺς
1530 315 1672 350 ποιμένας,
1696 314 1744 341 καὶ
1766 314 1798 340 ὲκ
1820 313 1869 349 μὲν
1893 314 1939 347 τῆς

1160 362 1242 398 ἄλλης
1255 362 1391 396 Αἰγύπτου
1405 362 1540 392 ἐκπεσεῖν,
1561 359 1790 394 κατακλεισθῆναι
1806 359 1833 385 δὲ
1846 359 1886 391 είς
1898 358 1930 385 τό

1162 417 1211 434 πον
1222 407 1344 444 ἀρουρῶν
1355 407 1449 442 ἔχοντα
1462 407 1564 442 μυρίων
1574 407 1623 442 τὴν
1637 405 1811 440 περίμετρον.
1821 403 1923 439 Αὖαρις
1931 409 1940 423 ι

1161 454 1245 489 ὄνομα
1261 453 1299 488 τῷ
1312 453 1405 487 τόπῳ”
1434 451 1526 479 τοῦτόν
1548 459 1628 487 φησιν
1649 451 1662 476 ὀ
1684 449 1814 480 Μάνεθως
1836 449 1942 475 ἅπαντα
1984 458 1991 464 ·

1161 499 1244 535 τείχει
1261 508 1290 526 τε
1305 499 1415 535 μεγάλῳ
1427 498 1472 525 καὶ
1488 497 1590 533 ἰσχυρῴ
1605 495 1760 531 περιϐαλεῖν
1776 494 1838 526 τοὺς
1850 494 1943 529 ποιμέ-

1161 555 1219 578 νας,
1234 546 1306 577 ὅπως
1316 545 1366 580 τήν
1378 553 1406 572 τε
1421 544 1509 570 κτίσιν
1520 544 1627 570 ἃπασαν
1639 543 1734 577 ἔχωσιν
1747 542 1775 568 ἐν
1787 540 1887 576 ἐχυρῷ,
1897 540 1944 567 καὶ

1162 591 1209 627 τὴν
1224 591 1298 618 λείαν
1313 590 1361 626 τὴν
1377 589 1489 616 ἑαυτῶν.
1505 589 1555 614 Τὴν
1568 588 1596 614 δὲ
1607 585 1878 622 Μισφραγουθώσεως
1888 584 1945 611 υἱὸν

1162 637 1320 672 Θμούοωσιν
1333 635 1398 670 (16),
1415 635 1587 669 ἐπιχειρῆσαι
1603 633 1650 668 μὲν
1665 631 1761 663 αὐτοὺς
1774 631 1817 658 διὰ
1834 630 1945 665 πολιορ-

1163 671 1223 709 κίαν
1239 682 1293 717 (Π)
1309 681 1377 708 ἑλεῖν
1393 680 1463 707 κατὰ
1478 679 1588 715 κράτος,
1603 677 1673 704 ὀκτὼ
1685 678 1731 704 καὶ
1744 677 1945 713 τεσσαράκοντα
1975 671 1978 674 Δ

1164 728 1275 763 μυριάσι
1295 726 1410 761 στρατοῦ
1428 723 1662 761 προσεδρεύσαντα
1676 723 1730 753 τοῖς
1743 722 1869 757 τείχεσιν·
1883 721 1945 747 ἐπεὶ

1162 774 1190 800 δὲ
1211 773 1259 800 τὴν
1280 771 1436 807 πολιορκίαν
1459 770 1580 803 ἀπέγνω,
1606 767 1768 803 ποιήσασθαι
1786 766 1943 802 συμϐάσεις,

1163 819 1207 846 ἵνα
1230 819 1279 854 τὴν
1289 818 1423 851 Αἴγυπτον
1435 815 1598 846 ἐκλιπόντες,
1611 815 1670 840 ὅποι
1686 813 1834 849 βούλονται,
1846 812 1945 843 πάντες

1163 865 1289 897 ἀῦλαόεῖς
1302 863 1448 891 ἀπέλθωσι.
1462 862 1530 893 Τοὺς
1542 861 1569 887 δὲ
1584 860 1629 887 ἐπὶ
1639 862 1697 891 ταῖς
1710 858 1864 894 ὁμολογίαις
1877 865 1944 884 παν-

1166 910 1271 945 οικεσίει
1287 908 1355 944 μετὰ
1370 908 1423 935 τῶν
1438 908 1569 943 κτήσεων,
1588 907 1638 933 οὐκ
1659 905 1786 935 ἐλάσσους
1810 903 1946 939 μυριάδων

1165 957 1244 987 ὂντας
1264 956 1349 982 εἴκοσι
1366 954 1515 989 τεσσάρων,
1537 953 1590 979 ἀπὸ
1610 954 1659 988 τῆς
1673 951 1808 985 Αἰγύπτου
1822 949 1871 984 τὴν
1883 949 1947 984 ἐρη-

1168 1010 1216 1037 μον
1241 1001 1280 1032 εἰς
1301 1000 1399 1035 Συρίαν
1419 999 1627 1034 διοδοιπορῆσαι.
1650 994 1877 1035 Φοϋουμένους-δὲ
1896 994 1946 1029 τὴν

1173 1048 1319 1082 Ἀσσυρίων
1333 1046 1488 1073 δυναπείαν
1505 1044 1574 1080 (τότε
1592 1044 1646 1079 γὰρ
1658 1043 1775 1074 ἐκείνους
1785 1043 1834 1077 τῆς
1853 1041 1946 1072 Ἀσίας

1167 1094 1297 1131 κρατεῖν),
1318 1095 1346 1120 ὲν
1361 1095 1393 1128 τῇ
1410 1092 1457 1119 νῦν
1476 1091 1589 1127 Ἰουδαίᾳ
1606 1090 1758 1125 καλουμένῃ
1778 1088 1855 1115 πόλιν
1875 1089 1946 1114 olm—

1167 1140 1377 1176 δομησαμένους.
1394 1137 1535 1168 τοσαύταις
1553 1136 1678 1172 μυριάσιν
1699 1134 1847 1169 ἀνθρώπων
1862 1133 1945 1169 ἀρκέ-

1168 1194 1280 1217 σουσαν.
1309 1183 1480 1220 Ἰεροσόλυμα
1508 1182 1609 1217 ταύτην
1635 1181 1777 1217 ὀνομάσαι.
1797 1190 1806 1206 ι
1834 1179 1945 1210 Τούτοις

1167 1233 1230 1268 ἑξῆς
1243 1232 1291 1267 τὴν
1303 1230 1426 1266 διαδοχὴν
1442 1229 1495 1256 τῶν
1510 1229 1569 1256 κατ’
1585 1228 1718 1263 Αἴγυπτον
1734 1226 1864 1262 βασιλέων
1878 1226 1946 1261 μετὰ

1166 1279 1212 1306 τοῦ
1227 1279 1323 1314 χρόνου
1340 1279 1388 1314 τῆς
1398 1277 1484 1315 ἀρχῆς
1496 1275 1585 1304 αὐτῶν
1598 1274 1866 1311 ἀπαριθμησάμενος,
1883 1273 1944 1300 ἔπι-

1167 1328 1251 1361 ἲεγει·
1268 1336 1276 1352 ι
1297 1325 1389 1352 Ταῦτα
1408 1326 1456 1360 μὲν
1472 1323 1527 1359 (18)
1545 1324 1559 1349 ὁ
1578 1321 1717 1353 Μάνείὶως.
1735 1320 1817 1356 Δῆλον
1829 1320 1850 1346 δ’
1861 1320 1945 1350 ἐστὶν,

1167 1374 1199 1399 ὲκ
1206 1372 1260 1399 τῶν
1268 1371 1418 1407 εἰρημένων
1427 1369 1495 1396 ὲτῶν
1505 1368 1551 1395 τοῦ
1563 1368 1657 1404 χρόνου
1669 1365 1891 1401 συλλογισθέντος,
1904 1365 1946 1392 ὃτι

1167 1419 1191 1445 οί
1211 1416 1368 1451 καλούμενοι
1390 1415 1526 1450 ποιμένες,
1543 1413 1670 1449 ἡμέτεροι
1682 1411 1857 1448 δεπρόγονοι,
1872 1410 1947 1446 τρισὶ

1168 1464 1214 1491 καὶ
1227 1463 1401 1498 ἐννενήκοντα
1417 1461 1464 1488 καὶ
1483 1459 1646 1497 τριακοσίοις
1667 1458 1780 1494 πρόσθεν
1798 1457 1896 1489 ἐτεσιν,
1914 1457 1947 1482 ὲκ

1166 1511 1216 1546 τῆς
1230 1509 1364 1543 Αἰγύπτου
1378 1506 1589 1540 ἀπαλλαγέντες,
1604 1505 1653 1540 τὴν
1667 1503 1757 1540 χώραν
1777 1503 1877 1537 ταύτην
1893 1503 1948 1529 ἀπι-

1166 1555 1275 1591 ᾠκησαν
1287 1554 1352 1590 (19),
1369 1554 1386 1589 ἢ
1400 1552 1501 1580 Δαναὸν
1521 1552 1561 1583 εἰς
1579 1552 1679 1587 Ἀργος
1691 1549 1842 1586 ἁφικέσθαι’
1858 1549 1947 1587 καίτοι

1166 1601 1259 1629 τοῦτον
1280 1601 1456 1637 ἀρχαιότατον
1481 1600 1596 1635 Ἀργεῖοι
1618 1596 1764 1633 νομίζουσι.
1787 1595 1838 1622 Δύο
1857 1595 1947 1622 τοίνυν

1166 1649 1180 1675 ὁ
1194 1647 1323 1678 Μάνεθως
1338 1648 1404 1682 ἡμῖν
1425 1646 1460 1673 τὰ
1482 1646 1597 1681 μέγιστα
1613 1643 1823 1679 μεμαρτύρηκεν
1839 1642 1871 1668 ὲκ
1891 1640 1947 1667 τῶν

1166 1693 1241 1729 παρὰ
1255 1694 1311 1724 τοῖς
1326 1692 1482 1726 Αἰγυπτίοις
1498 1690 1677 1727 γραμμάτωψ
1702 1688 1808 1725 πρῶτον
1822 1682 1880 1723 ’μὲν
1897 1687 1947 1722 τὴν

1166 1736 1296 1772 ἑτέρωθεν
1313 1736 1403 1771 ἄφιξιν
1414 1737 1454 1768 είς
1467 1736 1614 1770 Αἴγυπτον,
1627 1734 1722 1760 ἔπειτα
1737 1733 1765 1760 δὲ
1779 1732 1828 1768 τὴν
1844 1731 1948 1759 ἐκεῖθεν

1166 1782 1333 1818 ἀπαλλαγὴν,
1345 1782 1430 1813 οὕτως
1442 1781 1558 1818 ἀρχαίαν
1569 1782 1624 1812 τοῖς
1635 1779 1739 1814 χρόνοις
1749 1778 1786 1810 ὡς
1800 1777 1882 1812 ἐγγύς
1895 1785 1946 1802 mu

1166 1828 1307 1862 προτερεῖν
1324 1826 1408 1861 αὐτὴν
1419 1825 1474 1852 τῶν
1496 1824 1617 1852 Ἰλιακῶν
1629 1824 1700 1850 ἔτεσι
1715 1822 1818 1858 χιλίοις.
1833 1831 1843 1848 ι
1868 1820 1947 1848 Ἀλλά

1165 1871 1198 1898 τὰ
1213 1872 1261 1906 μὲν
1275 1871 1328 1898 ἀπὺ
1342 1871 1391 1905 τῆς
1407 1870 1595 1905 Αἰγυπτιακῆς
1612 1869 1731 1905 ἱστορίας
1752 1867 1837 1904 ταύτῃ
1856 1875 1894 1901 πη
1908 1866 1947 1902 τῷ

1171 1917 1294 1952 Ἰωσήπῳ
1311 1916 1381 1943 κατὰ
1397 1916 1495 1948 πλάτος
1511 1916 1693 1951 ἁνιστόρηται·
1711 1914 1765 1941 ἀπὸ
1778 1913 1806 1940 δὲ
1822 1913 1873 1948 τῆς
1885 1912 1947 1938 Φοι-

1165 1965 1246 1991 νίκων
1259 1964 1374 2000 μάρτυσι
1386 1964 1555 2000 χρησάμενος
1570 1964 1622 1994 τοῖς
1633 1962 1667 1989 τὰ
1678 1960 1815 1989 Φοινικικὰ
1829 1967 1948 1994 συγγρα-

1164 2011 1305 2047 ψαμένοις,
1322 2011 1469 2046 παρίστησι
1487 2009 1532 2036 τδν
1551 2009 1579 2036 ὲν
1597 2008 1792 2044 Ἰεροσολύμοις
1810 2005 1878 2033 νεὼν
1894 2005 1947 2032 ὑπὸ

1165 2056 1318 2092 Σολομῶνος
1336 2056 1383 2082 to?)
1406 2055 1536 2091 βασιλέως
1557 2054 1743 2091 ᾠκοδομῆσθαι
1762 2053 1834 2080 ἔτεσι
1851 2052 1947 2079 θᾶττον

1165 2103 1260 2131 ἑκατὸν
1273 2102 1474 2138 τεσσαράκοντα
1489 2102 1536 2128 καὶ
1551 2101 1634 2137 τρισὶ,
1649 2101 1697 2127 καὶ
1709 2099 1791 2136 μησὶν
1801 2098 1884 2131 ὀκτὼ,
1897 2097 1945 2124 τοῦ

1165 2151 1255 2177 κτίσαι
1275 2150 1389 2185 Τυρίους
1411 2149 1580 2185 Καρχηδόνα.
1601 2146 1668 2174 Εἶτα
1687 2146 1816 2182 μετασὰς,
1833 2145 1880 2172 καὶ
1892 2143 1947 2172 ἀπὺ

1164 2197 1212 2233 τῆς
1232 2196 1296 2232 περὶ
1310 2195 1448 2222 Χαλδαίων
1467 2195 1584 2231 ἱστορίας
1604 2194 1652 2225 τὰς
1669 2193 1733 2229 περὶ
1749 2192 1797 2227 τῆς
1814 2191 1946 2227 Ἑϐραίων

1163 2243 1339 2279 ἀρχαιότητος
1354 2241 1531 2277 παρατίθεται
1547 2241 1707 2277 μαρτυρίας.

1130 896 1149 923 Β

1129 1575 1150 1602 C

335 2286 468 2320 pluribus,
491 2287 638 2315 manifesto
666 2289 772 2323 probat,
799 2289 926 2324 templum
952 2289 1226 2326 llicrosolymitanuui
1248 2290 1282 2316 ab
1297 2289 1443 2316 Salomone
1471 2296 1534 2323 rege
1561 2288 1640 2315 annis
1662 2292 1770 2315 centum
1787 2290 1815 2314 et
1829 2283 1946 2320 quadra-

333 2331 408 2365 ginta
426 2331 522 2363 tribus,
537 2340 598 2360 cum
616 2338 677 2360 Octo
696 2334 806 2369 insuper
826 2335 976 2368 mensibus,
995 2341 1056 2363 ante
1079 2337 1216 2364 conditam
1239 2343 1254 2363 a
1278 2334 1367 2370 Tyriis
1397 2333 1649 2369 Carthaginensem,
1669 2333 1830 2361 aediﬁcatum
1851 2330 1946 2372 fuisse.

335 2377 404 2405 Tum
424 2385 584 2413 progressus
600 2380 634 2407 ad
647 2380 797 2414 Chaldaeos,
816 2389 848 2408 ex
864 2390 959 2409 eorum
976 2383 1057 2410 etiam
1079 2382 1254 2411 monimentis
1278 2381 1454 2409 Hebrteorum
1473 2380 1644 2414 antiquitatis
1661 2377 1816 2407 testimonia
1838 2376 1944 2411 repetit.

622 2426 735 2454 CAPUT
753 2427 822 2456 XIV.

1422 2427 1618 2454 ΚΕΦΛΛΑΙΟΝ
1641 2427 1689 2453 ΙΔ’.

336 2468 462 2497 Univetsa
477 2469 665 2509 "Hebraei-unt
685 2473 804 2509 historia
828 2474 997 2501 recentiorem
1026 2474 1109 2509 fuisse

1170 2475 1215 2507 Ὡς
1228 2474 1349 2507 ἀπάσης
1360 2473 1414 2507 τῆς
1426 2474 1494 2507 παρ’
1514 2472 1650 2509 Ἑϐραίοις
1668 2473 1800 2509 ἱστορίας
1812 2468 1947 2509 νεώτεροι

472 2504 622 2533 Grecorum
635 2507 847 2542 philosophorum
865 2514 977 2536 (etatem.
1026 2504 1032 2509 ’

1200 2504 1474 2544 ἓυγχιίνόὺσιῖὦί
1488 2504 1565 2542 παρδ
1579 2508 1707 2541 Ἕλλησι
1727 2504 1904 2541 φιλοσόφων
1921 2505 1947 2530 ul

1240 2545 1313 2571 όνοι.

370 2581 470 2610 Verum
494 2584 577 2618 enim,
605 2585 670 2620 quid
697 2593 778 2620 porro
795 2586 1042 2614 demonstrationes
1065 2587 1113 2615 de-

1240 2553 1313 2571 ονοι.

1200 2553 1285 2616 (illi
1301 2589 1327 2616 τί
1340 2589 1380 2616 δεῖ
1391 2589 1491 2624 πλῆθος
1506 2590 1565 2620 ταῖς
1580 2587 1746 2620 ἀποδείξεσιν
1758 2584 1946 2621 ἐπισωρεύειν,

335 2628 578 2669 monstrationibus
595 2630 735 2658 cumulare
750 2639 861 2658 necesse
876 2636 928 2666 est,
947 2639 1009 2659 cum
1030 2640 1112 2659 nemo

1164 2636 1210 2663 τοῦ
1228 2636 1399 2672 φιλαλήθους,
1423 2636 1548 2671 ἀλλὰμὴ
1569 2634 1803 2670 φιλαπεχθήμονος
1825 2632 1874 2659 καὶ
1892 2632 1947 2662 τοῖς

335 2674 382 2706 sit,
403 2674 450 2707 qui
469 2674 550 2701 modo
565 2675 688 2703 veritatis
711 2676 847 2704 amantior
863 2684 925 2705 esse
940 2678 1014 2710 velit,
1031 2686 1113 2713 quam

1163 2682 1317 2718 εἰρημένοις
1328 2682 1511 2718 ἀρκουμένουἸ
1524 2680 1646 2715 ποικίλην
1658 2679 1814 2716 περιέχουσι
1823 2678 1873 2714 τὴν
1885 2681 1948 2713 περὶ

369 2736 382 2750 ι
401 2729 459 2758 Jos.
480 2731 603 2767 'A6aptv.

334 2775 425 2836 0mg?
448 2777 722 2812 Μισέοραγυύθωσις.
761 2779 873 2814 Ioseph.
914 2780 1110 2817 ’Δλισφραγού-

1200 2780 1255 2815 (17)
1267 2781 1454 2814 Πολιορκίαν.
1469 2779 1578 2814 Repone
1593 2779 1760 2814 πολιορκίας,
1771 2786 1804 2805 ex
1817 2777 1949 2812 Josepuo.

1199 2815 1256 2836 HRt
1274 2816 1367 2836 'l‘m'irn
1382 2815 1443 2836 uim,
1460 2820 1510 2836 r-Iu,
1531 2814 1578 2836 ΔιΙί
1595 2814 1702 2836 .Inspnll,
1721 2822 1781 2836 uno.
1796 2813 1878 2836 “Ml.

350 2818 425 2842 ωσις.
827 2813 834 2814 ί
995 2813 1016 2817 "
1051 2813 1056 2815 '

508 2846 535 2854 ,η
649 2847 655 2854 .
727 2849 732 2854 .
777 2849 824 2854 Α.

1274 2813 1367 2854 Ταῦτα
1377 2815 1445 2849 μέν,
1460 2813 1515 2854 etc.
1529 2814 1578 2854 Διιί
1595 2813 1704 2854 Joseph.
1721 2822 1781 2854 pag.
1796 2813 1878 2854 ίυμ.

369 2846 619 2890 (III6)mel;:oﬁ0mau-.
643 2847 753 2890 llos-“epit.
775 2849 934 2885 Θοῦμωσιν,
949 2859 1028 2885 quem
1047 2859 1106 2886 pag.

1169 2886 1175 2890 _
1198 2846 1253 2885 (l9)
1275 2846 1676 2890 Ἁριῴκήᾳᾳνηαοιςνίᾖοιιιίιηῐι
1755 2848 1874 2890 ιίῡδθρὶιο
1901 2848 1950 2873 ἐπ-

336 2879 347 2906 1
373 2880 412 2914 Η,
427 2879 567 2916 Τέομωσιν
582 2879 715 2917 appellat:
831 2879 837 2885 ”
927 2879 933 2884 ’
958 2879 966 2885 “
1047 2879 1054 2886 “
1081 2879 1095 2886 “’

1160 2879 1278 2920 ᾠκὴσαν,
1294 2879 1345 2913 nisi
1363 2879 1440 2912 malis
1456 2886 1495 2916 είς
1507 2879 1658 2919 τὴνχώραν
1673 2892 1698 2910 τ.
1716 2882 1807 2918 ἀπῴκ.
