2091 3208
184 175 237 203 857

789 174 950 204 PRIEPAR.
971 173 1097 203 EVANG.
1119 175 1181 202 LIB.
1203 175 1238 203 Χ.

1750 179 1802 208 838

184 235 233 263 τοῦ
252 243 433 271 προκειμενου
459 234 605 268 σύστασιν;
629 234 778 271 Προῦκειτο
796 235 825 262 δὲ
848 235 914 271 ἡμῖν
937 234 968 261 τὰ

1023 234 1220 262 malevolentiae
1243 234 1380 266 tenacior,
1409 235 1453 262 cui
1484 243 1539 263 non
1562 236 1694 265 hactenus
1719 237 1801 266 allata

184 282 306 314 Μωσέως
329 283 375 308 καὶ
389 281 443 308 τῶν
473 282 620 318 προσητῶν
635 282 787 318 παλαίτερα
801 282 855 308 τῶν
877 282 985 317 Ἐλλη-.

185 329 267 357 νικῶν
279 328 428 361 ἀποδεῖξαι.
447 329 554 364 Ἐπειδὴ
571 329 659 355 τοίνυν
672 329 726 364 (20)
743 329 840 364 μακρῷ
854 328 970 364 πρόσθεν

185 376 240 403 τῶν
261 375 391 411 Τρωῖκῶν
414 375 514 410 Μωσῆς
530 374 663 409 ’γεγονὼς
686 375 884 406 ἀποδέδεικται,
909 374 969 410 φέρ’

187 422 285 457 ἴδωμεν
301 421 348 448 καλ⁸
363 421 425 452 τοὺς
443 422 501 456 μετ’
516 421 597 447 αὐτὸν
626 421 757 452 ἅπαντας.
776 421 878 456 Μωσῆς
891 420 912 447 δ’
929 421 969 447 ὅτι

186 476 239 494 τωδ
259 467 324 503 πρὶν
344 467 451 502 ἀληθῶς
473 467 603 502 Ἐϐραίων
621 467 704 502 Ἔϐερ
720 476 748 493 τε
765 467 812 493 καὶ
833 466 967 502 Ἀϐραὰμ,

185 515 231 549 ἀφ’
243 511 281 541 ὧν
297 515 344 541 καλ⁷
357 514 386 540 τὸ
404 514 567 550 παρώνυμον
582 514 638 545 τοῖς
653 514 780 549 ἀνδράσιν
793 513 967 545 ἐπιτέθειται,

184 560 237 587 τῶν
249 569 278 586 τε
291 559 391 586 λοιπῶν
406 559 535 594 θεοφιλῶν
547 568 575 586 τε
586 560 632 585 καὶ
643 559 763 586 παλαιῶν
775 560 878 595 ἀνδρῶν
889 559 969 586 ὕστα-

182 615 228 638 τος
238 608 293 638 τοῖς
303 607 407 642 χρόνοις
419 607 562 642 παρεφάνη
573 606 612 641 τῷ
623 606 683 641 βίῳ,
697 606 773 641 δῆλον
786 606 839 632 ἀπὸ
849 607 896 642 τῆς
907 608 967 633 κατ’

182 653 263 679 αὑτὸν
272 653 390 687 ἱστορίας
400 653 536 687 τυγχάνει.
552 652 629 678 Μετὰ
641 652 835 679 Μωσὲατοίνυν
848 652 966 687 προέστη

182 697 227 724 τοῦ
241 697 376 724 Ἰουδαίων
388 697 480 728 rem;
498 697 610 732 Ἰησοῦς,
625 697 663 729 ὥς
677 706 758 730 τινες,
772 697 843 724 ἔτεσι
855 697 886 724 λ’.
898 695 964 730 Εἴθ’,

181 742 219 774 ὦς
231 743 337 778 φησινή
353 742 457 778 Γραφὴ,
471 742 623 778 ἐκράτησαν
635 742 775 776 ἀλλόφυλοι
787 742 874 769 ἔτεσιν
884 743 964 769 ὀκτώ·

183 790 278 816 ἔπειτα
291 789 417 824 Γοθονιὴλ
431 789 501 815 ἔτεσι
519 789 696 823 πεντήκοντα*
721 789 780 824 μεθ’
798 788 828 815 ὃν
847 788 964 823 Ἐγλὼμ,

184 832 308 868 βασιλεὺς
321 833 417 865 Μωὰϐ,
428 833 473 868 ἔτη
490 837 532 868 tn"
549 833 607 868 μεθ’
621 833 650 859 ὃν
669 833 745 859 ‘At‘u6‘
757 833 803 869 ἔτη
816 837 853 860 π’·
867 833 925 868 μεθ’
937 834 965 860 ὃν

181 877 262 904 πάλιν
272 878 414 912 ἀλλόφυλοι
423 878 469 913 ἔτη
479 881 512 904 κ’·
523 878 569 904 ἐπε
575 887 617 905 ιτα
627 878 738 913 Δεϐώρα
749 878 795 904 καὶ
804 878 907 914 Βαρὰκ,
917 878 964 914 ἔτη
984 905 1003 931 Β

182 926 222 960 μ’”
236 923 331 951 ἔπειτα
341 923 502 958 Μαδιηναῖοι
515 923 561 959 ἔτη
573 923 595 955 ζ’
607 931 613 938 ·
636 923 731 950 ἔπειτα
745 923 846 949 Γεδεὼν
862 923 908 958 ἐτη
922 926 947 959 μ’
957 931 963 938 ·

187 969 330 1005 ’Δειμέλεχ
342 969 388 1005 ἐτη
403 972 426 1004 γ’
436 977 442 984 ·
460 969 539 995 Θωλὰ
553 972 594 1003 κγ’
605 977 612 983 ·
630 969 711 1004 Ἰαεὶρ
723 968 779 1002 κβ’·
804 969 964 1004 ’Λμμανϊται

181 1020 232 1052 ιη’·
252 1016 357 1051 Ἰεφθάε
374 1015 422 1051 ἐτη
438 1018 463 1048 ς’
474 1024 481 1031 ο
503 1014 605 1041 Ἐσϐὼν
621 1015 668 1050 ἔτη
685 1014 705 1047 ζ’
716 1023 723 1030 ο
746 1015 852 1041 Δίαλὼν
871 1014 919 1049 ἔτη
933 1018 963 1041 ι’·

180 1061 292 1089 Λαὸδὼν
303 1061 350 1098 ἔτη
369 1065 408 1097 η”
433 1061 573 1096 ἀλλόφυλοι
595 1061 642 1096 ἕτη
658 1064 697 1096 μ’·
722 1060 839 1096 Σαμψὼν
863 1060 910 1096 ἔτη
922 1063 962 1087 κ’·

181 1108 275 1134 ἔπειτα
290 1106 365 1133 Ἠλεὶ
382 1107 480 1142 ἱερεὺς,
500 1106 537 1138 ὡς
557 1106 587 1132 τὸ
607 1105 758 1141 'EGpa'ixbv,
778 1105 824 1142 ἔτη
847 1109 884 1142 μ’·
902 1106 966 1141 περὶ

180 1153 210 1180 ὃν
222 1152 365 1188 συμϐαίνει
377 1152 426 1189 τὴν
441 1151 517 1178 Ἰλίου
531 1152 666 1187 καταντᾷν
677 1151 776 1178 ἅλωσιν
785 1160 792 1166 ·
809 1151 879 1187 μετὰ
892 1152 965 1178 Ἠλεὶ

180 1199 227 1226 τὸν
238 1198 312 1235 ἱερέα
325 1199 432 1235 ἡγεῖται
444 1198 490 1224 τοῦ
505 1198 569 1224 λαοῦ
584 1198 710 1233 Σαμουὴλ
720 1207 726 1213 ·
745 1198 803 1233 μεθ’
816 1198 845 1224 ὃν
858 1197 964 1234 πρῶτος

181 1245 271 1273 αὐτῶν
282 1244 418 1280 βασιλεύει
426 1245 510 1271 Σαοὺλ
518 1244 588 1270 ἔτεσι
602 1248 637 1279 μ”
647 1244 914 1275 ἕπειταΔαῦὶδέτεσι
926 1247 962 1279 μ’·

181 1291 276 1318 ἔπειτα
296 1290 420 1325 Σολομὼν
434 1290 505 1316 ἔτεσι
517 1293 552 1325 μ’·
566 1290 595 1321 ὃς
611 1291 656 1316 καὶ
674 1290 718 1316 τὸν
728 1291 757 1316 ἐν
771 1289 964 1325 Ἰεροσολύμοις

181 1336 246 1363 ναὸν
263 1336 387 1372 ἐδείματο
405 1336 519 1371 πρῶτος.
530 1335 606 1362 Μετὰ
622 1335 650 1362 δὲ
664 1334 807 1370 Σολομῶνα
828 1334 963 1370 βασιλεύει

187 1381 305 1418 Ῥοῗοὰμ
317 1381 363 1418 ἐτη
375 1382 405 1414 ιζ’
414 1390 420 1396 ⁸
431 1381 506 1408 Ἀὂιὰ
514 1381 561 1415 ἔτη
567 1384 591 1415 γ’
601 1389 607 1395 ·
617 1381 685 1407 "Aea
699 1380 746 1415 ἔτη
760 1383 804 1416 μα’
815 1389 821 1395 ·
831 1379 962 1414 Ἰωσαφὰθ

181 1427 229 1463 Ξτη
243 1430 282 1454 κε’
292 1436 298 1442 ·
308 1427 408 1463 Ἰωρὰμ
420 1427 466 1461 ἔτη
481 1429 518 1462 η’·
534 1426 654 1462 Ὀχοζίας
665 1426 724 1458 ἔτος
739 1429 763 1453 α’
774 1435 780 1441 ·
794 1426 904 1453 Γοϐολιὰ
916 1427 962 1461 ἐτη

181 1475 203 1507 ζ’
214 1482 221 1488 ·
237 1473 311 1505 ’ἰωὰς
327 1473 375 1508 ἐτη
393 1476 435 1508 μ’·
456 1473 587 1507 Ἀμασίας
600 1472 646 1508 ἔτη
663 1472 714 1507 pte"
736 1472 825 1504 Ὀζίας
845 1472 890 1507 ἔτη
907 1471 962 1506 νβ’·

181 1518 242 1547 καθ’
270 1519 299 1546 ὃν
322 1517 537 1555 προφητεύουσιν
569 1518 665 1553 Ὠσηὲ,
695 1518 802 1554 Ἀμώς,
833 1518 961 1550 Ἡσαΐας,

1022 280 1273 315 sullieiant,quibus
1288 285 1342 307 tam
1365 281 1437 307 varia
1454 284 1564 316 tamque
1581 283 1722 318 multiplex
1740 291 1801 311 sus-

1020 327 1089 360 copti
1112 325 1262 356 argumenti
1285 325 1411 359 probatio
1433 326 1607 354 continetur?
1631 326 1659 354 Si
1690 328 1800 362 quidem

1021 372 1047 398 id
1067 371 1225 406 agebamus,
1251 377 1280 398 ut
1301 370 1385 398 Musis
1412 372 1659 408 proplietarumque
1679 378 1801 409 tempora

1021 416 1178 443 Graecorum
1196 416 1277 443 rebus
1293 416 1447 451 antiquiora
1464 425 1525 444 esse
1540 418 1800 448 demonstraremus.

1019 461 1096 489 Nunc
1109 462 1200 497 igitur,
1224 462 1352 496 quoniam
1368 463 1492 489 eumdem
1517 463 1619 492 Mosem
1638 465 1718 500 longe
1737 470 1801 492 ante

1019 508 1167 544 Trojanum
1194 508 1295 535 bellum
1321 508 1446 536 ﬂoruisse
1470 510 1658 543 ostendimus,
1682 518 1730 546 age
1753 513 1800 547 qui

1019 559 1079 589 post
1108 563 1171 582 cum
1193 555 1278 582 seculi
1300 559 1380 587 sunt,
1406 556 1525 591 reliquos
1546 557 1628 584 etiam
1650 565 1744 585 omnes
1760 558 1801 584 vi-

998 600 1141 627 -deatnus.
1166 599 1271 635 Quippe
1290 600 1390 628 Mosem
1412 602 1484 628 enim
1507 602 1578 629 veris
1602 602 1655 629 illis
1674 601 1800 630 Hebraeo-

1019 653 1078 672 rum
1097 646 1266 680 principibus
1285 646 1389 674 Hebcre
1403 651 1484 682 atque
1499 648 1664 681 Abrahamo,
1684 649 1730 683 qui
1749 649 1800 676 hoc

1019 692 1140 719 nominis
1161 692 1254 727 generi
1280 692 1413 719 dederunt
1441 701 1510 726 suo;
1537 702 1587 721 nec
1606 694 1658 721 illis
1676 700 1797 728 tantum,

1017 738 1063 764 sed
1084 739 1165 765 etiam
1184 738 1245 765 aliis
1264 739 1391 766 omnibus
1415 739 1453 765 uti
1480 739 1536 766 Deo
1559 740 1738 773 cliarissimis,
1758 742 1795 769 ita

1017 784 1096 819 longe
1109 784 1312 817 vetustissimis,
1333 785 1470 819 juniorem
1487 793 1519 812 ac
1532 787 1706 820 posteriorem
1731 787 1798 814 fuis-

1017 838 1062 862 Se,
1085 831 1126 857 vel
1143 838 1176 857 ex
1200 831 1316 866 ipsamet
1335 830 1395 865 ejus
1412 831 1526 858 historia
1547 832 1728 859 clarissimum
1745 838 1795 861 est.
1840 830 1843 833 ’

1016 877 1123 905 Primus
1148 885 1213 913 ergo
1237 883 1297 913 post
1324 878 1424 904 Mosem
1449 877 1571 905 Iudaica:
1593 878 1665 912 genti
1689 878 1799 913 praefuit

1016 923 1106 955 Jesus,
1124 925 1203 950 anuis
1220 929 1249 950 ut
1270 924 1409 950 nonnullis
1427 924 1525 958 placet,
1544 924 1665 958 triginta.
1686 924 1798 957 Deinde,

1016 974 1045 997 ut
1070 969 1209 1004 Scriptura
1232 974 1363 1002 testatur,
1385 969 1471 996 eidem
1492 970 1649 1005 alienigenae
1670 974 1732 997 octo
1753 969 1800 997 do-

1017 1016 1111 1042 minati
1131 1021 1204 1042 sunt.
1228 1014 1296 1042 Tum
1315 1015 1460 1042 Gotltoniel
1484 1016 1563 1042 annis
1588 1015 1796 1050 quinquaginta.

1016 1061 1080 1088 Post
1093 1061 1166 1088 hunc
1180 1060 1274 1096 Eglom
1292 1069 1337 1088 rex
1352 1060 1441 1092 Moab,
1459 1061 1538 1087 annis
1553 1061 1714 1088 octodecim.
1727 1060 1796 1087 Tum

1015 1107 1083 1140 Aod,
1109 1108 1189 1135 annis
1211 1107 1368 1142 octoginta:
1392 1111 1454 1142 post
1477 1114 1557 1141 quem
1580 1107 1678 1134 iterum
1701 1107 1798 1134 alieni-

1015 1160 1090 1187 gena:
1107 1153 1187 1180 annis
1208 1153 1314 1188 viginti.
1341 1152 1442 1180 Deinde
1455 1152 1621 1187 praefuerunt
1639 1152 1744 1179 Debora
1763 1152 1798 1180 si-

1016 1198 1071 1225 mul
1088 1203 1115 1225 et
1139 1198 1223 1226 Barac
1244 1199 1323 1226 annis
1346 1198 1536 1233 quadraginta.
1553 1198 1632 1234 503
1657 1198 1725 1226 Tum
1745 1198 1799 1225 Ma-

1015 1243 1125 1270 dianiue
1141 1243 1221 1270 annis
1244 1248 1356 1277 septem.
1378 1243 1474 1270 Postea
1492 1243 1601 1271 Gedeon
1626 1244 1706 1271 annis
1729 1251 1798 1279 qua-

1015 1290 1160 1324 draginta:
1178 1289 1334 1317 Abimelech
1354 1290 1433 1317 annis
1446 1290 1543 1323 tribus,
1561 1288 1647 1316 Tllola
1664 1290 1750 1317 tribus
1770 1294 1797 1317 et

1014 1336 1130 1371 viginti,
1156 1335 1213 1362 Jair
1233 1335 1341 1363 duobus
1364 1341 1390 1363 et
1410 1336 1516 1370 viginti,
1543 1335 1705 1362 Ammanitae
1721 1341 1797 1363 octo-

1014 1382 1118 1413 decim.
1144 1381 1260 1416 Jeplttbe
1283 1389 1348 1413 sex,
1371 1381 1460 1409 Esbon
1482 1385 1602 1416 septem,
1628 1381 1724 1408 Aialon
1750 1381 1798 1409 dc-

1015 1434 1084 1458 cem,
1101 1426 1211 1454 Labdon
1230 1431 1302 1458 octo,
1321 1426 1486 1461 Alienigena;
1505 1426 1695 1461 quadraginta,
1714 1425 1795 1453 Sam-

1015 1480 1064 1499 son
1089 1472 1202 1509 viginti;
1223 1478 1279 1500 tum
1305 1472 1362 1500 Hcli
1383 1472 1521 1505 sacerdos,
1544 1476 1574 1499 ut
1595 1471 1732 1499 Hebraicae
1755 1472 1796 1499 lit-

1016 1523 1080 1546 terte
1095 1519 1174 1546 ﬁdem
1191 1519 1304 1551 faciunt,
1322 1518 1401 1546 annis
1417 1517 1595 1553 quadraginta
1609 1525 1616 1544 :
1633 1517 1712 1552 cujus
1727 1521 1794 1545 tum-

187 1566 288 1597 Ἰωνᾶς.
302 1565 381 1592 Μετὰ
396 1565 424 1591 δὲ
448 1565 537 1596 Ὀζίαν
555 1560 689 1599 βασιλεύει
709 1564 826 1600 Ἰωέιθαμ
841 1564 887 1599 ἔτη
908 1568 961 1597 Lg“

1014 1573 1079 1601 pore
1095 1570 1203 1601 captum
1227 1570 1267 1593 est
1289 1565 1378 1592 ilium.
1398 1564 1463 1592 Post
1477 1563 1535 1591 Heli
1551 1565 1730 1596 sacerdotem,
1745 1571 1794 1599 po-

181 1610 242 1647 μεο“
257 1611 286 1638 ὃν
301 1611 388 1646 ’Δχαζ
400 1611 446 1646 ἔτη
463 1614 509 1642 ις’.
524 1610 601 1636 Κατὰ
612 1610 705 1637 τοῦτον
720 1611 736 1646 ἡ
750 1610 843 1646 πρώτη
864 1610 962 1645 Ὀλυμ-

179 1657 244 1690 πιὰς
257 1657 326 1693 ἢχθη
337 1677 345 1690 ,
360 1657 393 1693 ἣν
414 1657 490 1683 ἐνίκα
506 1656 610 1683 στάδιον
628 1656 747 1692 Κόροεος
770 1656 881 1688 Ἠλεῖος.
899 1657 962 1684 Δια-

179 1705 286 1742 ὗέχεται
305 1704 332 1731 δὲ
347 1704 392 1730 τὸν
418 1703 507 1739 Ἃχαζ
533 1703 656 1736 Ἑζεκίας
681 1703 751 1729 ἔτεσι
773 1702 830 1729 κο’·
852 1702 913 1729 καθ’
933 1703 962 1729 ὃν

185 1750 323 1787 Ῥωμύλος
343 1750 451 1786 Ῥώμην
468 1750 574 1781 ἔκτισε,
590 1749 636 1775 καὶ
651 1749 817 1776 ἐϐασίλευσε.
836 1748 912 1775 Μετὰ
934 1749 962 1775 δὲ

185 1797 310 1830 Ἑζεκίαν
324 1796 460 1832 βασιλεύει
473 1796 620 1830 Μανασσῆς
635 1795 681 1831 ἐτη
693 1798 743 1821 νε¹·
763 1795 855 1821 ἔπειτα
873 1795 963 1830 Ἀμὼν

177 1842 226 1879 ἐτη
245 1841 282 1877 β’·
299 1841 392 1868 ἔπειτα
409 1840 512 1872 Ἰωσίας
527 1840 573 1876 ἐτη
588 1840 641 1866 λα’·
658 1839 718 1867 καθ’
732 1839 761 1866 ὅν
777 1839 962 1875 προφητεύου-

179 1897 222 1916 σιν
240 1888 384 1924 Ἱερεμίας,
400 1887 518 1923 Βαροὺχ,
537 1887 625 1917 ’ολδΞ,
641 1886 688 1912 καὶ
711 1886 785 1913 ἄλλοι
805 1886 961 1921 προφῆται·

177 1935 274 1962 ἔπειτα
293 1934 407 1969 Ἰωάχαζ
421 1934 507 1969 μῆνας
520 1937 543 1967 γ’
553 1941 559 1948 ·
584 1932 642 1968 μείν
658 1932 688 1959 ὃν
704 1933 831 1967 ’Ῑωακεὶμ
846 1931 892 1967 ἐτη
910 1935 944 1958 ια’
954 1940 960 1946 ·

180 1983 240 2019 μεθ’
252 1983 282 2009 ὃν
299 1982 406 2009 πάντων
422 1981 534 2012 ὕστατος
548 1980 672 2012 Σεδεκίας
689 1979 735 2014 ἔτη
755 1978 797 2005 ιε’.
813 1978 890 2004 Κατὰ
904 1978 964 2004 τοῦ-

177 2036 224 2054 τον
240 2026 464 2063 πολιορκηθείσης
481 2026 529 2061 τῆς
546 2025 722 2061 Ἰερουσαλὴμ
735 2024 787 2050 ὑπὸ
804 2023 961 2058 Ἀσσυρίων,

178 2073 227 2100 καὶ
253 2072 300 2100 τοῦ
327 2072 400 2109 ἱεροῦ
429 2072 592 2107 ὲμπρησμδν
620 2071 831 2106 ὑπομείναντος,
854 2070 885 2096 τὸ
910 2070 963 2096 πᾶν

184 2118 318 2146 Ἰουδαίων
332 2118 406 2151 ἔθνος
423 2118 558 2152 ἀπάγεται
574 2118 613 2149 εἰς
627 2116 783 2144 Βαϐυλῶνα.
795 2115 963 2151 ΙΙροφητεύει

177 2167 207 2194 δὲ
221 2165 315 2194 αὐτόθι
334 2164 432 2200 Δανιὴλ
453 2165 500 2191 καὶ
518 2163 652 2198 Ἑζεκιήλ.
670 2162 747 2189 Μετὰ
768 2162 796 2188 δὲ
817 2161 884 2187 ἐτῶν
904 2161 964 2196 ἀρι-

179 2212 249 2248 θμὸν
261 2215 282 2239 ο¹
296 2212 310 2238 ό
325 2210 416 2247 Κῦρος
431 2209 565 2246 βασιλεύει
582 2207 704 2243 Περσῶν,
717 2207 745 2239 ὃς
762 2207 808 2233 καὶ
822 2206 902 2240 ἐνῆκε
913 2205 962 2241 τὴν

1012 1612 1078 1647 pulo
1103 1612 1213 1639 Samuel
1236 1611 1389 1646 imperavit.
1413 1609 1490 1638 Hunc
1514 1609 1579 1637 Saul
1603 1618 1649 1637 rex
1672 1611 1794 1637 omnium

1013 1659 1119 1693 primus
1142 1658 1266 1693 excepit,
1294 1656 1470 1692 regnaritque
1502 1656 1582 1683 annis
1605 1656 1794 1691 quadraginta.

1013 1704 1082 1731 Tum
1099 1704 1183 1731 David
1200 1703 1279 1730 anuis
1302 1702 1429 1730 totidem:
1446 1701 1507 1729 inde
1525 1701 1651 1728 Salomon
1671 1701 1794 1732 totidem,

1012 1751 1060 1786 qui
1079 1751 1185 1786 primus
1205 1748 1479 1785 Hierosolymitanum
1502 1738 1631 1782 templum
1651 1747 1794 1774 exstruxit.

1013 1797 1078 1824 Post
1114 1796 1306 1828 Salomonem,
1333 1795 1453 1822 ltoboam
1479 1794 1559 1820 annis
1587 1793 1794 1828 septemdecim,

1013 1842 1081 1868 Abia
1111 1841 1190 1868 annis
1217 1841 1314 1873 tribus,
1340 1840 1392 1868 Asa
1418 1847 1472 1867 uno
1495 1843 1522 1866 et
1539 1838 1729 1873 quadraginta,
1752 1837 1796 1864 .Io.

1013 1888 1111 1923 saphat
1141 1887 1236 1922 viginti
1266 1887 1403 1921 quinque,
1443 1885 1534 1913 Joram
1558 1889 1636 1917 octo,
1662 1883 1794 1911 Ochosias

1012 1939 1086 1960 anno
1111 1931 1244 1959 duntaxat
1272 1939 1337 1960 uno,
1358 1929 1483 1957 Gntltolia
1503 1933 1616 1963 septem,
1638 1927 1702 1955 Joas
1724 1936 1792 1962 qua-

1012 1978 1146 2013 draginta,
1162 1977 1289 2004 Amasias
1306 1984 1359 2010 qua
1371 1976 1484 2010 lraginta
1505 1983 1612 2006 novem,
1626 1974 1706 2001 Ozias
1721 1973 1791 2001 duas

1012 2029 1039 2051 ct
1052 2023 1259 2058 quinquaginta,
1274 2022 1351 2056 cujus
1375 2025 1495 2056 tempore
1508 2020 1586 2053 Osee,
1599 2021 1692 2051 Amos,
1707 2019 1792 2047 lsaias

1012 2075 1040 2098 et
1060 2069 1143 2097 Jonas
1167 2069 1374 2103 prophetarum.
1393 2066 1457 2094 Pest
1476 2066 1568 2094 Oziam
1594 2065 1714 2101 reg-navit
1731 2065 1795 2092 Joa-

1014 2117 1088 2144 tham
1104 2115 1185 2142 annis
1206 2114 1335 2146 sedecim,
1360 2117 1416 2140 tum
1435 2112 1527 2140 Acltaz
1543 2112 1664 2139 totidem.
1680 2110 1739 2144 Quo
1754 2119 1794 2137 re-

1014 2165 1113 2197 gnante
1127 2160 1215 2195 prima
1231 2158 1364 2194 Olympias
1378 2157 1512 2185 celebrata
1535 2162 1585 2190 est,
1601 2156 1628 2183 in
1643 2163 1694 2190 qua
1709 2162 1792 2182 cursu
1833 2180 1836 2183 .

1014 2206 1079 2234 vicit
1106 2205 1231 2232 Corobus
1257 2204 1348 2232 Eleus.
1375 2203 1440 2231 Post
1466 2203 1557 2230 Achaz
1580 2201 1704 2237 regnavit
1725 2200 1792 2228 Eze-

179 2257 366 2294 αἰχμαλωσίαν
381 2257 434 2283 τῶν
456 2255 598 2286 Ἰουδαίων,
613 2254 760 2289 ἐπιτρέψας
773 2254 828 2284 τοῖς
843 2252 962 2279 Οέλουσιν

1015 2253 1091 2280 cbias
1113 2251 1192 2279 annis
1221 2250 1315 2286 viginti
1342 2257 1457 2277 novem:
1486 2248 1566 2283 cujus
1594 2252 1714 2282 tempore
1738 2245 1794 2273 Ro-

179 2303 269 2330 αῠτῶν
283 2303 452 2330 παλινοστεῖν
468 2301 514 2327 ἐπὶ
530 2301 578 2335 τὴν
592 2300 695 2326 οἰκείαν
708 2299 768 2334 γῆν,
786 2299 833 2325 καὶ
847 2298 876 2324 τὸ
891 2297 962 2332 ἱερὸν

178 2348 347 2385 ἀνεγείρειν·
368 2348 412 2374 ὅτε
433 2347 481 2374 καὶ
495 2347 597 2374 ἄνεισιν
614 2345 717 2381 Ἰησοῦς
736 2346 750 2371 ὁ
762 2344 807 2371 τοῦ
831 2344 961 2375 Ἰωσεδὲκ,

179 2395 228 2422 καὶ
240 2393 391 2430 Ζοροϐάϐελ
398 2394 412 2420 ό
421 2392 466 2419 τοῦ
476 2391 618 2425 Σαλαθιὴλ,
628 2390 838 2417 καταϐάλλονταε
849 2398 877 2416 τε
888 2389 964 2424 θεμε-

179 2439 254 2471 λίους
270 2438 493 2474 προφητευόντων
514 2435 615 2462 ὕστατα
637 2435 744 2461 πάντων
767 2434 904 2468 Ἀγγαίου,
918 2434 965 2460 καὶ

176 2484 316 2522 Ζαχαρίου
325 2484 371 2511 καὶ
378 2483 528 2519 Μαλαχίου,
537 2483 595 2517 μεθ’
601 2482 646 2513 οὓς
653 2481 744 2508 οὐκέτι
753 2481 893 2516 προφήτης
902 2480 966 2514 παρ’

179 2531 273 2563 αὐτοῖς
285 2530 470 2566 γέγονε.Κατὰ
477 2529 505 2556 δὲ
513 2528 604 2564 Κῦρον
611 2527 698 2554 Σόλων
708 2527 722 2552 ό
737 2526 873 2561 ’Λϐηναῖος
885 2526 967 2559 ἐγνω-

180 2578 281 2614 ρίζετο,
291 2577 338 2604 καὶ
348 2578 372 2604 οἱ
385 2576 529 2613 κληθέντες
537 2575 606 2602 ἑπτὰ
618 2574 694 2608 σοφοὶ
706 2573 769 2609 παρ’
778 2571 915 2607 Ἕλλησιν,
930 2567 967 2598 ὧν

179 2623 360 2659 παλαιότερος
371 2623 457 2654 οὐδεὶς
468 2623 532 2656 παρ’
543 2622 633 2652 αὐτοῖς
645 2619 788 2654 φιλόσοφος
802 2626 854 2653 μνη
859 2617 967 2653 μονεύε-

177 2678 236 2697 ται.
253 2669 362 2696 Τούτων
376 2668 407 2704 δὴ
417 2668 471 2695 τῶν
484 2667 553 2694 ἑπτὰ
569 2666 658 2700 Θαλῆς
672 2665 685 2691 ὁ
697 2663 840 2698 Μιλήσιος,
854 2662 966 2697 φυσικὸς

179 2714 290 2751 πρῶτος
308 2713 441 2749 Ἐλλήνων
454 2711 587 2747 γεγονὼς,
606 2711 669 2745 περὶ
690 2708 798 2744 τροπῶν
823 2707 895 2743 ἡλίου
921 2708 968 2734 καὶ

179 2761 339 2795 ἐκλείψεως,
364 2761 410 2787 καὶ
434 2757 581 2794 φωτισμῶν
603 2756 726 2791 σελήνης,
751 2753 797 2780 καὶ
824 2754 967 2789 ἰσημερίας

178 2806 326 2842 διειλέχθη.
348 2806 469 2841 Ἐγένετο
482 2805 504 2831 δ’
520 2805 535 2830 ὁ
556 2802 624 2838 ἁνὴρ
645 2801 844 2836 ἐπισημότατος
863 2801 892 2826 ἐν
912 2801 967 2831 τοῖς

1016 2300 1106 2327 mulus
1126 2303 1152 2326 et
1173 2297 1286 2325 Romam
1302 2296 1434 2327 condidit,
1454 2299 1481 2322 et
1497 2294 1629 2329 regnavit.
1647 2292 1712 2320 Post
1729 2292 1796 2319 Eze-

1016 2347 1106 2374 cliiam
1124 2345 1264 2372 Manasses
1286 2342 1367 2370 annis
1377 2341 1513 2377 oquinque
1537 2344 1564 2366 et
1586 2337 1794 2373 quinquaginta.

1016 2393 1118 2419 Deinde
1146 2391 1233 2418 Amon
1260 2390 1340 2417 annis
1360 2388 1485 2419 duobus,
1509 2386 1599 2414 Josias
1619 2391 1673 2411 uno
1696 2388 1723 2410 et
1744 2383 1789 2410 tri-

1015 2438 1100 2472 ginta,
1128 2436 1179 2463 sub
1207 2443 1261 2470 quo
1285 2433 1429 2464 Jeremias,
1460 2431 1575 2463 Baruch,
1604 2428 1670 2456 Olda
1697 2432 1724 2455 et
1748 2426 1794 2454 alii

1015 2483 1153 2517 propheta:
1174 2481 1332 2508 ﬂoruerunt.
1361 2478 1430 2505 Tum
1455 2476 1582 2507 Joachaz,
1599 2473 1738 2504 mensibus
1751 2473 1796 2499 tri-

1017 2527 1077 2558 bus,
1093 2525 1215 2553 Joachim
1233 2525 1313 2551 annis
1331 2523 1468 2555 undecim,
1483 2525 1510 2548 et
1530 2520 1657 2547 Sedecias
1672 2517 1794 2554 omnium

1016 2578 1171 2607 postremus
1195 2570 1350 2598 duodecim.
1376 2568 1434 2596 Sub
1463 2575 1497 2595 eo
1516 2570 1594 2601 capta
1625 2563 1793 2591 Hierusalem

1018 2617 1051 2643 ab
1066 2616 1196 2651 Assyriis,
1219 2615 1348 2648 templum
1372 2613 1524 2642 incensum,
1539 2610 1666 2637 universa
1687 2608 1792 2635 Judaao-

1015 2670 1076 2689 rum
1101 2661 1172 2688 natio
1189 2660 1351 2695 Babylonem
1370 2658 1497 2690 abducta,
1512 2656 1558 2683 ubi
1573 2654 1666 2682 Daniel
1687 2658 1714 2680 et
1726 2652 1794 2680 Eze—

1015 2708 1084 2734 cliiel
1108 2706 1314 2741 prophetarunt.
1335 2704 1401 2731 Post
1421 2710 1509 2730 annos
1525 2701 1588 2728 inde
1606 2698 1793 2734 septuaginta,

1016 2754 1102 2790 Cyrus
1115 2754 1207 2781 Persis
1222 2752 1375 2788 imperavit,
1395 2750 1557 2783 Judaeosque
1576 2747 1706 2775 servitute
1729 2745 1795 2772 libe-

1015 2800 1095 2832 ravit,
1112 2799 1250 2830 omnibus,
1274 2797 1430 2832 quicunque
1445 2794 1555 2826 vellent,
1571 2793 1597 2820 in
1614 2791 1730 2827 patriam
1752 2797 1794 2816 re-

217 2865 274 2899 (20)
297 2864 412 2897 Ἐπειδὴ
432 2863 544 2892 τοίνυν,
567 2865 619 2888 etc.
637 2859 762 2887 Clemens
785 2858 958 2885 Alcxandriu.

1011 2866 1026 2884 ν.
1045 2866 1053 2885 ι
1069 2857 1210 2888 Slromat.,
1230 2864 1290 2892 pag.
1313 2853 1374 2887 “257,
1397 2853 1460 2881 edit.
1487 2847 1659 2878 (iunco-Lat.
1683 2847 1744 2876 eod.
1767 2848 1795 2874 in

180 2908 205 2927 3⁵
213 2905 343 2935 gumento
358 2907 395 2925 Vt"
405 2904 489 2926 :ﬂlill‘.
