2091 3208
302 163 355 192 859

616 157 751 190 EUSEBll
768 161 1004 189 CESARlENSlS
1022 160 1097 189 OPP.
1117 159 1206 188 PARS
1225 159 1300 188 ll.-—
1313 159 1564 189 APOLOGETICA.

1859 160 1912 188 810

302 220 401 250 deundi
418 220 564 255 templique
581 220 748 248 instaurandi
763 225 896 255 potestate
917 220 1078 248 lacta.Cum
1093 222 1117 250 Δ

1093 222 1117 250 Α
1132 219 1252 255 Ἕλλησι.
1268 219 1355 247 Θαλοῦ
1369 220 1397 247 δὲ
1416 220 1520 254 γίνεται
1534 218 1669 254 ἀκουστὴς
1691 217 1908 255 ’Δναξίμανδρο;,

302 267 383 294 etiam
413 266 492 294 .lesus
521 265 664 297 Joscdcci,
690 271 717 293 et
747 265 897 293 Zorobahel
924 266 1079 293 Salathielis

302 312 376 340 ﬁlius
396 316 575 343 reverterunt,
596 313 713 346 novique
733 312 824 346 templi
846 311 1020 339 fundamenta
1037 319 1078 345 po-

303 362 426 390 suerunt,
446 365 500 392 quo
517 362 635 392 tempore
658 358 781 392 Aggzeus,
808 358 954 385 Zacharias
980 363 1006 385 et
1024 358 1080 385 Ma—

302 403 405 429 lachias
439 403 559 429 omnium
590 403 729 430 novissimi
754 404 969 438 prophetabant,
993 404 1079 430 nemi-

303 454 362 473 nem
391 447 463 473 enim
485 451 546 482 post
573 447 632 474 illos
655 447 739 474 Judaei
767 449 926 483 prophetam
949 449 1077 476 habuere.

300 492 360 519 Jam
387 492 457 528 Cyro
482 499 611 527 regnante
635 493 717 521 Solon
740 494 933 526 Atheniensis,
957 502 1080 529 quosque

302 541 403 571 septem
427 537 563 572 sapientes
589 537 675 566 Graeci
698 544 806 572 vocant,
831 539 957 572 ﬂoruere,
980 540 1079 574 quibus

302 592 368 611 sane
391 584 521 611 vetustior
541 585 611 619 apud
633 593 680 612 eos
702 585 883 620 philosophus
909 594 989 613 nemo
1008 586 1079 613 cele-

302 629 405 656 bratur.
423 629 461 656 Ex
480 629 513 656 iis
531 629 629 657 Thales
642 629 761 658 Milesius
774 631 899 665 princeps
921 632 990 658 inter
1005 631 1079 659 Cra:-

301 683 349 702 cos
371 675 404 702 de
425 675 507 702 rebus
527 676 696 703 naturalibus
714 676 900 710 philosophari
920 676 1011 711 coepit,
1030 678 1079 705 de-

293 725 355 756 ‘que
376 721 442 748 solis
456 721 692 754 conversionibus,
709 721 789 758 504,
807 722 931 757 lunaeque
954 731 1014 750 cum
1036 723 1080 750 de-

302 767 427 800 fectione,
446 772 501 795 tum
517 768 708 800 illustratione,
725 776 774 795 nec
796 776 849 795 non
868 769 901 796 de
917 770 1078 804 aequinoctio

279 814 460 849 'disputavit.
482 813 573 847 Quare
600 814 769 842 clarissimus
793 815 819 841 in
845 815 947 843 Graecia
973 824 1078 852 semper

302 859 410 887 habitus
436 863 488 886 est.
509 859 627 887 Thaletis
654 861 760 887 auditor
787 860 837 887 fuit
859 861 1077 895 Anaximander,

304 905 440 934 l‘raxiadae
462 905 543 936 ﬁlius.
567 913 666 941 genere
687 905 808 934 Milesius
832 907 888 941 ipSe
910 916 1028 943 quoque.
1054 908 1079 936 Is

302 950 424 977 omnium
442 950 547 985 primus
561 950 645 985 stylos
657 950 690 977 ad
707 951 905 985 dignoscendas
920 952 998 985 solis,
1013 957 1080 979 tem-

302 1004 409 1031 porum,
439 1000 640 1030 tempestatum,
665 1001 693 1023 et
713 997 868 1030 azquinoctii
890 999 1080 1026 conversiones

302 1041 459 1068 elaboravit.
483 1039 552 1067 Huic
569 1048 680 1075 operam
708 1041 783 1068 dedit
809 1041 992 1070 Anaximenes
1015 1043 1079 1070 item

303 1085 424 1113 Milesius
446 1085 598 1121 Eurystrati
615 1086 698 1117 ﬁlius.
719 1094 797 1119 quem
821 1088 923 1114 audivit
938 1088 1081 1123 Anatago-

304 1139 348 1158 ras
370 1131 573 1163 Clazomenius,
601 1130 755 1167 llcgesibuli
777 1133 859 1160 iilius.
880 1132 904 1161 ls
927 1134 960 1161 de
981 1135 1081 1168 princi-

304 1177 356 1210 piis
371 1177 498 1204 distincte
519 1177 625 1212 primus
639 1181 665 1204 et
688 1178 828 1205 enucleate
848 1178 1005 1213 disputavit.
1028 1179 1080 1206 Ne-

304 1230 357 1256 que
380 1223 451 1249 enim
479 1223 512 1249 de
543 1223 661 1250 universi
689 1227 793 1250 tantum
815 1228 923 1256 natura,
945 1225 984 1252 uti
1008 1225 1081 1259 prio-

305 1275 349 1294 res
375 1267 431 1298 illi.
456 1268 503 1294 scd
528 1268 610 1294 etiam
634 1268 668 1295 de
688 1269 747 1302 ipso
774 1273 864 1296 motus
886 1269 945 1304 ejus
971 1274 1081 1297 auctore

306 1310 511 1345 philosophatus
527 1315 578 1337 est.
591 1320 600 1336 ι
612 1312 680 1339 Cum
689 1312 761 1340 enim
778 1320 820 1340 res
845 1320 938 1341 omnes
949 1334 956 1346 ,
979 1314 1079 1348 inquit,

305 1355 426 1383 confusae
446 1356 529 1383 simu-1
546 1357 735 1391 permistaeque
750 1358 782 1384 ab
798 1358 874 1384 initio
889 1357 989 1390 forent,
1007 1359 1081 1386 Mens

306 1402 413 1437 penitus
429 1409 475 1429 eas
496 1409 648 1436 permeans,
670 1403 703 1429 ab
719 1403 763 1430 illa
776 1405 978 1438 perturbatione
994 1406 1020 1433 in
1038 1414 1082 1433 or-

305 1447 396 1475 dinem
413 1447 630 1482 elegantiamque
643 1447 797 1477 vindicavit.
805 1459 814 1475 ›
824 1451 990 1487 Anaxagora:
1001 1452 1084 1479 disci-

307 1493 361 1527 puli
383 1498 437 1521 tres
453 1493 537 1525 fuere,
555 1493 683 1525 Pericles,
698 1494 857 1528 Archelaus,
876 1501 903 1523 et
929 1496 1081 1532 Euripides.

307 1539 424 1566 Pericles
449 1547 501 1567 non
526 1539 732 1566 Atheniensium
751 1541 831 1567 modo
859 1541 936 1568 facile
959 1543 1082 1578 princeps

307 1585 367 1616 fuit,
386 1593 479 1611 verum
496 1584 576 1612 etiam
600 1584 719 1619 aequales
739 1592 804 1612 suos
824 1593 919 1612 omnes
940 1587 1039 1621 opibus
1052 1596 1084 1615 ac

307 1630 447 1658 nobilitate
472 1630 619 1665 superavit.
646 1629 786 1665 Euripides
807 1639 868 1658 cum
893 1632 924 1658 ad
951 1634 1083 1667 poeticam

307 1683 367 1703 sese
384 1676 557 1708 contulisset,
573 1668 697 1704 scenicos
717 1685 731 1704 a
755 1678 1085 1713 nonnulliszphilosophus

308 1727 418 1750 vocatus
429 1727 479 1749 est.
488 1722 638 1750 Archelaus
649 1724 764 1758 denique
773 1723 1085 1761 LampsaciAnaxagora:

308 1776 358 1794 suo
377 1769 403 1794 in
423 1768 486 1794 ludo
503 1769 645 1795 successit.
664 1768 729 1795 lnde
752 1777 813 1796 cum
835 1770 955 1797 Athenas
971 1772 1085 1806 migras-

308 1818 359 1844 set.
384 1813 491 1840 easdem
518 1813 553 1840 ibi
577 1814 690 1841 docendi
713 1819 802 1849 partes
825 1823 979 1850 munusque
1000 1818 1082 1844 susti-

309 1860 379 1891 nuit,
393 1863 420 1886 et
435 1860 652 1894 quamplurimos
670 1860 849 1888 Athenienses
870 1862 1027 1896 discipulos,
1046 1863 1087 1889 in-

308 1909 402 1940 terque
418 1910 531 1932 caeteros
552 1906 691 1933 Socratem
710 1906 813 1934 habuit.
835 1907 962 1942 Ejusdem
978 1909 1086 1935 Anaxa-

308 1959 380 1986 gorae
396 1957 525 1986 tempore,
542 1951 723 1987 Xenophanes
744 1958 770 1980 et
798 1953 964 1989 Pythagoras
981 1955 1085 1990 physici

308 1998 439 2024 ciaruere.
455 1997 494 2025 Ac
505 1997 661 2034 Pythagorae
676 1999 784 2033 quidem
798 1999 908 2027 Theano
921 2008 998 2031 uxor.
1014 2002 1087 2035 ejus-

308 2051 361 2077 que
371 2043 429 2074 hiii,
441 2042 573 2078 Telaugcs
583 2048 609 2071 et
620 2044 806 2077 Mnesarchus,
821 2051 1020 2073 successerunt.
1034 2047 1085 2073 Te-

310 2088 396 2123 laugis
409 2090 517 2116 auditor
534 2089 711 2124 Empedocles
734 2090 795 2122 fuit,
809 2091 888 2126 cujus
908 2096 986 2119 aetate
1002 2091 1086 2119 Hera-

310 2134 390 2161 clitus
412 2134 456 2161 ille
482 2135 668 2162 tenebricosus
693 2135 719 2162 in
749 2136 888 2162 hominum
914 2144 962 2164 ore
984 2138 1086 2164 versari

310 2181 401 2215 cmpit.
423 2179 582 2215 Xenophani
611 2188 675 2207 vero
704 2180 911 2214 Parmenidcm,
934 2181 1086 2210 Parmenidi

1096 898 1116 927 B

1096 1564 1120 1595 ο

1131 265 1282 300 Πραξιάδου
1295 266 1343 301 μὲν
1361 268 1434 298 παῖς,
1459 267 1536 300 γένος
1556 266 1584 292 δὲ
1600 265 1647 292 καὶ
1670 265 1749 296 αὐτὸς
1769 265 1897 300 Μιλήσιος

1131 310 1215 343 Οὗτος
1225 312 1331 347 πρῶτος
1344 312 1483 347 γνώμονας
1496 312 1678 339 κατεσκεύασε
1693 311 1760 346 πρὸς
1768 311 1910 346 διάγνωσιν

1131 358 1238 394 τροπῶν
1251 367 1280 385 τε
1300 358 1386 394 ἡλίου,
1403 359 1449 386 καὶ
1465 359 1577 394 χρόνων,
1590 359 1636 385 καὶ
1653 358 1741 394 ὡρῶν,
1754 359 1801 385 καὶ
1818 359 1897 394 ὶσημε

1133 404 1201 439 ρὶας.
1219 405 1426 440 Ἀναξιμάνδρου
1444 405 1472 431 δὲ
1491 404 1625 440 γνώριμος
1641 404 1748 438 ἐγένετο
1771 404 1896 439 ’Δναξιμέ

1131 458 1180 485 νης
1190 451 1389 486 Εὐρυστράτου,
1404 450 1543 485 Μιλήσιος·
1557 450 1650 476 τούτου
1659 451 1686 476 δὲ
1704 449 1884 486 Ἀναξαγόρας
1895 450 1909 473 ι’ι

1137 493 1340 529 Ἡγησιϐούλου,
1362 494 1553 530 Κλαζομένιος.
1568 491 1694 531 Οὗτος-δὴ
1715 495 1820 531 πρῶτος
1833 495 1895 531 διήρ

1132 539 1219 575 ορωσε
1236 540 1281 566 τὸν
1295 540 1358 576 περὶ
1368 540 1459 575 ἀρχῶν
1470 537 1612 574 λόγον.’οὺ
1630 540 1682 576 γὰρ
1695 542 1773 576 μόνον
1788 542 1850 577 περὶ
1861 543 1909 577 τῆ.

1131 586 1238 613 πάντων
1257 586 1349 618 οὐσίας
1361 587 1525 621 ἀπεφήνατο,
1534 586 1570 618 ὡς
1580 587 1604 613 oi
1617 588 1669 622 πρὸ
1683 587 1775 620 αὐτοῦ,
1785 587 1852 615 ἀλλὰ
1863 588 1906 615 καὶ

1132 632 1196 667 περὶ
1209 632 1255 658 τοῦ
1272 632 1407 664 κινοῦντος
1419 633 1503 666 αὐτὴν
1520 633 1615 659 αἰτίου.
1632 643 1641 659 ι
1658 631 1710 660 Ἦν
1722 634 1775 669 γὰρ
1795 634 1843 670 τὴν
1860 635 1902 671 ἀρ-

1131 677 1191 712 χὴν,
1204 687 1213 703 ι
1232 678 1307 712 φησὶ,
1328 687 1337 702 (
1350 677 1382 704 τὰ
1398 677 1547 712 πράγματα
1564 677 1629 713 ὁμοῦ
1653 679 1825 714 πεφυρμένα·
1839 679 1908 712 Νοῦς

1130 723 1152 748 δ’
1165 722 1301 754 εἰσελθὼν,
1319 721 1388 748 αὐτὰ
1402 722 1434 748 ὲκ
1451 723 1499 757 τῆς
1509 720 1620 754 ἀταξίας
1635 723 1673 754 είς
1685 723 1761 755 τάξιν
1776 724 1906 759 ήγαγεν.ι

1138 767 1315 803 Ἀναξαγόρου
1321 767 1348 793 δὲ
1357 767 1477 801 ἐγένοντο
1483 767 1565 803 γνώρι
1570 769 1700 802 μοιτρεῖς,
1708 768 1902 805 Περικλῆς,⁵Αρ

1131 814 1235 850 χέλαος,
1247 813 1404 849 Εὐριπίδης.
1414 813 1546 849 Περικλῆς
1562 813 1610 848 μὲν
1621 811 1666 840 οὖν
1674 813 1820 848 Ἀθηναίων
1834 814 1894 851 πρῶ
1902 830 1910 835 -

1130 871 1176 893 τος
1184 862 1353 896 ὲγένετο,καὶ
1361 860 1466 896 πλούτῳ
1472 861 1518 888 καὶ
1527 862 1598 895 γένει
1605 861 1658 887 τῶν
1667 861 1726 888 καθ’
1736 860 1838 888 ἑαυτῶν
1843 860 1910 895 (20⁸)

1131 908 1308 942 περιήνεγκεν
1316 907 1342 926 ι’
1359 906 1505 941 Εὐριπίδης
1516 906 1554 938 δὲ,
1567 907 1611 932 ἐπὶ
1622 906 1762 941 ποιητικὴν
1775 904 1893 941 μεταϐὰς
1902 924 1909 936 ,

1131 953 1183 979 ὑπό
1195 961 1276 979 τινων
1294 951 1421 987 σκηνικὸς
1445 952 1586 986 φιλόσοφος
1604 951 1703 987 ἐκλήθη
1715 960 1722 966 ”
1741 952 1755 978 ὁ
1767 951 1795 977 δὲ
1816 951 1911 986 Ἀρχὲ-

1130 998 1192 1030 λαος
1211 999 1239 1024 ὲν
1255 997 1397 1033 Λαμψάκῳ
1413 996 1546 1029 διεδέξατο
1560 996 1607 1031 τὴν
1622 996 1716 1031 σχολὴν
1728 995 1774 1022 τοῦ
1799 994 1910 1028 Ἀναξα-

1130 1044 1221 1079 γόρου.
1235 1043 1361 1075 Μεταόὰς
1380 1043 1401 1069 δ’
1424 1043 1464 1073 εἰς
1480 1042 1592 1077 Ἀθήνας
1618 1043 1676 1068 ἐκεῖ
1698 1041 1842 1076 ὲσχόλασε,
1864 1040 1911 1068 καὶ

1131 1088 1243 1119 πολλοὺς
1257 1088 1333 1122 ἔσχεν
1354 1086 1500 1121 Ἀθηναίων
1513 1086 1674 1121 γνωρίμους,
1693 1087 1720 1112 ὲν
1734 1084 1774 1117 οἶς
1789 1086 1835 1112 καὶ
1853 1085 1910 1111 Σω-

1130 1134 1244 1170 κράτην.
1268 1133 1346 1160 Κατὰ
1366 1132 1394 1159 δὲ
1414 1132 1459 1158 τὸν
1475 1131 1556 1158 αὑτὸν
1572 1131 1610 1166 τῷ
1629 1131 1793 1167 Ἀναξαγόρᾳ
1818 1131 1911 1166 χρόνον

1131 1181 1257 1215 ἠκμασαν
1278 1179 1371 1214 ἄνδρες
1388 1177 1505 1212 φυσικοὶ,
1524 1176 1677 1212 Ξενοφάνης
1701 1185 1731 1202 τε
1750 1176 1796 1203 καὶ
1818 1176 1910 1203 Πυθα-

1131 1227 1224 1262 γόρας.
1244 1226 1295 1252 Τὸν
1319 1225 1367 1260 μὲν
1383 1222 1429 1251 οὖν
1454 1223 1612 1259 Πυθαγόραν
1633 1222 1763 1255 διεδέξατο
1783 1222 1874 1249 Θεανὼ
1894 1224 1910 1257 ἡ

1131 1270 1208 1306 γυνὴ.
1230 1270 1256 1296 οἵ
1276 1279 1304 1296 τε
1328 1270 1379 1296 υἱοὶ
1401 1265 1494 1299 αὑτοῦ,
1511 1268 1653 1304 Τηλαυγὴς
1669 1268 1715 1294 καὶ
1739 1268 1908 1303 Μνήσαρχος.

1132 1314 1287 1351 Τηλαυγοῦς
1298 1314 1326 1340 δὲ
1347 1313 1526 1349 Ἐμπεδοκλῆς
1536 1313 1669 1347 ἀκουστὴς
1681 1312 1793 1347 γίνεται,
1809 1311 1869 1338 καθ’
1883 1311 1911 1337 ὃν

1138 1362 1310 1399 Ἡράκλειτος
1324 1362 1337 1387 ὀ
1355 1360 1489 1392 σκοτεινὸς
1505 1360 1674 1394 ὲγνωρίζετο.
1688 1359 1737 1386 Τὸν
1748 1359 1776 1385 δὲ
1795 1358 1911 1392 Ξενοφά-

1132 1416 1181 1443 νην
1196 1408 1303 1442 λέγεται
1317 1408 1330 1434 ὁ
1349 1406 1520 1442 Παρμενίδης
1536 1405 1721 1438 διαδέξασθαι,
1741 1403 1911 1440 Παρμενίδην

1132 1454 1160 1480 δὲ
1171 1453 1314 1485 Μέλισσος,
1332 1453 1463 1480 Μέλισσον
1482 1453 1573 1486 Ζήνων
1597 1452 1611 1478 ὁ
1631 1451 1769 1486 Ἑλεάτης”
1788 1451 1817 1477 ὃν
1829 1458 1910 1484 φασιν

1134 1498 1278 1534 ἐπιϐουλὴν
1302 1499 1371 1524 κατὰ
1400 1498 1446 1524 τοῦ
1471 1498 1532 1524 τότε
1559 1498 1688 1533 τυράννου
1712 1495 1911 1532 συστησάμενον

1134 1544 1246 1576 ἁλῶναι,
1263 1543 1471 1579 στρεϐλούμενον
1485 1543 1512 1570 δὲ
1533 1543 1582 1571 ὑπὸ
1596 1543 1642 1570 τοῦ
1669 1543 1799 1579 τυράννου
1810 1561 1817 1574 ,
1838 1542 1911 1574 ὅπως

1135 1591 1196 1622 τοὺς
1211 1591 1259 1617 σὺν
1278 1590 1351 1624 αὐτῷ
1371 1590 1529 1624 γενομένους
1547 1589 1644 1624 ἄνδρας
1667 1588 1866 1624 ἀπογράψηται,
1881 1588 1910 1615 οὗ

1135 1636 1348 1672 προσποιηθέντα
1369 1635 1417 1667 τὰς
1433 1635 1478 1662 τοῦ
1498 1636 1626 1671 τυράννου
1642 1635 1794 1679 τιμωρίας,
1818 1635 1912 1671 διαμα-

1137 1682 1289 1717 σησάμενον
1300 1681 1348 1716 τὴν
1358 1680 1481 1714 γλῶσσαν
1495 1679 1664 1714 προσπτύσαι
1676 1679 1759 1715 αὐτῷ,
1770 1680 1816 1706 καὶ
1829 1679 1913 1710 οὕτως

1136 1727 1372 1763 ἐγκαρτερήσαντα
1390 1728 1448 1758 ταῖς
1464 1726 1588 1761 βασάνοις
1601 1726 1753 1752 ἀποθανεῖν.
1771 1725 1869 1752 Τούτου
1885 1725 1913 1751 δὲ

1135 1773 1292 1804 Λεύκιππος
1314 1772 1446 1806 ἀκουστὴς
1468 1772 1579 1806 γέγονε,
1597 1772 1752 1798 Λευκίππου
1777 1771 1805 1798 δὲ
1824 1770 1913 1806 Δημό-

1136 1827 1237 1854 κριτος,
1251 1815 1281 1846 οὗ
1299 1818 1498 1854 Πρωταγόρας,
1511 1817 1570 1844 καθ’
1585 1817 1614 1843 ὃν
1632 1818 1740 1852 ῆκμασε
1757 1817 1912 1852 Σωκράτης.

1137 1864 1191 1890 Καὶ
1207 1863 1301 1894 ἄλλους
1319 1862 1346 1889 δὲ
1365 1863 1500 1898 σποράδην
1519 1862 1591 1889 ἐστιν
1608 1862 1696 1897 εὑρεῖν
1720 1862 1849 1896 φυσικοὺς
1870 1870 1913 1895 φι-

1136 1909 1263 1943 λοσόφους
1290 1908 1343 1944 πρὸ
1367 1908 1527 1945 Σωκράτους
1550 1910 1727 1943 γενομένους’
1750 1907 1818 1943 πλὴν
1847 1906 1915 1934 ἀλλὰ

1137 1955 1245 1987 πάντες,
1261 1954 1314 1981 ἀπὸ
1325 1954 1412 1981 Θαλοῦ
1429 1955 1585 1990 ἀρξάμενοι,
1596 1954 1748 1990 κατώτερον
1761 1953 1852 1990 Κύρου
1867 1952 1914 1979 τοῦ

1136 2000 1247 2035 Περσῶν
1263 1999 1392 2034 βασιλέως
1406 2001 1543 2035 φαίνονται
1558 2000 1719 2035 ἡκμακότες.
1738 1999 1767 2026 '0
1785 1999 1812 2026 δὲ
1824 1998 1915 2034 Κῦρος

1139 2047 1207 2082 μετὰ
1223 2047 1346 2073 πλεῖστον
1363 2049 1414 2082 τῆς
1436 2048 1475 2079 εἰς
1497 2047 1642 2074 Βαϐυλῶνα
1661 2046 1847 2082 αἰχμαλωσίας
1867 2045 1915 2072 τοῦ

1144 2091 1276 2118 Ἰουδαίων
1298 2091 1389 2123 ἔθνους
1403 2092 1480 2127 δῆλός
1494 2094 1551 2119 ἐστι
1564 2092 1691 2127 γεγονὼς,
1711 2091 1916 2119 διαλελοιπότων

1137 2137 1186 2173 ἤδη
1210 2137 1264 2163 τῶν
1285 2138 1348 2172 παρ’
1367 2137 1499 2173 Ἑϐραίοις
1526 2138 1670 2173 προφητῶν
1682 2157 1689 2168 ,
1716 2138 1762 2164 καὶ
1778 2137 1826 2172 τῆς
1842 2138 1916 2173 ἱερᾶς

1141 2182 1329 2218 μητροπόλεως
1343 2183 1431 2209 αὐτῶν
1448 2183 1697 2219 πεπολιορκημένης
1706 2191 1713 2198 ”
1726 2183 1795 2210 ὥστε
1810 2191 1839 2209 σε
1853 2182 1916 2218 cyrn

309 2226 465 2257 Mclissum,
489 2226 596 2253 Melisse
626 2226 761 2253 Zenonem
785 2226 904 2253 Eleatem
923 2228 1087 2255 successisse
1104 2229 1125 2256 ι)

1104 2229 1125 2256 D
1139 2228 1227 2263 λογεῖν
1244 2229 1310 2255 πολὺ
1329 2228 1448 2264 νεώτερα
1477 2229 1597 2261 Μωσέως
1615 2229 1662 2255 καὶ
1683 2228 1736 2255 τῶν
1756 2228 1815 2263 μετ’
1837 2227 1915 2255 αὐτὸν

311 2273 410 2300 lerunt.
430 2272 468 2300 De
482 2280 535 2307 quo
555 2271 663 2299 Zenone
685 2272 752 2299 illud
769 2272 849 2298 etiam
872 2277 1009 2305 narratur,
1024 2280 1085 2299 eum

311 2319 333 2346 is
351 2318 550 2353 conjurationis
567 2318 697 2345 adversus
715 2322 861 2355 tyrannum
884 2318 943 2351 ejus
958 2318 1087 2352 temporis

310 2365 384 2392 inita;
407 2365 534 2399 princeps
560 2368 708 2398 auctorque
734 2363 919 2397 deprehensus
944 2367 1033 2394 esset,
1054 2363 1087 2389 ab

310 2418 398 2445 eoque
419 2411 458 2437 uti
482 2410 588 2437 consilii
613 2410 704 2437 socios
728 2410 871 2441 indicaret,
899 2414 1087 2444 torqueretur,

311 2457 419 2492 tyranni
443 2456 582 2491 suppliciis
610 2461 737 2489 tanquam
766 2456 857 2482 minus
875 2455 908 2481 ad
928 2462 987 2482 sese
1010 2455 1089 2489 perti-

313 2502 438 2529 nentibus
467 2503 578 2529 omnino
600 2501 777 2535 contemptis,
804 2508 982 2535 praemansam
1002 2501 1089 2527 denti-

313 2548 365 2574 bus
386 2548 506 2583 linguam
534 2548 561 2574 in
579 2555 641 2574 eum
667 2547 818 2581 exspuissc,
835 2551 916 2580 atque
940 2546 975 2572 ita
993 2546 1089 2573 mediis

315 2594 341 2620 iu
357 2595 524 2621 cruciatibus
545 2593 797 2621 constantissimuin
824 2593 933 2620 obiisse.
962 2592 1088 2627 Ejusdem

314 2637 421 2664 auditor
436 2637 587 2672 Leucippus
608 2638 673 2670 fuit,
697 2637 825 2671 Leucippi
843 2636 1023 2670 Democritus,
1040 2636 1090 2664 De—

315 2683 421 2710 mocriti
450 2682 631 2717 Protagoras,
665 2683 743 2717 cujus
773 2687 850 2709 aetate
883 2681 1007 2710 Socrates
1038 2683 1089 2710 ﬂo-

316 2729 379 2756 ruit.
404 2728 438 2756 Ut
464 2729 537 2756 enim
568 2735 629 2757 ante
664 2730 801 2757 Socratem
825 2729 951 2764 physicos
974 2730 1090 2764 sparsim

317 2773 462 2800 nonnullos
493 2774 627 2807 reperias,
656 2781 750 2802 omnes
778 2779 867 2800 tamen
890 2782 952 2802 cum
983 2774 1090 2802 initium

352 2824 366 2838 ι
385 2826 433 2844 ms.
452 2818 592 2854 διήνεγκεν

352 2873 418 2909 (2οἻ
441 2872 581 2901 Ἐαυτῶιί
596 2873 665 2909 ιεὲθ
684 2874 787 2914 έαυτδντ
804 2875 880 2903 Ε¹¹¹τ·

1139 2273 1285 2309 προφητῶν
1307 2273 1341 2300 τὰ
1362 2274 1410 2309 τῆς
1435 2274 1565 2309 Ἐλλήνων
1590 2274 1728 2308 γεγονέναι
1750 2273 1914 2308 φιλοσοφίας.

1139 2319 1186 2345 καὶ
1202 2319 1318 2353 μάλιστα
1336 2319 1385 2355 τῆς
1408 2321 1476 2346 κατὰ
1496 2320 1624 2346 Πλάτωνα
1636 2340 1644 2352 ,
1665 2319 1693 2351 ὃς
1704 2341 1712 2352 ,
1735 2319 1869 2354 ἀκουστὴς
1883 2319 1917 2345 τὰ

1141 2366 1236 2401 πρῶτα
1249 2365 1392 2401 γενόμενος
1406 2366 1574 2401 Σωκράτους,
1593 2365 1709 2392 κᾶπειτα
1723 2366 1778 2396 τοῖς
1796 2364 1917 2398 Πυθαγο-

1142 2411 1223 2445 ρείοις
1235 2411 1375 2446 ὁμιλήσας,
1389 2411 1450 2442 τοὺς
1464 2411 1516 2445 πρὸ
1532 2410 1612 2437 αὑτοῦ
1626 2411 1727 2443 πάντας
1742 2411 1813 2446 λόγῳ
1825 2419 1855 2437 τε
1870 2411 1917 2438 καὶ

1142 2456 1256 2487 συνέσει,
1276 2457 1322 2483 καὶ
1341 2458 1396 2488 τοῖς
1415 2457 1443 2483 ἐν
1462 2456 1603 2492 φιλοσοφίᾳ
1617 2456 1746 2492 δόγμασιν
1770 2455 1918 2492 ὑπρηκόν-

1141 2509 1209 2526 τισε.
1225 2501 1320 2534 Γέγονε
1335 2500 1356 2526 δ’
1370 2501 1384 2526 ὁ
1398 2500 1511 2527 Πλάτων
1529 2500 1600 2535 ἀμφὶ
1615 2500 1649 2526 τὰ
1665 2500 1766 2527 ὕστατα
1783 2501 1833 2536 τῆς
1850 2500 1918 2536 Περ-

1143 2547 1197 2573 σῶν
1210 2546 1356 2581 βασιλείας,
1370 2546 1459 2582 μικρῷ
1475 2547 1569 2573 θᾶττον
1589 2546 1760 2582 Ἀλεξάνδρου
1770 2546 1817 2573 τοῦ
1828 2547 1918 2574 Μακε-

1141 2592 1226 2623 δόνος,
1239 2591 1390 2626 Αὐγούστου
1403 2592 1432 2618 δὲ
1443 2591 1489 2618 τοῦ
1501 2591 1633 2618 Σεὸαστοῦ
1649 2592 1680 2618 οὐ
1697 2591 1814 2627 πρόσθεν
1823 2591 1870 2627 ἐτη
1884 2595 1915 2618 ν’.

1143 2639 1174 2664 Εἰ
1194 2638 1225 2674 δή
1249 2646 1289 2664 σοι
1309 2638 1451 2674 τοιγαροῦν
1475 2639 1490 2664 ὀ
1516 2638 1636 2670 Πλάτων,
1663 2638 1690 2664 of
1705 2646 1735 2664 τε
1760 2638 1819 2673 μετ’
1839 2637 1918 2664 αὐτὸν

1143 2684 1270 2719 δειχθεῖεν
1291 2684 1324 2711 τὰ
1349 2684 1480 2719 σύμφωνα
1508 2683 1639 2719 Ἑϐραίοις
1658 2684 1917 2719 πεφιλοσοφηκότες.

1143 2728 1202 2764 ὥρα
1216 2731 1325 2755 σκοπεῖν
1335 2729 1380 2755 τὸν
1391 2729 1485 2765 χρόνον
1498 2729 1558 2755 καθ’
1569 2728 1598 2755 ὃν
1611 2726 1687 2761 οὗτος
1699 2728 1808 2764 γέγονε·
1825 2728 1878 2755 τῶν
1891 2728 1920 2755 δὲ

1145 2776 1208 2810 παρ’
1228 2775 1362 2807 Ἑϐραίοις
1376 2775 1506 2810 θεολόγων
1522 2784 1551 2806 τε
1569 2776 1616 2805 καὶ
1630 2776 1779 2813 προφητῶν
1796 2775 1845 2814 τὴν
1870 2783 1920 2803 πα-
