2091 3208
176 197 230 226 833

186 256 188 261 ’
439 253 638 281 ΚΕΦΑΛΑῙΟΝ
659 253 697 278 Α’.

176 312 227 346 Ὧς
240 312 257 346 ὴ
271 311 346 338 κατὰ
357 310 500 337 Πλάτωνα
516 310 680 344 φιλοσοφία
689 309 726 343 τῇ
737 309 800 346 καθ’
816 309 966 342 Ἑϐραίους

251 345 287 374 ἐν
299 347 360 379 τοῖς
372 345 618 380 ἀναγκαιοτάτοις
629 345 886 378 ἐπηκολούθησεν.

211 403 259 434 Εἰς
277 402 340 437 τρία
353 401 484 432 διελόντος
503 400 571 436 μέρη
591 400 637 426 τοῦ
653 399 795 432 Πλάτωνος
811 399 858 426 τὸν
878 399 967 426 πάντα

175 451 223 484 τῆς
241 448 400 484 φιλοσοφίας
419 447 507 482 λόγον,
525 448 566 478 είς
579 446 702 481 φυσικὸν,
719 446 824 480 ἠθικὸν,
840 446 964 480 λογικόν·

175 491 224 519 εἶτ’
247 490 281 519 αὖ
305 492 387 519 πάλιν
403 491 448 518 τὸν
478 491 592 525 φυσικὸν
616 490 770 526 διελομένου
800 490 840 522 εἷς
864 498 894 516 τε
916 490 966 525 τὴν

175 539 230 566 τῶν
258 539 397 574 αἰσθητῶν
425 538 557 574 θεωρίαν,
576 538 623 565 καὶ
647 538 696 573 τὴν
724 537 780 564 τῶν
813 537 966 572 ἀσωμάτων

175 585 355 621 κατανόησιν·
376 583 466 620 εὕροις
492 584 526 610 ἂν
547 584 596 610 καὶ
608 584 673 619 παρ’
698 583 832 619 Ἑϐραίοις
855 583 884 609 τὺ
906 591 966 618 τρι-

177 632 260 668 μερὲς
291 631 369 658 τοῦτο
398 631 448 665 τῆς
476 630 650 662 διδασκαλίας
676 628 760 662 εἶδος,
790 630 831 656 ὅτι
861 629 892 665 δὴ
920 629 967 656 καὶ

175 679 241 714 παρ’
258 678 349 708 αὐτοῖς
366 677 401 704 τὰ
415 677 504 712 ὅμοια.
522 676 638 711 πρόσθεν
652 671 677 711 ἣ’
689 675 819 702 Πλάτωνα
830 674 965 709 γενέσθαι,

175 723 400 758 πεφιλοσόφηται.
432 722 544 758 Πρῶτον
566 722 594 748 δὲ
605 721 659 748 τῶν
683 719 824 753 Πλάτωνος
851 720 966 748 ἀκοῦσαι

174 769 261 802 ἄξιον,
275 767 325 795 εἶθ’
340 768 411 795 οὕτω
424 768 471 795 καὶ
488 767 522 795 τὰ
534 767 666 803 Ἑϐραίων
678 768 872 802 ὲπισκοπῆσαι.
887 767 967 802 Θὴσω

173 815 203 841 δὲ
228 814 262 841 τὰ
285 815 435 850 ἀρέσκοντα
454 814 576 841 Πλάτωνι
601 814 655 841 ἀπὸ
673 813 727 841 τῶν
741 813 777 840 τὰ
801 813 882 839 αὑτοῦ
899 821 967 848 πρε-

176 860 337 894 σϐευόντων,
351 858 388 889 ὧν
407 861 539 893 Ἀττικὸς,
554 860 685 896 διαφανὴς
700 860 769 896 ἀνὴρ
785 859 839 886 τῶν
857 859 967 886 Πλατω-

174 906 259 934 νικῶν
275 906 498 942 φιλοσόφων,ὧδέ
514 916 552 942 πη
565 906 599 933 τὰ
613 906 742 933 δοκοῦντα
754 905 793 941 τῷ
809 905 886 941 ἀνδρὶ
899 905 967 937 διέξ-

174 961 253 985 εισιν,
268 953 297 980 ὲν
312 950 354 985 οἷς
369 953 475 980 ἵσταται
487 953 553 989 πρὸς
569 954 634 985 τοὺς
645 953 689 979 διὰ
699 952 752 979 τῶν
765 952 964 987 Ἀριστοτέλους

173 999 208 1026 τὰ
225 998 366 1030 Πλάτωνος
379 1000 621 1035 ὑπισχνουμένους.

779 192 940 235 ΡῆᾸὶΡΔῐῖ.
962 191 1087 220 EVANG.
1116 191 1178 219 LIB.
1201 190 1246 219 XI.

1753 193 1804 221 8J6

1331 250 1446 278 CAPUT
1464 250 1484 277 i.

1017 306 1140 333 Platonis
1154 306 1358 341 philosophiam,
1379 307 1407 332 in
1422 307 1456 333 iis
1479 315 1537 341 qua:
1555 315 1673 334 animum
1688 309 1799 336 maxime

1053 342 1200 368 necessaria
1212 347 1283 374 sunt,
1299 350 1358 368 cum
1372 342 1420 368 illa
1439 341 1610 369 Hebraeorum
1622 345 1767 371 convenire.

1052 399 1091 426 Ac
1107 399 1226 434 primum
1237 399 1360 434 quidem,
1374 406 1436 426 eum
1458 404 1513 426 tres
1529 400 1556 426 in
1577 404 1667 434 partes
1681 408 1696 427 a
1713 401 1804 428 Plato-

1017 453 1052 472 ne
1068 445 1195 472 universa
1217 445 1397 480 philosophite
1420 445 1492 472 ratio
1509 445 1658 479 dividatur,
1673 447 1700 473 in
1726 452 1804 474 natu-

1018 500 1088 524 ram,
1113 499 1216 524 meres,
1240 498 1273 519 ac
1286 491 1439 519 disserendi
1460 491 1535 518 vim:
1553 493 1650 520 deinde
1668 501 1732 528 pars
1757 494 1802 521 illa

1017 547 1125 571 rursus,
1138 547 1199 573 quae
1211 539 1244 565 de
1256 543 1353 566 natura
1363 538 1494 573 disputat,
1510 539 1537 566 in
1551 547 1657 573 eorum,
1667 547 1728 574 quae
1741 547 1804 567 sen-

1017 585 1094 612 sibus
1107 589 1284 620 usurpuutur,
1297 585 1486 612 tractationem
1496 589 1522 612 et
1532 589 1692 612 naturarum
1704 593 1803 620 corpo-

1017 631 1056 658 ris
1076 632 1228 665 expet-tium
1247 631 1453 666 intelligentiam
1470 632 1505 658 ab
1521 631 1615 658 eodem
1643 632 1779 658 tribuatur
1794 640 1802 659 :

1018 676 1088 711 apud
1114 676 1242 704 Hebrmos
1266 684 1376 712 quoque
1396 677 1562 711 tripartitum
1587 677 1651 704 illud
1672 677 1804 705 doctrina:

1018 730 1103 757 genus
1126 721 1268 756 reperias,
1296 721 1370 757 quod
1401 722 1530 749 nimirum
1556 727 1703 758 antequam
1726 723 1804 750 Plato

1018 773 1188 799 nasceretur,
1204 767 1294 795 aﬂinia
1314 775 1428 802 prorsus
1447 775 1479 795 ac
1498 769 1605 803 gemina
1626 769 1802 803 disputarint.

1017 815 1057 842 Ac
1077 814 1218 842 Platonem
1234 814 1342 849 quidem
1367 814 1456 849 ipsum
1480 814 1507 841 in
1526 815 1622 850 primis
1648 815 1803 848 audiamus,

1017 860 1099 896 509
1125 865 1154 887 ut
1179 859 1311 888 Hebraiea
1338 861 1467 896 dogmata
1489 861 1719 896 contemplemur.
1747 861 1803 890 Nos

1019 914 1084 934 vero
1107 906 1230 934 Platonis
1240 907 1331 933 hocin
1346 913 1445 941 genere
1458 907 1638 940 sententiam,
1658 915 1691 935 ex
1708 915 1804 936 eorum

1017 954 1065 988 qui
1081 953 1283 981 studiosissime
1299 953 1419 980 hominis
1430 953 1538 981 decreta
1551 953 1710 986 defendunt,
1725 962 1806 982 erue-

1017 1008 1090 1028 mus.
1105 999 1145 1027 Ex
1158 1000 1192 1028 iis
1204 1004 1295 1028 autem
1304 999 1423 1031 Atticus,
1435 1000 1477 1026 vir
1490 999 1647 1028 Platonicos
1659 1001 1730 1028 inter
1742 1002 1787 1036 phi
1796 1017 1804 1022 -

175 1044 304 1080 losophos
331 1045 520 1078 clarissimus,
557 1046 629 1072 hunc
654 1045 680 1072 in
698 1045 808 1072 modum
829 1049 946 1072 mentem
968 1045 1055 1080 ipsius
1079 1047 1287 1082 doctrinamque
1304 1046 1493 1081 prosequitur,
1519 1047 1566 1074 ubi
1588 1047 1723 1076 adversus
1745 1048 1806 1076 illos

175 1093 304 1130 disputat,
317 1094 365 1130 qui
376 1094 530 1124 Aristotelis
545 1095 669 1123 doctrina
685 1094 806 1122 Platonis
822 1101 882 1121 sese
899 1094 1100 1130 philosophiam
1112 1096 1179 1123 tueri
1196 1096 1368 1131 profitentur.
1402 1114 1405 1116 η

444 1139 642 1166 ΚΕΦΑΛΛΙΟΝ
659 1139 696 1167 Β’.

181 1185 315 1212 Ἀττικοῦ
330 1185 400 1219 Περὶ
417 1184 471 1212 τοῦ
487 1186 641 1221 τριμεροῦς
657 1185 710 1220 τῆς
726 1187 802 1214 κατὰ
821 1184 964 1212 Πλάτωνα

478 1222 669 1256 φιλοσοφίας.

215 1287 224 1303 ι
242 1277 328 1313 Τριχῆ
342 1277 432 1303 τοίνυν
450 1277 640 1312 διαιρουμένης
657 1278 705 1313 τῆς
721 1278 843 1310 ἐντελοῦς
857 1279 962 1314 φιλοσο-

175 1321 250 1356 φίας,
267 1321 307 1352 εἰς
323 1329 353 1347 τε
374 1321 419 1347 τὸν
436 1321 530 1356 ἠθικὸν
544 1321 710 1358 καλούμενον
722 1323 831 1359 τρόπον,
849 1325 897 1351 καὶ
917 1325 962 1352 τὸν

175 1366 300 1400 φυσικδν,
314 1367 359 1393 καὶ
382 1367 421 1393 ἔτι
443 1367 489 1394 τὸν
513 1367 637 1402 λογικόν·
655 1369 702 1396 καὶ
721 1370 767 1396 τοῦ
783 1371 832 1406 μὲν
855 1370 962 1407 πρώτου

174 1413 427 1444 κατασκευάζοντος
453 1413 530 1448 ἡμῶν
547 1413 661 1440 ἕκαστον
683 1415 764 1442 καλὸν
786 1416 833 1443 καὶ
850 1417 961 1451 ἀγαθὸν,

175 1457 223 1484 καὶ
237 1458 300 1490 τοὺς
318 1458 408 1491 οἴκους
422 1459 499 1491 ὅλους
513 1460 553 1492 είς
566 1460 597 1486 τὸ
614 1461 723 1496 ἄριστον
740 1462 963 1498 ὲπανορθοῦντος,

174 1504 226 1539 ἠδη
240 1504 268 1531 δὲ
285 1506 331 1532 καὶ
341 1505 427 1541 δῆμον
441 1506 585 1541 σύμπαντα
603 1507 725 1544 πολιτείᾳ
739 1510 772 1545 τῇ
786 1510 962 1547 διαφερούσῃ,

174 1551 223 1577 καὶ
241 1551 335 1586 νόμοις
349 1553 405 1584 τοῖς
420 1552 626 1588 ἀκριϐεστάτοις
640 1555 820 1590 κοσμοῦντος·
836 1556 883 1583 τοῦ
901 1557 963 1583 δευ-

1332 1141 1447 1169 CAPUT
1462 1141 1492 1169 ll.

1070 1187 1110 1214 De
1123 1188 1259 1222 tripartito
1273 1187 1395 1215 Platonis
1410 1188 1588 1223 philosophia,
1601 1196 1633 1215 ex
1651 1189 1752 1216 Attico.

1055 1287 1065 1303 ι
1083 1277 1151 1305 Cum
1161 1278 1255 1314 igitur,
1271 1279 1370 1314 inquit,
1385 1285 1442 1307 tres
1459 1279 1486 1306 in
1502 1284 1592 1314 partes
1602 1280 1706 1315 integra
1718 1279 1805 1314 perfe—

1015 1327 1113 1359 ctaque
1137 1324 1305 1359 philosophia
1331 1325 1476 1358 dividatur,
1504 1325 1555 1352 hoc
1576 1330 1619 1352 est
1638 1325 1665 1352 in
1686 1332 1806 1358 morum,

1017 1375 1131 1404 naturae,
1155 1371 1361 1406 disserendique
1375 1372 1546 1404 doctrinam;
1568 1379 1684 1406 quarum
1715 1371 1803 1406 prima

1017 1416 1063 1444 illa
1076 1424 1131 1444 non
1147 1417 1270 1452 singulos
1291 1418 1372 1445 modo
1390 1422 1512 1445 nostrum
1539 1417 1627 1444 bonos
1652 1425 1684 1444 ac
1703 1418 1804 1451 probos

1017 1463 1125 1496 alliciat,
1138 1471 1232 1490 verum
1247 1463 1330 1491 etiam
1356 1463 1473 1491 familias
1499 1463 1618 1498 integras
1631 1463 1664 1490 ad
1681 1463 1804 1490 castissi-

1016 1516 1089 1536 mam
1101 1509 1161 1536 vitae
1173 1510 1303 1536 rationem
1318 1509 1456 1538 informet.
1466 1509 1588 1543 adeoque
1602 1508 1730 1544 populum
1744 1509 1803 1535 uui-

1016 1561 1125 1582 versum
1142 1555 1284 1582 excellenti
1302 1555 1418 1589 quodam
1433 1555 1589 1590 reipublicae
1601 1562 1709 1589 genere,
1725 1558 1752 1581 et
1763 1562 1806 1581 ac-

173 1595 254 1633 τέρου
267 1597 295 1624 δὲ
309 1598 376 1633 πρὸς
391 1597 440 1633 τὴν
453 1607 485 1624 πε
491 1599 516 1634 pl.
530 1598 584 1626 τῶν
605 1599 685 1626 θείων
706 1601 805 1635 γνῶσιν
816 1602 964 1637 διήκοντος,

1017 1600 1200 1628 curatissimis
1210 1601 1313 1636 legibus
1327 1600 1468 1633 instituat;
1495 1601 1613 1628 secunda
1628 1607 1692 1627 vero
1711 1600 1744 1628 ad
1759 1608 1804 1627 re-

173 1641 265 1669 αὐτῶν
291 1652 322 1670 τε
346 1644 399 1670 τῶν
429 1644 553 1680 πρώτων,
577 1647 625 1673 καὶ
647 1646 700 1673 τῶν
721 1647 825 1680 αἰτίων,
843 1648 889 1675 καὶ
914 1649 966 1676 τῶν

173 1689 272 1722 ἄλλων,
286 1690 336 1716 ὅσα
362 1691 394 1716 ὲκ
417 1690 518 1717 τούτων
542 1692 655 1726 γίνεται,
682 1692 700 1719 ἃ
724 1693 756 1728 δὴ
772 1694 836 1730 περὶ
861 1694 967 1728 φύσεως

175 1736 296 1772 ἱστορίαν
312 1737 326 1762 ὁ
344 1736 456 1763 Πλάτων
477 1737 633 1773 ὠνόμακεν·
652 1740 691 1770 εἰς
705 1739 733 1765 δὲ
747 1739 797 1775 τὴν
821 1741 885 1776 περὶ
905 1741 967 1768 τού-

173 1790 229 1808 των
242 1781 405 1818 ἀμφοτέρων
430 1783 565 1819 διάκρισίν
579 1792 610 1810 τε
624 1785 670 1810 καὶ
691 1784 800 1819 εὕρεσιν
814 1786 861 1812 τοῦ
875 1787 966 1821 τρίτου

174 1827 473 1864 *ιταραλαμ.6ανομένου⁹
500 1830 541 1856 ὅτι
570 1830 618 1865 μὲν
639 1830 751 1857 Πλάτων
778 1831 896 1867 πρῶτος,
921 1834 967 1860 καὶ

175 1873 296 1908 μάλιστα
315 1874 478 1908 συναγείρας
493 1876 533 1906 εἰς
548 1875 577 1902 ἓν
593 1875 682 1903 πάντα
698 1876 732 1903 τὰ
744 1877 794 1912 τῆς
809 1877 966 1913 φιλοσοφίας

176 1922 258 1957 μέρη,
273 1923 340 1955 τέως
355 1923 540 1959 ὲσκεδασμένα
558 1924 604 1950 καὶ
618 1924 808 1960 διερριμμένα,
827 1925 921 1961 ὥσπερ
933 1927 967 1953 τὰ

173 1968 222 1995 τοῦ
243 1969 366 2001 Πενθέως
384 1969 461 2005 μέλη,
476 1969 601 2006 καθάπερ
617 1968 676 1997 εἷπέ
690 1979 741 2002 τις,
759 1971 858 2006 σῶμάιι
872 1981 902 1998 τε
920 1972 966 1998 καὶ

174 2015 244 2047 ζῶον
255 2015 399 2051 ὁλόκληρον
416 2016 538 2052 ἀπέφηνε
558 2017 606 2052 τὴν
618 2017 786 2052 φιλοσοφίαν,
801 2017 868 2052 δῆλα
886 2018 965 2044 παντὶ

172 2060 317 2096 λεγόμενα.
331 2062 398 2088 Οὔτε
413 2062 467 2098 γὰρ
482 2064 505 2089 οί
522 2063 585 2098 περὶ
596 2062 697 2098 Θαλῆν,
712 2063 757 2089 καὶ
777 2062 964 2098 Ἀναξιμένην,

173 2109 223 2135 καὶ
243 2108 434 2144 Ἀναξαγόραν,
459 2109 506 2135 καὶ
531 2109 587 2135 ὅσοι
612 2108 683 2135 κατὰ
712 2109 809 2135 ταυτὸν
837 2109 965 2143 γεγόνασι

172 2154 289 2186 τούτοις,
305 2155 465 2189 ἀγνοοῦνται
480 2155 543 2191 περὶ
558 2155 640 2190 μόνην
656 2155 705 2190 τὴν
719 2155 788 2191 ὑπὲρ
799 2155 848 2189 τῆς
859 2154 965 2189 φύσεως

172 2200 230 2228 τῶν
247 2201 331 2227 δντων
351 2201 446 2236 σκέψιν
470 2200 675 2236 διατρίψαντες·
693 2201 724 2227 οὺ
749 2200 801 2235 μὴν
818 2200 878 2226 οὐδὲ
901 2200 965 2225 Πιτ-

172 2246 268 2278 τακδς,
292 2247 338 2272 καὶ
355 2247 528 2282 Περίανδρος,
545 2246 592 2272 καὶ
613 2246 713 2279 Σόλων,
727 2246 773 2272 καὶ
796 2245 962 2281 Λυκοῦργος,

1019 1652 1081 1672 rum
1096 1645 1250 1672 divinarum
1264 1646 1450 1680 cognitionem
1465 1645 1501 1672 ita
1513 1645 1655 1680 pertineat,
1667 1645 1704 1671 uti
1721 1645 1804 1672 simul

1019 1695 1046 1718 et
1060 1691 1198 1726 principes
1208 1691 1268 1718 illas
1285 1699 1438 1726 causasque
1455 1696 1627 1724 caeterarum,
1640 1699 1756 1726 qumque
1769 1699 1803 1719 ex

1019 1737 1072 1764 illis
1086 1737 1163 1770 ﬁunt,
1179 1737 1298 1772 reliquas
1314 1745 1411 1764 omnes
1437 1738 1646 1772 cmxtemplctur,
1662 1745 1744 1772 quam
1757 1745 1805 1764 na-

1018 1785 1086 1808 tum
1111 1782 1253 1809 historiam
1276 1781 1354 1810 Plato
1378 1783 1543 1817 nuncupavit
1558 1791 1564 1815 ;
1582 1783 1660 1810 tertia
1686 1783 1805 1817 denique

1018 1828 1051 1855 ad
1065 1828 1209 1856 certiorem
1224 1829 1374 1863 superioris
1389 1829 1532 1863 utriusque
1558 1829 1756 1856 discussionem
1777 1834 1805 1856 ct

1019 1874 1200 1901 inventionem
1224 1879 1400 1902 assumatur:
1431 1874 1570 1901 Plutonem
1587 1875 1736 1908 exstitisse,
1756 1875 1804 1910 qui

1016 1924 1108 1954 partes
1133 1919 1193 1946 illas
1217 1927 1313 1947 omnes
1335 1920 1515 1954 philosophia
1531 1921 1678 1956 dissipatas
1690 1927 1804 1950 eatenus

1017 1970 1100 1999 atque
1129 1965 1267 2000 disjectas,
1284 1966 1325 1993 sic
1340 1970 1469 2000 tanquam
1485 1965 1597 1994 Penthei
1614 1968 1734 1995 membra
1746 1989 1753 2001 ,
1775 1973 1805 1996 ut

1018 2018 1154 2038 nonnemo
1168 2011 1246 2042 dixit,
1262 2011 1368 2045 primus
1382 2011 1452 2039 idem
1483 2013 1655 2047 maximeque
1685 2014 1804 2049 comple-

1017 2065 1079 2089 xus,
1099 2057 1297 2092 philosophiam
1313 2057 1340 2084 in
1358 2059 1439 2085 unius
1455 2058 1596 2093 cujusdam
1612 2059 1744 2094 corporis,
1762 2064 1805 2087 at~

1016 2111 1071 2138 que
1097 2103 1193 2139 integri
1207 2104 1354 2131 animantis
1377 2105 1496 2139 speciem
1509 2105 1668 2132 conﬂaverit
1678 2125 1684 2137 ,
1698 2107 1733 2133 ab
1743 2114 1804 2133 om-

1017 2150 1098 2178 nibus
1127 2150 1268 2185 przedicari
1297 2155 1416 2178 constat.
1445 2150 1551 2178 Nemini
1567 2152 1666 2186 quippe
1688 2152 1802 2180 dubium

1016 2201 1058 2223 est
1085 2197 1151 2231 quin
1178 2195 1288 2229 Thales,
1323 2197 1523 2229 Anaximenes,
1548 2197 1748 2232 Anaxagoras,
1775 2203 1803 2225 et

1016 2246 1152 2277 quotquot
1169 2247 1298 2277 praterea
1314 2243 1365 2270 sub
1382 2241 1452 2269 idem
1466 2242 1555 2270 vixere
1570 2247 1685 2278 tempus,
1704 2244 1731 2270 in
1744 2244 1802 2271 sola

172 2292 223 2319 καὶ
241 2293 266 2318 οἱ
287 2291 473 2327 παραπλήσιοι
492 2291 607 2323 τούτοις,
633 2291 795 2318 λανθάνουσί
818 2299 894 2322 τινας
915 2291 964 2326 τὴν

1018 2287 1118 2315 fuerint
1146 2292 1249 2315 natura;
1269 2295 1361 2315 rerum
1381 2287 1598 2315 consideratione
1619 2289 1732 2316 versati.
1746 2288 1804 2316 Pit-

173 2338 266 2365 αὐτῶν
287 2337 443 2372 φιλοσοφίαν
463 2338 503 2369 εἰς
519 2337 654 2364 πολιτείαν
673 2337 852 2368 καταθέντες·
872 2337 964 2372 Ζήνων

172 2384 214 2415 δὲ,
230 2384 279 2410 καὶ
292 2385 345 2410 πᾶν
363 2384 394 2410 τὸ
416 2383 568 2410 Ἐλεατικὸν
593 2383 671 2410 τοῦτο
698 2383 892 2413 διδασκαλεῖον,
918 2382 964 2409 καὶ

173 2432 241 2458 αὐτὸ
253 2431 390 2466 γνώριμον
402 2432 447 2457 ἐπὶ
458 2432 490 2466 τῇ
503 2431 584 2467 τέχνῃ
591 2431 645 2457 τῶν
656 2431 741 2465 λόγων
750 2431 867 2466 μάλιστα
881 2439 963 2457 σπου-

172 2477 270 2504 δάσαν.
288 2476 398 2508 Τούτοις
420 2477 448 2502 δὲ
475 2477 665 2511 ἐπιγενόμενος
692 2476 814 2508 Πλάτων,
838 2476 908 2512 ἀνὴρ
932 2477 964 2502 ἐκ

173 2523 283 2557 φύσεως
297 2521 447 2558 ἀρτιτελὴς,
458 2522 504 2548 καὶ
520 2521 586 2548 πολὺ
599 2521 754 2556 διενεγκὼν,
762 2519 805 2548 οἷα
821 2521 964 2556 κατάπεμ-

171 2574 252 2597 πτος.
265 2566 302 2597 ὡς
317 2566 432 2601 ἀληθῶς,
445 2567 477 2592 ἐκ
502 2565 581 2597 θεῶν,
601 2566 633 2592 ἵν’
646 2565 792 2601 ὁλόκληρος
809 2565 877 2600 ὀφθῇ
898 2566 964 2612 τιδι’

171 2610 258 2638 αὑτοῦ
275 2611 331 2645 (‘21)
353 2612 505 2646 φιλοσοφία,
524 2611 631 2648 παρῆκε
648 2620 677 2638 τε
695 2611 782 2642 οὐδὲν,
799 2612 846 2638 καὶ
860 2610 964 2640 hasta

171 2657 323 2692 ἠχρίϐωσε,
331 2659 398 2694 μήτε
406 2658 536 2685 ἐλλείπων
545 2658 613 2693 πρὸς
619 2658 648 2684 τὸ
654 2658 811 2691 ἀναγκαῖον,
821 2658 888 2692 μήτε
897 2658 964 2693 πρὸς

170 2703 203 2730 τὸ
215 2704 351 2739 ἄχρηστον
364 2704 522 2740 ὲξενεχθείς.
543 2704 618 2731 *Επεὶ
634 2703 723 2730 τοίνυν
739 2704 847 2730 πάντων
861 2703 965 2739 ἔφαμεν

175 2751 296 2785 μετεῖναι
308 2750 346 2785 τῷ
360 2751 534 2786 Πλατωνικῷ,
549 2751 596 2778 καὶ
612 2750 825 2785 φυσιολογοῦντι,
838 2751 884 2777 καὶ
901 2752 964 2786 περί

172 2795 248 2830 ἠθῶν
266 2795 381 2830 λέγοντι.
394 2797 441 2824 καὶ
458 2795 650 2832 διαλεγομένῳ,
665 2795 741 2831 φέρε,
761 2795 822 2822 καθ’
850 2797 965 2824 ἕκαστον

173 2842 396 2878 ἐπισκεψώμεθα.
419 2853 428 2869 ι
441 2843 533 2870 Ταῦτα
551 2843 600 2878 μὲν
612 2844 627 2869 ὁ
647 2842 780 2874 ’Δττικός.
795 2843 966 2878 Ἐπιμαρτνι-

211 2905 223 2918 ι
239 2899 282 2927 ισ.
300 2908 337 2927 τι.

211 2955 267 2992 (21)
287 2957 317 2986 Ἠ
334 2956 372 2984 δι’
386 2956 489 2985 αὐτοῦ.
504 2956 594 2984 Malim
610 2956 705 2984 abesse
718 2955 864 2984 articulum
879 2957 908 2991 ἡ.

1017 2338 1094 2362 taeus
1110 2339 1213 2367 autem,
1224 2333 1381 2366 Periander,
1395 2333 1488 2365 Solon,
1503 2333 1652 2368 Lycurgus,
1666 2342 1698 2362 ac
1713 2335 1802 2362 ciete-ri

1016 2380 1043 2407 id
1057 2387 1152 2414 genus,
1166 2387 1244 2407 suam
1264 2388 1373 2408 omnem
1387 2381 1585 2415 philosophiam
1605 2381 1632 2407 in
1647 2381 1803 2415 reipublicae

1016 2433 1111 2452 curam
1133 2433 1165 2453 ac
1185 2426 1305 2453 studium
1323 2431 1415 2461 aperte
1429 2427 1614 2454 contulerunt.
1630 2426 1704 2460 Zeno
1722 2428 1801 2454 deni-

1016 2480 1070 2507 que
1096 2476 1124 2499 et
1155 2472 1202 2499 illa
1228 2473 1317 2500 omnis
1344 2472 1467 2500 Eleatica
1499 2473 1603 2503 schola,
1628 2473 1694 2508 quin
1714 2474 1802 2508 potis-

1017 2519 1117 2546 simum
1157 2518 1184 2546 in
1207 2519 1358 2546 disserendi
1392 2524 1477 2546 artem
1507 2519 1684 2553 incubuerit,
1720 2527 1802 2547 nemo

1016 2566 1097 2592 etiam
1112 2570 1162 2598 est,
1177 2566 1224 2600 qui
1248 2565 1361 2592 nesciat.
1376 2566 1411 2592 At
1434 2573 1498 2592 vero
1517 2566 1559 2593 his
1575 2566 1703 2593 omnibus
1724 2565 1802 2593 Plato

1016 2612 1177 2644 succedens,
1196 2612 1238 2638 vir
1253 2620 1268 2638 a
1282 2617 1378 2639 natura
1397 2611 1478 2647 510
1491 2612 1615 2647 partibus
1629 2613 1758 2640 omnibus
1768 2621 1801 2640 ac

1017 2657 1140 2684 numeris
1150 2657 1301 2691 absolutus,
1314 2658 1446 2693 longeque
1461 2658 1566 2685 cteteris
1574 2658 1748 2691 antecellens,
1759 2663 1802 2686 ut-

1016 2707 1078 2739 pote
1096 2705 1207 2732 deorum
1235 2705 1314 2740 plane
1337 2713 1451 2732 munere
1468 2705 1594 2739 donoque
1614 2705 1726 2737 missus,
1753 2713 1804 2739 per

1016 2758 1096 2786 quem
1116 2751 1218 2787 integra
1235 2751 1342 2778 tandem
1363 2751 1508 2785 aliquando
1524 2750 1696 2785 philosophia
1708 2757 1802 2777 cerne-

1015 2802 1102 2830 retur,
1118 2801 1145 2824 et
1156 2797 1287 2832 praeteriit
1301 2797 1412 2824 omnino
1427 2796 1506 2825 nihil.
1518 2801 1545 2823 et
1557 2796 1755 2831 singulasuam
1767 2796 1801 2822 ad

1015 2845 1198 2873 maturitatem
1216 2844 1252 2872 ita
1265 2844 1401 2880 perduxit,
1416 2851 1445 2871 ut
1457 2851 1545 2880 neque
1560 2843 1707 2871 necessarii
1725 2841 1804 2878 quid-
