2091 3208
301 180 352 208 $47

631 180 762 208 EUSEBll
780 178 1018 208 CESARIENSlS
1037 178 1112 206 OPP.
1133 178 1225 205 PARS
1245 178 1276 205 ll.
1297 193 1331 198 ——
1351 177 1601 206 APULOGETICA.

1878 179 1931 206 8-33

301 247 383 273 quam
400 238 561 269 desiderari,
577 245 666 272 neque
680 237 767 272 abripi
780 245 840 264 sese
853 237 885 264 ad
904 237 995 264 inania
1009 242 1080 272 pate-

1138 238 1179 272 ρεῖ
1190 237 1219 263 δὲ
1234 238 1291 268 τοῖς
1303 237 1395 268 αὐτοῖς
1417 237 1463 263 καὶ
1479 238 1493 263 ὁ
1507 237 1726 273 Περιπατητικὸς
1738 237 1927 273 Ἀριστοκλῆς,

299 292 382 313 retur.
399 286 533 319 Quoniam
542 284 623 319 igitur
634 283 766 310 Platonici
777 283 931 318 philosophi
943 283 1083 318 propriam

275 336 278 359 ἱ
298 330 369 358 hanc
384 332 465 358 trium
481 330 589 357 illorum
598 329 819 364 conjunctionem
832 337 893 356 csse
901 329 1086 360 defendimus,

1138 284 1166 309 ἐν
1178 283 1285 318 ἑϐδόμῳ
1292 284 1497 319 συγγράμματι,
1506 281 1542 310 ὧν
1552 284 1619 318 Περὶ
1634 284 1834 319 φυσιολογίας
1852 283 1930 310 συνέ-

1136 328 1226 361 ταξεν,
1248 326 1299 356 ὧδε
1315 329 1402 363 λέγων
1422 330 1491 365 πρὸς
1506 330 1592 365 ρἧα·

270 366 277 412 ξ
298 377 335 404 uti
350 377 382 404 de
397 383 487 403 rerum
503 379 600 402 natura
614 374 744 409 disputet,
762 376 796 402 de
824 382 931 402 morum
964 374 1181 403 conformatione
1198 380 1305 404 tractet.
1318 383 1350 402 ac
1367 376 1447 403 simul
1473 377 1501 403 iii
1522 376 1674 404 disserendi
1692 376 1820 403 facultate
1836 383 1930 402 versa-

298 430 343 452 tus
354 424 402 456 sit,
420 431 480 458 age,
499 422 664 458 singulaper
681 430 740 450 sese
765 422 919 451 videamus.
948 432 957 448 ι
973 421 1036 450 Hinc
1067 423 1184 450 Atticus.
1210 423 1250 450 Ad
1276 431 1337 458 qua:
1371 424 1516 451 Aristoelis
1545 424 1717 459 Peripatetici
1739 424 1928 451 testimonium

295 471 409 504 accedit,
436 470 483 506 qui
505 469 576 497 libro
593 469 709 504 septimo
723 476 818 495 eortnn
835 477 905 504 quos
930 468 967 495 De
986 473 1083 495 natura
1103 469 1278 505 conscripsit,
1293 470 1432 505 conceptis
1447 470 1538 498 verbis
1552 471 1590 497 ita
1609 470 1740 505 loquitur.

601 527 715 555 CAPUT
733 527 776 554 III.

391 575 429 602 De
445 574 587 602 Platonica
602 573 776 608 philosophia,
794 581 826 600 ea:
846 573 984 600 Aristotle.

331 665 341 681 ‹
358 655 446 688 Plato,
469 654 557 690 inquit
581 654 635 685 ille,
651 660 809 689 germanum
823 651 1038 687 perfectumque,
1059 652 1084 679 si

293 702 440 737 quisquam
457 701 538 732 alius,
554 698 762 736 philosophandi
777 706 863 733 genus
883 697 989 725 habuit.
1011 696 1079 724 Nam

293 748 415 777 Thaletis
432 753 583 776 sectatores
605 748 633 775 in
653 752 758 774 naturae
776 744 1011 780 disputationibus
1028 744 1079 771 toti

293 801 371 824 erant
389 804 397 823 :
417 795 578 831 Pythagorei
594 798 720 822 texerunt
731 797 813 827 atque
827 792 1001 818 involverunt
1021 798 1080 817 om-

292 843 337 870 nia
350 852 357 870 :
371 841 555 877 Xenophanes
570 841 685 875 ejusque
700 838 829 873 discipuli
843 837 903 865 suis
923 837 978 864 illis
996 844 1079 872 argu-

292 893 448 916 mentorum
484 886 726 917 contentionibus,
754 883 896 919 vertiginis
926 883 1077 918 plurimum

293 934 463 969 philosophis
487 933 647 963 attulerunt,
662 931 722 966 opis
739 934 831 958 autem
848 929 1020 964 subsidiique
1033 929 1078 955 ni-
1097 939 1117 967 Β

294 981 332 1007 hil
345 990 351 1008 :
367 979 494 1007 Socrates
505 978 634 1009 maxime,
648 978 749 1012 ignem,
766 976 838 1011 quod
855 976 942 1007 aiunt,
954 976 1081 1011 quodque

292 1026 369 1053 Plato
384 1026 441 1060 ipse
456 1019 608 1055 dictitabat,
624 1022 680 1057 igni
694 1022 807 1049 addidit.
823 1021 891 1048 Nam
905 1021 996 1048 indole
1017 1028 1081 1048 cum

292 1075 365 1098 esset
378 1069 541 1105 ingenioque
562 1067 704 1103 singulari,
722 1067 845 1101 adeoque
865 1066 899 1093 de
916 1073 945 1093 re
960 1066 1082 1101 qualibet

292 1116 471 1153 quaestionem
486 1122 596 1142 movere
612 1113 726 1141 solerter
743 1113 770 1139 in
794 1112 889 1147 primis
908 1112 1081 1148 graviterque

293 1166 394 1199 posset,
422 1169 508 1189 novas
524 1160 584 1195 ipse
609 1159 642 1187 de
663 1158 786 1186 moribus
801 1177 808 1190 ,
821 1157 918 1193 ,deque
940 1156 1080 1193 republica

292 1208 492 1244 disputationes
507 1206 619 1239 invexit,
637 1205 783 1233 imoetiam
793 1204 826 1232 de
840 1204 908 1232 ideis
924 1211 1003 1239 agere
1020 1211 1080 1231 om-

292 1255 368 1282 nium
381 1254 487 1289 primus
500 1252 618 1280 instituit
634 1261 641 1279 :
659 1251 784 1279 eumdem
798 1257 863 1278 vero
875 1250 951 1277 nullo
962 1257 1016 1277 non
1030 1257 1078 1277 ex-

293 1302 377 1329 citato
398 1299 597 1327 controversia;
625 1305 733 1333 genere,
750 1297 838 1331 deque
856 1296 984 1324 omnibus
1000 1297 1079 1331 quae-

294 1353 398 1376 rentem
427 1346 517 1374 adhuc
541 1351 623 1380 atque
639 1344 810 1372 dubitantem
829 1351 903 1371 mors
923 1342 1076 1377 occupavit.

292 1395 352 1422 Jam
366 1394 411 1421 alii
423 1400 493 1428 quas
506 1392 557 1420 sibi
571 1392 686 1426 quisque
698 1388 1039 1426 particulasabsciderant,
1051 1388 1079 1414 in

293 1442 326 1470 iis
343 1442 446 1469 haesere
462 1444 592 1475 perpetuo
607 1447 613 1466 :
628 1443 708 1473 atque
720 1438 754 1465 ita
765 1436 887 1465 nonnulli
901 1435 1077 1467 medicinam,

292 1488 450 1522 disciplinas
465 1487 511 1514 alii
537 1485 755 1517 mathematicas,
772 1483 907 1519 poeticam
923 1482 969 1509 alii
993 1481 1079 1508 musi-

292 1542 408 1570 camque
426 1532 521 1561 sectati
533 1536 606 1559 sunt.
625 1531 752 1565 Plerique
762 1528 914 1557 disserendi
939 1528 964 1554 vi
990 1535 1021 1554 ac
1035 1526 1077 1554 fa-

292 1582 393 1609 cultate
408 1579 489 1614 capti,
504 1585 622 1613 quorum
640 1577 685 1604 alii
699 1583 760 1604 sese
771 1576 905 1607 rhetores,
920 1573 1078 1601 dialecticos

293 1627 336 1654 alii
348 1630 549 1660 nuncuparunt.
561 1623 629 1650 Nam
643 1623 690 1658 qui
707 1621 813 1649 Socrati
830 1627 998 1653 successere,
1015 1627 1077 1647 cum
1092 1613 1114 1643 C

295 1672 459 1707 multiplices
487 1670 633 1697 admodum
660 1677 692 1695 ac
717 1667 785 1695 varii
808 1667 893 1699 fuere,
914 1671 973 1693 tum
996 1665 1076 1692 etiam

295 1717 470 1754 opinionibus
491 1716 609 1744 maxime
625 1714 765 1742 contrarii.
786 1712 854 1740 Nam
881 1712 927 1739 alii
951 1710 1077 1747 cynicum

292 1764 487 1798 sordidumque
516 1763 579 1789 vita:
604 1769 699 1796 genus,
728 1759 890 1795 simplicem,
907 1762 934 1785 et
953 1758 987 1784 ab
1003 1757 1078 1784 omni

292 1809 508 1838 perturbationis
524 1815 605 1847 sensu
623 1814 739 1834 vacuum
757 1806 879 1832 anitnutn
897 1813 903 1831 :
925 1804 1078 1838 voluptates

295 1856 341 1884 alii
352 1860 448 1883 contra
464 1853 657 1890 praedicabant.
670 1852 701 1878 lli
717 1858 778 1878 sese
798 1850 890 1878 omnia
908 1850 978 1878 scire
996 1849 1079 1883 jacta-

293 1904 367 1935 hant,
384 1901 422 1928 illi
436 1901 515 1935 plane
529 1899 607 1926 nihil.
621 1898 737 1932 Quidam
754 1898 781 1924 in
796 1896 885 1924 media
900 1897 980 1924 turba
995 1900 1084 1931 atque-

291 1948 414 1976 omnium
425 1947 511 1974 oculis
523 1945 699 1973 volvebantur
707 1944 798 1979 511,
813 1951 875 1971 cum
891 1943 984 1970 infima
1002 1943 1078 1977 plebe

292 1993 395 2022 assidui
409 2002 416 2020 :
436 1993 505 2020 alios
521 1991 598 2019 adire
617 1998 708 2023 nemo,
726 1997 806 2017 nemo
818 1989 921 2024 alloqui
931 1989 1074 2024 potuisset.

294 2041 329 2068 At
355 2039 434 2067 Plato
461 2046 524 2066 cuin
547 2045 629 2065 unam
647 2036 825 2071 eamdemque
843 2035 998 2063 divinarum
1015 2042 1078 2062 esse

292 2086 529 2120 humanarumque
542 2091 633 2111 rerum
647 2083 788 2111 scientiam
802 2083 889 2117 probe
903 2082 1075 2117 intelligeret,

291 2139 350 2159 eam
368 2132 473 2166 primus
489 2131 526 2157 ita
542 2129 666 2165 digessit,
683 2133 713 2156 ut
729 2133 834 2163 partem
848 2128 921 2155 illius
934 2135 1017 2155 unam
1030 2135 1078 2155 ex-

291 2178 423 2214 plicanda!
436 2176 556 2204 universi
571 2180 685 2208 naturae,
701 2175 813 2202 alteram
830 2182 922 2201 rerum
942 2174 1078 2201 humana-

291 2231 351 2251 rum
366 2222 532 2255 tractationi,
547 2220 751 2249 conformandae
762 2218 878 2246 orationi
896 2219 1002 2246 tertiam
1015 2227 1078 2254 pos-

1406 528 1602 555 ΚΕΦΑΛΑΙΟΝ
1628 528 1665 555 Γ¹.

1144 575 1380 609 Ἀριστοκλέους,
1391 574 1459 608 Περὶ
1477 575 1532 617 τῆς
1553 574 1628 603 κατὰ
1642 573 1787 601 Πλάτωνα
1805 575 1929 601 φιλοσο-

1490 619 1571 644 φίας.

1175 666 1186 682 ε
1199 657 1393 693 Ἑφιλοσόφησε
1404 658 1432 684 δὲ
1440 657 1564 688 Πλάτων,
1573 657 1597 683 εἰ
1606 656 1652 683 καί
1664 665 1706 688 τις
1719 656 1797 688 ἄλλος
1805 656 1858 683 τῶν
1868 656 1927 683 πώ-

1135 711 1210 734 ποτε,
1225 703 1343 738 γνησίως
1360 704 1406 729 καὶ
1430 703 1550 734 τελείως.
1565 703 1596 729 Ol
1615 702 1664 737 μὲν
1687 702 1741 738 γὰρ
1766 702 1819 729 ἀπὸ
1836 702 1925 730 Θαλοῦ

1135 749 1355 784 φυσιολογοῦντες
1372 749 1533 776 διετέλεσαν·
1544 749 1567 775 οἱ
1587 748 1615 775 δὲ
1627 749 1690 784 περὶ
1702 748 1863 784 Πυθαγόραν
1873 750 1926 776 ἁπ-

1135 794 1288 830 εκρύψαντο
1318 795 1421 821 πάντα·
1437 793 1590 830 Ξενοφάνης
1605 794 1633 820 δὲ
1650 794 1696 821 καὶ
1706 794 1730 820 οἱ
1747 794 1795 820 ἀπ’
1810 795 1926 827 ἐκείνου,

1133 841 1196 872 τοὺς
1218 842 1371 876 ἐριστικοὺς
1392 841 1552 876 κινήσαντες
1576 840 1680 874 λόγους,
1702 840 1786 866 πολὺν
1811 840 1858 875 μὲν
1883 841 1927 867 ὲν-

1132 887 1227 913 έὸαλον
1247 886 1348 921 ἴλιγγον
1370 888 1425 917 τοῖς
1449 886 1611 921 φιλοσόφοις,
1628 885 1658 911 οὐ
1676 884 1727 920 μὴν
1749 885 1879 920 ὲπόρισᾶν
1896 885 1928 919 γέ

1132 940 1193 959 τινα
1211 931 1346 967 βοήθειαν.
1364 932 1420 967 Οὐχ
1446 932 1546 966 ἥκιστα
1572 931 1600 957 δὲ
1622 930 1670 957 καὶ
1689 930 1845 966 Σωκράτης,
1862 931 1928 957 αὐτὸ

1132 978 1163 1013 δὴ
1187 977 1217 1004 τὸ
1237 977 1393 1012 λεγόμενον,
1416 978 1526 1011 ἐγένετο
1552 976 1608 1011 πῦρ
1633 976 1680 1002 ἐπὶ
1695 977 1772 1011 πυρὶ,
1801 976 1927 1011 καθάπερ

1131 1023 1212 1055 αὐτὸς
1228 1023 1280 1058 ἔφη
1300 1023 1421 1049 Πλάτων.
1438 1022 1629 1057 Εὐφυέστατος
1648 1021 1703 1057 γὰρ
1716 1020 1764 1053 ὣν,
1782 1022 1829 1048 καὶ
1842 1021 1927 1054 δεινὸς

1131 1070 1268 1105 ἀπορῆσαι
1294 1070 1358 1105 περὶ
1380 1069 1481 1100 παντὸς
1502 1068 1622 1100 ὁτουοῦν,
1637 1068 1816 1104 ὲπεισήνεγκε
1829 1069 1878 1099 τάς
1895 1076 1926 1094 τε

1130 1116 1228 1150 ἠθικὰς
1254 1115 1300 1141 καὶ
1322 1114 1465 1146 πολιτικὰς
1483 1114 1603 1149 σκέψεις,
1618 1114 1657 1141 ἔτι
1674 1114 1703 1141 δὲ
1723 1114 1771 1150 τὴν
1787 1115 1850 1150 περὶ
1872 1115 1926 1141 τῶν

1133 1162 1208 1188 ἰδεῶν
1224 1161 1330 1197 πρῶτος
1344 1162 1524 1197 ἐπιχειρήσας
1537 1160 1674 1196 ὁρίζεσθαι
1693 1169 1699 1175 ·
1714 1161 1802 1187 πάντα
1814 1161 1841 1187 δὲ
1855 1161 1926 1195 ἐγει-

1133 1216 1186 1243 ρων
1202 1207 1290 1241 λόγον,
1304 1207 1351 1233 καὶ
1365 1207 1430 1242 περὶ
1444 1206 1551 1233 πάντων
1563 1205 1739 1242 ζητῶν,ἔφθη
1750 1206 1922 1242 τελευτήσας.

1133 1253 1222 1280 Ἄλλοι
1242 1253 1263 1279 δ’
1285 1253 1484 1288 ἀποτεμόμενοι
1505 1253 1574 1289 μέρη
1599 1252 1670 1284 τινὰ,
1695 1253 1759 1288 περὶ
1783 1252 1869 1279 ταῦτα
1886 1253 1925 1280 δι-

1131 1299 1289 1334 ἐτριψοινωὶ
1299 1300 1347 1335 μὲν
1365 1299 1497 1335 ἰατρικὴν,
1515 1301 1538 1325 οἱ
1554 1299 1582 1326 δὲ
1598 1298 1647 1330 τὰς
1659 1298 1850 1334 μαθηματικὰς
1863 1300 1924 1326 ἐπι-

1132 1346 1253 1380 στήμας·
1274 1345 1338 1372 ἔνιοι
1359 1346 1387 1372 δὲ
1407 1346 1471 1381 περὶ
1486 1346 1548 1377 τοὺς
1564 1345 1677 1381 ποιητὰς
1696 1346 1744 1372 καὶ
1760 1346 1809 1381 τὴν
1828 1354 1923 1381 μουσι-

1131 1392 1192 1426 κήν.
1208 1392 1240 1417 Οἱ
1257 1392 1348 1426 μέντοι
1360 1391 1452 1418 πολλοὶ
1464 1391 1513 1423 τὰς
1524 1391 1578 1418 τῶν
1596 1391 1682 1425 λόγων
1699 1391 1827 1427 δυνάμεις
1843 1391 1924 1419 ἐθαύ-

1132 1446 1232 1473 μασαν,
1248 1434 1284 1463 ὧν
1296 1438 1320 1464 οἱ
1336 1437 1385 1473 μὲν
1402 1437 1528 1473 ῥήτορας,
1548 1437 1573 1463 οἱ
1593 1436 1621 1463 δὲ
1635 1436 1820 1468 διαλεκτικοὺς
1835 1445 1922 1473 προσ

1130 1485 1205 1510 εἶπον
1219 1483 1341 1515 ἑαυτούς.
1361 1484 1393 1509 Οἱ
1408 1483 1498 1518 μέντοι
1510 1483 1657 1519 Σωκράτην
1672 1482 1854 1518 διαδεξάμενοι
1874 1483 1922 1510 καὶ

1131 1531 1199 1558 πάνυ
1232 1531 1304 1562 τινὲς
1333 1531 1456 1565 ἐγένοντο
1484 1533 1616 1563 παντοῖοι,
1633 1531 1679 1558 καὶ
1700 1531 1853 1558 ὑπεναντίοι
1873 1531 1923 1562 τὰς

1129 1577 1252 1613 γνώμας.
1279 1578 1311 1604 Οἱ
1340 1578 1390 1613 μὲν
1411 1578 1466 1614 γὰρ
1490 1579 1650 1614 κυνισμοὺς,
1665 1579 1712 1605 καὶ
1732 1579 1859 1613 ἀτυφίας,
1876 1579 1923 1605 καὶ

1130 1624 1263 1655 ἀπαθείας
1288 1624 1388 1660 ὕμνουν
1399 1633 1406 1640 ο
1421 1625 1494 1652 ἄλλοι
1510 1625 1532 1652 δ’
1548 1623 1581 1652 αὖ
1599 1625 1680 1652 πάλιν
1704 1625 1811 1660 ἡδονάς.
1828 1626 1882 1652 Καὶ
1897 1626 1922 1652 οὶ

1131 1671 1180 1706 μὲν
1197 1670 1294 1697 εἰδέναι
1321 1671 1408 1697 πάντα
1427 1671 1594 1706 ἐκόμπαζον,
1612 1672 1637 1698 οἱ
1661 1671 1690 1697 δὲ
1711 1671 1806 1702 ἁπλῶς
1824 1671 1920 1706 μηθέν.

1132 1717 1191 1743 Ἔτι
1204 1716 1226 1743 δ’
1241 1717 1265 1742 οἱ
1284 1717 1333 1751 μὲν
1356 1718 1385 1743 ὲν
1408 1716 1483 1752 μέσῳ
1503 1718 1550 1744 καὶ
1565 1718 1594 1744 ὲν
1610 1717 1670 1752 ὄψει
1688 1716 1797 1744 πάντων
1814 1717 1921 1744 ἐκαλιν-

1129 1763 1231 1795 δοῦντο,
1244 1765 1300 1795 τοῖς
1317 1763 1423 1796 πολλοῖς
1439 1764 1638 1799 ὲξομιλοῠντες·
1650 1763 1724 1790 ἄλλοι
1735 1764 1758 1790 δ’
1768 1762 1803 1790 αὖ
1812 1764 1922 1791 τούναν-

1129 1808 1185 1834 τίον
1213 1808 1355 1844 ἀπρόσιτοι
1381 1809 1428 1836 καὶ
1456 1810 1657 1845 ἀπροσαύδητοι
1679 1809 1812 1836 διετέλουν
1835 1809 1920 1841 ὄντες.

1130 1854 1241 1881 Πλάτων
1268 1855 1369 1890 μέντοι,
1388 1857 1569 1891 κατανοήσας,
1591 1856 1628 1888 ὡς
1652 1856 1694 1891 εἴη
1713 1856 1762 1892 μία
1778 1865 1819 1888 τις
1833 1857 1849 1891 ή
1863 1856 1917 1883 τῶν

1129 1900 1208 1928 θείων
1225 1902 1270 1927 καὶ
1286 1901 1464 1937 ἀνθρωπίνων
1485 1903 1635 1938 ἐπιστήμη,
1649 1903 1756 1938 πρῶτος
1770 1903 1862 1934 διεῖλε,
1876 1903 1922 1930 καὶ

1129 1946 1180 1982 ἔφη
1193 1947 1242 1983 τὴν
1258 1948 1308 1983 μέν
1321 1957 1382 1975 τινα
1399 1949 1463 1984 περὶ
1479 1949 1527 1984 τῆς
1546 1948 1593 1975 τοῦ
1614 1949 1715 1980 παντὸς
1732 1948 1840 1983 φύσεως
1854 1947 1922 1976 εἶναι

1129 1992 1330 2027 πραγματείαν,
1347 1992 1395 2028 τὴν
1408 1992 1437 2019 δὲ
1448 1993 1511 2028 περὶ
1527 1993 1580 2019 τῶν
1591 1992 1778 2028 ἀνθρωπίνων,
1791 1993 1884 2029 τρίτην
1893 1994 1921 2020 δὲ

1128 2037 1176 2073 τὴν
1200 2037 1263 2074 περὶ
1277 2038 1341 2069 τοὺς
1356 2037 1461 2072 λόγους.
1484 2038 1574 2072 Ὴξίου
1587 2039 1615 2065 δὲ
1628 2039 1664 2074 μὴ
1679 2037 1809 2065 δύνασθαι
1824 2038 1859 2065 τὰ
1875 2039 1921 2065 ἀν-

1130 2083 1253 2120 θρώπινα
1277 2084 1394 2111 κατιδεῖν
1425 2085 1508 2120 ἡμᾶς,
1535 2086 1559 2111 εἰ
1590 2085 1628 2121 μὴ
1651 2084 1685 2111 τὰ
1707 2085 1766 2111 θεῖα
1790 2085 1920 2120 πρότερον

1129 2132 1235 2166 ὀφθείη.
1253 2131 1387 2167 Καθάπερ
1407 2131 1462 2167 γὰρ
1491 2132 1515 2158 οἱ
1544 2132 1640 2167 ἰατροὶ,
1669 2132 1738 2167 μέρη
1759 2131 1821 2158 τινὰ
1843 2132 1921 2167 θερα-

1129 2177 1266 2209 πεύοντες,
1282 2177 1473 2212 ἐπιμελοῦνται
1489 2177 1542 2204 τῶν
1566 2177 1634 2204 ὅλων
1651 2178 1785 2212 σωμάτων
1802 2175 1919 2213 πρῶτον,

1130 2223 1200 2250 οὕτω
1222 2224 1320 2259 χρῆναι
1344 2224 1391 2250 κα)⁵
1405 2223 1450 2250 τὸν
1468 2223 1598 2258 μέλλοντα
1614 2223 1728 2250 τάνθάδε
1745 2223 1919 2259 κατόψεσθαι,

292 2275 462 2303 tremamque
490 2267 633 2294 tribueret.
662 2266 808 2298 Caeterum,
827 2265 880 2292 nisi
897 2264 987 2291 divina
1013 2272 1076 2299 per-

1132 2270 1182 2306 τὴν
1197 2270 1251 2296 τῶν
1272 2270 1339 2296 ὅλων
1357 2269 1438 2305 φύσιν
1454 2270 1553 2296 εἰδέναι
1568 2270 1710 2306 πρότερον,
1728 2270 1810 2305 μέρος
1824 2278 1854 2296 τε
1867 2269 1921 2295 τῶν

291 2320 382 2351 specta
397 2315 473 2350 prius
485 2318 511 2341 et
525 2313 632 2348 cognita
645 2312 806 2344 habeamus,
817 2311 952 2347 pervideri
967 2319 982 2338 a
1000 2311 1079 2339 nobis

293 2363 412 2390 humana
426 2369 481 2388 non
498 2368 578 2396 posse
591 2359 736 2387 statuebat.
753 2358 989 2391 Quemadmodum
1004 2357 1078 2385 enim

293 2409 401 2441 medici,
426 2408 464 2435 uti
480 2406 605 2442 partibus
619 2405 784 2441 quibusdam
802 2405 974 2437 medeantur,
990 2405 1018 2431 in
1035 2409 1077 2432 to-

292 2456 347 2483 tius
361 2459 424 2482 ante
436 2454 560 2489 corporis
575 2453 745 2481 curationem
761 2452 934 2482 incumbunt,
944 2452 979 2478 ita
997 2459 1077 2486 pror—

293 2509 353 2533 sus,
370 2502 416 2536 qui
428 2509 472 2528 res
488 2504 598 2528 nostras
612 2499 711 2527 intueri
723 2499 797 2531 velit,
815 2499 934 2525 universi
951 2502 1076 2525 naturam

291 2548 369 2583 prius
385 2548 409 2574 ei
428 2546 647 2581 cognoscendam
676 2553 736 2573 esse
752 2554 757 2572 :
774 2553 835 2572 cum
845 2545 917 2571 illius
930 2552 991 2579 pars
1004 2552 1078 2579 qure-

292 2593 356 2620 dam
372 2592 454 2618 homo
472 2592 517 2623 sit,
531 2595 612 2625 atque
630 2598 662 2617 ex
680 2589 759 2618 bonis
771 2589 891 2621 duobus,
907 2596 1024 2623 quorum
1039 2588 1078 2614 al-

293 2642 381 2665 terum
396 2636 430 2663 ad
442 2643 502 2669 nos,
519 2637 553 2663 ad
569 2636 727 2663 universum
739 2635 854 2662 alterum
863 2634 991 2670 pertinet,
1009 2641 1078 2668 prte-

293 2682 403 2717 cipuum
418 2681 453 2708 sit
468 2681 588 2708 universi
602 2681 716 2713 bonum,
731 2680 804 2715 quod
818 2680 933 2707 alterum
941 2680 1000 2714 ejus
1017 2687 1079 2706 cau-

293 2735 323 2755 sa
349 2730 515 2762 prccreetur.
534 2725 620 2761 Atque
632 2727 702 2753 hanc
714 2726 843 2753 Indorum
864 2733 924 2753 esse
944 2725 1077 2751 rationem

291 2774 471 2801 Aristoxenus
485 2772 606 2799 musicus
619 2776 733 2800 testatur
752 2781 758 2799 :
775 2771 886 2807 quippe,
902 2778 987 2797 unum
999 2778 1031 2797 ex
1045 2777 1078 2797 ca

292 2819 402 2847 natione
414 2818 531 2852 aliquem
542 2817 655 2845 Athenis
667 2825 845 2853 congressum
863 2824 925 2845 esse
948 2824 1010 2844 cum
1024 2816 1076 2843 So-

293 2867 377 2896 crate,
391 2871 423 2890 ex
440 2870 527 2898 eoque
538 2864 720 2895 sciscitatum,
737 2864 803 2899 quid
821 2863 955 2899 agendum
968 2863 1020 2891 sibi
1036 2870 1078 2890 re-

328 2928 342 2941 ο
361 2920 441 2949 Forte
450 2922 547 2949 ἐκεῖνο.

1132 2317 1216 2343 ὅντων
1244 2316 1291 2343 τὸν
1322 2316 1481 2352 ἄνθρωπον·
1505 2316 1552 2343 καὶ
1577 2316 1695 2351 τάγαθὸν
1714 2316 1851 2347 διττὸν,τὸ
1872 2316 1920 2351 μὲν

1129 2364 1274 2399 ἡμέτερον,
1291 2363 1321 2390 τὸ
1346 2363 1374 2389 δὲ
1400 2362 1447 2389 τοῦ
1473 2363 1583 2394 παντὸς,
1601 2362 1767 2399 κυριώτερον
1786 2363 1813 2389 δὲ
1828 2362 1858 2389 τὺ
1873 2361 1919 2389 τοῦ

1130 2409 1246 2441 παντὸς·
1268 2409 1311 2435 διὰ
1333 2409 1388 2444 γὰρ
1406 2409 1532 2435 ὲκείνουι
1549 2410 1595 2435 καὶ
1611 2408 1689 2435 τοῦτο
1706 2408 1838 2443 γίνεσθαι.
1853 2408 1920 2443 Φησὶ

1129 2454 1151 2480 δ’
1168 2453 1350 2490 Ἀριστόξενος
1365 2455 1379 2480 ὁ
1393 2454 1521 2489 μουσικὸς
1534 2454 1620 2481 Ἰνδῶν
1634 2452 1703 2480 εἶναι
1714 2454 1759 2480 τὸν
1771 2453 1849 2487 λόγον
1861 2453 1921 2479 τοῦ-

1129 2509 1185 2527 τον.
1213 2500 1340 2535 Ἀθήνῃσι
1357 2499 1412 2536 γὰρ
1436 2501 1555 2535 ἐντυχεῖν
1578 2499 1716 2535 Σωκράτει
1740 2499 1794 2525 τῶν
1816 2498 1919 2534 ἀνδρῶν

1129 2546 1240 2572 ἐκείνων
1261 2545 1309 2572 ἓνα
1331 2545 1402 2578 τινὰ,
1427 2546 1544 2572 κᾶπειτα
1567 2545 1648 2571 αὐτοῦ
1677 2544 1871 2575 πυνθάνεσθαι,
1894 2542 1919 2570 τι

1131 2592 1214 2619 ποιῶν
1235 2591 1392 2627 φιλοσοφοίη
1403 2601 1409 2607 ³
1425 2591 1472 2618 τοῦ
1497 2592 1525 2618 δὲ
1546 2586 1678 2622 εἰπόντος,
1694 2592 1735 2617 ὅτι
1753 2590 1843 2625 ζητῶν
1857 2590 1919 2625 περὶ

1128 2638 1175 2664 τοῦ
1197 2638 1369 2673 ,ἀνθρωπίνου
1397 2638 1465 2673 βίου,
1488 2636 1671 2671 καταγελάσαι
1698 2636 1744 2663 τὸν
1768 2635 1858 2667 Ἰνδὸν,
1877 2635 1919 2661 λέ-

1129 2693 1212 2718 γοντα
1233 2686 1269 2720 μὴ
1294 2684 1423 2711 δύνασθαί
1450 2693 1511 2711 τινα
1538 2683 1573 2710 τὰ
1599 2682 1757 2718 ἀνθρώπινα
1790 2682 1917 2712 κατιδεῖν.

1130 2731 1280 2765 ἀγνοοῦντα
1297 2739 1328 2764 γε
1344 2731 1377 2757 τὰ
1393 2729 1550 2757 θεῖα,Τοῦτο
1567 2730 1614 2764 μὲν
1630 2727 1676 2755 οὖν
1689 2730 1713 2755 εἰ
1723 2728 1822 2763 ἀληθές
1834 2729 1917 2758 ἐστιν,

1130 2778 1179 2804 οὐκ
1194 2777 1226 2804 ἂν
1237 2777 1344 2804 δύναιτό
1360 2785 1402 2808 τις
1418 2776 1616 2810 διατεινόμενος
1629 2775 1826 2802 εἰπεῖν.Διείλε
1836 2775 1858 2801 δ’
1873 2772 1918 2800 οὖν

1131 2822 1242 2848 Πλάτων
1265 2823 1313 2857 τήν
1340 2830 1369 2848 τε
1389 2822 1453 2856 περὶ
1471 2821 1525 2847 τῶν
1544 2820 1611 2847 ὅλων
1625 2820 1796 2854 φιλοσοφίαν,
1811 2820 1858 2846 καὶ
1871 2818 1918 2853 τὴν

1131 2867 1281 2896 πολιτικνῖην.
1298 2868 1335 2894 ἔτι
1353 2867 1380 2894 δὲ
1395 2867 1443 2903 τὴν
1458 2867 1577 2902 λογικήυ.
1596 2876 1605 2893 ›
1621 2866 1754 2900 Τοιαύτης
1770 2865 1855 2901 οὓς-ης
1868 2863 1918 2899 τῆς
