2091 3208
198 164 249 192 859

812 157 973 186 ΡιιΑΞΡΑῐί.
994 157 1119 185 EVANG.
1132 157 1195 185 LIB.
1208 157 1256 184 Χῐ.

1767 155 1819 183 850

198 224 266 251 κατὰ
279 224 409 250 Πλάτωνα
426 222 580 258 φιλοσοφίας
590 243 597 254 ,
613 221 709 257 καιρὸς
724 221 770 248 καὶ
784 220 832 256 τὴν
853 217 984 255 Ἑϐραίων

1036 227 1097 246 rum
1121 223 1208 251 esset,
1221 218 1260 246 uti
1274 216 1513 253 philosopharetur
1530 226 1536 243 :
1552 224 1607 251 quo
1628 216 1819 250 respondente,

196 269 404 304 ἐπισκέψασθαι,
421 268 516 304 μακρῷ
538 267 655 303 πρόσθεν
674 267 690 302 ἢ
713 266 843 293 Πλάτωνα
861 264 986 299 γενέσθαι

195 315 239 343 τὸν
263 315 354 351 ὅμοιον
381 314 635 349 πεφιλοσοφηκότων
658 314 766 349 τρόπον.
790 311 887 347 Εῦροις
902 311 923 337 δ’
938 308 985 337 οὖν

196 361 242 388 καὶ
264 363 329 397 παρ’
353 362 443 393 αὐτοῖς
455 362 504 396 τήν
527 369 555 387 τε
583 361 726 395 σύμφωνον
747 358 795 393 τὴν
813 357 982 393 τριμὲρειαν,

195 407 297 442 ἠθικῶν
313 417 353 439 τε,
378 408 424 434 καὶ
445 407 572 442 λογικῶν,
589 407 636 433 καὶ
663 405 784 441 φυσικῶν
803 403 983 439 μαθημάτων,

194 453 269 480 τόνδε
285 454 435 489 ἐπιστήσας
450 453 495 479 τὺν
508 452 616 489 τρόπον.

1038 265 1071 292 de
1083 265 1210 292 humanae
1220 264 1282 291 vita:
1297 264 1449 292 rationibus
1464 263 1639 298 quaerendum
1658 262 1709 298 ipsi
1726 265 1753 289 et
1772 269 1820 289 co-

1036 310 1176 345 gitandum
1197 317 1274 337 esse:
1299 314 1356 336 tum
1372 316 1436 336 vero
1455 308 1548 336 risisse
1562 307 1669 341 Indum,
1686 315 1748 335 cum
1771 314 1820 334 ne-

1037 361 1112 392 garet
1125 357 1242 383 humana
1260 363 1424 390 quemquam
1436 354 1576 390 pervidere
1593 362 1684 389 posse,
1695 354 1741 390 qui
1753 354 1823 381 divi-

1037 410 1134 430 norum
1159 402 1329 437 ignoratione
1356 401 1500 428 laboraret.
1514 401 1542 428 Id
1568 408 1651 436 porro
1669 408 1760 428 verum
1775 400 1820 433 sit,

1037 455 1133 478 necne,
1149 451 1178 473 ut
1201 446 1320 473 maxime
1334 446 1489 478 contendat,
1500 450 1620 473 statuere
1631 453 1710 472 nemo
1721 447 1821 480 pot'est.

195 500 298 528 Interea
316 500 391 528 Plato
407 500 627 535 philosophiam,
653 499 679 525 in
705 506 776 530 eam,
807 505 868 532 qua:
892 496 926 523 de
953 494 1082 522 universo
1109 494 1269 529 disputaret,
1293 494 1320 520 in
1348 493 1465 525 civilem,
1493 501 1525 521 ac
1553 493 1705 521 disserendi
1736 493 1823 528 magi-

196 550 281 572 stram
302 546 417 581 partitus
434 550 485 573 est.
507 555 515 571 I
533 545 601 572 Cum
621 544 703 580 igitur
718 552 749 571 ea
766 542 913 570 Platonicm
934 540 1111 577 philosophize
1129 540 1196 567 ratio
1219 540 1266 572 sit,
1281 544 1387 574 tempus
1413 543 1454 566 est
1472 544 1500 566 ut
1516 538 1690 566 Hebraaorum
1714 545 1823 573 quoque

199 591 401 626 philosophiam
431 592 665 626 contemplemur,
691 590 738 625 qui
763 588 885 625 profecto
908 588 989 622 longe
1008 590 1154 621 antequam
1173 585 1249 613 Plato
1266 590 1435 618 nasceretur,
1457 586 1594 621 persimile
1626 584 1822 620 philosophan-

196 637 224 664 di
255 645 339 672 genus
365 638 530 665 habuerunt.
557 637 704 664 Enimvero
734 635 897 671 tripartitam
918 634 988 669 apud
1008 640 1065 665 eos,
1093 641 1212 667 cumque
1237 633 1376 660 Platonica
1403 633 1449 660 illa
1485 637 1680 667 congruentem
1699 631 1822 666 discipli-

196 691 304 717 narum,
319 685 358 712 vel
375 686 408 712 ad
425 693 525 719 mores,
544 685 585 712 vel
601 684 634 711 ad
651 686 706 713 vim
724 683 886 716 disserendi,
914 682 956 710 vel
978 681 1012 708 ad
1032 685 1157 708 naturam
1176 682 1262 716 ipsam
1286 681 1481 716 pertinentium
1504 680 1667 708 divisionem
1690 679 1827 715 reperias,

196 731 220 759 si
234 731 268 759 de
285 740 313 759 re
330 737 384 760 tota
405 734 477 760 hunc
493 733 519 759 in
534 732 644 759 modum
659 732 780 767 cogitare
797 731 875 758 velis.

463 780 660 806 ΚΕΦΑΛΑΙΟΝ
683 780 718 806 Δ’.

248 828 317 862 Περὶ
330 827 388 854 τῶν
404 826 472 860 παρ’
492 826 632 859 Ἑϐραίοις
644 824 755 858 ἠθικῶν
767 825 929 860 δογμάτων.

1342 773 1457 801 CAPUT
1473 772 1519 800 IV.

1155 821 1191 847 De
1208 829 1310 847 morum
1324 821 1395 855 apud
1414 820 1539 847 Hebrum;
1556 819 1709 854 disciplina.

231 874 272 900 Τὰ
302 873 349 909 μὲν
374 870 419 898 οὖν
440 870 524 906 ἠθικᾶ
548 870 688 907 πρώτιστα
709 871 817 897 πάντων
839 870 984 905 φιλοτίμως

1076 867 1113 894 Ac
1130 875 1184 902 prae
1196 867 1301 894 creteris
1309 867 1418 901 quidem
1433 866 1560 893 omnibus
1571 886 1578 897 ,
1594 873 1625 892 ca
1641 873 1701 900 quae
1714 872 1822 893 morum

195 918 400 954 ἐσπουδασμένα
415 917 478 953 παρ’
494 917 596 948 αὐτοῖς,
607 917 697 952 ἔργοις
708 916 774 943 πολὺ
790 916 921 952 πρότερον
932 916 985 942 τῶν

194 967 292 1001 λόγων,
306 965 400 1001 μάθοις
418 965 449 991 ἂν
466 964 499 991 τὰ
514 964 584 991 κατὰ
598 965 659 995 τοὺς
672 963 771 999 ἄνδρας
788 963 986 998 διασκοπούμε-

195 1022 249 1044 νος.
269 1012 345 1038 Ἐπεὶ
361 1011 408 1037 καὶ
424 1011 498 1042 τέλος
524 1009 634 1043 ἀγαθῶν
659 1009 705 1035 τοῦ
729 1018 758 1035 τε
781 1009 923 1045 μακαρίως
937 1008 985 1044 ζῇν

196 1058 310 1085 ὕστατον
333 1058 394 1093 ὅρον
417 1056 466 1091 τὴν
491 1056 642 1087 εὐσέϐειαν,
666 1057 715 1091 τήν
741 1064 770 1081 τε
794 1055 837 1081 διὰ
861 1056 910 1090 τῆς
931 1055 985 1081 τῶν

195 1104 268 1140 ὴθῶν
285 1102 479 1139 κατορθώσεως
496 1103 561 1138 πρὸς
584 1102 630 1128 τὸν
654 1102 720 1128 Θεὸν
740 1102 830 1136 φιλίαν
849 1102 985 1137 ὴγάσαντό

194 1160 225 1177 τε
240 1151 286 1177 καὶ
307 1149 485 1186 μετεδίωξαν·
502 1149 558 1175 ἀλλ’
584 1149 614 1175 οὺ
640 1149 773 1183 σωμάτων
797 1147 903 1183 ἡδονὴν,
925 1148 984 1174 κατ’

202 1196 380 1231 Ἐπίκουρον·
410 1195 463 1221 οὐδ’
494 1192 527 1221 αὖ
557 1194 606 1229 τὴν
629 1194 781 1229 τριγένειαν
794 1193 848 1219 τῶν
865 1193 984 1227 ἀγαθῶν,

196 1242 256 1268 κατ’
278 1241 477 1276 Ἀριστοτέλην,
493 1240 525 1266 τὰ
551 1239 615 1275 περὶ
636 1239 724 1274 σῶμα,
742 1239 787 1265 καὶ
809 1239 843 1265 τὰ
864 1239 941 1270 ἐκτὸς
957 1240 985 1265 ὲν

196 1285 246 1321 ἴσῳ
266 1288 321 1317 τοῖς
345 1286 394 1320 τῆς
416 1285 503 1320 ψυχῆς
526 1284 637 1318 ἀγαθοῖς
653 1284 867 1319 ἐκτετιμηκότα·
884 1284 913 1310 οὐ
933 1283 985 1319 μὴν

195 1331 255 1358 οὐδὲ
266 1331 314 1366 τὴν
332 1331 449 1366 ἐσχάτην
464 1330 573 1364 ἄγνοιάν
589 1338 618 1355 τε
637 1329 682 1355 καὶ
696 1329 814 1364 ἀμαθίαν
828 1330 860 1365 ἦν
874 1329 985 1365 ὀνόματι

197 1378 351 1413 σεμνοτέρῳ
362 1378 434 1408 τινὲς
447 1377 547 1412 ἐποχὴν
557 1376 746 1411 ὰνειρήκασιν·
758 1375 814 1402 ἀλλ’
826 1376 879 1402 οὐδ’
890 1374 923 1402 αὖ
937 1376 985 1411 τῆς

195 1422 284 1457 ψυχῆς
299 1423 349 1457 τὴν
358 1422 473 1458 ἀρετήν’
488 1422 556 1457 πόση
570 1420 624 1456 γὰρ
636 1421 664 1447 ἐν
681 1420 834 1456 ἀνθρώποις
846 1421 925 1457 αὕτη,
938 1421 984 1448 καὶ

196 1469 223 1495 τί
246 1468 306 1495 καθ’
323 1468 422 1503 ἑαυτὴν
447 1468 509 1495 ἄνευ
534 1468 601 1495 Ε]εοῦ
624 1469 690 1504 πρὸς
718 1469 762 1494 τὸν
786 1468 887 1494 ἄλυπον
922 1477 984 1495 συν-

195 1513 277 1540 τείνοι
307 1515 339 1541 ἂν
366 1514 439 1549 fair”;
464 1514 502 1540 Δι’
532 1514 587 1540 ὂνη
612 1515 646 1540 τὸ.
674 1515 761 1541 πάντα
793 1514 842 1549 τῆς
872 1515 910 1545 εἰς
939 1514 984 1540 τὸν

1038 913 1254 948 addisciplinam
1276 915 1428 947 pertinent,
1447 920 1556 940 summo
1581 912 1699 947 quodam
1719 912 1753 939 ab
1770 912 1823 940 illis

1037 959 1228 993 prarcipuoqne
1243 959 1346 990 studio,
1361 959 1494 993 longoque
1509 962 1571 985 ante
1585 958 1667 985 rebus
1682 958 1749 992 ipsis
1765 958 1825 985 cul-

1038 1008 1063 1031 ta
1088 1012 1149 1031 esse
1176 1012 1257 1039 quam
1282 1004 1383 1035 verbis,
1410 1004 1433 1031 si
1460 1011 1555 1030 eorum
1568 1003 1691 1030 instituta
1707 1003 1824 1031 scrutari

1036 1050 1135 1085 placet,
1151 1050 1297 1085 intelliges.
1312 1049 1378 1076 Nam
1406 1053 1432 1077 et
1459 1050 1593 1077 honorum
1608 1050 1659 1086 ipsi
1677 1051 1774 1083 linem,
1797 1054 1824 1077 et

1037 1103 1176 1123 summum
1205 1096 1283 1123 beate
1306 1095 1412 1122 vivendi
1437 1096 1602 1128 terminum,
1626 1096 1771 1130 pietatem,
1796 1099 1823 1122 et

1036 1141 1183 1176 profectam
1205 1148 1237 1168 ex
1261 1149 1369 1168 morum
1394 1141 1548 1176 integritate
1577 1140 1657 1176 512
1679 1148 1741 1168 cum
1767 1140 1822 1168 Deo

1036 1188 1268 1223 conjunctionem,
1286 1192 1340 1215 tam
1354 1188 1497 1222 diligenter
1508 1187 1642 1223 persecuti
1658 1192 1730 1219 sunt.
1740 1195 1822 1222 quam

1037 1235 1168 1269 complexi
1185 1234 1367 1262 vehementer.
1386 1234 1445 1262 Non
1468 1235 1525 1269 jam
1546 1234 1670 1269 corporis
1697 1235 1823 1270 volupta-

1037 1285 1102 1313 tem,
1117 1285 1147 1308 ut
1158 1280 1312 1316 Epicurus:
1334 1288 1387 1307 non
1403 1280 1500 1315 triplex
1517 1280 1582 1307 illud
1603 1279 1756 1308 Aristotelis
1774 1279 1824 1307 bo-

1037 1334 1133 1354 norum
1150 1334 1245 1361 genus,
1258 1326 1305 1361 qui
1327 1326 1450 1361 corporis
1474 1325 1645 1360 fortunaque
1670 1325 1760 1358 bona.
1779 1333 1825 1353 eo,

1036 1372 1096 1399 dem
1113 1372 1141 1398 in
1164 1372 1224 1399 loco
1239 1372 1401 1406 pretioque,
1426 1379 1480 1406 quo
1506 1371 1590 1398 animi
1618 1379 1683 1406 opes
1707 1371 1822 1399 habuit:

1037 1426 1090 1445 non
1117 1426 1251 1445 summam
1277 1418 1349 1445 illam
1368 1426 1459 1445 rerum
1477 1418 1638 1453 imperitiam
1653 1424 1679 1445 et
1696 1418 1825 1453 ignoran-

1038 1466 1102 1492 tiam
1118 1465 1252 1496 omnium,
1270 1472 1351 1499 quam
1380 1464 1504 1491 nonnulli
1526 1464 1684 1492 honestiore
1704 1464 1823 1499 quodam

1037 1511 1148 1538 nomine
1172 1510 1340 1538 assensionis
1361 1510 1539 1537 retentionem
1556 1510 1746 1545 appellarunt:
1769 1518 1824 1538 non

196 1560 263 1586 Θεὸν
277 1560 393 1592 ἐλπίδος,
408 1560 557 1595 πείσματος
584 1559 677 1596 ὥσπερ
701 1561 837 1596 ἀρῤαγοῠς
870 1559 984 1594 ὲξὰψανυ

1036 1557 1153 1592 denique
1169 1557 1297 1584 virtutem
1318 1556 1404 1591 ipsam
1423 1557 1506 1584 animi
1521 1566 1527 1584 :
1546 1565 1608 1583 nam
1620 1557 1751 1592 quantula
1764 1562 1825 1584 tan-

197 1614 252 1638 τες,
279 1606 325 1632 τὸν
353 1606 462 1641 θεοφιλῆ
489 1606 567 1641 μόνον
590 1607 732 1642 ἀπέφηναν
750 1605 820 1633 εἶναι
841 1607 981 1642 μακάριον.

199 1652 259 1678 Ὀτι
285 1651 316 1687 δὴ
340 1653 353 1678 ὁ
374 1652 481 1678 πάντων
505 1652 614 1686 ἀγαθῶν
636 1653 736 1687 ταμίας
761 1653 837 1685 Θεὸς,
859 1652 931 1688 ζωῆς
947 1652 985 1679 ὢν

197 1697 324 1732 πάροχος,
342 1698 389 1724 καὶ
411 1698 495 1732 αὐτῆς
521 1698 623 1734 ἀρετῆς
648 1700 734 1734 πηγὴ,
751 1700 804 1726 τῶν
823 1700 886 1735 περὶ
907 1700 986 1735 σῶμα

196 1744 244 1770 καὶ
261 1743 315 1770 τῶν
331 1744 407 1775 ἐκτὸς
424 1744 551 1770 ἁπάντων
566 1744 682 1780 χορηγὸς
698 1745 836 1781 ὑπάρχων,
858 1745 935 1780 μόνος
952 1745 985 1771 ἂν

196 1789 239 1824 εἴη
256 1790 323 1825 πρὸς
345 1790 391 1816 τὴν
413 1790 546 1826 μακάριον
566 1789 621 1824 βίον
632 1810 638 1822 ,
653 1790 693 1826 τῷ
707 1790 756 1826 τὴν
770 1791 836 1826 πρὸς
849 1791 929 1817 αὐτὸν
943 1800 985 1825 ιρι-

195 1835 256 1861 λίαν
273 1835 317 1861 διὰ
334 1836 383 1870 τῆς
398 1836 569 1871 παναληθῶς
585 1837 725 1868 εὐσεϐείας
740 1836 918 1872 στειλαμένῳ,
935 1837 985 1863 αὒ-

195 1880 312 1915 τάρκης.
335 1880 429 1907 Ἔνθεν
448 1882 462 1907 ὁ
479 1880 616 1915 πάνσοφος
637 1882 749 1917 Μωσῆς,
774 1882 880 1916 πρῶτος
900 1883 986 1909 ἁπάν-

195 1934 250 1953 των
271 1928 362 1961 γραφῇ
387 1928 524 1962 παραδοὺς
548 1929 593 1954 τὸν
610 1927 665 1954 τῶν
687 1929 740 1963 πρὸ
757 1928 838 1955 αὑτοῦ
855 1928 985 1963 θεοφιλῶν

202 1973 335 2008 Ἑὸραίων
352 1973 417 2008 βίον,
437 1974 481 2000 τὸν
504 1975 642 2001 πολιτικὸν
667 1974 733 2010 ὁμοῦ
760 1976 807 2002 καὶ
834 1976 985 2011 πρακτικὸν

194 2020 228 2047 δι’
251 2021 413 2056 ὑσηγήσεως
441 2022 579 2056 ἱστορικῆς
603 2021 773 2048 ὑποτέθειται
799 2023 908 2057 τρόπον.
932 2020 986 2054 *Ης

196 2065 358 2101 ἀρχόμενος,
373 2067 427 2093 ἀπὸ
442 2066 495 2093 τῶν
511 2066 625 2094 καθόλου
643 2067 691 2103 τὴν
705 2067 878 2094 διδασκαλίαν
892 2068 985 2103 ἐποιή-

197 2120 273 2145 σατο,
309 2112 374 2139 Θεὸν
402 2113 455 2139 τῶν
482 2113 549 2140 ὅλων
572 2113 657 2140 αἴτιον
684 2113 914 2149 ὑποστησάμενος,
941 2123 987 2140 κο-

197 2159 342 2194 σμογονίαν
358 2160 404 2186 καὶ
415 2160 636 2196 ἁνθρωπογονίαν
651 2159 884 2196 ὑπογράψαςᾜῖθ
901 2160 985 2192 οὕτως

195 2204 250 2230 ὰπὸ
268 2205 322 2231 τῶν
346 2204 458 2231 καθόλου
476 2206 521 2232 ἐπὶ
551 2205 585 2232 τὰ
609 2206 680 2232 κατὰ
698 2206 780 2242 μέρος
795 2205 931 2241 προελθὼν
947 2207 986 2242 τῷ

175 2249 278 2285 ’λόγῳ,
299 2251 344 2277 καὶ
366 2251 409 2277 διὰ
426 2251 474 2287 τῆς
489 2251 543 2278 τῶν
557 2252 680 2279 παλαιῶν
694 2252 796 2287 ἀνδρῶν
817 2253 927 2287 μνήμης
946 2253 985 2284 είς

193 2296 241 2322 τὸν
255 2296 306 2330 τῆς
320 2296 429 2322 ἐκείνων
441 2297 540 2332 ἀρετῆς
555 2307 583 2324 τε
597 2299 643 2324 καὶ
660 2298 813 2329 θεοσεϐείας
833 2298 912 2333 ζῆλον
924 2299 985 2330 τοὺς

194 2343 326 2377 φοιτητὰς
347 2345 537 2379 παρορμήσας,
552 2345 580 2370 οὺ
606 2344 657 2379 μὴν
674 2344 740 2370 ἀλλὰ
761 2344 808 2371 καὶ
833 2345 913 2376 αὐτὸς
937 2346 985 2371 αὺ-

194 2387 295 2423 θέντης
314 2388 402 2423 νόμων
417 2390 535 2416 εὐσεϐῶν
551 2390 604 2417 τῶν
621 2391 688 2426 πρὸς
707 2391 788 2418 αὑτοῦ
804 2391 985 2418 συντεθέντων

193 2435 372 2469 dmum/021;,
398 2436 467 2463 κατὰ
493 2437 580 2464 πάντα
600 2437 678 2472 δῆλος
695 2438 728 2464 ἂν
743 2438 785 2474 εἴη
798 2439 844 2465 τοῦ
862 2437 984 2473 φιλοθέου

193 2482 297 2516 τρόπου
315 2481 359 2508 διὰ
379 2482 429 2518 τῆς
447 2482 500 2509 τῶν
524 2483 596 2518 ἠθῶν
616 2484 774 2519 ἐπιμελείας
794 2485 920 2520 πρόνοιαν
935 2493 984 2510 πε-

195 2528 353 2562 ποιημένος,
369 2528 463 2565 ὥσπερ
475 2527 521 2556 οὖν
538 2529 584 2555 καὶ
598 2529 676 2556 τοῦτο
691 2530 831 2565 προλαϐὼν
842 2531 856 2556 ὁ
869 2531 946 2565 λόγος
957 2531 984 2557 ἐν

193 2575 252 2605 τοῖς
270 2574 385 2609 πρόσθεν
402 2575 517 2610 φανερὸν
527 2576 721 2611 κατεστήσατο.
734 2577 846 2612 Μακρὸν
862 2577 884 2603 δ’
897 2576 930 2603 ἂν
942 2576 983 2612 εἴη

194 2619 243 2646 καὶ
259 2620 321 2650 τοὺς
342 2619 405 2654 ἑξῆς
422 2620 491 2655 μετὰ
511 2621 612 2647 Μωσὲα
638 2622 860 2657 προφήτας,τούς
876 2631 905 2648 τε
924 2622 984 2649 τού-

192 2674 248 2691 των
277 2666 492 2702 προτρεπτικοὶές
513 2667 561 2702 μὲν
578 2668 688 2703 ἀρετῆς,
707 2669 924 2703 ἁποτρεπτικοὺς
955 2670 984 2696 δὲ

191 2711 294 2742 κακίας
313 2711 422 2744 ἀπάσης
444 2712 549 2747 λόγους.
569 2714 597 2739 ἐν
613 2713 679 2748 τῷδε
702 2714 927 2742 καταϐάλλεσθαι.
952 2716 984 2742 Τί

190 2757 215 2783 δ’
228 2755 256 2782 ετ
271 2755 366 2783 σοιτοῦ
375 2758 529 2792 σοφωτάτου
544 2758 714 2794 Σολομῶντος
721 2759 771 2791 τὰς
784 2760 880 2795 ἠθικὰς
896 2769 984 2796 παρα-

192 2801 306 2836 φέροιμι
322 2800 507 2834 διδασκαλίας
519 2800 558 2834 οἷς
567 2803 580 2822 δ
596 2803 641 2829 καὶ
651 2803 757 2830 οἰκείων
772 2803 856 2837 λόγων
867 2804 983 2840 ἀνέθηκε

193 2846 373 2881 σύγγραμμα,
388 2848 548 2882 Παροιμίας
563 2849 743 2884 ἐπονομάσας,
759 2849 905 2885 ἐπι-τόμους
916 2851 984 2884 γνὼ-

249 2910 263 2925 ι
280 2904 325 2931 ισ.
338 2904 388 2933 διό.
440 2906 454 2927 ιι
467 2907 509 2934 ῗσ.
530 2903 583 2938 αἷς.

1037 1604 1097 1632 dom
1114 1605 1172 1639 ipsa
1184 1604 1253 1631 inter
1268 1604 1392 1631 homines
1407 1603 1497 1631 futura
1514 1608 1597 1637 esset,
1615 1609 1663 1631 aut
1677 1604 1743 1639 quid
1765 1611 1823 1631 om-

1037 1652 1113 1684 nino,
1128 1651 1150 1678 si
1168 1650 1252 1678 Deum
1268 1658 1413 1685 seponeres
1427 1671 1434 1683 ,
1460 1651 1492 1678 ad
1512 1651 1595 1678 vitam
1618 1650 1742 1678 molestia
1754 1649 1825 1677 bbe-

1037 1697 1149 1724 randam
1165 1704 1212 1732 per
1225 1705 1285 1724 sese
1299 1697 1409 1731 posset?
1429 1696 1520 1729 Quare
1539 1697 1631 1724 divina
1655 1704 1689 1724 ex
1714 1696 1824 1729 ﬁducia,

1038 1749 1167 1779 tanquam
1183 1751 1215 1771 ex
1231 1743 1294 1771 fune
1316 1744 1433 1779 quodam
1457 1744 1483 1771 vi
1498 1744 1572 1771 nulla
1590 1743 1741 1778 rumpendo
1758 1751 1824 1770 cun-

1038 1795 1080 1818 cta
1096 1791 1303 1825 suspendentes,
1324 1798 1385 1817 eum
1401 1790 1554 1821 duntaxat.
1576 1790 1623 1826 qui
1644 1790 1701 1818 Deo
1723 1791 1825 1818 charus

1036 1841 1119 1869 esset,
1133 1836 1242 1863 beatum
1262 1844 1322 1863 esse
1339 1840 1503 1863 statuerunt.
1523 1835 1594 1863 Deus
1613 1836 1767 1868 enimvero,
1785 1836 1824 1863 uti

1037 1883 1171 1910 bonorum
1184 1882 1306 1909 omnium
1317 1882 1497 1916 dispensator,
1513 1886 1663 1918 auctorque
1682 1883 1743 1909 vitae
1754 1903 1761 1915 ,
1776 1890 1826 1909 nec

1037 1928 1119 1956 modo
1137 1929 1198 1956 fons
1219 1928 1327 1956 virtutis
1344 1929 1430 1963 ipsius
1442 1950 1449 1962 ,
1479 1936 1572 1957 verum
1598 1929 1682 1957 etiam
1701 1930 1825 1957 omnium

1037 1980 1093 2003 tam
1111 1975 1234 2010 corporis
1258 1982 1340 2010 quam
1358 1975 1474 2003 fortuna:
1490 1975 1625 2003 honorum
1639 1976 1752 2010 largitor
1765 1980 1825 2008 est,

1038 2024 1075 2050 ita
1092 2023 1167 2050 solus
1191 2022 1215 2049 ei
1232 2022 1266 2049 ad
1282 2022 1359 2048 beate
1374 2022 1519 2049 vivendum
1543 2023 1610 2049 satis
1630 2022 1743 2048 omnino
1772 2020 1827 2048 fue-

1037 2070 1082 2101 rit,
1097 2069 1143 2104 qui
1157 2068 1216 2103 ejus
1230 2068 1257 2095 in
1272 2067 1419 2095 amicitiam
1435 2075 1499 2095 vera
1516 2068 1550 2095 sit
1572 2075 1605 2095 ac
1628 2067 1713 2095 solida
1726 2067 1826 2101 pietate

1038 2119 1191 2149 susceptus.
1206 2114 1266 2147 Quo
1279 2113 1380 2141 factum
1394 2114 1474 2141 etiam
1489 2117 1541 2145 est,
1552 2113 1591 2140 uti
1606 2113 1829 2148 sapientissimus

1039 2159 1082 2186 ille
1095 2159 1194 2191 Moses,
1210 2166 1272 2187 eum
1301 2159 1407 2193 primus
1435 2158 1829 2192 omnium,ll‘ebrmorumillo-.

1038 2213 1099 2232 rum
1125 2206 1219 2238 vitam,
1235 2206 1281 2240 qui
1305 2209 1368 2233 ante
1392 2213 1452 2233 sese
1475 2205 1575 2233 divinae
1602 2205 1683 2241 hujus
1701 2205 1827 2233 amicitiae

1038 2249 1184 2288 participes
1200 2252 1324 2284 fuerant,
1352 2252 1463 2287 scriptis
1483 2252 1642 2285 mandaret,
1665 2260 1720 2279 non
1735 2252 1826 2287 reipu-

1037 2299 1115 2326 blicae
1144 2298 1236 2331 modo,
1253 2299 1299 2326 sed
1316 2299 1398 2326 etiam
1418 2298 1592 2326 instituenda
1614 2299 1676 2326 vita:
1689 2298 1804 2326 formam
1816 2318 1824 2330 ,

1037 2345 1167 2373 historica
1183 2346 1341 2373 narratione
1353 2346 1511 2381 complexus
1533 2346 1578 2373 sit.
1595 2345 1680 2380 Cujus
1694 2345 1825 2373 doctrinm

1037 2393 1071 2419 ab
1095 2391 1215 2419 universi
1232 2391 1384 2419 rationibus
1412 2392 1519 2419 initium
1541 2392 1634 2424 duxit,
1658 2398 1749 2418 rerum
1766 2397 1826 2417 om-

1038 2439 1112 2465 nium
1129 2444 1268 2465 auctorem
1284 2438 1368 2465 Deum
1389 2443 1529 2470 statuens,
1547 2438 1611 2465 dum
1630 2437 1724 2465 mundi
1744 2437 1826 2464 simul

1037 2490 1063 2512 et
1075 2485 1194 2511 hominis
1209 2490 1299 2512 ortum
1325 2485 1547 2519 molitionemque
1562 2484 1688 2512 delineat.
1706 2483 1775 2511 Tum
1790 2483 1825 2511 ab

1037 2531 1171 2559 universis
1203 2531 1255 2558 illis
1283 2530 1317 2558 ad
1345 2531 1497 2566 singulares
1525 2532 1649 2558 oratione
1678 2531 1823 2565 delapsus,

1036 2577 1101 2605 dum
1117 2577 1271 2605 renovanda
1286 2577 1440 2612 priscorum
1463 2576 1571 2603 illorum
1588 2577 1720 2604 memoria
1739 2576 1824 2602 lecto-

1036 2631 1079 2651 res
1092 2623 1285 2657 auditoresque
1297 2630 1362 2650 suos
1377 2623 1409 2649 ad
1424 2623 1545 2658 ipsorum
1565 2622 1692 2649 virtutem
1706 2630 1738 2649 ac
1761 2621 1823 2648 relia

1035 2671 1141 2705 gionem
1161 2670 1319 2697 imitandam
1341 2670 1519 2703 exstimulat;
1547 2670 1601 2697 imo
1624 2670 1687 2697 dum
1711 2670 1825 2704 ipsemet

1035 2716 1123 2752 legum
1149 2716 1381 2744 sanctissimarum
1399 2722 1538 2744 auctorem
1556 2716 1635 2743 simu!
1657 2717 1825 2751 latoremque

1035 2763 1192 2798 proﬁtetur,
1215 2770 1296 2797 quam
1312 2762 1434 2790 studiose
1450 2763 1523 2790 illam
1547 2763 1665 2790 hominis
1682 2771 1743 2790 cum
1769 2762 1824 2790 Deo

1034 2809 1268 2841 consuetudinem,
1284 2813 1408 2842 suscepta
1424 2816 1530 2836 morum
1545 2816 1660 2836 censura
1678 2816 1823 2844 promove‘

1035 2856 1080 2889 rit,
1094 2860 1185 2890 aperte
1196 2855 1323 2883 omnibus
1338 2855 1482 2891 palamque
1497 2859 1624 2888 testatur,
1640 2857 1678 2883 uti
1697 2855 1755 2891 jam
1774 2862 1822 2883 su-
