2091 3208
289 168 340 196 851
622 167 759 196 EUSEBll
775 166 1017 195 CAESARIENSIS
1033 166 1108 194 OPP.
1130 166 1220 195 PARS
1239 166 1270 194 Π.
1289 182 1324 188 -
1343 167 1592 197 APOLOGETICA.
1867 169 1919 196 852

286 227 441 262 perioribus
455 227 534 255 libris
549 227 728 255 ostendimus.
741 227 898 263 Atlongum
917 234 983 254 sane
995 226 1075 260 foret,

1130 235 1183 262 μας
1198 226 1406 263 ἀποφθέγμασιν
1423 228 1542 260 ἐοικυίας
1552 228 1678 255 ὑποθέσει
1691 229 1845 265 περιλαϐὼν
1858 232 1917 266 μιᾷ.

285 281 348 300 eum
364 274 432 301 alios
446 274 573 308 deinceps
596 273 742 308 prophetas
755 295 762 307 ,
785 274 832 308 qui
852 273 955 301 Mosem
988 274 1073 301 secuti

1128 273 1182 299 Καὶ
1192 273 1237 299 τὸν
1252 274 1300 308 μὲν
1312 273 1406 308 ἠθικὸν
1419 275 1518 310 τρόπον
1530 275 1615 310 ταύτῃ
1630 284 1667 311 πη
1680 276 1773 307 παῖδες
1787 276 1918 311 Ἐϐραίων

285 324 359 352 sunt,
376 324 431 346 tum
450 319 571 354 singulos
586 319 706 354 ipsorum
718 340 725 352 ,
752 320 853 355 quibus
878 320 919 347 vel
935 319 969 347 ad
988 323 1074 347 virtu-

1128 319 1161 345 ὲκ
1178 319 1310 351 παλαιῶν,
1328 320 1391 355 πρὶν
1414 320 1430 356 ἢ
1457 321 1504 347 καί
1521 321 1555 347 τὰ
1572 320 1668 357 πρῶτα
1685 323 1804 356 στοιχεῖα
1825 322 1920 357 μαθεῖν

286 369 339 392 tem
360 365 550 396 adhortantur,
568 367 609 393 vel
640 366 819 393 dehortantur
837 374 853 393 a
873 366 957 399 vitiis,
973 366 1073 394 oratio-

1131 365 1273 401 Ἕλληνας.
1290 367 1367 393 αὐτοί
1387 375 1416 392 τε
1438 367 1619 400 ἐπαιδεύοντο,
1633 368 1680 394 καὶ
1702 369 1758 399 τοῖς
1778 368 1918 404 προσιοῦσι

285 419 334 438 nes
355 412 407 439 hoc
421 412 447 439 in
461 412 588 440 volumen
603 413 751 440 includere.
769 412 839 446 Quid
858 421 939 448 porro
951 435 958 446 ,
981 413 1005 440 si
1027 412 1076 440 tibi

1129 412 1180 447 τῆς
1196 413 1280 448 αὐτῆς
1295 413 1417 447 ἀφθόνως
1431 413 1588 440 ἐκοινώνουν
1603 414 1736 445 παιδείας.

285 460 399 488 moralia
414 461 608 495 sapientissimi
632 461 786 489 Salomonis
802 467 934 497 praecepta
950 468 1173 492 commemorem,
1194 461 1294 496 quibus
1306 461 1441 496 peculiare
1449 461 1584 496 quoddam
1600 461 1773 488 familiarium
1785 461 1916 489 dictorum

284 516 353 543 opus
367 509 505 536 addictum
517 510 612 543 voluit,
627 518 687 545 qua:
701 510 847 538 Provorbia
867 510 1044 545 nuncupavit,
1065 509 1189 537 concisas
1202 509 1353 544 brevesque
1367 510 1516 537 sententias
1529 509 1786 544 apophlhegmatum
1803 510 1916 542 similes,

285 565 340 584 uno
351 557 468 592 quodam
483 559 635 593 argumenti
654 566 752 593 genere
767 559 950 593 complexus?
970 559 1059 593 Atque
1076 558 1112 584 ita
1130 557 1236 585 Hebrmi
1263 558 1319 592 jam
1342 558 1418 592 olim,
1444 557 1525 593 513
1542 557 1701 592 priusquam
1723 557 1809 584 Graeci
1831 558 1917 592 prima

282 604 414 632 elementa
430 605 598 640 didicissent,
616 614 677 633 cum
692 607 802 641 optimis
817 607 867 641 ipsi
883 607 1005 634 moribus
1019 606 1133 633 instituti
1150 610 1224 637 sunt,
1242 606 1336 632 tumin
1352 605 1473 640 ejusdem
1489 606 1569 632 etiam
1581 605 1730 640 disciplinae
1745 606 1917 633 commuttio—

284 658 358 682 nem,
373 655 505 687 quotquot
524 660 583 680 sese
598 653 785 686 convenirent,
806 653 911 687 prolixe
931 653 1076 680 admodum
1090 660 1122 679 ac
1133 651 1282 680 liberaliter
1294 656 1466 686 acceperunt.

612 700 715 727 IAPUT
733 700 766 727 ν.

612 700 665 727 ‘AP
694 700 715 727 T
733 700 766 727 ν.

318 742 359 770 De
369 744 540 771 Hebrworum
554 700 720 780 p/Iillwsoplllia
737 747 765 773 in
779 747 930 773 disserendo
947 747 1043 781 posita.

1398 699 1595 726 ΚΕΦΑΛΑΙΟΝ
1615 699 1652 726 Ε’.

1164 747 1234 780 Περὶ
1246 746 1302 781 τῆς
1311 746 1377 780 παρ’
1390 746 1534 780 Ἑϐραίοις
1541 745 1666 781 λογικῆς
1674 746 1880 781 πραγματείας.

323 788 383 816 Jam
397 797 461 817 vero
481 795 585 825 partem
605 791 678 818 illam
695 792 884 827 philosophiae,
898 801 958 828 quae
977 794 1003 821 in
1021 794 1077 822 dis—

1164 792 1219 818 Καὶ
1234 793 1279 819 τὸν
1293 792 1399 827 λογικὸν
1416 792 1444 818 δὲ
1463 792 1563 828 τρόπον
1585 792 1634 827 τῆς
1657 792 1791 828 Ἑϐραίων
1811 793 1917 827 φιλοσο-

289 836 398 863 serendi
420 836 525 864 ratione
545 843 680 870 versatur,
702 846 756 865 non
776 840 906 866 contortis
923 840 1075 874 sophisma-

286 881 332 913 tis,
351 886 378 908 et
395 881 538 909 fallacibus
556 884 800 916 conclusiunculis,
818 889 848 912 ut
868 884 954 912 Graeci
971 886 1074 917 solent,

286 927 465 957 excolendam
499 928 550 963 ipsi
576 922 800 964 tractandamque
826 936 1007 965 putaverunt,
1028 931 1075 959 sed

287 973 468 1008 percipienda:
489 973 580 1001 studio
596 974 734 1002 veritatis:
753 975 787 1002 ad
805 983 887 1010 quam
905 976 922 1002 ii
939 983 1015 1008 sane,
1028 975 1075 1011 qui

287 1018 408 1045 divinam
427 1019 498 1053 apud
512 1019 574 1046 illos
588 1019 749 1054 sapientiam
768 1021 975 1054 prolitebantur,
994 1021 1074 1048 intel-

288 1063 398 1098 ligentia
417 1064 546 1091 diviniori
569 1063 629 1091 luce
645 1065 814 1098 collustrata,
837 1065 951 1093 feliciter
971 1065 1077 1100 aspira-

286 1113 361 1136 runl.
388 1109 484 1143 Iidem,
504 1110 542 1137 uti
556 1117 652 1138 eorum
668 1111 751 1137 etiam
775 1111 894 1144 animos,
909 1119 979 1146 quos
992 1111 1075 1139 disci-

286 1156 368 1191 plinis
379 1156 437 1183 suis
453 1156 614 1185 imbuendos
629 1157 823 1192 suscipiebant,
839 1158 873 1185 ad
890 1158 964 1185 illam
980 1166 1074 1193 capes—

288 1202 400 1229 sendam
423 1206 562 1235 acuerent,
581 1210 674 1231 sacras
693 1203 727 1230 iis
743 1204 903 1236 sententias,
926 1204 1075 1239 plenasque

288 1248 430 1283 gravitatis
451 1252 478 1275 et
501 1248 653 1276 honestatis
678 1249 817 1283 historias,
845 1257 907 1276 cum
926 1249 1075 1277 modulatis

286 1295 454 1331 alternisque
490 1297 677 1330 carminibus,
711 1302 784 1324 certa
809 1305 986 1324 numerorum
1016 1297 1074 1332 lege

287 1342 504 1377 comprehensis,
519 1343 685 1377 problemata
702 1343 813 1378 insuper
824 1348 904 1385 atque
918 1344 1087 1385 aenigmata“

288 1388 490 1423 nonnullasque
504 1389 637 1422 eruditas,
652 1394 678 1417 et
692 1389 831 1424 allegoriis
847 1381 984 1417 involutas
1001 1398 1074 1424 QUIB-

287 1435 404 1467 ctiones,
425 1443 487 1462 cum
503 1436 649 1463 verborum
666 1435 812 1470 elegantia,
825 1441 853 1463 et
866 1435 942 1463 suavi
959 1443 1008 1471 pro
1022 1436 1074 1462 lin-

287 1490 347 1517 guae
367 1482 474 1510 ratione
488 1482 616 1510 dictionis
637 1483 729 1518 lepore
744 1483 916 1518 coniunctas,
939 1491 954 1510 a
972 1483 1074 1510 teneris
1089 1477 1109 1506 (Ζ

288 1528 444 1564 unguiculis
462 1528 633 1563 ingerebant.
648 1528 705 1556 [mo
722 1529 916 1564 primariarum
931 1529 1013 1556 etiam
1030 1528 1073 1556 di-

285 1574 464 1609 sciplinarum
478 1573 635 1601 deuterotas
647 1574 781 1608 quosdam
796 1574 916 1601 habuere
936 1574 987 1609 (sic
1000 1574 1074 1601 enim

285 1619 439 1647 litterarum
461 1628 572 1647 suarum
589 1620 752 1654 interpretes
768 1627 867 1646 vocare
883 1619 955 1646 soliti
972 1619 1073 1654 erant),

287 1666 335 1700 qui
352 1673 396 1694 res
413 1665 567 1701 :enigmatis
586 1665 773 1698 adumbratas,
797 1672 852 1691 non
868 1665 950 1700 vulgo
964 1665 1074 1700 quidem

287 1718 320 1737 ac
334 1711 489 1745 promiscue
508 1710 646 1740 omnibus,
669 1710 716 1737 sed
737 1709 770 1736 iis
786 1713 887 1740 tamen,
909 1708 954 1743 qui
977 1708 1011 1736 ad
1027 1716 1075 1736 eo-

286 1764 348 1783 rum
375 1756 580 1791 intelligentiam
606 1755 697 1782 idonei
722 1759 910 1787 censerentur,
935 1754 1075 1782 illustriori

289 1802 473 1837 explicatione
489 1802 637 1836 aperirent.
661 1800 690 1828 ld
708 1801 788 1836 plane
806 1805 917 1829 secutus
932 1801 1076 1836 sapientis-

287 1849 376 1876 simus
399 1848 470 1883 apud
489 1855 537 1875 eos
556 1846 697 1878 Salomon,
719 1846 782 1874 inde
801 1854 910 1881 quoque
935 1846 977 1873 sui
1007 1845 1076 1873 Pro-

288 1895 437 1922 verbiorum
453 1894 543 1928 operis
565 1894 673 1921 initium
692 1893 765 1927 fecit,
787 1894 838 1921 hac
861 1893 917 1921 fere
936 1893 969 1920 de
992 1901 1076 1921 causa

290 1941 324 1968 ad
342 1941 394 1968 hoc
409 1940 544 1968 scribendi
559 1948 645 1975 genus
661 1935 808 1967 adductum
830 1947 859 1967 se
876 1947 937 1967 esse
950 1944 1075 1971 testatus,

288 1995 350 2015 cum
376 1986 486 2014 disertis
513 1986 709 2021 conceptisque
737 1985 828 2012 verbis
850 1991 976 2020 oportere
992 1985 1076 2018 ait”,

291 2042 300 2058 ι
319 2032 468 2068 quemlibet
493 2032 632 2059 hominem
660 2032 731 2060 scire
752 2031 927 2066 sapientiam,
948 2035 975 2059 et
994 2031 1074 2059 disci-

288 2079 404 2113 plinam,
423 2082 452 2105 et
468 2078 618 2112 intelligere
637 2077 717 2104 verba
744 2077 912 2112 prudentiae:
937 2076 1077 2111 suscipere

287 2125 477 2153 cavillationes
491 2133 661 2158 sermonum,
678 2130 703 2152 et
720 2124 869 2159 intelligere
882 2124 1017 2159 justitiam
1031 2132 1076 2151 ve-

287 2178 358 2202 ram,
376 2175 402 2198 et
416 2170 550 2205 judicium
565 2171 692 2205 dirigere.
709 2169 745 2197 Ut
757 2170 812 2201 det.
830 2170 928 2205 inquit,
947 2171 1077 2197 innocen-
1092 2156 1114 2182 Ῑ)

287 2216 363 2243 tibus
380 2217 521 2249 astutiam,
550 2221 576 2244 et
598 2216 763 2243 adolescenti
785 2224 908 2250 sensum,
931 2222 959 2244 et
978 2217 1077 2244 intelli-

288 2263 416 2298 gentiam.
431 2263 495 2291 llaec
508 2263 580 2290 enim
595 2263 709 2291 audiens
721 2263 840 2298 sapiens,
855 2263 1003 2297 sapientior
1014 2264 1076 2296 erit,

288 2316 316 2338 et
337 2311 491 2346 intelligens
511 2310 694 2345 gubernacula
713 2309 873 2344 possidebit.
900 2308 931 2335 Et
954 2309 1077 2336 animad-

289 2361 377 2384 vertet
390 2357 559 2392 parabolam,
575 2361 601 2383 et
616 2355 790 2383 tenebrosum
812 2362 976 2387 sermonem,
995 2355 1077 2382 verba

290 2404 457 2439 sapientum,
473 2407 500 2430 et
516 2402 671 2437 aenigmata.
689 2411 699 2426 ι
716 2400 782 2433 Qum
794 2400 903 2436 quidem
921 2400 1012 2435 operis
1029 2401 1076 2427 hu~

288 2449 334 2483 jus
348 2449 482 2484 promissa
498 2448 632 2482 ejusmodi
656 2454 718 2474 cum
742 2449 813 2474 sint:
832 2452 889 2473 tum
906 2454 970 2473 vero
984 2446 1077 2483 singu-

291 2495 332 2522 las
355 2503 461 2528 eorum,
479 2502 540 2529 qua:
554 2493 627 2521 dicta
651 2494 715 2524 sint,
737 2493 948 2527 propositiones,
968 2500 1079 2529 earum-

293 2549 347 2576 que
376 2541 457 2577 515I
488 2541 654 2572 solutiones,
685 2541 758 2567 illam
784 2540 902 2574 denique
927 2536 1078 2567 disserendi

293 2593 391 2620 artem,
410 2596 472 2615 eum
490 2588 632 2614 hominum
648 2587 757 2614 illorum
781 2586 915 2620 sapientia
929 2585 1079 2621 linguaque

292 2637 501 2667 congruentem,
521 2641 580 2668 quae
601 2634 702 2668 passim
721 2634 747 2659 in
766 2632 932 2668 propheticis
952 2631 1079 2659 omnibus

293 2678 415 2714 ipsorum
433 2680 531 2707 litteris
545 2681 661 2711 exsistit,
677 2681 822 2707 observare
833 2679 945 2714 quilibet
961 2678 1077 2714 poterit,

294 2726 341 2760 qui
358 2726 439 2753 modo
455 2726 539 2754 libros
553 2727 684 2753 orationis
701 2734 757 2753 suae
774 2727 940 2752 monimenta
958 2726 1078 2760 comple-

295 2779 346 2798 xos
359 2771 446 2798 otiose
460 2771 580 2799 volutare
596 2781 626 2799 ac
641 2772 778 2806 perlegere
791 2771 915 2798 voluerit.
931 2769 1076 2801 Prazterea,

296 2816 318 2843 si
336 2816 380 2843 cui
396 2815 464 2843 forte
478 2816 590 2844 honesta
607 2819 739 2852 cupiditas
753 2818 838 2853 ipsius
856 2824 965 2852 quoque
979 2815 1077 2851 linguae

331 2874 354 2889 θ’
371 2873 448 2901 Prov.
471 2882 490 2906 ι,
510 2875 533 2901 l.

1128 837 1192 872 φίας
1206 837 1236 863 οὐ
1250 837 1376 873 καθάπερ
1392 837 1504 872 Ἕλλησι
1530 837 1616 872 φίλον,
1630 837 1760 873 δεινότητι
1785 838 1917 873 σοφισμά-

1125 891 1179 909 των
1196 883 1243 909 καὶ
1256 882 1397 918 λογισμοῖς
1411 883 1479 919 πρός
1495 883 1602 918 ἀπάτην
1619 883 1854 919 τετεχναιιίιὲνοις⁷
1862 884 1916 910 δεῖν

1126 928 1209 964 ᾣοντο
1238 929 1369 964 μετιέναι,
1396 928 1545 965 καταλήψει
1572 929 1600 956 δὲ
1627 930 1711 964 αὐτῆς
1725 929 1863 965 ἀληθείας,
1882 930 1917 965 ἣν

1126 975 1179 1001 ὑπὸ
1193 975 1263 1002 θείου
1278 975 1365 1010 φωτὸς
1380 974 1429 1006 τὰς
1442 975 1531 1010 ψυχὰς
1552 975 1787 1010 καταυγασθέντες
1803 976 1828 1003 οἱ
1851 977 1917 1012 παρ’

1126 1021 1216 1053 αὐτοῖς
1234 1021 1367 1055 θεόσοφοι,
1386 1018 1465 1058 εὗρον
1488 1031 1517 1048 τε
1533 1022 1580 1049 καὶ
1596 1022 1794 1058 ὲφωτίσθησαν.
1814 1023 1871 1057 Ἐφ’
1883 1023 1917 1058 ἢν

1125 1068 1277 1100 ὰκονῶντες
1296 1069 1360 1100 τοὺς
1376 1067 1411 1094 τὰ
1423 1069 1510 1095 οἰκεῖα
1529 1069 1677 1104 μαθήματα
1695 1068 1914 1105 παιδευομένους,

1125 1114 1211 1148 λόγων
1233 1123 1262 1141 τε
1289 1115 1380 1146 αὐτοῖς
1396 1114 1475 1150 ίερῶν
1495 1114 1673 1149 ἀπαγγελίας,
1688 1115 1812 1151 ἱστοριῶν
1825 1125 1855 1142 τε
1872 1125 1916 1143 σε-

1127 1161 1200 1196 μνῶν
1216 1161 1383 1197 διηγήματα,
1401 1161 1477 1197 ᾠδῶν
1501 1169 1531 1187 τε
1556 1160 1603 1187 καὶ
1630 1161 1742 1197 ἐπῳδῶν
1762 1162 1917 1198 ἐμμέτρους

1126 1208 1275 1240 συνθέσεις,
1300 1209 1346 1235 καὶ
1369 1207 1410 1234 ἔτι
1432 1208 1612 1243 προϐλήματα
1630 1209 1676 1235 καὶ
1696 1209 1856 1244 αἰνίγματα,
1869 1210 1916 1236 καί

1124 1262 1199 1286 τινας
1223 1253 1307 1289 σοφὰς
1325 1254 1372 1280 καὶ
1389 1253 1571 1290 ἀλληγορικὰς
1587 1254 1701 1290 θεωρίας
1718 1254 1787 1290 μετὰ
1802 1254 1916 1287 κάλλους

1125 1300 1262 1332 εὐεπείας,
1279 1299 1327 1326 καὶ
1340 1300 1389 1335 τῆς
1404 1300 1474 1326 κατὰ
1484 1300 1534 1335 τὴν
1553 1300 1657 1327 οἰκείαν
1671 1300 1793 1334 γλῶτταν
1815 1300 1916 1336 εὐφρα-

1124 1345 1187 1377 δοῦς
1211 1345 1392 1380 ἀπαγγελίας,
1411 1345 1440 1378 ἐξ
1462 1345 1501 1372 ἔτι
1521 1345 1621 1380 νηπίας
1635 1346 1725 1378 αὐτοῖς
1739 1346 1915 1382 παρεδίδοσαν

1124 1393 1243 1428 ἡλικίας.
1268 1393 1323 1420 Ναὶ
1339 1392 1391 1428 μὴν
1407 1393 1453 1419 καὶ
1468 1393 1522 1420 τῶν
1536 1392 1650 1428 πρώτων
1668 1393 1835 1430 μαθημάτων
1856 1392 1917 1419 δευ-

1125 1439 1241 1474 τερωταί
1263 1447 1335 1469 τινες
1349 1436 1419 1473 ἦσαν
1436 1437 1526 1469 αὐτοῖς
1537 1445 1543 1451 ·
1560 1436 1631 1463 οὕτω
1648 1437 1675 1463 δὲ
1688 1437 1764 1471 φίλον
1777 1437 1838 1468 τοὺς
1850 1436 1914 1472 ἐξη-

1125 1485 1212 1520 γητὰς
1234 1484 1287 1511 τῶν
1317 1484 1380 1518 παρ’
1403 1486 1494 1516 αυτοῖς
1519 1483 1635 1519 Γραφῶν
1654 1482 1811 1517 ὀνομάζειν·
1830 1482 1854 1508 οἳ
1879 1482 1915 1509 τὰ

1124 1530 1157 1556 δι’
1172 1529 1341 1565 αἰνιγμάτων
1363 1529 1578 1564 ἐπεσκιασμὲνα,
1599 1529 1622 1554 εί
1639 1528 1686 1554 καὶ
1704 1527 1741 1563 μὴ
1758 1529 1813 1559 τοῖς
1834 1528 1913 1559 πᾶσι,

1124 1577 1180 1607 τοῖς
1197 1575 1263 1610 γοῦν
1286 1575 1353 1610 πρὸς
1378 1574 1426 1610 τὴν
1451 1574 1552 1601 τούτων
1581 1574 1665 1609 ἀκοὴν
1686 1573 1858 1609 ἐπιτηδείοις,
1882 1572 1915 1599 δι’

1126 1621 1270 1658 ἑρμηνείας
1282 1621 1328 1648 καὶ
1346 1620 1496 1656 σαφηνείας
1510 1620 1659 1655 ἐξέφαινον.
1674 1619 1767 1656 Ταύτῃ
1778 1628 1819 1646 τοι
1836 1619 1915 1646 πάλιν

1125 1668 1139 1693 ὁ
1151 1667 1304 1701 σοφώτατος
1318 1666 1393 1702 παρὰ
1407 1666 1492 1692 τοῖσδε
1504 1665 1638 1701 Σολομὼν,
1651 1665 1755 1691 ἐνθένδε
1774 1664 1855 1692 ποθὲν
1866 1665 1915 1701 τὴν

1125 1713 1264 1749 καταρχὴν
1276 1712 1324 1739 τοῦ
1337 1712 1390 1739 τῶν
1405 1711 1570 1747 Παροιμιῶν
1582 1713 1726 1747 ἐποιήσατο
1736 1711 1916 1747 συγγράμμα-

1126 1769 1181 1792 τος,
1194 1759 1334 1795 μονονουχὶ
1347 1759 1397 1793 τὴν
1423 1758 1512 1785 αἰτίαν
1534 1758 1608 1793 αὐτῷ
1626 1758 1674 1793 τῆς
1692 1758 1799 1793 γραφῆς
1815 1758 1915 1793 ταύτην

1126 1804 1195 1833 εἶναι
1217 1804 1335 1838 διδάξας,
1354 1804 1385 1831 δι’
1403 1800 1440 1831 ὧν
1464 1805 1555 1836 αὐτοῖς
1568 1805 1681 1839 ῥήμασι,
1701 1813 1710 1829 l
1728 1804 1782 1830 δεῖν
1803 1813 1812 1829 ι
1831 1804 1914 1839 ἔφησε

1130 1862 1139 1878 ι
1156 1852 1243 1878 πάντα
1261 1851 1343 1887 ἄνδρα
1357 1851 1458 1885 γνῶναι
1474 1851 1569 1885 σοφίαν
1586 1851 1632 1877 καὶ
1645 1850 1780 1882 παιδείαν,
1796 1851 1842 1877 καὶ
1856 1851 1916 1886 νοῆ-

1128 1907 1172 1925 σαι
1189 1898 1283 1932 λόγους
1307 1898 1473 1933 φρονήσεως,
1488 1896 1615 1929 δέξασθαί
1635 1905 1664 1923 τε
1681 1896 1800 1932 στροφὰς
1817 1896 1915 1930 λόγων,

1127 1945 1220 1980 νοῆσαί
1234 1952 1262 1971 τε
1280 1944 1451 1979 δικαιοσύνην
1467 1943 1564 1979 ἀληθῆ,
1578 1943 1624 1970 καὶ
1640 1944 1727 1978 κρῖμα
1735 1941 1919 1969 κατευθύνειν.

1128 1991 1172 2017 ἴνα
1196 1990 1244 2026 δῴ,
1273 1990 1364 2025 φησὶν,
1383 1990 1496 2021 ἀκάκοις
1523 1988 1701 2024 πανουργίαν,
1722 1988 1798 2014 παιδί
1821 1996 1850 2013 τε
1866 1987 1916 2022 νέῳ

1128 2037 1253 2072 αἴσθησιν
1277 2037 1323 2062 καὶ
1348 2035 1459 2063 ἔννοιαν.
1489 2035 1578 2061 Τῶνδε
1606 2034 1658 2070 γὰρ
1684 2033 1803 2064 ἀκούσας
1825 2032 1915 2065 σοιρὸς,

1129 2082 1280 2117 σοφώτερος
1291 2082 1368 2109 ἔσται
1378 2090 1384 2096 '
1402 2083 1416 2108 ὁ
1430 2081 1457 2108 δὲ
1471 2082 1517 2117 νοή
1522 2090 1580 2116 μων
1598 2080 1760 2116 κυϐέρνησιν
1776 2080 1915 2115 κτήσεται,

1129 2129 1219 2163 νοήσει
1231 2137 1261 2154 τε
1276 2126 1443 2164 παραϐολὴν,
1460 2127 1506 2153 καλ¹
1521 2126 1657 2152 σκοτεινὸν
1671 2125 1759 2159 λόγον,
1778 2125 1870 2160 ῥήσεις
1885 2132 1916 2149 τε

1131 2175 1231 2211 σοφῶν,
1249 2176 1297 2202 καλ¹
1320 2176 1478 2210 αἰνίγματα.
1495 2184 1503 2200 ι
1524 2174 1579 2201 Καὶ
1594 2174 1629 2201 τὰ
1644 2173 1693 2209 μὲν
1707 2173 1757 2207 τῆς
1770 2173 1816 2199 τοῦ
1832 2172 1918 2208 δηλω-

1129 2221 1221 2252 θέντος
1236 2220 1451 2256 συγγράμματος
1481 2219 1647 2253 ἐπαγγελίας
1661 2218 1774 2245 τοιαῦτα
1790 2227 1850 2245 τινα
1865 2217 1928 2257 ἦν’.

1128 2266 1177 2298 τὰς
1190 2266 1212 2292 δ’
1227 2266 1255 2292 ἐν
1269 2265 1346 2302 μέρει
1359 2265 1413 2291 τῶν
1427 2264 1576 2299 λεχθέντων
1589 2264 1743 2300 προτάσεις,
1755 2263 1802 2290 καὶ
1815 2263 1916 2289 τούτων

1128 2312 1177 2343 τὰς
1194 2311 1341 2343 ὲπιλύσεις,
1358 2311 1408 2346 τήν
1421 2319 1450 2336 τε
1467 2311 1578 2346 λογικὴν
1592 2310 1794 2346 πραγματείαν,
1811 2308 1917 2340 alicam;

1130 2360 1163 2393 τῇ
1189 2357 1243 2384 τῶν
1263 2357 1368 2394 ἀνδρῶν
1387 2356 1467 2392 σοφίᾳ
1489 2365 1518 2382 τε
1536 2357 1582 2383 καὶ
1603 2357 1678 2391 φωνῇ
1693 2355 1737 2382 διὰ
1759 2355 1853 2381 πασῶν
1864 2355 1917 2381 τῶν

1131 2405 1197 2439 παρ’
1219 2404 1309 2434 αὐτοῖς
1331 2402 1509 2438 προφητικῶν
1533 2402 1649 2438 Γραφῶν
1677 2401 1841 2437 φερομένην,
1865 2402 1917 2436 ὅτῳ

1133 2449 1217 2485 φίλον,
1231 2450 1280 2485 τῆς
1293 2448 1394 2475 τούτων
1412 2448 1556 2482 ἐντεύξεως
1565 2448 1614 2479 τὰς
1631 2448 1736 2483 βίϐλους
1755 2447 1801 2473 ἐπὶ
1821 2446 1917 2482 σχολῆς

1134 2495 1203 2530 μετὰ
1218 2496 1311 2531 χεῖρας
1330 2495 1420 2521 λαὸὼν
1436 2495 1547 2521 εἴσεται.
1565 2494 1596 2520 Εἰ
1613 2494 1641 2520 δέ
1654 2502 1695 2525 τις
1710 2495 1756 2520 καὶ
1770 2493 1819 2527 τῆς
1834 2492 1918 2527 γλώτ-

1133 2550 1182 2577 της
1210 2542 1295 2576 αὒτῆς
1316 2542 1467 2576 φιλοκάλως
1488 2541 1591 2575 γένοιτο
1611 2541 1639 2567 ἐν
1656 2540 1746 2575 πείρᾳ,
1764 2539 1812 2565 ῐδοι
1825 2539 1859 2566 ἂν
1875 2536 1918 2565 οἶα

1134 2588 1209 2623 παρὰ
1234 2588 1390 2623 βαρϐάροις,
1410 2587 1508 2622 ἄνδρας
1535 2585 1826 2621 λογικωτατους,οὺδὲν
1843 2593 1917 2620 σοφι-

1134 2634 1205 2660 στῶν
1231 2634 1290 2660 οὐδὲ
1315 2634 1436 2669 ρητόρων
1457 2632 1620 2663 ἀποδέοντας
1645 2632 1678 2667 τῇ
1700 2631 1787 2666 οἰκείᾳ
1801 2631 1916 2666 γλώττῃ.

1135 2677 1195 2705 Εἶεν
1216 2679 1237 2705 δ’
1263 2678 1294 2705 ἂν
1317 2679 1407 2710 αὐτοῖς
1434 2678 1480 2704 καὶ
1498 2677 1630 2713 ἕμμετροι
1643 2677 1774 2712 ποιήσεις,
1790 2676 1827 2708 ὡς
1843 2677 1858 2711 ἡ
1872 2685 1918 2711 με·

1132 2725 1201 2759 γάλη
1233 2724 1352 2756 Μωσέως
1370 2724 1426 2759 ᾠδὴ
1446 2724 1493 2750 καὶ
1519 2723 1566 2749 τοῦ
1590 2723 1671 2749 Δαῶδ
1696 2724 1710 2748 ὀ
1734 2722 1785 2756 ριη’
1802 2721 1916 2757 eam,

1132 2770 1170 2805 τῷ
1193 2771 1352 2805 καλουμένῳ
1372 2770 1435 2806 παρ’
1452 2770 1577 2804 ’Ἓλλησιν
1587 2768 1668 2805 ἡρὼῳ
1686 2770 1775 2804 μέτρῳ
1792 2777 1917 2796 συντετα-

1135 2817 1236 2852 γμένοι.
1251 2818 1318 2844 Φασὶ
1335 2816 1398 2851 γοῦν
1422 2816 1557 2852 ἑξάμετρα
1579 2814 1646 2842 εἶναι
1666 2815 1806 2848 ταῦτα,δι“
1826 2814 1917 2842 ἐκδιαί-
