2091 3208
205 153 258 180 835

790 152 950 180 ΡΒΑΞΡΑΠ.
976 151 1102 179 EVANG.
1124 151 1188 179 LIB.
1210 152 1253 179 XI.

1780 155 1832 183 854

202 212 269 239 δίκα
289 212 430 239 συλλαϐῶν
452 213 631 248 πεποιημένα.
662 214 718 240 Καὶ
749 213 781 240 τὰ
808 213 888 240 λοιπὰ
913 213 941 239 δὲ
963 212 993 238 τὰ

1049 212 1231 247 c0gnitionem
1247 213 1389 248 pepererit,
1406 218 1536 249 agnoscet
1553 213 1598 241 ille
1614 212 1735 248 profecto
1747 214 1830 245 vires,

203 258 268 295 παρ¹
291 259 382 290 αὐτοῖς
406 259 520 294 στιχήρη
545 259 578 286 δι’
603 258 677 285 ἐπῶν
707 259 816 293 λέγεται
839 259 992 295 τριμέτρων

201 313 232 331 τε
249 304 296 331 καὶ
307 305 509 340 τετραμέτρων,
525 305 597 332 κατὰ
609 305 657 340 τὴν
673 306 774 332 οἰκείαν
787 306 874 332 αὐτῶν
886 307 993 340 συγκεῖ-

203 350 265 376 σθαι
292 351 392 386 φωνήν.
408 350 464 377 Καὶ
486 352 519 377 τὰ
542 351 591 386 μὲν
607 351 655 386 τῆς
672 351 769 384 λέξεως
783 352 874 383 αὐτοῖς
886 348 937 378 ὧδέ
953 361 990 386 πη

202 396 314 431 λογικῆς
340 397 470 428 συνέσεως
493 396 566 432 ἔχει*
592 397 626 424 τὰ
639 397 667 424 δὲ
684 397 716 432 δὴ
735 398 784 433 τῆς
797 398 915 428 διανοίας
937 398 991 424 οὐδ’

203 442 260 469 ἐστι
283 442 451 478 παρακαλεῖν
466 448 477 462 α
492 442 656 478 ἀνθρώποις.
678 444 745 470 Ε)εοῦ
769 446 822 479 γὰρ
842 445 888 471 καὶ
908 444 992 479 αὐτῆς

202 488 331 524 ἀληθείας
355 488 444 522 λόγια,
475 488 508 515 δι’
528 489 617 515 αὐτῶν
643 490 871 525 ἐκπεφωνημένα,
897 489 992 516 Θεσπί-

203 543 303 569 σματα,
319 535 365 561 καὶ
377 536 552 570 προρρήσεις,
568 535 719 570 μαθήματά
730 544 759 562 τε
772 536 882 571 εὐσεϐῆ,
895 537 942 563 καὶ
957 536 992 564 τὰ

201 581 257 607 τῶν
281 581 365 607 ὄντων
391 581 564 615 ἐπιγνώσεως
578 581 700 617 δόγματα
727 582 926 618 περιειλήφασι.
944 581 993 609 Τε-

202 628 308 662 κμήρια
328 627 350 653 δ’
369 627 402 653 ἂν
425 627 517 659 λάϐοις
532 627 582 661 τῆς
596 627 672 663 παρὰ
685 629 741 659 τοῖς
754 627 866 663 ἀνδράσι
881 627 992 663 λογικῆς

202 672 353 708 ἀκριϐείας,
371 673 425 700 ἀπὸ
438 674 487 708 τῆς
504 672 649 708 ὀρθότητος
661 673 710 709 τῆς
725 673 778 699 τῶν
792 674 930 709 ὀνομάτων
948 673 994 700 θέ-

202 727 282 751 σεως,
296 716 330 754 ἧς
344 719 407 754 πέρι
422 719 468 745 καὶ
483 720 497 745 ὁ
516 719 628 745 Πλάτων
643 720 675 754 τῇ
695 719 828 754 Ἑϐραίων
846 719 993 755 μαρτυρῶν

200 763 266 799 δόξῃ
278 763 356 798 δῆλος
373 763 405 791 ἂν
417 765 470 800 εἴη,
485 764 532 790 καὶ
549 765 608 790 κατ’
623 764 689 790 αὐτό
704 772 734 798 γε
752 763 831 791 τοῦτο
849 765 992 799 σύμφωνος

1048 262 1077 285 ut
1099 258 1125 285 in
1152 258 1271 285 barbara
1288 264 1377 293 gente,
1404 259 1555 287 disserendi
1577 260 1769 294 peritissimos,
1785 260 1832 294 qui

1047 304 1115 330 nihil
1133 309 1179 331 aut
1197 297 1338 339 sophistis,
1358 310 1404 332 aut
1419 305 1584 337 oratoribus,
1603 313 1651 340 pro
1666 305 1765 340 linguae
1776 313 1832 332 suat

1046 350 1071 377 vi
1090 358 1122 378 ac
1142 350 1247 378 ratione
1263 351 1424 378 concedant.
1442 350 1548 379 llabent
1568 351 1607 378 illi
1623 359 1732 387 quoque
1750 360 1832 387 opera

1047 404 1095 424 sua
1112 404 1238 423 versuum
1249 397 1371 424 numeris
1388 398 1595 432 comprehensa,
1619 398 1773 433 cujusmodi
1791 402 1834 426 est

1048 451 1175 477 magnum
1190 442 1256 469 illud
1281 442 1364 469 Musis
1381 450 1502 475 caimen,
1524 443 1702 478 psalmusque
1725 443 1833 470 Davidis

1047 489 1214 515 centesimus
1237 488 1360 516 decimus
1388 494 1513 520 octavus,
1539 489 1610 520 quod
1631 494 1776 523 utrumque
1800 497 1833 516 eo

1047 542 1187 566 versuum,
1216 534 1288 568 quod
1317 534 1456 561 heroicum
1483 534 1570 562 Graeci
1593 539 1708 567 vocant,
1737 542 1833 569 genere

1047 580 1212 607 continetur.
1231 579 1335 614 Quippe
1352 580 1516 607 hexametris
1534 580 1701 615 syllabarum
1714 580 1833 607 sedecim

1047 625 1129 652 ambo
1159 630 1288 652 constare
1316 625 1420 652 dicunt.
1449 625 1564 660 Reliqua
1591 633 1654 652 vero
1680 624 1833 652 carminum

1046 671 1118 706 apud
1135 678 1183 698 eos
1199 678 1310 706 genera,
1327 678 1360 698 ex
1383 671 1513 699 trimetris
1533 679 1565 698 ac
1585 671 1750 698 tetrametris
1773 678 1834 697 ver-

1047 717 1134 749 sibus,
1149 724 1198 752 pro
1217 717 1316 751 linguis
1336 724 1391 744 sure
1409 717 1586 752 proprietate,
1608 717 1723 744 conﬂata
1742 717 1833 752 perhi-

1046 764 1154 790 bentur.
1175 762 1206 790 Et
1222 763 1368 790 dictionem
1384 763 1423 790 illi
1442 763 1552 799 quidem
1567 763 1676 796 habent,
1694 771 1754 790 eam
1776 763 1832 789 dis-

200 808 240 836 ὢν
252 811 284 846 τῇ
303 810 372 837 κατὶ
386 810 449 841 τοὺς
472 810 572 846 ἄνδρας
587 810 740 845 φιλοσοφίᾳ.
757 810 793 841 ὡς
809 810 873 844 γοῦν
888 811 919 836 ἐκ
934 810 993 836 τού-

1047 808 1156 836 serendi
1180 809 1234 835 vim
1260 817 1291 835 ac
1314 809 1453 836 solertiam
1473 809 1665 836 includentem.
1691 807 1760 835 Nam
1773 815 1834 843 quae

200 864 256 882 των
269 856 414 890 διαγνῶναι
432 856 532 892 ῥᾴδιον.

1046 856 1201 883 adsensum
1220 855 1280 889 ejus
1303 856 1523 890 sententiamque
1546 856 1691 890 pertinent,
1717 863 1747 882 ea
1770 862 1832 882 cum

202 902 361 929 hominibus
374 902 499 929 conferre
520 902 556 929 sit
571 900 647 928 nefas
674 910 680 927 τ
699 909 759 928 cum
779 900 825 928 Dei
853 909 885 929 ac
913 902 1036 929 veritatis
1056 901 1142 936 ipsius
1157 901 1266 928 oracula
1283 901 1372 928 verbis
1389 901 1442 928 illis
1464 909 1606 936 expressa,
1623 909 1753 936 respousa
1769 901 1833 928 item

201 948 384 983 praedictaque
409 947 519 979 divina,
547 955 609 975 cum
633 948 784 983 disciplinis
806 948 840 975 ad
863 948 989 983 pietatem
1011 948 1241 979 informantibus,
1260 951 1287 974 et
1311 948 1454 982 prazceptis
1483 947 1515 974 ad
1538 947 1757 982 cognoscendam
1791 956 1834 974 rc-

200 1004 262 1023 rum
289 1000 415 1023 naturam
439 996 626 1031 spectantibus
649 997 874 1032 complectantur.
895 996 1028 1024 Caeterum
1048 1004 1130 1031 quam
1149 995 1188 1022 illi
1205 1000 1312 1022 matura
1330 994 1481 1022 disserendi
1501 994 1629 1022 facultate
1644 998 1783 1029 pnesteut,
1798 1002 1832 1021 ex

199 1048 275 1072 recta
300 1044 441 1071 nominum
466 1044 536 1079 apud
557 1043 619 1072 illos
645 1044 818 1079 impositione
839 1045 979 1078 coniicias,
1000 1052 1054 1079 quo
1070 1044 1193 1071 etiamin
1209 1050 1306 1078 genere
1332 1043 1366 1069 ad
1393 1041 1577 1069 Hebrzeorum.
1592 1041 1748 1076 opiuiom-m
1778 1041 1833 1067 snt"-

200 1091 316 1127 fragium
335 1099 445 1127 quoque
466 1100 546 1119 suum
571 1092 694 1127 adiungit
710 1091 797 1126 Plato,
815 1097 842 1120 et
864 1100 925 1119 cum
952 1100 1058 1120 eorum.
1083 1091 1258 1127 philosophia
1288 1089 1376 1125 palam
1405 1093 1553 1125 aperteque
1585 1088 1732 1121 consentit,
1753 1092 1782 1115 ut
1796 1096 1828 1114 ex

200 1138 378 1174 sequentibus
395 1138 507 1174 intelligi
525 1139 730 1174 focilepoterit.

461 1185 658 1211 ΚΕΦΛΛΛΙΟΝ
687 1185 733 1218 q’.

199 1229 269 1264 Περὶ
281 1229 336 1263 τῆς
351 1230 418 1264 παρ’
435 1229 578 1263 Ἑϐραίοις
593 1229 652 1256 τῶν
663 1230 814 1264 ὀνομάτων
824 1231 990 1264 ὀρθότητος.

241 1284 250 1301 ι
265 1274 378 1310 Πρώτου
393 1275 514 1306 Μωσέως
530 1275 628 1310 μακρῷ
643 1275 794 1311 πρόσθεν,ἣ
807 1275 836 1302 τὸ
850 1276 899 1311 τῆς
916 1276 991 1310 φιλο-

202 1319 301 1354 σοφίας
327 1320 412 1356 ὀνομα
437 1320 475 1351 εἰς
493 1320 626 1355 ’Έλληνας
641 1320 736 1352 ἐλθεῖν,
750 1320 794 1346 διὰ
809 1320 898 1356 πάσης
909 1321 991 1348 αὑτοῦ

200 1365 251 1400 τῆς
272 1365 380 1401 γραφῆς
409 1366 492 1401 μυρία
515 1367 578 1401 περὶ
598 1366 647 1401 τῆς
663 1366 717 1392 τῶν
732 1366 871 1401 ὀνομάτων
891 1367 992 1398 θέσεως

201 1408 500 1443 ἰτεπραγμοιτευμένου⁸
521 1409 568 1435 καὶ
588 1408 649 1434 τοτὲ
675 1408 724 1443 μὲν
742 1407 917 1442 φυσικώτατα
937 1408 990 1435 τῶν

201 1454 268 1488 παρ’
295 1452 369 1488 αὐτῷ
396 1453 503 1480 πάντων
525 1453 574 1485 τὰς
595 1453 752 1488 ἐπωνυμίας
768 1453 988 1489 διατεταγμένου,

200 1499 262 1525 τοτὲ
275 1499 304 1525 δὲ
316 1499 354 1534 τῷ
369 1499 428 1534 Θεῷ
449 1499 497 1534 τὴν
515 1498 605 1534 κρίσιν
618 1498 667 1533 τῆς
680 1498 732 1524 τῶν
748 1498 867 1525 εὐσεϐῶν
886 1498 990 1534 ἀνδρῶν
1004 1493 1025 1520 (ἶ

203 1547 376 1583 μετωνυμίας
387 1547 539 1579 ἀναθέντος-
549 1546 628 1581 φύσει
640 1555 680 1578 τε,
688 1546 744 1572 ἁλλ’
753 1546 782 1573 οὺ
794 1546 876 1578 θέσει,
886 1546 921 1573 τὰ
935 1546 990 1573 ὀνό-

203 1603 276 1630 ματα
297 1594 368 1621 κατὰ
383 1593 438 1620 τῶν
455 1593 625 1629 πραγμάτων
648 1592 753 1619 κεῖσθαι
771 1592 989 1625 πεπαιδευκότος,

201 1641 333 1676 ἑπόμενος
345 1641 359 1666 ὀ
372 1639 483 1666 Πλάτων
499 1639 669 1675 συμφέρεται
684 1640 739 1670 τοῖς
756 1640 862 1671 αὐτοῖς,
878 1640 927 1665 οὐκ
942 1639 990 1666 ἆλ-

200 1686 256 1718 λως
271 1686 285 1707 1³
299 1687 316 1722 ἢ
330 1685 476 1722 βαρϐάρων
491 1685 630 1721 μνησθεὶς,
648 1686 695 1712 καὶ
711 1685 787 1721 παρὰ
802 1685 890 1712 τοῖσδε
902 1686 991 1721 φήσας

201 1732 277 1760 τόνδε
292 1731 424 1764 σώζεσθαι
439 1731 484 1758 τὸν
495 1732 606 1767 τρόπον,
618 1731 689 1767 τάχα
700 1741 750 1758 που
761 1732 824 1764 τοὺς
852 1731 991 1767 Ἑϐραίους

203 1779 397 1814 αἰνιττόμενος,
412 1778 473 1805 ἐπεὶ
491 1778 558 1814 μηδὲ
574 1778 638 1813 παρ’
653 1778 756 1814 ἑτέροις
779 1778 926 1814 βαρϐάροις
941 1779 990 1814 ῥᾴ-

201 1823 258 1851 διον
273 1824 321 1859 τὴν
338 1823 442 1850 τοιάνδε
458 1822 651 1857 παραφυλάξαι
667 1823 793 1859 θεωρίαν,
817 1824 935 1858 Λέγει,δ“
945 1822 992 1850 οὖν

203 1871 232 1896 ὲν
246 1870 398 1904 Κρατύλῳ,
414 1869 460 1896 καὶ
483 1869 513 1895 οὐ
536 1868 614 1895 τοῦτο
636 1867 705 1896 εἶναι
728 1869 813 1904 ὄνομα
835 1869 849 1896 ὅ
863 1870 895 1897 ἄν
921 1878 991 1902 τινες

204 1916 362 1951 συνθέμενοι
374 1915 476 1947 καλεῖν,
494 1915 606 1946 καλῶσι,
619 1915 670 1950 τῆς
686 1915 774 1941 αὑτῶν
786 1916 877 1951 φωνῆς
898 1915 992 1952 μόριον

203 1962 444 1998 ἐπιφθεγγόμενοι,
464 1961 520 1988 ἀλλ’
536 1961 671 1996 ὀρθότητά
690 1970 750 1987 τινα
776 1961 830 1987 τῶν
854 1962 992 1997 ὀνομάτων

204 2007 365 2042 πεφυκέναι,
393 2008 440 2034 καὶ
455 2007 567 2042 Ἕλλησι
593 2007 639 2033 καὶ
662 2006 808 2042 βαρϐάροις
835 2007 882 2042 τὴν
908 2007 993 2043 αὐτὴν

203 2052 300 2079 ἅπασι,
315 2062 324 2078 ι
337 2053 392 2079 Καὶ
399 2051 499 2086 προῖὼν
508 2051 572 2086 ὲξῆς
579 2059 669 2086 φησιν’
683 2061 692 2076 ε
706 2051 810 2078 Οὐκοῦν
818 2051 903 2083 οὕτως
910 2051 991 2084 ἀξιώ-

204 2106 262 2129 σεις
277 2097 332 2133 (22)
345 2097 446 2123 καὶτὸν
459 2096 633 2132 ὀνομαθέτην,
655 2097 698 2122 τόν
710 2105 739 2122 τε
763 2096 855 2123 ἐνθάδε
882 2097 930 2123 καὶ
947 2097 993 2124 τὸν

204 2144 234 2170 ἐν
252 2143 407 2179 βαρϐάροις,
427 2143 479 2175 ἕως
488 2143 520 2170 ἂν
535 2143 589 2170 καῖ
598 2143 628 2169 τὸ
641 2142 686 2169 τοῦ
700 2142 831 2178 ὀνόματος
846 2140 915 2174 εἶδος
926 2143 993 2169 ἀπο-

204 2189 268 2224 διδῷ
277 2189 308 2216 τό
320 2189 458 2226 προσῆκον
472 2189 579 2224 ἑκάστῳ
591 2209 599 2220 ,
625 2190 653 2215 ὲν
669 2187 824 2215 ὁποιαισοῦν
848 2188 993 2220 συλλαϐαῖς

204 2235 281 2262 οὐδὲν
300 2235 384 2271 χείρω
400 2236 566 2271 ὀνομαθέτην
589 2233 659 2261 εἶναι
672 2234 718 2261 τὸν
740 2234 833 2261 ἐνθάδε
849 2234 865 2270 ἢ
887 2234 933 2260 τὸν
946 2234 994 2261 ἀπ’

204 2282 235 2308 οὐ
239 2281 320 2316 ρανοῦ
332 2281 440 2308 ἄλλοθεν
449 2281 514 2316 (25).
528 2292 536 2307 ι
547 2279 608 2308 Εἶθν
615 2281 677 2317 ἑξῆς
689 2280 768 2307 πάλιν
776 2280 820 2307 τὸν
826 2280 923 2316 ὲπιστή
928 2289 996 2316 μονα

204 2327 256 2363 τῆς
266 2326 410 2363 ὀρθότητος
430 2328 484 2354 τῶν
497 2328 634 2363 ὀνομάτων
650 2327 817 2354 διαλεκτικὸν
834 2326 881 2353 καὶ
892 2327 992 2362 ὀνομα-

204 2373 287 2409 οέτην
302 2372 370 2401 εἶναι
388 2374 488 2409 φήσας,
502 2374 572 2400 οὕτω
591 2373 677 2408 λέγει·
699 2383 708 2399 ι
724 2373 854 2405 Τέκτονος
875 2374 924 2409 μὲν
941 2374 995 2409 ἄρα

205 2420 287 2456 ἔργον
302 2421 375 2447 ἐστὶν
391 2419 421 2446 τὸ
438 2420 549 2455 ποιῆσαι
565 2419 693 2455 πηδάλιον
714 2419 921 2450 ἐπιστατοῦντος
944 2428 993 2445 κυ-

206 2467 350 2502 ϐερνήτου,
367 2467 390 2493 ει
407 2465 497 2501 μέλλοι
509 2465 590 2492 καλὸν
605 2464 673 2492 εἶναι
688 2465 719 2491 τὺ
744 2465 881 2500 πηδάλιον.
905 2465 995 2492 Φαίνε-

206 2519 263 2539 ται.
282 2510 458 2546 Ὀνομαθέτου
473 2510 529 2546 (Ἡ)
541 2510 569 2536 δέ
584 2519 626 2544 γε,
640 2510 677 2542 ὡς
689 2509 792 2542 ἔοικεν,
813 2509 914 2545 ὄνομα,
936 2511 996 2537 ἐπι-

243 2573 258 2588 ι
272 2566 315 2594 ισ.
332 2566 509 2602 παραϐαλεῖν,
522 2566 538 2601 ἢ
553 2566 728 2602 παραλαϐεῖν.
764 2565 778 2584 δ
790 2564 870 2591 Forte
885 2565 982 2592 ἄλλων.

244 2622 301 2658 (22)
318 2621 436 2658 οὐκοῦν
444 2621 537 2658 οὕτως
545 2620 693 2658 ἀξιώσεις.
709 2619 805 2658 Exstat
819 2619 866 2658 hie
875 2619 997 2658 Platonis

204 2654 296 2721 Locus;
318 2657 344 2684 in
377 2656 499 2692 Cralylo,
522 2665 582 2692 pag.
615 2656 678 2689 ι260,
699 2656 810 2683 edition.
829 2654 994 2683 Graeco-Lat.

230 2701 306 2720 lCInI.

230 2701 306 2720 lCInI.

244 2728 301 2763 αὖ)
318 2727 404 2758 Plato.
415 2727 530 2754 ὁπουοῦν
541 2726 642 2763 ιὶὶλλοθιξ

244 2761 302 2798 (24)
323 2762 524 2795 Ὀνομαθέτου.
541 2762 617 2798 ξιοιο
632 2761 787 2796 Νομοθέτου
799 2782 806 2793 ,
820 2761 996 2798 quemadmo-

208 2799 273 2826 dum
290 2796 337 2826 alt.
352 2798 530 2832 manuscript.
545 2797 656 2824 Ficinus
673 2802 762 2823 tamen
780 2796 868 2829 vertit,
882 2797 995 2823 nominis

208 2835 357 2868 impositor.
382 2834 416 2859 At
442 2833 585 2867 νομοθέτου
615 2839 675 2858 vera
703 2832 782 2859 lectio
802 2836 864 2868 est,
889 2832 994 2858 tainet~i

211 2866 300 2904 primo
325 2873 447 2904 aspectu,
471 2866 634 2903 ὀνομαθέτου
655 2875 699 2894 arr
710 2867 781 2894 deat.
802 2866 900 2901 Pagina
923 2867 995 2893 enim

1341 1177 1458 1206 CAPUT
1479 1177 1523 1204 Vl.

1090 1228 1128 1255 De
1144 1231 1212 1254 recta
1232 1226 1366 1252 mnm'mtm
1383 1224 1452 1259 apud
1472 1223 1597 1250 Hebra'oa
1610 1222 1786 1257 impositione.

1082 1284 1090 1300 ι
1104 1274 1203 1301 Mosam
1233 1273 1328 1303 illum,
1348 1271 1394 1306 qui
1420 1271 1499 1306 longe
1522 1275 1667 1304 antequam
1685 1269 1726 1296 vel
1743 1270 1832 1304 ipsum

1043 1320 1225 1356 philosophiae
1250 1326 1350 1345 nomen
1377 1318 1499 1344 auditum
1530 1321 1603 1344 esset
1620 1317 1647 1343 in
1671 1316 1786 1349 Cra-cia,
1801 1317 1833 1344 de

1042 1366 1184 1394 nominum
1201 1364 1378 1399 impositione
1394 1369 1448 1391 tam
1468 1371 1540 1398 saepe
1574 1367 1686 1398 tamque
1715 1363 1832 1398 (Μίθρη-

1042 1417 1082 1440 ter
1095 1420 1143 1440 sua
1156 1411 1257 1447 passim
1269 1410 1383 1437 historia
1395 1410 1552 1444 disputavit,
1562 1409 1663 1444 quique
1676 1409 1773 1444 partim
1785 1417 1833 1435 eo-

1042 1466 1114 1491 rum,
1128 1457 1173 1492 qui
1190 1456 1261 1492 apud
1282 1464 1343 1483 sese
1354 1460 1442 1487 erant,
1452 1455 1584 1488 omnium,
1599 1455 1638 1482 uti
1661 1455 1832 1490 singulorum

1043 1505 1161 1532 maxime
1176 1507 1273 1530 natura
1289 1502 1454 1537 postulabat,
1463 1506 1644 1536 cognomenta
1657 1501 1762 1533 statuit,
1775 1509 1834 1535 par-

1043 1550 1090 1577 tim
1106 1557 1211 1581 eorum,
1227 1547 1272 1575 ubi
1286 1548 1319 1575 de
1332 1547 1398 1574 viris
1407 1547 1590 1574 sanctioribus
1598 1551 1732 1582 ageretur,
1745 1551 1834 1573 muta-

1042 1597 1154 1628 tionem,
1167 1595 1258 1623 divino
1270 1598 1353 1621 totam
1369 1593 1482 1621 arbitrio
1503 1593 1660 1629 iudicioque
1673 1592 1833 1623 reservavit,

1042 1649 1104 1670 cum
1124 1641 1172 1668 abs
1194 1644 1290 1668 natura
1312 1639 1413 1674 potius,
1430 1647 1511 1674 quam
1528 1647 1560 1666 ex
1572 1639 1747 1674 impositione
1764 1646 1834 1673 qua-

1042 1689 1105 1716 dam
1116 1696 1166 1716 sua
1179 1687 1260 1715 rebus
1273 1687 1386 1722 singulis
1393 1691 1520 1714 constare
1530 1685 1640 1713 nomina
1652 1686 1812 1720 intelligeret
1824 1695 1830 1711 τ

1043 1733 1124 1769 515
1142 1733 1293 1768 principem
1314 1734 1364 1760 hoc
1381 1732 1410 1759 in
1431 1739 1529 1767 genere
1549 1732 1700 1766 ducemque
1724 1735 1834 1759 secutus
1870 1758 1873 1761 ,

1042 1778 1130 1812 Plato,
1145 1781 1268 1806 eamdem
1282 1786 1396 1813 prorsus
1414 1778 1517 1805 insistit
1530 1777 1626 1809 vitam,
1641 1785 1690 1805 nec
1705 1777 1833 1809 aliorum,

1043 1832 1124 1860 quam
1152 1825 1343 1856 barbarorum,
1368 1824 1533 1851 mentionem
1565 1823 1640 1857 facit,
1668 1823 1739 1858 apud
1766 1831 1834 1858 quos

1043 1878 1104 1897 eam
1118 1869 1237 1897 nominis
1253 1869 1411 1904 imponendi
1427 1868 1559 1896 rationem
1578 1869 1681 1896 servari
1701 1874 1834 1900 testatur;

1045 1915 1185 1948 llebratos,
1202 1914 1311 1949 opinor,
1328 1914 1497 1950 signiﬁcans,
1513 1921 1575 1941 cum
1599 1914 1670 1949 apud
1685 1914 1754 1941 alios
1770 1922 1836 1941 sane

1044 1961 1177 1989 barbaros
1198 1960 1250 1988 boc
1266 1960 1350 1987 studii
1366 1960 1540 1995 solertiteque
1555 1967 1641 1995 genus
1666 1960 1737 1987 haud
1756 1960 1834 1987 facile

1045 2005 1177 2041 reperias.
1201 2005 1349 2033 Enimvero
1365 2006 1443 2033 docet
1471 2006 1497 2032 in
1516 2005 1637 2041 Cratylo,
1662 2014 1834 2041 nequaquam

1045 2053 1075 2080 id
1087 2060 1186 2080 nomen
1201 2052 1356 2079 habendum
1370 2060 1442 2084 esse,
1456 2053 1527 2088 quod
1541 2061 1573 2080 ex
1589 2053 1714 2080 condicto
1726 2058 1835 2080 mutuo-

1045 2107 1098 2135 que
1112 2107 1260 2132 consensu,
1276 2098 1399 2126 nonnulli
1417 2107 1499 2125 unam
1523 2100 1642 2134 aliquam
1657 2099 1756 2134 lingua:
1779 2107 1835 2129 sua:

1045 2146 1208 2181 particulam
1245 2145 1414 2173 eﬂundentes
1449 2145 1624 2173 indiderint:
1661 2146 1707 2173 sed
1745 2146 1834 2180 potius

1048 2192 1196 2227 quamdam
1211 2192 1352 2219 nominum
1367 2191 1560 2227 proprietatem
1580 2193 1662 2221 rebus
1677 2193 1743 2227 ipsis
1758 2194 1835 2220 inua-

1047 2243 1102 2265 tam
1126 2245 1197 2271 esse,
1222 2238 1344 2273 ejusdem
1371 2238 1482 2265 omnino
1506 2242 1559 2265 tam
1586 2238 1656 2272 apud
1683 2238 1834 2270 barbaros,

1048 2291 1130 2319 quam
1143 2284 1214 2318 apud
1228 2283 1339 2312 Graecos
1352 2283 1474 2311 rationis.
1483 2294 1492 2311 ›
1505 2284 1542 2311 Ac
1553 2285 1682 2319 deinceps
1693 2285 1728 2312 ita
1737 2285 1839 2321 pergit:

1053 2339 1062 2354 ‹
1093 2328 1203 2356 Statuas
1230 2328 1323 2364 igitur,
1352 2328 1451 2362 inquit,
1471 2337 1585 2357 necesse
1609 2335 1662 2360 est,
1679 2330 1836 2365 quicunque

1046 2375 1088 2403 vel
1112 2376 1156 2403 hic
1179 2375 1222 2402 vel
1242 2376 1313 2402 inter
1327 2375 1459 2402 barbaros
1479 2376 1589 2402 nomina
1605 2375 1686 2402 rebus
1703 2375 1835 2410 imponat,

1047 2429 1122 2455 eum,
1145 2421 1268 2456 quandiu
1290 2428 1370 2448 suum
1395 2421 1494 2456 cuique
1515 2429 1547 2448 ac
1571 2422 1711 2456 proprium
1736 2428 1834 2448 nomen

1049 2468 1188 2502 imponet,
1221 2467 1430 2501 quibuscunque
1456 2467 1565 2494 demum
1589 2466 1700 2502 syllabis
1725 2470 1834 2499 utatur,

1049 2514 1135 2541 nihilo
1154 2513 1316 2542 deteriorem
1338 2513 1453 2541 alterum
1471 2513 1556 2540 altero
1579 2512 1721 2540 nominum
1739 2518 1836 2540 aucto-

1052 2625 1236 2660 praecedente,
1261 2625 1287 2652 in
1305 2632 1338 2652 eo
1354 2625 1480 2660 maxime
1496 2623 1572 2651 Plato
1595 2624 1661 2656 luit,
1678 2629 1707 2651 ut
1725 2624 1837 2660 nomina

1053 2659 1134 2688 rebus
1157 2661 1314 2695 imponere,
1329 2659 1460 2695 sapientis
1475 2659 1639 2695 legislatoris
1658 2667 1719 2687 esse
1735 2659 1834 2687 contir~

1052 2700 1149 2727 maret,
1167 2692 1205 2723 ab
1217 2704 1249 2723 eo
1261 2692 1321 2722 loco
1331 2692 1427 2721 littera:
1437 2692 1456 2720 F
1469 2692 1548 2730 ι’Ἃρ*
1560 2695 1620 2730 οὐχὶ
1638 2695 1652 2720 ὁ
1666 2695 1747 2730 νόμος
1765 2694 1839 2722 δοκεῖ

1052 2704 1149 2727 manu,
1167 2704 1201 2723 aD
1217 2704 1249 2723 εει
1261 2704 1321 2722 1000
1331 2704 1451 2721 ιιιιιῑτδειτ
1469 2705 1475 2721 ι
1499 2704 1539 2730 Δρ
1560 2704 1620 2730 ουχι
1638 2704 1652 2720 ο
1666 2704 1695 2721 νο
1717 2704 1747 2726 ος
1765 2704 1837 2722 οοκει

1052 2739 1092 2757 σοι
1104 2732 1117 2758 ὁ
1129 2730 1291 2767 παραδιδοὺς
1304 2730 1544 2767 αὑταιόνόματαῃ
1562 2731 1664 2767 Ἔοικε.
1682 2704 1838 2767 Ιᾷιομοθέτω

1050 2766 1104 2802 ἄρα
1127 2765 1199 2801 ἔργῳ
1220 2765 1388 2802 χρήσεταιέό
1412 2765 1617 2802 ι’ξιιῖοισκοιλικὺς2
1640 2766 1704 2792 ὅταν
1726 2765 1838 2802 ὀνόματι

1051 2798 1254 2836 χρῆταιίᾶοκεῖ
1267 2798 1323 2836 μοι.
1340 2799 1498 2836 Νομοθέτης
1507 2800 1535 2826 δέ
1551 2809 1591 2826 σοι
1607 2801 1681 2827 δοκεῖ
1701 2801 1755 2832 πᾶς
1766 2798 1838 2836 εἶναι

1050 2835 1130 2872 ἁνὴρ,
1145 2837 1159 2863 ὁ
1174 2837 1222 2872 τὴν
1239 2836 1344 2871 τέχνην-
1354 2835 1439 2870 ἕχων;
1462 2835 1490 2861 ’0
1506 2836 1555 2870 τὴν
1569 2836 1682 2870 τέχνην,
1697 2841 1748 2863 etc.
1765 2835 1837 2862 Idem
