2091 3208
172 166 228 194 I57

742 162 902 190 PRAEPAR.
923 162 1051 191 EVANG.
1072 162 1137 190 LIB.
1158 160 1205 189 Xl.

1748 159 1803 189 858

174 225 280 260 λογικὸν
299 223 350 260 τῆς
365 224 433 261 πρὸς
446 225 477 252 τὸ
500 225 596 261 θνητὸν
617 226 664 252 καὶ
683 224 780 260 ἄλογον
802 225 958 261 συμπλοκῆς

1012 225 1035 253 is
1046 233 1061 253 a
1075 225 1150 253 Mose
1161 214 1281 252 Adamus
1293 230 1359 251 vere
1377 230 1410 251 ac
1427 222 1536 259 proprie
1548 222 1695 251 diceretur.
1709 222 1802 257 Quan-

172 270 264 296 ἕνεκα.
286 269 322 296 Τὸ
348 268 400 304 μὲν
414 269 469 305 γὰρ
490 268 578 304 πάντη
598 269 727 305 καθαρὸν,
740 270 787 297 καὶ
805 269 960 305 ἀσώματον,

173 316 220 342 καὶ
237 314 318 348 θεῖον,
335 315 382 342 καὶ
392 314 510 349 λογικδν,
525 315 555 341 οὐ
574 315 654 350 μόνον
667 315 722 342 τῶν
742 315 859 352 πρόσθεν
882 324 960 350 γενο-

174 360 262 394 μένων
276 359 326 395 τὴν
342 360 463 395 μνήμην,
476 359 544 387 ἀλλὰ
561 360 607 387 καὶ
623 360 676 386 τῶν
689 360 838 395 μελλόντων
851 360 960 387 ἔσεσθαι

172 406 220 442 τὴν
236 406 336 440 γνῶσιν
351 405 384 432 δι’
398 405 485 441 ἄκραν
497 406 598 441 ἀρετὴν
613 406 729 442 θεωρίας
741 406 900 442 περιείληφε
911 415 917 422 ·
930 406 961 432 τὸ

173 453 193 479 δ’
213 453 242 479 ἐν
262 452 342 488 σαρξὶ
357 452 550 487 πεπςλημένον,
568 452 670 483 ὀστέοις
685 461 714 478 τε
729 452 775 478 καὶ
789 452 896 488 νεύροις
912 461 961 479 κα-

172 498 435 534 ταπεπαραμένονα,
462 498 543 532 ὄγκον
563 507 592 524 τε
616 498 701 533 μέγαν
732 498 779 524 καὶ
800 498 884 534 βαρὺν
910 499 959 524 ἐπ-

173 543 339 579 ηχθισμένον
367 542 396 568 τὸ
420 542 509 577 σῶμα,
540 543 624 578 λήθης
644 543 743 577 πολλῆς
757 543 803 569 καὶ
827 542 960 578 ἀμαθείας

172 588 284 616 συνιδὼν
305 589 319 614 ὁ
343 589 407 623 παρ’
429 589 563 624 Ἑϐραίοις
580 589 673 623 λόγος,
690 589 825 624 εὐθυόόλῳ
840 590 958 625 κέκληκε

175 634 357 669 προσρήματι,
380 633 462 665 Ἐνὼς
477 634 657 668 ἐπονομάσας,
674 635 742 670 ὅπερ
750 634 824 670 δηλοῖ
835 635 878 661 τὸν
899 635 959 661 ἑπι-

170 678 303 714 λήσμονα.
319 680 413 706 Κεῖται
429 678 493 713 γοῦν
507 680 581 715 παρά
598 689 650 706 τινι
666 681 808 717 προφήτῃ-
827 691 836 706 ο
857 682 889 707 Τί
902 682 958 707 ἐστι

169 723 326 759 ἄνθρωπος,
349 725 389 751 ὅτι
409 726 550 761 μιμνήσκῃ
571 726 671 759 uiator");
690 727 706 760 ἣ
731 727 788 758 υἱὸς
803 727 956 762 ἀνθρώπου,

169 771 210 796 ὅτι
225 771 378 807 ἐπισκέπτῃ
394 771 494 803 αὑτόν;
510 781 519 796 ι
541 772 610 798 Ἀνθ’
633 769 663 799 οὗ
691 773 721 798 τὸ
746 773 887 808 Ἑϐραῖκὸν
913 773 959 799 ἐπὶ

171 817 220 851 μὲν
237 817 286 852 τῆς
311 816 422 852 πρώτης
446 817 493 843 τοῦ
518 817 661 853 ἀνθρώπου
678 817 800 853 κλήσεως
819 818 849 844 τὸ
877 817 958 849 Ἐνὼς

170 862 343 898 περιείληιρεν
353 871 360 878 ·
375 863 440 889 ὡσεὶ
451 863 526 896 ἔλεγε
539 864 704 898 σαφέστερον
717 872 723 878 θ
744 865 776 890 Τί
792 861 868 896 οὗτός
884 865 957 890 ἐστιν

1014 279 1097 307 quam
1113 275 1140 298 et
1154 271 1207 298 alia
1227 276 1338 305 quoque
1348 269 1536 304 appellationis
1551 269 1633 304 hujus
1649 270 1720 297 ratio
1740 277 1806 299 esse

1015 319 1115 351 potest,
1130 315 1209 350 quasi
1228 322 1262 341 ex
1276 314 1361 341 rubro
1378 314 1468 341 colore
1490 314 1616 347 ducatur,
1637 319 1664 342 et
1678 315 1802 350 corporis

1014 365 1141 387 naturam
1164 363 1349 394 repraesentet.
1373 359 1508 386 Caeterum
1530 359 1668 386 hominem
1692 360 1800 394 quidem

1014 406 1130 439 Hebrzei,
1148 407 1194 433 sed
1210 410 1360 437 terrenum,
1383 410 1464 440 atque
1487 413 1519 432 ex
1541 410 1611 432 terra
1634 404 1727 432 ﬁctum
1749 413 1801 432 na-

1014 457 1136 487 tumque,
1149 452 1190 479 vel
1208 460 1241 478 ex
1257 458 1370 486 corpore
1389 459 1526 486 carneque
1541 451 1687 478 conﬁatum
1703 451 1800 478 Adami

1014 498 1125 524 nomine
1140 497 1296 532 signiﬁcant
1313 506 1319 524 :
1336 501 1364 523 at
1386 496 1524 523 hominem
1544 497 1608 523 dum
1625 497 1735 532 proprie
1753 505 1802 533 ap-

1013 545 1114 579 pellare
1137 544 1242 574 volunt,
1259 551 1353 570 vocem
1379 542 1452 569 Enos
1467 550 1599 577 usurpare
1622 543 1719 575 solent,
1746 551 1799 578 qua

1014 590 1096 616 homo
1110 590 1155 616 ille
1170 594 1262 616 noster
1278 589 1382 615 ratione
1397 588 1537 623 praeditus,
1553 593 1633 623 atque
1647 589 1680 616 ab
1693 593 1801 616 terreno

1012 635 1117 662 Adamo
1141 639 1238 661 natura
1268 635 1409 668 sejunctus
1433 635 1612 668 exprimatur.
1639 634 1696 661 Hoc
1718 635 1800 662 etiam

1013 679 1086 707 Enos
1102 680 1240 714 singulare
1256 680 1347 710 habet,
1364 684 1393 706 ut
1407 680 1584 706 immemorem
1600 679 1693 706 Grazca
1708 679 1799 714 lingua

1013 725 1157 760 signiﬁcet.
1176 725 1322 752 Enimvero
1347 725 1371 752 id
1390 725 1413 751 ei
1432 725 1499 759 parti
1529 731 1648 757 nostrae,
1670 733 1731 759 qua:
1753 726 1800 752 ad—

1009 775 1132 809 junctam
1153 774 1286 801 rationem
1306 773 1398 804 habet.
1414 778 1523 807 propter
1538 773 1597 806 ejus
1611 781 1672 799 cum
1691 774 1799 800 mortali

1011 825 1038 848 et
1057 820 1172 848 rationis
1188 825 1298 854 experte
1314 819 1526 851 commercium,
1545 828 1594 846 usu
1622 819 1705 846 venit.
1730 819 1799 847 Nam

1012 866 1039 892 id
1058 873 1135 898 sane,
1156 865 1226 900 quod
1242 873 1340 900 purum
1367 864 1496 895 omnino,
1514 865 1585 898 quod
1602 865 1661 891 sine
1675 872 1798 899 corpore,

169 909 183 934 ὁ
195 907 363 943 ἐπιλήσμων,
375 909 416 935 ὅτι
432 909 474 939 σὺ,
488 906 510 935 ὦ
521 909 581 940 Θεὲ,
597 910 737 945 μιμνήσκῃ
751 910 842 942 αὑτοῦ,
859 910 958 946 καίπερ

1009 911 1081 946 quod
1095 911 1218 938 divinum
1234 918 1266 938 ac
1280 911 1384 937 ratione
1401 910 1542 945 praeditum
1556 915 1607 942 est,
1618 918 1670 937 non
1687 915 1798 944 praeter-

169 954 247 986 ὄντος
260 954 456 989 ὲπιλήσμονος;
471 954 508 981 Τὸ
523 955 561 986 δὲ,
578 965 586 980 ι
604 956 638 981 Ἢ
655 956 711 987 υἱὸς
728 956 869 991 ἀνθρώπου
882 977 888 989 ,
918 957 958 983 ὅτι

170 1001 322 1036 ἐπισκέπτῃ
338 1001 434 1032 αὑτόνς
448 1011 457 1027 ι
475 1011 484 1027 ι
501 1002 537 1028 Ἢ
559 1002 616 1033 υἱὸς
641 1002 726 1037 Ἀδὰμ
745 1012 753 1028 ι
769 1004 858 1029 κεῖται
883 1003 958 1038 παρὰ

169 1049 226 1079 τοῖς
238 1047 427 1083 δηλουμένοις·
449 1049 486 1080 ὡς
498 1046 566 1075 εἶναι
584 1050 629 1075 τὸν
645 1050 725 1075 αὑτὸν
745 1049 791 1076 καὶ
816 1050 900 1084 Ἀδὰμ
911 1050 958 1077 καὶ

177 1092 276 1124 Ἐνώς·
291 1093 338 1119 τοῦ
357 1093 406 1129 μὲν
424 1094 555 1129 σαρκικοῦ
571 1095 614 1121 διὰ
625 1095 671 1121 τοῦ
693 1095 788 1131 Ἀδὰμ,
804 1096 851 1123 τοῦ
870 1096 898 1123 δὲ
916 1096 959 1122 λο-

168 1139 247 1174 γικοῦ
273 1139 317 1166 διὰ
341 1139 389 1166 τοῦ
424 1140 505 1172 Ἐνὼς
530 1141 743 1176 παρισταμένου.
772 1142 827 1169 Καὶ
843 1142 878 1169 τὰ
910 1143 958 1178 μὲν

175 1186 308 1222 Ἐὗραίων
328 1186 405 1221 λόγια
423 1186 494 1213 οὕτω
506 1196 564 1219 πως
577 1188 675 1223 διαιρεῖ
696 1189 745 1224 τὴν
771 1189 956 1224 ἐτυμολογίαν.

173 1232 205 1259 '0
216 1233 244 1259 δὲ
263 1232 376 1259 Πλάτων
391 1233 436 1259 τὸν
447 1233 587 1269 ἄνθρωπον
598 1235 630 1269 τῇ
651 1234 782 1270 Ἑλλήνων
793 1236 866 1270 φωνῇ
883 1236 958 1271 παρὰ

167 1278 199 1305 τὺ
214 1279 339 1315 ἀναθρεῖν
358 1288 423 1315 φησι
437 1280 596 1315 κεκλῆσθαι,
614 1280 699 1314 λέγων
710 1289 716 1294 ·
733 1290 742 1306 t
767 1281 795 1307 '0
808 1281 836 1307 δὲ
853 1282 958 1318 ἄνθρω-

168 1333 219 1356 πος
233 1325 292 1360 ἅμα
307 1324 423 1360 ἑώρακε,
440 1325 517 1352 τοῦτο
528 1325 556 1352 δέ
584 1327 642 1352 ἐστι
660 1326 764 1358 ὄπωπε,
783 1327 830 1354 καὶ
847 1327 959 1363 ἀναθρεῖ

167 1372 216 1397 καὶ
244 1370 379 1406 λογίζεται
405 1371 482 1397 τοῦτο
508 1371 522 1397 ὃ
545 1372 668 1404 ὄπωπεν,
697 1373 740 1399 ἵνα
806 1373 958 1409 ἁναθρῶνὸ.

166 1417 270 1443 δπωπε.
285 1426 294 1442 ι
311 1417 394 1444 Πάλιν
416 1418 533 1453 Ἑϐραῖοι
547 1418 591 1445 τὸν
607 1418 689 1454 ἄνδρα
705 1419 730 1450 ἲς
743 1419 863 1446 καλοῦσι.
885 1420 961 1455 Παρ-

166 1463 249 1499 ῆκται
265 1464 293 1490 δὲ
319 1465 411 1496 αὐτοῖς
430 1464 548 1498 τοῦνομα
575 1465 628 1490 ἀπὸ
640 1464 686 1490 τοῦ
706 1465 745 1497 ἒς,
761 1466 793 1492 δι’
812 1463 842 1492 οὗ
859 1467 958 1502 σημαί-

167 1518 240 1536 νουσι
256 1510 286 1536 τὸ
302 1509 358 1545 πῦρ
370 1530 376 1540 ,
392 1510 434 1536 ἵνα
491 1516 567 1545 παρα
585 1510 614 1536 τὸ
640 1509 741 1545 θερμὸν
768 1511 814 1538 καὶ
828 1512 958 1548 διάπυρον

165 1554 217 1589 τῆς
232 1554 279 1581 τοῦ
293 1555 388 1591 ἀνδρὸς
402 1555 509 1590 φύσεως
524 1557 538 1581 ὁ
551 1555 619 1591 ἀνὴρ
641 1557 843 1592 ὠνομασμένος.
869 1558 900 1584 Ἡ
928 1558 956 1584 δὲ

165 1601 244 1636 γυνὴ,
257 1601 371 1637 ἐπείπερ
384 1602 490 1637 εἴρηται
502 1602 533 1628 ὲκ
545 1602 592 1628 τοῦ
602 1603 698 1639 ἀνδρὸς
706 1603 842 1638 εἰλῆφθαι,
851 1605 896 1631 καὶ⁸
907 1604 956 1639 τὴν

166 1646 350 1682 προσηγορίαν
364 1648 534 1674 ἐπικοινωνεῖ
549 1648 587 1682 τῷ
598 1648 685 1684 ἀνδρί.
707 1649 780 1675 ἰο-σὰ
794 1649 849 1685 γὰρ
861 1651 876 1685 ἡ
888 1649 956 1685 γυνὴ

165 1692 273 1725 λέγεται
290 1692 354 1728 παρ’
366 1693 467 1724 αὐτοῖς,
480 1692 574 1728 ὥσπερ
591 1693 618 1724 ἲς
631 1694 645 1719 ὁ
657 1694 706 1728 ἁνή
713 1702 737 1729 ρ.
758 1694 785 1720 Ὀ
802 1694 830 1720 δὲ
845 1695 956 1721 Πλάτων

164 1737 210 1764 τὸν
219 1738 303 1773 ἄνδρα
318 1747 327 1763 ι
347 1738 420 1774 παρὰ
437 1739 486 1774 τὴν
501 1739 556 1765 ἄνω
574 1740 638 1775 ῥοὴν
655 1750 664 1766 ι
677 1739 856 1775 ὀνομάζεσθαι
872 1741 956 1774 λέγει.

165 1784 221 1811 Καὶ
234 1784 354 1817 ἐπιλέγει
363 1793 370 1799 ·
389 1794 398 1810 l
424 1785 455 1811 Ἡ
470 1785 498 1811 δὲ
511 1786 579 1821 γυνὴ
591 1786 657 1821 γονή
675 1795 718 1821 μοι
731 1786 853 1821 φαίνεται
866 1786 957 1820 βούλε-

166 1830 230 1857 σθαι
253 1828 332 1858 εἶναι.
355 1841 363 1856 ι
380 1830 464 1857 Πάλιν
485 1832 587 1867 Μωσῆς
606 1832 652 1859 τὸν
672 1832 784 1868 οὐρανὸν
803 1832 909 1868 ἐτύμως
923 1835 954 1868 τῇ

171 1877 306 1913 Ἐὄραίων
320 1876 428 1912 γλώσσῃ
445 1877 588 1912 στερέωμα
602 1878 817 1913 προσαγορεύει,
836 1878 912 1914 παρὰ
926 1879 956 1905 τὸ

164 1923 273 1959 πρῶτον
286 1921 366 1955 εἶναι,
380 1923 448 1958 μετὰ
463 1924 511 1958 τὴν
524 1923 669 1959 ἀσώματον
679 1924 725 1951 καὶ
740 1925 836 1959 γοερὰν
851 1925 954 1958 οὐσίαν,

163 1969 242 1996 τοῦδε
255 1968 303 1996 τοῦ
323 1970 426 2004 κόσμου
438 1970 545 2004 στερεὸν
562 1970 610 1996 καὶ
623 1970 751 2005 αἰσθητὸν
766 1970 856 2005 σῶμα.
880 1971 909 1997 ’0
927 1971 956 1997 δὲ

164 2014 278 2041 Πλάτων
284 2014 323 2050 τῷ
336 2015 443 2050 οὐρανῷ
451 2023 532 2050 φησιν
547 2015 635 2050 ὀρθῶς
646 2016 731 2051 ὄνομα
743 2016 858 2048 κεῖσθαι,
868 2016 911 2043 διὰ
926 2017 955 2043 τὸ

164 2061 221 2086 ἄνω
228 2061 293 2096 ὁρᾷν
300 2061 396 2087 ποιεῖν.
408 2061 492 2087 Πάλιν
506 2061 626 2096 Ἑϐραῖοι
639 2060 677 2096 τῷ
688 2061 736 2096 μὲν
751 2062 879 2097 ἀνωτάτω
889 2062 955 2098 (29⁸)

164 2105 212 2132 τοῦ
225 2105 293 2132 Θεοῦ
311 2106 404 2141 κύριον
417 2106 501 2141 ὄνομα
518 2106 638 2142 ἄρρητον
653 2105 721 2133 εἶναι
736 2108 782 2133 καὶ
794 2107 955 2142 ἄφθεγκτον,

164 2150 226 2176 οὐδὲ
243 2151 378 2186 φαντασίᾳ
390 2151 508 2183 διανοίας
525 2151 642 2186 ληπτὸν·
657 2152 722 2178 αὐτὸ
736 2152 763 2178 δὲ
779 2152 857 2178 τοῦτο
868 2153 928 2179 καθ’
942 2153 956 2179 ὃ

164 2196 232 2222 Θεὸν
241 2194 420 2231 ὀνομάζομεν,
441 2196 540 2231 Ἐλωῖμ
554 2197 681 2229 καλοῦσι,
707 2197 782 2232 παρὰ
798 2197 828 2223 τὸ
843 2197 876 2232 ἣλ
889 2198 954 2233 (50),

164 2242 204 2275 ὡς
219 2241 305 2268 ἔοικε·
324 2241 402 2268 τοῦτο
416 2242 444 2268 δὲ
459 2242 638 2277 ἑρμηνεύουσι
658 2244 745 2277 ἰσχὺν,
760 2244 806 2269 καὶ
824 2243 937 2279 δύναμιν
947 2253 953 2258 ·
973 2260 994 2287 D

165 2287 231 2314 ὥστ’
254 2285 325 2314 εἶναι
345 2288 392 2314 τοῦ
423 2288 490 2315 Θεοῦ
512 2288 630 2324 τοῠνομα
650 2289 714 2325 παρ’
726 2290 828 2321 αὐτοῖς,
842 2290 894 2316 ἀπὸ
907 2291 956 2325 τῆς

165 2334 238 2368 ἀμφὶ
250 2334 332 2360 αὐτὸν
345 2334 486 2369 δυνάμεώς
498 2343 527 2360 τε
542 2336 588 2361 καὶ
602 2336 692 2370 ἰσχύος
710 2336 955 2371 ἐπιλελογισμένον,

164 2380 199 2406 δι’
211 2377 246 2414 ἦς
258 2381 358 2406 νοεῖται
369 2380 584 2416 παντοδύναμος,
602 2382 648 2407 καὶ
672 2382 760 2408 πάντα
786 2383 885 2417 ἰσχύων
897 2403 903 2414 ,
918 2382 956 2414 ὡς

165 2425 199 2451 ἂν
214 2425 249 2451 τὰ
265 2425 355 2452 πάντα
369 2426 581 2462 συστησάμενος.
603 2427 632 2453 Ὀ
642 2427 670 2453 δὲ
691 2428 802 2454 Πλάτων
823 2429 888 2454 Θεὸν
907 2429 954 2455 καὶ

166 2470 256 2502 θεοὺς,
275 2470 352 2506 παρὰ
370 2471 400 2497 τὸ
413 2471 502 2504 θέειν,
529 2472 598 2507 ὅπερ
625 2473 683 2499 ἐστὶ
711 2473 826 2508 τρέχειν,
843 2474 906 2504 τοὺς
929 2474 958 2500 ἐν

164 2514 273 2552 οὐρανῷ
285 2516 430 2551 φωστῆρας
444 2516 592 2552 κεκλῆσθαί
606 2526 681 2552 φησι.
701 2517 818 2543 Τοιαῦτα
839 2518 869 2553 δή
886 2527 956 2550 τινα,

166 2561 205 2593 ὡς
223 2562 252 2588 ἐν
264 2561 342 2597 τύπῳ
353 2562 446 2596 φάναι,
458 2562 491 2589 τὰ
503 2563 568 2599 παρ’
589 2563 725 2599 Ἑϐραίοις
740 2564 787 2589 καὶ
802 2563 876 2599 παρὰ
887 2564 958 2590 Πλά-

165 2615 232 2634 τωνι
246 2608 310 2643 περὶ
326 2608 469 2643 ὀρθώσεως
484 2609 621 2644 ὀνομάτων
633 2609 819 2644 διηκρίϐωται.
840 2610 895 2636 Καὶ
908 2610 957 2642 τὰς

166 2653 196 2679 ἑν
223 2652 376 2689 ἀνθρώποις
397 2654 425 2681 δὲ
443 2655 629 2690 προσηγορίας
657 2655 726 2690 μετὰ
745 2664 817 2687 τινος
839 2656 956 2689 διανοίας

167 2699 251 2735 φησὶν
264 2701 278 2727 ὸ
291 2700 402 2728 Πλάτων
416 2700 551 2728 τεθεῖσθαι
562 2709 569 2716 ·
586 2702 633 2728 καὶ
647 2702 692 2728 τόν
713 2710 745 2736 γε
765 2702 842 2736 λόγον
866 2703 958 2730 ἀποδι-

202 2745 226 2761 ⁹⁸
242 2745 316 2774 Psal.
337 2753 396 2779 Vl",
417 2746 444 2773 5.

201 2798 215 2812 ι
236 2791 301 2824 ML,
316 2791 572 2827 καταπεπαρμένον.

202 2838 270 2873 (29⁸)
291 2837 334 2870 Τῷ
348 2837 495 2870 ἀνωτάτω.
528 2837 572 2865 Sic
601 2837 675 2864 editi.
707 2838 788 2865 Forte
818 2838 961 2873 legendum

168 2872 196 2899 τὸ
212 2872 351 2903 ἀνωτάτω,
367 2873 443 2908 quod
454 2873 585 2899 referatur
600 2875 632 2899 ael
646 2873 835 2908 ὄνομα.,Ευη-.

202 2909 257 2943 (50)
273 2901 358 2942 Παρὰ
369 2901 401 2934 id
427 2907 476 2942 ἥλ.
491 2908 580 2936 Recte.
596 2909 670 2936 Este
691 2901 727 2936 im
744 2901 791 2939 5'8
806 2909 952 2937 fortitudo'

1008 958 1108 984 itorum
1127 956 1209 983 modo
1233 956 1410 988 memoriam,
1431 956 1478 983 sed
1491 956 1572 983 etiam
1587 956 1739 983 futurorum
1755 964 1801 983 co-

1008 1004 1166 1038 gnitionem,
1192 1002 1226 1029 ob
1252 1003 1307 1028 vim
1330 1002 1533 1036 contemplandi
1560 1010 1695 1029 summam
1722 1010 1800 1030 eom<

1008 1050 1148 1084 plectitur.
1167 1049 1246 1081 Quod
1262 1052 1351 1075 autem
1367 1048 1442 1075 carni
1461 1053 1589 1083 tanquam
1615 1048 1672 1075 luto
1689 1049 1800 1076 immer-

1009 1103 1069 1122 sum
1086 1099 1140 1125 est,
1160 1094 1233 1129 quod
1259 1101 1292 1121 ex
1314 1093 1424 1121 ossibus
1446 1094 1592 1128 nervisque
1616 1099 1798 1129 compactum,

1008 1140 1081 1174 quod
1097 1138 1226 1173 imposito
1243 1145 1371 1172 corpore,
1386 1138 1459 1165 velut
1475 1138 1577 1172 ingenti
1595 1139 1711 1173 quadam
1729 1139 1800 1166 mole

1009 1192 1183 1219 oppressum,
1199 1183 1224 1210 id
1240 1192 1303 1211 cum
1327 1183 1457 1211 Hebrzeus
1472 1185 1557 1211 multa
1573 1193 1634 1211 eum
1651 1185 1798 1219 oblivione,

1009 1235 1065 1257 tum
1089 1230 1226 1265 imperitia
1254 1229 1380 1257 laborare
1403 1230 1576 1264 intelligeret,
1601 1230 1674 1258 Enos
1697 1239 1798 1258 conve-

1008 1277 1094 1303 nienti
1110 1276 1270 1308 admodum,
1285 1280 1311 1302 et
1324 1275 1489 1302 oblivionem
1506 1276 1676 1311 signiﬁcante
1689 1277 1799 1304 nomine

1008 1322 1163 1357 appellavit.
1195 1321 1228 1349 Et
1253 1322 1362 1357 quidem
1393 1321 1463 1356 apud
1491 1322 1609 1357 aliquem
1636 1322 1799 1357 prophetam

1009 1369 1124 1404 legimus
1135 1370 1175 1395 ’δε
1197 1378 1206 1394 ς
1225 1367 1295 1401 Quid
1311 1373 1352 1395 est
1365 1368 1457 1401 homo,
1470 1369 1542 1403 quod
1558 1376 1662 1395 memor
1674 1376 1703 1396 es
1717 1369 1799 1403 ejus?

1008 1420 1055 1443 aut
1080 1416 1152 1443 illius
1170 1414 1290 1442 hominis
1302 1434 1309 1447 ,
1333 1414 1465 1448 quoniam
1490 1415 1585 1442 visitas
1600 1415 1686 1442 eum?
1704 1425 1713 1440 ι
1739 1415 1799 1448 Quo

1009 1462 1069 1489 loco
1082 1461 1214 1489 llebraica
1230 1461 1323 1497 lingua
1338 1469 1387 1496 pro
1405 1462 1450 1488 illa
1467 1461 1550 1496 priori
1568 1461 1687 1488 hominis
1707 1461 1799 1496 appel-

1008 1507 1120 1540 latione,
1137 1514 1231 1533 voeem
1254 1506 1336 1541 Enos.
1350 1506 1492 1540 adhibuit;
1511 1507 1589 1542 quasi
1604 1506 1705 1534 clarius
1723 1507 1798 1533 (liceo

1009 1557 1068 1580 ret:
1095 1552 1166 1585 Quid
1191 1552 1341 1580 obliviosos
1368 1553 1419 1580 iste
1443 1557 1495 1584 est,
1520 1557 1550 1579 ut
1576 1552 1646 1586 ejus,
1673 1559 1689 1579 o
1714 1551 1797 1583 Deus.

1009 1600 1167 1627 meminisse
1189 1599 1266 1631 velis,
1292 1607 1354 1626 cum
1379 1603 1466 1637 usque
1489 1600 1556 1626 adeo
1581 1599 1616 1626 sit
1632 1598 1799 1626 immemor?

1008 1645 1085 1678 Quod
1102 1649 1193 1672 autem
1209 1645 1386 1680 subjungitur
1400 1665 1407 1677 ,
1426 1645 1506 1680 517
1524 1655 1534 1670 ‹
1551 1649 1599 1672 aut
1612 1645 1683 1672 ﬁlius
1710 1645 1798 1672 homi—

1007 1692 1060 1724 nis,
1074 1692 1205 1726 quoniam
1222 1692 1318 1720 visitas
1332 1699 1394 1719 eum
1407 1692 1418 1717 ?
1433 1701 1443 1717 ι
1469 1691 1572 1718 Hebrzei
1599 1692 1702 1726 legunt,
1722 1700 1731 1717 ‹
1752 1695 1799 1717 aut

1007 1738 1079 1765 ﬁlius
1093 1739 1189 1765 Adam.
1210 1748 1218 1764 ι
1237 1737 1275 1765 Ita
1290 1745 1352 1764 cum
1368 1745 1453 1764 unum
1467 1742 1494 1764 et
1516 1737 1641 1764 eumdem
1655 1744 1707 1764 vox
1723 1741 1798 1763 utra-

1007 1793 1060 1820 que
1075 1784 1220 1819 signiﬁcet,
1238 1792 1390 1819 corporeus
1404 1789 1495 1811 tamen
1513 1783 1620 1816 Adami,
1643 1784 1715 1811 Enos
1733 1791 1798 1811 vero

1006 1831 1127 1862 nomine,
1144 1831 1251 1858 ratione
1274 1832 1405 1866 praeditus
1430 1831 1600 1866 designatur.
1621 1830 1710 1865 Atque
1725 1831 1797 1857 hunc

1008 1878 1035 1905 in
1055 1878 1165 1905 modum
1182 1877 1323 1905 Hebraicre
1341 1879 1438 1905 littera:
1455 1878 1598 1904 ambarum
1621 1885 1718 1904 vocum
1741 1882 1798 1913 ely-

1007 1924 1156 1958 mologiam
1181 1923 1363 1958 distinguunt.
1391 1924 1425 1950 At
1448 1931 1512 1950 vero
1529 1922 1616 1954 Plato,
1634 1923 1775 1958 ἄνθρωπον
1789 1943 1796 1956 ,

1007 1970 1148 2000 hominem,
1167 1969 1259 1996 Grazea
1282 1969 1373 2004 lingua
1392 1969 1467 2005 παρά
1493 1969 1523 1995 τὸ
1540 1969 1684 2003 ἁναθρεῖν,
1703 1977 1718 1996 a
1733 1977 1798 1996 con-

1006 2018 1161 2052 templando
1175 2018 1343 2045 nominatum
1357 2025 1418 2044 esse
1427 2016 1581 2043 contendit:
1594 2025 1603 2041 Ι
1616 2015 1702 2043 Homo
1713 2016 1796 2048 enim,

1007 2064 1104 2098 inquit,
1119 2063 1198 2091 simul
1219 2068 1300 2098 atque
1315 2063 1382 2090 vidit
1395 2063 1497 2097 aliquid
1513 2062 1629 2097 (ὄπωπε
1646 2062 1742 2089 'erci
1757 2062 1798 2089 di-

1007 2109 1105 2144 cunt),
1122 2109 1147 2136 id
1163 2110 1252 2144 ipsum
1271 2109 1344 2144 quod
1359 2109 1468 2142 viderit,
1484 2108 1684 2142 contemplatur
1706 2115 1738 2135 ac
1755 2116 1798 2135 se-

1006 2163 1068 2182 cum
1096 2156 1155 2191 ipse
1186 2159 1303 2190 reputat,
1334 2160 1364 2182 ut
1389 2155 1533 2191 ἄνθρωπος
1561 2155 1690 2186 dicatur,
1718 2155 1798 2189 quasi

1006 2201 1128 2237 ἀναθρῶν
1139 2201 1157 2228 ἃ.
1168 2201 1271 2231 ὅπωπε.
1283 2202 1461 2236 contemplans
1476 2210 1507 2228 ea
1524 2209 1583 2237 quae
1603 2201 1707 2228 viderit.
1723 2210 1732 2226 ι
1751 2199 1797 2227 Vi--

1007 2255 1066 2274 runt
1083 2252 1210 2282 prmterea
1227 2247 1331 2275 Hehrmi
1355 2251 1454 2274 vocant
1472 2248 1494 2273 is
1511 2256 1518 2280 ;
1553 2246 1625 2281 quod
1650 2253 1747 2272 nomen
1764 2245 1798 2273 ab

1009 2303 1046 2325 es.
1062 2294 1136 2329 quod
1153 2295 1239 2328 ignem
1253 2294 1399 2329 signiﬁcat,
1415 2293 1564 2326 derivatur,
1587 2297 1615 2320 ut
1632 2292 1681 2319 viri
1698 2299 1798 2319 nomen

1009 2341 1043 2368 ab
1058 2341 1144 2368 calida
1159 2345 1186 2367 et
1198 2340 1275 2375 ignea
1291 2340 1341 2367 viri
1358 2345 1454 2367 natura
1469 2339 1583 2366 inditum
1598 2339 1688 2366 fuerit.
1703 2338 1800 2365 Mulier

1009 2394 1083 2418 vero,
1100 2387 1136 2413 uti
1153 2394 1187 2413 ex
1208 2386 1267 2413 viro
1293 2389 1401 2419 sumpta
1427 2385 1596 2419 perhibetur,
1627 2385 1664 2412 ita
1693 2383 1720 2410 in
1738 2384 1798 2417 ejus

1008 2432 1127 2459 nominis
1137 2433 1356 2459 communionem
1369 2437 1464 2459 vocata
1475 2436 1527 2464 est;
1542 2431 1599 2457 issu
1609 2430 1681 2457 enim
1696 2429 1730 2456 ab
1744 2430 1799 2456 illis

1008 2483 1190 2513 nuncupatur,
1206 2483 1235 2505 ut
1249 2479 1289 2504 vir
1308 2479 1340 2504 is.
1355 2478 1390 2504 At
1405 2478 1491 2508 Plato,
1507 2484 1569 2504 cum
1586 2476 1682 2511 ἄνδρα,
1700 2476 1796 2508 virum,

1008 2525 1083 2560 παρὰ
1106 2525 1156 2560 τὴν
1176 2524 1232 2550 ἄνω
1255 2525 1329 2559 ροήν,
1347 2524 1398 2550 hoe
1415 2528 1456 2550 est
1481 2522 1512 2554 ab
1536 2523 1669 2557 superiore
1691 2522 1799 2556 deﬂuxu

1007 2570 1107 2597 dictum
1117 2578 1177 2597 esse
1187 2570 1313 2602 defendit,
1323 2575 1378 2596 tum
1388 2570 1423 2596 ita
1431 2568 1569 2603 subjnngit
1579 2576 1585 2594 :
1597 2577 1605 2592 ι
1616 2569 1686 2604 Γυνή
1696 2573 1797 2599 autem,

1007 2615 1105 2641 mulier
1122 2636 1129 2648 ,
1148 2615 1226 2650 quasi
1239 2616 1316 2650 γονή,
1338 2615 1418 2649 fetus,
1432 2618 1477 2641 aut
1489 2622 1574 2641 semen
1587 2614 1719 2648 appellata
1731 2613 1800 2640 mihi

1010 2663 1126 2689 videtur.
1138 2671 1147 2687 ι
1168 2663 1273 2689 Rursus
1288 2661 1375 2688 Moses
1389 2661 1487 2688 caelum
1505 2668 1568 2687 vere
1584 2667 1616 2687 ac
1632 2660 1740 2694 proprie
1753 2659 1800 2687 ﬁr-

1011 2712 1181 2736 mamentum
1201 2707 1332 2734 llebraica
1358 2715 1424 2734 voce
1439 2710 1588 2741 nuncupat,
1604 2706 1677 2740 quod
1701 2713 1800 2733 secun-

1018 2841 1087 2867 nnde
1111 2839 1230 2866 naseiinr
1250 2830 1285 2867 ΒΝ
1308 2840 1379 2873 quod
1401 2842 1497 2873 praeter
1511 2837 1705 2871 fortitudinem,
1719 2837 1799 2865 etiam

1011 2876 1118 2908 fortem,
1137 2875 1273 2909 Deumque
1289 2874 1431 2909 signiﬁcat.
