2091 3208
312 153 367 182 859

648 153 783 182 EUSEBII
801 152 1040 180 C‘ESABIENSIS
1058 152 1133 181 OPP.
1155 152 1245 180 PARS
1261 152 1292 181 ll.
1311 169 1345 174 —
1363 152 1610 182 APOLOGETICA.

1873 153 1926 182 860

314 199 379 243 dum
394 215 467 243 illam
482 214 605 249 corporis
621 218 758 249 expertem
785 213 1032 249 intelligentemque
1045 222 1094 241 na-

1152 214 1217 241 ἰόναι
1242 215 1383 250 πειρᾶταν
1399 215 1449 241 οὐκ
1466 212 1515 241 οἷδ’
1532 215 1606 246 ὅπως
1622 213 1667 240 τὸν
1682 213 1732 249 μὶν
1749 213 1927 248 Ἐὶτορα-κε-

315 266 417 293 turam,
440 262 558 297 primum
580 260 662 295 hujus
684 260 778 287 mundi
803 259 910 286 ﬁrmum
937 260 972 287 sit
997 267 1097 294 corpus

288 335 291 338 ,
315 313 454 341 sensuque
470 309 637 340 perceptum.
654 305 689 332 At
713 304 789 331 Plato
806 305 856 331 rite
879 304 995 340 οὐρανῷ,
1013 305 1096 338 aeto,

315 352 344 379 id
358 351 475 379 nominis
489 351 604 378 inditum
617 358 678 377 esse
693 350 741 381 ait,
758 350 831 384 quod
845 350 876 377 τὸ
887 351 943 377 ἄνω
955 341 1030 385 ἐρᾷν,
1046 351 1098 378 hoc

315 402 357 424 cst
376 398 414 423 uti
427 397 603 430 suspiciamus
620 396 726 423 elliciat.
746 396 848 423 Hebraei
871 404 968 423 nomen
985 404 1098 424 summa:

316 443 391 469 illius
417 442 462 469 Dei
482 447 585 469 natura
599 443 751 477 proprium,
771 449 821 469 nec
837 442 891 469 ulla
915 450 982 469 voce
997 450 1097 477 reprae-

316 488 430 520 sentari,
457 495 506 515 nec
523 488 606 514 animi
623 488 787 522 cogitatione
801 488 993 522 comprehendi
1019 495 1098 522 posse

317 542 380 561 cum
394 538 527 566 statuant,
543 535 615 569 quod
630 543 643 561 a
658 535 738 562 nobis
750 534 796 562 Dei
808 535 917 562 nomine
928 536 1097 570 exprimitur,

318 579 344 606 id
361 581 450 614 ipsum
474 580 559 607 Eloim
576 581 667 608 dicere
683 585 892 612 consueverunt,
916 581 950 607 ah
967 581 1001 613 el,
1016 586 1045 607 ut
1059 581 1099 607 vi—

317 624 406 657 detur,
421 624 492 658 quod
518 625 588 659 apud
617 625 677 652 illos
700 625 780 652 robur
794 630 997 660 potestatemque
1014 626 1096 660 signi-

317 668 391 700 ticat,
407 673 436 696 ut
453 668 498 695 Dei
517 677 615 697 nomen
628 670 697 705 apud
713 671 784 705 ipsos
800 671 834 698 ab
846 671 905 705 ejus
922 676 1054 706 potestate
1068 679 1100 698 ac

317 714 417 741 robore
429 714 575 748 derivetur,
594 717 665 743 unde
686 716 760 742 illum
777 717 867 743 omnia
883 717 994 743 omnino
1009 724 1098 752 posse,

319 763 412 794 utpote
437 760 483 795 qui
503 761 614 788 molitus
638 762 729 788 omnia
747 761 838 794 fuerit,
854 762 1038 797 intelligimus.
1066 763 1100 789 At

317 803 395 832 Plato
417 805 501 832 Deum
519 812 599 841 atque
612 807 689 840 deos,
705 807 770 834 Θεὸν
787 808 834 834 καὶ
844 808 931 840 θεούς,
947 810 1100 837 nominatos

317 857 380 877 esse
403 851 525 884 mavult,
540 852 613 886 quod
635 852 680 878 illa
703 853 764 879 caeli
789 853 876 880 sidera
903 854 983 887 θέειν,
1004 855 1030 882 id
1048 860 1098 886 est,

316 903 434 928 currere,
446 897 597 925 videamus.
615 898 703 932 Atque
727 898 762 925 ita
787 898 890 926 llebrmi
914 900 994 926 simul
1019 905 1099 934 atque

318 941 415 975 Plato;
443 950 498 969 rem
519 943 590 970 enim
615 944 790 972 adumbrasse
814 945 881 972 satis
896 950 947 977 est,
975 946 1007 973 de
1027 951 1098 973 recta

320 987 461 1014 nominum
478 989 650 1022 impositione
665 994 825 1017 statuerunt.
840 990 909 1023 Quin
929 991 1009 1018 etiam
1027 992 1099 1026 ipsas

317 1039 428 1067 quoque
451 1033 591 1061 hominum
615 1036 807 1069 appellationes
829 1041 902 1063 certo
926 1038 1040 1064 consilio
1063 1039 1101 1064 in-

318 1078 389 1106 ditas
405 1078 489 1106 fuisse
513 1078 589 1106 Plato
615 1081 769 1113 conﬁrmat,
794 1086 820 1108 et
845 1083 984 1110 rationem.
1006 1091 1099 1111 earnm

319 1124 439 1158 aliquam
464 1124 560 1152 atlerre
589 1129 711 1153 conatur.
735 1127 827 1161 Itaque
845 1127 984 1155 Hectorem
1010 1130 1101 1156 nescio

319 1175 374 1203 quo
391 1173 484 1203 pacto,
502 1170 574 1203 quod
599 1178 646 1196 rex
671 1170 850 1205 Troianorum
876 1176 958 1203 esset,
985 1172 1039 1198 ἀπὸ
1054 1172 1101 1198 τοῦ

319 1214 391 1249 ἔχειν
412 1215 459 1242 καὶ
479 1217 599 1251 κρατεῖν,
616 1224 676 1251 συξη
691 1217 784 1244 habere
800 1226 831 1244 ac
850 1218 981 1253 imperare
1000 1218 1102 1253 signiti-

318 1266 394 1293 cant,
424 1263 588 1297 appellatum
619 1271 680 1290 esse
705 1263 844 1298 conjicit;
871 1264 1101 1299 Agamemnonem

319 1307 405 1343 518
418 1316 492 1341 vero,
507 1308 550 1335 διὰ
565 1308 596 1335 τὸ
614 1309 683 1343 ἄγαν
704 1309 803 1344 μένειν,
826 1311 896 1345 quod
912 1311 1024 1338 nimium
1040 1319 1102 1346 per-

321 1354 440 1386 sisteret,
455 1359 536 1389 atque
553 1356 578 1382 in
597 1356 639 1388 iis,
653 1364 714 1390 quae
727 1357 856 1384 adversus
866 1357 999 1392 Trojanos
1011 1365 1103 1384 susce-

322 1405 408 1434 perat,
437 1402 558 1429 consiliis
584 1402 697 1429 tirmiter
724 1403 869 1430 admodum
895 1408 922 1431 et
948 1408 1104 1431 constanter

321 1447 446 1475 haereret.
460 1448 505 1475 Sic
515 1447 648 1481 Orestem,
657 1449 700 1475 διὰ
707 1449 737 1476 τὸ
749 1450 862 1485 ὀρεινόν,
872 1451 944 1485 quod
956 1450 1102 1481 montanis.

322 1492 375 1520 hoc
397 1497 438 1520 est
462 1494 613 1528 agrestibus
642 1502 675 1521 ac
698 1494 814 1528 ferinis;
845 1495 956 1522 Atreum
972 1515 979 1527 ,
1002 1495 1047 1521 διὰ
1074 1495 1103 1521 τὸ

322 1539 444 1575 ἀτηρὸν,
473 1541 545 1575 quod
572 1541 731 1575 perniciosis
757 1549 788 1569 ac
813 1541 954 1576 pestiferis
981 1541 1103 1569 moribus

322 1590 396 1613 esset
411 1595 418 1617 ;
431 1585 567 1621 Pelopem,
579 1587 652 1622 quod
666 1595 719 1614 non
736 1595 777 1619 ea,
791 1595 851 1622 quae
866 1592 967 1615 semota
984 1588 1101 1623 longius,

322 1631 370 1658 sed
384 1639 416 1658 ea
431 1631 571 1663 duntaxat,
595 1640 655 1667 qua:
678 1633 772 1664 πέλας,
798 1633 849 1660 hoc
863 1639 901 1661 est
917 1634 1103 1668 propinquiora

322 1682 425 1709 essent,
441 1677 544 1705 videret
556 1687 564 1711 ;
578 1677 720 1705 Tantalum
734 1679 812 1713 quasi
825 1679 997 1710 ταλάντατον,
1012 1681 1105 1706 miser-

323 1729 431 1755 rimum,
447 1722 482 1749 ob
496 1730 601 1756 earum,
615 1723 715 1758 quibus
739 1731 894 1758 oppressus
903 1730 954 1758 est,
981 1725 1104 1753 miseria-

323 1775 384 1794 rum
410 1768 635 1802 magnitudinem.
655 1769 708 1796 lsta
726 1769 834 1803 quidem
851 1770 957 1804 aliaque
978 1776 1104 1797 sexcenta

324 1822 339 1841 a
356 1813 469 1841 Platone
483 1814 554 1841 dicta
567 1815 697 1849 reperias.
708 1815 807 1849 quibus
821 1816 930 1842 nomina
947 1815 1040 1849 primis
1053 1815 1105 1843 illis

324 1860 481 1888 hominibus
497 1868 550 1887 non
566 1869 614 1895 pro
637 1860 760 1895 arbitrio,
785 1861 832 1888 sed
859 1869 908 1895 pro
922 1866 1024 1888 natura:
1038 1869 1104 1888 oon,

323 1906 426 1933 ditione
442 1907 568 1940 imposita
586 1907 683 1934 docere
698 1911 821 1934 conatur.
838 1907 872 1934 At
886 1907 1024 1934 enimvero
1046 1915 1105 1941 qua:

323 1952 396 1986 apud
409 1951 500 1979 Mosen
518 1952 653 1987 leguntur,
666 1960 696 1979 ea
710 1960 848 1987 nunquam
866 1956 911 1979 aut
927 1957 1019 1980 coacta
1034 1952 1106 1979 dixe-

324 1998 374 2029 ris,
386 2002 432 2024 aut
448 2002 542 2032 arguta
555 1998 599 2025 illa
615 1998 797 2032 sophistarum
813 1998 840 2024 in
857 1998 986 2025 cudendis
1001 1998 1105 2025 voculis

324 2049 382 2071 arte
409 2043 534 2071 conﬁcta.
562 2043 700 2078 Agnosces
727 2043 870 2074 videlicet,
896 2052 977 2078 quem
1001 2042 1104 2070 llebrzei

323 2090 437 2116 Cainum
452 2093 559 2120 vocant,
584 2088 777 2115 (volutationem
794 2089 863 2123 apud
878 2088 985 2116 (ἂι-τείως
1002 2089 1105 2124 εἱειιίιίν

323 2143 397 2167 care,
418 2142 473 2170 quo
488 2134 598 2161 nomine
614 2134 764 2168 appellatus
780 2134 903 2162 nefarius
917 2135 999 2161 homo
1013 2134 1104 2167 fuerit,

324 2180 398 2215 quod
416 2180 545 2206 adversus
560 2178 670 2205 fratrem
686 2179 858 2206 aemulatione
879 2179 1035 2214 invidiaque
1057 2179 1105 2206 lla-

1147 259 1261 295 κλῆσθαι
1275 259 1359 286 εἰπὼν
1381 260 1436 287 ἀπὸ
1460 260 1506 286 τοῦ
1523 260 1593 295 ἔχειν
1609 260 1656 286 καὶ
1675 261 1786 295 κρατεῖν
1798 279 1806 291 ,
1833 260 1876 286 διὰ
1895 260 1927 286 τδ

1148 305 1259 341 βασιλέα
1273 303 1342 332 εἶναι
1354 306 1409 333 τῶν
1423 305 1523 341 Τρώων
1533 315 1540 321 ·
1558 306 1604 332 τὸν
1618 306 1647 333 δὲ
1668 305 1854 341 ’Δγαιιέμνονα
1864 326 1871 338 ,
1882 306 1927 333 διὰ

1146 351 1179 377 τδ
1190 351 1259 385 ᾰγαν
1272 352 1371 387 μένειν,
1391 352 1438 378 καὶ
1451 353 1507 383 τοῖς
1519 351 1610 384 δόξασι
1629 351 1705 387 παρὰ
1721 357 1733 371 ι
1747 351 1802 379 τῶν
1824 352 1927 388 Τρώων

1147 397 1261 429 εὐτόνως
1276 398 1322 424 καὶ
1334 398 1473 433 καρτερῶς
1489 398 1669 433 παραμένειν
1686 398 1730 424 τὸν
1743 399 1772 425 δὲ
1786 398 1925 434 Ὀρέστην,

1147 443 1191 470 διὰ
1203 444 1232 470 τὸ
1248 444 1358 479 ὀρεινὸν,
1373 443 1419 470 καὶ
1433 444 1535 479 ἄγριον,
1549 445 1596 470 καὶ
1608 444 1738 479 θηριῶδες
1751 444 1799 470 τοῦ
1813 444 1924 480 τρόπου⁵

1148 488 1194 514 καὶ
1211 488 1257 514 τὸν
1274 488 1322 523 μὲν
1342 488 1447 524 Ἀτρέα,
1465 487 1509 514 διὰ
1521 488 1550 514 τὸ
1563 489 1734 523 ἀτηρόνντινα.
1749 489 1887 523 γεγονέναι
1897 488 1928 515 τὸ

1147 532 1211 569 ἦθος
1222 542 1227 548 ·
1240 534 1284 560 τὸν
1300 533 1327 560 δὲ
1346 533 1464 564 Πέλοπα,
1477 530 1532 559 οἷόν
1547 542 1606 560 τινα
1621 534 1651 559 οὑ
1673 534 1707 559 τὰ
1729 535 1821 569 πὸρῤω
1831 553 1839 561 .
1859 534 1927 561 ἀλλὰ

1151 579 1217 614 μόνα
1231 579 1265 606 τὰ
1279 579 1363 611 πέλας
1378 579 1424 606 καὶ
1440 580 1521 613 ἐγγὺς
1536 579 1639 614 ὁρῶντα
1649 588 1656 594 ν
1675 579 1719 605 τὸν
1741 580 1770 606 δὲ
1792 579 1926 606 Τάνταλον

1148 626 1312 652 ταλάντατὸν
1327 634 1386 663 τινα
1400 634 1465 660 φησι
1476 645 1483 657 ,
1499 626 1544 651 διὰ
1563 625 1597 651 τὰ
1617 626 1679 661 περὶ
1697 626 1776 652 αὑτὸν
1795 625 1928 660 δυστυχή-

1151 681 1232 707 ματα,
1244 672 1394 707 σημαιίνειν,
1415 671 1507 698 Ταῦτα
1523 672 1569 698 καὶ
1585 671 1617 698 τὰ
1630 672 1742 698 τοιαῦτα
1757 672 1840 707 μυρία
1861 672 1928 699 ἄλλα

1149 718 1238 753 εὕροις
1253 717 1285 744 ἂν
1307 718 1438 753 εἰρημένα
1462 718 1500 752 τῷ
1515 718 1653 747 Πλάτωνι.
1679 718 1757 752 φύσει
1783 718 1926 750 τεθεῖσθαι,

1149 764 1205 790 ἀλλ’
1217 764 1249 790 οὑ
1263 763 1334 790 θέσει
1348 765 1403 795 τοῖς
1416 763 1532 799 πρώτοις
1543 764 1576 791 τὰ
1592 764 1710 799 ὀνόματα
1723 764 1857 790 διδάσκειν
1869 773 1929 790 πει-

1152 809 1273 844 ρωμένῳ.
1299 809 1366 835 Ἀλλ’
1386 810 1415 836 οὐ
1437 810 1483 836 καὶ
1498 810 1532 836 τὰ
1552 809 1626 844 παρὰ
1644 811 1738 836 Μωπεῖ
1764 810 1929 845 βεϐιασμένα

1150 854 1182 880 ἂν
1198 855 1297 886 εἴποις,
1314 855 1373 881 οὑδέ
1390 863 1421 889 γε
1447 855 1518 881 κατὰ
1535 864 1595 881 τινα
1616 855 1772 890 σοφιστικὴν
1795 856 1929 891 εὑρεσιλο-

1149 900 1212 933 γίαν
1229 900 1413 935 πεποιημένα·
1432 900 1535 937 μαθὼν,
1549 902 1586 933 ὡς
1600 903 1614 928 6
1638 903 1686 936 μὲν
1708 903 1772 937 παρ’
1795 902 1930 938 Ἐὃραίοις

1150 947 1218 973 Κὰϊν
1239 946 1319 981 ζῆλος
1341 947 1403 982 παρ’
1428 947 1540 982 Ἕλλησι
1568 947 1817 982 μεταλαμϐάνεται·
1833 946 1928 973 τούτου

1149 993 1171 1019 δ’
1189 992 1291 1028 ἠξιώθη
1312 993 1358 1019 τοῦ
1384 994 1577 1028 προσρήματος
1590 995 1604 1020 6
1630 993 1792 1028 δηλούμενος
1804 1013 1811 1024 ,
1827 993 1871 1020 διὰ
1900 993 1935 1019 τὸ

1151 1037 1268 1073 ζηλῶσαι
1283 1038 1327 1064 τὸν
1343 1038 1456 1073 ἀδελφὺν
1472 1039 1516 1065 τὸν
1531 1038 1623 1065 Ἀϐελ.
1637 1039 1691 1065 Καὶ
1705 1040 1718 1065 6
1739 1038 1821 1065 Ἅϐελ
1843 1039 1871 1065 δὲ
1884 1039 1930 1074 ἑρ-

1153 1084 1295 1119 μηνεύεται
1317 1083 1412 1116 πένθος
1424 1105 1431 1115 ,
1444 1084 1489 1111 τοῦ
1508 1085 1607 1111 τοιοῦδε
1629 1085 1730 1117 πάθους
1741 1084 1858 1119 γεγονὼς
1883 1085 1930 1111 καὶ

1150 1130 1230 1161 αὐτὸς
1246 1131 1300 1161 τοῖς
1316 1130 1439 1164 γονεῦσιν
1453 1130 1553 1162 αἴτιος,
1573 1130 1597 1156 οἳ
1618 1131 1688 1158 κατά
1712 1139 1773 1157 τινα
1792 1130 1929 1166 θειοτέραν

1152 1175 1320 1210 προμήθειαν
1331 1176 1482 1211 γενομένοις
1502 1178 1557 1208 τοῖς
1579 1177 1658 1203 παισὶ
1675 1177 1775 1209 ταύτας
1799 1176 1930 1204 τέθεινται

1151 1221 1201 1253 τὰς
1216 1222 1381 1257 ἐπωνυμίας.
1398 1223 1430 1248 Τί
1444 1222 1466 1248 δ’
1480 1223 1506 1249 εἴ
1514 1232 1555 1249 σοι
1566 1223 1610 1250 τὸν
1630 1223 1755 1259 Ἀϐραὰμ
1772 1223 1827 1258 (5|)
1843 1231 1931 1259 παρα-

1153 1268 1278 1304 φέρθιμι;
1306 1268 1513 1304 Μετεωρολόγος
1543 1277 1585 1300 τις
1610 1264 1705 1300 οὗτος,
1732 1268 1778 1295 καὶ
1806 1268 1855 1304 τῆς
1877 1269 1934 1295 τῶν

1151 1314 1259 1350 ἄστρων
1283 1314 1409 1350 Θεωρίας,
1436 1314 1489 1340 τῶν
1511 1323 1540 1341 τε
1565 1314 1623 1341 κατ’
1637 1314 1749 1350 οὐρανὸν
1763 1313 1932 1350 μαθημάτων

1152 1360 1270 1395 εἰδὴμων
1288 1360 1318 1386 τὸ
1344 1361 1417 1396 πρὶν,
1437 1361 1481 1387 ὅτε
1508 1362 1558 1396 τῆς
1581 1360 1735 1396 Χαλδαῖκῆς
1764 1361 1935 1396 μετεποιεῖτο

1153 1406 1258 1440 σοφίας,
1274 1405 1401 1440 γεγονὼς,
1423 1405 1528 1441 Ἀὁρὰμ
1540 1406 1678 1433 ἐκαλεῖτο·
1699 1406 1777 1433 τοῦτο
1796 1406 1818 1432 δ’
1836 1405 1931 1441 Ἐλλή-

1153 1459 1205 1477 νων
1227 1453 1300 1486 φωνῇ
1321 1451 1426 1487 πατέρα
1444 1451 1577 1487 μετέωρον
1599 1451 1736 1487 σημαίνει.
1759 1451 1851 1477 Ἀλλ’ὀ
1864 1451 1933 1482 Θεός

1152 1505 1184 1530 γε
1198 1497 1288 1527 αὐτὸν,
1305 1496 1358 1522 τῶν
1373 1498 1436 1532 τῇδε
1451 1497 1497 1523 ἐπὶ
1509 1497 1543 1523 τὰ
1555 1497 1673 1532 ἐπιφανῆ
1694 1498 1740 1524 καὶ
1757 1496 1809 1523 τῶν
1824 1497 1932 1532 ὁρωμέ-

1153 1553 1206 1570 νων
1220 1544 1348 1571 ἐπέκεινα
1358 1544 1494 1579 προάγων,
1509 1544 1643 1579 εὐθυϐόλῳ
1658 1543 1789 1579 κέχρηται
1814 1551 1934 1579 μετωνυ-

1156 1591 1234 1626 μίᾳ,ι
1247 1589 1362 1622 Οὐκέτι,
1391 1591 1497 1625 φήσας,
1524 1590 1686 1625 κληθήσεται
1714 1589 1745 1615 τὸ
1769 1588 1854 1624 ὄνομά
1887 1597 1933 1615 σου

1159 1636 1274 1672 Ἀὃρὰμ,
1288 1636 1355 1663 ἀλλὰ
1378 1635 1501 1671 Ἀϐραὰμ
1517 1635 1591 1662 ἔσται
1603 1635 1635 1662 τὸ·
1645 1635 1729 1670 δνομά
1744 1643 1790 1661 σου
1802 1655 1809 1667 ,
1825 1635 1865 1661 ὃτι
1882 1643 1934 1661 πα-

1153 1683 1220 1718 τέρα
1233 1682 1335 1709 πολλῶν
1362 1682 1576 1709 ἐθνῶνιτέθεεκὰ
1589 1690 1628 1709 σε.
1649 1691 1658 1707 ι
1690 1681 1774 1708 Τοῦτο
1801 1681 1824 1708 δ’
1841 1681 1937 1713 ὁποίας

1153 1729 1244 1764 ἔχεται
1255 1728 1383 1760 διανοίας,
1402 1727 1505 1764 μακρὸς
1533 1728 1565 1754 ἂν
1578 1727 1620 1762 εἴη
1637 1727 1725 1761 λόγος.
1752 1727 1886 1763 ’Λπαρκεῖ
1906 1727 1933 1753 δὲ

1155 1775 1205 1801 κάν
1219 1774 1305 1809 τούτῳ
1319 1775 1364 1801 τὸν
1377 1774 1506 1801 Πλάτωνα
1522 1774 1646 1809 μάρτυρα
1660 1773 1708 1800 τοῦ
1722 1773 1801 1808 λόγου
1818 1772 1941 1809 παραθέ·

1155 1820 1226 1853 σθαι,
1249 1820 1300 1846 ὑπὸ
1315 1820 1451 1855 θειοτέρας
1471 1820 1611 1855 δυνάμεως
1635 1819 1693 1846 ἔνια
1715 1819 1769 1845 τῶν
1796 1819 1934 1854 ὀνομάτων

1154 1866 1289 1892 τεθεῖσθαι
1311 1866 1439 1900 φάμενον.
1465 1865 1545 1899 Λέγει
1571 1865 1593 1891 6‘
1620 1862 1666 1891 οὖν
1691 1865 1782 1896 αὐτοῖς
1805 1864 1933 1899 ῥήμασιν’

1158 1921 1166 1936 ι
1190 1911 1385 1938 Ἐσπουόάσθαι
1408 1910 1462 1946 γὰρ
1488 1910 1603 1937 ἐνταῦθα
1632 1910 1748 1945 μάλιστα
1765 1909 1864 1946 πρέπει
1887 1909 1934 1945 τὴν

1156 1957 1228 1983 θέσιν
1239 1957 1292 1983 τῶν
1305 1957 1443 1992 ὀνομάτων
1452 1966 1458 1971 ·
1474 1957 1537 1988 ἴσως
1545 1957 1572 1982 δὲ
1583 1956 1641 1983 ἔνια
1653 1956 1742 1983 αὐτῶν
1751 1956 1797 1982 καὶ
1810 1955 1863 1982 ὑπὸ
1870 1955 1935 1982 θειο-

1155 2002 1236 2037 τέρας
1246 2002 1408 2037 δυνάμεωςῆ
1420 2003 1468 2037 τῆς
1477 2001 1531 2028 τῶν
1538 2001 1688 2037 ἀνθρώπων
1698 2001 1824 2036 ἐγενήθη.
1833 2010 1842 2026 ι
1852 1999 1935 2027 Τοῦτό

1155 2049 1186 2082 γέ
1198 2057 1237 2074 τοι
1247 2048 1311 2074 αὐτὸ
1318 2048 1361 2074 διὰ
1370 2048 1498 2074 πλειόνων
1509 2048 1556 2074 καὶ
1571 2048 1586 2082 ἡ
1600 2049 1663 2082 παρ’
1675 2047 1808 2082 Ἑϐραίοις
1818 2047 1878 2083 ἱερὰ
1892 2054 1935 2072 πι-

1156 2095 1263 2121 στοῦται
1280 2095 1385 2130 Γραφή”
1398 2094 1505 2131 πρῶτός
1526 2102 1555 2119 τε
1573 2094 1674 2129 Μωσῆς
1693 2092 1829 2124 ἁπάντων,
1854 2092 1883 2124 6‘;
1905 2093 1935 2118 ἐκ

1156 2140 1292 2176 θειοτέρας
1300 2141 1439 2175 δυνάμεως
1450 2139 1494 2165 τὸν
1507 2139 1639 2174 Ἀϐραὰμ,
1649 2139 1695 2165 καὶ
1702 2139 1747 2165 τὸν
1753 2138 1845 2165 τούτου
1855 2137 1934 2165 παῖδα

1155 2185 1200 2212 τὸν
1221 2186 1322 2217 Ἰσαὰκ,
1346 2185 1392 2212 καὶ
1407 2184 1447 2211 ἔτι
1467 2185 1512 2211 τὸν
1539 2184 1644 2220 Ἰσραὴλ
1673 2183 1864 2218 ἐπωνομάσθαι
1884 2183 1935 2210 ἐδί-

323 2231 414 2262 graret
429 2235 436 2259 ;
456 2226 564 2253 Abelem
578 2231 672 2252 contra
682 2225 781 2251 lactant
796 2232 903 2257 sonare,
919 2225 991 2259 quod
1007 2233 1098 2260 paren-

1158 2230 1230 2262 δαξε.
1254 2230 1341 2262 Γέλως
1352 2230 1379 2257 δὲ
1398 2231 1412 2256 6
1436 2230 1528 2257 Ἰσαὰκ
1555 2229 1746 2265 ἑρμηνεύεται,
1773 2229 1803 2255 τὺ
1817 2229 1868 2264 τῆς
1893 2229 1934 2258 ὲν-

323 2272 398 2299 tibus
413 2272 471 2299 suis
484 2272 585 2298 luctum
604 2271 740 2298 attulisset
758 2280 764 2298 ε
783 2271 829 2306 qui
845 2270 978 2297 diviniore
987 2271 1104 2305 quodam

324 2318 453 2345 instinctu
470 2317 637 2352 consilioque
655 2317 768 2352 permoti
786 2317 919 2352 ejusmodi
941 2317 1034 2345 liberis
1049 2318 1106 2344 suis

324 2365 434 2391 nomina
453 2364 608 2391 indiderint.
625 2363 695 2396 Quid
707 2364 729 2391 si
744 2363 930 2390 Abrahamum
945 2362 1081 2397 proferam
1095 2363 1107 2389 Ἰ

323 2410 370 2438 ille
394 2410 522 2437 nimirum
546 2414 636 2440 antea.
660 2410 723 2436 dum
748 2409 906 2444 sapientiam
931 2409 1105 2437 Chaldaicam

324 2456 507 2491 proﬁteretur,
524 2457 550 2483 in
568 2464 659 2483 rerum
675 2457 845 2491 superiorum
859 2456 1044 2491 disputatione
1057 2464 1105 2483 oc-

324 2506 450 2535 cupatus,
469 2506 550 2536 atque
565 2502 591 2528 in
609 2502 738 2535 siderum,
753 2510 866 2536 quaeque
884 2503 917 2529 ad
930 2501 1028 2529 caelum
1045 2509 1106 2536 per-

326 2548 421 2581 tinent,
439 2549 561 2575 omnium
589 2549 818 2583 contemplatione
845 2548 982 2580 assiduus,
1005 2547 1104 2574 Abram

326 2593 492 2626 vocabatur,
518 2602 578 2628 quae
597 2602 649 2621 vox
673 2594 764 2622 Graece
795 2594 937 2621 sublimem
967 2598 1105 2628 parentem

325 2637 470 2672 signiﬁcat.
488 2640 521 2666 At
539 2640 619 2671 Deus,
638 2648 699 2668 cum
714 2640 838 2667 eumdem
856 2647 870 2666 a
886 2648 975 2667 rerum
1000 2644 1107 2666 nostrar-

326 2691 387 2710 rum
403 2685 607 2718 consuetudine,
619 2686 651 2713 ad
666 2686 843 2713 illustriorum
861 2686 979 2718 illarum,
993 2693 1106 2720 quaeque

327 2729 505 2763 aspectabiles
522 2737 616 2758 onmes
635 2736 774 2766 superant,
791 2731 984 2760 commercium
1009 2731 1107 2758 evehe-

362 2801 376 2816 ι
396 2793 475 2821 Forte
486 2796 564 2822 κατά.

1157 2275 1253 2310 αρέτου
1269 2275 1354 2310 χαρᾶς
1363 2274 1528 2309 ἐπαγόμενος
1543 2274 1574 2300 σύ
1578 2274 1683 2309 μὸολον,
1697 2274 1731 2309 ἢν
1739 2275 1795 2306 τοῖς
1802 2273 1939 2308 θεοφιλέσι

1157 2321 1240 2357 γέρας
1259 2321 1394 2355 ἐξαίρετον
1421 2319 1514 2346 δώσειν
1531 2322 1545 2346 ὁ
1569 2320 1633 2352 Θεὸς
1654 2319 1829 2355 ἐπήγγελται.
1862 2319 1891 2346 ’0
1909 2319 1936 2345 δὲ

1154 2367 1246 2393 τούτου
1261 2368 1323 2398 παῖς
1346 2366 1462 2401 Ἰσραὴλ,
1474 2364 1507 2402 ἦν
1525 2367 1573 2401 μὲν
1588 2367 1618 2392 τὸ
1641 2367 1705 2402 πρὶν
1727 2365 1816 2393 τὸτοῦ
1842 2364 1937 2392 Ἰακὼϐ

1154 2413 1239 2448 ὄνομα
1249 2413 1472 2448 ἐπενηνεγμένης,
1483 2414 1542 2439 ἀντὶ
1552 2413 1579 2440 δὲ
1593 2413 1638 2440 τοῦ
1652 2412 1748 2440 Ἰακὼὸ
1761 2413 1776 2439 6
1787 2411 1854 2444 Θεὸς
1864 2411 1938 2446 αὐτῷ

1155 2459 1185 2485 τὸ
1199 2458 1244 2485 τοῦ
1262 2459 1369 2494 Ἰσραὴλ
1392 2458 1478 2494 ὖνομα
1502 2458 1638 2494 δωρεῖται,
1670 2458 1716 2485 τὺν
1746 2457 1868 2494 ἀπητὴν
1891 2457 1937 2484 καὶ

1156 2504 1306 2540 πρακτικὸν
1337 2505 1383 2531 ἐπὶ
1411 2505 1457 2530 τὸν
1495 2504 1660 2539 θεωρητικὸν
1688 2503 1937 2540 μεταστησάμενος.

1159 2551 1323 2587 Πτερνιστὴς
1337 2550 1390 2586 γὰρ
1401 2552 1415 2577 6
1435 2550 1530 2577 Ἰακὼό
1557 2549 1746 2586 ἑρμηνεύεται,
1766 2550 1803 2582 ὡς
1817 2549 1863 2576 τὸν
1876 2549 1935 2586 ἀρε·

1158 2597 1206 2632 τῆς
1222 2595 1340 2623 ὲναθλῶν
1353 2595 1455 2630 ἀγῶνα·
1480 2595 1588 2631 Ἰσραὴλ
1602 2595 1631 2621 δὲ
1652 2594 1724 2631 όρῶν
1745 2595 1821 2626 Θεὸν,
1848 2595 1937 2625 ὁποῖος

1159 2641 1192 2668 ἂν
1206 2641 1248 2676 εἴη
1259 2642 1273 2667 6
1284 2641 1432 2674 γνωστικὸς
1441 2640 1488 2667 καὶ
1499 2639 1662 2675 θεωρητικὸς
1677 2640 1706 2666 ὲν
1721 2638 1856 2675 ἀνθρώπῳ
1865 2638 1934 2670 νοῦς.

1160 2686 1192 2712 Τί
1210 2694 1244 2720 με
1262 2686 1302 2711 δεῖ
1323 2685 1370 2711 νῦν
1390 2685 1436 2718 τοᾷ
1454 2684 1588 2718 πανσόφου
1611 2682 1750 2715 Μωσέως,
1765 2682 1781 2718 ἢ
1796 2681 1850 2708 τῶν
1873 2680 1937 2716 mp‘

1166 2730 1298 2767 Ἐεριίοις
1312 2730 1393 2764 ἱερῶν
1409 2730 1504 2763 λόγων,
1521 2728 1564 2754 διὰ
1583 2728 1684 2763 μυρίων
1698 2727 1784 2755 ἄλλων
1799 2726 1848 2763 τὴν
1863 2725 1936 2758 ὀρθό-

363 2854 418 2890 (3i)
434 2854 491 2881 Τὸν
511 2854 631 2890 Ἀϐραάμ
658 2855 724 2884 Vide
748 2864 808 2891 qua:
829 2857 916 2885 obiter
931 2863 1013 2891 supra
1029 2856 1193 2887 notavimus,
1210 2862 1269 2889 pag.
1286 2853 1346 2886 420,
1363 2853 1395 2881 de
1411 2852 1546 2880 Abraham
1561 2851 1679 2879 nomine.
