2091 3208
187 121 236 148 861

763 125 923 155 PREPAR.
943 127 1070 157 EVANG.
1099 127 1162 155 LIB.
1178 126 1223 156 XI.

1750 131 1802 160 862

187 184 256 212 τητα
271 177 321 212 τῆς
340 177 393 204 τῶν
416 178 522 205 οἰκείων
546 179 685 215 ὀνομάτων
708 180 806 214 θέσεως
831 182 968 217 ὲξαπλοῦν,

1024 188 1074 217 ret,
1100 189 1328 220 peropportunam
1346 185 1407 220 ejus
1428 186 1553 214 nominis
1565 188 1741 215 mutationem
1760 177 1802 215 id-

189 222 359 258 μακροτέρας
390 224 486 259 σχολῆς
505 225 635 259 δεομένων
652 226 704 253 τῶν
732 228 801 254 κατὰ
816 229 860 254 τὸν
871 230 969 262 eorm;

184 268 289 296 Αὐτίκα
300 269 331 304 δὴ
344 269 390 295 καὶ
405 270 458 296 τῶν
485 271 598 306 πρώτων
616 272 664 307 τῆς
688 275 883 309 γραμματικῆς
900 284 971 301 στοι-

185 314 265 350 χείων
278 314 405 350 Ἕλληνες
418 315 467 349 μὲν
481 317 530 342 οὐκ
556 317 588 343 ἂν
612 317 697 352 ἔχοιεν
725 319 774 350 τὰς
795 320 970 354 ἐτυμολογίας

184 361 281 391 εἰπεῖν,
294 360 348 387 οὐδ’
362 361 442 393 αὐτός
458 363 483 395 γ’
497 361 529 388 ἂν
544 362 609 398 φαίη
622 363 733 389 Πλάτων
747 364 791 391 τὺν
802 364 878 399 λόγον
891 366 907 400 ἢ
923 366 969 392 τὸν

184 405 312 441 λογισμὸν
325 406 378 432 τῶν
393 408 587 442 φωνηέντων,ἦ
598 408 650 434 τῶν
662 409 821 444 συμφώνων·
838 410 968 446 Ἐϐραίων

183 452 206 478 δ’
219 451 252 478 ἂν
265 453 364 479 εἴποιεν
380 453 473 484 παῖδες
486 454 533 480 τοῦ
544 463 573 480 τε
591 455 664 489 ἄλφα
677 456 724 490 τὴν
749 457 847 487 αἰτίαν.
863 457 876 482 ὃ
903 459 967 494 παρ’

183 498 275 529 αὐτοῖς
288 498 408 524 καλεῖται
426 498 489 533 ἅλῳ,
506 500 620 526 τοῦτοδὲ
636 502 761 535 σημαίνει
782 502 907 537 μάθησιν⁸
922 504 968 530 καὶ

183 543 229 570 τοῦ
246 544 323 579 βῆτα,
331 545 398 580 ὅπερ
410 544 460 580 βὴθ
474 544 549 579 φίλον
564 547 655 578 αὐτοῖς
670 549 969 584 προσαγορεύειν,οὒτω

182 590 211 616 δὲ
226 590 271 616 τὸν
284 589 356 617 οἶκον
369 591 554 626 ὀνομάζουσιν·
571 592 639 619 ὥστε
656 593 751 628 δηλοῦν
776 594 824 629 τὴν
839 595 965 622 διάνοιαν·

183 635 308 671 Μάϐησις
330 636 413 663 οἴκου·
442 637 507 663 ὡσεὶ
532 639 697 674 σαφέστερον
724 640 841 674 ἐλέγετο·
868 641 966 677 meum

181 689 224 712 τις
236 682 282 707 καὶ
296 682 412 717 μάθησις
436 684 598 718 οἰκονομίας.
624 685 678 711 Καὶ
698 685 728 712 τὺ
750 687 846 721 γάμμα
858 687 886 713 δὲ
903 689 967 722 παρ’

182 727 274 758 αὐτοῖς
288 728 378 763 τρίτον
393 728 523 763 κέκληται
535 730 623 764 γῖμελ-
636 730 706 757 οὕτω
721 732 748 758 δὲ
765 733 812 768 τὴν
830 733 967 769 πλήρωσιν

181 772 369 808 ὀνομάζουσιν.
381 771 438 799 Εἶτ’
454 774 546 809 ἐπειδὴ
569 775 618 806 τὰς
633 776 739 808 δέλτους
764 777 823 803 asto
845 778 966 810 καλοῦσι,

181 818 213 844 τὸ
225 819 352 854 τέταρτον
368 821 496 854 στοιχεῖον
512 819 582 846 οὕτω
595 824 750 855 προσεῖπον,
770 824 837 858 ὁμοῦ
854 824 897 851 διὰ
913 826 966 852 τῶν

181 861 229 888 δύο
247 863 383 897 στοιχείων
399 863 583 897 σημαίνοντες,
599 865 638 890 ὅτι
655 867 670 900 ἡ
689 866 824 902 ἔγγραφος
851 869 967 904 μάθησις

183 908 322 943 πλήρωσίς
339 910 395 935 ἐστι
407 908 515 935 δέλτων.
539 910 637 937 Ἐπιὼν
652 911 679 937 δέ
704 921 745 944 τις
770 914 816 939 καὶ
839 914 872 941 τὰ
887 914 966 941 λοιπὰ

182 953 233 987 τῆς
246 956 439 990 γραμματικῆς
452 959 579 991 στοιχεῖα,
594 957 662 991 μετά
676 966 747 989 τινος
761 959 851 990 αἰτίας
863 960 909 986 καὶ
922 960 966 987 λο-

182 999 282 1037 γισμοῦ
296 999 369 1035 εὕροι
396 1000 429 1027 ἂν
459 1002 561 1028 ἕκαστα
577 1003 640 1038 παρ’
657 1003 748 1035 αὐτοῖς
776 1004 965 1041 ὠνομασμένοι.

189 1044 265 1071 Ἐπεὶ
291 1046 337 1071 καὶ
362 1046 416 1073 τῶν
444 1047 513 1074 ἑπτὰ
534 1048 694 1083 φωνηέντων
724 1050 773 1085 τὴν
789 1051 834 1076 ἐπὶ
860 1051 890 1077 τὸ
903 1051 967 1078 αὐτὸ

185 1089 310 1117 σύνθεσιν
330 1092 395 1126 μιᾶς
417 1101 490 1124 τινος
513 1094 668 1129 ἀπορρήτου
691 1096 873 1131 προσηγορίας
891 1106 968 1132 περι-

181 1134 255 1170 έχειν
274 1136 353 1170 φασὶν
370 1136 532 1173 ὲκφὼνησιν,
554 1139 586 1173 ἢν
604 1139 647 1165 διὰ
663 1139 802 1175 τεσσάρων
829 1141 966 1176 στοιχείων

182 1181 275 1213 παῖδες
292 1182 425 1218 Ἑϐραίων
437 1184 639 1219 σημειούμενοι,
654 1185 699 1211 ἐπὶ
716 1187 764 1220 τῆς
779 1186 908 1212 ἀνωτάτω
919 1187 964 1213 τοῦ

178 1227 249 1254 Θεοῦ
259 1228 399 1264 δυνάμεως
411 1231 635 1262 κατατάττουσιν,
650 1231 762 1257 ἄλεκτον
779 1241 805 1258 τι
829 1233 885 1264 τοῖς
905 1233 966 1259 πολ-

181 1270 239 1303 λοῖς
253 1271 298 1297 καὶ
312 1272 465 1308 ἀπόρρητον
490 1274 561 1300 τοῦτ’
577 1273 644 1300 εἶναι
674 1276 736 1306 παῖς
769 1276 843 1311 παρὰ
868 1277 969 1312 πατρὸς

181 1316 333 1352 εἰληφότες.
351 1319 405 1345 Καὶ
418 1320 471 1346 τῶν
487 1321 551 1356 παρ’
569 1320 680 1356 Ἕλλησι
699 1321 727 1347 δὲ
742 1322 840 1355 σοφῶν,
860 1323 909 1348 οὐκ
922 1321 970 1349 οἷδ’

179 1362 278 1389 ὁπόθεν
300 1373 341 1396 τις
368 1365 445 1391 τοῦτο
463 1365 556 1401 μαθὼν
579 1366 697 1401 ᾐνίξατο,
729 1363 778 1393 ὧδέ
796 1376 832 1402 πη
850 1368 882 1393 δι’
895 1368 968 1395 ἐπῶν

182 1408 282 1443 φήσας·

1022 230 1119 263 stituit,
1137 230 1181 258 his
1195 231 1304 258 verbis:
1324 240 1334 255 ‹
1352 230 1410 258 Νοη
1422 233 1539 266 οηηιίυε
1555 233 1695 260 vocabitur
1703 240 1800 260 nomen

1021 279 1096 302 tuum
1112 275 1223 308 Abram,
1237 276 1282 303 sed
1296 277 1433 304 Abraham
1454 278 1504 304 erit
1519 285 1617 305 nomen
1637 283 1723 311 tuum,
1738 280 1802 313 quia

1021 324 1123 354 patrem
1140 321 1284 347 multarum
1302 322 1421 356 gentium
1438 322 1515 356 posui
1532 327 1556 349 te
1564 322 1596 349 ".
1613 332 1622 348 ι
1640 323 1724 357 Cujus
1737 331 1801 350 ora-

1021 365 1074 391 culi
1088 365 1141 391 vim
1158 370 1239 400 atque
1254 367 1414 394 sententiam
1435 367 1569 402 explicare
1591 369 1700 403 longum
1717 374 1800 397 esset.

1021 410 1120 438 Verum
1137 412 1203 438 satis
1217 412 1268 439 hoc
1287 413 1367 439 etiam
1384 413 1445 440 loco
1470 413 1550 441 fuerit
1568 414 1637 441 hanc
1653 414 1686 441 ad
1702 415 1802 442 verita-

1020 462 1074 484 tem
1095 457 1216 486 Platonis
1238 458 1396 493 suffragium
1422 459 1578 494 adjungere,
1605 460 1651 494 qui
1670 459 1802 487 diviniore

1019 504 1107 539 aliqua
1116 505 1141 531 vi
1152 504 1262 531 nomina
1271 504 1392 538 quaedam
1405 504 1530 539 imposita
1541 504 1624 532 fuisse
1632 506 1800 539 pronuntiat.
1832 531 1840 541 ,

1020 549 1064 578 Sic
1090 551 1161 577 enim
1186 550 1218 577 ad
1247 550 1358 576 verbum
1384 551 1452 584 ipse,
1480 560 1489 575 ‹
1518 550 1567 577 Hie
1592 551 1676 584 cnim,
1702 551 1800 584 inquit,

1019 596 1148 628 maxime,
1176 596 1343 630 praecipuum
1365 596 1501 629 quoddam
1527 596 1552 622 in
1578 596 1733 623 nominibus
1751 597 1802 624 rite

1018 640 1194 675 imponendis
1220 641 1370 667 adhibitum
1388 641 1506 667 studium
1523 640 1606 668 fuisse
1628 642 1703 669 decet
1721 651 1728 675 ;
1747 643 1802 670 imo

1019 694 1052 713 ex
1078 686 1112 713 iis
1130 687 1210 713 etiam
1230 686 1361 713 nonnulla
1382 686 1507 718 fortasse,
1528 686 1553 713 vi
1569 687 1684 721 quadam
1708 692 1801 726 nostra

1019 731 1070 758 liae
1085 732 1165 766 longe
1180 731 1307 758 diviniori
1321 732 1466 759 constituta
1480 737 1551 759 sunt.
1567 742 1576 758 ι
1591 733 1624 759 At
1636 733 1698 760 illud
1710 733 1798 767 ipsum

1018 776 1115 803 divinae
1137 777 1234 804 litterae
1259 777 1338 812 longe
1363 785 1428 805 sane
1451 778 1614 805 luculentius
1639 779 1802 814 uberiusque

1019 824 1197 855 confirmant,
1216 831 1248 851 ac
1265 823 1353 851 Moses
1374 824 1431 858 ipse
1461 832 1515 858 pne
1531 824 1645 857 cietcris,
1670 825 1714 858 qui
1732 825 1802 851 divi-

1022 869 1094 896 nitus
1110 869 1296 896 Abrahamum
1316 869 1429 903 ejusque
1454 869 1537 896 filium
1556 869 1636 904 519
1661 869 1780 897 lsaacum
1793 891 1801 902 ,

1021 921 1071 941 nec
1095 921 1148 940 non
1174 918 1201 940 et
1218 913 1342 941 lsraclem
1368 915 1516 948 appellatos
1532 923 1592 942 esse
1619 920 1742 942 testatur.
1771 916 1803 942 Et

1025 960 1108 986 risum
1141 960 1250 994 quidem
1275 960 1382 988 lsaacus
1407 961 1551 995 signiﬁcat,
1568 967 1597 988 ut
1622 961 1673 988 hoc
1689 969 1739 988 suo
1755 969 1803 988 no-

1025 1005 1098 1032 mine
1124 1011 1228 1033 castam
1263 1006 1335 1032 illam
1371 1010 1546 1041 sanctamque
1565 1007 1684 1034 laetitiam
1703 1015 1802 1041 repraz-

1022 1055 1153 1083 sentaret,
1166 1058 1247 1085 quam
1262 1051 1357 1078 amicis
1371 1051 1427 1078 suis
1439 1051 1509 1079 Deus
1523 1056 1650 1086 tanquam
1666 1048 1803 1086 singulare

1021 1103 1120 1123 munus
1152 1103 1183 1123 ac
1210 1097 1350 1131 praemium
1384 1097 1535 1132 pollicetur.
1569 1097 1694 1132 Ejusdem
1729 1098 1802 1126 ﬁlius

1022 1140 1115 1174 Israel,
1130 1150 1191 1168 cum
1208 1146 1286 1169 antea
1303 1142 1395 1169 Jacobi
1412 1150 1507 1169 nomen
1523 1142 1671 1174 habuisset,
1685 1142 1733 1170 abs
1747 1142 1801 1170 Deo

1020 1191 1113 1220 postea
1130 1186 1237 1214 lsraclis
1253 1195 1352 1215 nomen
1377 1189 1490 1223 accepit,
1508 1196 1540 1215 ex
1558 1194 1671 1215 acluoso
1688 1193 1714 1215 et
1727 1189 1803 1215 labo-

1018 1231 1093 1259 rioso
1112 1233 1223 1259 homine
1247 1234 1442 1268 contemplator
1456 1234 1575 1261 cﬂ‘cclus.
1594 1233 1660 1261 Nam
1686 1234 1803 1261 Jacobus

1019 1284 1084 1304 sane
1099 1277 1169 1304 calce
1187 1279 1349 1313 impelentem
1368 1284 1457 1310 sonat,
1482 1280 1560 1314 quasi
1585 1280 1693 1307 virtutis
1716 1285 1804 1307 certa-

1019 1322 1093 1348 mine
1106 1322 1297 1358 del‘ungcutem
1313 1333 1320 1356 ;
1339 1329 1365 1351 at
1381 1324 1474 1357 Israel,
1490 1333 1546 1351 eum
1561 1326 1604 1360 qui
1625 1325 1705 1352 Deum
1722 1325 1803 1358 videt,

1021 1368 1166 1403 significat,
1192 1370 1347 1404 cujusmodi
1374 1378 1451 1397 mens
1476 1371 1595 1398 hominis
1609 1379 1669 1398 esse
1696 1371 1802 1405 debeat,

1021 1422 1080 1449 quae
1095 1415 1121 1442 in
1135 1416 1291 1451 cognitione
1307 1422 1334 1444 et
1346 1418 1576 1452 contemplatione
1590 1423 1722 1446 versetur.
1750 1418 1803 1446 Sed

181 1453 254 1479 enim
268 1454 333 1489 quid
359 1456 454 1482 attinet
469 1456 520 1483 hoc
549 1457 621 1490 loco,
655 1457 697 1484 vel
722 1457 804 1485 Mosis
827 1458 899 1486 illius
920 1459 1124 1493 sapientissimi,
1157 1462 1199 1488 vel
1228 1470 1367 1490 sacrarum
1394 1463 1464 1498 apud
1487 1463 1613 1491 Hebrazos
1639 1464 1802 1496 litterarum,

180 1507 317 1527 summam
352 1501 378 1527 in
400 1502 517 1536 propriis
539 1503 695 1530 nominibus
726 1504 895 1538 imponendis
929 1507 1113 1534 maturitatem
1141 1511 1221 1543 atque
1247 1510 1396 1542 solertiam,
1423 1511 1556 1538 sexcentis
1581 1510 1642 1537 aliis
1673 1510 1804 1544 exemplis

180 1547 327 1581 illustrare,
341 1557 402 1576 cum
415 1550 466 1577 hoc
478 1551 668 1585 disputationis
682 1559 768 1586 genus
781 1553 860 1588 longe
875 1553 963 1588 majus
982 1556 1066 1582 otium
1084 1556 1219 1584 desideret
1234 1558 1246 1583 ?
1265 1558 1409 1585 Enimvero
1425 1567 1459 1586 ne
1491 1559 1642 1594 primorum
1674 1559 1782 1594 quidem
1793 1581 1802 1592 ,

180 1604 243 1631 qua;
267 1597 326 1630 ipso
344 1597 434 1624 statim
460 1598 549 1630 initio,
566 1607 595 1626 se
621 1599 749 1632 oﬂ‘erunt,
776 1602 967 1635 grammatices
986 1603 1203 1636 elementorum,
1232 1605 1319 1632 Grzeci
1351 1606 1474 1633 homines
1506 1606 1674 1633 notationem
1704 1606 1801 1632 aﬂerre

181 1642 306 1676 possint:
325 1644 389 1678 quin
406 1644 505 1671 haereat
520 1645 600 1672 etiam
614 1645 672 1680 ipse
686 1646 775 1678 Plato,
808 1647 831 1674 si
863 1649 998 1675 vocalium
1019 1655 1065 1677 aut
1079 1652 1289 1679 consonantium
1302 1653 1461 1687 explicanda
1478 1654 1546 1680 ratio
1562 1658 1642 1688 atque
1657 1652 1802 1687 appellatio

180 1689 227 1716 sit.
243 1690 277 1715 At
297 1698 360 1717 vero
382 1690 486 1718 llebraai
508 1700 568 1718 eain
586 1691 611 1718 in
645 1697 770 1728 promptu
793 1694 902 1722 habent.
924 1694 991 1722 Nam
1011 1697 1091 1731 alpba
1106 1697 1225 1732 quidem,
1249 1700 1321 1733 quod
1347 1700 1409 1734 alph
1431 1699 1482 1734 ipsi
1506 1704 1613 1731 vocant,
1630 1697 1800 1733 disciplinam

181 1736 339 1769 signiﬁcat;
357 1737 436 1764 betha
454 1746 532 1770 vero,
565 1740 638 1773 quod
666 1740 728 1766 hcth
753 1741 888 1776 appellare
914 1743 1010 1776 solent,
1030 1746 1137 1772 domum
1154 1752 1251 1774 sonat:
1267 1752 1413 1781 utrumque
1435 1746 1594 1773 sententiam
1612 1745 1682 1772 bane
1707 1744 1798 1775 efﬁcit,

183 1781 330 1817 Disciplina
342 1783 457 1811 domus:
479 1785 557 1818 quasi
578 1784 699 1819 apertius
728 1786 873 1820 diceretur,
886 1788 1007 1815 doctrina
1027 1792 1151 1824 quaedam
1178 1800 1225 1819 seu
1253 1793 1396 1827 disciplina
1426 1793 1464 1819 rei
1489 1792 1653 1819 domesticae.
1678 1791 1802 1822 Gamma,

182 1830 258 1864 quod
293 1830 360 1865 ipsis
394 1839 502 1866 quoque
523 1832 631 1859 tertium
657 1833 820 1860 elementum
845 1840 896 1867 est,
925 1837 1003 1871 gimcl
1023 1837 1126 1870 dicunt,
1152 1847 1238 1873 eoque
1262 1839 1449 1873 plenitudinem
1468 1839 1613 1873 quamdam
1640 1838 1802 1872 signiﬁcant.

181 1876 254 1905 Tum
289 1879 417 1913 quoniam
453 1879 560 1911 δέλτους
583 1880 635 1907 hoc
649 1885 690 1907 est
707 1881 822 1914 tabulas,
845 1882 918 1910 delth
944 1885 1102 1918 nominant;
1127 1892 1225 1921 quarto
1257 1888 1391 1914 elemento
1415 1887 1485 1913 idem
1515 1887 1594 1914 etiam
1613 1893 1711 1912 nomen
1729 1886 1801 1912 iudi-

181 1925 256 1958 det‘e,
272 1930 301 1952 ut
314 1926 456 1952 ambarum
471 1926 620 1953 litterarum
650 1927 843 1961 conjunctione
872 1929 997 1962 doceant,
1018 1933 1241 1965 comprehensam
1258 1935 1360 1968 scripto
1377 1933 1559 1967 disciplinam,
1574 1932 1725 1958 tabularum
1747 1931 1800 1965 plc-

182 1971 334 1998 nitudinem
356 1979 426 1999 esse.
448 1972 535 2007 Atque
553 1973 589 1999 ita
613 1973 739 2007 deinceps
761 1974 893 2002 elementa
920 1979 1102 2011 grammatica).
1127 1980 1242 2014 reliqua,
1270 1980 1388 2007 nominis
1403 1987 1511 2014 quoque
1535 1979 1576 2006 sui
1599 1978 1717 2012 reperies
1738 1985 1801 2012 pro-

181 2019 269 2053 priam
287 2020 356 2054 apud
375 2019 503 2047 Hebrmos
519 2028 550 2047 ac
569 2021 733 2056 singularem
756 2022 854 2049 habere
875 2024 1017 2051 rationem.
1037 2025 1104 2053 Nam
1120 2031 1146 2054 et
1171 2032 1271 2061 septctn
1287 2035 1393 2062 quoque
1408 2027 1542 2054 vocalium
1565 2027 1634 2054 inter
1646 2034 1706 2054 sese
1727 2033 1803 2053 eom—

183 2065 354 2097 missionem,
373 2066 506 2099 ejusmodi
529 2073 626 2093 nomen
663 2066 766 2093 efﬁcere
782 2068 887 2100 volunt,
903 2070 974 2103 quod
994 2071 1124 2105 explicari
1145 2080 1211 2099 voce
1231 2080 1283 2099 non
1308 2073 1404 2107 possit,
1420 2073 1547 2107 quodque
1562 2072 1666 2099 Ilebrrci
1684 2077 1798 2106 quatuor

181 2111 323 2138 elementis
340 2111 475 2138 inclusum
499 2119 613 2139 summa:
638 2111 683 2138 Dei
707 2114 833 2146 potestati
854 2115 1037 2148 exprimendze
1057 2118 1219 2152 attribuunt,
1236 2119 1275 2146 sic
1289 2124 1377 2146 tamen
1393 2125 1422 2146 ut
1434 2120 1504 2145 idem
1520 2119 1633 2153 proferri
1654 2119 1733 2154 vulgo
1749 2127 1801 2145 non

181 2164 264 2191 posse
287 2157 365 2192 longa
394 2157 463 2184 serie
489 2158 588 2191 posteri
611 2165 626 2184 ιι
643 2158 793 2192 majoribus
813 2160 974 2193 acceperint.
1000 2161 1033 2188 Et
1049 2170 1122 2195 vero,
1140 2172 1213 2191 unus
1226 2165 1307 2191 etiam
1322 2165 1419 2199 aliquis
1435 2173 1450 2192 e
1461 2165 1570 2192 Graeciae
1584 2165 1760 2199 sapientibus,
1776 2165 1802 2192 id

183 2205 284 2239 ipsum,
312 2203 383 2231 unde
408 2204 478 2232 unde
502 2205 633 2237 hauserit,
648 2206 816 2233 subobscure
831 2207 874 2234 his
888 2208 1013 2236 versibus
1027 2210 1199 2239 adumbravit

189 2263 282 2307 Ἐξτᾴ
294 2273 332 2298 με
353 2264 511 2307 φωνήενταί
531 2265 605 2291 Θεὸν
614 2265 714 2307 ,μέγαν
726 2265 850 2307 decdite?
862 2268 941 2294 αἰνεῖ

1025 2270 1105 2307 5270
1122 2271 1163 2298 Mc
1179 2278 1272 2307 septem
1285 2273 1407 2299 inlcritus
1420 2280 1511 2306 erpers
1528 2272 1628 2299 vocalia
1644 2271 1758 2303 Nimien,

217 2299 387 2335 Γράμματα,
402 2300 453 2326 τὸν
473 2299 592 2326 πάντων
604 2299 756 2334 ἀκάματοι·
772 2302 891 2335 πατέρα.

183 2335 251 2369 Ely)
269 2334 296 2360 δ’
323 2335 379 2370 ἐγὼ
407 2335 526 2361 πάντων
552 2334 646 2368 χέλυς
671 2334 803 2369 ἄφθιτος,
822 2334 849 2369 ἦ
866 2339 900 2364 τὰ
915 2340 970 2365 λυ-

869 2372 900 2399 {id

224 2403 417 2439 Ἦρμοσάμην
430 2404 515 2438 δίνης
527 2405 676 2439 οὐρανίοιο
687 2407 776 2441 μέλη.
830 2372 918 2408 [pawn

181 2460 283 2497 Εὖροις
298 2461 320 2488 δ’
337 2461 370 2488 ἂν
385 2461 432 2488 καὶ
446 2461 501 2488 τῶν
526 2461 626 2489 λοιπῶν
657 2462 721 2498 παρ’
742 2462 878 2498 Ἑϐραίοις
895 2471 969 2490 στοι-

181 2506 275 2542 χείων,
290 2507 439 2542 ἐπιστήσας
455 2508 571 2544 ἑκάστῳ,
585 2509 619 2535 τὰ
634 2508 832 2544 σημαινόμενα.
847 2508 970 2536 Τοῦτοδὲ

182 2551 235 2586 ἤδη
263 2551 310 2577 καὶ
332 2551 375 2578 διὰ
394 2552 447 2579 τῶν
474 2553 590 2589 πρόσθεν
610 2555 674 2589 ἡμῖν
705 2553 828 2589 συνέστη,
853 2554 969 2588 ὁπηνίκα

181 2597 258 2633 παρὰ
275 2597 420 2634 βαρϐάρων
436 2599 469 2626 τὰ
485 2600 572 2627 πάντα
585 2600 740 2635 ὠφελῆσθαι
758 2600 821 2631 τοὺς
839 2600 969 2635 ’Έλληνας

180 2645 406 2680 ἁπεδεικνὺομεν.
429 2645 531 2681 Πολλὴν
556 2646 578 2672 δ’
595 2646 627 2672 ἄν
653 2654 695 2677 τις
721 2644 889 2680 καταμάθοι,
920 2645 969 2681 τὴν

190 2691 321 2727 Ἐϐραίων
333 2691 454 2726 γλῶτταν
470 2690 711 2727 πολυπραγμονῶν,
737 2690 875 2724 ὀνομάτων
890 2690 968 2726 ὀρθό-

181 2746 249 2773 τητα.
261 2738 340 2773 παρὰ
365 2739 421 2768 τοῖς
441 2737 552 2773 ἀνδράσι
582 2736 744 2772 φερομένην·
769 2736 830 2762 ἐπεὶ
844 2737 890 2764 καὶ
903 2736 968 2763 αὐτὸ

181 2784 228 2811 τοῦ
245 2784 346 2815 παντὸς
373 2783 465 2815 ἔθνους
489 2784 519 2811 τὸ
536 2784 733 2820 προσηγορικὸν
752 2783 836 2813 δνομα
851 2783 904 2810 ἀπὸ
920 2783 966 2810 τοῦ

262 2840 279 2850 ρ,

215 2841 239 2857 ’⁵
260 2840 328 2869 Gen.
350 2848 417 2874 xvii,
438 2840 465 2868 5.

1060 2306 1268 2336 Cunntorumquc
1286 2308 1390 2333 Patrem
1404 2313 1499 2341 septem
1512 2308 1638 2334 elementa
1651 2312 1751 2333 vorant.

1025 2340 1099 2368 Idem
1115 2347 1212 2369 (eterna
1238 2342 1320 2377 chelys
1335 2340 1434 2374 rerum,
1444 2351 1550 2377 qumque
1563 2343 1654 2368 ordine
1660 2342 1741 2376 jussit

1057 2409 1245 2444 Constantique
1257 2409 1346 2444 polum
1358 2409 1452 2436 ducere
1466 2408 1520 2443 lege
1535 2408 1635 2436 modos.

1022 2466 1189 2493 Caeterorum
1205 2465 1268 2492 item
1282 2464 1354 2500 apud
1371 2464 1499 2493 Hebraeos
1513 2464 1708 2492 elementorum
1720 2463 1803 2499 signi—

1024 2512 1176 2545 ﬁcationes,
1193 2512 1216 2539 si
1235 2512 1379 2539 enucleare
1404 2511 1511 2545 singula
1536 2509 1665 2541 volueris,
1691 2510 1803 2537 omnino

1021 2559 1140 2593 reperies
1154 2568 1160 2585 :
1176 2559 1248 2593 quod
1262 2558 1351 2592 ipsum
1365 2557 1420 2592 jam
1437 2565 1451 2584 a
1467 2556 1546 2583 nobis
1560 2559 1639 2582 antea
1654 2555 1801 2589 praestitum

1022 2607 1073 2634 est.
1091 2611 1152 2630 cum
1176 2602 1242 2630 nihil
1268 2610 1320 2629 non
1347 2601 1456 2629 Graecos
1480 2609 1494 2628 a
1519 2599 1643 2627 barbaris
1665 2600 1803 2635 accepisse

1022 2649 1280 2676 demonstraremus.
1291 2648 1432 2675 Postremo
1443 2647 1489 2681 qui
1500 2645 1673 2673 Hebraeorum
1683 2645 1801 2680 linguam

1000 2691 1004 2695 “
1023 2693 1117 2720 rimari
1130 2692 1286 2728 diligentius
1300 2692 1471 2726 scrutarique
1484 2691 1609 2722 voluerit,
1633 2690 1657 2717 is
1680 2689 1803 2725 profecto

1021 2748 1155 2768 summam
1173 2739 1320 2772 quamdam
1336 2737 1405 2773 apud
1422 2738 1483 2765 illos
1496 2737 1635 2765 nominum
1653 2735 1802 2771 proprieta-

1019 2790 1074 2815 tem
1100 2793 1160 2814 esse
1183 2789 1338 2821 cognoscet.
1364 2784 1451 2818 Atque
1477 2783 1504 2811 id
1527 2782 1578 2818 'psi
1596 2782 1638 2810 vel
1660 2790 1692 2810 ex
1718 2780 1803 2809 unico
