2091 3208
318 159 374 207 εβδ

645 168 779 196 EL'SEBH
799 167 1040 197 CAESARIENSIS
1056 167 1130 195 OPP.
1152 167 1242 195 PARS
1259 167 1290 195 ll.
1311 183 1346 188 —
1364 167 1614 196 APOLOGETICA.

1899 164 1952 193 86.3

319 225 410 261 gentis
427 225 562 254 universae
577 227 689 254 nomine
705 232 832 254 constare
856 232 956 262 potest,
980 227 1052 262 quod
1075 226 1099 253 al

1163 226 1247 262 Ἔϐερ
1263 226 1293 253 τὺ
1309 226 1474 262 παρώνυμον
1490 225 1596 261 εἴληφε.
1625 224 1754 260 Σημαίνει
1768 224 1796 251 δὲ
1815 223 1895 250 τοῦτο
1907 223 1952 250 τδν

320 271 424 300 Habere
437 273 586 300 derivatur.
599 272 787 300 Transeuntem
801 274 872 301 enim
888 273 1033 309 signiﬁcat,
1046 281 1107 301 cum

319 324 347 347 et
364 321 510 347 transitum
519 325 545 347 et
560 324 746 347 transeuntem
769 319 902 347 llebraica
921 320 1024 354 lingua,
1042 327 1109 347 voce

320 369 411 398 unica,
428 365 514 394 lleber
534 367 659 401 appellet.
675 366 705 393 Et
721 374 752 394 ea
765 367 873 401 quidem
891 366 1011 394 nominis
1027 366 1108 401 hujus

319 411 392 438 ratio
407 415 458 443 est,
476 411 514 437 uti
534 411 568 437 ab
583 419 672 437 rerum
694 411 869 445 prresentium
885 411 1003 438 vanitate
1017 411 1049 438 ad
1067 411 1109 437 di-

318 457 448 483 vinarum
464 457 554 484 studia
573 465 633 484 sese
651 458 787 490 conferre,
804 465 854 485 nec
873 458 899 484 in
925 465 1030 490 eorum,
1048 465 1109 492 qure

317 502 456 534 videntur,
472 503 703 537 contemplatione
722 503 776 530 ullo
790 503 871 530 modo
885 503 1058 538 acquiescere
1076 510 1108 530 ac

303 545 426 581 'sistere,
444 549 490 576 sed
509 549 543 576 ab
557 550 590 577 iis
604 550 693 584 potius
708 551 741 578 ad
762 555 867 578 semota
882 550 927 577 illa
946 550 1108 585 penitusque

317 597 456 624 recondita
480 598 513 625 de
531 598 648 626 universi
665 598 813 639 Conditore
832 606 864 625 ac
881 597 1015 627 molitorc,
1033 596 1108 623 theo~

318 643 396 678 Ιοξζῑιε
414 645 543 679 mysteria
558 645 674 672 transire
689 646 845 673 doceantur.
862 643 899 671 Ita
912 644 990 679 plane
1004 643 1107 678 primos

317 688 380 715 illos
411 689 457 723 qui
473 698 532 716 sese
555 691 712 725 pra‘potenti
730 699 820 718 rerum
836 691 958 718 omnium
983 689 1108 716 modera-

317 734 369 760 tori
402 735 564 770 auetorique
589 735 644 762 Deo
671 741 882 767 eousecrarent,
915 740 941 763 et
971 736 1105 763 sinceram

315 789 463 816 "erantque
490 782 649 816 religionem
678 782 822 817 diligenter
849 782 1026 814 excolerent,
1055 781 1107 809 lle-

315 827 425 859 hrzeos,
456 827 535 862 quasi
562 833 652 855 mente
681 832 855 855 transeuntes
881 836 913 855 ac
941 828 1107 863 trajicientes

315 878 522 907 nuncuparunt.
539 872 590 900 Sed
607 882 738 909 quorsum
756 875 782 901 in
798 873 948 909 colligenda
965 875 1105 901 nominum

315 917 387 953 apud
406 918 533 946 llehra‘os
551 921 673 947 omnium
690 921 865 955 proprietate,
883 924 1044 955 tnaturaque
1060 921 1106 947 ad«

315 964 426 991 modum
443 964 616 999 impositionc
630 966 735 993 diutius
765 967 953 999 immorentur,
981 974 1042 993 cum
1073 966 1106 993 ad

1163 272 1343 308 διαπερῶντα·
1377 273 1437 299 ἐπεὶ
1462 272 1510 298 καὶ
1531 272 1656 302 διάϐασις
1685 271 1731 298 καὶ
1762 270 1900 306 διαπερῶν
1917 271 1949 304 τῇ

1168 319 1302 355 Ἐϐραίων
1330 321 1404 354 φωνῇ
1431 318 1515 354 Ἔϐερ
1542 317 1713 353 ὀνομάζεται.
1743 316 1866 342 Διδάσκει
1889 315 1916 342 δὲ
1938 316 1952 341 ὁ

1161 365 1239 399 λόγος
1255 366 1342 401 περᾷν
1368 366 1414 392 καὶ
1441 363 1589 392 διαϐαίνειν
1606 363 1659 389 ἀπὸ
1682 363 1736 389 τῶν
1763 362 1827 397 τῇδε
1858 361 1903 387 ἐπὶ
1919 360 1952 387 τὰ

1162 411 1232 443 θεῖα,
1248 411 1380 446 μηδαμῶς
1397 420 1426 437 τε
1441 411 1617 446 ἐναπομένειν
1635 410 1682 436 καὶ
1697 408 1823 436 ἵστασθαι
1845 407 1890 434 ἐπὶ
1918 409 1950 442 τῇ

1163 457 1212 493 θέα
1230 457 1284 484 τῶν
1302 458 1460 493 ὁρωμένων·
1480 457 1533 484 ἀπὸ
1560 457 1588 483 δὲ
1615 456 1718 483 τούτων
1741 454 1786 480 ἐπὶ
1809 453 1843 480 τὰ
1861 453 1950 488 ἀφανῆ

1161 504 1209 531 καὶ
1221 504 1323 540 ἀόρατα
1336 504 1384 538 τῆς
1402 504 1463 540 περὶ
1488 503 1535 530 τοῦ
1563 503 1616 529 τῶν
1638 502 1705 529 ὅλων
1728 499 1839 535 ποιητοῦ
1861 508 1890 526 τε
1906 500 1950 526 καὶ

1161 549 1327 586 δημιουργοῦ
1356 549 1494 583 θεολογίας
1525 548 1681 575 διαῦαίνειν.
1708 546 1800 582 Ταύτῃ
1825 555 1865 572 τοι
1888 545 1949 577 τοὺς

1161 596 1286 631 πρώτους
1307 595 1379 631 μόνῳ
1410 595 1448 630 τῷ
1478 594 1646 629 πανηγεμόνι
1659 593 1705 620 καὶ
1719 593 1798 627 αἰτίῳ
1813 591 1868 618 τῶν
1883 590 1948 617 ὅλων

1162 641 1366 676 ἀνακειμένους,
1384 640 1509 676 εὐσεϐείᾳ
1523 648 1552 666 τε
1567 639 1674 674 καθαρᾷ
1685 638 1730 665 καὶ
1750 638 1844 672 ἀληθεῖ
1865 645 1947 673 προς-

1162 687 1319 722 ανὲχοντας,
1343 686 1484 722 Ἑϐραίους
1511 685 1644 720 ἐφώνουν,
1672 683 1834 720 περατικούς
1874 691 1948 714 τινας

1161 734 1208 761 καὶ
1218 734 1413 769 διαϐεϐηκότας
1430 735 1462 768 τῇ
1479 733 1584 767 διανοίᾳ
1609 732 1673 763 τοὺς
1696 730 1832 762 τοιούτους
1843 731 1948 757 ἀποκα-

1159 780 1277 811 λοῦντες.
1292 780 1348 806 Καὶ
1359 779 1385 806 τί
1398 788 1430 814 με
1447 779 1487 804 δεῖ
1503 777 1549 804 ἐπὶ
1564 777 1654 804 πλεῖον
1670 776 1851 812 μηκύνειν,τὰ
1861 776 1946 802 πάντα

1162 827 1311 860 συνάγοντα
1338 825 1388 860 τῆς
1415 825 1467 851 τῶν
1487 824 1618 860 Ἐϐραίων
1641 824 1780 859 ὀνομάτων
1804 821 1946 857 ὸρθῦτητὲς

1159 881 1189 898 τε
1200 873 1246 898 καὶ
1260 871 1412 906 ἀκριϐείας,
1426 872 1471 897 τοῦ
1486 870 1676 906 προϐλήματος
1696 868 1798 899 οἰκείας
1822 867 1945 902 δεομένου

1161 918 1370 954 πραγματείας;
1387 917 1469 953 Πλὴν,
1484 917 1522 948 ὡς
1533 917 1560 942 ἐν
1574 916 1651 949 τύπῳ
1665 915 1757 949 φάναι,
1771 913 1889 949 ἡγοῦμαι
1903 912 1946 938 καὶ

1160 965 1203 992 διὰ
1216 964 1270 990 τῶν
1287 963 1436 999 λεχθέντων
1462 963 1511 997 τῆς
1531 963 1595 997 παρ’
1624 961 1759 996 Ἑϐραίοις
1778 959 1890 994 λογικῆς
1911 957 1947 984 δι-

316 1009 387 1036 hanc
413 1010 591 1044 qutestionem
620 1011 724 1046 integra
749 1012 872 1047 quaedam
901 1020 933 1039 ac
961 1012 1102 1046 singularis

1159 1010 1306 1041 δαπαλίας
1318 1010 1367 1045 τὴν
1378 1007 1515 1040 ἀπόδειξιν
1535 1006 1746 1043 παρεσχηκέναι·
1763 1006 1786 1032 εί
1810 1005 1852 1040 δὴ,
1878 1005 1947 1031 κατὰ

313 1061 397 1089 opera
412 1055 581 1089 requiratur?
599 1056 751 1089 Cmtcrum,
776 1057 842 1083 mihi
866 1057 973 1091 quidem
991 1057 1084 1084 videor
1098 1078 1105 1088 ,

314 1101 455 1134 quomodo
479 1101 574 1127 saltem
603 1100 775 1129 int'ormanda
802 1109 831 1129 rc
859 1102 916 1128 ﬁeri
940 1102 1037 1136 potuit,
1053 1101 1107 1128 He-

313 1146 450 1174 braeorum
478 1147 504 1174 in
520 1147 680 1175 disserendo
703 1148 757 1174 vim
783 1153 865 1183 atque
883 1148 1050 1181 facultatem,
1065 1149 1106 1175 vvl

312 1193 409 1228 paucis
429 1194 473 1226 iis,
489 1201 550 1228 qure
574 1194 622 1221 abs
639 1202 683 1222 me
707 1200 920 1222 commemorata
945 1200 1018 1227 sunt,
1037 1196 1104 1223 satis

313 1241 485 1268 illustrasse:
501 1240 635 1275 siquidem
655 1248 686 1268 ea
702 1240 826 1268 Platonis
851 1241 984 1268 sententia
1005 1241 1102 1276 placet,

313 1286 378 1313 dum
403 1286 425 1313 is
450 1285 619 1320 plebeiorum
645 1293 676 1313 ac
702 1286 854 1320 vulgarium
878 1287 1020 1313 hominum
1042 1295 1103 1314 esse

313 1336 404 1366 negat,
425 1331 534 1366 propria
558 1331 704 1366 nativaqne
722 1339 813 1358 rerutn
838 1332 949 1359 nomina
968 1332 1101 1366 invenire,

1157 1057 1203 1084 τὸν
1217 1056 1359 1087 Πλάτωνα,
1370 1056 1400 1081 οὐ
1414 1055 1522 1089 φαύλων
1535 1052 1567 1089 ἦν
1581 1053 1683 1089 ἀνδρῶν
1695 1052 1756 1078 οὐδὲ
1778 1051 1830 1077 τῶν
1855 1050 1946 1085 τυχόν-

1157 1112 1222 1133 των,
1239 1102 1307 1130 ἀλλὰ
1327 1101 1409 1136 σοςςοῦ
1431 1101 1478 1127 καὶ
1498 1099 1668 1126 διαλεκτικοῦ
1691 1107 1763 1130 τινος
1791 1096 1944 1132 νομοθέτου,

1159 1148 1238 1182 φύσιν
1258 1147 1397 1182 ὀνομάτων
1422 1146 1524 1172 οἰκείαν
1550 1146 1606 1176 τοῖς
1629 1145 1788 1180 πράγμασιν
1810 1141 1944 1177 εὑρέσθαι,

1158 1192 1212 1226 οἷος
1231 1195 1295 1230 ἡμῖν
1309 1193 1322 1219 ὁ
1344 1194 1445 1227 Μωσῆς
1458 1193 1504 1218 καὶ
1515 1191 1548 1218 τὰ
1562 1191 1694 1227 Ἐὃραίων
1707 1190 1892 1217 ἀποδέξεικται
1905 1187 1946 1214 λό-

1158 1250 1214 1276 για.
1243 1241 1275 1267 Τί
1297 1240 1329 1275 δὴ
1341 1238 1388 1266 οὖν
1404 1239 1472 1275 μετὰ
1495 1239 1528 1270 τὰ
1539 1238 1637 1272 λογικὰ
1655 1235 1832 1271 ἕπεται,ἦ’τὰ
1845 1234 1945 1270 φυσικᾶ

1157 1286 1372 1320 ἐπισκέψασθαι,
1399 1285 1474 1316 ὅπως
1500 1283 1564 1310 ποτὲ
1589 1283 1635 1310 καὶ
1670 1282 1733 1318 περὶ
1765 1280 1851 1308 ταῦτα
1875 1276 1946 1314 εἶχον

1162 1333 1295 1369 Ἐϐραίων
1314 1332 1407 1363 παῖδες
1417 1340 1424 1364 ;

312 1377 359 1405 scd
396 1381 501 1404 tantum
531 1378 662 1412 sapientis
693 1378 868 1412 legislatm'is.
896 1385 921 1406 ct
953 1374 1069 1407 scienter
1089 1380 1229 1415 periteque
1253 1378 1453 1407 ratiocinantis,
1478 1377 1585 1411 qualem
1607 1377 1727 1412 proferto
1755 1383 1817 1403 cum
1844 1374 1945 1402 Mosam

311 1424 413 1459 ipsum,
432 1431 487 1450 tum
505 1423 700 1451 llchraicorum
729 1424 904 1452 oraculorum
932 1425 986 1452 vim
1014 1433 1076 1453 esse
1110 1425 1304 1452 demonstrari.
1334 1423 1404 1457 Quid
1418 1431 1482 1459 ergo
1497 1423 1652 1458 proximum
1668 1427 1720 1456 est,
1733 1422 1785 1450 nisi
1800 1426 1826 1449 ut
1845 1429 1942 1457 quein-

312 1471 458 1498 admodum
478 1471 528 1506 ipsi
545 1471 579 1498 de
602 1479 693 1498 rerum
710 1477 807 1499 natura
830 1472 1015 1508 philosophati
1037 1473 1102 1505 sint,
1123 1473 1322 1508 exquiramus?

560 1562 638 1598 521
655 1561 768 1590 CAPUT
791 1562 843 1589 ru.

431 1629 469 1656 De
483 1629 602 1655 naturali
618 1629 790 1657 Ilebrworum
806 1630 984 1666 philosophia.

1432 1560 1630 1588 ΚΕΦΛΛΑΙΟΝ
1643 1561 1679 1587 Ζ¹.

1239 1627 1311 1661 Περὶ
1327 1627 1383 1660 τῆς
1394 1628 1458 1654 καθ’
1483 1627 1633 1660 Ἐϐραίους
1654 1627 1861 1661 φυσιολογίας.

345 1695 467 1724 Tertiam
481 1696 551 1723 hanc
563 1695 701 1723 llebraicre
713 1697 894 1732 philosophia:
914 1703 1028 1732 partem,
1039 1707 1100 1734 qua:

1188 1696 1244 1722 Kal
1255 1697 1286 1723 τὸ
1297 1696 1390 1732 τρίτον
1402 1696 1430 1722 δὲ
1446 1696 1529 1732 μέρος
1541 1698 1591 1731 τῆς
1604 1695 1664 1722 καθ’
1684 1694 1827 1732 ’Ἐϐραίους
1837 1695 1942 1730 φιλοπ-

312 1742 444 1769 naturalis
461 1747 585 1775 vocatur,
613 1749 728 1777 quaeque
756 1743 790 1770 ab
818 1743 913 1770 iisdem
931 1752 1049 1778 quoque,
1072 1745 1098 1771 in

312 1796 403 1816 rerum
429 1788 487 1815 sola
506 1792 596 1814 mente
609 1792 817 1823 perceptarum,
833 1793 859 1816 et
873 1790 998 1824 corporis
1009 1791 1099 1818 omnis

311 1835 460 1870 expertium
478 1834 750 1869 contemplationem,
768 1835 830 1863 etin
845 1844 951 1868 carum,
968 1844 1028 1871 qucc
1037 1845 1099 1864 scu-

311 1882 385 1910 sihus
401 1886 580 1916 usurpantur,
597 1882 787 1909 tractationem
806 1882 948 1915 dividitur,
965 1883 1098 1910 laudatis-

310 1928 371 1955 εἰηιὶ
385 1927 522 1962 propheta:
534 1935 596 1954 cum
609 1933 742 1955 noverant
756 1929 808 1964 ipsi
828 1937 877 1964 per
889 1937 961 1962 sese,
975 1931 1097 1964 tum,ubi

309 1974 460 2010 posuilaret
489 1974 617 2006 oet-asin,
633 1975 690 2002 suis
706 1975 807 2009 passim
830 1976 949 2003 oraculis
973 1984 1099 2012 asperge-

309 2021 393 2048 bant:
425 2028 507 2055 quam
523 2021 559 2047 illi
576 2026 666 2048 tamen
682 2029 770 2057 neque
792 2022 958 2056 coniecturis
981 2023 1097 2057 quibus-

308 2067 382 2097 dam.
395 2071 441 2094 aut
452 2067 576 2095 mortalis
592 2067 766 2102 cogitationis
782 2068 916 2096 industria
933 2069 1096 2102 didicerant,

309 2119 400 2146 neque
417 2112 500 2139 uilius
517 2120 578 2140 sese
595 2112 707 2139 humani
734 2111 907 2148 prieccptoris
936 2113 1098 2141 auctoritate

307 2157 464 2192 iactabant:
483 2157 529 2184 sed
547 2157 646 2184 divinae
657 2157 766 2184 cuidam
785 2158 936 2192 superioris
955 2158 1098 2193 potestatis

310 2203 346 2235 vi,
364 2203 505 2237 divinique
525 2202 643 2237 Spiritus
656 2202 759 2230 amatui
773 2208 856 2231 lotam
871 2204 945 2231 illam
959 2205 1096 2239 cognitio-

308 2255 370 2275 nem
386 2253 523 2283 aceeptam
543 2249 674 2277 l'crebant.
704 2249 791 2282 Quem
815 2250 853 2276 illi
867 2250 977 2285 quidem
995 2251 1094 2284 secuti,
1115 2259 1134 2286 ο

308 2299 338 2322 ιιι
351 2294 384 2321 de
401 2296 485 2321 rebus
503 2293 604 2321 futuris
618 2294 724 2322 inﬁnita
753 2294 886 2321 divinitus
902 2295 1096 2329 prtedixerunt,

308 2341 349 2369 sic
360 2341 442 2367 etiam
458 2340 530 2367 etde
544 2340 664 2367 universi
675 2339 814 2367 molitione
829 2340 946 2373 inﬁnita,
962 2349 1017 2376 quo
1036 2349 1096 2369 mo-

308 2387 342 2414 do
352 2391 448 2413 natura
461 2386 626 2421 postulabat,
638 2386 822 2420 disputarunt,
832 2390 859 2414 et
872 2386 905 2414 de
915 2387 1097 2415 animantium

309 2433 429 2466 ipsarum
447 2432 552 2459 naturis
569 2432 674 2459 iuiiuita
686 2436 838 2459 tractarunt
853 2441 860 2464 ;
877 2433 977 2467 quibus
991 2439 1019 2461 et
1034 2441 1097 2461 sex-

308 2483 386 2505 centa
400 2478 436 2505 de
451 2478 552 2512 plantis
565 2478 592 2504 iu
610 2478 669 2506 suis
687 2478 789 2513 quique
821 2479 972 2514 prophetiis
986 2480 1097 2507 addide—

308 2529 382 2550 runt.
394 2524 425 2550 Et
438 2532 504 2552 sane
519 2524 619 2557 Moses,
634 2525 680 2559 qui
694 2525 816 2559 lapidum
824 2525 906 2552 etiam
921 2526 994 2553 vires
1007 2526 1098 2560 appri-

309 2578 353 2597 me
366 2571 486 2601 callcret,
512 2579 566 2598 non
594 2571 683 2599 obiter
707 2576 754 2598 aut
777 2571 1046 2606 perfunctorie.cum
1063 2572 1096 2599 de

309 2617 409 2643 summi
426 2617 576 2645 sacerdotis
589 2617 664 2645 cultu
681 2618 846 2650 dissereret,
863 2618 890 2644 in
907 2625 1002 2645 eorum
1027 2625 1095 2645 con-

309 2660 473 2688 sideratione
494 2667 617 2690 versatus
629 2667 682 2691 est.
698 2664 730 2690 At
744 2671 809 2691 vero
821 2663 962 2696 Salomon,
975 2663 998 2691 si
1020 2664 1098 2698 quis—

309 2715 390 2742 quam
403 2707 484 2739 alius,
501 2708 527 2735 in
545 2709 595 2736 hac
610 2710 788 2744 physiologia:
801 2714 877 2744 parte
889 2717 1025 2737 summam
1037 2717 1096 2736 om-

309 2753 375 2780 nino
400 2753 508 2781 laudem
524 2760 576 2788 est,
593 2757 634 2783 vel
649 2757 709 2790 ipso
735 2757 834 2784 divinze
848 2756 998 2791 Scriptum
1015 2755 1092 2783 testi—

309 2799 413 2831 monio,
436 2806 609 2829 consecutus.
639 2801 685 2830 Sic
706 2802 780 2830 enim
804 2802 848 2829 illa
867 2811 873 2830 :
895 2811 904 2827 ι
921 2801 1040 2829 Locutus
1054 2806 1096 2828 est

310 2853 418 2880 quoque
433 2846 572 2879 Salomon,
594 2848 692 2883 inquit,
711 2850 761 2876 tria
787 2849 870 2876 millia
896 2848 1051 2883 parabolas,
1069 2853 1093 2876 et

311 2890 420 2920 fuerunt
434 2892 558 2920 carmina
570 2893 629 2928 ejus
642 2894 763 2929 quinque
784 2899 812 2922 et
824 2894 908 2922 mille.
925 2893 958 2921 Et
970 2894 1094 2929 disputa-

1154 1742 1217 1777 φίας
1231 1742 1320 1776 (τοῦτο
1332 1742 1357 1768 δ’
1369 1740 1402 1777 ἦν
1417 1742 1448 1768 τὸ
1459 1741 1583 1776 φυσικὸν,
1608 1741 1796 1777 διαιρούμενον
1821 1742 1868 1768 καὶ
1881 1741 1943 1776 παρ’

1153 1788 1244 1820 αὐτοῖς
1257 1787 1297 1820 εἷς
1314 1797 1343 1814 τε
1367 1787 1418 1823 τὴν
1439 1788 1493 1814 τῶν
1511 1787 1614 1823 νοητῶν
1645 1788 1692 1814 καὶ
1717 1787 1870 1822 ἀσωμάτων
1897 1788 1942 1813 ἑπ-

1151 1835 1273 1866 οπτεὶαν,
1291 1834 1338 1860 καὶ
1351 1835 1390 1865 είς
1408 1832 1523 1866 τὴντῶν
1546 1833 1682 1867 αἰσθητῶν
1709 1833 1892 1867 φυσιολογίαν)
1918 1834 1941 1859 al

1150 1879 1221 1906 κατὰ
1247 1879 1336 1906 πάντα
1360 1878 1457 1905 τέλειοι
1489 1880 1627 1914 προφῆται
1643 1878 1740 1914 ᾔδεσαν
1764 1887 1805 1911 τε,
1829 1879 1941 1910 καὶτοῖς

1149 1926 1268 1957 οἰκείοις,
1282 1925 1327 1952 ὅτε
1340 1924 1371 1960 δὴ
1387 1925 1482 1961 καιρὸς
1507 1925 1610 1957 ἐκάλει,
1635 1925 1816 1960 κατεμίγνυον
1841 1925 1939 1959 λόγοις·

1148 1972 1179 1998 οὒ
1201 1973 1361 2006 στοχασμοῖς
1375 1971 1421 1998 καὶ
1448 1971 1548 2006 θνητῆς
1561 1971 1679 2003 διανοίας
1703 1971 1874 2007 ἐπιτηδεύσει
1893 1980 1941 2006 μα-

1150 2017 1250 2050 θόντες,
1268 2018 1322 2044 οὐδ’
1339 2017 1385 2044 ἐπὶ
1397 2017 1568 2050 διδασκάλοις
1597 2017 1710 2054 ἀνδράσι
1736 2018 1940 2053 σεμνυνόμενοι,

1150 2064 1310 2099 Θεοφορήσει
1323 2064 1351 2091 δὲ
1365 2064 1520 2100 κρείττονος
1535 2064 1684 2098 δυνάμεως,
1699 2064 1745 2091 καὶ
1769 2064 1842 2091 θείου
1858 2065 1941 2092 Ilvati—

1151 2118 1235 2145 ματος
1249 2110 1354 2144 ἐπινοίᾳ
1370 2110 1419 2145 τὴν
1432 2110 1532 2144 γνῶσιν
1547 2110 1728 2142 ἀνατιθέντες.
1746 2110 1842 2136 Ἔνθεν
1857 2111 1940 2145 μυρία

1151 2155 1200 2190 μὲν
1212 2155 1303 2187 αὐτοῖς
1316 2156 1380 2191 περὶ
1391 2155 1445 2182 τῶν
1459 2155 1608 2191 μελλόντων
1624 2156 1796 2187 τεθέσπιστο,
1818 2156 1902 2191 μυρία
1912 2155 1940 2182 δὲ

1149 2201 1214 2236 περὶ
1234 2201 1284 2236 τῆς
1295 2200 1342 2227 τοῦ
1359 2200 1461 2233 παντὸς
1477 2201 1633 2233 συστάσεως
1651 2201 1875 2237 πεφυσιολόγητο·
1893 2202 1938 2228 καὶ

1150 2245 1183 2273 αὖ
1203 2247 1282 2274 πάλιν
1296 2247 1379 2282 μυρία
1390 2247 1455 2282 περὶ
1470 2246 1546 2279 ζώων
1571 2247 1679 2282 φύσεως
1701 2247 1849 2283 διείληπτο·
1867 2247 1939 2273 πλεῖ-

1151 2301 1200 2320 στα
1213 2293 1241 2319 δὲ
1258 2293 1307 2320 ὅσα
1333 2294 1381 2320 καὶ
1408 2293 1472 2328 περὶ
1487 2293 1578 2328 φυτῶν
1603 2295 1664 2325 ταῖς
1691 2294 1806 2323 οἰκείαις
1827 2294 1938 2324 ἕκαστος

1149 2339 1328 2374 προφητείαις
1348 2338 1539 2374 κατεϐέϐλητο.
1555 2339 1658 2373 Μωσῆς
1677 2339 1716 2370 δὲ,
1732 2339 1779 2366 καὶ
1801 2339 1884 2366 λίθων
1893 2339 1937 2365 δυ-

1148 2384 1244 2420 νάμεις
1259 2383 1288 2411 εὖ
1304 2385 1376 2420 μάλα
1391 2384 1612 2420 ἐξεπιστάμενος,
1630 2385 1659 2411 οὐ
1678 2385 1822 2421 παρέργως
1834 2385 1880 2411 ἐπὶ
1890 2384 1937 2419 τῆς

1147 2431 1194 2457 τοῦ
1207 2431 1356 2467 ἀρχιερέως
1369 2431 1466 2466 στολῆς
1480 2433 1513 2467 τῇ
1526 2431 1629 2458 τούτων
1643 2432 1760 2467 κέχρητο
1771 2431 1882 2467 θεωρίᾳ’
1891 2431 1937 2457 καὶ

1148 2474 1181 2503 αὖ
1196 2476 1276 2503 πάλιν
1288 2476 1424 2512 Σολομὼν,
1441 2478 1465 2503 εἰ
1480 2477 1526 2504 καί
1547 2486 1590 2509 τις
1612 2477 1701 2509 ἄλλος,
1729 2478 1757 2504 ἐν
1779 2479 1812 2513 τῇ
1835 2477 1936 2504 τούτων

1147 2522 1295 2559 διαπρέψαι
1307 2524 1466 2559 φυσιολογίᾳ
1491 2524 1559 2560 πρὸς
1584 2524 1634 2559 τῆς
1651 2525 1725 2556 θείας
1757 2526 1935 2560 μαρτυρεῖται

1147 2566 1333 2604 Γραςρῆς,ὦδε
1348 2570 1537 2606 περιεχούσης*
1565 2580 1573 2596 ι
1598 2571 1652 2598 Καὶ
1672 2571 1786 2606 ἐλάλησε
1810 2571 1934 2606 Σολομὼν

1147 2616 1298 2652 τρισχιλίας
1322 2616 1487 2652 παραϐολὰς,
1516 2617 1562 2643 καὶ
1588 2615 1658 2652 ἦσαν
1687 2617 1753 2652 ᾠδαὶ
1777 2617 1860 2644 αὑτοῦ
1874 2626 1936 2644 πενο

1147 2662 1325 2698 τακισχίλιαι.
1344 2663 1399 2689 Καὶ
1411 2663 1523 2697 ἐλάλησε
1548 2663 1611 2698 περὶ
1632 2663 1686 2689 τῶν
1702 2663 1787 2697 ξύλων
1817 2664 1870 2690 ἀπὸ
1886 2663 1934 2698 τῆς

1147 2709 1244 2744 κέδρου
1260 2709 1310 2745 τῆς
1325 2710 1354 2736 ὲν
1368 2708 1405 2744 τῷ
1417 2709 1525 2744 Λιϐάνῳ
1544 2709 1591 2736 καὶ
1605 2709 1656 2741 ἓως
1671 2709 1721 2745 τῆς
1743 2709 1870 2736 ὑσσώπου
1885 2710 1934 2744 τῆς

1147 2755 1365 2791 ἐκπορευομένης
1390 2755 1433 2782 διὰ
1462 2755 1508 2782 τοῦ
1535 2754 1634 2790 τοίχου.
1660 2756 1715 2782 Καὶ
1740 2755 1854 2790 ὲλάλησε
1871 2756 1934 2791 περὶ

1147 2801 1202 2828 τῶν
1215 2801 1331 2836 κτηνῶν,
1345 2801 1392 2827 καὶ
1406 2800 1470 2836 περὶ
1486 2800 1539 2827 τῶν
1556 2801 1694 2832 πετεινῶν,
1717 2801 1770 2827 καὶ·
1788 2801 1852 2836 περὶ
1878 2800 1933 2827 τῶν

1147 2847 1281 2883 ἑρπετῶν,
1296 2847 1343 2874 καὶ
1369 2848 1433 2882 περὶ
1456 2847 1510 2873 τῶν
1538 2847 1646 2882 ἰχθύων.
1668 2847 1722 2873 Καὶ
1753 2847 1933 2882 παρεγένοντο

1147 2894 1246 2925 πάντες
1261 2894 1286 2920 οι
1298 2893 1356 2920 λαοὶ
1369 2892 1482 2920 ἀκοῦσαι
1494 2892 1543 2929 τῆς
1565 2892 1660 2928 σοφίας
1679 2892 1860 2928 Σολομῶντος,
1887 2892 1932 2919 καὶ
