2091 3208
310 192 362 220 861

632 187 766 216 EUSEBll
785 185 1024 215 C.~ESARIENS!S
1043 184 1117 212 OPP.
1140 183 1230 211 PARS
1251 183 1281 210 11.
1303 198 1337 202 -
1356 181 1606 210 APOLOGETICA.

1882 182 1934 209 868

309 252 430 286 obiectas
449 249 648 285 complectitur,
670 255 725 274 non
753 246 888 274 subtiliter
908 250 935 272 et
955 244 1090 271 enucleate

1147 251 1218 275 νους,
1232 243 1272 273 εἰς
1287 241 1420 276 ἀνάληψιν
1431 239 1560 271 εύλαϐοὗς
1575 240 1623 266 καὶ
1643 239 1780 274 σώφρονος
1797 238 1866 274 βίου.
1883 239 1935 266 Τὸν

308 298 390 333 vulgo
404 296 607 331 explicandum,
621 302 671 322 nec
689 293 859 328 singularum
878 296 982 318 naturae
996 297 1095 318 causas

309 344 420 378 plebeiae
442 341 609 370 multitudini
643 340 805 375 aperiendas
833 341 1016 373 putaverunt,
1041 335 1094 363 nisi

308 392 441 423 quantum
457 395 569 414 necesse
585 391 654 418 erat,
673 390 702 412 nt
713 392 809 412 omnes
826 383 1022 418 intelligerent,
1033 381 1094 408 uni-

307 442 415 461 versum
431 433 482 460 hoc
500 440 587 467 neque
597 440 645 466 per
656 439 728 464 sese,
748 437 836 465 neque
852 436 917 456 casu
932 435 963 455 ac
981 432 1093 460 temere,

308 479 420 506 fortuito
429 479 545 514 quodam
559 479 658 512 impetu
674 477 813 504 exstitisse
827 485 834 503 :
848 480 875 502 at
887 473 987 502 summi
1004 473 1094 500 Mode-

306 525 407 552 ratoris
424 525 469 553 Dei
496 526 613 556 ratione,
630 528 657 550 et
673 523 785 549 inﬁnita:
815 521 961 556 Sapientia:
982 519 1095 546 numine

1147 288 1175 314 δὲ
1186 288 1269 322 βαθὺν
1285 288 1332 314 καὶ
1358 287 1488 322 λεληθότα
1505 286 1569 322 περὶ
1589 284 1692 312 τούτων
1708 285 1787 318 λόγον
1799 286 1828 311 ὲν
1850 285 1936 314 ἀπορ-

1149 335 1241 369 ρήτοις
1259 333 1350 368 ζητεῖν
1364 341 1393 360 τε
1415 333 1461 359 καὶ
1475 331 1648 359 διδάσκεσθαι
1663 331 1865 366 κατελίμπανον
1879 332 1936 362 τοῖς

1147 380 1214 410 οἵοις
1226 387 1256 405 τε
1270 379 1304 406 τὰ
1316 379 1404 405 τοιάδε
1425 378 1540 414 μνῆσθαι
1559 384 1582 404 δ.
1600 377 1709 413 Βραχέα
1726 376 1755 403 δὲ
1774 377 1820 404 καὶ
1842 376 1880 408 ὡς
1907 377 1936 402 ἐν

1147 425 1224 459 τύπῳ
1236 425 1327 460 φάναι,
1341 422 1370 451 εὖ
1387 425 1419 451 ἂν
1433 424 1488 460 ἔχοι
1500 425 1548 451 καὶ
1563 424 1611 459 τῆς
1640 423 1742 450 τούτων
1758 423 1870 450 διελθεῖν
1887 423 1937 448 ἐπ-

1147 471 1268 503 οπτείας,
1279 471 1324 497 τόν
1342 479 1372 497 τε
1386 470 1516 497 Πλάτωνα
1538 471 1589 497 κάν
1601 470 1688 505 τούτῳ
1700 469 1735 497 τὰ
1753 469 1816 504 φίλα
1830 477 1934 505 πεφρο-

1147 518 1249 553 νηκότα
1261 519 1317 549 τοῖς
1330 517 1504 553 δηλουμένοις
1520 518 1705 552 παραστῆσαι.

306 573 463 607 gubernari.
482 571 535 598 Res
551 575 642 598 autem
661 570 721 596 illas
736 568 809 604 quod
836 570 948 600 attinet,
963 574 1025 602 quae
1045 565 1103 593 sola
1122 569 1212 592 mente
1227 564 1389 599 capiuntur,
1413 572 1475 591 cum
1496 563 1630 598 ejusmodi
1654 563 1760 598 aliquas
1776 570 1852 594 esse,
1875 566 1933 590 tum

307 618 415 645 illarum
433 625 542 652 quoque
553 617 679 650 gradum,
692 616 758 646 vim,
774 619 856 649 atque
880 613 1027 640 discrimen
1043 619 1097 638 non
1118 611 1198 638 modo
1212 618 1297 638 sacra:
1314 610 1415 645 passim
1436 610 1534 637 littera:
1551 610 1712 642 docuerunt,
1737 610 1783 637 scd
1805 609 1887 636 etiam
1900 616 1933 635 ea

304 663 461 699 promiscue
477 671 585 697 semper
598 662 727 688 omnibus
741 660 836 687 audire
859 659 949 690 licuit,
964 662 1097 693 quantum
1117 656 1151 683 iis
1169 656 1278 690 quidem
1295 660 1359 682 nota
1379 663 1440 683 esse
1456 655 1622 687 debuerunt,
1643 655 1723 690 523
1738 655 1784 689 qui
1804 655 1931 689 pietatem

305 711 482 746 proﬁtentur,
514 716 543 737 ut
565 709 747 744 castigatioris
768 712 795 734 et
811 706 977 734 bonestioris
998 705 1061 732 vitae
1082 704 1202 731 rationes
1222 703 1384 738 intelligant.
1407 702 1461 730 Sed
1485 707 1576 730 tamen
1600 702 1725 730 altiorem
1746 703 1823 729 illum
1840 703 1933 730 occul-

307 758 458 791 tioremque
480 764 608 788 sensum,
628 763 708 790 quem
726 754 891 786 includunt,
913 754 947 780 iis
969 753 1114 784 duntaxat,
1134 750 1180 786 qui
1194 749 1253 784 ejus
1270 750 1429 778 meminisse
1447 754 1568 785 possent,
1591 749 1644 777 sub
1658 749 1766 777 arcanis
1784 749 1931 776 verborum

305 803 539 830 acscntentiarum
568 801 736 834 involucris,
758 799 934 835 quaerendum
951 798 1168 832 discendumque
1192 796 1370 831 reliquerunt.
1392 795 1480 830 Atque
1511 795 1555 822 hic
1574 802 1665 830 opera:
1689 794 1804 829 pretium
1839 794 1931 827 fuerit,

304 857 389 884 pauca
414 849 538 884 qumdam
564 848 605 875 vel
631 847 809 874 informandae
833 846 872 873 rei
893 845 997 880 gratia,
1015 845 1048 872 de
1066 844 1118 871 hoc
1137 843 1219 870 etiam
1245 843 1331 870 altero
1347 849 1445 877 genere
1468 842 1614 873 disserere,
1641 848 1778 876 quamque
1791 841 1818 867 in
1836 841 1930 868 eodem

304 897 424 925 llebrceis
441 896 531 924 aliinia
551 896 677 924 similiter
692 903 724 922 ac
739 895 857 930 genuina
871 894 947 921 Plato
961 892 1088 924 senserit,
1108 893 1308 919 demonstrare.

586 941 702 969 CAPUT
722 941 791 968 Vlll.

443 989 480 1015 De
495 996 582 1015 rerum
593 987 755 1022 spiritalium
768 986 945 1022 physiologia.

338 1045 484 1073 Enimvero
502 1045 642 1072 Platonem
661 1045 736 1071 illum
748 1065 755 1077 ,
780 1051 861 1078 quem
879 1048 1020 1078 tantopere
1034 1050 1093 1070 om-

302 1099 351 1119 nes
364 1091 545 1123 admirantur,
556 1091 583 1117 in
592 1091 644 1118 hac
658 1097 768 1125 quoque
783 1097 874 1116 rerum
889 1089 1052 1123 spiritalium
1066 1093 1094 1115 et

302 1138 525 1173 incorporearum
542 1137 666 1165 doctrina
683 1141 711 1164 et
728 1136 834 1163 ratione
847 1135 1019 1170 explicanda,
1036 1142 1090 1162 non

302 1184 384 1211 modo
410 1183 643 1218 sapientissimum
670 1181 783 1214 Mosem,
807 1189 901 1208 verum
921 1180 1005 1208 etiam
1022 1180 1090 1207 alios

302 1229 478 1257 Hebraeorum
501 1230 659 1264 prophetas,
674 1232 799 1256 Secutum
814 1234 886 1260 esse,
899 1227 942 1254 vel
965 1234 999 1254 ex
1024 1226 1091 1261 ipsis

301 1275 362 1309 ejus
380 1274 468 1302 verbis
493 1273 640 1301 manifeste
663 1277 771 1301 constat
788 1282 795 1301 :
819 1272 876 1300 sive
900 1279 961 1300 eam
980 1271 1052 1299 fama
1066 1276 1093 1299 et

301 1320 443 1349 auditione
451 1321 598 1355 acceperit,
616 1327 679 1347 cum
691 1324 796 1347 certum
812 1319 858 1352 sit,
868 1319 939 1354 apud
949 1318 1091 1354 [Egyptios

301 1371 368 1394 tunc
391 1367 523 1402 temporis
551 1367 627 1393 illum
644 1366 768 1401 degisse,
791 1373 854 1392 cum
873 1362 979 1391 Hebraei
1005 1363 1091 1398 patria

301 1413 421 1440 secundo
436 1413 506 1447 pulsi
521 1433 528 1445 ,
543 1412 636 1440 Persis
659 1411 865 1439 dominantibus
877 1431 885 1444 ,
916 1411 943 1438 in
972 1410 1090 1445 Egypto

301 1463 477 1486 versarentur
493 1468 499 1485 :
521 1459 578 1486 sive
592 1466 639 1493 per
656 1465 717 1486 sese
741 1457 881 1492 propriam
901 1465 994 1484 rerum
1008 1463 1090 1484 natu-

301 1511 360 1530 ram
375 1503 501 1537 rimatus,
518 1503 575 1531 sive
595 1510 761 1538 quocunque
780 1502 862 1530 modo
878 1502 904 1529 in
917 1509 976 1529 eam
992 1501 1091 1529 divini-

301 1553 346 1576 tus
374 1549 557 1584 cognitionem
579 1549 727 1583 perductus
748 1547 838 1575 fuerit.
855 1557 864 1573 ‹
882 1547 952 1574 Deus
979 1546 1062 1578 enim,
1077 1555 1085 1571 ι

301 1595 389 1629 inquit
402 1595 549 1629 Apostolus
564 1594 598 1628 θ’,
619 1604 628 1620 ι
645 1595 713 1630 ipsis
726 1594 921 1622 manifestavit.
941 1593 1087 1620 lnvisibilia

300 1641 374 1668 enim
391 1640 487 1674 ipsius,
511 1647 526 1667 a
545 1644 671 1667 creatura
695 1640 789 1666 mundi
806 1660 814 1673 ,
827 1647 875 1674 per
888 1647 918 1666 ea
933 1647 993 1674 qua;
1015 1638 1087 1666 facta

301 1690 376 1718 sunt,
405 1685 542 1713 intellecta
570 1687 794 1722 conspiciuntur,
824 1686 883 1721 ipsa
904 1694 1014 1722 quoque
1028 1687 1087 1722 ejus

301 1731 465 1766 sempiterna
480 1732 568 1760 virtus
581 1737 662 1767 atque
677 1732 816 1765 divinitas,
833 1738 864 1760 ut
879 1732 934 1760 sint
944 1733 1089 1760 inexcusa-

300 1776 380 1804 biles.
401 1786 409 1802 ι
422 1776 461 1804 Tu
476 1785 540 1804 vero
549 1777 627 1806 facile
638 1778 721 1813 hujus
730 1778 768 1806 rei
778 1779 918 1806 veritatem
928 1787 961 1806 ex
972 1787 1089 1814 sequen—

302 1825 374 1851 tibus
389 1823 534 1859 intelligas.

615 1871 730 1898 CAPUT
749 1871 796 1899 IX.

397 1917 435 1944 De
449 1923 516 1950 eme,
534 1917 575 1944 Ex
588 1917 670 1944 Mosis
687 1917 858 1952 Platonisque
867 1917 998 1945 doctrina.

335 1963 476 1998 Ejusmodi
494 1964 635 1991 oraculum
663 1963 752 1991 Moses
769 1964 856 1991 sacris
876 1964 905 1991 in
929 1964 1027 1992 litteris
1054 1972 1087 1991 ex

299 2017 414 2044 persona
428 2009 474 2037 Dei
492 2011 651 2044 pronuntiat
663 2010 671 2024 ι
693 2019 698 2036 :
719 2019 728 2035 ι
747 2009 803 2045 Ego
819 2018 880 2038 sum
893 2012 939 2046 qui
957 2019 1029 2038 sum.
1042 2010 1087 2038 Sic

298 2056 373 2083 dices
387 2055 450 2082 {iliis
463 2055 545 2082 lsrael
561 2055 630 2088 :Qui
642 2059 696 2087 est,
708 2056 782 2083 misit
794 2055 827 2082 ad
839 2064 883 2084 me
900 2064 958 2084 vos.
972 2066 981 2082 ι
997 2056 1086 2092 Atque

298 2102 336 2128 ita
348 2101 433 2129 Deum
447 2109 532 2128 unum
541 2109 574 2128 ex
583 2102 711 2128 omnibus
725 2108 786 2129 vere
801 2110 872 2133 esse.
890 2110 922 2129 ac
938 2110 1025 2138 genus
1035 2103 1086 2130 hoc

298 2147 418 2174 nominis
432 2147 460 2174 in
479 2154 541 2174 eum
560 2147 668 2181 proprie
686 2147 775 2174 solum
790 2151 906 2182 apteque
926 2148 1083 2179 convenire,

298 2193 426 2220 declarat.
456 2192 587 2219 Similiter
601 2192 634 2219 de
646 2200 737 2219 rerum
755 2201 816 2227 quae
831 2202 912 2221 sensu
929 2195 1086 2229 percipiun-

299 2242 354 2270 tur,
368 2231 482 2273 quaeque
496 2246 611 2273 corpore
641 2239 759 2273 prazditse
775 2244 849 2271 sunt,
867 2243 927 2266 ortu
947 2240 1028 2266 simul
1043 2244 1085 2267 at-

1403 936 1601 963 ΚΕΦΑΛᾹῙΟΝ
1614 936 1656 962 Η¹.

1250 982 1318 1017 Περὶ
1333 981 1387 1016 τῆς
1402 982 1461 1008 τῶν
1481 981 1596 1015 νοητῶν
1619 980 1824 1015 φυσιολογίας,

1180 1042 1218 1068 Οὐ
1234 1041 1287 1077 μὴν
1304 1040 1372 1067 ἀλλὰ
1385 1040 1432 1067 καὶ
1446 1040 1509 1075 περὶ
1520 1039 1569 1074 τῆς
1579 1038 1632 1064 τῶν
1644 1037 1746 1072 νοητῶν
1760 1037 1806 1064 καὶ
1819 1035 1930 1071 ἀσωμάρ

1145 1097 1197 1115 των
1210 1087 1377 1119 παιδεύσεως
1395 1087 1443 1113 καὶ
1456 1086 1572 1122 θεωρίας
1590 1085 1627 1120 τῷ
1640 1085 1769 1119 πανσόφῳ
1779 1084 1874 1110 Μωσεῖ
1884 1083 1929 1109 καὶ

1143 1136 1200 1166 τοῖς
1218 1134 1349 1169 Ἐϐραίων
1367 1134 1520 1169 προφήταις
1545 1132 1657 1159 Πλάτων
1681 1132 1695 1159 ό
1710 1131 1860 1166 θαυμάσιος
1882 1131 1931 1156 ἐπ-

1143 1180 1333 1216 ηκολουθηκὼς
1345 1180 1389 1207 διὰ
1401 1180 1456 1207 τῶν
1469 1180 1576 1206 οἰκείων
1588 1177 1691 1213 φωνῶν¹
1699 1178 1756 1204 ἐστι
1774 1177 1861 1213 δῆλος·
1883 1177 1930 1204 εἰτ’

1143 1227 1173 1261 ἐξ
1185 1229 1271 1263 ἀκοῆς
1286 1228 1326 1259 εἰς
1337 1227 1417 1253 αὑτὸν
1431 1226 1551 1262 ἡκούσης
1567 1224 1669 1261 μαθὼν,
1679 1224 1740 1250 ἐπεὶ
1750 1224 1797 1251 καὶ
1811 1223 1931 1250 συνίστα-

1143 1282 1188 1300 ται
1202 1273 1267 1309 παρ’
1279 1273 1437 1307 Αἰγυπτίοις
1448 1272 1574 1308 τηνικάδε
1595 1270 1644 1302 τὰς
1666 1269 1806 1305 διατριδὰς
1818 1277 1930 1305 πεποιη-

1146 1320 1234 1355 μένος,
1247 1320 1308 1347 καθ’
1317 1320 1347 1347 ὃν
1369 1320 1499 1355 Ἑϐραῖοι,
1510 1320 1559 1354 τῆς
1571 1317 1672 1349 οἰκείας
1686 1317 1812 1352 δεύτερον
1824 1317 1929 1343 ἀποπε-

1145 1367 1235 1398 σόντες
1246 1368 1307 1402 γῆς,
1331 1366 1488 1400 Αἰγυπτίοις
1516 1362 1711 1399 ἐπεχωρίαζον,
1728 1362 1840 1398 Περσῶν
1868 1363 1928 1388 ἑπι-

1143 1414 1322 1450 κρατούντων·
1337 1413 1391 1440 εἴτε
1411 1412 1458 1439 καὶ
1473 1411 1537 1447 παρ’
1558 1411 1653 1438 ἑαυτοῦ
1680 1412 1713 1446 τῇ
1725 1410 1778 1436 τῶν
1799 1409 1928 1445 πραγμά-

1142 1469 1197 1487 των
1209 1459 1345 1487 ἐπιϐαλὼν
1375 1458 1463 1493 φύσει·
1479 1458 1534 1484 εἴτε
1557 1457 1680 1484 ὁπωσοῦν
1707 1456 1759 1482 ὑπὸ
1776 1455 1842 1482 Θεοῦ
1863 1463 1928 1481 κατ-

1143 1505 1268 1538 αξιωθεὶς
1278 1507 1327 1541 τῆς
1338 1504 1474 1540 γνώσεως.
1493 1514 1502 1530 ι
1520 1504 1550 1530 '0
1567 1503 1632 1534 Θεὸς
1646 1503 1726 1538 γὰρ,ι
1749 1502 1839 1537 φησὶν,
1858 1511 1867 1526 ε
1879 1501 1927 1527 αὺ-

1142 1554 1198 1584 τοῖς
1212 1552 1376 1588 ὲφανέρωσε.
1390 1551 1430 1577 Τὰ
1449 1551 1503 1587 γὰρ
1518 1551 1619 1586 ἀόρατα
1634 1549 1714 1576 αὐτοῦ
1735 1549 1790 1576 ἀπὸ
1815 1548 1928 1579 κτίσεως

1143 1598 1246 1633 κόσμου
1265 1599 1321 1629 τοῖς
1335 1599 1469 1633 ποιήμασι
1482 1597 1614 1632 νοούμενα
1630 1595 1789 1631 καθορᾶται,
1803 1595 1821 1630 ἥ
1838 1603 1867 1620 τε
1884 1594 1928 1621 αύ-

1139 1643 1186 1670 τοῦ
1201 1644 1285 1676 ἀΐδιος
1300 1643 1413 1679 δύναμις
1429 1643 1476 1670 καὶ
1507 1642 1622 1678 θειότης,
1641 1642 1680 1674 εις
1694 1642 1725 1668 τὸ
1738 1639 1806 1668 εἷναι
1830 1641 1927 1672 αὐτοὺς

1139 1689 1384 1725 ἀναπολογήτους.»
1400 1689 1504 1721 Μάθοις
1517 1689 1539 1715 δ’
1553 1688 1586 1715 ἂν
1600 1689 1630 1715 τδ
1642 1688 1786 1724 εἰρημένον
1811 1683 1863 1714 ὧδέ
1888 1695 1926 1722 πη

1138 1735 1375 1771 διασκοπούμενος.

1409 1872 1605 1900 ΚΕΦΑΛΑΙΟΝ
1624 1872 1661 1899 8'.

1217 1919 1288 1953 Περὶ
1303 1919 1355 1946 τοῦ
1369 1919 1466 1951 ὄντος,
1479 1919 1608 1952 Μωσέως
1615 1919 1663 1945 καὶ
1676 1918 1846 1952 Πλάτωνος.

1174 1965 1295 1996 Μωσέως
1318 1966 1346 1991 ἐν
1360 1966 1419 1996 ταῖς
1433 1965 1617 2000 ἱεροφαντίαις
1641 1965 1763 2000 χρησμὸν
1786 1966 1818 1991 ἐκ
1840 1971 1925 2000 προσ-

1139 2011 1214 2038 ώπου
1230 2011 1276 2037 τοῦ
1297 2010 1364 2037 Θεοῦ
1379 2011 1522 2046 φήσαντος
1538 2019 1548 2035 ι
1569 2009 1639 2044 Ἐγώ
1665 2011 1722 2045 εἰμι
1738 2010 1752 2036 ὁ
1766 2009 1813 2036 ῶν.
1831 2009 1924 2041 Οὕτως

1138 2057 1210 2092 ἐρεῖς
1225 2057 1281 2088 τοῖς
1291 2057 1358 2087 υἱοῖς
1380 2056 1499 2091 Ἰσραήλ·
1527 2055 1556 2082 ’0
1577 2055 1614 2082 ὢν
1628 2055 1782 2082 ἀπέσταλκέ
1806 2064 1839 2091 με
1858 2056 1924 2092 πρὸς

1138 2103 1236 2138 ὑμᾶς-ι
1256 2102 1444 2138 παραθεμένου
1458 2101 1486 2128 δὲ
1496 2102 1544 2128 καὶ
1556 2102 1602 2128 τὸν
1621 2102 1687 2128 Θεὸν
1703 2102 1782 2137 μόνον
1796 2103 1923 2138 ἄντικρυς

1137 2149 1211 2182 ὄντα,
1225 2149 1271 2176 καὶ
1287 2148 1366 2184 τῆσδε
1383 2149 1486 2184 κυρίως
1509 2149 1555 2175 καὶ
1568 2148 1704 2184 ἁρμοδίως
1715 2149 1864 2184 ἠξιωμένον
1877 2149 1924 2184 τῆς

1137 2195 1258 2231 κλήσεως
1285 2195 1506 2229 ἀποφηναμένου·
1534 2194 1613 2221 πάλιν
1631 2203 1660 2220 τε
1689 2192 1722 2221 αὖ
1753 2195 1922 2230 Σολομῶντος

1136 2242 1201 2278 περὶ
1214 2243 1263 2277 τῇς
1275 2241 1328 2268 τῶν
1351 2241 1486 2276 αἰσθητῶν
1505 2241 1552 2268 καὶ
1568 2241 1730 2276 σωματικῶν
1742 2241 1874 2275 γενέσεώς
1893 2249 1921 2266 τε

298 2292 351 2319 que
369 2284 479 2311 interitu
493 2284 623 2311 Salomon
640 2285 675 2311 ita
695 2284 816 2319 loquitur
831 2285 841 2299 '
860 2294 866 2311 :
886 2285 968 2321 524
985 2295 994 2310 ι
1013 2284 1084 2318 Quid

1141 2289 1183 2314 ml
1196 2287 1298 2323 φθορᾶς
1310 2287 1474 2318 ἀνειπόντος
1491 2296 1501 2312 ‹
1516 2286 1588 2313 Τίτό
1605 2286 1729 2320 γεγονός;
1741 2287 1808 2314 αὐτὸ
1827 2286 1859 2312 τὸ
1875 2294 1920 2320 γε-

296 2334 348 2362 est,
361 2330 434 2365 quod
450 2329 500 2357 fuit
516 2330 630 2364 ?ipsum
647 2330 719 2365 quod
732 2329 856 2357 l'uttn-um
874 2335 925 2358 est.
945 2330 1020 2358 Nihil
1033 2332 1084 2359 sub

297 2376 355 2403 sole
370 2384 482 2403 novum.
498 2375 554 2403 Nec
578 2377 648 2403 valet
662 2377 808 2412 quisquam
824 2377 914 2405 dicere
930 2386 936 2405 :
951 2377 1020 2405 Ecce
1033 2379 1084 2406 hoc

297 2429 392 2448 recens
402 2426 460 2449 est:
474 2421 530 2456 jam
547 2421 618 2448 enim
631 2423 770 2456 praecessit
787 2423 814 2449 in
828 2423 1015 2458 saeculis,qua2
1025 2423 1083 2450 fue-

297 2472 362 2493 runt
374 2471 436 2494 ante
452 2475 512 2495 nos.
530 2476 539 2492 ι
555 2467 636 2494 [idem
652 2468 731 2495 nobis
744 2473 942 2503 consequenter
961 2469 987 2495 id
1001 2477 1083 2496 omne.

298 2512 370 2546 quod
384 2517 435 2544 est,
451 2513 477 2539 in
494 2513 547 2540 duo
563 2521 661 2548 genera
688 2513 855 2547 partiuntur,
872 2514 1002 2548 spiritale,
1017 2522 1081 2542 sen—

298 2564 385 2591 suque
403 2565 559 2592 perceptum
579 2568 586 2585 z
614 2563 640 2585 et
664 2559 797 2593 spiritalia
825 2560 935 2594 quidem
965 2568 1080 2595 corpore

298 2602 394 2634 libera,
409 2604 454 2630 sed
468 2611 482 2630 a
495 2609 590 2631 natura
606 2612 667 2631 cum
685 2605 815 2632 instructa
832 2606 947 2639 ratione,
965 2610 1021 2632 tum
1038 2607 1080 2633 in-

299 2648 394 2675 tet-itus
404 2655 436 2675 ac
449 2649 544 2676 mortis
555 2650 673 2684 expertia
691 2658 750 2678 CSSC
761 2656 884 2678 διιιιιιιιιιι
896 2661 902 2683 ζ
913 2657 1006 2680 εοιιιι·ει
1016 2661 1079 2680 vero

299 2693 425 2721 sensibus
446 2694 534 2726 obvia,
554 2695 581 2721 in
604 2695 677 2722 [luxu
698 2701 724 2723 et
738 2697 931 2732 corruptione,
954 2699 1077 2733 atquein

298 2739 408 2766 assidua
423 2743 526 2766 natura:
542 2748 597 2768 suae
616 2743 766 2770 mutatione
783 2745 896 2771 versari.
917 2744 950 2770 At
969 2745 1077 2772 univer-

299 2785 338 2812 sis
352 2792 436 2811 unum
450 2785 482 2812 ad
493 2785 655 2821 principium
672 2794 807 2824 caputque
831 2790 975 2817 revocatis.
993 2799 1077 2817 unum

1138 2333 1297 2368 νησόμενον·
1326 2332 1372 2358 κα)⁴
1396 2333 1446 2359 οὐκ
1471 2332 1528 2358 ἔστι
1555 2334 1609 2360 πᾶν
1641 2333 1794 2368 πρόσφατον
1811 2334 1864 2360 ὑπὸ
1876 2334 1920 2360 τόν

1136 2377 1220 2412 ἥλιον.
1235 2377 1282 2407 Ὃς
1295 2376 1404 2411 λαλήσει
1417 2376 1463 2402 καὶ
1478 2377 1544 2412 ὲρεί-
1559 2377 1622 2409 Ἴδε,
1638 2378 1715 2404 τοῦτο
1731 2379 1824 2406 καινόν
1835 2381 1917 2407 ἐστιν·

1134 2423 1184 2458 ἤδη
1201 2423 1310 2456 γέγονεν
1326 2423 1355 2448 ὲν
1369 2423 1425 2454 τοῖς
1447 2421 1527 2448 αξῶσι
1547 2425 1603 2454 τοῖς
1625 2425 1783 2459 γενομένοις
1796 2425 1850 2452 ἀπὸ
1868 2425 1917 2462 ἒμ-

1134 2468 1251 2504 προσθεν
1262 2467 1367 2503 ἡμῶν»
1383 2467 1484 2494 τούτων
1498 2467 1526 2493 δὲ
1543 2468 1587 2494 καὶ
1612 2469 1676 2504 ἡμῖν
1701 2469 1855 2502 ἀκολούθως
1879 2471 1919 2502 εις

1134 2514 1180 2541 δύο
1193 2514 1222 2541 τὸ
1238 2515 1291 2540 πᾶν
1304 2513 1489 2549 διαιρούντων,
1502 2514 1541 2546 εἷς
1557 2523 1585 2540 τε
1599 2515 1692 2550 νοητὸν
1720 2516 1767 2542 καὶ
1780 2517 1916 2552 αἰσθητόν·

1135 2561 1181 2587 καὶ
1197 2560 1227 2586 τὸ
1243 2561 1291 2596 μὲν
1313 2561 1405 2595 νοητδν
1421 2560 1564 2595 ἀσώματον
1583 2561 1629 2586 καὶ
1642 2561 1748 2595 λογικὸν
1762 2562 1810 2598 τὴν
1827 2563 1916 2598 φύσιν,

1134 2605 1270 2640 ἄφθαρτόν
1293 2612 1322 2630 τε
1353 2605 1399 2630 καὶ
1424 2604 1555 2631 ἀθάνατον
1571 2603 1824 2641 εἷναιόριζομένων·
1843 2608 1872 2635 τὸ
1894 2608 1916 2634 δ’

1134 2651 1260 2686 αἰσθητὸν
1276 2651 1392 2686 ἐν.ρύσει
1405 2651 1451 2677 καὶ
1468 2651 1564 2686 φθορᾷ,
1581 2652 1714 2687 μεταϐολῇ
1725 2661 1754 2679 τε
1769 2654 1816 2681 καὶ
1828 2656 1917 2691 τροπῇ

1134 2699 1183 2734 τῆς
1198 2698 1291 2729 οὐσίας
1303 2697 1444 2732 ὑπάρχειν·
1462 2698 1568 2723 πάντων
1580 2697 1601 2724 δ’
1614 2699 1661 2725 ἐπὶ
1674 2699 1738 2734 μίαν
1753 2700 1840 2736 ἀρχὴν
1855 2702 1917 2728 ἁνα-

1134 2743 1279 2776 κεφαλαιου
1284 2743 1381 2778 μένων,
1395 2744 1423 2769 ἓν
1437 2751 1466 2769 τε
1477 2740 1545 2770 εἷναι
1557 2743 1698 2779 ἀγένητον,
1713 2746 1759 2771 καὶ
1774 2746 1803 2772 τὺ
1814 2747 1915 2782 κυρίως

1133 2790 1180 2816 καὶ
1191 2789 1296 2825 ἀληθῶς
1312 2789 1341 2816 ὃν
1353 2788 1576 2825 δογματιζὸντων,
1593 2790 1622 2815 τὸ
1639 2790 1746 2818 πάντων
1763 2792 1914 2827 ἀσωμάτων

333 2840 355 2856 ⁸³
376 2839 453 2867 Rom.
475 2848 495 2872 ι,
512 2840 558 2867 ‘20.
597 2842 605 2857 ¹
627 2842 712 2872 Exod.
734 2853 774 2879 nl,
797 2846 839 2872 Η.
878 2847 888 2862 ¹
909 2837 998 2874 Ecclc.
1022 2855 1042 2878 ι,
1057 2847 1085 2880 9,
1104 2846 1144 2873 l0.

334 2902 348 2917 ι
367 2895 447 2925 Forte
465 2898 628 2935 μεμνῆσθαι.
