2091 3208
167 192 227 221 869

752 192 916 220 ΡΒᾸΞΡΛΒ.
937 191 1062 220 EVANG.
1085 192 1148 220 LIB.
1167 192 1212 220 XI.

1741 193 1794 222 870
1803 236 1806 239 Δ

171 259 203 280 τε
212 252 260 280 καὶ
277 251 410 288 σωμάτων
423 251 518 279 αἴτιον·
530 250 579 277 θέα
590 251 652 277 τίνα
663 250 762 286 τρόπον
773 251 804 277 οὺ
819 251 898 286 μόνον
909 250 958 286 τὴν

1013 258 1073 278 esse
1084 251 1218 279 duntaxat
1241 251 1314 286 quod
1329 258 1417 286 neque
1433 255 1523 279 ortum
1537 251 1674 286 habuerit,
1687 257 1715 280 et
1729 260 1794 287 pro-

164 298 302 329 ¹διάνοιαν.
318 298 385 324 ἀλλὰ
402 297 449 324 καὶ
465 297 514 328 τὰς
528 297 614 329 λέξεις
625 297 719 329 αὐτὰς,
737 298 784 324 καὶ
799 297 833 323 τὰ
846 297 958 332 ῥήματα

172 345 223 380 τῆς
243 344 376 379 Ἐὕραίων
399 344 507 378 γραφῆς
525 343 680 378 παραξὲσας
706 344 720 368 ὁ
744 342 866 375 Πλάτων,
892 342 959 374 ἐξοι-

173 388 295 416 κειοῦται
311 389 341 415 τὸ
355 389 453 423 δόγμα,
477 389 642 424 πλατύτερον
671 386 721 415 ὧδέ
746 398 783 423 πη
808 388 957 422 διασαφῶν

177 444 186 461 ι
198 436 230 462 Τί
241 436 270 462 τὺ
283 435 312 462 δν
329 435 384 471 (54)
399 436 452 467 ἀεὶ,
482 435 587 469 γένεσιν
604 435 631 461 δὲ
644 436 693 461 οὐκ
717 435 793 469 ἓχον;
819 435 873 461 Καὶ
889 435 914 460 τί
929 434 959 460 τὸ

174 480 317 515 γινόμενον
332 480 381 514 μὲν
394 480 437 506 ἀεὶ
465 480 531 514 (55),
549 480 578 506 ’ὸν
591 479 618 505 δὲ
636 479 778 511 οὖδέποτες
798 479 834 505 Τὸ
856 480 903 514 μὲν
917 479 959 514 δὴ,

174 526 266 560 νοήσει
286 525 354 560 μετὰ
374 525 452 558 λόγου
481 525 656 560 περιληπτὸν,
678 525 721 551 ἀεὶ
746 525 816 551 κατὰ
841 525 875 551 τὰ
891 525 960 551 αὐτὰ

174 571 205 596 ὃν
217 570 284 605 (56)·
298 571 328 597 τὸ
341 571 378 602 δὲ,
396 570 522 605 αἰσθήσει
549 570 637 605 ἀλόγῳ
661 569 800 602 δοξαστὸν,
820 571 960 605 γινόμενον

175 617 223 642 καὶ
246 616 440 651 ἀπολλύμενον,
468 616 551 648 ὅντως
578 617 606 642 δὲ
625 617 751 643 οὐδέποτε
770 617 827 643 δν.ι
851 614 912 651 ⁷Δρ“
930 617 960 642 οὐ

176 662 270 697 σαφῶς
283 662 401 697 πέφηνεν
412 663 426 688 ὀ
441 662 590 697 Θαυμάσιος
604 662 633 688 τὸ
652 663 700 697 μὲν
712 662 786 698 παρὰ
807 663 901 689 Μωσεῖ
915 663 962 697 φῆ-

177 717 227 736 σαν
240 708 327 742 λόγιον
337 717 344 722 ·
362 718 370 732 ι
391 705 461 741 ἘῨώ
472 708 529 743 εἰμι
543 708 557 733 ό
573 707 636 739 div,»
665 708 849 743 μεταποιήσας
867 709 901 734 δι’
915 708 962 733 αὐ-

176 753 234 780 τοῦ’
250 763 259 779 ι
272 753 304 779 Τί
317 752 346 779 τὸ
359 752 388 779 ὃν
398 752 450 784 ἀεὶ,
462 752 567 786 γένεσιν
580 752 607 778 δὲ
632 752 681 778 οὐκ
692 747 751 786 ἔχον
762 761 768 784 ;
790 762 799 777 ι
822 753 875 779 Καὶ
886 752 963 778 τοῦτό

176 807 209 833 γε
225 798 383 833 λευκότερον
394 797 564 831 διασαφήσας
591 797 647 831 (⁵57)
665 798 692 823 ἐν
705 797 744 832 τῷ
759 798 849 832 φάναι,
879 807 887 821 ι
902 798 962 832 μηδ’

176 843 240 870 ἄλλο
262 840 330 868 εἶναι
340 842 370 868 τὸ
382 841 410 868 ὃν
423 842 438 876 ἢ
454 842 484 867 τὸ
496 842 525 867 οὑ
542 841 641 876 σαρκὸς
654 842 802 877 ὀφθαλμοῖς
813 842 962 878 ὁρώμενον,

1008 296 1068 331 prie
1082 296 1171 323 solum
1187 303 1305 330 vereque
1325 295 1372 328 sit,
1386 296 1512 331 idemque
1526 296 1649 323 omnium
1663 297 1788 329 omnino,

1010 350 1057 369 seu
1083 350 1197 376 corpore
1222 348 1349 375 careant,
1364 351 1410 370 seu
1428 351 1490 370 cum
1508 350 1540 369 eo
1553 342 1698 377 conjuncta
1727 343 1793 375 sint,

1010 396 1123 414 causam
1141 392 1222 423 atque
1237 389 1402 424 principium
1417 396 1478 416 esse
1489 389 1649 416 decernunt.
1662 388 1722 416 Jam
1734 390 1796 417 vide

1010 439 1038 460 tu
1051 434 1128 466 mihi,
1144 442 1198 469 quo
1216 440 1295 469 pacto
1309 443 1342 462 ex
1359 435 1533 462 Hebraeorum
1549 435 1646 462 litteris
1659 443 1712 462 non
1728 444 1792 463 sen-

1011 480 1095 506 tentia
1111 480 1202 513 modo,
1215 481 1261 507 sed
1281 481 1346 515 ipsis
1362 481 1444 508 etiam
1468 481 1580 508 \ocibus
1593 481 1736 516 verbisque
1750 482 1798 508 de-

1011 525 1091 556 rasis,
1107 525 1158 552 hoc
1173 526 1224 552 sibi
1240 526 1316 553 Plato
1328 526 1426 561 dogma
1439 526 1570 560 vindicet,
1588 527 1699 554 uberius
1715 527 1796 561 paulo

1011 577 1067 596 rem
1087 570 1122 596 ita
1140 570 1301 598 declarans:
1323 580 1331 596 ‹
1353 570 1423 603 Quid
1439 571 1505 598 illud
1530 576 1583 603 est,
1602 571 1674 606 quod
1689 579 1797 606 semper

1011 620 1061 647 est,
1079 623 1128 642 nec
1141 620 1230 643 tamen
1247 621 1335 643 ortum
1353 617 1437 643 ullum
1449 617 1528 644 habet
1543 618 1554 643 Ἰ
1568 617 1638 649 Quid
1652 617 1718 644 illud
1729 624 1798 644 con-

1012 664 1064 693 tra,
1079 661 1151 694 quod
1165 668 1271 695 Semper
1286 662 1406 688 nascitur
1418 682 1425 694 ,
1439 667 1465 689 et
1481 670 1622 697 nunquam
1633 662 1698 690 est?
1716 662 1797 690 Prius

1013 706 1079 733 illud
1092 707 1213 741 quidem,
1232 707 1304 741 quod
1327 715 1435 742 semper
1451 713 1532 742 atque
1547 709 1641 736 eodem
1655 709 1735 736 modo
1756 714 1798 736 est

1012 753 1046 779 ab
1067 753 1124 779 sola
1140 753 1317 787 intelligentia
1339 761 1401 780 cum
1420 754 1525 782 ratione
1540 755 1699 789 percipitur.
1722 755 1796 782 Alte-

1014 806 1074 824 rum
1101 798 1163 830 hoc,
1179 798 1251 832 quod
1264 798 1352 824 oritur
1376 798 1457 826 simul
1474 804 1500 826 et
1513 800 1623 833 occidit,
1641 808 1727 835 neque
1746 809 1798 827 un-

1013 851 1094 878 quam
1111 850 1174 869 vere
1195 847 1245 874 est,
1273 842 1300 869 in
1329 850 1361 869 ea
1377 843 1519 877 duntaxat,
1541 852 1623 878 quam
1647 852 1744 872 sensus
1763 846 1798 871 ab

177 888 216 923 νῷ
228 889 257 914 δὲ
273 886 571 922 καταλαμϐανόμενον.»
593 887 746 922 Ἐρωτήσας
760 887 834 921 γοῦν,
856 896 864 912 ι
887 888 919 914 Τί
933 889 962 914 τὸ

1015 889 1088 915 omni
1112 889 1217 916 ratione
1242 897 1343 916 vacuus
1372 889 1470 922 elﬁcit,
1489 890 1617 925 opinione
1633 894 1763 918 versatur.
1785 901 1794 916 ι

177 934 219 965 ὃν,
233 943 242 960 ι
263 933 343 964 αὐτὸς
360 931 447 967 ἑαυτῷ
460 932 647 967 ἀποκρίνεται,
663 933 759 966 λέγων’
777 942 785 958 ι
797 933 833 958 Τὸ
860 933 908 968 μὲν
932 934 962 968 δὴ

1015 933 1084 967 Quid
1095 934 1107 961 ἱ)
1117 935 1214 961 Annon
1227 934 1290 961 illud
1311 934 1392 962 Mes-is
1405 923 1545 962 oraculum
1561 945 1567 962 :
1584 945 1594 961 ί
1605 936 1660 971 Ego
1674 944 1734 963 sum
1748 936 1795 971 qui

177 980 269 1015 νοήσει
278 979 346 1014 μετὰ
352 978 430 1012 λόγου
439 977 603 1014 περιληπτὸν
610 979 649 1005 ὃν.
665 989 674 1005 ι
686 979 721 1005 Τὸ
731 979 760 1006 δὲ
771 979 964 1015 Σολομώντειον

179 1027 278 1062 φῆσαν,
293 1034 302 1051 ι
319 1025 351 1051 Τί
366 1025 397 1051 τὸ
421 1025 628 1059 γεγονός;Αῡτδ
650 1023 680 1051 τὸ
704 1024 893 1059 γενησόμενον·
919 1025 966 1052 καὶ

179 1072 207 1098 τι
235 1070 266 1097 τὸ
304 1070 506 1106 πεποιημένον;
536 1071 606 1097 Αὐτὸ
617 1071 646 1097 τὸ
658 1071 897 1107 ποιηθησόμενον·ι
915 1072 960 1098 αὒ-

178 1116 235 1146 τοῖς
250 1116 343 1150 σχεδὸν
356 1117 461 1152 ῥήμασι
485 1116 682 1152 διερμηνεύσας
709 1116 787 1152 δῆλος
800 1118 834 1144 ἂν
856 1118 909 1153 εἴη,
926 1118 965 1144 λέ-

178 1169 245 1194 γων·
260 1169 269 1186 t
279 1161 315 1187 Τὸ
328 1161 378 1196 μὲν
391 1167 415 1193 α,
432 1161 556 1196 αἰσθήσει
575 1161 663 1196 ἀλόγῳ
674 1161 809 1195 δοξαστὸν,
825 1163 964 1198 γινόμενον

176 1207 226 1232 οιαὶ
239 1206 431 1242 ἀπολλύμενον,
458 1207 541 1238 ὅντως
566 1207 594 1233 δὲ
615 1207 740 1233 οὐδέποτε
763 1208 819 1234 ὃν.)
850 1207 897 1240 Οἷς
919 1209 965 1236 καὶ

177 1251 314 1288 ἑπιφέρει’
332 1261 341 1277 ι
355 1252 394 1278 Τὰ
407 1252 517 1278 τοιαῦτα
530 1253 584 1288 (58)
596 1253 650 1288 γὰρ
671 1255 759 1280 πάντα
771 1254 841 1289 μέρη
857 1255 963 1290 χρόνου,

177 1298 210 1324 τὸ
221 1297 270 1334 ἦν,
283 1299 328 1325 καὶ
345 1299 438 1326 ἔσται·
456 1299 474 1326 ἃ
490 1299 521 1334 δὴ
536 1300 662 1335 φέροντες
673 1300 839 1336 λανθάνομεν
855 1301 901 1328 ἐπὶ
915 1302 964 1337 τὴν

176 1344 263 1371 ἀΐδιον
278 1345 380 1377 οὐσίαν,
402 1346 451 1372 οὐκ
473 1345 568 1381 ὀρθῶς.
593 1346 713 1381 Λέγομεν
729 1346 782 1382 γὰρ
809 1347 854 1382 δὴ,
866 1347 903 1379 ὡς
914 1346 963 1383 ἦν,

177 1391 245 1417 ἔστι
261 1400 290 1418 τε
316 1392 362 1418 καὶ
383 1392 477 1418 ἔσται·
493 1393 525 1427 τῇ
547 1392 575 1418 δὲ
603 1392 634 1418 τὸ
654 1393 717 1418 ἐστι
731 1393 810 1427 μόνον
826 1393 894 1420 κατὰ
921 1394 964 1420 τὸν

178 1436 266 1472 ἁληοῆ
282 1437 359 1471 λόγον
375 1438 516 1473 προσήκει.
530 1438 566 1463 Τὸ
580 1437 607 1464 δὲ
621 1438 669 1472 ἦν,
685 1438 732 1465 καὶ
747 1438 777 1465 τὸ
793 1438 888 1471 ἔσται,
901 1440 964 1474 περὶ

177 1482 227 1518 τὴν
241 1482 270 1508 ὲν
279 1483 367 1518 χρόνῳ
382 1483 487 1517 γένεσιν
514 1482 595 1510 οὖσαν
618 1485 671 1520 (59)
705 1485 803 1520 πρέπει
826 1485 962 1520 λέγεσθαι·

178 1529 299 1564 κινήσεις
313 1529 366 1564 γάρ
379 1530 466 1555 ἐστον.
492 1530 528 1556 Τὸ
538 1530 565 1556 δὲ
590 1531 632 1557 ἀεὶ
659 1531 729 1558 κατὰ
752 1531 786 1558 τὰ
808 1532 877 1558 αὐτά
904 1532 964 1568 ἔχον

176 1574 314 1610 ἀκινήτως
329 1574 389 1601 οὔτε
402 1576 585 1612 πρεσϐύτερον
608 1576 669 1603 οὔτε
681 1577 812 1613 νεώτερον
832 1579 963 1614 προσήκει

177 1621 299 1655 γίνεσθαι
315 1622 358 1648 διὰ
389 1622 483 1657 χρόνον
510 1622 575 1658 (40y
588 1623 648 1649 οὐδὲ
670 1624 795 1657 γενέσθαι
814 1625 879 1651 ποτὲ
896 1625 961 1661 (41),

175 1666 238 1693 οὐδὲ
251 1667 391 1700 γεγονέναι
407 1667 464 1699 νῦν,
493 1668 546 1694 οὐδ’
563 1668 683 1700 εἰσαῦθις
705 1669 812 1696 ἔσεσθαι
837 1671 867 1696 τὸ
880 1672 964 1706 παρά-

177 1719 233 1738 πιν
251 1711 316 1747 (42),
327 1712 380 1739 οὐδ’
394 1713 443 1738 ὅσα
458 1713 564 1746 γένεσις
578 1715 634 1745 τοῖς
662 1715 691 1740 ὲν
715 1715 837 1751 αἰσθήσει
853 1717 964 1752 φερομέ-

177 1766 235 1789 νοις
251 1758 400 1794 προσῆψεν⁸
417 1758 483 1785 ἀλλὰ
500 1759 594 1794 χρόνου
619 1760 713 1792 ταῦτα,
732 1761 818 1788 αἰῶνα
831 1763 964 1798 μιμουμέ-

176 1813 224 1831 νω
240 1806 286 1832 καὶ
315 1806 375 1832 κατ’
391 1806 506 1841 ἀριθμὸν
520 1806 715 1841 κυκλουμένου,
742 1809 852 1842 γέγονεν
877 1809 960 1845 siti-qn

177 1851 235 1878 Καὶ
251 1851 319 1887 πρὸς
337 1851 391 1887 (45)
406 1852 510 1883 τούτοις
523 1852 563 1879 ἔτι
579 1852 612 1878 τὰ
626 1853 724 1879 τοιάδε
745 1863 753 1878 ι
765 1854 801 1880 Τὸ
815 1854 844 1880 δὲ
855 1856 964 1889 γεγονὸς

176 1896 250 1924 εἶναι
262 1898 381 1932 γεγονὸς,
396 1898 443 1924 καὶ
460 1898 489 1924 τὸ
502 1899 642 1934 γινόμενον
665 1897 734 1925 εἶναι
758 1900 908 1935 γινόμενον·
925 1901 964 1928 ἔτι

175 1952 208 1970 τε
221 1943 252 1970 τὸ
266 1944 446 1978 γενησόμενον
462 1942 531 1972 εἶναι
550 1945 730 1980 γενησόμενον
743 1945 810 1980 (44).
828 1955 836 1971 ι
853 1947 907 1972 Καὶ
922 1948 964 1973 ἵνα

175 1997 210 2023 γε
226 1989 264 2025 μή
278 1998 320 2021 τις
339 1990 412 2024 ἡμᾶς
441 1990 658 2025 παρερμηνεύειν
690 1991 826 2025 ἡγήσηται
852 1991 900 2023 τὰς
917 1993 963 2018 τοῦ

139 2031 141 2034 ’
175 2035 324 2070 φιλοσόφου
339 2035 440 2070 φωνὰς,
453 2036 630 2070 ὑπομνήμασι
653 2036 800 2071 χρήσομαιν
813 2037 895 2064 τῶνδε
911 2037 964 2064 τῶν

213 2110 227 2125 ﬂ
240 2103 321 2131 Forte
332 2104 371 2132 δέ.

214 2149 320 2188 (ὅθλτὶ
332 2150 399 2188 τό...
413 2151 464 2188 ἔν,
481 2154 532 2188 etc_.
555 2150 618 2188 Adi
635 2149 774 2188 Platonem
800 2148 826 2187 i_n
841 2147 964 2188 Timeo,

174 2183 240 2247 pag.
250 2183 317 2228 ‘S‘ZQ.
330 2185 394 2212 edit.
409 2185 576 2213 Gnaeo-Lat.
590 2185 686 2216 Ficini,
703 2183 747 2211 ubi
761 2183 869 2218 legitur,
886 2185 917 2210 Τί
932 2186 963 2211 τὸ

192 2230 207 2246 ν
228 2228 278 2247 μεν
292 2220 345 2247 ast.

214 2239 350 2324 (ἕέ)ᾕὲὶέ
361 2254 416 2281 ἀεί.
431 2254 508 2283 Plato
523 2255 592 2282 delet
607 2255 659 2282 ἀεί.

214 2290 260 2324 (36
285 2290 350 2316 Post
362 2290 437 2316 αὐτὰ
450 2290 496 2321 ὅν,
511 2289 586 2317 Plato
604 2291 644 2317 sic

214 2290 271 2324 (36)
285 2290 350 2316 Post
362 2290 437 2316 αὐτὰ
450 2290 496 2321 ὅν,
511 2290 586 2317 Plato
604 2291 644 2317 sic
664 2291 714 2326 leg.
734 2290 764 2317 τὸ
779 2291 801 2317 δ’
816 2290 861 2317 οὖν
889 2290 962 2326 δόξῃ,

178 2324 241 2365 μετέ
256 2324 414 2364 αἰσθήσεως.
430 2325 525 2365 ὀιλόγου
538 2325 662 2358 δοξαστόν
675 2346 682 2357 ,
710 2334 784 2366 γιγν..
795 2346 802 2357 ,
826 2331 878 2375 etc:
907 2325 962 2387 (fit:

178 2368 252 2387 enim
268 2367 301 2386 co
314 2359 374 2386 loco
388 2359 632 2387 distinguendum.)
645 2360 723 2387 Plura
740 2362 847 2387 eundem
863 2368 908 2386 ver
929 2369 942 2387 a
954 2381 960 2386 .

175 2359 252 2387 enim
268 2367 301 2386 co
314 2359 374 2386 loco
388 2359 632 2395 distinguendum.)
645 2360 723 2387 Plura
740 2362 847 2395 quidem
863 2359 960 2387 verba:

176 2403 277 2422 sensus
292 2399 380 2421 tamen
396 2395 477 2421 idem.
493 2394 625 2422 Caeterum
644 2394 816 2429 longior’iste
831 2396 962 2422 orationis

174 2431 286 2466 ductas,
301 2429 387 2466 magis
405 2429 525 2466 Platonis
540 2438 573 2456 ex
587 2430 675 2466 gettio,
688 2431 758 2466 intra
772 2438 832 2466 pag.
846 2431 906 2457 526.

216 2463 272 2500 (57)
288 2464 472 2498 Αευκότερον
493 2463 694 2499 ὃιασιιρήσας.
716 2463 779 2492 1106
791 2463 833 2492 est
850 2465 961 2500 ἐναργέ-

178 2507 286 2534 στερον.
305 2500 341 2526 Ita
362 2500 442 2526 etiam
466 2499 546 2530 infra.
566 2500 672 2535 tﬁvﬁza‘t
693 2500 739 2526 τοῦ
759 2500 891 2535 δόγματος
905 2500 963 2525 διά-

176 2542 254 2570 tam
276 2535 322 2560 ut
343 2534 428 2561 Φίλων
442 2535 456 2560 ὁ
475 2534 599 2569 Ἐϐραῖος
619 2534 776 2570 λευκότερον
793 2534 959 2570 ἑρμηνεύων.

178 2568 214 2596 Et
231 2569 275 2605 lib.
295 2570 342 2596 ult.
356 2570 461 2601 λευκοῖς
472 2568 531 2601 τοῖς
541 2570 660 2604 ἐλέγχοις
674 2568 868 2605 summa”;
885 2569 961 2596 Stra-

176 2604 253 2631 tonis
270 2605 457 2639 lambographi
473 2613 592 2637 versum,
606 2606 676 2639 apud
690 2604 847 2631 Athenaeum
859 2604 907 2632 lib.
923 2612 960 2638 ix,

177 2647 241 2674 pag.
263 2639 325 2672 585,
348 2639 526 2667 Casaubonus
549 2647 659 2667 sensum
683 2640 754 2667 hunc
772 2644 890 2673 secutus,
916 2647 961 2667 so-

176 2676 262 2702 lerter
277 2675 440 2701 emendavit.
455 2674 599 2702 Perneram
618 2678 680 2701 ante
695 2675 845 2702 leeebatur:

187 2679 262 2702 erter
277 2678 440 2701 emendavit.
455 2678 599 2709 Perperam
618 2678 680 2701 ante
695 2678 845 2707 legebatur:

214 2709 315 2744 Πητὸς
327 2709 487 2743 πάρεστιν;
501 2711 613 2744 Πηγός;
628 2710 695 2744 οὐχὶ
709 2710 819 2742 λευκὰς
832 2711 858 2736 εὶ

221 2744 320 2778 Ἐρεῖς,
336 2743 523 2779 σαφέστερόν
536 2746 560 2772 θ’
576 2746 591 2772 ὃ
602 2743 709 2777 ,βούλει
721 2754 770 2779 μοι
784 2745 899 2779 λέγειν;

176 2779 311 2814 Reposuit
324 2780 378 2812 ille,

213 2815 314 2862 {lin-dg-
328 2814 472 2862 πᾴρεστιν
480 2824 490 2847 ;
503 2816 618 2850 Πητός;
631 2815 699 2850 οὐχὶ
710 2815 803 2842 λευκὰ
816 2815 857 2842 σὺ

221 2852 326 2883 Ἐρεῖς,
339 2855 391 2878 etc.

177 2884 267 2914 Herus
290 2885 332 2913 sal
351 2886 505 2919 postulabat
518 2894 532 2912 a
547 2894 645 2919 coquo,
668 2886 694 2912 id
709 2886 780 2912 enim
796 2890 854 2912 erat
873 2884 961 2919 πηγὸς

177 2922 326 2957 πάρεστιν;
343 2928 447 2956 coquus
466 2922 539 2949 vocis
554 2922 634 2956 hujus
654 2922 783 2953 insolens,
797 2929 828 2948 ac
850 2921 957 2952 dubius,

285 2290 350 2326 Post
362 2290 496 2326 αὑτὰρν,
511 2289 586 2326 Plato
604 2291 646 2326 sic
664 2291 714 2326 leg.
734 2290 764 2317 τὸ
779 2291 801 2317 δ’
816 2288 861 2317 οὖν
889 2289 962 2326 δόξῃ,
979 2282 1005 2311 Π

1016 988 1086 1012 sum,
1102 990 1110 1006 ι
1127 980 1252 1015 egregius
1266 979 1342 1007 Plato
1356 981 1499 1008 manifeste
1530 986 1712 1016 reprazsentat,
1732 982 1798 1008 dum

1015 1025 1073 1052 suis
1099 1025 1187 1059 ipsum
1204 1026 1240 1052 ita
1257 1026 1346 1053 verbis
1371 1026 1499 1060 exprimit
1517 1034 1526 1054 :
1545 1035 1553 1052 ‹
1571 1025 1641 1059 Quid
1657 1027 1721 1054 illud
1746 1031 1797 1059 est.

1015 1071 1086 1105 quod
1095 1079 1201 1106 semper
1212 1076 1264 1104 cst,
1278 1079 1328 1099 nec
1344 1077 1432 1099 tamen
1445 1079 1535 1099 ortum
1554 1073 1638 1100 ullum
1657 1073 1736 1100 habet
1751 1074 1763 1100 ἰ
1776 1083 1789 1100 ι

1014 1116 1092 1149 Quod
1108 1117 1188 1143 etiam
1207 1117 1348 1144 candidius
1364 1122 1392 1144 et
1405 1119 1524 1152 apertius
1542 1118 1700 1149 illustravit,
1728 1119 1794 1146 dum

1015 1161 1061 1193 ait,
1073 1161 1145 1188 aliud
1162 1162 1233 1196 quod
1250 1162 1295 1195 sit,
1311 1170 1372 1189 esse
1387 1163 1464 1195 nihil,
1477 1163 1528 1189 nisi
1540 1163 1613 1197 quod
1626 1171 1680 1190 nou
1697 1171 1798 1198 corpo-

1015 1208 1053 1234 ris
1069 1208 1156 1235 oculis
1184 1208 1318 1241 videatur,
1337 1209 1382 1236 sed
1398 1214 1488 1236 mente
1505 1209 1562 1236 sola
1579 1210 1712 1244 capiatur.
1728 1209 1796 1236 Nam

1015 1254 1059 1281 ubi
1075 1255 1208 1289 qumsivit,
1224 1255 1288 1290 quid
1303 1256 1339 1282 sit
1356 1255 1432 1286 illud.
1449 1255 1520 1291 quod
1544 1260 1585 1283 est
1600 1265 1606 1289 ;
1623 1256 1660 1283 ita
1680 1263 1794 1291 respon-

1015 1299 1061 1326 det
1077 1300 1134 1335 ipse
1149 1300 1199 1327 sibi
1220 1309 1226 1326 :
1242 1310 1250 1326 ι
1268 1300 1400 1328 Nimirum
1412 1301 1490 1333 illud,
1504 1302 1575 1336 quod
1591 1300 1625 1327 ab
1643 1301 1699 1328 sola
1717 1301 1799 1328 intel‘

1015 1346 1123 1381 ligentia
1138 1346 1296 1381 percipitur.
1317 1357 1326 1372 ι
1345 1346 1488 1379 Similiter,
1514 1347 1628 1374 alterum
1645 1347 1696 1374 hoc
1720 1347 1799 1374 Salo-

1015 1392 1105 1419 monis
1125 1401 1131 1418 :
1153 1391 1240 1424 «Quid
1256 1397 1298 1420 est
1313 1393 1386 1427 quod
1400 1393 1473 1420 luit?
1487 1393 1575 1427 ipsum
1591 1393 1662 1428 quod
1677 1393 1798 1420 futurum

1014 1442 1065 1465 est.
1083 1438 1152 1471 Quid
1164 1443 1205 1466 est
1223 1439 1294 1474 quod
1310 1439 1411 1466 factum
1424 1439 1489 1466 est?
1509 1440 1595 1473 ipsum
1607 1439 1679 1473 quod
1697 1439 1798 1466 facien-

1014 1487 1078 1514 dum
1098 1492 1149 1521 est,
1170 1497 1179 1513 )
1199 1487 1290 1515 verbis
1302 1496 1369 1523 pene
1384 1487 1495 1515 totidem
1512 1488 1716 1522 interpretatur,
1731 1489 1795 1515 dum

1015 1534 1053 1560 ait
1066 1543 1072 1560 :
1093 1543 1101 1559 I
1123 1534 1149 1561 ld
1168 1538 1269 1566 autem,
1280 1534 1351 1569 quod
1366 1534 1453 1561 oritur
1462 1533 1542 1560 simul
1552 1539 1578 1561 et
1588 1534 1697 1566 occidit,
1708 1541 1798 1568 neque

1016 1587 1135 1614 unquam
1148 1587 1211 1607 vere
1226 1584 1277 1612 est,
1295 1580 1321 1606 in
1339 1587 1369 1606 ea
1385 1579 1528 1611 duntaxat,
1542 1587 1624 1614 quam
1643 1586 1740 1606 sensus
1761 1579 1797 1606 ab

1014 1627 1088 1653 omni
1109 1625 1213 1653 ratione
1240 1633 1344 1653 vacuus
1362 1625 1458 1657 edicit,
1480 1625 1609 1660 opinione
1631 1630 1764 1653 versatur.
1785 1635 1795 1652 ›

1014 1670 1118 1703 Qu‘bus
1133 1670 1213 1697 etiam
1233 1678 1293 1705 quae
1310 1673 1472 1705 sequuntur,
1494 1669 1617 1704 adjungit
1634 1679 1640 1696 :
1657 1679 1666 1695 ι
1681 1669 1796 1705 Quippe,

1017 1717 1148 1751 temporis
1162 1717 1246 1748 enim,
1255 1716 1353 1751 inquit,
1367 1720 1458 1750 partes
1473 1716 1531 1742 ista
1542 1720 1616 1747 sunt,
1627 1720 1693 1747 erat,
1705 1720 1796 1750 atque,

1015 1762 1063 1788 erit
1076 1770 1086 1793 ;
1098 1769 1166 1796 quas
1200 1761 1388 1796 imprudentes
1413 1761 1586 1795 sempiterna:
1599 1761 1678 1787 etiam
1695 1767 1800 1788 natura:

1014 1807 1114 1841 injuria
1147 1807 1303 1833 tribuimus.
1319 1805 1407 1841 Vulgo
1424 1807 1542 1833 enimita
1566 1806 1713 1841 loquimur,
1729 1812 1797 1838 erat.

1013 1858 1063 1885 est,
1088 1853 1135 1878 erit
1146 1860 1154 1878 :
1166 1860 1226 1879 cum
1240 1856 1331 1879 tamen
1347 1852 1372 1878 ei
1387 1852 1486 1883 solum,
1501 1857 1549 1883 est,
1561 1851 1669 1886 proprie
1684 1861 1800 1888 vereque

1015 1897 1168 1924 conveniat.
1192 1897 1267 1929 Erat,
1286 1902 1386 1931 autem,
1405 1898 1458 1930 vel,
1475 1898 1536 1929 erit,
1553 1898 1586 1924 de
1600 1903 1672 1931 ortu,
1692 1899 1737 1933 qui
1749 1899 1799 1925 ali-

1015 1951 1070 1976 quo
1083 1948 1202 1978 tempore
1230 1944 1287 1976 fiat,
1305 1944 1481 1978 pronuntiare
1498 1944 1586 1976 decet,
1598 1944 1670 1977 quod
1685 1949 1800 1979 utraque

1016 1998 1081 2018 voce
1096 1995 1186 2017 motus
1210 1990 1309 2024 aliquis
1325 1989 1503 2024 signiﬁcetur.
1519 1989 1553 2015 A’t
1566 1990 1636 2024 quod
1661 1991 1755 2017 eodem
1770 1999 1800 2018 se

1015 2037 1097 2064 modo
1113 2043 1220 2070 semper
1236 2043 1268 2063 ac
1279 2035 1346 2062 citra
1360 2041 1463 2062 motum
1477 2035 1561 2063 ullum
1575 2035 1684 2067 habeat,
1701 2036 1726 2062 id
1736 2044 1800 2071 pro-

1015 2146 1119 2181 πηγός;
1137 2145 1235 2181 inquit,
1249 2146 1393 2173 admiranti
1418 2145 1523 2173 similis.
1537 2145 1605 2172 Tum
1629 2145 1744 2179 instans,
1759 2147 1798 2174 uti

1013 2182 1076 2215 quid
1092 2181 1156 2208 velit
1173 2181 1273 2208 clarius
1288 2182 1399 2215 aperiat,
1414 2182 1473 2215 οὐχὶ
1494 2181 1576 2207 λευκὰ
1592 2181 1624 2207 σὺ
1640 2181 1726 2216 ἐρεῖς
1744 2186 1798 2209 etc.

1014 2216 1053 2242 lta
1077 2215 1179 2248 λευκά,
1205 2221 1232 2243 et
1254 2216 1418 2252 σαφέστερον
1442 2217 1534 2251 ἐρεῖν,
1558 2223 1607 2250 pro
1633 2215 1727 2243 cedem
1751 2224 1798 2244 su-

1015 2255 1135 2278 quntur.

1052 2286 1107 2320 (58)
1126 2286 1163 2313 Τὰ
1188 2286 1323 2318 τοιαῦτα,
1337 2291 1387 2313 etc.
1404 2285 1504 2312 Eodem
1521 2285 1546 2312 in
1563 2283 1674 2315 Timazo,
1691 2293 1717 2319 p.
1734 2285 1796 2313 529.

1016 2320 1067 2348 Sed
1084 2321 1120 2348 ibi
1143 2322 1218 2348 lonus
1240 2321 1282 2347 hie
1303 2322 1338 2347 ita
1361 2322 1531 2356 concipitur:
1548 2320 1640 2356 Ταῦτα
1655 2320 1796 2356 δὲνπάντα,

1015 2356 1097 2391 μέρος
1109 2356 1214 2391 χρόνου·
1231 2356 1277 2382 καὶ
1298 2356 1328 2382 τό
1346 2365 1375 2381 τε
1396 2354 1447 2391 ἦν(
1459 2355 1489 2382 τό
1504 2356 1527 2381 τ’
1540 2355 1617 2391 ἔσται
1624 2374 1631 2386 ,
1647 2355 1740 2390 χρόνου
1752 2364 1798 2389 γε-

1013 2391 1121 2424 γονότος
1130 2390 1191 2425 εἴδη
1204 2391 1331 2426 φέροντες
1343 2390 1463 2422 meam,
1477 2395 1528 2417 etc.
1543 2390 1673 2417 Eusebius
1687 2398 1797 2418 sensum

1013 2426 1142 2459 relinquit
1160 2425 1304 2460 integrum.
1318 2426 1398 2452 verba
1415 2425 1576 2452 deeurtavit.

1050 2460 1103 2495 (59)
1120 2459 1247 2487 Γένεσὶν
1261 2459 1367 2487 οὖσαν.
1385 2460 1462 2487 Plato
1475 2460 1581 2493 γένεσιν
1598 2459 1707 2492 ἰοῦσαν,
1725 2459 1797 2494 quod

1013 2501 1054 2522 est
1069 2503 1131 2522 cum
1147 2500 1220 2521 motu
1235 2496 1419 2529 conjunctius.

1050 2530 1105 2564 (40)
1123 2530 1174 2557 Διὰ
1191 2531 1311 2564 χρόνον.
1327 2529 1413 2561 Plato,
1430 2530 1503 2556 ποτέ.

1049 2563 1104 2600 (41)
1118 2565 1193 2592 οὐδὲ
1209 2565 1346 2598 γενέσθαι
1368 2564 1448 2591 ποτέ.
1466 2564 1528 2591 llazc
1543 2563 1618 2591 Plato
1634 2572 1687 2591 non
1706 2564 1796 2599 habet,

1013 2608 1073 2634 quae
1089 2605 1178 2626 tamen
1194 2601 1307 2626 libenter
1322 2608 1382 2626 cum
1395 2600 1511 2626 Eusebio
1529 2599 1698 2626 retinuerim.

1049 2635 1102 2669 (42)
1119 2636 1258 2661 Ἕσεσθαι
1281 2634 1313 2660 τὸ
1337 2635 1486 2668 παράπαν,
1500 2638 1551 2660 etc.
1572 2634 1724 2661 Sinceriora
1740 2634 1798 2661 haec

1012 2671 1147 2701 videntur,
1163 2678 1244 2703 quatit
1270 2674 1299 2696 ut
1320 2670 1389 2703 apud
1412 2669 1550 2696 Platonem
1568 2670 1664 2703 legitur
1687 2669 1797 2696 ἔσεσθαι

1012 2705 1041 2731 τὸ
1057 2706 1186 2740 παράπαν
1207 2713 1246 2736 τε,
1267 2704 1340 2730 οὐδὲν
1353 2705 1403 2730 ὅσα
1417 2704 1536 2738 γένεσις,
1552 2708 1616 2736 ειο.,
1630 2712 1690 2739 quae
1706 2708 1797 2734 tamen

1012 2739 1282 2773 lectio'improbanda
1297 2747 1349 2766 non
1365 2744 1416 2766 est.

1048 2775 1103 2811 (45)
1122 2772 1181 2811 Καὶ
1205 2775 1278 2808 πρὸς
1310 2775 1425 2808 τούτοις
1437 2773 1494 2811 *ἔτι
1507 2773 1555 2811 »τᾷ
1575 2772 1684 2811 τοιάδεἶ
1709 2773 1796 2802 Verba

1012 2809 1092 2837 etiam
1103 2811 1159 2837 haec
1167 2809 1286 2836 Platonis
1293 2813 1364 2839 sunt.
1374 2817 1426 2835 nnn
1437 2809 1554 2844 Eusebii,
1563 2813 1591 2835 ut
1601 2809 1685 2836 videri
1693 2813 1794 2844 posset.

1048 2846 1103 2881 (Μ)
1120 2843 1205 2871 Εἶναι
1222 2845 1434 2878 γενησόμενον.
1449 2843 1552 2872 Sensus
1564 2843 1706 2881 integritas
1729 2852 1795 2881 patr-

1012 2878 1071 2907 cuia
1089 2881 1146 2908 htec
1160 2881 1302 2913 exigebat,
1316 2887 1377 2913 quae
1401 2883 1551 2912 sequuntur
1567 2879 1592 2905 in
1608 2878 1730 2907 Platone.
1747 2878 1796 2906 καὶ

1011 2916 1041 2942 τὸ
1058 2916 1094 2951 μὴ
1109 2915 1147 2949 ὃν,
1165 2911 1242 2951 μὴ’ὂν
1255 2911 1333 2942 eiut;
1349 2911 1386 2942 ὧν
1400 2911 1474 2941 οῷδὲν
1490 2914 1609 2949 ἀκριϐῶς
1625 2914 1748 2949 λέγομεν.
