2091 3208
292 185 342 215 8⁸11

631 182 767 211 ΕιξδΕΒιι
786 180 1027 209 (ΣΙΕΞΑΒΙΕΝΞΙΞ
1046 180 1088 208 οΡ

1141 180 1232 208 PARS
1251 180 1284 208 II.
1307 196 1342 201 —
1361 180 1610 210 APOLOCETICA.

1879 181 1933 209 8H

293 250 354 280 pter
367 245 456 280 ipsum
469 248 576 278 tempus
590 250 679 278 neque
695 242 829 270 vetustius
844 250 977 279 unquam,
994 250 1084 277 neque

1139 241 1224 275 λόγων
1241 242 1290 278 τὴν
1311 241 1430 268 διάνοιαν
1443 242 1610 276 ἐκφαίνουσι.
1631 242 1744 275 Πλείους
1765 243 1814 278 μὲν
1831 240 1878 269 οὖν
1894 244 1934 273 εἰς

295 291 432 320 recentius
443 290 501 318 ﬁeri
515 293 604 324 potest
618 298 625 315 τ
639 288 719 323 525
732 289 787 315 imo
802 296 891 323 neque
906 288 1007 315 factum
1024 296 1086 316 esse

294 336 451 370 aliquando,
473 342 562 369 neque
587 341 660 360 nunc
675 334 793 368 primum
817 334 956 360 exstitisse
970 354 976 363 .
996 341 1084 368 neque

293 382 407 409 omnino
421 381 544 408 futurum
559 387 621 407 esse
632 400 640 412 ,
665 387 715 406 nec
735 387 830 406 eorum
845 379 920 406 aliud
934 379 1084 414 quidquam

1137 287 1188 322 τὴν
1204 287 1307 314 τούτων
1336 287 1534 323 ἐπιϐεϐλήκασι
1563 287 1690 324 θεωρίαν·
1705 289 1768 323 ἐμοὶ
1780 289 1802 314 δ’
1817 288 1931 323 ἐξαρκᾶ

1136 332 1219 359 τανῦν
1238 332 1333 368 ἀνδρὸς
1350 332 1498 367 ἐπιφανοῦς
1511 333 1666 368 Νουμηνίου
1683 334 1730 360 τοῦ
1745 333 1932 369 Πυθαγορείου

1137 379 1309 416 παραθέσθαι
1318 379 1414 411 λέξεις,
1429 379 1462 411 ἃς
1475 381 1504 406 ὲν
1518 379 1556 414 τῷ
1585 379 1656 414 Περὶ
1670 380 1801 416 τάγαθοῦ
1813 380 1933 416 δευτέρῳ

294 427 397 458 subire,
411 434 472 461 qua:
487 426 602 461 ipsemet
614 430 692 452 ortus
714 425 759 456 iis,
777 433 838 460 qua:
849 433 980 452 sensuum
996 425 1086 452 incer-

1139 427 1336 462 συγγράμματι
1348 423 1399 453 ὧδέ
1411 434 1449 462 πη
1463 427 1601 461 διέξεισιν.

293 472 569 506 titudinejaetantur,
585 471 727 506 adjunxit:
743 478 806 498 cum
836 471 889 498 ista
918 470 1014 497 foer
1038 471 1162 505 quaedam
1183 473 1395 507 sintpartesque
1408 474 1548 507 temporis,
1558 474 1632 508 quod
1661 475 1843 502 aeternitatem
1867 473 1931 501 imi-

293 523 366 546 tetur
378 519 500 554 quidem,
516 517 564 546 sed
577 523 667 545 tamen
693 523 767 545 certa
801 517 918 552 quadam
943 524 1121 543 numerorum
1141 518 1322 544 conversione
1337 518 1470 545 volvatur.
1488 527 1497 544 ι
1515 518 1575 552 Quo
1594 520 1676 547 etiam
1693 521 1743 547 ista
1770 520 1907 554 pertinent
1922 527 1930 545 :

295 574 305 590 Ι
324 564 400 598 Quod
419 564 519 591 factum
534 565 580 596 sit,
597 563 623 591 id
637 571 698 591 esse
711 563 812 591 factum
835 563 928 598 :quod
954 563 1010 595 iiat,
1027 562 1052 590 id
1068 571 1129 591 esse
1147 564 1220 599 quod
1239 565 1269 591 tit
1286 573 1292 591 :
1313 564 1431 599 denique
1459 565 1531 600 quod
1559 564 1680 593 futurum
1696 567 1743 598 sit,
1766 565 1888 593 futurum
1905 565 1930 592 id

293 618 365 638 esse.
384 620 393 636 ι
409 610 448 638 Ac
463 618 496 637 ne
511 611 573 645 quis
593 609 746 644 philosophi
760 609 841 636 verba
858 609 884 636 in
898 608 1018 635 alienum
1035 616 1078 635 me
1098 616 1209 636 sensum
1231 614 1359 644 torquere
1384 610 1556 643 criminetur,
1587 619 1636 639 eos
1658 613 1732 647 ipsos
1758 616 1930 639 commenta-

294 658 359 688 rios,
377 657 476 692 quibus
498 656 606 684 illorum
629 656 764 683 sententia
778 656 944 688 declaratur,
957 656 1080 691 proferre
1098 656 1185 691 juvat.
1200 657 1270 684 Cum
1286 661 1378 684 autem
1394 658 1446 686 hoc
1471 658 1498 684 in
1530 658 1726 693 interpretandi
1750 667 1849 694 genere
1872 659 1928 695 plc-

293 705 371 739 rique
383 702 481 730 versati
494 703 558 735 sint,
577 701 642 729 mihi
662 702 772 736 quidem
789 701 856 729 satis
883 702 936 729 hoc
963 701 1023 728 loco
1056 701 1150 733 fuerit,
1175 700 1302 729 Numenii
1329 701 1514 738 Pythagorici,
1548 703 1628 738 cujus
1659 704 1815 739 pereelcbre
1831 711 1930 733 nomen

293 756 346 784 est,
360 751 496 787 ipsissima
511 749 611 784 quibus
623 748 744 776 secundo
760 747 798 774 De
810 747 876 774 bono
889 748 985 780 utitur,
1002 748 1084 774 verba
1105 747 1238 783 proterre.

601 794 716 822 CAPUT
736 793 773 822 Χ.

328 844 370 871 Ea:
383 843 451 870 libro
470 843 584 870 serunda
598 841 726 868 Numenii
740 839 916 875 pythagorici,
933 838 970 866 De
979 839 1057 866 bona.

333 933 342 949 ι
365 922 422 958 Age
432 922 609 957 vero,inquit
625 922 680 953 ille,
699 926 780 956 atque
800 921 833 948 ad
848 920 926 951 illud,
945 920 1020 955 quod
1034 924 1087 952 est,

294 973 426 1005 quantum
436 969 661 1003 licet,aspircmus
677 977 684 995 :
697 968 865 1002 omninoque
881 967 1088 1002 pronuntiemus

295 1015 368 1048 quod
377 1019 428 1045 est,
442 1014 468 1040 id
477 1022 564 1049 neque
573 1013 657 1041 fuisse
664 1019 784 1047 unquam
793 1020 881 1047 neque
891 1020 1010 1047 unquam
1020 1012 1090 1039 futu-

294 1067 356 1088 rum
365 1067 435 1092 esse,
443 1064 550 1086 atcerto
557 1060 688 1087 duntaxat
697 1059 878 1094 praesentique
891 1064 1011 1093 tempore
1018 1067 1089 1087 sem-

296 1114 343 1142 per
356 1113 416 1132 esse
424 1113 430 1131 :
440 1106 512 1140 quod
525 1113 590 1133 sane
602 1110 707 1140 tempus
715 1105 766 1132 hoc
772 1105 853 1132 modo
863 1105 1020 1139 przesens,si
1027 1105 1088 1139 quis

296 1152 476 1179 :etemitatem
493 1152 584 1179 dicere
609 1151 736 1183 voluerit,
754 1159 797 1178 me
811 1155 924 1178 auctore
934 1151 1043 1186 quidem
1062 1151 1088 1178 id

296 1198 386 1225 faciat.
403 1198 437 1224 At
451 1205 514 1224 vero
538 1202 646 1231 tempus
675 1196 843 1232 prmteritum
854 1215 862 1228 ,
889 1196 1023 1230 ejusmodi
1038 1203 1088 1223 nos

295 1245 451 1271 existimare
480 1243 568 1275 decet,
593 1243 666 1278 quod
689 1242 746 1277 jam
779 1249 895 1277 prorsus
937 1241 1086 1277 aufugerit,

296 1295 378 1325 atque
391 1290 428 1316 ita
443 1289 600 1322 eranucrit,
616 1293 645 1316 ut
659 1288 769 1323 penitus
787 1295 848 1315 esse
862 1288 974 1315 desierit
988 1297 994 1315 :
1015 1287 1088 1315 futu—

295 1344 357 1363 rum
374 1340 475 1366 autem,
504 1335 576 1370 quod
595 1334 718 1362 nondum
745 1334 799 1365 sit,
815 1334 923 1362 tametsi
942 1337 972 1361 ut
989 1336 1025 1361 sit
1036 1334 1088 1361 ali-

296 1382 415 1416 quando,
429 1381 529 1408 habere
545 1388 626 1416 posse
652 1381 768 1408 dicatur.
790 1380 879 1408 Minus
892 1389 956 1416 ergo
972 1388 1088 1409 consen-

296 1433 375 1455 tanea
386 1427 558 1462 fecerit,qui,
571 1428 642 1461 quod
655 1431 708 1458 est,
723 1426 749 1454 id
766 1426 856 1461 ipsum
872 1434 927 1454 uno
939 1427 1088 1461 eodemque

299 1473 391 1506 modo,
408 1473 449 1500 vel
463 1473 586 1500 absolute
603 1480 658 1499 non
679 1481 750 1506 esse,
762 1473 804 1500 vel
823 1481 877 1500 non
893 1473 1022 1508 amplius,
1045 1473 1088 1500 vel

297 1520 418 1546 nondum
440 1526 502 1546 esse
525 1519 662 1546 statuerit.
681 1518 734 1551 Qui
762 1519 834 1546 enim
851 1519 893 1546 sic
911 1519 1050 1554 loquatur,
1065 1519 1088 1546 is

298 1573 368 1598 rem,
386 1573 447 1600 quae
478 1571 617 1599 nunquam
645 1564 723 1599 plane
740 1564 798 1592 ﬁeri
823 1564 932 1600 possit.
960 1565 1088 1600 loquatur

1413 794 1612 820 ΚΕΦΔΛΔῘΟΝ
1638 795 1664 820 Ι’.

1146 839 1212 866 Ἀπὸ
1225 839 1278 867 τοῦ
1295 839 1436 874 δευτέρου
1450 840 1519 874 Περὶ
1533 839 1673 873 τάγαθοῦ,
1691 841 1863 874 Novum-Iov
1878 842 1931 869 τοῦ

1428 875 1640 909 Πυθαγορείου.

1179 929 1188 945 ι
1217 921 1284 957 Φέρε
1300 919 1356 953 οὖν,
1379 922 1428 956 ὅση
1453 921 1578 956 δύναμις,
1600 921 1738 956 ἐγγύτατα
1763 921 1830 956 πρὸς
1853 921 1884 948 τὸ
1902 922 1931 949 ὃν

1141 966 1316 1002 ὰναγώμεθα,
1333 968 1380 994 καὶ
1396 966 1575 1002 λέγωμεν,Τὸ
1591 967 1621 994 ὃν
1634 967 1696 994 οὗτε
1719 969 1784 994 ποτὲ
1800 966 1845 1003 ἦν,
1869 967 1932 995 οὔτε

1140 1012 1205 1038 ποτὲ
1219 1012 1255 1047 μὴ
1268 1012 1379 1047 γένηται
1389 1021 1395 1026 ·
1411 1011 1467 1038 ἀλλ’
1485 1011 1559 1038 ἔστιν
1572 1012 1615 1038 ἀεὶ
1636 1013 1664 1038 ὲν
1677 1013 1765 1048 χρόνῳ
1776 1013 1929 1048 ὡρισμένῳ,

1139 1058 1177 1093 τῷ
1199 1058 1326 1084 ἐνεστῶτι
1342 1058 1424 1093 μόνῳ.
1441 1058 1542 1085 Τοῦτον
1558 1058 1607 1093 μὲν
1623 1057 1670 1085 οὖν
1684 1058 1729 1085 τὸν
1755 1059 1890 1085 ἐνεστῶτα
1907 1059 1933 1085 εἴ

1139 1114 1180 1136 τις
1194 1104 1279 1131 ἐθέλει
1294 1104 1386 1131 καλεῖν
1400 1104 1497 1136 αἰῶνα,
1513 1104 1592 1138 κάγὼ
1611 1104 1788 1140 συμῦουλεὺω
1800 1110 1812 1124 ι
1825 1112 1833 1119 ·
1847 1104 1892 1130 τὸν
1904 1104 1932 1131 δὲ

1138 1149 1306 1186 παρελθόντα
1323 1149 1418 1184 χρόνον
1429 1149 1533 1176 οἴεσθαι
1549 1150 1602 1185 χρὴ
1618 1151 1703 1185 ἡμᾶς,
1717 1149 1929 1184 διαπεφευγότα,

1138 1195 1188 1231 ἤδη
1213 1195 1433 1230 διαπεφευγέναι,
1459 1195 1671 1231 ἀποδεδρακέναι
1698 1205 1727 1222 τε
1750 1197 1790 1227 εἰς
1813 1196 1845 1222 τὺ
1861 1194 1930 1222 εἶναι

1140 1241 1254 1278 μηκέτι·
1272 1242 1286 1268 ὅ
1302 1250 1332 1268 τε
1348 1240 1381 1268 αὖ
1401 1241 1504 1277 μέλλων
1520 1242 1578 1268 ἐστὶ
1596 1242 1645 1277 μὲν
1664 1242 1780 1272 οὐδέπω,
1796 1241 1930 1276 ἐπαγγέλ-

1137 1287 1214 1315 λεται
1241 1288 1270 1314 δὲ
1294 1285 1350 1319 οἷός
1373 1296 1402 1314 τε
1428 1287 1536 1314 ἔσεσθαι
1559 1288 1634 1324 ἥξειν
1659 1290 1699 1320 εἰς
1721 1289 1750 1315 τὸ
1767 1287 1847 1315 εἶναι.
1861 1289 1931 1315 Οὐχ-

1137 1335 1184 1362 οὖν
1207 1334 1264 1370 (45)
1290 1334 1363 1365 εἰκός
1387 1334 1460 1360 ἐστιν
1482 1333 1521 1360 ἑνὶ
1537 1342 1569 1368 γε
1594 1334 1687 1370 τρόπῳ
1708 1334 1827 1369 νομίζειν
1850 1333 1880 1360 τὸ
1901 1334 1930 1360 δν

1138 1381 1199 1416 ἦτοι
1221 1381 1257 1416 μὴ
1272 1377 1352 1412 εἶναι,
1374 1379 1390 1416 ἢ
1410 1380 1519 1417 μηκέτι,
1540 1380 1556 1415 ἦ
1585 1381 1707 1416 μηδέπω,
1724 1381 1816 1411 Ὥστε,
1836 1380 1929 1407 τούτου

1138 1435 1170 1460 γε
1182 1425 1268 1457 οὕτως
1288 1425 1446 1461 λεγομένου,
1461 1426 1490 1452 ἓν
1506 1426 1610 1460 γίνεταί
1623 1434 1649 1453 τι
1671 1427 1700 1452 ἐν
1717 1425 1756 1461 τῷ
1770 1426 1842 1461 λόγῳ
1861 1426 1930 1461 μέγα

1139 1471 1280 1503 ἀδύνατον,
1294 1470 1363 1498 εἶναι
1375 1481 1405 1498 τε
1427 1471 1495 1507 ὁμοῦ
1518 1471 1626 1503 ταυτὸν,
1640 1473 1687 1498 καὶ
1706 1472 1742 1508 μὴ
1757 1469 1836 1498 εἶναι.
1859 1471 1930 1498 stat

1138 1519 1225 1551 οὓτως
1243 1519 1310 1555 ἔχει,
1331 1520 1413 1555 σχολῇ
1426 1521 1452 1555 γ’
1473 1520 1506 1547 ἂν
1529 1519 1593 1546 ἄλλο
1613 1528 1640 1545 τι
1661 1518 1729 1546 εἶναι
1746 1519 1864 1552 δύναιτο,
1883 1518 1930 1545 τοῦ

1139 1565 1214 1597 ὄντος
1234 1566 1317 1592 αὺτοῦ
1336 1567 1372 1602 μὴ
1395 1566 1471 1599 ὁντος
1493 1568 1563 1595 κατὰ
1584 1567 1651 1594 αὐτὸ
1668 1567 1698 1592 τὸ
1718 1566 1757 1592 ὃν.
1774 1566 1811 1592 Τὸ
1826 1566 1880 1601 γὰρ
1901 1565 1930 1592 δν

298 1612 368 1640 idem
382 1619 442 1639 esse
457 1611 538 1638 simul
551 1618 582 1638 ac
597 1618 651 1637 nou
670 1619 741 1638 esse.
754 1611 871 1646 Quippe,
887 1611 938 1638 hoc
953 1611 977 1638 si
1002 1611 1088 1640 semel

1140 1612 1224 1639 ἀΐδιόν
1241 1621 1282 1644 τε,
1300 1612 1409 1648 βέϐαιόν
1435 1613 1464 1640 τέ
1485 1614 1569 1646 ἐστιν,
1593 1614 1636 1641 ἀεὶ
1658 1613 1728 1639 κατὰ
1755 1612 1864 1644 ταυτὸν,
1885 1612 1932 1638 καὶ

297 1664 392 1684 verum
401 1663 461 1683 esse
477 1655 596 1686 dabitur,
610 1663 681 1690 aegre
693 1663 759 1683 sane
768 1656 915 1683 admodum
929 1656 1002 1683 aliud
1010 1656 1090 1690 quid-

297 1703 339 1731 vis
367 1710 428 1730 esse
449 1701 558 1737 poterit,
588 1701 634 1728 ubi
659 1701 686 1728 id
704 1701 792 1736 ipsum
811 1722 818 1734 ,
836 1701 910 1736 quod
926 1706 987 1733 est,
1005 1702 1088 1728 etiam

298 1757 352 1785 qua
372 1749 424 1776 tale
436 1754 487 1780 est,
502 1748 606 1775 nullum
617 1747 680 1775 erit.
698 1746 777 1780 Quod
793 1747 866 1774 enim
882 1751 934 1778 est,
949 1747 975 1774 id
989 1746 1089 1781 sempi-

300 1801 406 1823 ternutn
437 1799 489 1827 est,
513 1798 595 1829 atque
618 1793 714 1821 eodem
735 1801 796 1820 sese
820 1793 901 1820 modo
931 1797 1090 1820 constanter

299 1842 380 1869 habet
394 1850 402 1874 ',
420 1848 475 1868 non
487 1845 577 1867 autem
594 1839 636 1867 vel
655 1839 691 1866 ita
704 1839 766 1871 fuit,
786 1843 816 1866 ut
831 1838 929 1866 deinde
943 1839 1088 1870 interierit,

300 1887 342 1915 vel
353 1887 439 1914 crevit
452 1886 545 1918 modo,
560 1886 642 1913 modo
656 1885 788 1917 decrevit,
804 1885 846 1912 vel
862 1885 953 1920 majus
967 1885 1088 1913 nondum

299 1938 346 1961 aut
359 1933 448 1961 minus
463 1932 561 1960 evasit.
584 1931 719 1959 Praeterea
733 1939 783 1958 nec
805 1931 859 1958 alio
874 1931 971 1966 quovis
999 1934 1089 1958 motus

300 1987 408 2016 genere,
424 1987 475 2007 nec
497 1980 640 2008 locotenus
648 1986 768 2014 unquam
779 1978 941 2006 movebitur.
951 1977 1005 2005 Fas
1015 1978 1088 2005 enim

300 2028 395 2062 utique
415 2033 470 2053 nou
480 2031 532 2057 est.
549 2027 587 2054 uti
601 2025 674 2060 quod
690 2033 754 2053 vere
772 2029 824 2058 est,
850 2025 922 2052 idem
938 2018 1089 2051 retrorsum

300 2075 342 2101 vel
355 2077 532 2104 antrorsum;
555 2080 665 2100 sursum
685 2077 733 2099 aut
748 2072 876 2099 deorsum
895 2071 1089 2103 ;dextrorsum

300 2118 342 2144 vel
363 2117 444 2152 526
455 2117 646 2144 sinistrorsum
664 2116 768 2143 m0veri
785 2115 898 2143 omnino
912 2114 1091 2143 transierrive

300 2163 388 2198 possit
405 2170 456 2190 :ac
468 2170 501 2189 nc
516 2162 588 2189 circa
604 2162 647 2190 sui
659 2162 769 2197 quidem
794 2162 881 2196 ipsius
893 2160 1013 2188 medium
1031 2167 1091 2187 mo-

301 2211 434 2238 vebitur:
461 2209 508 2236 sed
533 2209 646 2236 htcrebit
660 2209 763 2244 potius,
794 2212 822 2235 et
837 2208 981 2234 immotum
1010 2210 1091 2241 atque

302 2257 496 2284 inconcussum
512 2262 559 2289 per
573 2262 634 2282 sese
662 2262 771 2289 semper
783 2273 790 2285 ,
806 2253 957 2287 eademque
983 2252 1091 2279 ratione

1141 1659 1254 1686 ταυτόν·
1271 1659 1318 1686 καὶ
1332 1659 1393 1686 οὐδὲ
1406 1660 1502 1694 γέγονε
1515 1661 1574 1696 μὲν,
1591 1659 1698 1695 ἐφθάρη
1711 1658 1750 1691 δὲ,
1763 1659 1818 1685 οὐδ’
1834 1659 1931 1694 ἔμεγε-

1140 1705 1238 1733 θὺνατο
1257 1706 1316 1741 μὲν,
1333 1705 1452 1741 ἐμειώθη
1464 1707 1509 1732 δέ·
1524 1707 1585 1733 οὐδὲ
1606 1706 1642 1742 μὴ
1658 1706 1766 1740 ἐγένετό
1782 1713 1826 1731 πω
1840 1705 1930 1731 πλεῖον

1139 1752 1156 1788 ἢ
1171 1752 1297 1779 ἔλασσον
1315 1753 1363 1778 καὶ
1380 1752 1429 1787 μὲν
1443 1752 1475 1788 δὴ
1492 1752 1526 1779 τά
1538 1761 1567 1778 τε
1583 1752 1661 1783 ἄλλα,
1678 1752 1724 1778 καὶ
1737 1751 1798 1778 οὐδὲ
1813 1751 1930 1783 τοπικῶς·

1139 1798 1325 1834 κινηθήσεται.
1347 1798 1416 1824 Οὐδὲ
1430 1798 1484 1834 γὰρ
1505 1798 1584 1833 θέμις
1606 1798 1680 1833 αὐτῷ
1702 1797 1855 1832 κινηθῆναι,
1872 1797 1930 1823 οὐδὲ

1141 1846 1190 1881 μὲν
1201 1845 1299 1877 ὀπίσω,
1318 1845 1378 1871 οὐδὲ
1395 1845 1490 1881 πρόσω
1501 1854 1508 1860 ⁸
1524 1844 1584 1872 οὕτε
1601 1845 1656 1872 ἄνω
1674 1845 1748 1875 ποτὲ,
1764 1844 1825 1870 οὗτε
1839 1844 1930 1870 κάτω·

1139 1891 1192 1918 οὐδ’
1207 1891 1247 1922 εἰς
1263 1891 1348 1924 δεξιὰ,
1364 1891 1417 1918 οὐδ’
1431 1892 1471 1922 εἰς
1486 1891 1617 1926 ἀριστερὰ
1634 1889 1847 1925 μετατεθήσεταί
1865 1897 1930 1915 ποτε

1139 1937 1170 1964 τὺ
1183 1937 1212 1964 ὃν
1222 1947 1228 1952 ·
1244 1937 1306 1964 οὔτε
1320 1938 1384 1973 περὶ
1395 1937 1425 1964 τὸ
1444 1937 1526 1972 μέσον
1540 1937 1604 1963 ποτὲ
1621 1936 1716 1963 ἑαυτοῦ
1734 1935 1910 1971 κινηθήσεται
1921 1943 1929 1951 ·

1140 1983 1208 2010 ἀλλὰ
1221 1983 1320 2019 μᾶλλον
1337 1984 1384 2010 καὶ
1403 1983 1554 2018 ἑστήξεται,
1571 1983 1618 2010 καὶ
1630 1982 1732 2018 ἀραρός
1749 1990 1778 2008 τε
1793 1981 1840 2008 καὶ
1853 1982 1932 2016 έστη-

1140 2030 1187 2062 κδς
1204 2029 1279 2056 ἔσται
1292 2030 1363 2056 κατὰ
1385 2029 1470 2055 ταυτα
1490 2029 1550 2064 ἔχον
1566 2029 1619 2060 ἀεὶ,
1632 2029 1679 2055 καὶ
1694 2027 1834 2059 ὡσαύτως.
1849 2036 1859 2052 ι
1878 2027 1932 2053 Καὶ

1141 2075 1203 2110 ἑξῆς
1222 2075 1281 2111 μεθ’
1303 2075 1384 2110 ἕτερα
1408 2075 1544 2109 ἐπιλέγει·
1573 2083 1582 2100 ι
1600 2073 1723 2100 Τοσαῦτα
1743 2073 1790 2108 μὲν
1814 2071 1861 2099 οὖν
1888 2081 1930 2107 μοι

1142 2123 1194 2158 πρὸ
1214 2122 1284 2148 ὀδοῦ.
1310 2122 1396 2153 Αὐτὸς
1422 2121 1444 2148 δ’
1468 2121 1558 2148 οὐκέτι
1582 2118 1848 2155 σχηματισθήσομαι,
1878 2118 1930 2144 οὐδ’

1143 2169 1250 2203 ἀγνοεῖν
1263 2168 1343 2203 φήσω
1356 2168 1386 2194 τὸ
1400 2167 1484 2202 ὖνομα
1500 2166 1547 2192 τοῦ
1564 2166 1710 2201 ἀσωμάτου
1725 2173 1731 2180 '
1747 2165 1794 2191 καὶ
1810 2164 1866 2199 γὰρ
1879 2173 1932 2190 κιν-

1141 2213 1245 2240 δυνεύει
1257 2214 1303 2240 νῦν
1319 2213 1369 2248 ἤδη
1382 2213 1446 2239 ἴδιον
1462 2213 1476 2232 δ
1493 2210 1561 2239 εἶναι
1577 2213 1663 2238 εἰπεῖν
1680 2210 1788 2246 μᾶλλον,
1806 2210 1823 2245 ἢ
1840 2210 1877 2245 μὴ
1895 2210 1932 2236 εἰ·

1143 2261 1213 2285 πεῖν.
1232 2259 1287 2285 Καὶ
1303 2259 1370 2294 δῆτα
1391 2258 1463 2293 λέγω
1482 2258 1512 2284 τὸ
1525 2258 1610 2293 ὄνομα
1626 2257 1699 2292 αὖτῷ
1719 2254 1788 2283 εἶναι
1809 2256 1888 2282 τοῦτο
1901 2255 1931 2282 τὸ

301 2303 442 2329 consistet.
462 2310 471 2326 ι
490 2300 617 2336 Idemque
641 2300 782 2328 ncnnullis
810 2298 960 2333 inter-jectis
973 2318 981 2330 ,
1008 2298 1088 2325 dein—

1143 2305 1225 2332 πάλαι
1242 2305 1416 2340 ζητούμενον.
1437 2304 1518 2331 Ἀλλὰ
1544 2305 1582 2339 μὴ
1597 2303 1738 2338 γελασάτω
1754 2312 1805 2334 τις,
1827 2303 1874 2329 ἐὰν
1889 2302 1930 2337 φῶ

302 2356 365 2382 ceps
380 2348 418 2374 ita
433 2346 607 2382 prosequitur
621 2356 628 2372 :
652 2355 661 2372 ι
685 2347 774 2381 Atque
789 2345 848 2372 haec
869 2343 1024 2371 munienda:
1040 2343 1089 2371 viae

302 2395 388 2428 gratia
400 2393 466 2421 mihi
481 2393 554 2420 dicta
569 2397 651 2420 sunto
671 2391 731 2419 Jam
745 2399 809 2418 vero
827 2390 1001 2418 simulatione
1013 2390 1089 2417 omni

304 2442 402 2476 posita,
426 2447 508 2468 nosse.
521 2447 564 2466 me
577 2439 732 2474 incorporei
749 2446 850 2466 nomen
875 2438 993 2473 ingenue
1004 2436 1088 2471 proti-

305 2487 380 2513 tebor
393 2496 400 2519 ;
415 2495 477 2514 cum
494 2487 519 2514 id
542 2494 614 2514 nunc
633 2486 743 2520 quidem
759 2483 1090 2520 prouuntiarijucundius

305 2531 425 2558 fututum
438 2532 573 2563 videatur,
589 2539 672 2566 quam
696 2531 780 2558 sileri.
796 2530 828 2557 Et
841 2529 951 2565 quidem
968 2529 1034 2556 illud
1050 2529 1090 2562 ip-

305 2584 376 2607 sum,
391 2585 446 2612 quo
459 2578 492 2604 de
511 2577 674 2612 jampridem
700 2576 843 2612 qumrilur,
860 2576 884 2603 ei
905 2583 1005 2602 nomen
1028 2582 1089 2602 esse

305 2622 450 2649 contemlo.
466 2621 521 2650 Nec
533 2623 619 2649 rideat
630 2624 674 2650 hic
690 2624 846 2658 quisquam,
858 2622 922 2649 dum
935 2621 1012 2648 audit
1024 2628 1073 2655 pro
1083 2635 1089 2640 -

306 2668 394 2702 prium
408 2668 559 2703 incorporei
573 2677 682 2700 nomen,
693 2669 876 2696 substantiam
886 2673 967 2703 atque
981 2667 1006 2694 id
1016 2666 1089 2702 quod

305 2719 356 2745 est.
373 2714 422 2741 abs
436 2722 478 2741 me
492 2716 630 2742 constitui.
652 2715 777 2742 Nominis
802 2715 902 2750 quippe
930 2714 1012 2748 hujus
1029 2721 1089 2740 eam

305 2767 366 2787 esse
382 2767 494 2786 causam
521 2760 662 2796 intelligat,
675 2761 748 2796 quod
777 2768 865 2795 neque
879 2765 970 2788 ortum
987 2759 1090 2786 habue-

342 2812 355 2826 I
375 2805 438 2838 ML,
458 2805 653 2842 συμϐούλομαι.
692 2807 707 2827 δ
727 2807 791 2839 Με.,
810 2807 894 2842 ἥδιον.

343 2863 398 2893 (iiii
414 2863 540 2899 οὐκοῦν.
565 2862 665 2899 Legere
681 2865 765 2891 malui
781 2864 893 2892 οὔκουν.
913 2863 1000 2898 Negat
1012 2864 1087 2890 enim

308 2897 500 2934 opinur,six6;
513 2906 584 2934 esse,
607 2897 677 2932 quod
704 2900 842 2934 sequitur;
869 2908 924 2927 non
948 2897 1087 2927 aﬂirniat:

308 2933 407 2968 alioqui
422 2933 568 2968 pugnantia
588 2933 753 2969 l0quereturL

1140 2349 1186 2376 τοῦ
1201 2349 1346 2384 ἀσωμάτου
1359 2347 1428 2375 εἶναι
1442 2349 1528 2384 ὄνομα
1540 2349 1633 2375 οὐσίαν
1646 2348 1693 2375 καὶ
1705 2349 1744 2374 ὅν.
1765 2348 1795 2374 'Il
1813 2348 1841 2374 δὲ
1859 2348 1929 2374 αἰτία

1139 2395 1185 2422 τοῦ
1200 2395 1275 2426 ὄντος
1287 2395 1419 2430 ὀνόματός
1442 2394 1497 2430 (t6)
1515 2395 1572 2420 ἐστι
1592 2394 1622 2420 τὸ
1642 2393 1680 2429 μὴ
1695 2393 1846 2427 γεγονέναι,
1865 2393 1929 2428 μηδὲ

1140 2441 1337 2478 φθαρήσεσθαι,
1355 2441 1415 2476 μηδ’
1431 2441 1513 2477 ἄλλην
1531 2442 1599 2476 μήτε
1619 2441 1725 2476 κίνησιν
1741 2439 1874 2476 μηδεμίαν
1889 2441 1930 2466 ὲν-

1140 2486 1274 2523 δέχεσθαι.
1285 2487 1351 2523 μηδὲ
1359 2486 1426 2522 (46⁸)
1434 2487 1584 2523 μεταϐολὴν
1591 2487 1706 2522 κρείττω
1716 2486 1854 2522 ῆφαύλην·
1863 2484 1929 2513 εἶναι

1139 2533 1168 2560 δὲ
1181 2533 1282 2560 ἁπλοῦν
1299 2533 1346 2560 καὶ
1359 2533 1548 2566 ἀναλλοίωτον,
1563 2534 1609 2560 καὶ
1624 2534 1652 2559 ὲν
1669 2533 1726 2568 ἰδέᾳ
1742 2534 1774 2568 τῇ
1788 2533 1869 2568 αὐτῇ.
1884 2532 1929 2558 καὶ

1143 2581 1212 2616 μήτε
1234 2580 1384 2607 ἐθελούσιον
1406 2580 1561 2613 ἐξίστασθαι
1584 2581 1633 2616 τῆς
1657 2581 1832 2614 ταυτότητος,
1867 2579 1927 2615 μήθ’

1141 2626 1186 2660 ὑφ“
1208 2625 1301 2661 ἑτέρου
1327 2625 1610 2660 προσαναγκάζεσθαι.
1639 2626 1712 2660 Ἔφη
1727 2625 1754 2651 δὲ
1771 2626 1818 2652 καὶ
1834 2626 1848 2651 ὁ
1862 2625 1929 2651 Ι]λά-

1140 2681 1193 2699 των
1208 2673 1236 2698 ὲν
1249 2673 1393 2706 Κρατύλῳ
1406 2672 1439 2699 τὰ
1455 2672 1576 2707 ὀνόματα
1588 2671 1716 2706 ὁμοιώσει
1735 2672 1789 2698 τῶν
1803 2671 1929 2707 πραγμά-

1140 2727 1193 2744 των
1207 2716 1276 2744 εἶναι
1288 2718 1358 2744 αὐτὰ
1373 2718 1496 2744 ἐπίθετα.
1511 2719 1600 2744 Ἔστω
1613 2715 1658 2744 οὖν
1672 2718 1718 2744 καὶ
1730 2717 1848 2744 δεδόσθω
1862 2715 1927 2744 εἶναι

1140 2763 1170 2790 τὸ
1182 2763 1211 2790 ὃν
1228 2764 1258 2791 τὸ
1271 2763 1427 2800 ἀσώματον.
1440 2774 1448 2790 ι
1461 2762 1518 2791 Εἶθ’
1527 2763 1703 2795 ὑποκαταϐὰς
1717 2763 1854 2798 ἐπιλέγειο
1867 2773 1876 2790 ι
1887 2763 1923 2790 Τὸ

1175 2865 1232 2902 (46)
1252 2867 1306 2907 Τοῦ
1321 2866 1408 2900 ὄντος
1423 2867 1577 2902 ὀνόματος.
1592 2865 1692 2894 Vocem
1714 2867 1791 2900 δντος
1815 2866 1929 2895 libenter

1141 2910 1329 2936 cxpunxerim.

1176 2937 1244 2973 (ιο)
1261 2936 1352 2971 Μηδὲ.
1372 2937 1454 2964 Forte
1469 2937 1547 2972 μήτε,
1564 2936 1643 2966 Ευιτ.
