2091 3208
212 208 266 238 815

781 212 942 245 ΡΒίΕΡΑΒ.
962 212 1094 245 ΕνΔΝϋζ
1112 214 1176 247 LIB.
1199 215 1243 246 Χῖ.

1768 224 1820 253 su
1857 219 1860 221 ’

201 265 233 292 ὃν
252 264 327 293 εἷπον
338 265 402 316 .017)
415 260 580 303 ⁴(ῐιιιιιὶιματον,
600 270 677 297 τοῦτο
696 271 723 298 δὲ
743 272 811 301 εἶναι
829 275 861 301 τὸ
879 277 982 312 νοητόν.
1001 271 1024 303 Α

1001 271 1024 303 Α
1038 273 1082 305 rit,
1104 282 1191 309 neque
1211 275 1383 304 interiturum
1403 277 1457 304 sit:
1481 277 1535 306 imo
1551 285 1601 306 nec
1616 277 1688 307 aliud
1705 288 1818 316 prorsus

204 311 246 338 Τὰ
258 312 307 347 μὲν
323 310 369 340 οὖν
387 313 522 348 λεχθέντα,
536 315 586 342 ὅσα
600 318 778 352 μνημονεύειν
789 319 846 347 ἔστι
862 310 984 356 μοιξτοι-

203 356 273 384 αὔτα
283 357 347 391 γοῦν
367 356 415 394 ἣν·
431 359 477 386 τὸν
495 360 517 386 δ’
534 360 711 397 ἐπιζητοῦντα
734 364 812 399 λόγον
832 367 887 402 (48)
901 367 984 394 ἐθέλω

203 403 466 446 παραμυθήσασθαι,
490 406 595 433 τοσόνδε
622 409 755 442 ὑπειπὼν,
770 410 810 437 ὃτι
831 411 915 438 ταῦτα
928 413 984 444 τοῖς

203 446 319 482 δόγμασι
337 449 383 475 τοῦ
398 450 539 484 Πλάτωνος
552 454 576 479 εἰ
591 453 628 489 μὴ
647 455 803 490 συμδαίνει,
816 457 872 483 ἀλλ’
890 458 982 493 ἑτέρου

200 494 228 527 γ’
243 494 324 530 ἐχρῆν
338 496 440 523 οἴεσθαί
463 507 532 530 τινος
553 500 647 535 ἀνδρὸς
669 503 802 536 μεγάλου,
820 504 889 538 μέγα
903 505 982 532 δυνα-

203 540 300 574 μένου,
323 541 381 568 οἴου
403 541 571 580 Πυθαγόρου.
599 546 679 580 Λέγει
698 548 762 581 γοῦν
778 549 904 576 Πλάτων·
923 551 982 586 φέρ’

202 585 365 620 ἀναμνησθῶ
381 587 438 618 πῶς
450 587 539 621 λέγει·
562 590 593 615 Τί
613 591 641 616 τὸ
662 591 691 617 ὃν
705 593 756 623 ἀεὶ,
772 594 875 627 γένεσιν
890 594 918 620 δὲ
933 585 982 621 οὔκ

201 629 278 664 ἕχον;
293 631 346 658 Καὶ
363 632 388 657 τί
412 633 441 659 τὺ
462 634 599 669 γινόμενον
623 637 682 671 μὲν,
701 637 730 663 ὃν
750 638 777 664 δὲ
795 640 937 672 οὐδέποτες
952 641 982 666 τὸ

202 674 251 708 μὲν
282 674 312 710 δὴ
340 677 428 711 νοήσει
455 679 522 713 μετά
546 680 622 714 λόγου
649 683 827 718 περιληπτὸν,
852 685 881 711 τὸ
903 686 924 710 δ’
948 684 980 712 αὖ

198 720 263 756 δόξῃ
289 723 356 756 μετὰ
384 725 533 759 αἰσθήσεως
561 728 657 761 ἀλόγου
682 730 823 764 δοξαττὸν,
843 733 981 767 γινόμενον

201 767 247 792 καὶ
261 767 452 804 ἀπολλῦμενον,
468 771 550 804 ὄντως
563 773 590 799 δὲ
609 775 733 802 οὐδέποτε
750 776 788 803 ὅν.
804 778 901 813 Ἤρετο
916 778 978 814 γὰρ,

201 811 228 836 τί
251 812 307 838 ἐστι
330 814 359 839 τὸ
380 814 425 846 ὃν,
453 816 505 849 φὰς
527 818 591 843 αὐτὸ
616 819 744 855 ἀγένητον
766 811 980 856 ἀναμᾲιλέκτως.

201 857 308 884 Γένεσιν
319 858 372 894 γὰρ
383 861 431 887 οἰκ
446 861 496 895 ἔφη
509 860 576 889 εἶναι
588 864 625 898 τῷ
645 865 714 891 ὖντι·
728 867 854 901 ἐτρέπετο
865 868 917 903 γὰρ
931 868 961 894 ἄν
971 877 978 884 ·

199 903 364 939 τρεπόμενον
383 905 410 932 δὲ
432 907 480 933 οὐκ
498 905 530 943 ἦν
548 909 640 935 ἀΐδιον.
657 920 666 935 ι
679 909 743 937 Εἶτα
767 912 869 944 ὑποϐάς
884 921 978 947 φησιν·

1039 319 1123 347 ullum
1135 328 1184 348 seu
1202 326 1303 355 motus,
1317 330 1364 350 seu
1386 324 1544 352 mutationis
1554 346 1561 358 ,
1575 325 1689 361 ejusque
1706 328 1746 355 vel
1761 336 1803 356 me

1038 366 1128 399 lioris,
1140 368 1181 395 vel
1193 368 1335 396 deterioris
1349 376 1433 404 genus
1461 370 1608 405 aliquando
1639 372 1793 401 subiturum
1810 384 1815 391 -

1038 412 1085 439 sed
1099 414 1212 441 omnino
1227 414 1342 449 simplex
1361 419 1387 442 et
1400 415 1580 449 immutabile,
1599 418 1721 453 adeoque
1733 419 1759 446 in
1773 427 1819 446 ea-

1038 459 1098 485 dem
1119 467 1224 494 semper
1240 465 1343 487 naturze
1356 468 1411 488 suae
1430 462 1534 488 ratione
1548 463 1684 497 persistat,
1696 465 1767 499 quod
1784 466 1817 492 ab

1038 504 1083 531 illa
1101 512 1150 531 nec
1166 509 1261 539 suapte
1271 510 1377 540 sponte,
1391 514 1441 533 nec
1462 507 1549 534 aliena
1563 508 1588 534 vi
1605 516 1636 535 ac
1656 510 1818 538 necessitate

1037 549 1167 576 discedat.
1191 550 1222 578 Et
1251 557 1315 577 sane
1328 550 1403 578 Plato
1418 551 1531 586 ipsemet
1542 553 1569 579 in
1579 553 1698 589 Cralylo,
1709 556 1817 583 nomina

1037 601 1068 620 ex
1085 594 1193 628 propria
1207 597 1324 629 quadam
1337 604 1426 624 rerum
1436 597 1613 626 similitudine
1625 600 1817 635 impositaessc

1037 639 1125 666 docet.
1143 639 1250 667 Maneat
1265 642 1356 675 igitur,
1371 648 1395 669 et
1419 647 1548 678 tanquam
1562 652 1654 671 verum
1682 651 1815 676 sumatur.

1037 685 1225 718 incorporeum
1242 694 1302 713 esst.-
1318 686 1343 713 id
1357 689 1428 722 quod
1451 695 1517 716 est.»
1530 689 1634 722 Quibus
1651 691 1730 724 paulo
1752 696 1813 726 post

1036 731 1132 758 iterum
1146 732 1197 759 ista
1212 732 1351 768 subjungit
1367 743 1372 760 :
1400 744 1409 759 ‹
1427 733 1454 761 Id
1470 736 1542 769 quod
1555 741 1597 763 est
1613 736 1813 771 incorporeum,

1035 776 1221 811 idemquesola
1232 783 1321 805 mente
1329 784 1483 813 perceptum
1499 788 1558 808 esse
1576 782 1711 811 dicebant.
1728 783 1814 817 Atque

1035 822 1091 849 hace
1105 827 1179 854 sunt,
1202 831 1262 858 qua:
1278 829 1333 851 tum
1352 825 1488 860 disputata
1504 826 1589 853 fuisse
1609 828 1729 854 memini.
1750 828 1811 854 Mihi

1034 875 1108 899 vero,
1138 869 1160 895 si
1179 869 1241 903 quis
1260 869 1332 896 illam
1350 870 1470 898 Platonis
1501 872 1652 899 orationem
1683 873 1813 907 requirat,

1033 913 1107 941 hunc
1117 914 1167 949 ipsi
1183 916 1302 943 laborem
1313 917 1428 943 allevare
1437 925 1468 944 ac
1479 918 1584 944 mollire
1594 919 1680 952 placet
1690 928 1697 952 ;
1708 920 1729 946 si
1740 920 1814 954 prius

202 961 213 977 ι
235 953 266 978 El
284 953 332 987 μὲν
348 953 378 988 δὴ
393 953 422 979 τὸ
441 954 469 980 ὃν
488 954 595 986 πάντως
612 956 698 990 πάντη
713 956 795 982 ἀΐδιόν
811 957 841 983 τέ
862 958 919 983 ἐστι
934 958 979 983 καὶ
994 952 1016 980 Β

994 952 1016 980 Β
1032 959 1081 986 hoc
1091 968 1231 995 monuere,
1245 969 1304 996 qua:
1318 962 1376 989 loco
1386 962 1622 997 illodisputantur,
1639 972 1669 992 ea
1684 959 1705 991 s'i
1723 966 1811 992 minus

198 997 339 1033 ἄτρεπτον,
358 1000 402 1025 καὶ
419 1000 541 1035 οὐδαμῶς
557 1001 659 1036 οὐδαμῆ
677 1001 849 1036 ἐξιστάμενον
874 1002 902 1034 ἐξ
916 1003 978 1029 ἐαυ-

197 1043 255 1076 τοῦ,
281 1044 354 1079 μένει
371 1045 398 1071 δὲ
421 1046 489 1072 κατὰ
506 1046 539 1073 τὰ
561 1047 629 1073 αὐτὰ
656 1048 701 1074 καὶ
717 1047 845 1079 ὡσαύτως
869 1049 977 1084 ἕστηκε,

197 1091 276 1118 τοῦτο
286 1092 368 1127 δήπου
383 1092 415 1119 ἂν
429 1093 470 1130 εἴη
488 1094 518 1121 τὴ
534 1095 566 1130 τῇ
581 1096 670 1130 νοήσει
689 1095 757 1130 μετὰ
773 1095 850 1129 λόγου
868 1096 978 1131 περιλη-

198 1136 274 1168 πιόν.
298 1137 329 1165 Εἰ
348 1139 376 1165 δὲ
391 1139 421 1165 τὸ
440 1139 518 1174 σῶμα
534 1140 575 1174 ῥεῖ
587 1139 633 1165 καὶ
647 1139 756 1175 φέρεται
771 1140 822 1166 ὑπὸ
838 1142 886 1176 τῆς
899 1140 978 1171 εὐθὺς

197 1184 357 1219 μεταϐολῆς,
384 1184 573 1220 ἀποδιδράσκει
597 1185 643 1210 καὶ
668 1185 716 1210 οὐκ
741 1184 822 1211 ἐστιν.
847 1185 926 1212 Ὅθεν
947 1186 976 1210 οὐ

196 1231 280 1266 πολλὴ
297 1231 378 1266 μανία
405 1232 441 1266 μὴ
456 1232 486 1257 οὐ
501 1231 578 1257 τοῦτο
602 1229 669 1257 εἶναι
686 1232 808 1267 ἀόριστον
833 1232 898 1267 (Ᾱ9),
914 1233 975 1268 δόξῃ

193 1277 224 1304 δὲ
240 1277 307 1313 μόνῃ
323 1277 458 1310 δοξαστὸν,
476 1278 521 1304 καὶ
532 1277 568 1309 ὥς
582 1287 647 1313 φησι
665 1278 775 1304 Πλάτων
791 1278 856 1313 (30).
871 1279 975 1312 γινόμε-

194 1331 239 1349 νον
258 1324 303 1349 καὶ
314 1323 506 1359 ἀπολλύμενον,
522 1324 603 1355 ὅντως
619 1324 646 1350 δὲ
660 1324 786 1350 οὐδέποτε
803 1325 841 1351 ὅν.
860 1334 867 1350 ι
883 1325 974 1351 Ταῦτα

194 1368 245 1404 μὲν
261 1369 275 1395 ὁ
290 1369 450 1404 Νουμήνιος,
466 1369 533 1404 ὁμοῦ
548 1370 581 1395 τὰ
597 1369 748 1401 Πλάτωνος,
767 1370 812 1396 καὶ
827 1370 892 1397 πολὺ
908 1370 973 1405 πρό-

191 1423 272 1450 τερον
287 1414 322 1441 τὰ
343 1415 464 1447 Μωσέως
487 1416 533 1442 ἐπὶ
557 1416 587 1442 τὺ
611 1416 693 1449 σαφὲς
714 1416 906 1451 διερμηνεύων.
927 1417 972 1442 Ei-

192 1460 280 1491 κότως
298 1460 364 1496 δῆτα
384 1461 424 1492 εἰς
440 1462 504 1487 αὐτὸ
527 1463 613 1488 ἐκεῖνο
628 1462 659 1488 τὸ
680 1462 767 1495 λόγιον
786 1463 971 1498 περιφέρεται,

191 1506 225 1533 δι’
244 1503 275 1532 οὗ
294 1507 374 1541 φάναι
392 1507 603 1543 μνημονεύεται·
625 1517 633 1532 ι
656 1508 687 1534 Τί
709 1508 761 1543 γάρ
779 1509 836 1534 ἐστι
861 1509 972 1535 Πλάτων

191 1553 208 1589 ἢ
225 1553 325 1588 Μωσῆς
351 1554 524 1586 ’Λττικίζων;
541 1564 549 1579 ι
567 1554 621 1580 Θέα
637 1554 664 1580 δὲ
681 1554 749 1589 πρὸς
766 1554 879 1585 τούτοις,
896 1555 919 1580 εἰ
934 1554 971 1589 μὴ

190 1597 236 1624 τὸν
249 1599 367 1633 παρόντα
379 1599 438 1625 νοῦν
454 1600 499 1625 ἐπὶ
520 1600 609 1626 πλεῖον
628 1601 675 1626 καί
696 1601 710 1625 ὁ
733 1600 903 1635 Πλούταρχος
928 1600 970 1632 ἐξ·
986 1618 1006 1646 C

190 1644 296 1676 απλῶν,
307 1644 446 1680 συντρέχοι
458 1645 490 1671 ἂν
501 1647 559 1677 ταῖς
566 1654 596 1671 τε
605 1646 797 1681 προκειμέναις
810 1648 910 1680 φωναῖς
917 1647 970 1673 τῶν

189 1690 350 1725 φιλοσόφων,
374 1692 420 1717 καὶ
442 1692 501 1722 ταῖς
526 1689 602 1723 αὖθις
623 1692 754 1728 Ἐϐραίων
779 1693 918 1728 κειμέναις
942 1695 971 1720 ὲν

188 1736 295 1771 ἑτέραις
315 1737 471 1771 θεολογίαις,
489 1738 522 1763 δι’
536 1735 573 1763 ὧν
588 1738 648 1764 τοτὲ
666 1739 715 1773 μὲν
730 1739 867 1774 εἰσάγεται
885 1739 970 1773 λέγων

187 1784 201 1809 ὁ
227 1783 401 1819 χρηματίζων
426 1784 506 1815 Θεός”
528 1794 536 1809 ι
562 1784 633 1810 Διότι
660 1784 715 1818 ἐγὼ
741 1785 841 1820 Κύριος
865 1786 878 1811 ὁ
904 1785 969 1816 Θεὸς

187 1831 336 1865 diuini;le
355 1831 403 1857 οὐκ
423 1831 585 1865 ἡλλοίωμαι·
608 1840 617 1856 ι
632 1832 692 1857 τοτὲ
711 1831 733 1857 δ’
758 1833 797 1864 εις
814 1832 893 1858 αὑτὸν
915 1832 967 1866 ἁφ-

186 1877 258 1912 ορῶν
269 1877 282 1903 ὁ
294 1876 439 1912 Προφήτης
454 1877 622 1903 ἀποτείνεται
633 1886 638 1891 ·
656 1887 664 1902 ι
673 1878 732 1903 ’Ὁτι
744 1877 774 1913 δὴ
787 1878 820 1904 τὰ
829 1879 876 1913 μὲν
884 1878 967 1914 ὁρατά

185 1923 276 1949 πάντα
297 1923 411 1958 τραπείη
430 1924 461 1950 ἄν
481 1932 545 1950 ποτε
567 1925 614 1950 καὶ
634 1924 827 1960 μεταϐληοείη·
849 1925 880 1951 σὺ
902 1926 930 1952 δὲ
954 1927 967 1952 ὁ

185 1967 267 1999 αὐτὸς
289 1966 324 2001 εἴ,
345 1969 391 1995 καὶ
407 1968 441 1995 τὰ
462 1969 507 2004 ἐτη
526 1978 570 1995 σου
588 1970 637 1996 οὐκ
657 1970 819 2004 ἐκλείψουσι.
843 1981 851 1996 ι
868 1971 966 1999 Σκόπει

184 2013 260 2047 γοῦν,
277 2014 300 2039 εἰ
323 2014 359 2049 μὴ
379 2014 416 2045 ὡς
443 2015 471 2040 ὲν
495 2015 625 2050 προτάσει
648 2015 695 2041 τοῦ
722 2024 751 2041 τε
775 2016 850 2051 παρὰ
873 2017 967 2043 Μωσεῖ

184 2059 330 2093 φήσαντος,
350 2069 359 2085 ε
383 2060 452 2094 Ἑγὼ
466 2061 522 2095 εἶμι
537 2063 550 2087 ὁ
566 2061 617 2087 ὤν’
636 2071 644 2086 ι
662 2061 707 2087 καὶ
723 2060 779 2093 τοῦ,
797 2071 805 2086 ι
830 2062 898 2095 Ἐγὼ
914 2062 965 2089 Κύ-

184 2113 242 2141 ριος
261 2107 276 2132 ὁ
292 2106 357 2137 Θεὸς
381 2107 466 2140 ὑμῶν,
484 2108 531 2133 καὶ
552 2108 601 2134 οὐκ
624 2108 788 2143 ήλλοίωμαι·
811 2117 819 2133 ι
840 2109 886 2134 καὶ
905 2109 962 2142 τοῦ,

185 2160 195 2176 ι
211 2151 248 2177 Σὺ
261 2151 290 2178 δὲ
301 2152 316 2177 ὁ
340 2151 419 2183 αὐτὸς
440 2150 474 2183 εἶ,
493 2162 501 2178 ν
517 2152 590 2184 δόξαι
604 2153 636 2179 ἂν
661 2154 674 2179 ὁ
691 2153 859 2189 Πλούταρχος
882 2155 909 2180 ἐν
924 2155 962 2189 τῷ

183 2196 255 2232 Περὶ
267 2197 319 2224 τοῦ
331 2198 377 2229 ΕΤ,
389 2197 434 2223 τοῦ
454 2199 482 2224 ὲν
502 2199 622 2233 Δελφοῖς,
636 2199 684 2234 τὴν
697 2199 814 2226 διάνοιαν
838 2201 961 2236 ὑφερμη-

180 2241 279 2274 νεύειν),
294 2243 356 2269 τάδε
370 2244 455 2278 λέγων
467 2245 534 2280 προς
548 2244 629 2276 λέξιν.

1031 1006 1063 1032 ad
1078 1006 1198 1034 Platonis
1224 1007 1350 1042 dogmata
1367 1009 1520 1043 pertineant
1537 1030 1543 1041 ,
1568 1011 1646 1037 alteri
1662 1016 1735 1038 certe
1753 1014 1813 1039 cui-

1030 1052 1113 1086 piam,
1130 1054 1175 1080 sed
1186 1055 1327 1082 excellenti
1342 1056 1411 1087 viro,
1425 1062 1586 1090 summaque
1600 1056 1809 1091 philosophandi

1029 1097 1054 1123 vi
1066 1098 1178 1131 prmdito
1193 1099 1356 1132 aSsiguanda
1372 1107 1441 1132 esse,
1457 1100 1611 1134 cuiusmodi
1630 1100 1810 1137 Pythagoram

1028 1141 1114 1170 fuisse
1129 1143 1240 1171 dixeris.
1255 1143 1300 1170 Sic
1312 1144 1394 1179 igitur
1405 1144 1481 1172 Plato
1496 1154 1502 1172 :
1518 1154 1579 1173 nam
1595 1148 1736 1175 verborum
1753 1157 1809 1177 me-

1028 1189 1140 1216 minisse
1149 1190 1301 1216 conandum
1311 1195 1350 1218 est
1368 1199 1375 1217 :
1400 1190 1469 1224 Quid
1480 1192 1545 1218 illud
1559 1198 1609 1226 est,
1625 1194 1723 1229 inquit,
1737 1197 1808 1230 quod

1027 1243 1134 1269 semper
1146 1236 1209 1262 est?
1223 1244 1272 1263 nec
1294 1241 1383 1263 tamen
1397 1243 1486 1265 ortum
1505 1238 1587 1266 habet
1611 1241 1695 1267 ullum
1708 1242 1719 1268 ί)
1737 1242 1808 1274 Quid

1027 1280 1092 1308 illud
1108 1286 1213 1313 contra,
1236 1283 1307 1316 quod
1324 1283 1427 1316 oritur,
1446 1289 1472 1311 et
1497 1293 1634 1320 nunquam
1651 1292 1691 1314 est
1706 1287 1808 1315 ?Prius

1026 1326 1091 1352 illud
1102 1327 1210 1361 quidem
1232 1329 1266 1355 ab
1282 1329 1526 1364 solaintclligenlia
1547 1340 1609 1359 cum
1630 1333 1734 1360 ratione
1747 1341 1808 1368 per-

1026 1373 1123 1407 cipitur
1142 1383 1148 1400 :
1168 1374 1283 1401 alterum
1302 1375 1362 1407 hoc,
1379 1377 1450 1410 quod
1463 1378 1551 1406 oritur
1561 1378 1642 1405 simul
1658 1384 1685 1407 et
1698 1380 1806 1413 occidit,

1025 1427 1112 1454 neque
1129 1428 1248 1454 unquam
1267 1429 1328 1449 vere
1337 1426 1387 1454 est,
1406 1422 1431 1449 in
1444 1430 1474 1449 ea
1486 1423 1629 1456 duntaxat,
1647 1433 1726 1460 quam
1742 1434 1806 1455 sen-

1025 1472 1071 1492 sus
1086 1466 1120 1493 ah
1132 1467 1206 1493 omni
1220 1467 1325 1494 ratione
1339 1476 1440 1495 vacuus
1461 1469 1550 1501 cll'icit,
1569 1470 1697 1504 opinione
1714 1479 1805 1498 versa—

1025 1514 1076 1535 tur.
1096 1509 1197 1542 Quaerit
1219 1510 1305 1543 Plato,
1321 1512 1385 1546 quid
1399 1512 1464 1539 illud
1476 1512 1521 1544 sit,
1540 1513 1612 1548 quod
1629 1519 1688 1548 cst;
1706 1515 1731 1542 id
1746 1516 1804 1544 sine

1023 1555 1105 1582 dubio
1131 1564 1223 1584 carere
1252 1561 1311 1584 ortu
1337 1562 1468 1591 statuens,
1494 1560 1594 1595 quippe
1612 1567 1700 1588 ortum
1718 1562 1743 1589 in
1759 1570 1804 1596 eo,

1023 1602 1093 1634 quod
1102 1605 1153 1633 est,
1167 1602 1254 1629 locum
1268 1603 1369 1629 habere
1382 1609 1460 1637 negat
1472 1613 1478 1630 :
1493 1609 1641 1632 mutaretur
1654 1606 1724 1632 enim
1738 1607 1804 1634 alio-

1023 1649 1091 1682 qui:
1118 1648 1139 1674 si
1159 1654 1248 1675 autem
1276 1653 1447 1681 mutaretur,
1476 1650 1670 1685 sempiternum
1691 1652 1718 1678 id
1748 1660 1800 1679 non

1023 1699 1103 1721 esset.
1127 1704 1136 1720 )
1164 1694 1227 1722 lude
1250 1695 1419 1731 aliquantum
1446 1704 1606 1731 progressus
1630 1698 1686 1725 [me
1701 1698 1800 1726 addit:

1024 1748 1034 1764 ι
1053 1739 1079 1766 Si
1093 1740 1165 1774 quod
1182 1745 1233 1772 est,
1250 1741 1275 1767 id
1294 1742 1406 1768 omnino
1423 1742 1616 1776 sempiternum
1634 1749 1660 1770 et
1676 1743 1802 1771 immuta-

1020 1786 1072 1812 bile
1087 1791 1197 1819 est,nec
1215 1787 1249 1812 ab
1258 1794 1317 1814 sese
1340 1787 1393 1813 ulla
1408 1795 1528 1822 unquam
1537 1788 1666 1816 varietate
1677 1789 1801 1822 discedit,

1020 1832 1065 1859 sed
1087 1832 1113 1858 in
1131 1840 1183 1858 una
1209 1840 1316 1867 semper
1341 1833 1489 1867 eademque
1520 1836 1624 1862 ratione
1650 1842 1800 1869 permanet,

1018 1878 1084 1905 illud
1104 1886 1187 1904 unum
1203 1878 1325 1912 profecto
1342 1879 1377 1906 sit
1390 1884 1511 1913 oportet,
1530 1880 1601 1914 quod
1624 1881 1799 1915 intelligentia

1018 1932 1078 1951 cum
1092 1924 1196 1951 ratione
1220 1925 1353 1959 capiatur.
1368 1924 1468 1951 Contra
1483 1933 1558 1957 vero,
1573 1926 1595 1952 si
1611 1933 1711 1961 corpus
1729 1927 1798 1958 tluit,

1019 1970 1098 2005 527
1126 1973 1153 1996 et
1171 1971 1311 2005 repentina
1339 1971 1457 2004 quadam
1485 1972 1633 1999 mutatione
1654 1972 1797 2007 abripitur.

1017 2016 1153 2043 evanescit
1180 2016 1246 2042 illud
1275 2015 1396 2050 quidem,
1425 2016 1592 2051 proindeque
1619 2018 1723 2045 nullum
1744 2024 1796 2046 est.

1016 2063 1104 2095 Quare
1121 2063 1187 2089 nihil
1201 2062 1347 2089 admodum
1363 2062 1407 2089 ille
1422 2062 1548 2097 desipiat,
1571 2064 1618 2098 qui
1635 2071 1734 2098 corpus
1749 2065 1797 2092 de-

1014 2109 1086 2136 liniri
1103 2117 1157 2136 non
1170 2116 1250 2143 posse
1260 2108 1369 2140 dixerit,
1385 2108 1432 2135 Sed
1446 2109 1579 2143 ejusmodi
1596 2117 1667 2141 esse.
1682 2110 1754 2144 quod
1768 2111 1795 2137 in

1014 2155 1082 2187 sola,
1102 2159 1131 2181 ut
1145 2155 1182 2181 ait
1196 2153 1283 2185 Plato,
1298 2154 1426 2188 opinione
1454 2159 1585 2187 versetur,
1612 2155 1677 2182 dum
1706 2156 1794 2183 oritur

1013 2201 1107 2233 simul,
1124 2205 1152 2228 et
1164 2200 1274 2233 occidit,
1297 2207 1385 2234 neque
1409 2208 1529 2234 unquam
1555 2209 1617 2228 vere
1632 2206 1683 2228 est.
1703 2211 1713 2227 ι
1732 2201 1794 2229 Ηενο

1011 2249 1173 2279 Numenius,
1192 2247 1292 2282 quibus
1316 2254 1369 2273 non
1397 2245 1518 2273 Platonis
1541 2248 1631 2280 modo,
1648 2248 1694 2275 sed
1711 2249 1791 2275 etiam

181 2292 260 2322 longe
275 2287 447 2323 antiquioris
467 2289 579 2316 Platone
599 2289 698 2325 Moysis
721 2291 870 2318 doctrinam
891 2296 1045 2323 illustravit.
1059 2296 1153 2329 Itaque
1166 2293 1264 2320 merito
1293 2300 1358 2319 sane
1373 2293 1474 2319 dictum
1506 2292 1571 2319 illud
1594 2293 1664 2320 hanc
1682 2293 1708 2320 in
1734 2301 1790 2320 rem

178 2334 285 2361 celebre
298 2334 496 2368 circumfertur,
514 2344 522 2360 ι
538 2334 607 2367 Quid
622 2336 694 2363 enim
711 2336 783 2363 aliud
803 2336 879 2365 Plato
896 2344 947 2371 est,
967 2350 1048 2375 quam
1064 2341 1169 2376 Moyses
1184 2339 1270 2366 Attice
1288 2338 1420 2372 loquens?
1438 2347 1446 2363 ι
1464 2337 1514 2366 Sed
1537 2342 1624 2365 tamen
1642 2338 1703 2366 vide
1723 2340 1790 2366 mihi

176 2379 228 2410 sis.
246 2386 313 2406 uuln
337 2379 458 2414 ejusdem
487 2381 625 2408 sententia:
648 2382 703 2408 vim
730 2382 840 2410 uberius
865 2385 953 2412 adhuc
972 2386 1132 2413 Plutarchus
1149 2385 1284 2419 aperiens,
1299 2391 1361 2410 cum
1390 2384 1498 2410 laudata
1523 2383 1694 2417 superiorum
1727 2384 1787 2419 plu-

174 2426 355 2460 losophorum
381 2427 515 2460 oratione,
547 2432 574 2454 et
595 2427 768 2456 Hebraeorum
795 2431 875 2458 simul
904 2433 1038 2468 theologia
1064 2433 1146 2459 variis
1172 2431 1274 2466 passim
1301 2431 1328 2457 in
1354 2431 1422 2458 locis
1448 2431 1580 2465 explicata
1607 2432 1757 2459 consentiat
1779 2442 1785 2457 ;

175 2474 241 2500 dum
266 2474 347 2500 modo
368 2473 419 2501 ista
438 2474 492 2501 Deo
511 2475 591 2501 verba
615 2476 779 2506 tribuuntur.
798 2486 806 2501 ι
824 2477 958 2509 Quoniam
978 2487 1028 2514 ego
1051 2479 1182 2507 Dominus
1200 2478 1270 2505 Deus
1287 2483 1385 2509 vester,
1408 2483 1435 2505 et
1459 2485 1513 2504 non
1527 2484 1617 2505 mutor
1628 2478 1649 2511 ',
1671 2487 1681 2503 ι
1707 2480 1787 2505 modo

172 2517 204 2546 in
228 2518 354 2546 eumdem
375 2517 508 2553 Propheta
533 2520 688 2554 respiciens,
714 2521 749 2547 ita
772 2523 952 2555 pronuntiat:
976 2533 985 2548 ‹
1007 2523 1129 2552 ViSibilia
1144 2524 1236 2550 omnia
1249 2524 1403 2550 transibunt
1414 2530 1440 2550 et
1464 2523 1704 2550 mutanuntur.Tu
1736 2531 1785 2551 au-

173 2568 230 2591 tem
246 2564 316 2591 idem
332 2565 390 2599 ipse
404 2573 443 2597 es,
466 2570 492 2593 et
507 2566 570 2592 anni
601 2566 638 2592 tui
664 2575 716 2592 non
739 2567 897 2595 delicient‘.
918 2577 927 2593 ι
950 2568 1026 2601 Vide,
1055 2570 1176 2604 inquam.
1198 2577 1263 2596 num
1279 2569 1416 2604 proposita
1442 2569 1524 2596 veluti
1546 2570 1707 2604 quaestione.
1723 2577 1782 2597 cum

168 2613 232 2647 ejus
251 2613 299 2647 qui
324 2613 364 2640 sic
385 2612 457 2647 apud
481 2612 600 2647 Moysem
616 2613 785 2647 loquebatur,
804 2622 812 2638 ι
830 2612 884 2648 Ego
901 2622 960 2642 sum
981 2624 993 2650 q

956 2624 960 2642 ι
981 2616 1029 2650 qui
1052 2624 1123 2649 sum,
1141 2625 1150 2641 ι
1171 2621 1198 2643 et
1216 2623 1321 2648 rursus,
1338 2624 1347 2640 ‹
1366 2614 1576 2652 Εεολυοηιὶῃιιε
1593 2615 1663 2642 Deus
1685 2620 1781 2650 vester,

207 2692 220 2709 ³
234 2692 347 2720 Malach.
368 2699 411 2726 nl,
431 2692 459 2720 6.
496 2692 508 2708 ⁸
518 2691 590 2720 Psal.
604 2700 640 2724 cu,
654 2691 700 2719 28.

205 2751 262 2787 (47)
277 2748 380 2790 Piger.
402 2749 553 2790 Ndmepius
576 2750 651 2790 ipse?
674 2757 708 2777 an
732 2749 796 2790 alii?
810 2748 948 2790 Posterius

167 2785 221 2814 hoc
244 2785 345 2818 malui,
367 2786 440 2820 quod
465 2786 612 2816 addiderit,
629 2792 689 2819 qua
714 2785 845 2817 audierat,
860 2792 891 2812 ea
907 2792 946 2817 se,

167 2828 299 2856 quantum
315 2821 472 2856 meminisse
486 2821 582 2856 potuit,
596 2820 729 2856 retulisse.

203 2857 259 2895 (μδ)
354 2856 460 2895 mallem
473 2854 518 2895 τῂν
528 2854 622 2895 λόγον·
637 2855 875 2895 ὶρεοιτιιηοιηροιϊο
889 2854 948 2895 Pla~

166 2889 237 2919 tonis
249 2889 400 2918 orationem
422 2889 557 2924 intelligit,
576 2895 605 2917 ut
620 2897 654 2917 ex
667 2890 841 2925 sequentibus
858 2890 947 2916 mani-

164 2929 230 2957 feste
244 2929 362 2954 constat.

321 2972 418 3001 Pn‘n.
440 2971 500 3001 Gtt.
523 2970 609 3001 ΧΧΙ.
1659 2968 1700 3000 ﬁ

1001 2753 1091 2814 “$49)
1113 2753 1274 2787 Ἀόριστον.
1302 2750 1417 2785 Sensus,
1433 2751 1461 2779 ni
1483 2750 1571 2784 fallor,
1587 2751 1706 2787 postulat
1724 2752 1783 2788 ὁρι-

1049 2798 1072 2814 ν.

1049 2798 1072 2815 ν.

1035 2823 1090 2858 (50)
1105 2823 1160 2849 Kal
1175 2822 1215 2856 ὥς
1228 2830 1303 2857 φησι
1316 2821 1409 2850 Πλάτ.
1422 2821 1512 2849 Malim
1529 2821 1779 2858 tbgrcpqctrlndttuu,

1000 2856 1046 2885 και
1062 2856 1212 2894 γινόμενον,
1230 2856 1298 2885 ιιιιιη
1314 2858 1381 2886 illud
1400 2865 1518 2893 quoque,
1533 2857 1597 2894 δόξῃ
1610 2856 1687 2894 μόνῃ
1702 2856 1779 2890 δοξα-

1000 2894 1060 2920 στόν
1086 2893 1205 2921 Platonis
1218 2897 1286 2921 erat.
