2091 3208
337 185 389 212 875

651 182 785 212 EUSEBll
805 183 1044 211 CzESARIENSlS
1063 184 1137 211 OPP.
1161 185 1249 210 P.\ltb
1270 185 1302 210 ll.
1320 199 1352 203 —-
1373 185 1624 215 APOLOGETICA.

1895 192 1943 220 επις

335 248 361 269 et
375 250 427 270 non
439 247 539 274 mutor,
557 251 565 268 ι
581 247 636 269 tum
648 242 729 269 etiam
744 243 864 274 alterius,
875 243 920 277 qui
931 243 1013 270 Deum
1026 243 1113 276 ipsum
1133 245 1169 268 Ita
1185 242 1374 276 compellabat,
1396 254 1405 269 ι
1425 244 1464 271 'lu
1493 253 1583 274 autem
1612 247 1682 275 idem
1706 249 1763 284 ipse
1784 257 1825 282 es,
1843 259 1853 276 ι
1871 259 1930 278 men

334 295 388 318 tem
405 295 485 324 atque
502 290 662 317 sententiam
678 289 841 318 Plutarchus
869 291 895 317 in
916 299 966 318 suo
980 292 1016 319 De
1031 289 1134 326 syllaba
1148 289 1177 318 εἴ
1189 289 1240 325 (es)
1260 298 1320 325 qurc
1334 292 1463 326 Delphico
1489 295 1590 328 templo
1605 295 1734 331 inscripta
1760 301 1812 328 est,
1829 304 1943 332 opuseu.

334 336 371 370 lo,
385 337 556 371 interpretari
572 336 638 363 velle
651 337 784 369 videatur,
801 337 844 365 his
863 337 965 364 verbis.

631 381 747 409 CAPUT
767 381 812 409 ΧΙ.

335 427 377 455 Ea:
387 427 527 455 Plutarchi
538 428 671 468 opusculo_,
686 428 717 454 de
730 427 832 489 =syllaba
846 426 871 454 εἷ
882 428 1005 462 Delphico
1019 427 1113 462 templo

656 471 755 489 mscrm
769 472 794 489 α.

656 471 794 497 mscnpta.

369 516 380 533 ι
403 507 532 543 Equidem
545 516 631 542 neque
648 516 803 540 numerum,
817 516 904 544 neque
918 509 1053 540 ordinem,
1071 516 1114 535 ne-

333 561 385 588 que
398 553 548 586 vinculum,
561 562 648 588 neque
659 554 730 581 aliud
743 555 882 589 quodlibet
893 554 1041 582 dimidiata:
1052 562 1114 589 par.

331 599 422 626 tieula:
447 607 533 634 genus
556 607 588 626 ea
619 599 722 634 syllaba
746 600 893 635 signiﬁcari
909 600 1046 627 existimo.
1064 599 1113 627 Est

331 645 443 672 omnino
456 644 501 672 Dei
518 644 666 679 perfectum
679 653 710 672 ex
727 653 786 673 sese
799 645 988 680 integrumque
1003 653 1111 677 nomen,

330 688 404 723 quod
419 689 455 720 ei,
471 696 486 715 a
498 696 552 723 quo
564 690 765 723 pronuntiatur,
783 698 836 716 una
861 697 921 717 cum
941 698 1008 717 voce
1023 691 1110 725 ipsum

331 733 460 759 continuo
475 734 616 767 potestatis
631 734 729 761 divinae
750 743 860 762 sensum
878 740 905 762 et
920 736 1110 770 cogitationem

331 777 443 812 injiciat.
458 777 525 805 Nam
537 786 599 805 cum
618 787 839 814 unumquemque
853 784 988 811 nostrum.
1009 781 1054 815 qui
1078 787 1112 807 eo

329 824 497 856 accedimus,
511 825 563 852 hac
582 825 662 852 veluti
680 825 752 853 Deus
777 825 939 852 salutatione
953 826 1107 861 compellat,

328 867 416 896 Nosne
433 874 459 896 te
476 869 574 905 ipsum,
591 871 662 905 quod
683 871 790 905 quidem
809 872 894 898 nihilo
911 872 1003 899 minus
1018 877 1109 905 sonat,

328 914 502 949 quamﬁalve
524 924 532 942 :
558 921 614 943 tum
630 924 695 944 vero
717 925 777 949 nos,
805 917 970 944 resalutandi
989 918 1109 945 numinis

329 961 425 995 gratia,
440 962 634 996 respondemus
651 960 676 988 εῐ
691 963 752 998 (es),
771 963 848 998 quasi
872 971 962 990 veram
987 971 1019 990 ac
1045 971 1108 998 pro-

329 1009 426 1042 priam,
455 1009 576 1043 adeoque
603 1009 689 1036 solam
719 1009 797 1043 eique
824 1009 873 1036 soli
903 1010 1107 1036 convenientem

330 1055 399 1081 hanc
420 1063 434 1081 a
457 1054 536 1082 nobis
564 1054 772 1089 appellationem
789 1055 870 1081 tribui
889 1055 1031 1082 fateamur.
1053 1054 1108 1082 Nos
1125 1051 1146 1077 Β

327 1100 398 1126 enim
412 1099 494 1134 528
504 1107 566 1127 vere
578 1100 652 1127 nullo
665 1103 744 1126 modo
756 1108 851 1127 sumus
866 1109 872 1126 :
889 1100 934 1128 δρᾶ
950 1101 1039 1127 omnis
1050 1108 1108 1127 om-

326 1145 391 1171 nino
402 1149 497 1172 natura
512 1146 644 1177 mortalis,
661 1145 687 1172 in
701 1147 819 1180 quodam
833 1146 959 1172 interitus
975 1151 1107 1180 ortusque

328 1191 415 1218 medio
436 1191 593 1224 constituta,
610 1192 733 1218 umbram
758 1192 800 1219 sui
826 1192 958 1219 duntaxat
974 1191 1105 1226 aliquam,

326 1237 478 1271 cxilemque
499 1244 530 1264 ac
545 1237 674 1264 lubricam
699 1237 854 1272 opinionem
872 1237 1007 1269 ostendit;
1024 1245 1105 1272 quam

327 1282 348 1307 si
366 1282 538 1309 incumbente
552 1282 577 1308 iu
593 1290 653 1309 eam
669 1291 761 1309 animo
774 1283 1002 1318 comprehendere
1018 1283 1107 1310 \‘olue-

326 1327 375 1358 ris,
388 1330 445 1353 tum
459 1335 532 1360 vero,
549 1328 775 1362 quemadmodum
795 1336 893 1363 aquam
917 1328 938 1356 si
959 1336 1041 1355 manu
1065 1335 1107 1355 ve-

327 1370 479 1398 hementius
495 1372 610 1398 retinere
634 1372 752 1403 coneris,
775 1372 838 1399 dum
866 1372 977 1407 premis,
994 1372 1058 1399 dum
1078 1373 1104 1399 in

325 1424 410 1443 unum
426 1418 511 1452 cogis,
522 1417 606 1445 eﬂluit
619 1418 661 1445 illa
673 1419 835 1453 penitusque
849 1418 991 1445 dilabitur.
1008 1417 1053 1444 Sic
1065 1426 1106 1445 ra-

324 1462 372 1493 tio.
390 1462 454 1489 dum
470 1471 576 1496 eorum,
592 1471 652 1498 quae.
666 1464 757 1491 varius
772 1464 886 1491 subinde
901 1472 982 1491 casus
997 1472 1028 1491 ac
1045 1471 1105 1490 mu-

325 1509 440 1537 tationes
458 1509 583 1542 subeunt,
597 1510 728 1537 illustrem
743 1510 828 1541 illam,
843 1518 904 1544 qua:
921 1510 972 1537 sibi
990 1510 1104 1545 objieia—

323 1559 378 1587 tur,
400 1555 516 1590 speciem
541 1556 653 1590 propius
673 1555 834 1590 insequitur,
851 1556 958 1582 aberrat
981 1563 1012 1582 ac
1035 1556 1104 1583 ludi-

323 1606 377 1632 tur,
390 1601 474 1635 quod,
493 1601 590 1634 partim
609 1600 635 1627 in
655 1601 680 1626 id
695 1600 765 1634 quod
781 1600 880 1632 oritur,
906 1600 1004 1634 partim
1023 1600 1049 1626 in
1065 1600 1104 1631 id,

321 1647 395 1681 quod
418 1647 519 1677 interit,
551 1649 590 1674 sic
616 1646 745 1677 incurrat,
764 1646 831 1672 nihil
848 1650 875 1672 ut
896 1646 968 1680 quod
985 1651 1102 1679 maneat,

321 1692 449 1727 quodque
465 1700 528 1719 vere
542 1692 588 1724 sit,
605 1692 834 1726 comprehendere
862 1692 975 1719 omnino
1004 1692 1099 1727 possit.

321 1737 388 1764 Nam
405 1742 435 1764 ut
456 1738 581 1765 eumdem
605 1737 727 1769 fluvium,
745 1737 818 1772 quod
844 1737 997 1764 Heraclitus
1012 1737 1102 1769 dicere

322 1784 438 1816 solebat,
452 1784 495 1811 bis
513 1791 592 1811 nemo
608 1784 700 1811 subire
713 1788 802 1818 potest
817 1792 824 1810 :
840 1783 876 1810 ita
899 1784 1041 1811 mortalem
1058 1792 1103 1811 na-

322 1835 410 1857 turam
428 1830 523 1857 eodem
539 1830 565 1856 in
578 1835 648 1857 statu
665 1829 811 1856 haerentem
829 1837 909 1856 nemo
925 1830 965 1857 bis
977 1830 1101 1864 attingat,

322 1875 368 1903 sed
382 1875 522 1909 repentino
537 1874 697 1901 mutationis
722 1874 824 1909 impetu
839 1873 990 1908 dissipatur
1017 1873 1100 1907 illico,

319 1928 484 1955 rursumque
497 1920 651 1955 colligitur;
675 1921 716 1947 vel
734 1921 832 1955 potius,
860 1928 895 1947 nc
917 1928 1024 1947 rursum
1041 1920 1102 1954 qui-

319 1967 380 1993 dem
396 1971 443 1993 aut
457 1971 561 2001 postea,
574 1967 620 1993 sed
636 1966 742 1993 exsistit
757 1965 839 1992 simul
854 1973 886 1992 ac
901 1965 1011 1996 desinit,
1023 1972 1102 1992 acce-

318 2013 359 2039 dit
376 2012 458 2039 simul
469 2011 605 2046 simulque
617 2011 741 2038 diseedit.
757 2009 794 2037 lta
811 2018 872 2045 quae
888 2017 951 2044 pars
966 2010 1039 2036 illius
1053 2017 1100 2036 na-

319 2058 414 2090 scitur,
425 2065 455 2084 ea
468 2064 617 2092 nunquam,
629 2056 784 2091 utperfecte
795 2056 840 2088 sit,
850 2055 1015 2090 assequitur,
1028 2055 1100 2090 quod

317 2108 395 2131 ortus
409 2103 453 2130 ille
475 2110 562 2137 neque
577 2110 695 2137 unquam
721 2101 837 2133 desinat,
857 2109 943 2135 neque
968 2101 1100 2128 consistat

317 2157 444 2184 usquam,
463 2148 509 2176 sed
523 2148 579 2183 jam
597 2148 658 2175 inde
682 2147 716 2174 ab
737 2147 851 2180 semine,
876 2146 961 2173 fetum
989 2146 1100 2174 inchoar

318 2200 387 2228 tum,
400 2202 462 2221 mox
483 2193 625 2226 infantem,
643 2199 757 2227 puerum
772 2192 846 2223 inde,
864 2192 927 2219 inde
939 2191 1099 2219 adolescen-

317 2245 382 2272 tem,
398 2244 455 2266 tum
473 2239 611 2273 juvenem,
627 2245 730 2266 senem.
748 2236 879 2269 vetulum,
893 2237 1023 2264 continua
1039 2244 1099 2263 mu-

318 2286 419 2312 tatiOne
434 2285 521 2319 lingit,
536 2292 568 2311 ac
581 2285 686 2319 priores
699 2288 776 2311 ortus
789 2287 936 2317 aetatesque
950 2283 1023 2309 delet
1035 2289 1098 2310 suc-

317 2331 442 2357 cessione
457 2337 599 2356 novarum.
623 2329 656 2355 At
680 2336 729 2356 nos
747 2328 860 2356 ridicule
878 2335 944 2354 sane
970 2327 1096 2360 facimus,

316 2375 363 2410 qui
381 2379 494 2402 mortem
514 2382 594 2400 unam
613 2374 769 2406 timeamus,
793 2373 850 2408 jam
879 2373 979 2400 mortui
1002 2373 1094 2405 toties,
1112 2393 1134 2422 D

316 2421 450 2454 totiesque
464 2419 622 2448 morientes.
639 2418 693 2446 Nec
720 2419 792 2446 enim
815 2419 906 2450 modo,
922 2419 995 2454 quod
1014 2418 1096 2445 llera-

351 2473 365 2486 ι
383 2465 461 2492 Forte
476 2465 525 2501 τῷ.

423 2511 496 2538 οὔτε
512 2508 579 2543 οὗν,
592 2515 645 2538 etc.
662 2510 712 2537 Adi
728 2509 901 2538 Plutarchum
925 2509 952 2536 in
971 2505 1093 2535 Moralib.

351 2511 412 2572 (5!;
423 2511 496 2538 Οὔτε
512 2511 579 2543 οὖν,
592 2515 628 2538 ett

317 2554 377 2581 pag.
414 2546 458 2581 9!,
471 2545 522 2572 sui)
537 2546 628 2573 linem.

352 2578 406 2615 (52)
421 2578 562 2614 Παθητῶν
580 2581 630 2607 καὶ
645 2579 847 2614 μεταϐλητῶν.
863 2578 972 2615 Rectius
982 2601 989 2612 ,
1010 2583 1040 2605 ut
1054 2578 1096 2605 vi»

315 2614 402 2646 detur,
419 2623 502 2650 quam
520 2616 590 2650 apud
607 2614 743 2642 Plutarch.
762 2615 814 2641 τῶν
833 2614 1000 2650 παθημάτων
1015 2622 1097 2649 μετα-

315 2650 428 2677 σάντων.

351 2684 406 2720 (55)
427 2683 600 2720 Ὲνέργειαν.
615 2685 791 2712 Plutarchum
809 2689 916 2712 secutus
936 2692 1007 2717 sum,
1023 2683 1095 2718 apud

315 2727 394 2755 quem
409 2719 509 2755 editum
527 2725 566 2746 est
581 2720 732 2755 ἐνάργειαν.

352 2753 405 2788 (54)
418 2753 571 2789 Σκίδνησι,
587 2753 636 2779 imi
650 2755 742 2781 πάλιν
759 2754 892 2788 συνάγει.
906 2754 1011 2781 Clarius
1027 2754 1095 2789 lege-

316 2794 389 2816 retur
407 2788 553 2823 σκίδναται,
571 2789 616 2815 καὶ
628 2789 708 2816 πάλιν
721 2790 874 2823 συνάγεται.

351 2823 406 2858 (55)
428 2822 503 2856 ’Λέρι
519 2823 645 2856 γένεσις.
670 2822 798 2851 Librariis
816 2824 974 2852 Euscbianis
990 2824 1097 2851 excide-

316 2863 380 2884 runt
394 2865 455 2892 qua:
471 2863 633 2891 sequuntur,
649 2860 695 2886 καὶ
716 2860 796 2895 ἀέρος
816 2859 937 2892 θάνατος,
953 2859 1027 2886 ὕδατι
1050 2858 1095 2893 γέ-

316 2901 398 2924 νεσις.

1128 383 1151 411 A

1425 371 1621 398 ΚΕΦΑΛΑῙΟΝ
1634 373 1683 400 IA'.

1167 418 1358 452 Πλουτάρχου
1375 416 1505 454 ἀπὸῗτοῦ
1529 416 1778 454 ἐςτιπττραμμένου
1786 419 1930 454 ᾲσυγ-πράμ

1303 451 1405 487 ματος,
1420 451 1487 484 Περὶ
1506 451 1559 477 τοῦ
1572 452 1607 477 ἐυν
1624 451 1748 486 Δελφοῖς
1760 451 1804 480 Εἴ.

1201 523 1210 538 ι
1228 511 1295 538 υΰτε
1308 508 1353 536 οὖν
1373 508 1427 544 (51)
1444 508 1569 543 ἀριθμὸν,
1584 507 1644 534 οὔτε
1662 508 1747 542 τάξιν,
1771 509 1832 536 οὗτε
1856 511 1934 537 σύνδε-

1164 565 1242 592 σμον,
1257 555 1318 582 οὔτε
1333 554 1394 581 ἄλλο
1408 553 1461 579 τῶν
1476 552 1590 578 ἐλλιπῶν
1607 553 1707 588 μορίων
1723 553 1797 580 οὐδὲν
1816 551 1890 590 οἶμαι
1912 556 1940 582 τὸ

1163 602 1279 638 γράμμα
1303 599 1461 635 σημαίνειν·
1481 598 1537 624 ἀλλ’
1551 598 1624 624 ἐστιν
1641 599 1784 634 αὐτοτελὴς
1805 600 1851 626 τοῦ
1876 600 1939 627 Θεοῦ

1163 647 1375 684 προσαγόρευσις
1398 646 1444 671 καὶ
1468 645 1668 680 προσφώνησις,
1696 645 1753 680 ἆμα
1779 646 1818 681 τῷ
1843 647 1938 682 ῥήματι

1162 694 1207 719 τὸν
1223 692 1405 728 φθεγγόμενον
1423 691 1461 721 εἰς
1475 690 1580 717 ἔννοιαν
1595 690 1744 717 καθιστᾶσα
1756 692 1803 726 τῆς
1817 692 1862 718 τοῦ
1875 692 1939 719 θεοῦ

1162 739 1308 774 δυνάμεως.
1328 738 1356 763 Ὀ
1372 736 1425 772 γὰρ
1447 736 1512 766 Θεὸς
1529 735 1642 762 ἕκαστον
1655 736 1732 770 ἡμῶν
1754 736 1807 762 τῶν
1827 737 1939 764 ἐνταῦθα

1161 784 1326 820 προσιόντων
1349 780 1403 809 οἷον
1425 781 1612 816 ἀσπαζόμενος
1636 782 1832 817 προσαγορεύει
1861 783 1892 809 τὸ
1914 788 1938 816 ι,

1162 829 1257 856 Γνῶθι
1266 828 1390 858 σαυτὸν,
1415 827 1429 854 ὃ
1453 827 1498 853 τοῦ
1519 826 1605 860 Χαῖρε
1617 826 1648 861 δὴ
1662 827 1736 853 οὐδὲν
1760 828 1832 862 μεῖόν
1857 829 1936 855 ἐστιν.

1166 875 1260 910 Ἡμεῖς
1285 874 1312 901 δὲ
1330 873 1419 905 πάλιν,
1438 872 1610 907 ἀμειϐόμενοι
1630 873 1674 898 τὸν
1693 873 1768 904 Θεὸν,
1792 871 1823 899 Εἴ
1839 881 1937 909 φαμεν,

1160 919 1196 951 ὡς
1211 919 1297 955 ἀληθῆ
1313 919 1357 946 καὶ
1368 918 1480 953 ἀψευδῆ,
1494 919 1540 944 καὶ
1556 918 1637 953 μόνην
1654 918 1724 953 μόνῳ
1740 919 1936 954 προσήκουσαν,

1160 965 1207 1000 τὴν
1228 965 1275 992 τοῦ
1297 962 1330 991 Εἴ
1354 963 1569 1000 προσαγόρευσιν
1594 963 1772 996 ἀποδιδόντες.
1791 964 1871 999 Ἡμῖν
1887 965 1938 1000 γὰρ

1160 1009 1242 1040 ὅντως
1259 1008 1304 1034 τοῦ
1321 1006 1390 1034 εἷναι
1409 1008 1533 1043 μέτεστιν
1556 1007 1647 1034 οὐδέν’
1665 1008 1732 1034 ἀλλὰ
1757 1009 1840 1044 θνητὴ
1866 1010 1937 1036 πᾶσα

1159 1055 1238 1089 ιρύσις
1254 1055 1281 1080 ὲν
1299 1054 1372 1089 μέσῳ
1394 1053 1496 1088 φθορᾶς
1512 1053 1559 1079 καὶ
1582 1054 1713 1087 γενέσεως
1733 1055 1875 1089 γενομένη,
1889 1055 1937 1090 φάς

1160 1109 1215 1136 σμα
1233 1099 1345 1135 παρέχει
1359 1099 1405 1125 καὶ
1421 1099 1529 1134 δόκησιν
1546 1099 1666 1134 ἀμυδρὰν
1690 1100 1736 1126 καὶ
1757 1100 1880 1126 ἀϐέϐαιον
1892 1101 1937 1126 αὑ-

1157 1147 1214 1182 τῆς.
1232 1147 1280 1172 “Av
1293 1146 1320 1172 δὲ
1331 1145 1380 1181 τὴν
1395 1145 1512 1172 διάνοιαν
1524 1146 1656 1182 ἀπερείσῃ
1669 1154 1719 1177 τις,
1732 1145 1861 1172 λαϐέσθαι
1880 1146 1936 1181 βου-

1157 1193 1276 1228 λόμενος,
1293 1191 1385 1228 ὥσπερ
1399 1193 1415 1227 ἡ
1430 1191 1529 1227 σφόδρα
1541 1192 1695 1227 περίδραξις
1709 1191 1813 1223 ὓδατος,
1825 1192 1863 1227 τῷ
1879 1192 1935 1219 πιέ-

1157 1238 1212 1270 ζειν
1229 1238 1274 1264 καὶ
1287 1239 1326 1269 εἰς
1341 1237 1422 1263 ταυτδ
1434 1237 1567 1271 συνάγειν,
1579 1236 1701 1271 διαρρέον
1713 1237 1841 1263 ἀπόλλυσι
1851 1237 1881 1263 τὸ
1892 1246 1935 1263 πε-

1157 1283 1386 1318 ριλαμϐανόμενον
1396 1291 1403 1297 ’
1417 1282 1488 1309 οὕτω
1502 1283 1554 1309 τῶν
1563 1282 1690 1318 παθητῶν
1702 1282 1748 1310 καὶ
1763 1282 1935 1318 μεταϐλητῶν

1157 1328 1212 1364 (52)
1229 1329 1342 1355 ἑκάστου
1358 1328 1405 1363 τὴν
1418 1328 1486 1363 ἄγαν
1500 1328 1636 1364 ἐνέργειαν
1649 1328 1731 1364 (55).ὁ
1743 1327 1819 1362 λόγος
1833 1327 1935 1354 διώκων

1157 1375 1367 1409 ἀποσφάλλεται,
1384 1375 1415 1409 τῇ
1434 1374 1481 1410 μὲν
1497 1375 1535 1406 εἰς
1552 1374 1580 1400 τὸ
1596 1374 1734 1408 γινόμενον
1751 1374 1843 1405 αὑτοῦ,
1858 1375 1889 1409 τῇ
1908 1374 1935 1400 δὲ

1155 1421 1195 1451 εἰς
1214 1420 1245 1446 τὸ
1261 1420 1444 1456 φθειρόμενον,
1470 1419 1574 1451 οὐδενὸς
1589 1419 1716 1446 λαϐέσθαι
1732 1419 1865 1454 μένοντος,
1877 1419 1934 1446 οὐδὲ

1155 1464 1229 1496 ὄντος
1249 1465 1340 1496 ὅντως,
1357 1465 1510 1500 δυνάμενος.
1530 1464 1645 1500 Ποταμῷ
1658 1465 1712 1500 γὰρ
1727 1467 1777 1492 οὐκ
1799 1466 1872 1492 ἔστιν
1887 1467 1934 1502 ἑμ-

1155 1510 1234 1546 6ῆναι
1256 1511 1296 1542 δὶς
1311 1511 1349 1546 τῷ
1371 1510 1444 1546 αὑτῷ
1467 1510 1526 1537 καθ’
1545 1510 1727 1546 Ἡράκλειτον,
1753 1511 1813 1537 οὐδὲ
1837 1511 1933 1546 θνητῆς

1154 1557 1245 1588 οὐσίας
1257 1557 1298 1588 δὶς
1312 1556 1430 1591 ἀψασθαι
1442 1556 1513 1583 κατὰ
1529 1555 1595 1590 ἕξιν,
1612 1556 1668 1582 ἀλλ’
1684 1556 1792 1592 ὀξύτητι
1817 1557 1863 1583 καὶ
1889 1558 1933 1584 τά-

1154 1611 1196 1637 χει
1212 1603 1360 1637 μεταϐολῆς
1375 1602 1495 1637 σκίδνησι
1514 1602 1560 1628 καὶ
1574 1601 1653 1629 πάλιν
1668 1603 1778 1636 συνάγει
1873 1603 1934 1638 μᾶλ-

1154 1647 1197 1673 λον
1207 1647 1235 1674 δὲ
1246 1647 1306 1673 οὐδὲ
1319 1647 1412 1679 πάλιν,
1428 1647 1488 1673 οὐδὲ
1501 1646 1622 1683 ὕστερον,
1636 1647 1693 1674 ἀλλ’
1710 1647 1766 1682 ἅμα
1781 1648 1932 1675 συνίσταται

1154 1694 1199 1719 καὶ
1212 1693 1362 1726 ἀπολείπει,
1379 1693 1425 1719 καὶ
1441 1693 1564 1729 πρόσεισι
1581 1694 1628 1720 καὶ
1643 1694 1761 1720 ἄπεισιν.
1781 1694 1859 1720 Ὅθεν
1873 1695 1932 1721 οὐδὲ

1153 1738 1192 1768 εἰς
1207 1737 1235 1763 τὺ
1257 1735 1324 1764 εἶναι
1343 1737 1464 1772 περαίνει
1481 1737 1512 1764 τὸ
1531 1737 1672 1772 γινόμενον
1685 1739 1778 1773 αὐτῆς,
1790 1738 1829 1773 τῷ
1853 1739 1932 1774 μηδέ-

1153 1791 1217 1809 ποτε
1239 1783 1331 1818 λήγειν
1357 1783 1418 1818 μηδ⁴
1444 1783 1566 1810 ἵστασθαι
1586 1783 1635 1819 τὴν
1656 1784 1776 1818 γένεσιν·
1800 1785 1857 1810 ἀλλ’
1879 1785 1932 1811 ἀπὸ

1153 1828 1309 1862 σπέρματος
1317 1827 1359 1853 ἀεὶ
1374 1827 1602 1862 μεταϐάλλουσαν,
1614 1827 1730 1862 ἔμϐρυον
1740 1829 1862 1862 ἐμποιεῖν
1874 1825 1931 1854 εἶτα

1153 1873 1246 1903 παῖδα,
1265 1873 1403 1908 μειράκιον
1418 1873 1525 1907 ἐφεξῆς,
1542 1873 1691 1905 νεανίσκον,
1705 1873 1798 1907 ἄνδρα,
1814 1874 1931 1908 πρεσϐύσ

1150 1929 1210 1955 την,
1231 1920 1354 1954 γέροντα,
1373 1919 1421 1951 τὰς
1440 1919 1548 1955 πρώτας
1569 1919 1732 1954 φθείρουσαν
1752 1920 1872 1953 γενέσεις
1885 1922 1931 1947 καὶ

1151 1966 1256 2002 ἡλικίας
1270 1967 1329 1997 ταῖς
1347 1966 1557 2000 ὲπιγινομέναις.
1582 1965 1649 1992 Ἀλλ’
1665 1966 1746 2000 ἡμεῖς
1766 1965 1813 1991 ἕνα
1834 1965 1929 2000 φοϐού-

1153 2010 1221 2045 μεθα
1239 2010 1349 2044 γελοίως
1375 2010 1497 2042 θάνατον,
1521 2010 1633 2041 πολλοὺς
1652 2009 1864 2045 ἀποτεθνηκὸτες
1880 2011 1929 2046 ἤδη

1150 2056 1319 2091 θνήσκοντες.
1343 2056 1380 2082 Οὐ
1403 2055 1456 2091 γὰρ
1481 2056 1569 2090 μόνον,
1592 2055 1627 2087 ὡς
1649 2056 1823 2090 Ἡράκλειτος
1844 2057 1928 2090 ἔλεγε,

1150 2103 1233 2135 'mpb;
1248 2102 1370 2133 θάνατος,
1391 2101 1451 2136 ἀέρι
1467 2101 1571 2135 γένεσις
1586 2101 1652 2135 (55),
1672 2100 1727 2126 ἀλλ’
1742 2101 1798 2127 ἐστι
1814 2101 1868 2134 (56)
1884 2110 1928 2127 σαν

1150 2147 1277 2181 φέστερον
1293 2147 1335 2172 ἐπ’
1350 2146 1439 2172 αὐτῶν
1451 2145 1539 2180 ἡμῶν.
1554 2145 1695 2180 Φθείρεται
1710 2146 1758 2180 μὲν
1772 2147 1786 2171 ὸ
1799 2147 1925 2181 ἀκμάζων

1149 2193 1291 2228 γενομένου
1307 2191 1442 2227 γέροντος,
1458 2191 1560 2226 ἐφθάρη
1574 2191 1603 2217 δὲ
1618 2191 1632 2217 ὁ
1647 2191 1706 2223 νέος
1719 2192 1760 2223 εἰς
1775 2192 1819 2218 τὸν
1845 2193 1929 2227 ἀκμά-

1149 2238 1238 2270 ζοντα,
1255 2238 1300 2264 καὶ
1316 2238 1330 2263 ὸ
1347 2238 1410 2268 παῖς
1426 2237 1466 2268 εἰς
1481 2236 1526 2263 τὸν
1541 2237 1611 2267 νέον.
1632 2238 1671 2268 εις
1690 2237 1718 2263 δὲ
1742 2237 1787 2264 τὸν
1803 2238 1884 2264 παῖδα
1900 2238 1929 2264 τὺ

1148 2285 1251 2318 νήπιον,
1266 2285 1280 2309 ὁ
1291 2283 1319 2309 δὲ
1336 2283 1398 2318 χθὲς
1412 2283 1452 2314 εἰς
1467 2282 1512 2309 τὸν
1529 2284 1646 2318 σήμερον
1661 2282 1799 2317 τέθνηκεν,
1812 2284 1827 2309 ὁ
1838 2283 1867 2309 δὲ
1881 2284 1928 2318 σή-

1149 2338 1242 2365 μερον,
1260 2329 1299 2360 εὶς
1317 2329 1361 2355 τὸν
1375 2327 1480 2364 αὔριον.
1503 2327 1586 2354 Μένει
1597 2327 1626 2354 δὲ
1641 2328 1701 2354 οὐδὲ
1717 2326 1767 2361 εἷς,
1781 2329 1841 2355 οὐδέ
1857 2329 1929 2355 ἐστιν

1147 2373 1197 2407 εἷς,
1210 2374 1277 2401 ἀλλὰ
1299 2373 1428 2409 γινόμεθα
1444 2373 1544 2404 πολλοὶ,
1557 2374 1620 2408 περὶ
1635 2373 1663 2399 ἓν
1676 2382 1701 2399 τι
1723 2374 1868 2409 φάντασμα
1884 2376 1930 2401 καὶ

1149 2421 1236 2448 κοινὸν
1247 2421 1392 2456 ἐκμαγεῖον
1404 2419 1458 2455 (57)
1474 2419 1539 2454 ὕλης
1553 2419 1806 2455 περιελαυνομένης,
1819 2421 1866 2447 καὶ
1880 2421 1929 2447 ὀλι-

1184 2508 1240 2543 (56)
1262 2508 1434 2543 Ἀλλ’νέστι,
1448 2511 1500 2534 etc.
1520 2506 1660 2543 Plutarch.
1671 2507 1728 2533 ἀλλ’
1742 2507 1782 2534 ἔτι
1799 2516 1864 2542 σαφ.
1886 2508 1928 2543 sui

1149 2543 1238 2579 αὑτῷν
1252 2542 1316 2579 ἴδοις
1399 2542 1469 2579 Lege
1487 2549 1560 2576 ergo,
1577 2542 1634 2568 ἀλλ’
1648 2542 1688 2568 ἐτι
1704 2543 1870 2579 σαφέστερον
1885 2542 1928 2569 ἐπ’

1149 2577 1459 2638 “79%

1197 2623 1213 2638 ἑ)
1372 2625 1375 2627 ⁴

1185 2612 1241 2647 (57)
1258 2611 1551 2646 Κοινὺντιέκμαγεῖον.
1575 2611 1694 2646 Corpus,
1719 2617 1766 2639 aut
1790 2612 1926 2640 hominem

1150 2648 1346 2686 ipsu_m,_certa
1365 2648 1485 2686 quadam
1502 2646 1589 2681 specie
1613 2647 1752 2686 figuraque
1770 2648 1926 2686 praeditum.

1149 2683 1236 2708 κοινὸν
1260 2682 1405 2716 ἐκμαγεῖον
1421 2686 1499 2708 vocat
1517 2689 1524 2707 :
1541 2683 1651 2708 materia
1674 2682 1745 2708 enim
1770 2682 1832 2709 licet
1857 2682 1927 2709 assi-

1148 2719 1216 2744 duas
1239 2724 1292 2743 uno
1319 2717 1345 2743 in
1372 2724 1484 2751 corpore
1509 2717 1672 2743 mutationes
1697 2717 1803 2746 elIiciat.
1831 2724 1927 2750 corpus

1147 2757 1236 2779 tamen
1252 2759 1346 2784 unum,
1363 2751 1440 2785 quasi
1456 2758 1598 2786 cominune
1618 2751 1754 2786 quoddam
1777 2753 1925 2785 exemplar.

1147 2787 1217 2822 quod
1235 2787 1386 2822 adulterare
1410 2787 1444 2813 sit
1467 2785 1553 2817 nefas,
1570 2786 1697 2812 intuetur.
1723 2787 1760 2813 De
1783 2787 1834 2814 alia
1851 2793 1927 2813 vocis

1148 2822 1229 2855 hujus
1244 2821 1409 2854 acceptione,
1435 2828 1487 2855 qua
1512 2827 1560 2855 pro
1583 2821 1776 2855 conceptacqu
1796 2822 1924 2851 sumitur,

1146 2854 1257 2883 consule
1270 2855 1408 2882 l‘eta‘vium
1427 2854 1548 2882 nostrum
1570 2855 1596 2881 in
1613 2854 1674 2882 Not.
1699 2856 1732 2882 ad
1746 2856 1895 2883 orationem
1908 2855 1922 2881 1

1146 2891 1287 2919 Themistii
1301 2898 1362 2925 pag.
1380 2890 1440 2917 51⁵1.
1457 2889 1523 2918 Vide
1537 2890 1617 2918 etiam
1636 2890 1705 2917 infra
1720 2898 1780 2926 pag.
1797 2890 1860 2923 845,
1875 2889 1923 2918 ubi
