2091 3208
329 213 382 241 879

657 209 790 237 EUSEBII
808 207 1046 237 CESA‘RIENSIS
1065 207 1137 236 OPP.
1157 206 1246 234 PARS
1262 206 1293 233 ll.
1314 222 1348 226 -—
1365 205 1612 233 APOLOCETICA.

1878 205 1927 235 88f!

328 273 392 300 dum
408 272 449 298 vel
466 271 579 307 instans,
597 270 639 297 vel
660 277 787 304 przcscus,
813 269 854 295 vel
874 277 946 295 nunc
967 269 1100 299 dicimus,
1116 271 1139 299 Α

1116 266 1360 302 Απαρῳχημένον,
1390 266 1449 293 οὐδὲ
1475 265 1666 302 πρεσϐύτερον,
1700 266 1758 292 οὐδὲ
1786 265 1925 302 νεώτερον

327 317 415 346 soluta
428 317 611 351 dissipataque
622 315 691 342 ratio
706 314 848 342 confestim
865 314 977 341 amittit:
992 315 1102 349 perinde

327 364 399 390 enim
415 363 442 390 in
467 362 587 389 futurum
604 369 637 388 ac
657 361 824 396 prmteritum
847 360 913 387 elisa
930 360 1101 392 distrahitur,

327 412 358 435 ut
372 409 398 434 in
419 407 557 435 oculorum
575 406 659 434 radiis
677 414 727 434 usu
744 406 827 437 venit,
845 405 867 432 si
885 405 947 440 quis
961 405 1031 440 quod
1053 412 1101 431 sua

327 453 442 487 quadam
466 453 628 480 necessitate
662 452 828 487 disjunctum
860 455 941 485 atque
965 451 1100 478 divulsum

325 503 379 530 est,
395 499 421 526 id
437 499 519 526 semel
535 498 632 526 intueri
648 498 721 525 velit.
738 497 797 524 Jam
813 497 834 524 si
849 497 942 524 eadeut
957 496 1026 530 ipsa,
1042 503 1102 530 qua:

325 544 440 578 tempori
468 543 586 570 metieuti
609 543 783 573 conveniunt,
808 549 850 575 ea,
876 548 957 576 quam
981 541 1100 572 metitur,

326 592 422 616 natura
437 588 542 620 subeat,
556 595 590 615 ne
605 588 662 622 ipsa
679 588 787 622 quidem
802 591 848 614 aut
863 591 963 617 manet,
978 591 1025 613 aut
1040 593 1102 613 vere

1153 312 1210 339 ἀλλ’
1227 310 1266 344 εἷς
1288 311 1335 342 ὢν,
1356 312 1395 338 ἐν).
1415 312 1453 347 τῷ
1469 307 1515 338 νῦν
1528 312 1556 338 τὸ
1571 312 1612 338 ἀεὶ
1627 312 1788 347 πεπλήρωκε
1800 321 1807 327 ·
1821 313 1868 338 καὶ
1885 313 1931 348 μδ-

1152 366 1196 384 νον
1212 357 1270 384 ἐστὶ
1289 357 1319 384 τὸ
1338 358 1397 384 κατ’
1420 357 1484 384 αὐτὸ
1503 357 1557 391 (Ἠ)
1573 357 1655 389 ὃντως
1674 357 1713 388 ὃν,
1731 357 1789 383 οὐδὲ
1812 357 1930 391 γεγονὸς,

1153 403 1212 430 οὐδὲ
1239 403 1376 438 ἐσόμενον,
1400 403 1459 429 οὐδὲ
1482 402 1642 438 ἀρξάμενον,
1667 402 1726 429 οὐδὲ
1754 403 1930 438 παυσόμενον.

1153 447 1244 478 Οὖτως
1258 445 1304 473 οὖν
1316 447 1381 473 αὐτὸ
1391 447 1431 473 δεῖ
1442 447 1601 482 σεϐομένους
1611 447 1780 479 ἀσπάζεσθαι
1792 447 1838 473 καὶ
1851 455 1933 482 προσ-

1154 492 1305 528 αγορεύειν,
1320 493 1336 527 ἢ
1351 493 1396 519 καὶ
1412 493 1444 528 νὴ
1457 493 1505 524 Δί’,
1519 493 1555 524 ὡς
1567 493 1630 519 ἔνιοι
1642 493 1694 519 τῶν
1706 493 1836 524 παλαιῶν,
1850 491 1881 520 Εἴ
1892 494 1931 519 ἓν.

1155 539 1193 566 Οὐ
1217 539 1271 574 γὰρ
1287 539 1371 565 πολλὰ
1383 539 1414 565 τὺ
1428 538 1503 565 Θεῖὁν
1515 540 1597 571 ἐστιν,
1614 539 1652 570 ὡς
1666 539 1744 574 ἡμῶν
1763 539 1887 572 ἕκαστος,
1903 540 1934 565 ἐκ

1157 585 1259 619 μυρίων
1269 584 1400 620 διαφορῶν
1410 584 1543 619 ἐμπάοεσι
1553 593 1565 606 ι
1574 585 1720 620 γινομένων
1729 585 1862 621 ἄθροισμα
1874 594 1931 612 πανι

326 637 378 665 est.
395 633 441 661 sed
457 637 537 668 prout
558 632 673 667 tempori
691 632 883 663 contribuitur,
904 631 945 658 vel
967 631 1100 662 nascitur,

325 679 367 706 vel
384 679 485 706 interit.
503 679 592 711 Quare
609 677 677 704 nihil
699 677 842 712 ejusmodi,
866 676 938 711 quod
961 683 1009 711 per
1027 681 1101 707 erat,

326 724 442 756 velerit,
466 723 641 758 signiﬁcetur,
660 723 693 749 de
708 729 740 749 eo
760 721 832 755 quod
849 725 900 754 est,
922 721 975 748 dici
998 725 1099 755 queat:

325 776 387 796 cum
406 769 458 796 ista
483 768 616 804 ejusmodi
642 767 692 801 rei,
714 775 775 802 quae
789 775 837 802 per
851 774 910 794 sese
935 766 1051 793 ﬁrmiter
1075 771 1102 793 et
1153 777 1208 799 τος.
1230 778 1238 794 ι

325 820 480 844 constanter
505 823 564 843 esse
589 823 642 842 non
678 818 777 849 potest,
810 814 999 841 inclinationes
1019 813 1142 848 quaedam
1163 823 1208 842 seu
1235 816 1406 850 trajectiones
1430 817 1648 852 deﬂexioncsque
1672 817 1736 844 sint.
1758 817 1792 844 At
1819 824 1881 843 vero
1900 817 1935 843 ita

326 861 405 894 plane
435 859 610 894 loquendum,
645 857 716 885 Deus
737 862 789 889 est,
806 865 855 885 nec
875 863 963 884 tamen
987 858 1044 892 ipse
1067 863 1187 893 tempore
1216 860 1272 886 ullo
1299 865 1350 893 est,
1373 861 1419 888 sed
1445 862 1594 889 aeternitate
1615 862 1761 893 duntaxat,
1785 870 1844 895 (μιεὲ
1860 868 1936 888 mqu

325 907 399 935 omni
413 908 540 942 omnique
553 910 672 940 tempore
686 905 766 932 simul
790 909 818 932 et
832 905 1005 932 inclinatione
1029 910 1104 932 caret
1121 909 1229 941 femus
1246 915 1295 934 nec
1321 907 1395 942 prius
1411 908 1557 943 quidquam
1574 913 1625 942 est,
1647 916 1698 936 nec
1717 909 1863 943 quidquam
1886 916 1936 942 po-

326 956 434 988 sterius.
450 954 570 982 futurum
586 953 663 986 nihil,
685 953 752 979 nihil
767 954 930 987 prmteritum
943 973 949 985 ,
970 954 1103 980 vetustius
1123 954 1201 986 nihil,
1222 954 1343 989 nilulque
1367 955 1511 983 recentius.
1543 955 1596 983 Sed
1615 955 1659 990 qui
1693 963 1764 983 unus
1785 960 1836 985 est.
1863 955 1934 982 idem

326 1007 382 1026 uno
405 999 485 1026 etiam
515 1005 596 1029 nunc,
621 996 777 1031 sempiterni
802 996 971 1023 duratiouem
998 996 1090 1031 implet
1110 1005 1117 1022 :
1138 997 1260 1032 adeoque
1283 999 1348 1026 illud
1372 1007 1456 1026 unum
1476 1004 1528 1032 est,
1549 1000 1620 1034 quod
1645 1008 1706 1028 vere
1728 1007 1776 1034 per
1806 1007 1865 1028 sese
1881 1004 1933 1030 est,

326 1052 380 1072 non
397 1048 486 1071 autem
514 1047 562 1070 aut
579 1041 648 1074 fuit,
678 1045 724 1068 aut
755 1041 874 1068 futurum
903 1046 962 1074 est;
982 1042 1209 1076 quemadmodum
1226 1051 1275 1070 ncc
1291 1044 1438 1079 aliquando
1462 1046 1554 1080 coepit.
1577 1053 1627 1073 nec
1649 1054 1767 1080 unquam
1784 1046 1933 1074 desiturum

325 1095 377 1118 est.
393 1090 439 1117 Sic
452 1089 532 1125 igitur
544 1089 614 1116 idem
642 1089 731 1124 ipsum
757 1088 920 1121 venerando,
946 1088 1064 1116 salutare
1079 1097 1138 1122 uos,
1159 1095 1185 1118 et
1201 1091 1334 1125 appellare
1350 1091 1437 1125 decet,
1461 1097 1509 1119 aut
1528 1093 1641 1125 saltem,
1659 1093 1702 1120 his
1724 1093 1827 1126 verbis,
1848 1093 1932 1120 Unam

325 1143 362 1167 es,
402 1136 428 1162 id
448 1134 520 1170 quod
544 1134 697 1169 priscorum
721 1133 845 1160 nonnulli
872 1133 1039 1161 factitabant.
1068 1134 1122 1162 Nec
1140 1136 1210 1163 enim
1240 1137 1317 1171 plura
1341 1137 1411 1165 Deus
1435 1143 1490 1171 est,
1512 1139 1550 1166 uti
1580 1143 1702 1166 nostrum
1735 1139 1864 1174 quilibet,
1884 1134 1932 1174 qui

326 1181 466 1217 congeries
490 1180 612 1216 quaedam
645 1187 752 1212 sumus,
782 1187 815 1206 ex
842 1179 917 1206 omni
942 1185 1132 1208 sexcentarum
1151 1181 1312 1209 varietatum
1339 1183 1455 1211 diversis
1488 1192 1521 1212 ex
1547 1185 1654 1212 casibus
1684 1185 1932 1221 mutationibusque

327 1229 494 1257 nascentium
520 1235 627 1263 genere,
646 1232 673 1254 et
689 1225 805 1261 quadam
822 1226 903 1253 veluti
922 1227 1096 1254 universitate
1114 1228 1228 1256 conﬂata
1259 1235 1341 1265 atque
1365 1231 1504 1266 permista.
1534 1231 1585 1258 Sed
1605 1240 1690 1259 unum
1716 1237 1821 1266 oportet
1836 1233 1861 1259 id
1871 1240 1933 1260 esse

327 1275 399 1310 quod
413 1279 463 1306 est,
478 1282 510 1301 ac
526 1273 645 1301 vicissim
680 1272 705 1299 id
734 1280 796 1300 esse
820 1273 891 1304 quod
908 1281 991 1300 unum
1009 1279 1059 1300 est.
1076 1273 1143 1301 Nam
1162 1275 1276 1303 alterum
1295 1277 1360 1311 quid
1382 1277 1404 1304 si
1426 1277 1544 1311 additur,
1566 1278 1631 1305 illud
1648 1285 1713 1305 sane
1731 1281 1859 1312 tanquam
1874 1278 1934 1313 ejus

1153 632 1276 664 τοδαπδν,
1290 633 1335 659 καὶ
1350 632 1532 668 πανηγυρικὸν
1545 632 1559 652 Β
1575 633 1749 668 μεμιγμένον.
1770 633 1837 660 Ἀλλ’
1850 632 1878 659 ἓν
1898 631 1938 659 εἷ-

1155 687 1198 704 ναι
1217 677 1256 704 δεῖ
1277 678 1308 704 τὸ
1331 678 1371 711 ὃν,
1394 677 1487 713 ὥσπερ
1501 677 1530 704 ὃν
1549 677 1579 704 τὸ
1592 678 1637 704 ἓν·
1652 680 1668 714 ἡ
1682 678 1710 704 δὲ
1726 678 1860 713 ἑτερότης,
1876 678 1921 705 δια

1156 723 1225 758 φορὰ
1240 723 1287 749 τοῦ
1311 724 1395 755 ὄντος,
1420 724 1458 756 εἰς
1478 723 1582 758 γένεσιν
1604 723 1740 756 ἐξίσταται
1762 723 1808 750 τοῦ
1830 723 1867 758 μὴ
1891 724 1921 749 δν

327 1322 397 1358 quod
421 1327 472 1355 est,
500 1320 659 1352 dlﬂ'erentia,
683 1320 715 1346 ad
739 1320 798 1354 ejus
820 1320 891 1354 quod
909 1321 1010 1348 nullum
1034 1326 1086 1355 est,
1106 1324 1318 1356 procreationem
1339 1325 1464 1352 declinat.
1480 1335 1488 1351 ι
1507 1325 1642 1353 Hactenus
1655 1326 1817 1353 Plutarchus

620 1366 733 1394 CAPUT
749 1366 806 1394 ΧΠ.

466 1413 547 1440 Deum
563 1412 645 1440 verbis
660 1412 789 1446 explicari
806 1420 857 1438 non
878 1421 964 1447 posse.

363 1459 492 1487 Similiter
511 1467 572 1486 cum
593 1458 699 1493 Moyses
723 1465 754 1484 ac
774 1458 910 1492 propheta:
931 1457 1102 1485 Hebraeorum

328 1506 459 1538 universi,
477 1509 601 1532 naturam
625 1503 704 1538 530
726 1503 843 1530 divinam
865 1504 955 1531 verbis
977 1504 1104 1538 explicari

327 1560 381 1580 non
394 1559 473 1587 posse
485 1552 610 1583 doceant,
620 1551 733 1586 ejusque
744 1550 873 1577 reconditi
887 1551 1004 1577 nominis
1013 1558 1105 1585 quam-

327 1600 389 1626 dam
404 1598 486 1625 veluti
502 1603 606 1628 notam,
625 1596 767 1632 singulari,
786 1603 866 1630 quam
887 1595 994 1630 ipsimet
1009 1596 1105 1623 elferre

327 1653 382 1673 non
408 1645 531 1680 possint,
560 1643 756 1671 elementorum
787 1641 978 1669 informatione
1006 1650 1106 1677 repraa-

329 1694 446 1723 scatent,
469 1689 570 1716 videsis
588 1696 670 1723 quam
698 1688 768 1715 belle
784 1686 860 1714 Plato
875 1695 936 1714 cum
963 1687 1057 1722 iisdem
1078 1688 1104 1714 in

328 1743 425 1769 magna
445 1735 490 1762 illa
503 1734 616 1769 epistola
642 1734 805 1764 consentiat,
823 1733 886 1760 dum
911 1733 947 1759 ita
963 1733 1103 1767 loquitur:

331 1791 340 1807 ι
362 1780 417 1808 Nec
431 1781 514 1812 enim,
538 1780 636 1814 inquit,
661 1779 699 1805 uti
718 1779 823 1813 reliqua
843 1777 1048 1812 disciplinarum
1064 1785 1107 1813 ge—

329 1833 394 1852 nera
419 1825 516 1857 solent,
539 1824 592 1851 ulla
611 1823 717 1858 penitus
738 1822 852 1857 exprimi
863 1823 1005 1849 verborum
1020 1822 1105 1857 signi—

328 1871 455 1899 ﬁcatione
469 1875 576 1905 potest:
599 1869 644 1897 sed
663 1874 778 1902 tantum,
796 1874 857 1904 post
873 1869 979 1903 longam
994 1876 1055 1895 cum
1073 1876 1106 1896 eo

328 1918 390 1945 vita:
406 1915 641 1947 consuetudinem,
670 1919 778 1950 repente
804 1915 895 1942 lumen
922 1914 1041 1949 aliquod,
1067 1914 1106 1941 sic

327 1968 457 1997 tanquam
471 1962 612 1989 exsiliente
636 1962 697 1996 igne
713 1969 885 1994 succensum,
907 1960 953 1987 ubi
971 1960 1055 1987 semel
1078 1960 1104 1986 in

327 2009 449 2037 animum
477 2008 581 2039 incidit,
606 2015 635 2035 se
660 2007 720 2042 ipso
743 2007 871 2042 deinceps
895 2006 976 2033 alitur
1007 2010 1034 2032 et
1056 2005 1106 2040 gli-

1412 1373 1607 1400 ΚΕΦΑΛΑΙΟΝ
1628 1374 1677 1400 IB’.

1368 1419 1423 1445 Ὀτι
1436 1419 1564 1453 ᾶῤῥητυν
1580 1418 1611 1444 τὸ
1628 1419 1720 1445 Θεῖον.

1189 1461 1309 1493 Μωσέως
1330 1463 1375 1489 καὶ
1391 1463 1444 1490 τῶν
1459 1465 1522 1499 παρ’
1540 1464 1674 1500 Ἑϐραίοις
1695 1465 1840 1500 προφητῶν
1853 1465 1932 1492 ἀπάν-

1154 1514 1207 1532 των
1224 1507 1340 1542 ἄρρητον
1354 1506 1422 1534 εἶναι
1436 1509 1466 1535 τὸ
1482 1509 1558 1536 Θεῐον
1568 1509 1754 1541 διδασκόντων,
1769 1510 1814 1535 καὶ
1828 1510 1877 1544 τῆς
1889 1511 1934 1545 ἁρ-

1156 1552 1240 1587 ρἡου
1258 1554 1442 1589 προσηγορίας
1457 1555 1488 1581 τὸ
1499 1554 1630 1590 σύμϐολον
1643 1555 1687 1581 διὰ
1699 1555 1750 1590 τῆς
1766 1556 1828 1590 παρ’
1844 1555 1934 1586 αὐτοῖς

1155 1598 1344 1633 ὰνεκφωνήτου
1361 1608 1393 1635 ση
1398 1599 1533 1634 μειώσεως
1545 1601 1756 1635 ὑποφαινόντων,
1770 1601 1873 1632 τούτοις
1888 1601 1934 1627 καὶ

1155 1644 1169 1670 ὀ
1186 1643 1296 1670 Πλάτων
1313 1645 1462 1680 συμφώνως
1484 1646 1574 1677 αὐτοῖς
1591 1647 1708 1682 ῥήμασιν
1726 1647 1754 1672 ὲν
1775 1648 1808 1682 τῇ
1830 1647 1935 1683 μεγάλῃ

1156 1689 1280 1725 ἐπιστολῇ
1299 1688 1343 1716 οἷά
1367 1699 1448 1725 φησιν
1468 1692 1564 1718 ἄκουε·
1591 1701 1600 1716 ι
1623 1692 1715 1727 Ῥητὸν
1738 1691 1791 1726 γὰρ
1812 1692 1934 1726 οὐδαμῶς

1157 1735 1240 1765 ἐστιν,
1252 1735 1289 1766 ὡς
1305 1735 1371 1762 ἄλλα
1395 1736 1552 1772 μαθήματα,
1565 1737 1620 1763 ἀλλ’
1633 1738 1665 1763 ἐκ
1682 1737 1778 1772 πολλῆς
1796 1737 1934 1769 συνουσίας

1156 1780 1298 1815 γινομένης
1314 1782 1377 1816 περὶ
1387 1782 1417 1808 τὸ
1428 1783 1541 1818 πρᾶγμα
1554 1783 1627 1814 αὐτὸ,
1639 1783 1685 1809 καὶ
1699 1782 1745 1809 τοῦ
1761 1781 1854 1817 συζῇν,
1868 1782 1934 1816 ἐξαί-

1157 1833 1225 1860 φνης
1240 1823 1294 1851 οἷον
1309 1827 1362 1853 ἀπὸ
1385 1828 1470 1863 πυρὸς
1495 1828 1663 1863 πηδήσαντος
1688 1827 1802 1862 ἐξαφθὲν
1823 1827 1880 1862 φῶς
1901 1829 1933 1863 τῇ

1155 1871 1227 1907 ψυχῇ
1242 1873 1394 1907 γενόμενον,
1411 1874 1476 1900 αὐτὸ
1494 1874 1574 1900 ἑαυτὸ
1591 1874 1639 1910 ἥδη
1654 1874 1756 1909 τρέφει.
1776 1883 1786 1899 ›
1809 1875 1864 1900 Kal.
1878 1875 1935 1902 τὸὂι

1156 1916 1184 1942 δὲ
1216 1918 1261 1943 τοῦ
1296 1919 1383 1952 φωτὸς
1416 1919 1447 1946 τὸ
1483 1920 1655 1955 παράδειγμα
1686 1919 1828 1955 πῳλαὸὼν
1859 1920 1935 1951 ἄλλος

1162 1962 1293 1998 Ἑϐραίων
1320 1966 1461 2000 προφήτης
1491 1965 1659 2001 παρέστησεν
1685 1964 1769 1991 εἰπών
1788 1973 1794 1979 ·
1827 1975 1836 1991 ι
1859 1965 1935 1991 Ἐση·

1159 2009 1260 2044 μειώοη
1282 2010 1323 2043 ἐφ’
1343 2012 1416 2046 ἡμᾶς
1435 2011 1465 2038 τὸ
1489 2012 1546 2046 φῶς
1567 2012 1613 2038 τοῦ
1639 2011 1783 2046 προσώπου
1809 2019 1866 2042 σου,
1880 2011 1935 2038 Κύ-

329 2055 390 2082 scit.
414 2063 424 2079 ›
453 2053 540 2089 Atque
562 2053 633 2080 banc
652 2053 732 2080 etiam
755 2053 866 2080 luminis
888 2051 1104 2084 similitudinem,
1119 2042 1140 2070 (ἶ

1119 2042 1140 2070 c
1158 2042 1199 2089 ριε
1210 2063 1216 2068 ·
1234 2064 1243 2080 ›
1255 2042 1313 2082 Ὕκαι
1325 2042 1402 2088 ἄλλος
1416 2042 1510 2084 πάλιν·
1556 2058 1600 2084 Ἑν
1622 2042 1743 2093 τῷῖφωτί
1757 2066 1803 2084 σου
1817 2057 1935 2093 ὀψόμεθα

329 2099 399 2126 alius
411 2098 586 2126 Hebrzeorum
603 2098 795 2133 prophetarum
812 2105 867 2125 non
882 2104 962 2124 nemo
974 2097 1030 2132 jam
1045 2101 1106 2124 ante

1159 2100 1226 2134 φῶς.
1249 2112 1258 2129 ι

330 2150 518 2180 occupaverat,
541 2145 584 2173 bis
603 2145 704 2178 verbis,
720 2155 729 2170 ι
750 2144 890 2180 Signatum
911 2148 953 2171 est
983 2152 1064 2180 super
1084 2153 1134 2173 nos
1153 2147 1243 2176 lumen
1274 2149 1363 2178 vultus
1382 2151 1431 2183 tui,
1455 2151 1565 2179 Domine
1578 2152 1599 2179 ⁵.
1618 2161 1627 2178 ι
1646 2152 1767 2186 Itemque
1781 2152 1862 2184 alius,
1877 2161 1886 2176 ι
1908 2151 1935 2177 lu

329 2194 431 2222 lumine
443 2198 499 2226 tuo,
527 2193 623 2228 inquit,
650 2193 806 2232 videbimus.
815 2193 905 2220 lumen
919 2192 940 2219 ‘.
957 2201 967 2218 ι

620 2239 733 2267 CAPUT
752 2239 822 2266 Xlll.

505 2286 591 2314 Unum
606 2295 636 2313 ac
658 2286 742 2313 solum
762 2294 816 2313 esse
836 2285 930 2312 Deum.

364 2331 510 2364 Pratterea,
537 2340 599 2359 cum
628 2332 661 2359 dc
693 2331 813 2359 universi
840 2331 1013 2357 moderatore
1035 2330 1108 2363 Deo,

329 2386 416 2407 unum
434 2377 539 2414 Moyses
564 2377 647 2404 Deum
671 2377 745 2405 illum
759 2384 819 2404 esse
841 2376 1016 2411 pronuntiet,
1046 2377 1108 2404 dum

331 2425 369 2452 ait
381 2425 402 2458 ',
427 2434 437 2450 ι
453 2423 534 2455 Audi,
552 2423 643 2455 Israel,
667 2422 799 2450 Dominus
822 2421 894 2449 Deus
917 2427 1022 2454 noster,
1053 2422 1107 2449 Do-

331 2470 420 2497 minus
435 2477 505 2497 unus
519 2474 570 2502 est,
589 2479 597 2495 ι
613 2469 689 2496 Plato
705 2475 800 2495 rursus
816 2475 876 2495 cum
889 2475 922 2495 eo
933 2468 1107 2500 conveniens,

331 2515 372 2542 uti
391 2516 488 2543 coelum
506 2523 601 2548 unum,
627 2515 664 2542 ita
681 2514 765 2541 Deum
783 2521 868 2540 unum
885 2521 945 2541 esse
961 2513 1061 2540 docens
1081 2513 1107 2539 in

1416 2243 1609 2269 ΚΕΦΑΛΔΙΟΝ
1627 2243 1675 2270 ΙΓ.

1353 2287 1411 2314 Ὅτι
1428 2287 1499 2320 Θεὸς
1511 2286 1554 2321 εἷς
1570 2289 1635 2315 ἐστι
1641 2290 1742 2323 μόνος.

1195 2332 1314 2363 Μωσέως
1334 2332 1399 2367 περὶ
1418 2332 1465 2358 τοῦ
1483 2332 1536 2358 τῶν
1555 2333 1622 2359 ὅλων
1646 2333 1713 2359 Θεοῦ
1734 2334 1881 2368 φήσαντος,
1897 2332 1936 2360 ﬁt

1161 2377 1226 2409 Θεὸς
1250 2375 1290 2410 εἷς
1315 2379 1372 2404 ἐστι
1394 2378 1487 2413 μόνος·
1511 2388 1521 2404 Ι
1542 2379 1650 2412 Ἄκουε,
1667 2379 1784 2414 Ἰσραὴλ,
1803 2379 1903 2414 Κύριος
1922 2377 1936 2404 ὁ

1161 2423 1225 2454 Θεὸς
1245 2424 1333 2459 ἡμῶν,
1357 2425 1458 2460 Κύριος
1479 2420 1518 2455 εἷς
1539 2424 1612 2450 ἐστι·
1637 2434 1646 2449 ι
1673 2424 1753 2451 πάλιν
1777 2424 1792 2450 ὁ
1815 2424 1936 2456 Πλάτων,

1160 2468 1246 2504 τούτῳ
1268 2468 1429 2504 συντρέχων,
1448 2469 1496 2496 ἕνα
1516 2469 1580 2495 Θεὸν
1600 2467 1678 2501 εἶναι,
1697 2469 1735 2498 ὡς
1758 2469 1806 2495 καὶ
1826 2468 1936 2504 οὐρανὸν

1160 2514 1207 2540 ἕνα
1221 2514 1351 2545 διδάσκει,
1371 2511 1422 2540 ὧδέ
1437 2522 1475 2549 πη
1495 2513 1579 2548 λέγων
1598 2515 1627 2540 ὲν
1647 2514 1767 2548 Τιμαίῳ”
1793 2523 1802 2539 t
1822 2514 1936 2550 Πότερον

333 2560 449 2588 Timeo:
464 2570 473 2586 ι
487 2561 601 2589 Rectene
617 2561 708 2596 igitur,
725 2560 822 2595 inquit,
837 2559 934 2587 coelum
949 2567 1033 2586 unum
1048 2566 1108 2586 esse
1123 2554 1145 2580 Ι)

1123 2554 1145 2580 D
1159 2556 1205 2585 οὖν
1221 2558 1307 2594 ὀρθῶς
1320 2558 1369 2585 ’ἐνα
1382 2558 1494 2595 οὐρανὸν
1510 2560 1721 2595 προειρήκαμεν,
1737 2559 1753 2594 ἦ
1770 2559 1884 2590 πολλοὺς
1894 2558 1936 2586 καὶ

333 2611 411 2633 antea
428 2607 581 2639 statuimus,
606 2614 639 2632 an
655 2613 719 2632 vero
736 2605 849 2636 multos,
872 2605 993 2639 adeoque
1018 2603 1108 2630 inﬁni-

334 2656 375 2678 tos
396 2651 519 2686 posuisse
537 2651 702 2686 praestabat?
728 2649 818 2678 Unum
845 2650 955 2684 utique,
978 2649 1001 2676 si
1027 2649 1108 2676 modo

333 2703 413 2724 suum
433 2697 466 2723 ad
490 2697 626 2732 exemplar
647 2696 846 2724 conformatum
871 2695 937 2722 illud
964 2702 1024 2722 esse
1043 2702 1108 2721 con-

333 2742 465 2769 cedimus.
489 2741 564 2775 Quod
580 2751 650 2769 enim
666 2743 818 2769 animantes
839 2748 935 2768 omnes
958 2740 1108 2774 intelligen—

369 2800 380 2815 ⁵
397 2799 467 2827 Psal.
489 2807 524 2833 tv,
545 2800 570 2827 7.
608 2800 618 2815 ⁶
637 2799 706 2827 Psal.
727 2807 804 2827 xxxv.
829 2799 871 2828 Ἠ).
909 2799 919 2814 ⁷
939 2797 1016 2825 Deut.
1036 2805 1073 2829 v1,
1091 2797 1109 2824 ι

369 2864 383 2877 ι
397 2858 439 2883 Pl.
452 2857 480 2882 ἐν
495 2856 602 2883 πάθεσι.
640 2857 654 2876 δ
670 2856 714 2884 Pl.
731 2855 922 2890 πανηγυρικῶς

1160 2603 1287 2640 ἀπείρους
1301 2604 1391 2638 λέγειν
1404 2602 1437 2640 ἦν
1459 2605 1615 2640 ὀρθότερον;
1632 2605 1707 2637 Ἕνα,
1723 2605 1802 2640 εἴπερ
1817 2604 1887 2631 κατὰ
1909 2603 1938 2630 τὸ

1161 2649 1333 2684 παράδειγμα
1345 2649 1605 2685 δεδημιουργημένος
1619 2650 1703 2676 ἔσται.
1719 2650 1755 2676 Τὸ
1778 2649 1833 2685 γὰρ
1861 2657 1937 2683 περιο

1159 2693 1219 2728 έχον
1235 2694 1323 2720 πάντα
1342 2694 1429 2721 ὁπόσα
1447 2695 1528 2729 νοητὰ
1548 2691 1615 2727 ζῶα,
1632 2695 1690 2730 μεθ’
1707 2695 1801 2730 ἑτέρου
1816 2694 1938 2729 δεύτερον

1158 2739 1208 2765 οὑκ
1222 2740 1253 2766 ἄν
1269 2748 1332 2767 ποτε
1347 2741 1401 2774 εἴη.
1420 2751 1429 2767 ι
1446 2740 1529 2776 Δῆλος
1536 2738 1570 2767 ’δέ
1585 2742 1657 2767 ἐστιν
1670 2741 1718 2768 ἕνα
1731 2741 1797 2767 Θεὸν
1812 2739 1900 2772 εἰδὼς,
1914 2738 1939 2766 ει

369 2901 426 2938 (τι)
439 2902 507 2929 Κατ’
520 2903 598 2929 adrd,
621 2901 654 2929 Et
676 2902 727 2930 hoc
744 2902 854 2934 rectius,
877 2908 958 2935 quam
973 2904 1003 2928 ut
1024 2899 1094 2934 apud
1107 2898 1194 2926 l’lutal

624 2901 654 2929 Et
676 2902 727 2930 hoc
744 2902 854 2934 rectius,
877 2908 958 2935 quam
973 2904 1003 2928 ut
1024 2899 1094 2934 apud
1107 2897 1245 2926 Plutarch.
1261 2896 1331 2924 κατὰ
1346 2895 1449 2923 τοῦτον.
