  <div class='ocr_page' id='page_1' title='image "/cluster/home/n/w/nwhite01/storage/ocr_20150623/21/njp.32101077772489/482.png"; bbox 0 0 2091 3208; ppageno 0'>
   <div class='ocr_carea' id='block_1_1' title="bbox 168 161 221 190">
    <p class='ocr_par' dir='ltr' id='par_1_1' title="bbox 168 161 221 190">
     <span class='ocr_line' id='line_1_1' title="bbox 168 161 221 190; baseline 0 0"><span class='ocrx_word' id='word_1_1' title='bbox 168 161 221 190; x_wconf 66' lang='grc'><strong>881</strong></span> 
     </span>
    </p>
   </div>
   <div class='ocr_carea' id='block_1_2' title="bbox 746 164 1201 193">
    <p class='ocr_par' dir='ltr' id='par_1_2' title="bbox 746 164 1201 193">
     <span class='ocr_line' id='line_1_2' title="bbox 746 164 1201 193; baseline -0.002 0"><span class='ocrx_word' id='word_1_2' title='bbox 746 165 905 193; x_wconf 70' lang='grc' dir='ltr'><strong>ΡΗΑΞΡΛΒ.</strong></span> <span class='ocrx_word' id='word_1_3' title='bbox 928 164 1051 193; x_wconf 77' lang='lat' dir='ltr'><strong>EVANG.</strong></span> <span class='ocrx_word' id='word_1_4' title='bbox 1070 165 1133 193; x_wconf 85' lang='lat' dir='ltr'><strong>LIB.</strong></span> <span class='ocrx_word' id='word_1_5' title='bbox 1154 164 1201 193; x_wconf 78' lang='lat' dir='ltr'><strong>Xl.</strong></span> 
     </span>
    </p>
   </div>
   <div class='ocr_carea' id='block_1_3' title="bbox 1727 162 1779 191">
    <p class='ocr_par' dir='ltr' id='par_1_3' title="bbox 1727 162 1779 191">
     <span class='ocr_line' id='line_1_3' title="bbox 1727 162 1779 191; baseline 0 0"><span class='ocrx_word' id='word_1_6' title='bbox 1727 162 1779 191; x_wconf 63' lang='lat'>88‘!</span> 
     </span>
    </p>
   </div>
   <div class='ocr_carea' id='block_1_4' title="bbox 169 221 938 263">
    <p class='ocr_par' dir='ltr' id='par_1_4' title="bbox 169 221 938 263">
     <span class='ocr_line' id='line_1_4' title="bbox 169 221 938 263; baseline 0.005 -14"><span class='ocrx_word' id='word_1_7' title='bbox 169 222 218 249; x_wconf 77' lang='grc' dir='ltr'><strong>καὶ</strong></span> <span class='ocrx_word' id='word_1_8' title='bbox 239 221 359 258; x_wconf 81' lang='grc' dir='ltr'><strong>συνήθως</strong></span> <span class='ocrx_word' id='word_1_9' title='bbox 375 223 496 260; x_wconf 85' lang='grc' dir='ltr'>Ἕλλησι,</span> <span class='ocrx_word' id='word_1_10' title='bbox 512 226 544 261; x_wconf 80' lang='grc' dir='ltr'>τῇ</span> <span class='ocrx_word' id='word_1_11' title='bbox 567 223 623 251; x_wconf 76' lang='grc' dir='ltr'>τῶν</span> <span class='ocrx_word' id='word_1_12' title='bbox 639 226 768 252; x_wconf 80' lang='grc' dir='ltr'>πλειόνων</span> <span class='ocrx_word' id='word_1_13' title='bbox 788 226 866 253; x_wconf 79' lang='grc' dir='ltr'>εῐωθε</span> <span class='ocrx_word' id='word_1_14' title='bbox 887 226 938 263; x_wconf 78' lang='grc' dir='ltr'><strong>χρῆ</strong></span> 
     </span>
    </p>
   </div>
   <div class='ocr_carea' id='block_1_5' title="bbox 994 221 1780 263">
    <p class='ocr_par' dir='ltr' id='par_1_5' title="bbox 1005 224 1780 261">
     <span class='ocr_line' id='line_1_5' title="bbox 1005 224 1780 261; baseline -0.003 -8"><span class='ocrx_word' id='word_1_15' title='bbox 1005 227 1041 253; x_wconf 86' lang='lat' dir='ltr'><strong>tia</strong></span> <span class='ocrx_word' id='word_1_16' title='bbox 1065 226 1191 261; x_wconf 73' lang='lat' dir='ltr'><strong>prteditas</strong></span> <span class='ocrx_word' id='word_1_17' title='bbox 1209 226 1414 260; x_wconf 79' lang='lat' dir='ltr'><strong>complectatur,</strong></span> <span class='ocrx_word' id='word_1_18' title='bbox 1441 225 1468 252; x_wconf 91' lang='lat' dir='ltr'><strong>id</strong></span> <span class='ocrx_word' id='word_1_19' title='bbox 1492 232 1558 252; x_wconf 82' lang='lat' dir='ltr'><strong>sane</strong></span> <span class='ocrx_word' id='word_1_20' title='bbox 1583 231 1720 259; x_wconf 85' lang='lat' dir='ltr'><strong>nunquam</strong></span> <span class='ocrx_word' id='word_1_21' title='bbox 1740 224 1780 251; x_wconf 75' lang='lat' dir='ltr'><strong>sl-</strong></span> 
     </span>
    </p>
   </div>
   <div class='ocr_carea' id='block_1_6' title="bbox 171 268 951 306">
    <p class='ocr_par' dir='ltr' id='par_1_6' title="bbox 171 268 951 306">
     <span class='ocr_line' id='line_1_6' title="bbox 171 268 951 306; baseline 0.005 -12"><span class='ocrx_word' id='word_1_22' title='bbox 171 268 233 294; x_wconf 78' lang='grc' dir='ltr'>σθαι</span> <span class='ocrx_word' id='word_1_23' title='bbox 249 269 417 305; x_wconf 77' lang='grc' dir='ltr'><strong>προσηγορίᾳ</strong></span> <span class='ocrx_word' id='word_1_24' title='bbox 432 271 478 297; x_wconf 74' lang='grc' dir='ltr'>καὶ</span> <span class='ocrx_word' id='word_1_25' title='bbox 488 270 541 297; x_wconf 82' lang='grc' dir='ltr'><strong>ἀπὸ</strong></span> <span class='ocrx_word' id='word_1_26' title='bbox 555 271 604 306; x_wconf 82' lang='grc' dir='ltr'>τῆς</span> <span class='ocrx_word' id='word_1_27' title='bbox 618 271 685 306; x_wconf 73' lang='grc' dir='ltr'>πρὸς</span> <span class='ocrx_word' id='word_1_28' title='bbox 699 271 834 298; x_wconf 88' lang='grc' dir='ltr'>Διονύσιον</span> <span class='ocrx_word' id='word_1_29' title='bbox 848 272 951 298; x_wconf 70' lang='grc' dir='ltr'>ἐπιστορ</span> 
     </span>
    </p>
   </div>
   <div class='ocr_carea' id='block_1_7' title="bbox 170 311 951 352">
    <p class='ocr_par' dir='ltr' id='par_1_7' title="bbox 170 311 951 352">
     <span class='ocr_line' id='line_1_7' title="bbox 170 311 951 352; baseline 0.004 -13"><span class='ocrx_word' id='word_1_30' title='bbox 170 313 230 349; x_wconf 80' lang='grc' dir='ltr'>λῆς,</span> <span class='ocrx_word' id='word_1_31' title='bbox 246 315 275 340; x_wconf 89' lang='grc' dir='ltr'><strong>ἐν</strong></span> <span class='ocrx_word' id='word_1_32' title='bbox 327 314 447 350; x_wconf 80' lang='grc' dir='ltr'>σύμϐολα</span> <span class='ocrx_word' id='word_1_33' title='bbox 461 315 556 347; x_wconf 82' lang='grc' dir='ltr'>διδοὺς,</span> <span class='ocrx_word' id='word_1_34' title='bbox 572 315 625 342; x_wconf 84' lang='grc' dir='ltr'>τῶν</span> <span class='ocrx_word' id='word_1_35' title='bbox 639 325 668 343; x_wconf 87' lang='grc' dir='ltr'><strong>τε</strong></span> <span class='ocrx_word' id='word_1_36' title='bbox 683 316 726 343; x_wconf 80' lang='grc' dir='ltr'><strong>διὰ</strong></span> <span class='ocrx_word' id='word_1_37' title='bbox 749 316 864 352; x_wconf 78' lang='grc' dir='ltr'><strong>σπουδῆς</strong></span> <span class='ocrx_word' id='word_1_38' title='bbox 878 316 951 352; x_wconf 86' lang='grc' dir='ltr'><strong>αὺτῷ</strong></span> 
     </span>
    </p>
   </div>
   <div class='ocr_carea' id='block_1_8' title="bbox 169 360 951 398">
    <p class='ocr_par' dir='ltr' id='par_1_8' title="bbox 169 360 951 398">
     <span class='ocr_line' id='line_1_8' title="bbox 169 360 951 398; baseline 0.005 -13"><span class='ocrx_word' id='word_1_39' title='bbox 169 360 348 395; x_wconf 73' lang='grc' dir='ltr'><strong>γραφομένων</strong></span> <span class='ocrx_word' id='word_1_40' title='bbox 363 361 520 394; x_wconf 74' lang='grc' dir='ltr'><strong>ἐπιστολῶν,</strong></span> <span class='ocrx_word' id='word_1_41' title='bbox 544 362 656 389; x_wconf 75' lang='grc' dir='ltr'>καὶτῶν</span> <span class='ocrx_word' id='word_1_42' title='bbox 675 363 762 394; x_wconf 80' lang='grc' dir='ltr'>ἄλλως</span> <span class='ocrx_word' id='word_1_43' title='bbox 781 363 951 398; x_wconf 74' lang='grc' dir='ltr'>ἀπερριμμέ-</span> 
     </span>
    </p>
   </div>
   <div class='ocr_carea' id='block_1_9' title="bbox 169 404 950 442">
    <p class='ocr_par' dir='ltr' id='par_1_9' title="bbox 169 404 950 442">
     <span class='ocr_line' id='line_1_9' title="bbox 169 404 950 442; baseline 0.005 -12"><span class='ocrx_word' id='word_1_44' title='bbox 169 412 232 436; x_wconf 87' lang='grc' dir='ltr'><strong>νων,</strong></span> <span class='ocrx_word' id='word_1_45' title='bbox 252 404 305 430; x_wconf 85' lang='grc' dir='ltr'>τῶν</span> <span class='ocrx_word' id='word_1_46' title='bbox 326 405 374 439; x_wconf 76' lang='grc' dir='ltr'>μὲν</span> <span class='ocrx_word' id='word_1_47' title='bbox 396 406 477 441; x_wconf 79' lang='grc' dir='ltr'>μηδὲν</span> <span class='ocrx_word' id='word_1_48' title='bbox 499 407 615 441; x_wconf 75' lang='grc' dir='ltr'><strong>ἐχουσῶν</strong></span> <span class='ocrx_word' id='word_1_49' title='bbox 631 408 770 434; x_wconf 77' lang='grc' dir='ltr'>σπουδαῖον</span> <span class='ocrx_word' id='word_1_50' title='bbox 790 409 900 442; x_wconf 87' lang='grc' dir='ltr'>σημεῖον</span> <span class='ocrx_word' id='word_1_51' title='bbox 920 408 950 434; x_wconf 80' lang='grc' dir='ltr'>τὸ</span> 
     </span>
    </p>
   </div>
   <div class='ocr_carea' id='block_1_10' title="bbox 169 448 950 489">
    <p class='ocr_par' dir='ltr' id='par_1_10' title="bbox 169 448 950 489">
     <span class='ocr_line' id='line_1_10' title="bbox 169 448 950 489; baseline 0.005 -14"><span class='ocrx_word' id='word_1_52' title='bbox 169 448 224 476; x_wconf 82' lang='grc' dir='ltr'><strong>τῶν</strong></span> <span class='ocrx_word' id='word_1_53' title='bbox 239 450 307 476; x_wconf 80' lang='grc' dir='ltr'>θεῶν</span> <span class='ocrx_word' id='word_1_54' title='bbox 321 450 403 485; x_wconf 75' lang='grc' dir='ltr'>ὄνομα</span> <span class='ocrx_word' id='word_1_55' title='bbox 420 452 577 486; x_wconf 82' lang='grc' dir='ltr'>προστάξειν</span> <span class='ocrx_word' id='word_1_56' title='bbox 593 459 605 472; x_wconf 75' lang='grc' dir='ltr'><strong>ιι</strong></span> <span class='ocrx_word' id='word_1_57' title='bbox 621 453 715 488; x_wconf 74' lang='grc' dir='ltr'>ἔφησε,</span> <span class='ocrx_word' id='word_1_58' title='bbox 731 454 784 480; x_wconf 84' lang='grc' dir='ltr'>τῶν</span> <span class='ocrx_word' id='word_1_59' title='bbox 797 453 824 479; x_wconf 76' lang='grc' dir='ltr'>δὲ</span> <span class='ocrx_word' id='word_1_60' title='bbox 840 463 950 489; x_wconf 74' lang='grc' dir='ltr'>πεφρον-</span> 
     </span>
    </p>
   </div>
   <div class='ocr_carea' id='block_1_11' title="bbox 168 494 948 532">
    <p class='ocr_par' dir='ltr' id='par_1_11' title="bbox 168 494 948 532">
     <span class='ocr_line' id='line_1_11' title="bbox 168 494 948 532; baseline 0.008 -13"><span class='ocrx_word' id='word_1_61' title='bbox 168 494 301 529; x_wconf 76' lang='grc' dir='ltr'>τισμένως</span> <span class='ocrx_word' id='word_1_62' title='bbox 316 495 389 529; x_wconf 76' lang='grc' dir='ltr'>αὐτῷ</span> <span class='ocrx_word' id='word_1_63' title='bbox 414 497 630 531; x_wconf 74' lang='grc' dir='ltr'><strong>συνταττομένων</strong></span> <span class='ocrx_word' id='word_1_64' title='bbox 649 498 679 524; x_wconf 75' lang='grc' dir='ltr'>τὸ</span> <span class='ocrx_word' id='word_1_65' title='bbox 703 498 749 524; x_wconf 78' lang='grc' dir='ltr'>τοῦ</span> <span class='ocrx_word' id='word_1_66' title='bbox 769 498 844 524; x_wconf 83' lang='grc' dir='ltr'>Θεοῦ.</span> <span class='ocrx_word' id='word_1_67' title='bbox 868 499 948 532; x_wconf 83' lang='grc' dir='ltr'>Λέγει</span> 
     </span>
    </p>
   </div>
   <div class='ocr_carea' id='block_1_12' title="bbox 167 538 947 580">
    <p class='ocr_par' dir='ltr' id='par_1_12' title="bbox 167 538 947 580">
     <span class='ocr_line' id='line_1_12' title="bbox 167 538 947 580; baseline 0.006 -14"><span class='ocrx_word' id='word_1_68' title='bbox 167 540 191 567; x_wconf 77' lang='grc' dir='ltr'><strong>δ⁴</strong></span> <span class='ocrx_word' id='word_1_69' title='bbox 205 539 251 567; x_wconf 81' lang='grc' dir='ltr'>οὖν</span> <span class='ocrx_word' id='word_1_70' title='bbox 265 538 314 567; x_wconf 83' lang='grc' dir='ltr'>ὦδε</span> <span class='ocrx_word' id='word_1_71' title='bbox 330 542 398 568; x_wconf 78' lang='grc' dir='ltr'><strong>χατὰ</strong></span> <span class='ocrx_word' id='word_1_72' title='bbox 418 542 504 574; x_wconf 53' lang='grc' dir='ltr'>λέξιν</span> <span class='ocrx_word' id='word_1_73' title='bbox 529 553 538 567; x_wconf 76' lang='grc' dir='ltr'>σ</span> <span class='ocrx_word' id='word_1_74' title='bbox 559 544 626 579; x_wconf 72' lang='grc' dir='ltr'>Περὶ</span> <span class='ocrx_word' id='word_1_75' title='bbox 639 544 666 570; x_wconf 78' lang='grc' dir='ltr'>δὲ</span> <span class='ocrx_word' id='word_1_76' title='bbox 682 544 727 570; x_wconf 79' lang='grc' dir='ltr'>τοῦ</span> <span class='ocrx_word' id='word_1_77' title='bbox 744 544 876 580; x_wconf 74' lang='grc' dir='ltr'>συμϐόλου</span> <span class='ocrx_word' id='word_1_78' title='bbox 892 545 947 579; x_wconf 73' lang='grc'><strong>(72)</strong></span> 
     </span>
    </p>
   </div>
   <div class='ocr_carea' id='block_1_13' title="bbox 167 585 948 623">
    <p class='ocr_par' dir='ltr' id='par_1_13' title="bbox 167 585 948 623">
     <span class='ocr_line' id='line_1_13' title="bbox 167 585 948 623; baseline 0.003 -10"><span class='ocrx_word' id='word_1_79' title='bbox 167 585 213 613; x_wconf 77' lang='grc' dir='ltr'>τοῦ</span> <span class='ocrx_word' id='word_1_80' title='bbox 230 586 296 621; x_wconf 74' lang='grc' dir='ltr'>πρὸς</span> <span class='ocrx_word' id='word_1_81' title='bbox 315 587 363 617; x_wconf 75' lang='grc' dir='ltr'><strong>τὰς</strong></span> <span class='ocrx_word' id='word_1_82' title='bbox 384 588 525 620; x_wconf 78' lang='grc' dir='ltr'>ἐπιστολὰς</span> <span class='ocrx_word' id='word_1_83' title='bbox 541 589 606 623; x_wconf 83' lang='grc'>(75),</span> <span class='ocrx_word' id='word_1_84' title='bbox 623 590 687 621; x_wconf 72' lang='grc' dir='ltr'>ὅσας</span> <span class='ocrx_word' id='word_1_85' title='bbox 711 598 739 616; x_wconf 88' lang='grc' dir='ltr'><strong>τε</strong></span> <span class='ocrx_word' id='word_1_86' title='bbox 755 590 786 616; x_wconf 82' lang='grc' dir='ltr'>ἂν</span> <span class='ocrx_word' id='word_1_87' title='bbox 801 590 948 616; x_wconf 73' lang='grc' dir='ltr'><strong>ἐπιστέλλω</strong></span> 
     </span>
    </p>
   </div>
   <div class='ocr_carea' id='block_1_14' title="bbox 169 631 945 669">
    <p class='ocr_par' dir='ltr' id='par_1_14' title="bbox 169 631 945 669">
     <span class='ocr_line' id='line_1_14' title="bbox 169 631 945 669; baseline 0.005 -13"><span class='ocrx_word' id='word_1_88' title='bbox 169 631 281 665; x_wconf 77' lang='grc' dir='ltr'>σπουδῇ,</span> <span class='ocrx_word' id='word_1_89' title='bbox 306 632 352 658; x_wconf 72' lang='grc' dir='ltr'><strong>καὶ</strong></span> <span class='ocrx_word' id='word_1_90' title='bbox 378 632 442 663; x_wconf 82' lang='grc' dir='ltr'>ὅσας</span> <span class='ocrx_word' id='word_1_91' title='bbox 473 633 519 668; x_wconf 81' lang='grc' dir='ltr'>μὴ,</span> <span class='ocrx_word' id='word_1_92' title='bbox 545 631 619 667; x_wconf 78' lang='grc' dir='ltr'>οἶμαι</span> <span class='ocrx_word' id='word_1_93' title='bbox 646 634 694 668; x_wconf 84' lang='grc' dir='ltr'><strong>μέν</strong></span> <span class='ocrx_word' id='word_1_94' title='bbox 724 643 753 660; x_wconf 87' lang='grc' dir='ltr'><strong>σε</strong></span> <span class='ocrx_word' id='word_1_95' title='bbox 783 634 945 669; x_wconf 78' lang='grc' dir='ltr'>μεμνῆσθαι,</span> 
     </span>
    </p>
   </div>
   <div class='ocr_carea' id='block_1_15' title="bbox 166 675 946 715">
    <p class='ocr_par' dir='ltr' id='par_1_15' title="bbox 166 675 946 715">
     <span class='ocr_line' id='line_1_15' title="bbox 166 675 946 715; baseline 0.006 -14"><span class='ocrx_word' id='word_1_96' title='bbox 166 675 241 710; x_wconf 85' lang='grc' dir='ltr'>ὅμως</span> <span class='ocrx_word' id='word_1_97' title='bbox 259 676 281 702; x_wconf 82' lang='grc' dir='ltr'>δ’</span> <span class='ocrx_word' id='word_1_98' title='bbox 296 676 389 707; x_wconf 85' lang='grc' dir='ltr'>ἐννόει,</span> <span class='ocrx_word' id='word_1_99' title='bbox 406 679 452 704; x_wconf 77' lang='grc' dir='ltr'><strong>καὶ</strong></span> <span class='ocrx_word' id='word_1_100' title='bbox 474 679 574 714; x_wconf 63' lang='grc' dir='ltr'>σφόδρα</span> <span class='ocrx_word' id='word_1_101' title='bbox 590 680 703 715; x_wconf 74' lang='grc' dir='ltr'>πρόσεχε</span> <span class='ocrx_word' id='word_1_102' title='bbox 722 680 767 706; x_wconf 78' lang='grc' dir='ltr'>τὸν</span> <span class='ocrx_word' id='word_1_103' title='bbox 790 680 867 706; x_wconf 77' lang='grc' dir='ltr'>νοῦν·</span> <span class='ocrx_word' id='word_1_104' title='bbox 885 681 946 706; x_wconf 85' lang='grc' dir='ltr'>πολ-</span> 
     </span>
    </p>
   </div>
   <div class='ocr_carea' id='block_1_16' title="bbox 166 720 945 761">
    <p class='ocr_par' dir='ltr' id='par_1_16' title="bbox 166 720 945 761">
     <span class='ocr_line' id='line_1_16' title="bbox 166 720 945 761; baseline 0.009 -15"><span class='ocrx_word' id='word_1_105' title='bbox 166 720 208 747; x_wconf 75' lang='grc' dir='ltr'>λοὶ</span> <span class='ocrx_word' id='word_1_106' title='bbox 227 721 280 756; x_wconf 74' lang='grc' dir='ltr'><strong>γὰρ</strong></span> <span class='ocrx_word' id='word_1_107' title='bbox 303 723 326 748; x_wconf 81' lang='grc' dir='ltr'>οὶ</span> <span class='ocrx_word' id='word_1_108' title='bbox 341 722 495 755; x_wconf 76' lang='grc' dir='ltr'><strong>κελεύοντες</strong></span> <span class='ocrx_word' id='word_1_109' title='bbox 510 724 634 759; x_wconf 79' lang='grc' dir='ltr'>γράφειν.</span> <span class='ocrx_word' id='word_1_110' title='bbox 664 725 710 757; x_wconf 80' lang='grc' dir='ltr'>οὓς</span> <span class='ocrx_word' id='word_1_111' title='bbox 733 727 762 752; x_wconf 81' lang='grc' dir='ltr'>οὐ</span> <span class='ocrx_word' id='word_1_112' title='bbox 783 726 871 761; x_wconf 69' lang='grc' dir='ltr'>ῥᾴδιον</span> <span class='ocrx_word' id='word_1_113' title='bbox 900 735 945 760; x_wconf 68' lang='grc' dir='ltr'>ερα-</span> 
     </span>
    </p>
   </div>
   <div class='ocr_carea' id='block_1_17' title="bbox 166 767 946 807">
    <p class='ocr_par' dir='ltr' id='par_1_17' title="bbox 166 767 946 807">
     <span class='ocr_line' id='line_1_17' title="bbox 166 767 946 807; baseline 0.008 -15"><span class='ocrx_word' id='word_1_114' title='bbox 166 767 252 802; x_wconf 83' lang='grc' dir='ltr'>νερῶς</span> <span class='ocrx_word' id='word_1_115' title='bbox 265 767 425 795; x_wconf 78' lang='grc' dir='ltr'><strong>διωθεῖσθαι.</strong></span> <span class='ocrx_word' id='word_1_116' title='bbox 443 770 498 804; x_wconf 77' lang='grc' dir='ltr'><strong>Τῆς</strong></span> <span class='ocrx_word' id='word_1_117' title='bbox 519 771 567 806; x_wconf 80' lang='grc' dir='ltr'>μὲν</span> <span class='ocrx_word' id='word_1_118' title='bbox 582 770 627 798; x_wconf 70' lang='grc' dir='ltr'><strong>οὖν</strong></span> <span class='ocrx_word' id='word_1_119' title='bbox 639 772 783 803; x_wconf 73' lang='grc' dir='ltr'>σπουδαίας</span> <span class='ocrx_word' id='word_1_120' title='bbox 805 772 946 807; x_wconf 75' lang='grc' dir='ltr'><strong>ἐπιστολῆς</strong></span> 
     </span>
    </p>
   </div>
   <div class='ocr_carea' id='block_1_18' title="bbox 165 811 944 853">
    <p class='ocr_par' dir='ltr' id='par_1_18' title="bbox 165 811 944 853">
     <span class='ocr_line' id='line_1_18' title="bbox 165 811 944 853; baseline 0.009 -16"><span class='ocrx_word' id='word_1_121' title='bbox 165 811 180 837; x_wconf 90' lang='grc' dir='ltr'><strong>ὀ</strong></span> <span class='ocrx_word' id='word_1_122' title='bbox 201 812 265 843; x_wconf 78' lang='grc' dir='ltr'>Θεὸς</span> <span class='ocrx_word' id='word_1_123' title='bbox 289 813 376 848; x_wconf 83' lang='grc' dir='ltr'>ἄρχει,</span> <span class='ocrx_word' id='word_1_124' title='bbox 398 814 453 841; x_wconf 74' lang='grc' dir='ltr'>θεοὶ</span> <span class='ocrx_word' id='word_1_125' title='bbox 476 815 503 841; x_wconf 85' lang='grc' dir='ltr'><strong>δέ</strong></span> <span class='ocrx_word' id='word_1_126' title='bbox 525 817 572 851; x_wconf 80' lang='grc' dir='ltr'>τῆς</span> <span class='ocrx_word' id='word_1_127' title='bbox 591 814 681 852; x_wconf 79' lang='grc' dir='ltr'>ἦττον.</span> <span class='ocrx_word' id='word_1_128' title='bbox 704 827 711 841; x_wconf 81' lang='grc' dir='ltr'><strong>ι</strong></span> <span class='ocrx_word' id='word_1_129' title='bbox 739 818 889 853; x_wconf 46' lang='lat' dir='ltr'><strong>massam</strong></span> <span class='ocrx_word' id='word_1_130' title='bbox 917 818 944 843; x_wconf 80' lang='grc' dir='ltr'>δὲ</span> 
     </span>
    </p>
   </div>
   <div class='ocr_carea' id='block_1_19' title="bbox 165 858 943 899">
    <p class='ocr_par' dir='ltr' id='par_1_19' title="bbox 165 858 943 899">
     <span class='ocr_line' id='line_1_19' title="bbox 165 858 943 899; baseline 0.009 -15"><span class='ocrx_word' id='word_1_131' title='bbox 165 859 181 884; x_wconf 79' lang='grc' dir='ltr'>ὁ</span> <span class='ocrx_word' id='word_1_132' title='bbox 202 858 281 890; x_wconf 72' lang='grc' dir='ltr'>αὐτὸς</span> <span class='ocrx_word' id='word_1_133' title='bbox 303 860 426 894; x_wconf 84' lang='grc' dir='ltr'>ὁμολογεῖ</span> <span class='ocrx_word' id='word_1_134' title='bbox 453 862 485 887; x_wconf 80' lang='grc' dir='ltr'><strong>ἐκ</strong></span> <span class='ocrx_word' id='word_1_135' title='bbox 508 862 628 889; x_wconf 82' lang='grc' dir='ltr'>παλαιῶν</span> <span class='ocrx_word' id='word_1_136' title='bbox 656 863 685 890; x_wconf 81' lang='grc' dir='ltr'>τὸ</span> <span class='ocrx_word' id='word_1_137' title='bbox 713 865 776 899; x_wconf 72' lang='grc' dir='ltr'>περὶ</span> <span class='ocrx_word' id='word_1_138' title='bbox 803 863 848 890; x_wconf 72' lang='grc' dir='ltr'>τοῦ</span> <span class='ocrx_word' id='word_1_139' title='bbox 877 864 943 890; x_wconf 75' lang='grc' dir='ltr'>Θεοῦ</span> 
     </span>
    </p>
   </div>
   <div class='ocr_carea' id='block_1_20' title="bbox 1005 268 1779 304">
    <p class='ocr_par' dir='ltr' id='par_1_20' title="bbox 1005 268 1779 304">
     <span class='ocr_line' id='line_1_20' title="bbox 1005 268 1779 304; baseline -0.004 -5"><span class='ocrx_word' id='word_1_140' title='bbox 1005 277 1091 299; x_wconf 90' lang='lat' dir='ltr'><strong>terum</strong></span> <span class='ocrx_word' id='word_1_141' title='bbox 1112 272 1147 299; x_wconf 87' lang='lat' dir='ltr'><strong>ab</strong></span> <span class='ocrx_word' id='word_1_142' title='bbox 1161 271 1247 299; x_wconf 89' lang='lat' dir='ltr'><strong>altero</strong></span> <span class='ocrx_word' id='word_1_143' title='bbox 1268 271 1358 298; x_wconf 80' lang='lat' dir='ltr'><strong>fuerit.</strong></span> <span class='ocrx_word' id='word_1_144' title='bbox 1378 280 1387 296; x_wconf 74' lang='grc' dir='ltr'><strong>ι</strong></span> <span class='ocrx_word' id='word_1_145' title='bbox 1410 269 1540 297; x_wconf 78' lang='lat' dir='ltr'><strong>Eumdetn</strong></span> <span class='ocrx_word' id='word_1_146' title='bbox 1561 277 1652 304; x_wconf 89' lang='lat' dir='ltr'><strong>porro,</strong></span> <span class='ocrx_word' id='word_1_147' title='bbox 1671 274 1700 297; x_wconf 89' lang='lat' dir='ltr'><strong>ut</strong></span> <span class='ocrx_word' id='word_1_148' title='bbox 1718 268 1779 296; x_wconf 89' lang='lat' dir='ltr'><strong>vul-</strong></span> 
     </span>
    </p>
   </div>
   <div class='ocr_carea' id='block_1_21' title="bbox 1002 314 1780 350">
    <p class='ocr_par' dir='ltr' id='par_1_21' title="bbox 1002 314 1780 350">
     <span class='ocr_line' id='line_1_21' title="bbox 1002 314 1780 350; baseline -0.003 -7"><span class='ocrx_word' id='word_1_149' title='bbox 1002 316 1058 349; x_wconf 73' lang='lat' dir='ltr'><strong>gari</strong></span> <span class='ocrx_word' id='word_1_150' title='bbox 1085 316 1241 344; x_wconf 68' lang='lat' dir='ltr'><strong>Graecorum</strong></span> <span class='ocrx_word' id='word_1_151' title='bbox 1269 323 1345 343; x_wconf 90' lang='lat' dir='ltr'><strong>more</strong></span> <span class='ocrx_word' id='word_1_152' title='bbox 1367 315 1485 350; x_wconf 88' lang='lat' dir='ltr'><strong>plurium</strong></span> <span class='ocrx_word' id='word_1_153' title='bbox 1505 315 1644 342; x_wconf 88' lang='lat' dir='ltr'><strong>numinum</strong></span> <span class='ocrx_word' id='word_1_154' title='bbox 1666 314 1780 350; x_wconf 74' lang='lat' dir='ltr'><strong>appel|a~</strong></span> 
     </span>
    </p>
   </div>
   <div class='ocr_carea' id='block_1_22' title="bbox 1001 359 1776 395">
    <p class='ocr_par' dir='ltr' id='par_1_22' title="bbox 1001 359 1776 395">
     <span class='ocr_line' id='line_1_22' title="bbox 1001 359 1776 395; baseline -0.003 -7"><span class='ocrx_word' id='word_1_155' title='bbox 1001 362 1075 389; x_wconf 85' lang='lat' dir='ltr'><strong>tione</strong></span> <span class='ocrx_word' id='word_1_156' title='bbox 1096 361 1134 388; x_wconf 94' lang='lat' dir='ltr'><strong>uti</strong></span> <span class='ocrx_word' id='word_1_157' title='bbox 1158 360 1255 393; x_wconf 79' lang='lat' dir='ltr'><strong>soleat,</strong></span> <span class='ocrx_word' id='word_1_158' title='bbox 1279 359 1363 387; x_wconf 89' lang='lat' dir='ltr'><strong>Deum</strong></span> <span class='ocrx_word' id='word_1_159' title='bbox 1391 364 1479 387; x_wconf 86' lang='lat' dir='ltr'><strong>tamen</strong></span> <span class='ocrx_word' id='word_1_160' title='bbox 1505 367 1588 387; x_wconf 93' lang='lat' dir='ltr'><strong>unum</strong></span> <span class='ocrx_word' id='word_1_161' title='bbox 1615 367 1776 395; x_wconf 76' lang='lat' dir='ltr'><strong>agnoscere,</strong></span> 
     </span>
    </p>
   </div>
   <div class='ocr_carea' id='block_1_23' title="bbox 1000 403 1776 439">
    <p class='ocr_par' dir='ltr' id='par_1_23' title="bbox 1000 403 1776 439">
     <span class='ocr_line' id='line_1_23' title="bbox 1000 403 1776 439; baseline -0.003 -7"><span class='ocrx_word' id='word_1_162' title='bbox 1000 406 1042 433; x_wconf 86' lang='lat' dir='ltr'><strong>vel</strong></span> <span class='ocrx_word' id='word_1_163' title='bbox 1064 413 1097 432; x_wconf 73' lang='lat' dir='ltr'><strong>ex</strong></span> <span class='ocrx_word' id='word_1_164' title='bbox 1125 413 1167 438; x_wconf 85' lang='lat' dir='ltr'><strong>ea,</strong></span> <span class='ocrx_word' id='word_1_165' title='bbox 1187 413 1267 439; x_wconf 87' lang='lat' dir='ltr'><strong>quam</strong></span> <span class='ocrx_word' id='word_1_166' title='bbox 1295 405 1327 431; x_wconf 86' lang='lat' dir='ltr'><strong>ad</strong></span> <span class='ocrx_word' id='word_1_167' title='bbox 1356 403 1512 439; x_wconf 74' lang='lat' dir='ltr'><strong>Dionysium</strong></span> <span class='ocrx_word' id='word_1_168' title='bbox 1535 403 1641 437; x_wconf 75' lang='lat' dir='ltr'><strong>scribit,</strong></span> <span class='ocrx_word' id='word_1_169' title='bbox 1665 403 1776 438; x_wconf 86' lang='lat' dir='ltr'><strong>epistola</strong></span> 
     </span>
    </p>
   </div>
   <div class='ocr_carea' id='block_1_24' title="bbox 1000 443 1793 493">
    <p class='ocr_par' dir='ltr' id='par_1_24' title="bbox 1000 443 1793 493">
     <span class='ocr_line' id='line_1_24' title="bbox 1000 443 1793 493; baseline -0.001 -15"><span class='ocrx_word' id='word_1_170' title='bbox 1000 452 1089 486; x_wconf 85' lang='lat' dir='ltr'><strong>quivis</strong></span> <span class='ocrx_word' id='word_1_171' title='bbox 1105 451 1252 486; x_wconf 79' lang='lat' dir='ltr'><strong>intelligat:</strong></span> <span class='ocrx_word' id='word_1_172' title='bbox 1272 451 1316 477; x_wconf 91' lang='lat' dir='ltr'><strong>ubi</strong></span> <span class='ocrx_word' id='word_1_173' title='bbox 1344 458 1411 485; x_wconf 85' lang='lat' dir='ltr'><strong>quas</strong></span> <span class='ocrx_word' id='word_1_174' title='bbox 1428 450 1548 477; x_wconf 86' lang='lat' dir='ltr'><strong>studiose</strong></span> <span class='ocrx_word' id='word_1_175' title='bbox 1571 458 1602 477; x_wconf 81' lang='lat' dir='ltr'><strong>ac</strong></span> <span class='ocrx_word' id='word_1_176' title='bbox 1625 450 1695 477; x_wconf 89' lang='lat' dir='ltr'><strong>serio</strong></span> <span class='ocrx_word' id='word_1_177' title='bbox 1712 443 1793 493; x_wconf 47' lang='lat' dir='ltr'><strong>com;</strong></span> 
     </span>
    </p>
   </div>
   <div class='ocr_carea' id='block_1_25' title="bbox 1000 496 1777 531">
    <p class='ocr_par' dir='ltr' id='par_1_25' title="bbox 1000 496 1777 531">
     <span class='ocr_line' id='line_1_25' title="bbox 1000 496 1777 531; baseline -0.003 -7"><span class='ocrx_word' id='word_1_178' title='bbox 1000 497 1131 524; x_wconf 75' lang='lat' dir='ltr'><strong>scriberet</strong></span> <span class='ocrx_word' id='word_1_179' title='bbox 1156 497 1298 531; x_wconf 71' lang='lat' dir='ltr'><strong>epistolas,</strong></span> <span class='ocrx_word' id='word_1_180' title='bbox 1324 497 1358 523; x_wconf 89' lang='lat' dir='ltr'><strong>ab</strong></span> <span class='ocrx_word' id='word_1_181' title='bbox 1382 496 1456 527; x_wconf 91' lang='lat' dir='ltr'><strong>aliis,</strong></span> <span class='ocrx_word' id='word_1_182' title='bbox 1481 503 1550 530; x_wconf 83' lang='lat' dir='ltr'><strong>quas</strong></span> <span class='ocrx_word' id='word_1_183' title='bbox 1570 500 1670 523; x_wconf 78' lang='lat' dir='ltr'><strong>temere</strong></span> <span class='ocrx_word' id='word_1_184' title='bbox 1694 496 1777 531; x_wconf 79' lang='lat' dir='ltr'><strong>negli-</strong></span> 
     </span>
    </p>
   </div>
   <div class='ocr_carea' id='block_1_26' title="bbox 999 541 1776 577">
    <p class='ocr_par' dir='ltr' id='par_1_26' title="bbox 999 541 1776 577">
     <span class='ocr_line' id='line_1_26' title="bbox 999 541 1776 577; baseline -0.001 -9"><span class='ocrx_word' id='word_1_185' title='bbox 999 546 1145 577; x_wconf 78' lang='lat' dir='ltr'><strong>genterque</strong></span> <span class='ocrx_word' id='word_1_186' title='bbox 1173 542 1357 576; x_wconf 80' lang='lat' dir='ltr'><strong>profunderet,</strong></span> <span class='ocrx_word' id='word_1_187' title='bbox 1375 549 1423 568; x_wconf 90' lang='lat' dir='ltr'><strong>sua</strong></span> <span class='ocrx_word' id='word_1_188' title='bbox 1448 541 1563 575; x_wconf 86' lang='lat' dir='ltr'><strong>quadam</strong></span> <span class='ocrx_word' id='word_1_189' title='bbox 1592 546 1654 568; x_wconf 91' lang='lat' dir='ltr'><strong>nota</strong></span> <span class='ocrx_word' id='word_1_190' title='bbox 1685 548 1776 568; x_wconf 84' lang='lat' dir='ltr'><strong>secer-</strong></span> 
     </span>
    </p>
   </div>
   <div class='ocr_carea' id='block_1_27' title="bbox 1000 586 1775 622">
    <p class='ocr_par' dir='ltr' id='par_1_27' title="bbox 1000 586 1775 622">
     <span class='ocr_line' id='line_1_27' title="bbox 1000 586 1775 622; baseline -0.003 -7"><span class='ocrx_word' id='word_1_191' title='bbox 1000 595 1086 621; x_wconf 87' lang='lat' dir='ltr'><strong>nens;</strong></span> <span class='ocrx_word' id='word_1_192' title='bbox 1104 595 1164 622; x_wconf 75' lang='lat' dir='ltr'><strong>quze</strong></span> <span class='ocrx_word' id='word_1_193' title='bbox 1186 595 1267 622; x_wconf 82' lang='lat' dir='ltr'><strong>grave</strong></span> <span class='ocrx_word' id='word_1_194' title='bbox 1288 587 1357 613; x_wconf 87' lang='lat' dir='ltr'><strong>nihil</strong></span> <span class='ocrx_word' id='word_1_195' title='bbox 1381 594 1413 613; x_wconf 84' lang='lat' dir='ltr'><strong>ac</strong></span> <span class='ocrx_word' id='word_1_196' title='bbox 1435 586 1535 613; x_wconf 85' lang='lat' dir='ltr'><strong>serium</strong></span> <span class='ocrx_word' id='word_1_197' title='bbox 1550 587 1728 619; x_wconf 69' lang='lat' dir='ltr'><strong>continuarent,</strong></span> <span class='ocrx_word' id='word_1_198' title='bbox 1743 586 1775 613; x_wconf 90' lang='lat' dir='ltr'><strong>iis</strong></span> 
     </span>
    </p>
   </div>
   <div class='ocr_carea' id='block_1_28' title="bbox 1000 631 1775 667">
    <p class='ocr_par' dir='ltr' id='par_1_28' title="bbox 1000 631 1775 667">
     <span class='ocr_line' id='line_1_28' title="bbox 1000 631 1775 667; baseline -0.003 -7"><span class='ocrx_word' id='word_1_199' title='bbox 1000 633 1132 664; x_wconf 88' lang='lat' dir='ltr'><strong>deorum,</strong></span> <span class='ocrx_word' id='word_1_200' title='bbox 1153 640 1213 667; x_wconf 70' lang='lat' dir='ltr'><strong>qua:</strong></span> <span class='ocrx_word' id='word_1_201' title='bbox 1237 640 1300 659; x_wconf 82' lang='lat' dir='ltr'><strong>vero</strong></span> <span class='ocrx_word' id='word_1_202' title='bbox 1325 632 1467 666; x_wconf 74' lang='lat' dir='ltr'><strong>diligenter</strong></span> <span class='ocrx_word' id='word_1_203' title='bbox 1482 632 1530 658; x_wconf 92' lang='lat' dir='ltr'><strong>abs</strong></span> <span class='ocrx_word' id='word_1_204' title='bbox 1551 639 1580 658; x_wconf 91' lang='lat' dir='ltr'><strong>se</strong></span> <span class='ocrx_word' id='word_1_205' title='bbox 1597 639 1629 659; x_wconf 88' lang='lat' dir='ltr'><strong>ac</strong></span> <span class='ocrx_word' id='word_1_206' title='bbox 1649 631 1775 658; x_wconf 87' lang='lat' dir='ltr'><strong>meditato</strong></span> 
     </span>
    </p>
   </div>
   <div class='ocr_carea' id='block_1_29' title="bbox 998 677 1776 711">
    <p class='ocr_par' dir='ltr' id='par_1_29' title="bbox 998 677 1776 711">
     <span class='ocr_line' id='line_1_29' title="bbox 998 677 1776 711; baseline -0.003 -6"><span class='ocrx_word' id='word_1_207' title='bbox 998 678 1189 710; x_wconf 72' lang='lat' dir='ltr'><strong>scriberentur,</strong></span> <span class='ocrx_word' id='word_1_208' title='bbox 1207 678 1259 704; x_wconf 88' lang='lat' dir='ltr'><strong>illis</strong></span> <span class='ocrx_word' id='word_1_209' title='bbox 1281 677 1326 705; x_wconf 86' lang='lat' dir='ltr'><strong>Dei</strong></span> <span class='ocrx_word' id='word_1_210' title='bbox 1343 685 1403 704; x_wconf 83' lang='lat' dir='ltr'><strong>sese</strong></span> <span class='ocrx_word' id='word_1_211' title='bbox 1425 685 1535 709; x_wconf 81' lang='lat' dir='ltr'><strong>nomen,</strong></span> <span class='ocrx_word' id='word_1_212' title='bbox 1556 677 1694 711; x_wconf 88' lang='lat' dir='ltr'><strong>proprium</strong></span> <span class='ocrx_word' id='word_1_213' title='bbox 1719 677 1776 704; x_wconf 87' lang='lat' dir='ltr'><strong>vel-</strong></span> 
     </span>
    </p>
   </div>
   <div class='ocr_carea' id='block_1_30' title="bbox 998 722 1776 758">
    <p class='ocr_par' dir='ltr' id='par_1_30' title="bbox 998 722 1776 758">
     <span class='ocr_line' id='line_1_30' title="bbox 998 722 1776 758; baseline 0 -8"><span class='ocrx_word' id='word_1_214' title='bbox 998 723 1035 750; x_wconf 88' lang='lat' dir='ltr'><strong>uti</strong></span> <span class='ocrx_word' id='word_1_215' title='bbox 1060 724 1243 750; x_wconf 80' lang='lat' dir='ltr'><strong>characterem</strong></span> <span class='ocrx_word' id='word_1_216' title='bbox 1276 724 1471 758; x_wconf 88' lang='lat' dir='ltr'><strong>impressurutn</strong></span> <span class='ocrx_word' id='word_1_217' title='bbox 1493 730 1552 749; x_wconf 79' lang='lat' dir='ltr'><strong>esse</strong></span> <span class='ocrx_word' id='word_1_218' title='bbox 1575 722 1703 749; x_wconf 78' lang='lat' dir='ltr'><strong>declarat.</strong></span> <span class='ocrx_word' id='word_1_219' title='bbox 1730 722 1776 750; x_wconf 86' lang='lat' dir='ltr'><strong>Sic</strong></span> 
     </span>
    </p>
   </div>
   <div class='ocr_carea' id='block_1_31' title="bbox 996 767 1775 802">
    <p class='ocr_par' dir='ltr' id='par_1_31' title="bbox 996 767 1775 802">
     <span class='ocr_line' id='line_1_31' title="bbox 996 767 1775 802; baseline -0.003 -6"><span class='ocrx_word' id='word_1_220' title='bbox 996 769 1069 796; x_wconf 89' lang='lat' dir='ltr'><strong>enim</strong></span> <span class='ocrx_word' id='word_1_221' title='bbox 1083 769 1117 795; x_wconf 88' lang='lat' dir='ltr'><strong>ad</strong></span> <span class='ocrx_word' id='word_1_222' title='bbox 1141 768 1252 795; x_wconf 83' lang='lat' dir='ltr'><strong>verbum</strong></span> <span class='ocrx_word' id='word_1_223' title='bbox 1281 768 1396 796; x_wconf 83' lang='lat' dir='ltr'><strong>scribit:</strong></span> <span class='ocrx_word' id='word_1_224' title='bbox 1428 778 1436 793; x_wconf 80' lang='grc' dir='ltr'><strong>ι</strong></span> <span class='ocrx_word' id='word_1_225' title='bbox 1455 767 1594 802; x_wconf 83' lang='lat' dir='ltr'><strong>Propriam</strong></span> <span class='ocrx_word' id='word_1_226' title='bbox 1614 768 1686 802; x_wconf 94' lang='lat' dir='ltr'><strong>quod</strong></span> <span class='ocrx_word' id='word_1_227' title='bbox 1711 768 1775 795; x_wconf 82' lang='lat' dir='ltr'><strong>atti-</strong></span> 
     </span>
    </p>
   </div>
   <div class='ocr_carea' id='block_1_32' title="bbox 997 814 1775 849">
    <p class='ocr_par' dir='ltr' id='par_1_32' title="bbox 997 814 1775 849">
     <span class='ocr_line' id='line_1_32' title="bbox 997 814 1775 849; baseline 0 -8"><span class='ocrx_word' id='word_1_228' title='bbox 997 819 1042 841; x_wconf 85' lang='lat' dir='ltr'><strong>net</strong></span> <span class='ocrx_word' id='word_1_229' title='bbox 1065 814 1242 849; x_wconf 73' lang='lat' dir='ltr'><strong>epistularum</strong></span> <span class='ocrx_word' id='word_1_230' title='bbox 1261 819 1365 847; x_wconf 84' lang='lat' dir='ltr'><strong>notam,</strong></span> <span class='ocrx_word' id='word_1_231' title='bbox 1393 822 1439 841; x_wconf 88' lang='lat' dir='ltr'><strong>seu</strong></span> <span class='ocrx_word' id='word_1_232' title='bbox 1463 821 1532 848; x_wconf 89' lang='lat' dir='ltr'><strong>quas</strong></span> <span class='ocrx_word' id='word_1_233' title='bbox 1554 814 1639 845; x_wconf 88' lang='lat' dir='ltr'><strong>serio,</strong></span> <span class='ocrx_word' id='word_1_234' title='bbox 1659 814 1775 848; x_wconf 83' lang='lat' dir='ltr'><strong>dataque</strong></span> 
     </span>
    </p>
   </div>
   <div class='ocr_carea' id='block_1_33' title="bbox 997 859 1775 905">
    <p class='ocr_par' dir='ltr' id='par_1_33' title="bbox 997 859 1775 905">
     <span class='ocr_line' id='line_1_33' title="bbox 997 859 1775 905; baseline 0 -19"><span class='ocrx_word' id='word_1_235' title='bbox 997 867 1090 893; x_wconf 85' lang='lat' dir='ltr'><strong>opera,</strong></span> <span class='ocrx_word' id='word_1_236' title='bbox 1113 867 1159 886; x_wconf 90' lang='lat' dir='ltr'><strong>seu</strong></span> <span class='ocrx_word' id='word_1_237' title='bbox 1181 867 1249 894; x_wconf 83' lang='lat' dir='ltr'><strong>quas</strong></span> <span class='ocrx_word' id='word_1_238' title='bbox 1272 859 1450 894; x_wconf 78' lang='lat' dir='ltr'><strong>negligentius</strong></span> <span class='ocrx_word' id='word_1_239' title='bbox 1466 860 1565 905; x_wconf 53' lang='lat' dir='ltr'><strong>scpibo,</strong></span> <span class='ocrx_word' id='word_1_240' title='bbox 1589 859 1695 886; x_wconf 81' lang='lat' dir='ltr'><strong>tametsi</strong></span> <span class='ocrx_word' id='word_1_241' title='bbox 1715 859 1775 894; x_wconf 80' lang='lat' dir='ltr'><strong>ejus</strong></span> 
     </span>
    </p>
   </div>
   <div class='ocr_carea' id='block_1_34' title="bbox 164 895 938 943">
    <p class='ocr_par' dir='ltr' id='par_1_34' title="bbox 164 895 938 943">
     <span class='ocr_line' id='line_1_34' title="bbox 164 895 938 943; baseline 0.006 -14"><span class='ocrx_word' id='word_1_242' title='bbox 164 903 251 939; x_wconf 69' lang='grc' dir='ltr'>δόγμα</span> <span class='ocrx_word' id='word_1_243' title='bbox 265 904 459 940; x_wconf 79' lang='grc' dir='ltr'>μεμαθηκέναι,</span> <span class='ocrx_word' id='word_1_244' title='bbox 475 906 559 940; x_wconf 84' lang='grc' dir='ltr'>λέγων</span> <span class='ocrx_word' id='word_1_245' title='bbox 569 907 597 932; x_wconf 84' lang='grc' dir='ltr'><strong>ἐν</strong></span> <span class='ocrx_word' id='word_1_246' title='bbox 613 908 668 938; x_wconf 86' lang='grc' dir='ltr'>τοῖς</span> <span class='ocrx_word' id='word_1_247' title='bbox 682 895 798 941; x_wconf 70' lang='grc' dir='ltr'>Νόμοις·</span> <span class='ocrx_word' id='word_1_248' title='bbox 820 918 828 933; x_wconf 72' lang='grc' dir='ltr'><strong>ε</strong></span> <span class='ocrx_word' id='word_1_249' title='bbox 855 908 882 934; x_wconf 79' lang='grc'><strong>’0</strong></span> <span class='ocrx_word' id='word_1_250' title='bbox 896 908 938 943; x_wconf 66' lang='grc' dir='ltr'>μὲι</span> 
     </span>
    </p>
   </div>
   <div class='ocr_carea' id='block_1_35' title="bbox 994 895 1774 943">
    <p class='ocr_par' dir='ltr' id='par_1_35' title="bbox 997 895 1774 940">
     <span class='ocr_line' id='line_1_35' title="bbox 997 895 1774 940; baseline 0.001 -9"><span class='ocrx_word' id='word_1_251' title='bbox 997 910 1022 932; x_wconf 86' lang='lat' dir='ltr'><strong>te</strong></span> <span class='ocrx_word' id='word_1_252' title='bbox 1038 906 1193 932; x_wconf 84' lang='lat' dir='ltr'><strong>meminisse</strong></span> <span class='ocrx_word' id='word_1_253' title='bbox 1208 905 1344 938; x_wconf 78' lang='lat' dir='ltr'><strong>existimo,</strong></span> <span class='ocrx_word' id='word_1_254' title='bbox 1370 913 1442 932; x_wconf 91' lang='lat' dir='ltr'><strong>nunc</strong></span> <span class='ocrx_word' id='word_1_255' title='bbox 1460 895 1550 932; x_wconf 76' lang='lat' dir='ltr'><strong>tamen</strong></span> <span class='ocrx_word' id='word_1_256' title='bbox 1577 905 1650 932; x_wconf 89' lang='lat' dir='ltr'><strong>illam</strong></span> <span class='ocrx_word' id='word_1_257' title='bbox 1673 906 1774 940; x_wconf 79' lang='lat' dir='ltr'><strong>cogites</strong></span> 
     </span>
    </p>
   </div>
   <div class='ocr_carea' id='block_1_36' title="bbox 163 949 945 989">
    <p class='ocr_par' dir='ltr' id='par_1_36' title="bbox 163 949 945 989">
     <span class='ocr_line' id='line_1_36' title="bbox 163 949 945 989; baseline 0.006 -14"><span class='ocrx_word' id='word_1_258' title='bbox 163 949 196 984; x_wconf 79' lang='grc' dir='ltr'>δὴ</span> <span class='ocrx_word' id='word_1_259' title='bbox 217 949 282 980; x_wconf 78' lang='grc' dir='ltr'>Θεὸς</span> <span class='ocrx_word' id='word_1_260' title='bbox 304 950 370 985; x_wconf 66' lang='grc'><strong>(7.4),</strong></span> <span class='ocrx_word' id='word_1_261' title='bbox 393 950 430 982; x_wconf 90' lang='grc' dir='ltr'>ὡς</span> <span class='ocrx_word' id='word_1_262' title='bbox 450 952 496 977; x_wconf 74' lang='grc' dir='ltr'>καὶ</span> <span class='ocrx_word' id='word_1_263' title='bbox 516 953 530 978; x_wconf 84' lang='grc' dir='ltr'>ὁ</span> <span class='ocrx_word' id='word_1_264' title='bbox 550 952 661 984; x_wconf 70' lang='grc' dir='ltr'>παλαιὸς</span> <span class='ocrx_word' id='word_1_265' title='bbox 683 953 770 987; x_wconf 79' lang='grc' dir='ltr'>λόγος,</span> <span class='ocrx_word' id='word_1_266' title='bbox 793 954 878 989; x_wconf 74' lang='grc' dir='ltr'>ἀρχὴν</span> <span class='ocrx_word' id='word_1_267' title='bbox 900 954 945 980; x_wconf 75' lang='grc' dir='ltr'>καὶ</span> 
     </span>
    </p>
   </div>
   <div class='ocr_carea' id='block_1_37' title="bbox 162 993 943 1035">
    <p class='ocr_par' dir='ltr' id='par_1_37' title="bbox 162 993 943 1035">
     <span class='ocr_line' id='line_1_37' title="bbox 162 993 943 1035; baseline 0.009 -15"><span class='ocrx_word' id='word_1_268' title='bbox 162 993 291 1030; x_wconf 84' lang='grc' dir='ltr'>τελευτὴν</span> <span class='ocrx_word' id='word_1_269' title='bbox 302 996 348 1022; x_wconf 80' lang='grc' dir='ltr'>καὶ</span> <span class='ocrx_word' id='word_1_270' title='bbox 364 996 433 1031; x_wconf 81' lang='grc' dir='ltr'>μέσα</span> <span class='ocrx_word' id='word_1_271' title='bbox 448 997 501 1023; x_wconf 83' lang='grc' dir='ltr'>τῶν</span> <span class='ocrx_word' id='word_1_272' title='bbox 515 998 597 1024; x_wconf 80' lang='grc' dir='ltr'>ὄντων</span> <span class='ocrx_word' id='word_1_273' title='bbox 613 999 736 1025; x_wconf 79' lang='grc' dir='ltr'>ἁπάντων</span> <span class='ocrx_word' id='word_1_274' title='bbox 746 1021 753 1032; x_wconf 90' lang='grc'><strong>,</strong></span> <span class='ocrx_word' id='word_1_275' title='bbox 771 1001 876 1026; x_wconf 76' lang='grc' dir='ltr'>εὐθεῖαν</span> <span class='ocrx_word' id='word_1_276' title='bbox 889 1001 943 1035; x_wconf 79' lang='grc'><strong>(75)</strong></span> 
     </span>
    </p>
   </div>
   <div class='ocr_carea' id='block_1_38' title="bbox 163 1039 943 1080">
    <p class='ocr_par' dir='ltr' id='par_1_38' title="bbox 163 1039 943 1080">
     <span class='ocr_line' id='line_1_38' title="bbox 163 1039 943 1080; baseline 0.01 -16"><span class='ocrx_word' id='word_1_277' title='bbox 163 1039 287 1074; x_wconf 76' lang='grc' dir='ltr'>περαίνει</span> <span class='ocrx_word' id='word_1_278' title='bbox 303 1040 371 1066; x_wconf 77' lang='grc' dir='ltr'>κατὰ</span> <span class='ocrx_word' id='word_1_279' title='bbox 399 1041 477 1075; x_wconf 70' lang='grc' dir='ltr'>φύσιν</span> <span class='ocrx_word' id='word_1_280' title='bbox 501 1043 754 1079; x_wconf 80' lang='grc' dir='ltr'>περιπορευόμενος.</span> <span class='ocrx_word' id='word_1_281' title='bbox 777 1045 820 1080; x_wconf 82' lang='grc' dir='ltr'><strong>Τῷ</strong></span> <span class='ocrx_word' id='word_1_282' title='bbox 847 1045 868 1070; x_wconf 82' lang='grc' dir='ltr'>δ’</span> <span class='ocrx_word' id='word_1_283' title='bbox 890 1047 943 1072; x_wconf 71' lang='grc' dir='ltr'>αἰεὶ</span> 
     </span>
    </p>
   </div>
   <div class='ocr_carea' id='block_1_39' title="bbox 163 1082 942 1124">
    <p class='ocr_par' dir='ltr' id='par_1_39' title="bbox 163 1082 942 1124">
     <span class='ocr_line' id='line_1_39' title="bbox 163 1082 942 1124; baseline 0.008 -15"><span class='ocrx_word' id='word_1_284' title='bbox 163 1082 306 1115; x_wconf 71' lang='grc' dir='ltr'><strong>ξυνέπεται</strong></span> <span class='ocrx_word' id='word_1_285' title='bbox 318 1084 393 1120; x_wconf 75' lang='grc' dir='ltr'>Δῖκη,</span> <span class='ocrx_word' id='word_1_286' title='bbox 412 1085 464 1111; x_wconf 85' lang='grc' dir='ltr'>τῶν</span> <span class='ocrx_word' id='word_1_287' title='bbox 475 1085 693 1121; x_wconf 77' lang='grc' dir='ltr'>ἀπολειπομένων</span> <span class='ocrx_word' id='word_1_288' title='bbox 710 1087 756 1113; x_wconf 75' lang='grc' dir='ltr'>τοῦ</span> <span class='ocrx_word' id='word_1_289' title='bbox 774 1088 845 1114; x_wconf 85' lang='grc' dir='ltr'>θείου</span> <span class='ocrx_word' id='word_1_290' title='bbox 861 1089 942 1124; x_wconf 82' lang='grc' dir='ltr'>νόμου</span> 
     </span>
    </p>
   </div>
   <div class='ocr_carea' id='block_1_40' title="bbox 161 1127 943 1168">
    <p class='ocr_par' dir='ltr' id='par_1_40' title="bbox 161 1127 943 1168">
     <span class='ocr_line' id='line_1_40' title="bbox 161 1127 943 1168; baseline 0.006 -14"><span class='ocrx_word' id='word_1_291' title='bbox 161 1129 296 1163; x_wconf 77' lang='grc' dir='ltr'>τιμωρός·</span> <span class='ocrx_word' id='word_1_292' title='bbox 312 1127 346 1165; x_wconf 81' lang='grc' dir='ltr'>ἧς</span> <span class='ocrx_word' id='word_1_293' title='bbox 361 1131 374 1156; x_wconf 76' lang='grc' dir='ltr'>ὁ</span> <span class='ocrx_word' id='word_1_294' title='bbox 399 1130 446 1164; x_wconf 82' lang='grc' dir='ltr'>μὲν</span> <span class='ocrx_word' id='word_1_295' title='bbox 475 1131 676 1167; x_wconf 69' lang='grc' dir='ltr'>εὐδαιμονήσειν</span> <span class='ocrx_word' id='word_1_296' title='bbox 698 1132 799 1167; x_wconf 82' lang='grc' dir='ltr'>μέλλων</span> <span class='ocrx_word' id='word_1_297' title='bbox 818 1134 943 1168; x_wconf 77' lang='grc' dir='ltr'>ἐχόμενος</span> 
     </span>
    </p>
   </div>
   <div class='ocr_carea' id='block_1_41' title="bbox 161 1174 942 1214">
    <p class='ocr_par' dir='ltr' id='par_1_41' title="bbox 161 1174 942 1214">
     <span class='ocr_line' id='line_1_41' title="bbox 161 1174 942 1214; baseline 0.006 -15"><span class='ocrx_word' id='word_1_298' title='bbox 161 1174 316 1207; x_wconf 80' lang='grc' dir='ltr'>ξυνέπεται,</span> <span class='ocrx_word' id='word_1_299' title='bbox 340 1176 474 1207; x_wconf 81' lang='grc' dir='ltr'>ταπεινὸς,</span> <span class='ocrx_word' id='word_1_300' title='bbox 496 1177 715 1212; x_wconf 53' lang='grc' dir='ltr'>κεκοσμημένος</span> <span class='ocrx_word' id='word_1_301' title='bbox 734 1179 747 1203; x_wconf 78' lang='grc' dir='ltr'>ὁ</span> <span class='ocrx_word' id='word_1_302' title='bbox 762 1177 790 1204; x_wconf 83' lang='grc' dir='ltr'><strong>δέ</strong></span> <span class='ocrx_word' id='word_1_303' title='bbox 804 1187 845 1209; x_wconf 89' lang='grc' dir='ltr'><strong>τις</strong></span> <span class='ocrx_word' id='word_1_304' title='bbox 863 1178 942 1214; x_wconf 76' lang='grc' dir='ltr'>ἐξαρ-</span> 
     </span>
    </p>
   </div>
   <div class='ocr_carea' id='block_1_42' title="bbox 161 1218 941 1259">
    <p class='ocr_par' dir='ltr' id='par_1_42' title="bbox 161 1218 941 1259">
     <span class='ocr_line' id='line_1_42' title="bbox 161 1218 941 1259; baseline 0.005 -13"><span class='ocrx_word' id='word_1_305' title='bbox 161 1218 220 1250; x_wconf 79' lang='grc' dir='ltr'>θεὶς</span> <span class='ocrx_word' id='word_1_306' title='bbox 242 1219 293 1245; x_wconf 82' lang='grc' dir='ltr'><strong>ὑπὸ</strong></span> <span class='ocrx_word' id='word_1_307' title='bbox 320 1220 512 1255; x_wconf 81' lang='grc' dir='ltr'>μεγαλαυχίας,</span> <span class='ocrx_word' id='word_1_308' title='bbox 534 1221 687 1257; x_wconf 78' lang='grc' dir='ltr'>ἢχρήμασι</span> <span class='ocrx_word' id='word_1_309' title='bbox 713 1223 899 1258; x_wconf 79' lang='grc' dir='ltr'>ἐπαιρόμενος,</span> <span class='ocrx_word' id='word_1_310' title='bbox 925 1224 941 1259; x_wconf 87' lang='grc' dir='ltr'>ἢ</span> 
     </span>
    </p>
   </div>
   <div class='ocr_carea' id='block_1_43' title="bbox 159 1264 942 1304">
    <p class='ocr_par' dir='ltr' id='par_1_43' title="bbox 159 1264 942 1304">
     <span class='ocr_line' id='line_1_43' title="bbox 159 1264 942 1304; baseline 0.008 -14"><span class='ocrx_word' id='word_1_311' title='bbox 159 1265 264 1299; x_wconf 78' lang='grc' dir='ltr'>τιμαῖς,</span> <span class='ocrx_word' id='word_1_312' title='bbox 315 1265 360 1291; x_wconf 74' lang='grc' dir='ltr'>καὶ</span> <span class='ocrx_word' id='word_1_313' title='bbox 388 1265 511 1300; x_wconf 84' lang='grc' dir='ltr'>σώματος</span> <span class='ocrx_word' id='word_1_314' title='bbox 537 1267 680 1302; x_wconf 73' lang='grc' dir='ltr'>εὐμορφίᾳ,</span> <span class='ocrx_word' id='word_1_315' title='bbox 704 1268 760 1303; x_wconf 70' lang='grc' dir='ltr'>ἅμα</span> <span class='ocrx_word' id='word_1_316' title='bbox 772 1269 874 1304; x_wconf 76' lang='grc' dir='ltr'>νεότητι</span> <span class='ocrx_word' id='word_1_317' title='bbox 896 1271 942 1296; x_wconf 73' lang='grc' dir='ltr'>καὶ</span> 
     </span>
    </p>
   </div>
   <div class='ocr_carea' id='block_1_44' title="bbox 159 1309 941 1347">
    <p class='ocr_par' dir='ltr' id='par_1_44' title="bbox 159 1309 941 1347">
     <span class='ocr_line' id='line_1_44' title="bbox 159 1309 941 1347; baseline 0.008 -13"><span class='ocrx_word' id='word_1_318' title='bbox 159 1309 250 1344; x_wconf 73' lang='grc' dir='ltr'>ἀνοίᾳ,</span> <span class='ocrx_word' id='word_1_319' title='bbox 267 1309 392 1344; x_wconf 74' lang='grc' dir='ltr'>φλέγεται</span> <span class='ocrx_word' id='word_1_320' title='bbox 419 1311 467 1346; x_wconf 83' lang='grc' dir='ltr'>τὴν</span> <span class='ocrx_word' id='word_1_321' title='bbox 481 1311 568 1347; x_wconf 71' lang='grc' dir='ltr'>ψυχὴν</span> <span class='ocrx_word' id='word_1_322' title='bbox 583 1312 640 1346; x_wconf 83' lang='grc' dir='ltr'>μεθ’</span> <span class='ocrx_word' id='word_1_323' title='bbox 658 1311 773 1347; x_wconf 70' lang='grc' dir='ltr'>ὕϐρεως,</span> <span class='ocrx_word' id='word_1_324' title='bbox 791 1312 860 1339; x_wconf 79' lang='grc' dir='ltr'>ὥστε</span> <span class='ocrx_word' id='word_1_325' title='bbox 881 1313 941 1340; x_wconf 71' lang='grc' dir='ltr'>οὔτε</span> 
     </span>
    </p>
   </div>
   <div class='ocr_carea' id='block_1_45' title="bbox 159 1355 943 1393">
    <p class='ocr_par' dir='ltr' id='par_1_45' title="bbox 159 1355 943 1393">
     <span class='ocr_line' id='line_1_45' title="bbox 159 1355 943 1393; baseline 0.008 -12"><span class='ocrx_word' id='word_1_326' title='bbox 159 1355 290 1390; x_wconf 75' lang='grc' dir='ltr'>ἄρχοντος</span> <span class='ocrx_word' id='word_1_327' title='bbox 301 1355 362 1382; x_wconf 67' lang='grc' dir='ltr'>οὔτε</span> <span class='ocrx_word' id='word_1_328' title='bbox 375 1357 444 1388; x_wconf 72' lang='grc' dir='ltr'>τινος</span> <span class='ocrx_word' id='word_1_329' title='bbox 467 1358 597 1393; x_wconf 79' lang='grc' dir='ltr'>ἡγεμόνος</span> <span class='ocrx_word' id='word_1_330' title='bbox 608 1358 741 1393; x_wconf 85' lang='grc' dir='ltr'>δεόμενος,</span> <span class='ocrx_word' id='word_1_331' title='bbox 764 1359 829 1386; x_wconf 74' lang='grc' dir='ltr'>ἀλλὰ</span> <span class='ocrx_word' id='word_1_332' title='bbox 843 1361 887 1386; x_wconf 78' lang='grc' dir='ltr'><strong>καὶ</strong></span> <span class='ocrx_word' id='word_1_333' title='bbox 900 1361 943 1387; x_wconf 82' lang='grc' dir='ltr'><strong>ἄλ-</strong></span> 
     </span>
    </p>
   </div>
   <div class='ocr_carea' id='block_1_46' title="bbox 159 1399 940 1441">
    <p class='ocr_par' dir='ltr' id='par_1_46' title="bbox 159 1399 940 1441">
     <span class='ocr_line' id='line_1_46' title="bbox 159 1399 940 1441; baseline 0.008 -15"><span class='ocrx_word' id='word_1_334' title='bbox 159 1399 219 1432; x_wconf 84' lang='grc' dir='ltr'>λοις</span> <span class='ocrx_word' id='word_1_335' title='bbox 233 1401 322 1432; x_wconf 76' lang='grc' dir='ltr'>ἱκανὸς</span> <span class='ocrx_word' id='word_1_336' title='bbox 337 1401 374 1427; x_wconf 84' lang='grc' dir='ltr'>ὢν</span> <span class='ocrx_word' id='word_1_337' title='bbox 391 1403 524 1437; x_wconf 80' lang='grc' dir='ltr'>ἡγεῖσθαι,</span> <span class='ocrx_word' id='word_1_338' title='bbox 540 1404 730 1431; x_wconf 83' lang='grc' dir='ltr'>καταλείπεται</span> <span class='ocrx_word' id='word_1_339' title='bbox 750 1407 852 1441; x_wconf 79' lang='grc' dir='ltr'>ἔρημος</span> <span class='ocrx_word' id='word_1_340' title='bbox 863 1406 940 1433; x_wconf 86' lang='grc' dir='ltr'>Θεοῦ.</span> 
     </span>
    </p>
   </div>
   <div class='ocr_carea' id='block_1_47' title="bbox 162 1446 942 1486">
    <p class='ocr_par' dir='ltr' id='par_1_47' title="bbox 162 1446 942 1486">
     <span class='ocr_line' id='line_1_47' title="bbox 162 1446 942 1486; baseline 0.009 -15"><span class='ocrx_word' id='word_1_341' title='bbox 162 1446 359 1480; x_wconf 72' lang='grc' dir='ltr'>Καταλειφοεὶς</span> <span class='ocrx_word' id='word_1_342' title='bbox 374 1448 411 1479; x_wconf 85' lang='grc' dir='ltr'><strong>δέ,</strong></span> <span class='ocrx_word' id='word_1_343' title='bbox 435 1449 481 1475; x_wconf 67' lang='grc' dir='ltr'>καὶ</span> <span class='ocrx_word' id='word_1_344' title='bbox 501 1449 540 1475; x_wconf 78' lang='grc' dir='ltr'><strong>ἐτι</strong></span> <span class='ocrx_word' id='word_1_345' title='bbox 562 1449 655 1481; x_wconf 81' lang='grc' dir='ltr'>ἄλλους</span> <span class='ocrx_word' id='word_1_346' title='bbox 676 1450 809 1482; x_wconf 74' lang='grc' dir='ltr'>τοιούτους</span> <span class='ocrx_word' id='word_1_347' title='bbox 830 1452 942 1486; x_wconf 86' lang='grc' dir='ltr'>προσλα-</span> 
     </span>
    </p>
   </div>
   <div class='ocr_carea' id='block_1_48' title="bbox 159 1490 941 1531">
    <p class='ocr_par' dir='ltr' id='par_1_48' title="bbox 159 1490 941 1531">
     <span class='ocr_line' id='line_1_48' title="bbox 159 1490 941 1531; baseline 0.01 -15"><span class='ocrx_word' id='word_1_348' title='bbox 159 1490 226 1524; x_wconf 74' lang='grc' dir='ltr'>ϐὼν,</span> <span class='ocrx_word' id='word_1_349' title='bbox 235 1493 331 1527; x_wconf 81' lang='grc' dir='ltr'>σκιρτᾷ</span> <span class='ocrx_word' id='word_1_350' title='bbox 344 1493 483 1528; x_wconf 80' lang='grc' dir='ltr'>ταράττων</span> <span class='ocrx_word' id='word_1_351' title='bbox 491 1495 577 1522; x_wconf 77' lang='grc' dir='ltr'>πάντα</span> <span class='ocrx_word' id='word_1_352' title='bbox 590 1496 655 1531; x_wconf 72' lang='grc' dir='ltr'>ὁμοῦ</span> <span class='ocrx_word' id='word_1_353' title='bbox 665 1496 690 1528; x_wconf 66' lang='grc' dir='ltr'>δ,</span> <span class='ocrx_word' id='word_1_354' title='bbox 699 1497 745 1523; x_wconf 65' lang='grc' dir='ltr'>καὶ</span> <span class='ocrx_word' id='word_1_355' title='bbox 760 1497 865 1528; x_wconf 80' lang='grc' dir='ltr'>πολλοῖς</span> <span class='ocrx_word' id='word_1_356' title='bbox 872 1506 941 1525; x_wconf 88' lang='grc' dir='ltr'>τισιν</span> 
     </span>
    </p>
   </div>
   <div class='ocr_carea' id='block_1_49' title="bbox 158 1536 973 1588">
    <p class='ocr_par' dir='ltr' id='par_1_49' title="bbox 158 1536 973 1588">
     <span class='ocr_line' id='line_1_49' title="bbox 158 1536 973 1588; baseline 0.007 -25"><span class='ocrx_word' id='word_1_357' title='bbox 158 1536 250 1570; x_wconf 69' lang='grc' dir='ltr'>ἔδοξεν</span> <span class='ocrx_word' id='word_1_358' title='bbox 260 1536 328 1565; x_wconf 86' lang='grc' dir='ltr'>εἶναί</span> <span class='ocrx_word' id='word_1_359' title='bbox 359 1548 410 1571; x_wconf 82' lang='grc' dir='ltr'>τις,</span> <span class='ocrx_word' id='word_1_360' title='bbox 425 1540 494 1574; x_wconf 78' lang='grc' dir='ltr'>μετὰ</span> <span class='ocrx_word' id='word_1_361' title='bbox 504 1540 533 1567; x_wconf 76' lang='grc' dir='ltr'>δὲ</span> <span class='ocrx_word' id='word_1_362' title='bbox 555 1542 648 1577; x_wconf 71' lang='grc' dir='ltr'>χρόνον</span> <span class='ocrx_word' id='word_1_363' title='bbox 664 1543 694 1568; x_wconf 79' lang='grc' dir='ltr'>οὐ</span> <span class='ocrx_word' id='word_1_364' title='bbox 712 1543 794 1569; x_wconf 82' lang='grc' dir='ltr'>πολὺν</span> <span class='ocrx_word' id='word_1_365' title='bbox 815 1543 940 1578; x_wconf 80' lang='grc' dir='ltr'>ὑποσχὼν</span> <span class='ocrx_word' id='word_1_366' title='bbox 954 1560 973 1588; x_wconf 77' lang='lat' dir='ltr'><strong>C</strong></span> 
     </span>
    </p>
   </div>
   <div class='ocr_carea' id='block_1_50' title="bbox 157 1582 938 1622">
    <p class='ocr_par' dir='ltr' id='par_1_50' title="bbox 157 1582 938 1622">
     <span class='ocr_line' id='line_1_50' title="bbox 157 1582 938 1622; baseline 0.008 -14"><span class='ocrx_word' id='word_1_367' title='bbox 157 1582 294 1618; x_wconf 82' lang='grc' dir='ltr'>τιμωρίαν</span> <span class='ocrx_word' id='word_1_368' title='bbox 309 1584 339 1610; x_wconf 81' lang='grc' dir='ltr'>οὐ</span> <span class='ocrx_word' id='word_1_369' title='bbox 361 1585 487 1621; x_wconf 84' lang='grc' dir='ltr'>μεμπτὴν</span> <span class='ocrx_word' id='word_1_370' title='bbox 504 1587 536 1620; x_wconf 83' lang='grc' dir='ltr'>τῇ</span> <span class='ocrx_word' id='word_1_371' title='bbox 549 1586 623 1622; x_wconf 73' lang='grc' dir='ltr'>Δίκῃ,</span> <span class='ocrx_word' id='word_1_372' title='bbox 640 1587 735 1614; x_wconf 81' lang='grc' dir='ltr'>ἑαυτόν</span> <span class='ocrx_word' id='word_1_373' title='bbox 748 1596 777 1613; x_wconf 84' lang='grc' dir='ltr'><strong>τε</strong></span> <span class='ocrx_word' id='word_1_374' title='bbox 795 1588 840 1614; x_wconf 73' lang='grc' dir='ltr'><strong>κα)⁴</strong></span> <span class='ocrx_word' id='word_1_375' title='bbox 856 1586 938 1620; x_wconf 85' lang='grc' dir='ltr'>οἷκον,</span> 
     </span>
    </p>
   </div>
   <div class='ocr_carea' id='block_1_51' title="bbox 157 1629 939 1667">
    <p class='ocr_par' dir='ltr' id='par_1_51' title="bbox 157 1629 939 1667">
     <span class='ocr_line' id='line_1_51' title="bbox 157 1629 939 1667; baseline 0.008 -13"><span class='ocrx_word' id='word_1_376' title='bbox 157 1629 207 1655; x_wconf 81' lang='grc' dir='ltr'>καὶ</span> <span class='ocrx_word' id='word_1_377' title='bbox 224 1629 298 1655; x_wconf 79' lang='grc' dir='ltr'>πόλιν</span> <span class='ocrx_word' id='word_1_378' title='bbox 313 1629 396 1665; x_wconf 78' lang='grc' dir='ltr'>ἄρδην</span> <span class='ocrx_word' id='word_1_379' title='bbox 410 1631 557 1658; x_wconf 78' lang='grc' dir='ltr'>ἀνάστατον</span> <span class='ocrx_word' id='word_1_380' title='bbox 574 1632 692 1667; x_wconf 79' lang='grc' dir='ltr'>ἐποίησε.</span> <span class='ocrx_word' id='word_1_381' title='bbox 714 1643 722 1658; x_wconf 67' lang='grc' dir='ltr'><strong>ν</strong></span> <span class='ocrx_word' id='word_1_382' title='bbox 737 1633 829 1660; x_wconf 77' lang='grc' dir='ltr'>Ταῦτα</span> <span class='ocrx_word' id='word_1_383' title='bbox 841 1635 854 1660; x_wconf 81' lang='grc' dir='ltr'>ὁ</span> <span class='ocrx_word' id='word_1_384' title='bbox 871 1634 939 1660; x_wconf 81' lang='grc' dir='ltr'><strong>Πλά-</strong></span> 
     </span>
    </p>
   </div>
   <div class='ocr_carea' id='block_1_52' title="bbox 155 1674 941 1713">
    <p class='ocr_par' dir='ltr' id='par_1_52' title="bbox 155 1674 941 1713">
     <span class='ocr_line' id='line_1_52' title="bbox 155 1674 941 1713; baseline 0.009 -14"><span class='ocrx_word' id='word_1_385' title='bbox 155 1682 223 1700; x_wconf 83' lang='grc' dir='ltr'>των.</span> <span class='ocrx_word' id='word_1_386' title='bbox 242 1674 277 1700; x_wconf 79' lang='grc' dir='ltr'><strong>Σὺ</strong></span> <span class='ocrx_word' id='word_1_387' title='bbox 292 1674 319 1701; x_wconf 86' lang='grc' dir='ltr'><strong>δέ</strong></span> <span class='ocrx_word' id='word_1_388' title='bbox 332 1684 362 1709; x_wconf 88' lang='grc' dir='ltr'><strong>γε</strong></span> <span class='ocrx_word' id='word_1_389' title='bbox 372 1675 421 1707; x_wconf 80' lang='grc' dir='ltr'><strong>τῷ,</strong></span> <span class='ocrx_word' id='word_1_390' title='bbox 438 1685 446 1701; x_wconf 75' lang='grc' dir='ltr'><strong>ι</strong></span> <span class='ocrx_word' id='word_1_391' title='bbox 467 1677 495 1703; x_wconf 91' lang='grc' dir='ltr'><strong>Ὀ</strong></span> <span class='ocrx_word' id='word_1_392' title='bbox 507 1677 554 1711; x_wconf 85' lang='grc' dir='ltr'>μὲν</span> <span class='ocrx_word' id='word_1_393' title='bbox 565 1677 596 1712; x_wconf 76' lang='grc' dir='ltr'>δὴ</span> <span class='ocrx_word' id='word_1_394' title='bbox 609 1678 674 1709; x_wconf 77' lang='grc' dir='ltr'>Θεὸς</span> <span class='ocrx_word' id='word_1_395' title='bbox 689 1679 774 1713; x_wconf 80' lang='grc' dir='ltr'>ἀρχὴν</span> <span class='ocrx_word' id='word_1_396' title='bbox 787 1680 834 1705; x_wconf 74' lang='grc' dir='ltr'>καὶ</span> <span class='ocrx_word' id='word_1_397' title='bbox 851 1679 941 1706; x_wconf 85' lang='grc' dir='ltr'>τελευ-</span> 
     </span>
    </p>
   </div>
   <div class='ocr_carea' id='block_1_53' title="bbox 156 1719 940 1760">
    <p class='ocr_par' dir='ltr' id='par_1_53' title="bbox 156 1719 940 1760">
     <span class='ocr_line' id='line_1_53' title="bbox 156 1719 940 1760; baseline 0.009 -16"><span class='ocrx_word' id='word_1_398' title='bbox 156 1719 210 1753; x_wconf 80' lang='grc' dir='ltr'>τὴν</span> <span class='ocrx_word' id='word_1_399' title='bbox 219 1719 264 1745; x_wconf 79' lang='grc' dir='ltr'><strong>καὶ</strong></span> <span class='ocrx_word' id='word_1_400' title='bbox 289 1720 358 1755; x_wconf 82' lang='grc' dir='ltr'>μέσα</span> <span class='ocrx_word' id='word_1_401' title='bbox 378 1721 431 1746; x_wconf 82' lang='grc' dir='ltr'>τῶν</span> <span class='ocrx_word' id='word_1_402' title='bbox 449 1721 532 1748; x_wconf 74' lang='grc' dir='ltr'>ὄντων</span> <span class='ocrx_word' id='word_1_403' title='bbox 553 1721 677 1749; x_wconf 79' lang='grc' dir='ltr'>ἁπάντων</span> <span class='ocrx_word' id='word_1_404' title='bbox 698 1723 776 1757; x_wconf 75' lang='grc' dir='ltr'>ἔχων,</span> <span class='ocrx_word' id='word_1_405' title='bbox 793 1734 801 1749; x_wconf 76' lang='grc' dir='ltr'><strong>ι</strong></span> <span class='ocrx_word' id='word_1_406' title='bbox 819 1725 940 1760; x_wconf 80' lang='grc' dir='ltr'>παράθες</span> 
     </span>
    </p>
   </div>
   <div class='ocr_carea' id='block_1_54' title="bbox 154 1764 940 1806">
    <p class='ocr_par' dir='ltr' id='par_1_54' title="bbox 154 1764 940 1806">
     <span class='ocr_line' id='line_1_54' title="bbox 154 1764 940 1806; baseline 0.009 -16"><span class='ocrx_word' id='word_1_407' title='bbox 154 1764 213 1791; x_wconf 78' lang='grc' dir='ltr'><strong>ἀπὸ</strong></span> <span class='ocrx_word' id='word_1_408' title='bbox 223 1765 272 1800; x_wconf 86' lang='grc' dir='ltr'>τῆς</span> <span class='ocrx_word' id='word_1_409' title='bbox 292 1766 421 1801; x_wconf 76' lang='grc' dir='ltr'>Ἐϐραίων</span> <span class='ocrx_word' id='word_1_410' title='bbox 435 1768 599 1802; x_wconf 76' lang='grc' dir='ltr'>προφητείας</span> <span class='ocrx_word' id='word_1_411' title='bbox 611 1769 650 1800; x_wconf 84' lang='grc' dir='ltr'>τὸ,</span> <span class='ocrx_word' id='word_1_412' title='bbox 670 1778 679 1794; x_wconf 77' lang='grc' dir='ltr'><strong>ι</strong></span> <span class='ocrx_word' id='word_1_413' title='bbox 705 1769 774 1802; x_wconf 81' lang='grc' dir='ltr'><strong>Ἐγὼ</strong></span> <span class='ocrx_word' id='word_1_414' title='bbox 785 1770 850 1802; x_wconf 83' lang='grc' dir='ltr'>Θεὸς</span> <span class='ocrx_word' id='word_1_415' title='bbox 867 1771 940 1806; x_wconf 85' lang='grc' dir='ltr'>πρῶ-</span> 
     </span>
    </p>
   </div>
   <div class='ocr_carea' id='block_1_55' title="bbox 153 1811 938 1852">
    <p class='ocr_par' dir='ltr' id='par_1_55' title="bbox 153 1811 938 1852">
     <span class='ocr_line' id='line_1_55' title="bbox 153 1811 938 1852; baseline 0.009 -16"><span class='ocrx_word' id='word_1_416' title='bbox 153 1819 214 1842; x_wconf 88' lang='grc' dir='ltr'>τος,</span> <span class='ocrx_word' id='word_1_417' title='bbox 232 1812 278 1838; x_wconf 76' lang='grc' dir='ltr'>καὶ</span> <span class='ocrx_word' id='word_1_418' title='bbox 292 1811 346 1845; x_wconf 81' lang='grc' dir='ltr'>ἐγὼ</span> <span class='ocrx_word' id='word_1_419' title='bbox 357 1812 424 1847; x_wconf 79' lang='grc' dir='ltr'>μετὰ</span> <span class='ocrx_word' id='word_1_420' title='bbox 441 1813 540 1839; x_wconf 80' lang='grc' dir='ltr'>ταῦτα·</span> <span class='ocrx_word' id='word_1_421' title='bbox 559 1824 568 1840; x_wconf 68' lang='grc' dir='ltr'><strong>ο</strong></span> <span class='ocrx_word' id='word_1_422' title='bbox 584 1814 622 1849; x_wconf 79' lang='grc' dir='ltr'>τῷ</span> <span class='ocrx_word' id='word_1_423' title='bbox 643 1815 680 1847; x_wconf 81' lang='grc' dir='ltr'>δὲ,</span> <span class='ocrx_word' id='word_1_424' title='bbox 694 1824 702 1839; x_wconf 75' lang='grc' dir='ltr'><strong>ι</strong></span> <span class='ocrx_word' id='word_1_425' title='bbox 718 1815 829 1842; x_wconf 78' lang='grc' dir='ltr'>Εὐθεῖαν</span> <span class='ocrx_word' id='word_1_426' title='bbox 844 1818 938 1852; x_wconf 82' lang='grc' dir='ltr'>περαί-</span> 
     </span>
    </p>
   </div>
   <div class='ocr_carea' id='block_1_56' title="bbox 155 1856 938 1894">
    <p class='ocr_par' dir='ltr' id='par_1_56' title="bbox 155 1856 938 1894">
     <span class='ocr_line' id='line_1_56' title="bbox 155 1856 938 1894; baseline 0.009 -13"><span class='ocrx_word' id='word_1_427' title='bbox 155 1864 199 1882; x_wconf 86' lang='grc' dir='ltr'><strong>νει</strong></span> <span class='ocrx_word' id='word_1_428' title='bbox 218 1856 288 1882; x_wconf 77' lang='grc' dir='ltr'>κατὰ</span> <span class='ocrx_word' id='word_1_429' title='bbox 310 1857 388 1891; x_wconf 78' lang='grc' dir='ltr'>φύσιν</span> <span class='ocrx_word' id='word_1_430' title='bbox 415 1858 649 1894; x_wconf 76' lang='grc' dir='ltr'>ἐπιπορευόμενος,</span> <span class='ocrx_word' id='word_1_431' title='bbox 669 1869 678 1885; x_wconf 83' lang='grc'><strong>›</strong></span> <span class='ocrx_word' id='word_1_432' title='bbox 697 1860 735 1892; x_wconf 81' lang='grc' dir='ltr'>τὸ,</span> <span class='ocrx_word' id='word_1_433' title='bbox 748 1870 757 1885; x_wconf 86' lang='grc'><strong><em>‹</em></strong></span> <span class='ocrx_word' id='word_1_434' title='bbox 784 1861 938 1893; x_wconf 78' lang='grc' dir='ltr'>Εὑθύτητας</span> 
     </span>
    </p>
   </div>
   <div class='ocr_carea' id='block_1_57' title="bbox 154 1900 937 1942">
    <p class='ocr_par' dir='ltr' id='par_1_57' title="bbox 154 1900 937 1942">
     <span class='ocr_line' id='line_1_57' title="bbox 154 1900 937 1942; baseline 0.006 -15"><span class='ocrx_word' id='word_1_435' title='bbox 154 1900 211 1927; x_wconf 67' lang='grc' dir='ltr'>εἶδε</span> <span class='ocrx_word' id='word_1_436' title='bbox 228 1902 258 1928; x_wconf 85' lang='grc' dir='ltr'>τὸ</span> <span class='ocrx_word' id='word_1_437' title='bbox 277 1902 419 1937; x_wconf 79' lang='grc' dir='ltr'>πρόσωπον</span> <span class='ocrx_word' id='word_1_438' title='bbox 427 1904 518 1930; x_wconf 76' lang='grc' dir='ltr'>αὑτοῦ.</span> <span class='ocrx_word' id='word_1_439' title='bbox 532 1915 540 1930; x_wconf 77' lang='grc' dir='ltr'><strong>ι</strong></span> <span class='ocrx_word' id='word_1_440' title='bbox 558 1905 611 1931; x_wconf 73' lang='grc' dir='ltr'><strong>Καὶ</strong></span> <span class='ocrx_word' id='word_1_441' title='bbox 623 1905 690 1941; x_wconf 75' lang='grc' dir='ltr'>πρὸς</span> <span class='ocrx_word' id='word_1_442' title='bbox 706 1905 746 1936; x_wconf 82' lang='grc' dir='ltr'>τὸ,</span> <span class='ocrx_word' id='word_1_443' title='bbox 768 1915 776 1931; x_wconf 77' lang='grc' dir='ltr'><strong>ι</strong></span> <span class='ocrx_word' id='word_1_444' title='bbox 791 1907 835 1942; x_wconf 78' lang='grc' dir='ltr'><strong>Τῷ</strong></span> <span class='ocrx_word' id='word_1_445' title='bbox 848 1906 872 1932; x_wconf 85' lang='grc' dir='ltr'>δ’</span> <span class='ocrx_word' id='word_1_446' title='bbox 883 1908 937 1934; x_wconf 74' lang='grc' dir='ltr'>αἰεὶ</span> 
     </span>
    </p>
   </div>
   <div class='ocr_carea' id='block_1_58' title="bbox 153 1947 937 1988">
    <p class='ocr_par' dir='ltr' id='par_1_58' title="bbox 153 1947 937 1988">
     <span class='ocr_line' id='line_1_58' title="bbox 153 1947 937 1988; baseline 0.009 -16"><span class='ocrx_word' id='word_1_447' title='bbox 153 1947 299 1981; x_wconf 83' lang='grc' dir='ltr'>ξυνέπεται</span> <span class='ocrx_word' id='word_1_448' title='bbox 317 1949 380 1983; x_wconf 83' lang='grc' dir='ltr'>Δίκη</span> <span class='ocrx_word' id='word_1_449' title='bbox 402 1949 456 1976; x_wconf 83' lang='grc' dir='ltr'>τῶν</span> <span class='ocrx_word' id='word_1_450' title='bbox 471 1951 688 1986; x_wconf 76' lang='grc' dir='ltr'>ἀπολειπομένων</span> <span class='ocrx_word' id='word_1_451' title='bbox 705 1952 751 1978; x_wconf 76' lang='grc' dir='ltr'>τοῦ</span> <span class='ocrx_word' id='word_1_452' title='bbox 766 1952 837 1978; x_wconf 85' lang='grc' dir='ltr'>θείου</span> <span class='ocrx_word' id='word_1_453' title='bbox 856 1953 937 1988; x_wconf 79' lang='grc' dir='ltr'>νόμου</span> 
     </span>
    </p>
   </div>
   <div class='ocr_carea' id='block_1_59' title="bbox 151 1994 939 2033">
    <p class='ocr_par' dir='ltr' id='par_1_59' title="bbox 151 1994 939 2033">
     <span class='ocr_line' id='line_1_59' title="bbox 151 1994 939 2033; baseline 0.006 -13"><span class='ocrx_word' id='word_1_454' title='bbox 151 1994 286 2029; x_wconf 80' lang='grc' dir='ltr'>τιμωρὸς,</span> <span class='ocrx_word' id='word_1_455' title='bbox 302 2004 310 2020; x_wconf 77' lang='grc' dir='ltr'><strong>ι</strong></span> <span class='ocrx_word' id='word_1_456' title='bbox 326 1995 468 2031; x_wconf 81' lang='grc' dir='ltr'>σύγκρινον</span> <span class='ocrx_word' id='word_1_457' title='bbox 491 1996 531 2028; x_wconf 80' lang='grc' dir='ltr'><strong>τὸ,</strong></span> <span class='ocrx_word' id='word_1_458' title='bbox 550 2006 558 2022; x_wconf 87' lang='grc'><em>‹</em></span> <span class='ocrx_word' id='word_1_459' title='bbox 582 1997 688 2029; x_wconf 85' lang='grc' dir='ltr'>Δίκαιος</span> <span class='ocrx_word' id='word_1_460' title='bbox 706 1998 815 2033; x_wconf 82' lang='grc' dir='ltr'>Κύριος,</span> <span class='ocrx_word' id='word_1_461' title='bbox 841 2000 886 2025; x_wconf 74' lang='grc' dir='ltr'>καὶ</span> <span class='ocrx_word' id='word_1_462' title='bbox 904 1999 939 2025; x_wconf 78' lang='grc' dir='ltr'>δι-</span> 
     </span>
    </p>
   </div>
   <div class='ocr_carea' id='block_1_60' title="bbox 152 2040 936 2080">
    <p class='ocr_par' dir='ltr' id='par_1_60' title="bbox 152 2040 936 2080">
     <span class='ocr_line' id='line_1_60' title="bbox 152 2040 936 2080; baseline 0.008 -15"><span class='ocrx_word' id='word_1_463' title='bbox 152 2040 303 2072; x_wconf 79' lang='grc' dir='ltr'>καιοσύνας</span> <span class='ocrx_word' id='word_1_464' title='bbox 327 2041 486 2077; x_wconf 72' lang='grc' dir='ltr'>ἠγάπησεν·</span> <span class='ocrx_word' id='word_1_465' title='bbox 507 2055 515 2067; x_wconf 77' lang='grc' dir='ltr'><strong>ι</strong></span> <span class='ocrx_word' id='word_1_466' title='bbox 533 2044 578 2069; x_wconf 78' lang='grc' dir='ltr'>καὶ</span> <span class='ocrx_word' id='word_1_467' title='bbox 598 2044 636 2075; x_wconf 85' lang='grc' dir='ltr'>τὸ,</span> <span class='ocrx_word' id='word_1_468' title='bbox 654 2053 663 2068; x_wconf 69' lang='grc' dir='ltr'><strong><em>ε</em></strong></span> <span class='ocrx_word' id='word_1_469' title='bbox 688 2044 763 2079; x_wconf 83' lang='grc' dir='ltr'><strong>Ἑμοὶ</strong></span> <span class='ocrx_word' id='word_1_470' title='bbox 789 2045 936 2080; x_wconf 74' lang='grc' dir='ltr'>ἐκδίκησις,</span> 
     </span>
    </p>
   </div>
   <div class='ocr_carea' id='block_1_61' title="bbox 152 2085 937 2126">
    <p class='ocr_par' dir='ltr' id='par_1_61' title="bbox 152 2085 937 2126">
     <span class='ocr_line' id='line_1_61' title="bbox 152 2085 937 2126; baseline 0.009 -15"><span class='ocrx_word' id='word_1_471' title='bbox 152 2085 212 2120; x_wconf 81' lang='grc' dir='ltr'>ἐγὼ</span> <span class='ocrx_word' id='word_1_472' title='bbox 241 2086 430 2120; x_wconf 79' lang='grc' dir='ltr'>ἀνταποδώσω,</span> <span class='ocrx_word' id='word_1_473' title='bbox 459 2089 532 2123; x_wconf 77' lang='grc' dir='ltr'>λέγει</span> <span class='ocrx_word' id='word_1_474' title='bbox 559 2090 688 2126; x_wconf 76' lang='grc' dir='ltr'>Κύριος·›</span> <span class='ocrx_word' id='word_1_475' title='bbox 706 2091 752 2117; x_wconf 73' lang='grc' dir='ltr'><strong>καὶ</strong></span> <span class='ocrx_word' id='word_1_476' title='bbox 776 2091 817 2121; x_wconf 76' lang='grc' dir='ltr'><strong>τὸ,</strong></span> <span class='ocrx_word' id='word_1_477' title='bbox 837 2101 846 2116; x_wconf 84' lang='grc'><strong>‹</strong></span> <span class='ocrx_word' id='word_1_478' title='bbox 867 2092 937 2118; x_wconf 75' lang='grc' dir='ltr'>Διό-τι</span> 
     </span>
    </p>
   </div>
   <div class='ocr_carea' id='block_1_62' title="bbox 152 2131 937 2172">
    <p class='ocr_par' dir='ltr' id='par_1_62' title="bbox 152 2131 937 2172">
     <span class='ocr_line' id='line_1_62' title="bbox 152 2131 937 2172; baseline 0.008 -15"><span class='ocrx_word' id='word_1_479' title='bbox 152 2131 263 2164; x_wconf 74' lang='grc' dir='ltr'>ἔκδικος</span> <span class='ocrx_word' id='word_1_480' title='bbox 290 2133 403 2168; x_wconf 82' lang='grc' dir='ltr'>Κύριος,</span> <span class='ocrx_word' id='word_1_481' title='bbox 433 2135 478 2161; x_wconf 73' lang='grc' dir='ltr'>καὶ</span> <span class='ocrx_word' id='word_1_482' title='bbox 499 2136 692 2165; x_wconf 70' lang='grc' dir='ltr'>ἀνταποδίδωσι</span> <span class='ocrx_word' id='word_1_483' title='bbox 722 2138 778 2168; x_wconf 82' lang='grc' dir='ltr'>τοῖς</span> <span class='ocrx_word' id='word_1_484' title='bbox 802 2137 937 2172; x_wconf 81' lang='grc' dir='ltr'>περισσῶς</span> 
     </span>
    </p>
   </div>
   <div class='ocr_carea' id='block_1_63' title="bbox 152 2177 936 2219">
    <p class='ocr_par' dir='ltr' id='par_1_63' title="bbox 152 2177 936 2219">
     <span class='ocr_line' id='line_1_63' title="bbox 152 2177 936 2219; baseline 0.008 -16"><span class='ocrx_word' id='word_1_485' title='bbox 152 2177 277 2205; x_wconf 78' lang='grc' dir='ltr'>ποιοῦσιν</span> <span class='ocrx_word' id='word_1_486' title='bbox 294 2179 489 2215; x_wconf 80' lang='grc' dir='ltr'>ὑπερηφανίαν’</span> <span class='ocrx_word' id='word_1_487' title='bbox 511 2191 519 2206; x_wconf 86' lang='grc'><strong>›</strong></span> <span class='ocrx_word' id='word_1_488' title='bbox 537 2180 576 2215; x_wconf 84' lang='grc' dir='ltr'>τῷ</span> <span class='ocrx_word' id='word_1_489' title='bbox 597 2182 634 2215; x_wconf 79' lang='grc' dir='ltr'>δὲ,</span> <span class='ocrx_word' id='word_1_490' title='bbox 656 2191 665 2208; x_wconf 89' lang='grc'><strong>‹</strong></span> <span class='ocrx_word' id='word_1_491' title='bbox 680 2179 733 2214; x_wconf 83' lang='grc' dir='ltr'>Ἥς</span> <span class='ocrx_word' id='word_1_492' title='bbox 749 2184 763 2209; x_wconf 80' lang='grc' dir='ltr'>ὁ</span> <span class='ocrx_word' id='word_1_493' title='bbox 780 2183 936 2219; x_wconf 76' lang='grc' dir='ltr'>εὐδαιμονή-</span> 
     </span>
    </p>
   </div>
   <div class='ocr_carea' id='block_1_64' title="bbox 995 950 1774 986">
    <p class='ocr_par' dir='ltr' id='par_1_64' title="bbox 995 950 1774 986">
     <span class='ocr_line' id='line_1_64' title="bbox 995 950 1774 986; baseline 0 -9"><span class='ocrx_word' id='word_1_494' title='bbox 995 951 1086 983; x_wconf 84' lang='lat' dir='ltr'><strong>velint,</strong></span> <span class='ocrx_word' id='word_1_495' title='bbox 1103 958 1135 978; x_wconf 91' lang='lat' dir='ltr'><strong>ac</strong></span> <span class='ocrx_word' id='word_1_496' title='bbox 1149 950 1291 986; x_wconf 74' lang='lat' dir='ltr'><strong>diligenter</strong></span> <span class='ocrx_word' id='word_1_497' title='bbox 1313 950 1447 978; x_wconf 88' lang='lat' dir='ltr'><strong>attendas.</strong></span> <span class='ocrx_word' id='word_1_498' title='bbox 1471 950 1526 978; x_wconf 81' lang='lat' dir='ltr'><strong>Nos</strong></span> <span class='ocrx_word' id='word_1_499' title='bbox 1553 952 1624 978; x_wconf 90' lang='lat' dir='ltr'><strong>enim</strong></span> <span class='ocrx_word' id='word_1_500' title='bbox 1647 951 1774 984; x_wconf 89' lang='lat' dir='ltr'><strong>pertuulti</strong></span> 
     </span>
    </p>
   </div>
   <div class='ocr_carea' id='block_1_65' title="bbox 995 996 1774 1031">
    <p class='ocr_par' dir='ltr' id='par_1_65' title="bbox 995 996 1774 1031">
     <span class='ocr_line' id='line_1_65' title="bbox 995 996 1774 1031; baseline 0.001 -9"><span class='ocrx_word' id='word_1_501' title='bbox 995 996 1028 1022; x_wconf 92' lang='lat' dir='ltr'><strong>ad</strong></span> <span class='ocrx_word' id='word_1_502' title='bbox 1044 996 1094 1023; x_wconf 91' lang='lat' dir='ltr'><strong>sibi</strong></span> <span class='ocrx_word' id='word_1_503' title='bbox 1120 996 1293 1023; x_wconf 86' lang='lat' dir='ltr'><strong>scribendum</strong></span> <span class='ocrx_word' id='word_1_504' title='bbox 1319 997 1442 1030; x_wconf 82' lang='lat' dir='ltr'><strong>invitant,</strong></span> <span class='ocrx_word' id='word_1_505' title='bbox 1461 997 1560 1031; x_wconf 82' lang='lat' dir='ltr'><strong>quibus</strong></span> <span class='ocrx_word' id='word_1_506' title='bbox 1578 997 1603 1023; x_wconf 90' lang='lat' dir='ltr'><strong>id</strong></span> <span class='ocrx_word' id='word_1_507' title='bbox 1629 996 1706 1024; x_wconf 82' lang='lat' dir='ltr'><strong>facile</strong></span> <span class='ocrx_word' id='word_1_508' title='bbox 1728 1004 1774 1023; x_wconf 85' lang='lat' dir='ltr'><strong>ne-</strong></span> 
     </span>
    </p>
   </div>
   <div class='ocr_carea' id='block_1_66' title="bbox 994 1041 1773 1076">
    <p class='ocr_par' dir='ltr' id='par_1_66' title="bbox 994 1041 1773 1076">
     <span class='ocr_line' id='line_1_66' title="bbox 994 1041 1773 1076; baseline 0 -8"><span class='ocrx_word' id='word_1_509' title='bbox 994 1043 1049 1076; x_wconf 80' lang='lat' dir='ltr'><strong>gari</strong></span> <span class='ocrx_word' id='word_1_510' title='bbox 1062 1049 1114 1068; x_wconf 93' lang='lat' dir='ltr'><strong>non</strong></span> <span class='ocrx_word' id='word_1_511' title='bbox 1130 1046 1225 1076; x_wconf 76' lang='lat' dir='ltr'><strong>posstt.</strong></span> <span class='ocrx_word' id='word_1_512' title='bbox 1240 1041 1323 1076; x_wconf 73' lang='lat' dir='ltr'><strong>igitur</strong></span> <span class='ocrx_word' id='word_1_513' title='bbox 1338 1041 1377 1069; x_wconf 85' lang='lat' dir='ltr'><strong>sic</strong></span> <span class='ocrx_word' id='word_1_514' title='bbox 1395 1042 1492 1069; x_wconf 80' lang='lat' dir='ltr'><strong>habeto</strong></span> <span class='ocrx_word' id='word_1_515' title='bbox 1507 1050 1602 1076; x_wconf 89' lang='lat' dir='ltr'><strong>:quam</strong></span> <span class='ocrx_word' id='word_1_516' title='bbox 1621 1041 1692 1068; x_wconf 89' lang='lat' dir='ltr'><strong>serio</strong></span> <span class='ocrx_word' id='word_1_517' title='bbox 1709 1042 1773 1070; x_wconf 88' lang='lat' dir='ltr'><strong>scri-</strong></span> 
     </span>
    </p>
   </div>
   <div class='ocr_carea' id='block_1_67' title="bbox 994 1087 1774 1122">
    <p class='ocr_par' dir='ltr' id='par_1_67' title="bbox 994 1087 1774 1122">
     <span class='ocr_line' id='line_1_67' title="bbox 994 1087 1774 1122; baseline 0 -9"><span class='ocrx_word' id='word_1_518' title='bbox 994 1088 1093 1120; x_wconf 90' lang='lat' dir='ltr'><strong>bimus,</strong></span> <span class='ocrx_word' id='word_1_519' title='bbox 1117 1087 1188 1114; x_wconf 85' lang='lat' dir='ltr'><strong>hanc</strong></span> <span class='ocrx_word' id='word_1_520' title='bbox 1202 1095 1216 1114; x_wconf 89' lang='lat' dir='ltr'><strong>a</strong></span> <span class='ocrx_word' id='word_1_521' title='bbox 1235 1087 1291 1114; x_wconf 90' lang='lat' dir='ltr'><strong>Deo</strong></span> <span class='ocrx_word' id='word_1_522' title='bbox 1306 1087 1489 1122; x_wconf 75' lang='lat' dir='ltr'><strong>auspicantur,</strong></span> <span class='ocrx_word' id='word_1_523' title='bbox 1513 1095 1528 1114; x_wconf 88' lang='lat' dir='ltr'><strong>a</strong></span> <span class='ocrx_word' id='word_1_524' title='bbox 1549 1088 1601 1114; x_wconf 90' lang='lat' dir='ltr'><strong>diis</strong></span> <span class='ocrx_word' id='word_1_525' title='bbox 1620 1094 1692 1118; x_wconf 89' lang='lat' dir='ltr'><strong>vero,</strong></span> <span class='ocrx_word' id='word_1_526' title='bbox 1713 1095 1774 1121; x_wconf 76' lang='lat' dir='ltr'><strong>qua:</strong></span> 
     </span>
    </p>
   </div>
   <div class='ocr_carea' id='block_1_68' title="bbox 994 1132 1772 1166">
    <p class='ocr_par' dir='ltr' id='par_1_68' title="bbox 994 1132 1772 1166">
     <span class='ocr_line' id='line_1_68' title="bbox 994 1132 1772 1166; baseline 0 -8"><span class='ocrx_word' id='word_1_527' title='bbox 994 1133 1083 1160; x_wconf 85' lang='lat' dir='ltr'><strong>minus</strong></span> <span class='ocrx_word' id='word_1_528' title='bbox 1103 1133 1183 1159; x_wconf 82' lang='lat' dir='ltr'><strong>habet</strong></span> <span class='ocrx_word' id='word_1_529' title='bbox 1202 1133 1293 1160; x_wconf 89' lang='lat' dir='ltr'><strong>studii.</strong></span> <span class='ocrx_word' id='word_1_530' title='bbox 1317 1142 1326 1158; x_wconf 77' lang='grc' dir='ltr'><strong>ι</strong></span> <span class='ocrx_word' id='word_1_531' title='bbox 1347 1132 1378 1158; x_wconf 85' lang='lat' dir='ltr'><strong>Et</strong></span> <span class='ocrx_word' id='word_1_532' title='bbox 1393 1139 1457 1158; x_wconf 85' lang='lat' dir='ltr'><strong>vero</strong></span> <span class='ocrx_word' id='word_1_533' title='bbox 1478 1139 1507 1159; x_wconf 87' lang='lat' dir='ltr'><strong>se</strong></span> <span class='ocrx_word' id='word_1_534' title='bbox 1527 1132 1560 1159; x_wconf 86' lang='lat' dir='ltr'><strong>ab</strong></span> <span class='ocrx_word' id='word_1_535' title='bbox 1575 1132 1772 1166; x_wconf 82' lang='lat' dir='ltr'><strong>antiquioribus</strong></span> 
     </span>
    </p>
   </div>
   <div class='ocr_carea' id='block_1_69' title="bbox 993 1178 1771 1213">
    <p class='ocr_par' dir='ltr' id='par_1_69' title="bbox 993 1178 1771 1213">
     <span class='ocr_line' id='line_1_69' title="bbox 993 1178 1771 1213; baseline 0.001 -9"><span class='ocrx_word' id='word_1_536' title='bbox 993 1186 1086 1205; x_wconf 80' lang='lat' dir='ltr'><strong>sanam</strong></span> <span class='ocrx_word' id='word_1_537' title='bbox 1103 1179 1136 1205; x_wconf 88' lang='lat' dir='ltr'><strong>de</strong></span> <span class='ocrx_word' id='word_1_538' title='bbox 1161 1178 1215 1205; x_wconf 87' lang='lat' dir='ltr'><strong>Deo</strong></span> <span class='ocrx_word' id='word_1_539' title='bbox 1238 1179 1397 1206; x_wconf 78' lang='lat' dir='ltr'><strong>sententiam</strong></span> <span class='ocrx_word' id='word_1_540' title='bbox 1419 1178 1495 1213; x_wconf 81' lang='lat'><strong>531</strong></span> <span class='ocrx_word' id='word_1_541' title='bbox 1524 1178 1646 1205; x_wconf 83' lang='lat' dir='ltr'><strong>hausisse</strong></span> <span class='ocrx_word' id='word_1_542' title='bbox 1674 1185 1771 1205; x_wconf 89' lang='lat' dir='ltr'><strong>concc-</strong></span> 
     </span>
    </p>
   </div>
   <div class='ocr_carea' id='block_1_70' title="bbox 993 1223 1772 1259">
    <p class='ocr_par' dir='ltr' id='par_1_70' title="bbox 993 1223 1772 1259">
     <span class='ocr_line' id='line_1_70' title="bbox 993 1223 1772 1259; baseline -0.001 -8"><span class='ocrx_word' id='word_1_543' title='bbox 993 1225 1045 1259; x_wconf 91' lang='lat' dir='ltr'><strong>ptis</strong></span> <span class='ocrx_word' id='word_1_544' title='bbox 1068 1224 1124 1259; x_wconf 81' lang='lat' dir='ltr'><strong>ipse</strong></span> <span class='ocrx_word' id='word_1_545' title='bbox 1144 1225 1309 1259; x_wconf 84' lang='lat' dir='ltr'><strong>disertisque</strong></span> <span class='ocrx_word' id='word_1_546' title='bbox 1330 1225 1419 1251; x_wconf 87' lang='lat' dir='ltr'><strong>verbis</strong></span> <span class='ocrx_word' id='word_1_547' title='bbox 1443 1224 1470 1250; x_wconf 92' lang='lat' dir='ltr'><strong>in</strong></span> <span class='ocrx_word' id='word_1_548' title='bbox 1487 1223 1597 1259; x_wconf 77' lang='lat' dir='ltr'><strong>Legibus</strong></span> <span class='ocrx_word' id='word_1_549' title='bbox 1618 1224 1772 1257; x_wconf 81' lang='lat' dir='ltr'><strong>conﬁtetur,</strong></span> 
     </span>
    </p>
   </div>
   <div class='ocr_carea' id='block_1_71' title="bbox 992 1270 1772 1305">
    <p class='ocr_par' dir='ltr' id='par_1_71' title="bbox 992 1270 1772 1305">
     <span class='ocr_line' id='line_1_71' title="bbox 992 1270 1772 1305; baseline -0.001 -8"><span class='ocrx_word' id='word_1_550' title='bbox 992 1271 1055 1298; x_wconf 92' lang='lat' dir='ltr'><strong>dum</strong></span> <span class='ocrx_word' id='word_1_551' title='bbox 1076 1271 1129 1298; x_wconf 89' lang='lat' dir='ltr'><strong>ait:</strong></span> <span class='ocrx_word' id='word_1_552' title='bbox 1152 1280 1160 1296; x_wconf 71' lang='grc' dir='ltr'><strong>ε</strong></span> <span class='ocrx_word' id='word_1_553' title='bbox 1179 1270 1250 1298; x_wconf 89' lang='lat' dir='ltr'><strong>Deus</strong></span> <span class='ocrx_word' id='word_1_554' title='bbox 1274 1275 1347 1297; x_wconf 88' lang='lat' dir='ltr'><strong>certe</strong></span> <span class='ocrx_word' id='word_1_555' title='bbox 1371 1270 1491 1305; x_wconf 84' lang='lat' dir='ltr'><strong>quidem,</strong></span> <span class='ocrx_word' id='word_1_556' title='bbox 1516 1270 1553 1296; x_wconf 90' lang='lat' dir='ltr'><strong>uti</strong></span> <span class='ocrx_word' id='word_1_557' title='bbox 1569 1277 1602 1297; x_wconf 75' lang='lat' dir='ltr'><strong>cx</strong></span> <span class='ocrx_word' id='word_1_558' title='bbox 1619 1270 1772 1304; x_wconf 84' lang='lat' dir='ltr'><strong>priscorum</strong></span> 
     </span>
    </p>
   </div>
   <div class='ocr_carea' id='block_1_72' title="bbox 992 1315 1771 1350">
    <p class='ocr_par' dir='ltr' id='par_1_72' title="bbox 992 1315 1771 1350">
     <span class='ocr_line' id='line_1_72' title="bbox 992 1315 1771 1350; baseline -0.003 -7"><span class='ocrx_word' id='word_1_559' title='bbox 992 1317 1115 1344; x_wconf 88' lang='lat' dir='ltr'><strong>doctrina</strong></span> <span class='ocrx_word' id='word_1_560' title='bbox 1142 1321 1264 1348; x_wconf 85' lang='lat' dir='ltr'><strong>constat,</strong></span> <span class='ocrx_word' id='word_1_561' title='bbox 1292 1323 1381 1342; x_wconf 88' lang='lat' dir='ltr'><strong>rerum</strong></span> <span class='ocrx_word' id='word_1_562' title='bbox 1413 1315 1598 1342; x_wconf 86' lang='lat' dir='ltr'><strong>universarum</strong></span> <span class='ocrx_word' id='word_1_563' title='bbox 1620 1315 1771 1350; x_wconf 88' lang='lat' dir='ltr'><strong>principia,</strong></span> 
     </span>
    </p>
   </div>
   <div class='ocr_carea' id='block_1_73' title="bbox 993 1361 1772 1396">
    <p class='ocr_par' dir='ltr' id='par_1_73' title="bbox 993 1361 1772 1396">
     <span class='ocr_line' id='line_1_73' title="bbox 993 1361 1772 1396; baseline 0 -8"><span class='ocrx_word' id='word_1_564' title='bbox 993 1362 1072 1388; x_wconf 78' lang='lat' dir='ltr'><strong>tinem</strong></span> <span class='ocrx_word' id='word_1_565' title='bbox 1088 1362 1261 1396; x_wconf 85' lang='lat' dir='ltr'><strong>mediumque</strong></span> <span class='ocrx_word' id='word_1_566' title='bbox 1278 1362 1446 1396; x_wconf 80' lang='lat' dir='ltr'><strong>complexus,</strong></span> <span class='ocrx_word' id='word_1_567' title='bbox 1472 1366 1544 1388; x_wconf 85' lang='lat' dir='ltr'><strong>recta</strong></span> <span class='ocrx_word' id='word_1_568' title='bbox 1561 1361 1616 1394; x_wconf 87' lang='lat' dir='ltr'><strong>illa,</strong></span> <span class='ocrx_word' id='word_1_569' title='bbox 1634 1361 1772 1396; x_wconf 89' lang='lat' dir='ltr'><strong>quomodo</strong></span> 
     </span>
    </p>
   </div>
   <div class='ocr_carea' id='block_1_74' title="bbox 993 1407 1772 1442">
    <p class='ocr_par' dir='ltr' id='par_1_74' title="bbox 993 1407 1772 1442">
     <span class='ocr_line' id='line_1_74' title="bbox 993 1407 1772 1442; baseline 0 -8"><span class='ocrx_word' id='word_1_570' title='bbox 993 1412 1090 1435; x_wconf 87' lang='lat' dir='ltr'><strong>natura</strong></span> <span class='ocrx_word' id='word_1_571' title='bbox 1111 1408 1245 1442; x_wconf 84' lang='lat' dir='ltr'><strong>postulat,</strong></span> <span class='ocrx_word' id='word_1_572' title='bbox 1269 1407 1394 1434; x_wconf 87' lang='lat' dir='ltr'><strong>obeundo</strong></span> <span class='ocrx_word' id='word_1_573' title='bbox 1416 1407 1529 1441; x_wconf 82' lang='lat' dir='ltr'><strong>perlicit.</strong></span> <span class='ocrx_word' id='word_1_574' title='bbox 1552 1407 1619 1433; x_wconf 85' lang='lat' dir='ltr'><strong>Eum</strong></span> <span class='ocrx_word' id='word_1_575' title='bbox 1644 1411 1772 1441; x_wconf 91' lang='lat' dir='ltr'><strong>perpetuo</strong></span> 
     </span>
    </p>
   </div>
   <div class='ocr_carea' id='block_1_75' title="bbox 992 1452 1772 1488">
    <p class='ocr_par' dir='ltr' id='par_1_75' title="bbox 992 1452 1772 1488">
     <span class='ocr_line' id='line_1_75' title="bbox 992 1452 1772 1488; baseline -0.001 -7"><span class='ocrx_word' id='word_1_576' title='bbox 992 1454 1099 1482; x_wconf 86' lang='lat' dir='ltr'><strong>Justitia</strong></span> <span class='ocrx_word' id='word_1_577' title='bbox 1120 1454 1253 1488; x_wconf 84' lang='lat' dir='ltr'><strong>sequitur,</strong></span> <span class='ocrx_word' id='word_1_578' title='bbox 1279 1460 1383 1486; x_wconf 83' lang='lat' dir='ltr'><strong>eorum,</strong></span> <span class='ocrx_word' id='word_1_579' title='bbox 1404 1452 1450 1487; x_wconf 90' lang='lat' dir='ltr'><strong>qui</strong></span> <span class='ocrx_word' id='word_1_580' title='bbox 1471 1453 1520 1479; x_wconf 89' lang='lat' dir='ltr'><strong>abs</strong></span> <span class='ocrx_word' id='word_1_581' title='bbox 1535 1453 1625 1479; x_wconf 86' lang='lat' dir='ltr'><strong>divina</strong></span> <span class='ocrx_word' id='word_1_582' title='bbox 1644 1452 1702 1487; x_wconf 79' lang='lat' dir='ltr'><strong>lege</strong></span> <span class='ocrx_word' id='word_1_583' title='bbox 1714 1453 1772 1480; x_wconf 92' lang='lat' dir='ltr'><strong>dis-</strong></span> 
     </span>
    </p>
   </div>
   <div class='ocr_carea' id='block_1_76' title="bbox 993 1498 1772 1533">
    <p class='ocr_par' dir='ltr' id='par_1_76' title="bbox 993 1498 1772 1533">
     <span class='ocr_line' id='line_1_76' title="bbox 993 1498 1772 1533; baseline -0.001 -7"><span class='ocrx_word' id='word_1_584' title='bbox 993 1499 1103 1530; x_wconf 86' lang='lat' dir='ltr'><strong>cedunt,</strong></span> <span class='ocrx_word' id='word_1_585' title='bbox 1136 1499 1218 1525; x_wconf 82' lang='lat' dir='ltr'><strong>ultrix</strong></span> <span class='ocrx_word' id='word_1_586' title='bbox 1239 1503 1320 1533; x_wconf 88' lang='lat' dir='ltr'><strong>atque</strong></span> <span class='ocrx_word' id='word_1_587' title='bbox 1342 1498 1460 1526; x_wconf 82' lang='lat' dir='ltr'><strong>vindex:</strong></span> <span class='ocrx_word' id='word_1_588' title='bbox 1487 1498 1530 1525; x_wconf 89' lang='lat' dir='ltr'><strong>cui</strong></span> <span class='ocrx_word' id='word_1_589' title='bbox 1548 1499 1656 1532; x_wconf 87' lang='lat' dir='ltr'><strong>quidem</strong></span> <span class='ocrx_word' id='word_1_590' title='bbox 1677 1498 1772 1525; x_wconf 74' lang='lat' dir='ltr'><strong>aliixus</strong></span> 
     </span>
    </p>
   </div>
   <div class='ocr_carea' id='block_1_77' title="bbox 992 1545 1772 1580">
    <p class='ocr_par' dir='ltr' id='par_1_77' title="bbox 992 1545 1772 1580">
     <span class='ocr_line' id='line_1_77' title="bbox 992 1545 1772 1580; baseline -0.003 -7"><span class='ocrx_word' id='word_1_591' title='bbox 992 1546 1111 1573; x_wconf 87' lang='lat' dir='ltr'><strong>demisso</strong></span> <span class='ocrx_word' id='word_1_592' title='bbox 1129 1545 1334 1580; x_wconf 85' lang='lat' dir='ltr'><strong>compositoque</strong></span> <span class='ocrx_word' id='word_1_593' title='bbox 1357 1545 1449 1572; x_wconf 88' lang='lat' dir='ltr'><strong>animo</strong></span> <span class='ocrx_word' id='word_1_594' title='bbox 1471 1545 1626 1576; x_wconf 84' lang='lat' dir='ltr'><strong>comitatur,</strong></span> <span class='ocrx_word' id='word_1_595' title='bbox 1647 1545 1772 1580; x_wconf 83' lang='lat' dir='ltr'><strong>quisquis</strong></span> 
     </span>
    </p>
   </div>
   <div class='ocr_carea' id='block_1_78' title="bbox 993 1591 1772 1625">
    <p class='ocr_par' dir='ltr' id='par_1_78' title="bbox 993 1591 1772 1625">
     <span class='ocr_line' id='line_1_78' title="bbox 993 1591 1772 1625; baseline -0.001 -7"><span class='ocrx_word' id='word_1_596' title='bbox 993 1591 1026 1618; x_wconf 86' lang='lat' dir='ltr'><strong>ad</strong></span> <span class='ocrx_word' id='word_1_597' title='bbox 1053 1591 1207 1618; x_wconf 80' lang='lat' dir='ltr'><strong>felicitatem</strong></span> <span class='ocrx_word' id='word_1_598' title='bbox 1236 1591 1357 1625; x_wconf 87' lang='lat' dir='ltr'><strong>aspirat:</strong></span> <span class='ocrx_word' id='word_1_599' title='bbox 1383 1595 1477 1618; x_wconf 87' lang='lat' dir='ltr'><strong>contra</strong></span> <span class='ocrx_word' id='word_1_600' title='bbox 1502 1598 1565 1618; x_wconf 88' lang='lat' dir='ltr'><strong>vero</strong></span> <span class='ocrx_word' id='word_1_601' title='bbox 1590 1591 1636 1625; x_wconf 87' lang='lat' dir='ltr'><strong>qui</strong></span> <span class='ocrx_word' id='word_1_602' title='bbox 1662 1591 1702 1617; x_wconf 86' lang='lat' dir='ltr'><strong>vel</strong></span> <span class='ocrx_word' id='word_1_603' title='bbox 1727 1598 1772 1618; x_wconf 90' lang='lat' dir='ltr'><strong>su-</strong></span> 
     </span>
    </p>
   </div>
   <div class='ocr_carea' id='block_1_79' title="bbox 991 1636 1771 1671">
    <p class='ocr_par' dir='ltr' id='par_1_79' title="bbox 991 1636 1771 1671">
     <span class='ocr_line' id='line_1_79' title="bbox 991 1636 1771 1671; baseline 0 -8"><span class='ocrx_word' id='word_1_604' title='bbox 991 1637 1084 1671; x_wconf 89' lang='lat' dir='ltr'><strong>perbia</strong></span> <span class='ocrx_word' id='word_1_605' title='bbox 1102 1637 1295 1666; x_wconf 83' lang='lat' dir='ltr'><strong>intumescens.</strong></span> <span class='ocrx_word' id='word_1_606' title='bbox 1320 1637 1362 1663; x_wconf 82' lang='lat' dir='ltr'><strong>vel</strong></span> <span class='ocrx_word' id='word_1_607' title='bbox 1384 1644 1464 1671; x_wconf 92' lang='lat' dir='ltr'><strong>opum</strong></span> <span class='ocrx_word' id='word_1_608' title='bbox 1481 1637 1505 1663; x_wconf 92' lang='lat' dir='ltr'><strong>vi</strong></span> <span class='ocrx_word' id='word_1_609' title='bbox 1528 1637 1659 1671; x_wconf 87' lang='lat' dir='ltr'><strong>copiaque</strong></span> <span class='ocrx_word' id='word_1_610' title='bbox 1681 1636 1771 1664; x_wconf 86' lang='lat' dir='ltr'><strong>subla-</strong></span> 
     </span>
    </p>
   </div>
   <div class='ocr_carea' id='block_1_80' title="bbox 993 1681 1772 1717">
    <p class='ocr_par' dir='ltr' id='par_1_80' title="bbox 993 1681 1772 1717">
     <span class='ocr_line' id='line_1_80' title="bbox 993 1681 1772 1717; baseline -0.001 -9"><span class='ocrx_word' id='word_1_611' title='bbox 993 1686 1046 1713; x_wconf 87' lang='lat' dir='ltr'><strong>tus,</strong></span> <span class='ocrx_word' id='word_1_612' title='bbox 1071 1682 1111 1709; x_wconf 81' lang='lat' dir='ltr'><strong>vel</strong></span> <span class='ocrx_word' id='word_1_613' title='bbox 1135 1682 1219 1709; x_wconf 89' lang='lat' dir='ltr'><strong>etiam</strong></span> <span class='ocrx_word' id='word_1_614' title='bbox 1244 1682 1380 1709; x_wconf 83' lang='lat' dir='ltr'><strong>honorum</strong></span> <span class='ocrx_word' id='word_1_615' title='bbox 1400 1681 1594 1717; x_wconf 82' lang='lat' dir='ltr'><strong>amplitudine,</strong></span> <span class='ocrx_word' id='word_1_616' title='bbox 1618 1681 1772 1716; x_wconf 88' lang='lat' dir='ltr'><strong>corporisve</strong></span> 
     </span>
    </p>
   </div>
   <div class='ocr_carea' id='block_1_81' title="bbox 991 1726 1773 1761">
    <p class='ocr_par' dir='ltr' id='par_1_81' title="bbox 991 1726 1773 1761">
     <span class='ocr_line' id='line_1_81' title="bbox 991 1726 1773 1761; baseline -0.001 -8"><span class='ocrx_word' id='word_1_617' title='bbox 991 1726 1091 1761; x_wconf 80' lang='lat' dir='ltr'><strong>specie,</strong></span> <span class='ocrx_word' id='word_1_618' title='bbox 1116 1734 1177 1754; x_wconf 88' lang='lat' dir='ltr'><strong>eum</strong></span> <span class='ocrx_word' id='word_1_619' title='bbox 1199 1726 1353 1761; x_wconf 81' lang='lat' dir='ltr'><strong>juventutis</strong></span> <span class='ocrx_word' id='word_1_620' title='bbox 1378 1726 1444 1753; x_wconf 80' lang='lat' dir='ltr'><strong>[lore</strong></span> <span class='ocrx_word' id='word_1_621' title='bbox 1471 1726 1638 1761; x_wconf 87' lang='lat' dir='ltr'><strong>stultitiaque</strong></span> <span class='ocrx_word' id='word_1_622' title='bbox 1658 1726 1773 1760; x_wconf 87' lang='lat' dir='ltr'><strong>conjun-</strong></span> 
     </span>
    </p>
   </div>
   <div class='ocr_carea' id='block_1_82' title="bbox 989 1770 1771 1805">
    <p class='ocr_par' dir='ltr' id='par_1_82' title="bbox 989 1770 1771 1805">
     <span class='ocr_line' id='line_1_82' title="bbox 989 1770 1771 1805; baseline -0.003 -7"><span class='ocrx_word' id='word_1_623' title='bbox 989 1776 1031 1798; x_wconf 88' lang='lat' dir='ltr'><strong>cta</strong></span> <span class='ocrx_word' id='word_1_624' title='bbox 1054 1770 1230 1803; x_wconf 74' lang='lat' dir='ltr'><strong>insolescens,</strong></span> <span class='ocrx_word' id='word_1_625' title='bbox 1244 1771 1335 1798; x_wconf 87' lang='lat' dir='ltr'><strong>animo</strong></span> <span class='ocrx_word' id='word_1_626' title='bbox 1352 1771 1516 1805; x_wconf 89' lang='lat' dir='ltr'><strong>petulantius</strong></span> <span class='ocrx_word' id='word_1_627' title='bbox 1537 1770 1699 1803; x_wconf 76' lang='lat' dir='ltr'><strong>exardescit,</strong></span> <span class='ocrx_word' id='word_1_628' title='bbox 1715 1778 1771 1805; x_wconf 82' lang='lat' dir='ltr'><strong>per-</strong></span> 
     </span>
    </p>
   </div>
   <div class='ocr_carea' id='block_1_83' title="bbox 990 1810 1772 1850">
    <p class='ocr_par' dir='ltr' id='par_1_83' title="bbox 990 1810 1772 1850">
     <span class='ocr_line' id='line_1_83' title="bbox 990 1810 1772 1850; baseline -0.001 -7"><span class='ocrx_word' id='word_1_629' title='bbox 990 1817 1051 1843; x_wconf 89' lang='lat' dir='ltr'><strong>inde</strong></span> <span class='ocrx_word' id='word_1_630' title='bbox 1079 1816 1144 1843; x_wconf 88' lang='lat' dir='ltr'><strong>utsi</strong></span> <span class='ocrx_word' id='word_1_631' title='bbox 1167 1823 1216 1843; x_wconf 92' lang='lat' dir='ltr'><strong>nec</strong></span> <span class='ocrx_word' id='word_1_632' title='bbox 1237 1816 1369 1850; x_wconf 86' lang='lat' dir='ltr'><strong>principe,</strong></span> <span class='ocrx_word' id='word_1_633' title='bbox 1395 1810 1445 1843; x_wconf 83' lang='lat' dir='ltr'><strong>nec</strong></span> <span class='ocrx_word' id='word_1_634' title='bbox 1471 1816 1641 1843; x_wconf 85' lang='lat' dir='ltr'><strong>moderatore</strong></span> <span class='ocrx_word' id='word_1_635' title='bbox 1662 1816 1716 1843; x_wconf 90' lang='lat' dir='ltr'><strong>ullo</strong></span> <span class='ocrx_word' id='word_1_636' title='bbox 1730 1816 1772 1842; x_wconf 86' lang='lat' dir='ltr'><strong>in-</strong></span> 
     </span>
    </p>
   </div>
   <div class='ocr_carea' id='block_1_84' title="bbox 989 1861 1771 1897">
    <p class='ocr_par' dir='ltr' id='par_1_84' title="bbox 989 1861 1771 1897">
     <span class='ocr_line' id='line_1_84' title="bbox 989 1861 1771 1897; baseline -0.001 -9"><span class='ocrx_word' id='word_1_637' title='bbox 989 1862 1087 1897; x_wconf 80' lang='lat' dir='ltr'><strong>digeat,</strong></span> <span class='ocrx_word' id='word_1_638' title='bbox 1117 1862 1164 1889; x_wconf 85' lang='lat' dir='ltr'><strong>sed</strong></span> <span class='ocrx_word' id='word_1_639' title='bbox 1190 1862 1280 1896; x_wconf 88' lang='lat' dir='ltr'><strong>potius</strong></span> <span class='ocrx_word' id='word_1_640' title='bbox 1300 1861 1333 1889; x_wconf 89' lang='lat' dir='ltr'><strong>ad</strong></span> <span class='ocrx_word' id='word_1_641' title='bbox 1356 1862 1461 1889; x_wconf 73' lang='lat' dir='ltr'><strong>cmteris</strong></span> <span class='ocrx_word' id='word_1_642' title='bbox 1483 1862 1669 1895; x_wconf 89' lang='lat' dir='ltr'><strong>imperandum</strong></span> <span class='ocrx_word' id='word_1_643' title='bbox 1692 1865 1771 1895; x_wconf 89' lang='lat' dir='ltr'><strong>aptus</strong></span> 
     </span>
    </p>
   </div>
   <div class='ocr_carea' id='block_1_85' title="bbox 989 1906 1772 1943">
    <p class='ocr_par' dir='ltr' id='par_1_85' title="bbox 989 1906 1772 1943">
     <span class='ocr_line' id='line_1_85' title="bbox 989 1906 1772 1943; baseline -0.004 -8"><span class='ocrx_word' id='word_1_644' title='bbox 989 1909 1105 1943; x_wconf 86' lang='lat' dir='ltr'><strong>ipsemet</strong></span> <span class='ocrx_word' id='word_1_645' title='bbox 1128 1908 1294 1942; x_wconf 87' lang='lat' dir='ltr'><strong>idoneusque</strong></span> <span class='ocrx_word' id='word_1_646' title='bbox 1318 1908 1363 1939; x_wconf 89' lang='lat' dir='ltr'><strong>sit,</strong></span> <span class='ocrx_word' id='word_1_647' title='bbox 1392 1907 1414 1934; x_wconf 92' lang='lat' dir='ltr'><strong>is</strong></span> <span class='ocrx_word' id='word_1_648' title='bbox 1444 1906 1498 1934; x_wconf 89' lang='lat' dir='ltr'><strong>Deo</strong></span> <span class='ocrx_word' id='word_1_649' title='bbox 1517 1914 1620 1934; x_wconf 86' lang='lat' dir='ltr'><strong>vacuus</strong></span> <span class='ocrx_word' id='word_1_650' title='bbox 1644 1906 1772 1941; x_wconf 89' lang='lat' dir='ltr'><strong>relinqui-</strong></span> 
     </span>
    </p>
   </div>
   <div class='ocr_carea' id='block_1_86' title="bbox 990 1952 1770 1992">
    <p class='ocr_par' dir='ltr' id='par_1_86' title="bbox 990 1952 1770 1992">
     <span class='ocr_line' id='line_1_86' title="bbox 990 1952 1770 1992; baseline -0.003 -12"><span class='ocrx_word' id='word_1_651' title='bbox 990 1959 1053 1980; x_wconf 89' lang='lat' dir='ltr'><strong>tur:</strong></span> <span class='ocrx_word' id='word_1_652' title='bbox 1078 1953 1189 1980; x_wconf 87' lang='lat' dir='ltr'><strong>retictus</strong></span> <span class='ocrx_word' id='word_1_653' title='bbox 1209 1957 1311 1992; x_wconf 81' lang='lat' dir='ltr'><strong>autem,</strong></span> <span class='ocrx_word' id='word_1_654' title='bbox 1328 1952 1456 1979; x_wconf 85' lang='lat' dir='ltr'><strong>adhibitis</strong></span> <span class='ocrx_word' id='word_1_655' title='bbox 1479 1952 1551 1979; x_wconf 88' lang='lat' dir='ltr'><strong>illico</strong></span> <span class='ocrx_word' id='word_1_656' title='bbox 1572 1952 1686 1986; x_wconf 66' lang='lat' dir='ltr'><strong>geminat</strong></span> <span class='ocrx_word' id='word_1_657' title='bbox 1706 1959 1770 1986; x_wconf 86' lang='lat' dir='ltr'><strong>pro-</strong></span> 
     </span>
    </p>
   </div>
   <div class='ocr_carea' id='block_1_87' title="bbox 990 1997 1772 2031">
    <p class='ocr_par' dir='ltr' id='par_1_87' title="bbox 990 1997 1772 2031">
     <span class='ocr_line' id='line_1_87' title="bbox 990 1997 1772 2031; baseline -0.003 -6"><span class='ocrx_word' id='word_1_658' title='bbox 990 1998 1081 2026; x_wconf 58' lang='lat' dir='ltr'><strong>terviae</strong></span> <span class='ocrx_word' id='word_1_659' title='bbox 1101 1998 1193 2031; x_wconf 85' lang='lat' dir='ltr'><strong>sociis,</strong></span> <span class='ocrx_word' id='word_1_660' title='bbox 1212 1998 1329 2024; x_wconf 81' lang='lat' dir='ltr'><strong>exsultat</strong></span> <span class='ocrx_word' id='word_1_661' title='bbox 1343 2001 1441 2024; x_wconf 88' lang='lat' dir='ltr'><strong>cuncta</strong></span> <span class='ocrx_word' id='word_1_662' title='bbox 1454 1997 1613 2028; x_wconf 87' lang='lat' dir='ltr'><strong>miscendo,</strong></span> <span class='ocrx_word' id='word_1_663' title='bbox 1635 2000 1714 2031; x_wconf 91' lang='lat' dir='ltr'><strong>atque</strong></span> <span class='ocrx_word' id='word_1_664' title='bbox 1732 1997 1772 2023; x_wconf 90' lang='lat' dir='ltr'><strong>in-</strong></span> 
     </span>
    </p>
   </div>
   <div class='ocr_carea' id='block_1_88' title="bbox 991 2041 1772 2077">
    <p class='ocr_par' dir='ltr' id='par_1_88' title="bbox 991 2041 1772 2077">
     <span class='ocr_line' id='line_1_88' title="bbox 991 2041 1772 2077; baseline -0.001 -8"><span class='ocrx_word' id='word_1_665' title='bbox 991 2043 1068 2070; x_wconf 89' lang='lat' dir='ltr'><strong>terim</strong></span> <span class='ocrx_word' id='word_1_666' title='bbox 1095 2042 1197 2077; x_wconf 91' lang='lat' dir='ltr'><strong>aliquid</strong></span> <span class='ocrx_word' id='word_1_667' title='bbox 1218 2049 1278 2069; x_wconf 84' lang='lat' dir='ltr'><strong>esse</strong></span> <span class='ocrx_word' id='word_1_668' title='bbox 1303 2042 1446 2076; x_wconf 87' lang='lat' dir='ltr'><strong>permultis</strong></span> <span class='ocrx_word' id='word_1_669' title='bbox 1472 2042 1589 2074; x_wconf 89' lang='lat' dir='ltr'><strong>videtur,</strong></span> <span class='ocrx_word' id='word_1_670' title='bbox 1612 2046 1640 2068; x_wconf 89' lang='lat' dir='ltr'><strong>at</strong></span> <span class='ocrx_word' id='word_1_671' title='bbox 1663 2041 1772 2068; x_wconf 88' lang='lat' dir='ltr'><strong>modico</strong></span> 
     </span>
    </p>
   </div>
   <div class='ocr_carea' id='block_1_89' title="bbox 989 2086 1771 2124">
    <p class='ocr_par' dir='ltr' id='par_1_89' title="bbox 989 2086 1771 2124">
     <span class='ocr_line' id='line_1_89' title="bbox 989 2086 1771 2124; baseline -0.001 -9"><span class='ocrx_word' id='word_1_672' title='bbox 989 2094 1051 2123; x_wconf 91' lang='lat' dir='ltr'><strong>post</strong></span> <span class='ocrx_word' id='word_1_673' title='bbox 1070 2095 1200 2123; x_wconf 85' lang='lat' dir='ltr'><strong>tempore,</strong></span> <span class='ocrx_word' id='word_1_674' title='bbox 1218 2088 1315 2124; x_wconf 76' lang='lat' dir='ltr'><strong>dignas</strong></span> <span class='ocrx_word' id='word_1_675' title='bbox 1333 2087 1367 2114; x_wconf 84' lang='lat' dir='ltr'><strong>ab</strong></span> <span class='ocrx_word' id='word_1_676' title='bbox 1384 2095 1416 2114; x_wconf 88' lang='lat' dir='ltr'><strong>eo</strong></span> <span class='ocrx_word' id='word_1_677' title='bbox 1438 2095 1532 2121; x_wconf 70' lang='lat' dir='ltr'><strong>ptenas</strong></span> <span class='ocrx_word' id='word_1_678' title='bbox 1549 2088 1673 2123; x_wconf 75' lang='lat' dir='ltr'><strong>exigente</strong></span> <span class='ocrx_word' id='word_1_679' title='bbox 1693 2086 1771 2114; x_wconf 84' lang='lat' dir='ltr'><strong>Justi-</strong></span> 
     </span>
    </p>
   </div>
   <div class='ocr_carea' id='block_1_90' title="bbox 990 2133 1771 2169">
    <p class='ocr_par' dir='ltr' id='par_1_90' title="bbox 990 2133 1771 2169">
     <span class='ocr_line' id='line_1_90' title="bbox 990 2133 1771 2169; baseline -0.004 -7"><span class='ocrx_word' id='word_1_680' title='bbox 990 2135 1036 2167; x_wconf 87' lang='lat' dir='ltr'><strong>tia,</strong></span> <span class='ocrx_word' id='word_1_681' title='bbox 1053 2134 1184 2169; x_wconf 88' lang='lat' dir='ltr'><strong>seipsum,</strong></span> <span class='ocrx_word' id='word_1_682' title='bbox 1201 2134 1366 2169; x_wconf 87' lang='lat' dir='ltr'><strong>domumque</strong></span> <span class='ocrx_word' id='word_1_683' title='bbox 1381 2134 1471 2165; x_wconf 89' lang='lat' dir='ltr'><strong>simul,</strong></span> <span class='ocrx_word' id='word_1_684' title='bbox 1493 2142 1555 2161; x_wconf 89' lang='lat' dir='ltr'><strong>cum</strong></span> <span class='ocrx_word' id='word_1_685' title='bbox 1572 2138 1626 2161; x_wconf 90' lang='lat' dir='ltr'><strong>tota</strong></span> <span class='ocrx_word' id='word_1_686' title='bbox 1648 2133 1771 2160; x_wconf 81' lang='lat' dir='ltr'><strong>funditus</strong></span> 
     </span>
    </p>
   </div>
   <div class='ocr_carea' id='block_1_91' title="bbox 989 2178 1769 2215">
    <p class='ocr_par' dir='ltr' id='par_1_91' title="bbox 989 2178 1769 2215">
     <span class='ocr_line' id='line_1_91' title="bbox 989 2178 1769 2215; baseline -0.003 -8"><span class='ocrx_word' id='word_1_687' title='bbox 989 2181 1096 2208; x_wconf 87' lang='lat' dir='ltr'><strong>civitate</strong></span> <span class='ocrx_word' id='word_1_688' title='bbox 1117 2181 1214 2215; x_wconf 86' lang='lat' dir='ltr'><strong>perdit.</strong></span> <span class='ocrx_word' id='word_1_689' title='bbox 1233 2190 1242 2206; x_wconf 73' lang='grc' dir='ltr'><strong>ι</strong></span> <span class='ocrx_word' id='word_1_690' title='bbox 1260 2179 1322 2207; x_wconf 63' lang='lat' dir='ltr'><strong>llaec</strong></span> <span class='ocrx_word' id='word_1_691' title='bbox 1338 2179 1425 2207; x_wconf 83' lang='lat' dir='ltr'><strong>Plato.</strong></span> <span class='ocrx_word' id='word_1_692' title='bbox 1447 2179 1505 2206; x_wconf 84' lang='lat' dir='ltr'><strong>Jam</strong></span> <span class='ocrx_word' id='word_1_693' title='bbox 1529 2187 1604 2211; x_wconf 83' lang='lat' dir='ltr'><strong>vero.</strong></span> <span class='ocrx_word' id='word_1_694' title='bbox 1620 2187 1681 2206; x_wconf 93' lang='lat' dir='ltr'><strong>cum</strong></span> <span class='ocrx_word' id='word_1_695' title='bbox 1699 2178 1769 2209; x_wconf 90' lang='lat' dir='ltr'><strong>illis,</strong></span> 
     </span>
    </p>
   </div>
   <div class='ocr_carea' id='block_1_92' title="bbox 153 2223 938 2264">
    <p class='ocr_par' dir='ltr' id='par_1_92' title="bbox 153 2223 936 2264">
     <span class='ocr_line' id='line_1_92' title="bbox 153 2223 936 2264; baseline 0.005 -13"><span class='ocrx_word' id='word_1_696' title='bbox 153 2233 214 2251; x_wconf 82' lang='grc' dir='ltr'>σειν</span> <span class='ocrx_word' id='word_1_697' title='bbox 228 2223 330 2258; x_wconf 82' lang='grc' dir='ltr'>μέλλων</span> <span class='ocrx_word' id='word_1_698' title='bbox 344 2225 471 2260; x_wconf 87' lang='grc' dir='ltr'>ἐχόμενος</span> <span class='ocrx_word' id='word_1_699' title='bbox 484 2226 635 2259; x_wconf 77' lang='grc' dir='ltr'>ξυνέπεται,</span> <span class='ocrx_word' id='word_1_700' title='bbox 647 2228 782 2259; x_wconf 85' lang='grc' dir='ltr'>ταπεινὸς,</span> <span class='ocrx_word' id='word_1_701' title='bbox 801 2237 936 2264; x_wconf 81' lang='grc' dir='ltr'>κεκοσμη-</span> 
     </span>
    </p>
   </div>
   <div class='ocr_carea' id='block_1_93' title="bbox 994 2223 1772 2264">
    <p class='ocr_par' dir='ltr' id='par_1_93' title="bbox 994 2223 1772 2261">
     <span class='ocr_line' id='line_1_93' title="bbox 994 2223 1772 2261; baseline -0.003 -9"><span class='ocrx_word' id='word_1_702' title='bbox 994 2236 1000 2251; x_wconf 88' lang='grc' dir='ltr'><strong>ι</strong></span> <span class='ocrx_word' id='word_1_703' title='bbox 1024 2226 1093 2254; x_wconf 90' lang='lat' dir='ltr'><strong>Deus</strong></span> <span class='ocrx_word' id='word_1_704' title='bbox 1109 2230 1182 2254; x_wconf 86' lang='lat' dir='ltr'><strong>certe</strong></span> <span class='ocrx_word' id='word_1_705' title='bbox 1201 2226 1322 2261; x_wconf 91' lang='lat' dir='ltr'><strong>quidem,</strong></span> <span class='ocrx_word' id='word_1_706' title='bbox 1346 2234 1436 2253; x_wconf 89' lang='lat' dir='ltr'><strong>rerum</strong></span> <span class='ocrx_word' id='word_1_707' title='bbox 1459 2225 1647 2252; x_wconf 86' lang='lat' dir='ltr'><strong>universarum</strong></span> <span class='ocrx_word' id='word_1_708' title='bbox 1670 2223 1772 2259; x_wconf 92' lang='lat' dir='ltr'><strong>princi-</strong></span> 
     </span>
    </p>
   </div>
   <div class='ocr_carea' id='block_1_94' title="bbox 152 2270 935 2308">
    <p class='ocr_par' dir='ltr' id='par_1_94' title="bbox 152 2270 935 2308">
     <span class='ocr_line' id='line_1_94' title="bbox 152 2270 935 2308; baseline 0.006 -13"><span class='ocrx_word' id='word_1_709' title='bbox 152 2270 247 2306; x_wconf 77' lang='grc' dir='ltr'>μένος,</span> <span class='ocrx_word' id='word_1_710' title='bbox 262 2279 271 2295; x_wconf 70' lang='grc' dir='ltr'><strong>ι</strong></span> <span class='ocrx_word' id='word_1_711' title='bbox 284 2270 414 2305; x_wconf 79' lang='grc' dir='ltr'>ἑπόμενὸν</span> <span class='ocrx_word' id='word_1_712' title='bbox 431 2272 488 2297; x_wconf 80' lang='grc' dir='ltr'>ἐστι</span> <span class='ocrx_word' id='word_1_713' title='bbox 498 2272 538 2304; x_wconf 84' lang='grc' dir='ltr'><strong>τὺ,</strong></span> <span class='ocrx_word' id='word_1_714' title='bbox 548 2282 557 2297; x_wconf 87' lang='grc'><strong><em>‹</em></strong></span> <span class='ocrx_word' id='word_1_715' title='bbox 577 2273 677 2299; x_wconf 84' lang='grc' dir='ltr'>Ὀπίσω</span> <span class='ocrx_word' id='word_1_716' title='bbox 693 2273 793 2308; x_wconf 83' lang='grc' dir='ltr'>Κυρίου</span> <span class='ocrx_word' id='word_1_717' title='bbox 808 2274 854 2300; x_wconf 82' lang='grc' dir='ltr'>τοῦ</span> <span class='ocrx_word' id='word_1_718' title='bbox 869 2274 935 2300; x_wconf 76' lang='grc' dir='ltr'>Θεοῦ</span> 
     </span>
    </p>
   </div>
   <div class='ocr_carea' id='block_1_95' title="bbox 151 2318 935 2356">
    <p class='ocr_par' dir='ltr' id='par_1_95' title="bbox 151 2318 935 2356">
     <span class='ocr_line' id='line_1_95' title="bbox 151 2318 935 2356; baseline 0.005 -13"><span class='ocrx_word' id='word_1_719' title='bbox 151 2326 201 2344; x_wconf 76' lang='grc' dir='ltr'><strong>σου</strong></span> <span class='ocrx_word' id='word_1_720' title='bbox 219 2318 354 2354; x_wconf 80' lang='grc' dir='ltr'>πορεύσῃ·</span> <span class='ocrx_word' id='word_1_721' title='bbox 369 2329 378 2344; x_wconf 71' lang='grc' dir='ltr'><strong>ι</strong></span> <span class='ocrx_word' id='word_1_722' title='bbox 388 2319 426 2354; x_wconf 84' lang='grc' dir='ltr'>τῷ</span> <span class='ocrx_word' id='word_1_723' title='bbox 436 2320 474 2352; x_wconf 77' lang='grc' dir='ltr'>δὲ,</span> <span class='ocrx_word' id='word_1_724' title='bbox 491 2329 499 2344; x_wconf 78' lang='grc' dir='ltr'><strong>ι</strong></span> <span class='ocrx_word' id='word_1_725' title='bbox 523 2320 550 2346; x_wconf 81' lang='grc' dir='ltr'><strong>Ὀ</strong></span> <span class='ocrx_word' id='word_1_726' title='bbox 565 2320 586 2346; x_wconf 85' lang='grc' dir='ltr'>δ’</span> <span class='ocrx_word' id='word_1_727' title='bbox 602 2320 724 2355; x_wconf 78' lang='grc' dir='ltr'>ἐξαρθεὶς</span> <span class='ocrx_word' id='word_1_728' title='bbox 735 2321 786 2347; x_wconf 82' lang='grc' dir='ltr'><strong>ὑπὸ</strong></span> <span class='ocrx_word' id='word_1_729' title='bbox 800 2321 935 2356; x_wconf 64' lang='grc' dir='ltr'>μεγαλαυη</span> 
     </span>
    </p>
   </div>
   <div class='ocr_carea' id='block_1_96' title="bbox 150 2363 934 2401">
    <p class='ocr_par' dir='ltr' id='par_1_96' title="bbox 150 2363 934 2401">
     <span class='ocr_line' id='line_1_96' title="bbox 150 2363 934 2401; baseline 0.004 -13"><span class='ocrx_word' id='word_1_730' title='bbox 150 2363 215 2398; x_wconf 84' lang='grc' dir='ltr'>χίας</span> <span class='ocrx_word' id='word_1_731' title='bbox 224 2363 415 2390; x_wconf 83' lang='grc' dir='ltr'>καταλείπεται</span> <span class='ocrx_word' id='word_1_732' title='bbox 426 2363 526 2399; x_wconf 73' lang='grc' dir='ltr'>ἕρημος</span> <span class='ocrx_word' id='word_1_733' title='bbox 539 2364 615 2395; x_wconf 78' lang='grc' dir='ltr'>Θεοῦ,</span> <span class='ocrx_word' id='word_1_734' title='bbox 630 2375 638 2390; x_wconf 72' lang='grc' dir='ltr'><strong>ι</strong></span> <span class='ocrx_word' id='word_1_735' title='bbox 661 2364 701 2396; x_wconf 86' lang='grc' dir='ltr'><strong>τὺ,</strong></span> <span class='ocrx_word' id='word_1_736' title='bbox 726 2374 734 2389; x_wconf 75' lang='grc' dir='ltr'><strong>ι</strong></span> <span class='ocrx_word' id='word_1_737' title='bbox 744 2365 830 2396; x_wconf 81' lang='grc' dir='ltr'>ὁΘεὸς</span> <span class='ocrx_word' id='word_1_738' title='bbox 852 2366 934 2401; x_wconf 82' lang='grc' dir='ltr'>ὑπερ-</span> 
     </span>
    </p>
   </div>
   <div class='ocr_carea' id='block_1_97' title="bbox 152 2409 931 2446">
    <p class='ocr_par' dir='ltr' id='par_1_97' title="bbox 152 2409 931 2446">
     <span class='ocr_line' id='line_1_97' title="bbox 152 2409 931 2446; baseline 0.003 -11"><span class='ocrx_word' id='word_1_739' title='bbox 152 2409 272 2444; x_wconf 67' lang='grc' dir='ltr'>ηφάνοις</span> <span class='ocrx_word' id='word_1_740' title='bbox 286 2410 484 2442; x_wconf 79' lang='grc' dir='ltr'>ἀντιτάσσεται,</span> <span class='ocrx_word' id='word_1_741' title='bbox 507 2411 642 2441; x_wconf 84' lang='grc' dir='ltr'>ταπεινοῖς</span> <span class='ocrx_word' id='word_1_742' title='bbox 667 2410 694 2437; x_wconf 76' lang='grc' dir='ltr'>δὲ</span> <span class='ocrx_word' id='word_1_743' title='bbox 706 2411 796 2437; x_wconf 83' lang='grc' dir='ltr'>δίδωσι</span> <span class='ocrx_word' id='word_1_744' title='bbox 811 2411 889 2446; x_wconf 72' lang='grc' dir='ltr'>χάριν</span> <span class='ocrx_word' id='word_1_745' title='bbox 900 2420 906 2426; x_wconf 75' lang='grc'><strong>’</strong></span> <span class='ocrx_word' id='word_1_746' title='bbox 923 2422 931 2436; x_wconf 77' lang='grc' dir='ltr'><strong>ι</strong></span> 
     </span>
    </p>
   </div>
   <div class='ocr_carea' id='block_1_98' title="bbox 148 2454 935 2490">
    <p class='ocr_par' dir='ltr' id='par_1_98' title="bbox 148 2454 935 2490">
     <span class='ocr_line' id='line_1_98' title="bbox 148 2454 935 2490; baseline 0.001 -9"><span class='ocrx_word' id='word_1_747' title='bbox 148 2454 210 2485; x_wconf 77' lang='grc' dir='ltr'>καὶ,</span> <span class='ocrx_word' id='word_1_748' title='bbox 226 2463 235 2479; x_wconf 77' lang='grc' dir='ltr'><strong>ι</strong></span> <span class='ocrx_word' id='word_1_749' title='bbox 253 2454 382 2490; x_wconf 82' lang='grc' dir='ltr'>Χαρμονὴ</span> <span class='ocrx_word' id='word_1_750' title='bbox 395 2454 422 2480; x_wconf 75' lang='grc' dir='ltr'>δὲ</span> <span class='ocrx_word' id='word_1_751' title='bbox 436 2454 549 2486; x_wconf 77' lang='grc' dir='ltr'>ἀσεϐῶν,</span> <span class='ocrx_word' id='word_1_752' title='bbox 563 2454 660 2490; x_wconf 83' lang='grc' dir='ltr'>πτῶμα</span> <span class='ocrx_word' id='word_1_753' title='bbox 677 2455 801 2487; x_wconf 76' lang='grc' dir='ltr'>ἐξαίσιον.</span> <span class='ocrx_word' id='word_1_754' title='bbox 815 2466 824 2481; x_wconf 75' lang='grc' dir='ltr'><strong>ι</strong></span> <span class='ocrx_word' id='word_1_755' title='bbox 844 2456 935 2482; x_wconf 79' lang='grc' dir='ltr'>Ταῦτα</span> 
     </span>
    </p>
   </div>
   <div class='ocr_carea' id='block_1_99' title="bbox 149 2498 934 2536">
    <p class='ocr_par' dir='ltr' id='par_1_99' title="bbox 149 2498 934 2536">
     <span class='ocr_line' id='line_1_99' title="bbox 149 2498 934 2536; baseline 0.001 -10"><span class='ocrx_word' id='word_1_756' title='bbox 149 2508 202 2534; x_wconf 88' lang='grc' dir='ltr'><strong>μεν</strong></span> <span class='ocrx_word' id='word_1_757' title='bbox 231 2498 277 2526; x_wconf 82' lang='grc' dir='ltr'>οὖν</span> <span class='ocrx_word' id='word_1_758' title='bbox 301 2500 355 2527; x_wconf 82' lang='grc' dir='ltr'><strong>ἀπὸ</strong></span> <span class='ocrx_word' id='word_1_759' title='bbox 381 2501 485 2536; x_wconf 82' lang='grc' dir='ltr'>μυρίων</span> <span class='ocrx_word' id='word_1_760' title='bbox 512 2501 613 2536; x_wconf 79' lang='grc' dir='ltr'>σμικρὰ</span> <span class='ocrx_word' id='word_1_761' title='bbox 633 2501 755 2536; x_wconf 76' lang='grc' dir='ltr'>περὶτοῦ</span> <span class='ocrx_word' id='word_1_762' title='bbox 769 2502 813 2527; x_wconf 67' lang='grc' dir='ltr'>ἐπὶ</span> <span class='ocrx_word' id='word_1_763' title='bbox 828 2502 934 2528; x_wconf 75' lang='grc' dir='ltr'>πάντων</span> 
     </span>
    </p>
   </div>
   <div class='ocr_carea' id='block_1_100' title="bbox 147 2545 934 2582">
    <p class='ocr_par' dir='ltr' id='par_1_100' title="bbox 147 2545 934 2582">
     <span class='ocr_line' id='line_1_100' title="bbox 147 2545 934 2582; baseline 0.003 -11"><span class='ocrx_word' id='word_1_764' title='bbox 147 2545 230 2572; x_wconf 79' lang='grc' dir='ltr'>Θεοῦ.</span> <span class='ocrx_word' id='word_1_765' title='bbox 252 2545 307 2572; x_wconf 84' lang='grc' dir='ltr'>Θέα</span> <span class='ocrx_word' id='word_1_766' title='bbox 332 2546 361 2572; x_wconf 73' lang='grc' dir='ltr'>δὲ</span> <span class='ocrx_word' id='word_1_767' title='bbox 374 2546 466 2573; x_wconf 75' lang='grc' dir='ltr'>καὶτὰ</span> <span class='ocrx_word' id='word_1_768' title='bbox 498 2547 560 2582; x_wconf 80' lang='grc' dir='ltr'>περὶ</span> <span class='ocrx_word' id='word_1_769' title='bbox 583 2546 628 2573; x_wconf 75' lang='grc' dir='ltr'>τοῦ</span> <span class='ocrx_word' id='word_1_770' title='bbox 651 2547 776 2582; x_wconf 85' lang='grc' dir='ltr'>δευτέρου</span> <span class='ocrx_word' id='word_1_771' title='bbox 791 2547 875 2573; x_wconf 73' lang='grc' dir='ltr'>αἰτίου</span> <span class='ocrx_word' id='word_1_772' title='bbox 892 2545 934 2573; x_wconf 77' lang='grc' dir='ltr'>οἷα</span> 
     </span>
    </p>
   </div>
   <div class='ocr_carea' id='block_1_101' title="bbox 144 2591 395 2627">
    <p class='ocr_par' dir='ltr' id='par_1_101' title="bbox 144 2591 395 2627">
     <span class='ocr_line' id='line_1_101' title="bbox 144 2591 395 2627; baseline 0.004 -9"><span class='ocrx_word' id='word_1_773' title='bbox 144 2592 182 2627; x_wconf 78' lang='grc' dir='ltr'><strong>τῇ</strong></span> <span class='ocrx_word' id='word_1_774' title='bbox 198 2591 301 2627; x_wconf 83' lang='grc' dir='ltr'>διανοίᾳ</span> <span class='ocrx_word' id='word_1_775' title='bbox 318 2592 395 2619; x_wconf 77' lang='grc' dir='ltr'>εἰσίν.</span> 
     </span>
    </p>
   </div>
   <div class='ocr_carea' id='block_1_102' title="bbox 187 2638 774 2671">
    <p class='ocr_par' dir='ltr' id='par_1_102' title="bbox 187 2638 774 2671">
     <span class='ocr_line' id='line_1_102' title="bbox 187 2638 774 2671; baseline 0.002 -6"><span class='ocrx_word' id='word_1_776' title='bbox 187 2638 198 2654; x_wconf 86' lang='grc'><em>³</em></span> <span class='ocrx_word' id='word_1_777' title='bbox 218 2638 269 2666; x_wconf 88' lang='lat' dir='ltr'><strong>lsa.</strong></span> <span class='ocrx_word' id='word_1_778' title='bbox 294 2647 347 2671; x_wconf 62' lang='grc' dir='ltr'>χιιι,</span> <span class='ocrx_word' id='word_1_779' title='bbox 369 2640 394 2668; x_wconf 75' lang='grc'><strong>4.</strong></span> <span class='ocrx_word' id='word_1_780' title='bbox 433 2641 442 2655; x_wconf 62' lang='grc' dir='ltr'><em>τ’</em></span> <span class='ocrx_word' id='word_1_781' title='bbox 463 2640 534 2667; x_wconf 85' lang='lat' dir='ltr'><strong>Psal.</strong></span> <span class='ocrx_word' id='word_1_782' title='bbox 556 2649 581 2671; x_wconf 63' lang='grc' dir='ltr'>κ,</span> <span class='ocrx_word' id='word_1_783' title='bbox 603 2641 628 2667; x_wconf 87' lang='grc'><strong>8.</strong></span> <span class='ocrx_word' id='word_1_784' title='bbox 670 2641 689 2656; x_wconf 90' lang='grc'>¹⁰</span> <span class='ocrx_word' id='word_1_785' title='bbox 711 2641 774 2667; x_wconf 83' lang='lat' dir='ltr'><strong>ibid.</strong></span> 
     </span>
    </p>
   </div>
   <div class='ocr_carea' id='block_1_103' title="bbox 184 2684 739 2722">
    <p class='ocr_par' dir='ltr' id='par_1_103' title="bbox 184 2684 739 2722">
     <span class='ocr_line' id='line_1_103' title="bbox 184 2684 739 2722; baseline 0.002 -11"><span class='ocrx_word' id='word_1_786' title='bbox 184 2690 198 2704; x_wconf 77' lang='grc' dir='ltr'>ι</span> <span class='ocrx_word' id='word_1_787' title='bbox 220 2684 300 2712; x_wconf 78' lang='lat' dir='ltr'><strong>Forte</strong></span> <span class='ocrx_word' id='word_1_788' title='bbox 318 2686 428 2721; x_wconf 78' lang='grc' dir='ltr'>προταξ.</span> <span class='ocrx_word' id='word_1_789' title='bbox 468 2687 481 2706; x_wconf 76' lang='lat' dir='ltr'><strong>b</strong></span> <span class='ocrx_word' id='word_1_790' title='bbox 502 2686 552 2714; x_wconf 82' lang='lat' dir='ltr'><strong>Ms.</strong></span> <span class='ocrx_word' id='word_1_791' title='bbox 571 2693 594 2713; x_wconf 72' lang='lat' dir='ltr'><strong>et</strong></span> <span class='ocrx_word' id='word_1_792' title='bbox 612 2687 653 2713; x_wconf 29' lang='lat' dir='ltr'><strong>Pl,</strong></span> <span class='ocrx_word' id='word_1_793' title='bbox 674 2687 739 2722; x_wconf 69' lang='grc' dir='ltr'>ἅμα.</span> 
     </span>
    </p>
   </div>
   <div class='ocr_carea' id='block_1_104' title="bbox 187 2732 935 2769">
    <p class='ocr_par' dir='ltr' id='par_1_104' title="bbox 187 2732 935 2769">
     <span class='ocr_line' id='line_1_104' title="bbox 187 2732 935 2769; baseline 0.003 -10"><span class='ocrx_word' id='word_1_794' title='bbox 187 2732 244 2768; x_wconf 73' lang='lat'><strong>(72)</strong></span> <span class='ocrx_word' id='word_1_795' title='bbox 259 2733 330 2767; x_wconf 82' lang='grc' dir='ltr'>Περὶ</span> <span class='ocrx_word' id='word_1_796' title='bbox 355 2733 388 2760; x_wconf 78' lang='grc' dir='ltr'>δὲ</span> <span class='ocrx_word' id='word_1_797' title='bbox 411 2735 463 2761; x_wconf 77' lang='grc' dir='ltr'>τοῦ</span> <span class='ocrx_word' id='word_1_798' title='bbox 485 2735 648 2769; x_wconf 60' lang='grc' dir='ltr'>συμϐόλου.</span> <span class='ocrx_word' id='word_1_799' title='bbox 666 2734 785 2761; x_wconf 81' lang='lat' dir='ltr'><strong>Platonis</strong></span> <span class='ocrx_word' id='word_1_800' title='bbox 805 2735 861 2762; x_wconf 67' lang='lat' dir='ltr'><strong>haec</strong></span> <span class='ocrx_word' id='word_1_801' title='bbox 878 2735 935 2768; x_wconf 85' lang='lat' dir='ltr'><strong>epi-</strong></span> 
     </span>
    </p>
   </div>
   <div class='ocr_carea' id='block_1_105' title="bbox 149 2768 935 2804">
    <p class='ocr_par' dir='ltr' id='par_1_105' title="bbox 149 2768 935 2804">
     <span class='ocr_line' id='line_1_105' title="bbox 149 2768 935 2804; baseline 0.001 -9"><span class='ocrx_word' id='word_1_802' title='bbox 149 2769 221 2796; x_wconf 71' lang='lat' dir='ltr'><strong>stola</strong></span> <span class='ocrx_word' id='word_1_803' title='bbox 234 2773 285 2804; x_wconf 55' lang='lat' dir='ltr'><strong>est</strong></span> <span class='ocrx_word' id='word_1_804' title='bbox 302 2768 511 2804; x_wconf 21' lang='lat' dir='ltr'><strong>dccimawlcrtia,</strong></span> <span class='ocrx_word' id='word_1_805' title='bbox 528 2770 560 2796; x_wconf 74' lang='lat' dir='ltr'><strong>ad</strong></span> <span class='ocrx_word' id='word_1_806' title='bbox 578 2769 734 2804; x_wconf 69' lang='lat' dir='ltr'><strong>Dionysium</strong></span> <span class='ocrx_word' id='word_1_807' title='bbox 749 2777 811 2795; x_wconf 76' lang='lat' dir='ltr'><strong>vero</strong></span> <span class='ocrx_word' id='word_1_808' title='bbox 829 2776 935 2804; x_wconf 85' lang='lat' dir='ltr'><strong>quarta.</strong></span> 
     </span>
    </p>
   </div>
   <div class='ocr_carea' id='block_1_106' title="bbox 149 2803 936 2839">
    <p class='ocr_par' dir='ltr' id='par_1_106' title="bbox 149 2803 936 2839">
     <span class='ocr_line' id='line_1_106' title="bbox 149 2803 936 2839; baseline 0.003 -10"><span class='ocrx_word' id='word_1_809' title='bbox 149 2811 213 2838; x_wconf 78' lang='lat' dir='ltr'><strong>pag.</strong></span> <span class='ocrx_word' id='word_1_810' title='bbox 233 2803 286 2839; x_wconf 55' lang='lat'><strong>128</strong></span> <span class='ocrx_word' id='word_1_811' title='bbox 315 2804 380 2830; x_wconf 85' lang='lat' dir='ltr'><strong>edit.</strong></span> <span class='ocrx_word' id='word_1_812' title='bbox 402 2803 498 2831; x_wconf 82' lang='lat' dir='ltr'><strong>Ficini.</strong></span> <span class='ocrx_word' id='word_1_813' title='bbox 515 2804 574 2831; x_wconf 81' lang='lat' dir='ltr'><strong>Fuit</strong></span> <span class='ocrx_word' id='word_1_814' title='bbox 595 2803 675 2839; x_wconf 62' lang='lat' dir='ltr'><strong>igitur</strong></span> <span class='ocrx_word' id='word_1_815' title='bbox 691 2813 723 2831; x_wconf 74' lang='lat' dir='ltr'><strong>ex</strong></span> <span class='ocrx_word' id='word_1_816' title='bbox 743 2805 775 2830; x_wconf 89' lang='lat' dir='ltr'><strong>iis</strong></span> <span class='ocrx_word' id='word_1_817' title='bbox 789 2804 875 2835; x_wconf 82' lang='lat' dir='ltr'><strong>Plato,</strong></span> <span class='ocrx_word' id='word_1_818' title='bbox 891 2806 936 2838; x_wconf 87' lang='lat' dir='ltr'><strong>qui</strong></span> 
     </span>
    </p>
   </div>
   <div class='ocr_carea' id='block_1_107' title="bbox 150 2837 936 2874">
    <p class='ocr_par' dir='ltr' id='par_1_107' title="bbox 150 2837 936 2874">
     <span class='ocr_line' id='line_1_107' title="bbox 150 2837 936 2874; baseline 0.001 -9"><span class='ocrx_word' id='word_1_819' title='bbox 150 2837 214 2866; x_wconf 73' lang='lat' dir='ltr'><strong>cum</strong></span> <span class='ocrx_word' id='word_1_820' title='bbox 239 2837 324 2865; x_wconf 77' lang='lat' dir='ltr'><strong>Deum</strong></span> <span class='ocrx_word' id='word_1_821' title='bbox 349 2840 548 2874; x_wconf 77' lang='lat' dir='ltr'><strong>cognovissent,</strong></span> <span class='ocrx_word' id='word_1_822' title='bbox 579 2837 630 2867; x_wconf 74' lang='lat' dir='ltr'><strong>neu</strong></span> <span class='ocrx_word' id='word_1_823' title='bbox 654 2844 742 2868; x_wconf 84' lang='lat' dir='ltr'><strong>tamen</strong></span> <span class='ocrx_word' id='word_1_824' title='bbox 764 2841 831 2867; x_wconf 78' lang='lat' dir='ltr'><strong>sicut</strong></span> <span class='ocrx_word' id='word_1_825' title='bbox 853 2837 936 2867; x_wconf 84' lang='lat' dir='ltr'><strong>Deum</strong></span> 
     </span>
    </p>
   </div>
   <div class='ocr_carea' id='block_1_108' title="bbox 148 2874 380 2902">
    <p class='ocr_par' dir='ltr' id='par_1_108' title="bbox 148 2874 380 2902">
     <span class='ocr_line' id='line_1_108' title="bbox 148 2874 380 2902; baseline -0.009 0"><span class='ocrx_word' id='word_1_826' title='bbox 148 2874 380 2902; x_wconf 71' lang='lat' dir='ltr'><strong>(.orilicaverunt.</strong></span> 
     </span>
    </p>
   </div>
   <div class='ocr_carea' id='block_1_109' title="bbox 990 2270 1770 2307">
    <p class='ocr_par' dir='ltr' id='par_1_109' title="bbox 990 2270 1770 2307">
     <span class='ocr_line' id='line_1_109' title="bbox 990 2270 1770 2307; baseline -0.004 -8"><span class='ocrx_word' id='word_1_827' title='bbox 990 2272 1050 2307; x_wconf 83' lang='lat' dir='ltr'><strong>pia,</strong></span> <span class='ocrx_word' id='word_1_828' title='bbox 1079 2273 1173 2305; x_wconf 86' lang='lat' dir='ltr'><strong>tinem,</strong></span> <span class='ocrx_word' id='word_1_829' title='bbox 1198 2271 1371 2306; x_wconf 89' lang='lat' dir='ltr'><strong>mediumque</strong></span> <span class='ocrx_word' id='word_1_830' title='bbox 1394 2271 1562 2306; x_wconf 79' lang='lat' dir='ltr'><strong>complexus,</strong></span> <span class='ocrx_word' id='word_1_831' title='bbox 1581 2280 1590 2296; x_wconf 74' lang='grc' dir='ltr'><strong>ι</strong></span> <span class='ocrx_word' id='word_1_832' title='bbox 1616 2270 1672 2297; x_wconf 62' lang='lat' dir='ltr'><strong>hate</strong></span> <span class='ocrx_word' id='word_1_833' title='bbox 1692 2274 1720 2296; x_wconf 91' lang='lat' dir='ltr'><strong>tu</strong></span> <span class='ocrx_word' id='word_1_834' title='bbox 1738 2277 1770 2296; x_wconf 86' lang='lat' dir='ltr'><strong>ex</strong></span> 
     </span>
    </p>
   </div>
   <div class='ocr_carea' id='block_1_110' title="bbox 991 2315 1773 2352">
    <p class='ocr_par' dir='ltr' id='par_1_110' title="bbox 991 2315 1773 2352">
     <span class='ocr_line' id='line_1_110' title="bbox 991 2315 1773 2352; baseline -0.004 -7"><span class='ocrx_word' id='word_1_835' title='bbox 991 2318 1165 2346; x_wconf 70' lang='lat' dir='ltr'><strong>Hebrteorum</strong></span> <span class='ocrx_word' id='word_1_836' title='bbox 1188 2318 1328 2352; x_wconf 83' lang='lat' dir='ltr'><strong>prophetia</strong></span> <span class='ocrx_word' id='word_1_837' title='bbox 1350 2315 1493 2352; x_wconf 84' lang='lat' dir='ltr'><strong>compone,</strong></span> <span class='ocrx_word' id='word_1_838' title='bbox 1513 2326 1522 2342; x_wconf 76' lang='grc' dir='ltr'><strong>ι</strong></span> <span class='ocrx_word' id='word_1_839' title='bbox 1551 2316 1608 2351; x_wconf 82' lang='lat' dir='ltr'><strong>Ego</strong></span> <span class='ocrx_word' id='word_1_840' title='bbox 1626 2316 1697 2343; x_wconf 86' lang='lat' dir='ltr'><strong>Deus</strong></span> <span class='ocrx_word' id='word_1_841' title='bbox 1719 2316 1773 2350; x_wconf 91' lang='lat' dir='ltr'><strong>pri-</strong></span> 
     </span>
    </p>
   </div>
   <div class='ocr_carea' id='block_1_111' title="bbox 990 2360 1770 2397">
    <p class='ocr_par' dir='ltr' id='par_1_111' title="bbox 990 2360 1770 2397">
     <span class='ocr_line' id='line_1_111' title="bbox 990 2360 1770 2397; baseline -0.005 -6"><span class='ocrx_word' id='word_1_842' title='bbox 990 2372 1062 2395; x_wconf 86' lang='lat' dir='ltr'><strong>mus,</strong></span> <span class='ocrx_word' id='word_1_843' title='bbox 1076 2368 1103 2391; x_wconf 86' lang='lat' dir='ltr'><strong>et</strong></span> <span class='ocrx_word' id='word_1_844' title='bbox 1119 2364 1283 2391; x_wconf 86' lang='lat' dir='ltr'><strong>novissimus</strong></span> <span class='ocrx_word' id='word_1_845' title='bbox 1299 2371 1348 2397; x_wconf 83' lang='lat' dir='ltr'><strong>ego</strong></span> <span class='ocrx_word' id='word_1_846' title='bbox 1363 2371 1421 2390; x_wconf 91' lang='lat' dir='ltr'><strong>sum</strong></span> <span class='ocrx_word' id='word_1_847' title='bbox 1434 2363 1461 2395; x_wconf 79' lang='grc'><strong>⁸;</strong></span> <span class='ocrx_word' id='word_1_848' title='bbox 1479 2372 1488 2388; x_wconf 78' lang='grc' dir='ltr'><strong>ι</strong></span> <span class='ocrx_word' id='word_1_849' title='bbox 1507 2363 1627 2397; x_wconf 90' lang='lat' dir='ltr'><strong>itemque</strong></span> <span class='ocrx_word' id='word_1_850' title='bbox 1640 2368 1701 2389; x_wconf 86' lang='lat' dir='ltr'><strong>cum</strong></span> <span class='ocrx_word' id='word_1_851' title='bbox 1713 2360 1770 2393; x_wconf 82' lang='lat' dir='ltr'><strong>illo,</strong></span> 
     </span>
    </p>
   </div>
   <div class='ocr_carea' id='block_1_112' title="bbox 993 2407 1772 2443">
    <p class='ocr_par' dir='ltr' id='par_1_112' title="bbox 993 2407 1772 2443">
     <span class='ocr_line' id='line_1_112' title="bbox 993 2407 1772 2443; baseline -0.003 -8"><span class='ocrx_word' id='word_1_852' title='bbox 993 2419 1001 2435; x_wconf 77' lang='grc' dir='ltr'><strong>ι</strong></span> <span class='ocrx_word' id='word_1_853' title='bbox 1023 2409 1105 2437; x_wconf 81' lang='lat' dir='ltr'><strong>Recta</strong></span> <span class='ocrx_word' id='word_1_854' title='bbox 1121 2409 1234 2443; x_wconf 88' lang='lat' dir='ltr'><strong>perlicit,</strong></span> <span class='ocrx_word' id='word_1_855' title='bbox 1256 2418 1265 2433; x_wconf 74' lang='grc' dir='ltr'><strong>ι</strong></span> <span class='ocrx_word' id='word_1_856' title='bbox 1283 2408 1396 2434; x_wconf 82' lang='lat' dir='ltr'><strong>alterum</strong></span> <span class='ocrx_word' id='word_1_857' title='bbox 1415 2408 1475 2440; x_wconf 83' lang='lat' dir='ltr'><strong>hoc,</strong></span> <span class='ocrx_word' id='word_1_858' title='bbox 1495 2417 1503 2432; x_wconf 82' lang='lat'><strong>(</strong></span> <span class='ocrx_word' id='word_1_859' title='bbox 1524 2407 1711 2435; x_wconf 80' lang='lat' dir='ltr'><strong>Rectitudines</strong></span> <span class='ocrx_word' id='word_1_860' title='bbox 1726 2413 1772 2433; x_wconf 83' lang='lat' dir='ltr'><strong>no-</strong></span> 
     </span>
    </p>
   </div>
   <div class='ocr_carea' id='block_1_113' title="bbox 989 2452 1771 2489">
    <p class='ocr_par' dir='ltr' id='par_1_113' title="bbox 989 2452 1771 2489">
     <span class='ocr_line' id='line_1_113' title="bbox 989 2452 1771 2489; baseline -0.005 -7"><span class='ocrx_word' id='word_1_861' title='bbox 989 2456 1027 2482; x_wconf 83' lang='lat' dir='ltr'><strong>vit</strong></span> <span class='ocrx_word' id='word_1_862' title='bbox 1048 2455 1138 2482; x_wconf 88' lang='lat' dir='ltr'><strong>vultus</strong></span> <span class='ocrx_word' id='word_1_863' title='bbox 1151 2454 1210 2489; x_wconf 89' lang='lat' dir='ltr'><strong>ejus</strong></span> <span class='ocrx_word' id='word_1_864' title='bbox 1226 2455 1246 2480; x_wconf 77' lang='lat'><strong>°.</strong></span> <span class='ocrx_word' id='word_1_865' title='bbox 1264 2463 1273 2479; x_wconf 72' lang='lat' dir='ltr'><strong>i</strong></span> <span class='ocrx_word' id='word_1_866' title='bbox 1302 2453 1402 2480; x_wconf 89' lang='lat' dir='ltr'><strong>Deinde</strong></span> <span class='ocrx_word' id='word_1_867' title='bbox 1422 2461 1483 2481; x_wconf 91' lang='lat' dir='ltr'><strong>cum</strong></span> <span class='ocrx_word' id='word_1_868' title='bbox 1512 2453 1576 2485; x_wconf 92' lang='lat' dir='ltr'><strong>illis,</strong></span> <span class='ocrx_word' id='word_1_869' title='bbox 1593 2462 1603 2478; x_wconf 85' lang='grc'><strong><em>‹</em></strong></span> <span class='ocrx_word' id='word_1_870' title='bbox 1627 2452 1696 2479; x_wconf 88' lang='lat' dir='ltr'><strong>Eum</strong></span> <span class='ocrx_word' id='word_1_871' title='bbox 1711 2459 1771 2486; x_wconf 90' lang='lat' dir='ltr'><strong>per-</strong></span> 
     </span>
    </p>
   </div>
   <div class='ocr_carea' id='block_1_114' title="bbox 989 2498 1772 2537">
    <p class='ocr_par' dir='ltr' id='par_1_114' title="bbox 989 2498 1772 2537">
     <span class='ocr_line' id='line_1_114' title="bbox 989 2498 1772 2537; baseline -0.005 -9"><span class='ocrx_word' id='word_1_872' title='bbox 989 2507 1070 2537; x_wconf 90' lang='lat' dir='ltr'><strong>petuo</strong></span> <span class='ocrx_word' id='word_1_873' title='bbox 1081 2499 1188 2527; x_wconf 72' lang='lat' dir='ltr'><strong>Iustitia</strong></span> <span class='ocrx_word' id='word_1_874' title='bbox 1203 2500 1338 2534; x_wconf 86' lang='lat' dir='ltr'><strong>sequitur,</strong></span> <span class='ocrx_word' id='word_1_875' title='bbox 1353 2507 1458 2531; x_wconf 87' lang='lat' dir='ltr'><strong>eorum,</strong></span> <span class='ocrx_word' id='word_1_876' title='bbox 1475 2499 1521 2533; x_wconf 89' lang='lat' dir='ltr'><strong>qui</strong></span> <span class='ocrx_word' id='word_1_877' title='bbox 1539 2499 1587 2525; x_wconf 85' lang='lat' dir='ltr'><strong>abs</strong></span> <span class='ocrx_word' id='word_1_878' title='bbox 1601 2498 1692 2525; x_wconf 84' lang='lat' dir='ltr'><strong>divina</strong></span> <span class='ocrx_word' id='word_1_879' title='bbox 1714 2498 1772 2532; x_wconf 76' lang='lat' dir='ltr'><strong>lege</strong></span> 
     </span>
    </p>
   </div>
   <div class='ocr_carea' id='block_1_115' title="bbox 989 2542 1771 2580">
    <p class='ocr_par' dir='ltr' id='par_1_115' title="bbox 989 2542 1771 2580">
     <span class='ocr_line' id='line_1_115' title="bbox 989 2542 1771 2580; baseline -0.006 -5"><span class='ocrx_word' id='word_1_880' title='bbox 989 2547 1143 2578; x_wconf 88' lang='lat' dir='ltr'><strong>discedunt,</strong></span> <span class='ocrx_word' id='word_1_881' title='bbox 1163 2545 1242 2573; x_wconf 84' lang='lat' dir='ltr'><strong>ultrix</strong></span> <span class='ocrx_word' id='word_1_882' title='bbox 1260 2549 1343 2580; x_wconf 88' lang='lat' dir='ltr'><strong>atque</strong></span> <span class='ocrx_word' id='word_1_883' title='bbox 1356 2545 1464 2577; x_wconf 81' lang='lat' dir='ltr'><strong>vindex,</strong></span> <span class='ocrx_word' id='word_1_884' title='bbox 1484 2554 1492 2569; x_wconf 79' lang='grc' dir='ltr'><strong>ι</strong></span> <span class='ocrx_word' id='word_1_885' title='bbox 1510 2545 1560 2571; x_wconf 84' lang='lat' dir='ltr'><strong>ista</strong></span> <span class='ocrx_word' id='word_1_886' title='bbox 1578 2544 1682 2577; x_wconf 79' lang='lat' dir='ltr'><strong>confer,</strong></span> <span class='ocrx_word' id='word_1_887' title='bbox 1698 2553 1708 2569; x_wconf 86' lang='grc'><strong><em>‹</em></strong></span> <span class='ocrx_word' id='word_1_888' title='bbox 1723 2542 1771 2571; x_wconf 78' lang='lat' dir='ltr'><strong>Ju-</strong></span> 
     </span>
    </p>
   </div>
   <div class='ocr_carea' id='block_1_116' title="bbox 988 2590 1772 2625">
    <p class='ocr_par' dir='ltr' id='par_1_116' title="bbox 988 2590 1772 2625">
     <span class='ocr_line' id='line_1_116' title="bbox 988 2590 1772 2625; baseline -0.003 -6"><span class='ocrx_word' id='word_1_889' title='bbox 988 2597 1046 2619; x_wconf 83' lang='lat' dir='ltr'><strong>stus</strong></span> <span class='ocrx_word' id='word_1_890' title='bbox 1063 2591 1202 2623; x_wconf 86' lang='lat' dir='ltr'><strong>Dominus,</strong></span> <span class='ocrx_word' id='word_1_891' title='bbox 1217 2595 1244 2618; x_wconf 91' lang='lat' dir='ltr'><strong>et</strong></span> <span class='ocrx_word' id='word_1_892' title='bbox 1256 2590 1377 2625; x_wconf 81' lang='lat' dir='ltr'><strong>justitias</strong></span> <span class='ocrx_word' id='word_1_893' title='bbox 1392 2590 1485 2616; x_wconf 85' lang='lat' dir='ltr'><strong>dilexit</strong></span> <span class='ocrx_word' id='word_1_894' title='bbox 1499 2591 1520 2605; x_wconf 84' lang='grc'><strong>¹⁰</strong></span> <span class='ocrx_word' id='word_1_895' title='bbox 1533 2599 1539 2622; x_wconf 90' lang='grc'>;</span> <span class='ocrx_word' id='word_1_896' title='bbox 1557 2599 1565 2615; x_wconf 75' lang='grc' dir='ltr'><strong>ι</strong></span> <span class='ocrx_word' id='word_1_897' title='bbox 1583 2590 1701 2624; x_wconf 82' lang='lat' dir='ltr'><strong>itemque</strong></span> <span class='ocrx_word' id='word_1_898' title='bbox 1715 2590 1772 2617; x_wconf 62' lang='lat' dir='ltr'><strong>hac</strong></span> 
     </span>
    </p>
   </div>
   <div class='ocr_carea' id='block_1_117' title="bbox 1025 2730 1771 2768">
    <p class='ocr_par' dir='ltr' id='par_1_117' title="bbox 1025 2730 1771 2768">
     <span class='ocr_line' id='line_1_117' title="bbox 1025 2730 1771 2768; baseline -0.003 -9"><span class='ocrx_word' id='word_1_899' title='bbox 1025 2733 1082 2768; x_wconf 83' lang='lat'><strong>(75)</strong></span> <span class='ocrx_word' id='word_1_900' title='bbox 1099 2732 1175 2766; x_wconf 75' lang='grc' dir='ltr'>Πρὸς</span> <span class='ocrx_word' id='word_1_901' title='bbox 1186 2731 1436 2768; x_wconf 22' lang='grc' dir='ltr'>τὰςγέπιστηΡιοιο</span> <span class='ocrx_word' id='word_1_902' title='bbox 1450 2731 1512 2766; x_wconf 73' lang='grc' dir='ltr'>περὶ</span> <span class='ocrx_word' id='word_1_903' title='bbox 1526 2730 1575 2768; x_wconf 77' lang='grc' dir='ltr'>τὰς</span> <span class='ocrx_word' id='word_1_904' title='bbox 1590 2732 1648 2762; x_wconf 63' lang='lat' dir='ltr'><strong>sm,</strong></span> <span class='ocrx_word' id='word_1_905' title='bbox 1663 2730 1771 2757; x_wconf 86' lang='lat' dir='ltr'><strong>melius.</strong></span> 
     </span>
    </p>
   </div>
   <div class='ocr_carea' id='block_1_118' title="bbox 1025 2765 1770 2802">
    <p class='ocr_par' dir='ltr' id='par_1_118' title="bbox 1025 2765 1770 2802">
     <span class='ocr_line' id='line_1_118' title="bbox 1025 2765 1770 2802; baseline -0.003 -8"><span class='ocrx_word' id='word_1_906' title='bbox 1025 2765 1081 2802; x_wconf 74' lang='grc'><strong>(74)</strong></span> <span class='ocrx_word' id='word_1_907' title='bbox 1150 2767 1208 2800; x_wconf 77' lang='grc' dir='ltr'>μὲν</span> <span class='ocrx_word' id='word_1_908' title='bbox 1232 2766 1269 2800; x_wconf 81' lang='grc' dir='ltr'>δὴ</span> <span class='ocrx_word' id='word_1_909' title='bbox 1299 2767 1380 2799; x_wconf 77' lang='grc' dir='ltr'><strong>Θεός.</strong></span> <span class='ocrx_word' id='word_1_910' title='bbox 1410 2765 1536 2801; x_wconf 62' lang='grc' dir='ltr'>Ριίιιιῲιδ</span> <span class='ocrx_word' id='word_1_911' title='bbox 1561 2767 1623 2802; x_wconf 71' lang='lat' dir='ltr'><strong>haec</strong></span> <span class='ocrx_word' id='word_1_912' title='bbox 1638 2770 1720 2802; x_wconf 5' lang='lat' dir='ltr'><strong>sunt,</strong></span> <span class='ocrx_word' id='word_1_913' title='bbox 1737 2772 1770 2793; x_wconf 83' lang='lat' dir='ltr'><strong>ex</strong></span> 
     </span>
    </p>
   </div>
   <div class='ocr_carea' id='block_1_119' title="bbox 990 2800 1732 2838">
    <p class='ocr_par' dir='ltr' id='par_1_119' title="bbox 990 2800 1732 2838">
     <span class='ocr_line' id='line_1_119' title="bbox 990 2800 1732 2838; baseline -0.001 -9"><span class='ocrx_word' id='word_1_914' title='bbox 990 2800 1087 2838; x_wconf 80' lang='lat' dir='ltr'><strong>quarto</strong></span> <span class='ocrx_word' id='word_1_915' title='bbox 1104 2801 1209 2837; x_wconf 79' lang='lat' dir='ltr'><strong>Legum,</strong></span> <span class='ocrx_word' id='word_1_916' title='bbox 1224 2810 1282 2838; x_wconf 66' lang='lat' dir='ltr'><strong>pag.</strong></span> <span class='ocrx_word' id='word_1_917' title='bbox 1300 2802 1351 2828; x_wconf 78' lang='lat'><strong>600</strong></span> <span class='ocrx_word' id='word_1_918' title='bbox 1373 2802 1440 2838; x_wconf 53' lang='lat' dir='ltr'><strong>edit.</strong></span> <span class='ocrx_word' id='word_1_919' title='bbox 1454 2800 1621 2838; x_wconf 60' lang='lat' dir='ltr'><strong>Graeco-Lat.</strong></span> <span class='ocrx_word' id='word_1_920' title='bbox 1636 2800 1732 2838; x_wconf 70' lang='lat' dir='ltr'><strong>Ficiui.</strong></span> 
     </span>
    </p>
   </div>
   <div class='ocr_carea' id='block_1_120' title="bbox 1026 2835 1773 2873">
    <p class='ocr_par' dir='ltr' id='par_1_120' title="bbox 1026 2835 1773 2873">
     <span class='ocr_line' id='line_1_120' title="bbox 1026 2835 1773 2873; baseline -0.003 -9"><span class='ocrx_word' id='word_1_921' title='bbox 1026 2838 1082 2872; x_wconf 72' lang='lat'><strong>(75)</strong></span> <span class='ocrx_word' id='word_1_922' title='bbox 1099 2835 1234 2873; x_wconf 67' lang='grc' dir='ltr'>Εὐθείαν.</span> <span class='ocrx_word' id='word_1_923' title='bbox 1250 2835 1384 2873; x_wconf 69' lang='lat' dir='ltr'><strong>Manuscr.</strong></span> <span class='ocrx_word' id='word_1_924' title='bbox 1396 2836 1487 2873; x_wconf 71' lang='grc' dir='ltr'>εὐθέα.</span> <span class='ocrx_word' id='word_1_925' title='bbox 1508 2837 1559 2864; x_wconf 84' lang='lat' dir='ltr'><strong>Sed</strong></span> <span class='ocrx_word' id='word_1_926' title='bbox 1581 2836 1650 2863; x_wconf 76' lang='lat' dir='ltr'><strong>infra</strong></span> <span class='ocrx_word' id='word_1_927' title='bbox 1666 2844 1692 2871; x_wconf 76' lang='grc' dir='ltr'><strong>ι).</strong></span> <span class='ocrx_word' id='word_1_928' title='bbox 1709 2835 1773 2873; x_wconf 48' lang='grc'><strong>793(</strong></span> 
     </span>
    </p>
   </div>
   <div class='ocr_carea' id='block_1_121' title="bbox 992 2871 1461 2906">
    <p class='ocr_par' dir='ltr' id='par_1_121' title="bbox 992 2871 1461 2906">
     <span class='ocr_line' id='line_1_121' title="bbox 992 2871 1461 2906; baseline -0.002 -6"><span class='ocrx_word' id='word_1_929' title='bbox 992 2874 1072 2906; x_wconf 79' lang='lat' dir='ltr'><strong>huius</strong></span> <span class='ocrx_word' id='word_1_930' title='bbox 1085 2873 1147 2900; x_wconf 78' lang='lat' dir='ltr'><strong>edit.</strong></span> <span class='ocrx_word' id='word_1_931' title='bbox 1160 2872 1264 2900; x_wconf 83' lang='lat' dir='ltr'><strong>Atticus</strong></span> <span class='ocrx_word' id='word_1_932' title='bbox 1280 2872 1342 2904; x_wconf 62' lang='lat' dir='ltr'><strong>legit</strong></span> <span class='ocrx_word' id='word_1_933' title='bbox 1361 2871 1461 2903; x_wconf 70' lang='grc' dir='ltr'>εὐθείᾳ.</span> 
     </span>
    </p>
   </div>
  </div>
