2091 3208
314 129 366 157 8375
651 132 783 159 EL'SEBII
799 131 1037 160 CESARIENSIS
1056 132 1131 160 ουρ.
1157 132 1246 160 PARS
1264 133 1296 161 ll.
1308 149 1335 154 -—
1362 132 1610 162 APOLOGETICA.
1873 133 1923 162 εει

313 189 386 216 alia:
413 199 422 216 ι
442 190 499 218 Mea
519 197 561 219 est
593 193 669 226 ultio,
687 198 714 220 et
732 201 781 227 ego
801 188 959 225 retribuam,
992 192 1058 220 dicit
1087 193 1219 220 Dominus
1234 194 1277 226 “;
1300 203 1308 219 ν
1337 201 1441 221 necnon
1475 195 1540 226 ista,
1561 203 1570 219 ι
1595 193 1728 226 Quontam
1750 193 1846 221 vindex
1875 193 1923 219 Do-

313 236 415 268 minus,
449 241 475 263 et
496 237 625 264 retribuet
649 237 811 264 facientibus
842 237 1010 265 abundanter
1031 237 1183 272 superbiam
1199 238 1231 264 ²¹.
1262 248 1272 264 ι
1300 237 1430 266 Prteterea
1460 247 1521 266 cum
1558 239 1627 271 illis,
1651 238 1723 266 «Cui
1747 239 1854 274 quidem
1875 239 1924 266 alli-

313 290 364 309 xus
393 282 509 310 demisse
535 286 740 319 compositoque
766 285 858 312 animo
886 285 1042 318 comitatur,
1061 285 1186 320 quisquis
1219 286 1253 313 ad
1277 285 1430 314 felicitatem
1454 286 1576 322 aspirat,
1595 297 1605 313 ›
1626 286 1751 322 congruit
1770 294 1835 314 sane
1856 287 1924 322 quod

315 327 452 362 sequitur,
472 340 484 354 τ
504 330 569 356 Post
597 329 738 357 Dominum
764 329 848 358 Deutn
875 335 950 358 tuutn
983 331 1136 358 ambulabis
1155 331 1189 358 “.
1219 341 1228 358 ι
1246 331 1368 366 Denique
1394 340 1456 360 cum
1483 332 1546 365 illis,
1568 342 1578 358 ‹
1603 333 1638 360 At
1655 340 1720 360 vero
1740 333 1865 368 superbia
1891 333 1924 360 in-

315 377 484 405 tumescens,
507 377 556 400 abs
583 373 638 401 Deo
665 382 769 402 vacuus
798 375 977 410 relinquitur,
1009 385 1018 402 ι
1045 376 1103 403 haec
1121 383 1271 411 compone,
1299 376 1398 404 tDeus
1426 378 1550 412 superbis
1569 377 1688 411 resistit,
1711 378 1857 406 humilibus
1884 386 1924 406 au'

316 423 368 445 tem
382 419 427 446 dat
442 426 555 454 gramm
575 420 621 453 “,3
638 426 675 454 et,
696 431 705 447 ι
725 421 828 449 Laetitia
850 423 1005 458 impiorum,
1030 431 1110 452 casus
1130 424 1258 452 terribilis
1270 425 1303 452 ".
1323 434 1333 451 ι
1346 425 1385 452 Ac
1402 425 1435 452 de
1451 433 1558 452 summo
1570 425 1678 461 quidem
1693 433 1783 454 rerum
1807 427 1924 454 omnium

315 464 485 492 moderatore
507 465 573 499 Deo,
592 467 650 494 hate
666 467 700 494 de
731 468 846 496 inﬁnitis
872 477 958 504 pauca
982 469 1134 504 sulliciant;
1154 470 1285 506 deinceps
1303 471 1457 507 cujusmodi
1481 471 1545 504 sint,
1565 479 1626 506 quae
1644 472 1793 499 secundum
1808 472 1840 500 ad
1861 473 1925 507 prin.

315 510 418 545 cipium
444 512 595 546 pertint-nt,
617 513 770 541 considera.

602 558 716 586 CAPUT
732 558 802 587 XIV.

350 602 388 629 De
404 603 516 630 secundo
538 603 708 632 Ilebrworum
729 605 900 641 Platonisque
918 607 1058 642 principio.

353 647 388 676 De
403 648 491 683 primo
510 649 593 677 totius
611 650 729 677 universi
752 651 886 685 principio
905 651 962 678 haec
985 659 1000 678 a
1016 651 1095 679 nobis

315 702 364 730 pro
385 695 519 724 confessis
543 696 702 723 habeantur.
726 697 806 732 532
827 696 903 724 Nunc
918 704 982 724 vero
1004 697 1030 724 in
1049 705 1094 724 se-

314 739 395 767 cuttdi
415 742 674 775 contemplationem
693 742 844 776 ingredere,
865 742 938 777 quod
958 741 1006 768 Dei
1030 741 1096 769 Ver-

315 787 394 820 bum,
418 794 450 814 ac
472 786 556 814 Deum
583 795 616 814 cx
636 787 692 814 Deo
711 796 773 815 esse
795 787 968 815 Heln-reorum
997 788 1095 816 docent

315 831 436 864 oracula,
453 832 605 867 cujusmodi
628 833 763 868 theologia
783 841 833 860 nos
853 834 935 860 etiam
957 833 1053 860 imbuti
1066 838 1093 861 et

313 877 451 905 informati
474 886 578 906 smnus.
606 877 711 914 Moyses
736 883 809 906 certe
831 879 940 914 quidem
968 880 1093 907 dominos

313 923 438 958 agnoscit
460 924 641 959 praedicatque
665 925 744 956 duos,
767 925 832 952 dum
857 925 910 957 ait,
933 934 942 950 ι
972 924 1004 952 Ει
1026 925 1094 960 pluit

315 968 446 997 Dominus
470 977 485 996 a
501 969 616 997 Domino
633 971 723 1005 ignem
743 974 770 997 et
796 971 920 1005 sulphur,
944 979 1025 1006 super
1048 972 1096 998 im-

312 1015 418 1049 piormn
431 1015 565 1043 civitatent
579 1017 613 1049 ”,
630 1026 639 1041 ι
654 1016 699 1043 ubi
711 1016 790 1043 solito
806 1024 880 1043 more
891 1017 1007 1044 similent
1023 1017 1094 1051 apud

313 1059 442 1088 Hebraeos
459 1060 486 1087 in
502 1061 634 1088 ambobus
659 1061 812 1088 litterarum
835 1068 924 1088 notam
946 1061 1092 1095 expressit,

311 1113 372 1141 quae
387 1106 439 1133 alia
456 1114 510 1133 non
526 1111 568 1134 est
583 1114 664 1141 quam
680 1107 725 1134 illa
745 1107 814 1141 ipsa,
830 1115 911 1142 quam
933 1108 1029 1135 ell‘crre
1046 1116 1094 1135 nea

310 1157 430 1187 queunt,
456 1152 596 1180 elementis
619 1158 736 1188 quatuor
758 1153 904 1181 informata
931 1154 1015 1180 dixini
1038 1153 1095 1181 Nu-

313 1199 396 1227 minis
417 1199 572 1234 appellatio.
597 1199 689 1227 Eidem
713 1207 821 1235 quoque
850 1199 932 1227 David
955 1200 1092 1231 accinens.

313 1245 383 1272 alius
407 1249 434 1272 et
458 1245 515 1280 ipse
535 1245 709 1272 llehrteorum
736 1246 868 1281 propheta
890 1247 970 1274 simul
987 1251 1014 1273 et
1034 1254 1092 1278 rex,

311 1291 348 1318 ita
368 1291 499 1326 loquitur:
525 1301 533 1317 ι
558 1292 629 1319 Dixit
646 1292 779 1320 Dominus
804 1291 920 1319 Domino
935 1300 1007 1322 meo.
1029 1293 1093 1320 sede

311 1345 326 1364 ει
347 1336 449 1364 dextris
465 1337 532 1364 meis
544 1337 580 1364 "z
603 1347 612 1363 ›
628 1338 673 1365 ubi
692 1337 918 1373 quemadmodum
933 1337 1031 1372 prioris
1046 1337 1094 1364 Do-

317 1383 382 1410 mini
405 1390 471 1410 voce
495 1383 579 1410 Deum
598 1384 758 1415 maximum,
781 1383 819 1410 ita
837 1383 980 1417 posteriori
1006 1383 1094 1417 appel-

312 1429 412 1457 latione
440 1429 555 1456 alterum
584 1429 618 1456 ab
639 1429 685 1457 illo
715 1429 873 1457 declaravit.
906 1429 991 1461 Quem
1020 1429 1091 1455 enim

310 1474 430 1509 cogitare
455 1475 496 1502 fas
525 1479 584 1508 est,
612 1475 658 1510 qui
690 1475 724 1502 ab
751 1475 869 1509 ingenita
893 1474 1035 1501 divinitate
1058 1473 1091 1501 ad

310 1519 395 1554 ipsius
417 1519 558 1547 dexteram
580 1520 739 1548 considendi
760 1520 805 1555 jus
826 1520 975 1554 acceperit,
996 1525 1092 1554 pratter

310 1573 394 1592 unum
416 1565 504 1599 illium,
529 1574 584 1600 quo
610 1566 643 1593 de
665 1574 755 1593 sermo
777 1574 791 1593 a
814 1567 892 1594 nobis
922 1566 1093 1594 instituitur?

309 1610 395 1644 Quem
421 1611 492 1639 idem
520 1612 577 1646 ipse
599 1612 748 1646 propheta,
776 1613 886 1647 planius
914 1612 1004 1639 adhuc
1027 1612 1092 1639 alibi

309 1655 395 1684 Patris
409 1656 526 1684 Verbum
542 1664 602 1684 esse
622 1657 788 1691 pronutttiat,
801 1658 866 1684 dum
883 1658 958 1685 illum
971 1657 1091 1685 universi

310 1702 463 1730 molitorem
495 1710 556 1729 esse
586 1706 700 1729 testatur
720 1711 752 1730 ae
771 1703 857 1738 ponit,
873 1712 882 1730 (
901 1702 1001 1736 Verbo,
1023 1713 1032 1728 ι
1052 1703 1092 1730 in-

310 1749 416 1784 quiens,
431 1758 439 1774 ι
452 1748 734 1776 Dominicteliﬁrmati
748 1754 812 1776 sunt
825 1750 856 1776 ’³.
870 1759 879 1776 ›
889 1749 959 1783 Quin
971 1750 1091 1777 omnium

310 1795 404 1826 etiam.
420 1795 479 1829 ejus
497 1802 548 1830 ope
562 1798 589 1822 et
605 1795 748 1822 curatione
761 1795 953 1830 indigentium,
967 1795 1093 1823 Servato-

311 1849 369 1868 rem
393 1841 469 1868 illum
491 1848 553 1869 esse
572 1841 749 1875 conlivmans,
774 1850 783 1868 ι
804 1841 886 1875 Misit,
906 1842 1003 1878 inquit,
1027 1841 1093 1869 Vet-

310 1886 374 1914 bum
395 1894 487 1920 suum,
504 1891 531 1914 et
546 1887 653 1914 sanavit
665 1893 711 1914 eos
731 1888 764 1914 ".
787 1897 796 1913 »
819 1887 950 1915 Similiter
968 1888 1090 1922 ejusdem

310 1933 382 1960 filius
398 1933 481 1960 simul
505 1937 586 1968 atque
605 1940 749 1960 successor
771 1932 911 1967 Salomon,
930 1934 1090 1968 appellatio-

311 1986 346 2007 ne
360 1979 469 2014 quidem
489 1980 554 2012 alia,
574 1987 655 2007 sensu
673 1983 762 2008 tamen
784 1987 897 2014 prorsus
918 1980 1023 2012 eodem,
1044 1988 1091 2015 pro

310 2023 399 2053 Verbo
416 2024 582 2060 Sapientiam
599 2026 755 2057 nominans,
773 2026 830 2054 haec
844 2026 917 2054 illius
931 2034 962 2054 ex
977 2034 1090 2061 persona

308 2075 521 2097 commemorat:
549 2079 558 2095 ε
586 2070 640 2105 Ego
663 2070 801 2106 Sapientia
827 2070 952 2098 habitans
977 2071 1004 2098 in
1024 2079 1090 2098 cnn-

309 2116 417 2148 silio.ct
426 2115 608 2150 cognitionem
625 2121 651 2143 et
668 2117 872 2152 intelligentiam
890 2117 1013 2145 invocavi
1027 2118 1060 2143 “.
1079 2127 1088 2143 ι

311 2161 379 2189 Tum
391 2162 472 2196 paulo
487 2166 549 2196 post
565 2161 600 2189 ita
616 2163 802 2197 prosequitur:
816 2171 825 2188 ‹
840 2163 969 2190 Dominus
990 2164 1091 2190 creavit

309 2214 353 2235 me
367 2206 475 2233 initium
494 2206 600 2233 viarum
619 2214 729 2234 suarum
747 2207 772 2233 in
787 2213 869 2241 opera
883 2215 941 2233 sua.
956 2207 1026 2234 Ante
1041 2215 1090 2240 sa;-

1405 558 1603 586 ΚΕΦΛΛΔΙΟΝ
1622 559 1668 584 lA’.

1148 605 1218 640 Περὶ
1228 605 1281 632 τοῦ
1288 603 1429 638 δευτέρου
1435 604 1541 634 αἰτίου,
1556 603 1695 637 Ἐόραίων
1700 603 1749 630 καὶ
1760 602 1923 637 Πλάτωνος.

1183 650 1224 677 Τὰ
1238 650 1287 686 μὲν
1297 650 1330 685 δὴ
1348 650 1411 685 περὶ
1422 649 1467 676 τοῦ
1483 648 1592 684 πρώτου
1603 649 1657 675 τῶν
1674 648 1740 676 ὅλων
1755 649 1851 680 αἰτίου.
1866 649 1926 676 τοῦ-

1147 705 1192 723 τον
1206 697 1271 732 ἡμῖν
1296 695 1514 731 ἀνωμολογήσθω
1529 695 1574 721 τὸν
1596 695 1704 730 τρόπον.
1729 695 1886 730 Ἐπὶσκεψαι
1901 695 1926 722 δὲ

1145 743 1192 770 καὶ
1206 742 1241 768 τὰ
1258 742 1321 778 περὶ
1334 741 1381 768 τοῦ
1393 741 1530 776 δευτέρου,
1545 741 1574 766 ὃν
1587 740 1620 776 δὴ
1627 740 1693 767 Θεοῦ
1703 741 1796 775 Λόγον,
1805 742 1850 767 καὶ
1864 741 1928 768 Θεὸν

1144 790 1176 816 ὲκ
1187 788 1255 814 Θεοῦ
1268 785 1337 814 εἶναι
1359 787 1393 813 τὰ
1413 786 1546 822 Ἐϐραίων
1560 786 1680 813 παιδεύει
1699 786 1787 821 λόγια,
1807 787 1928 823 καθάπερ

1146 835 1192 862 καὶ
1212 836 1291 870 ἡμεῖς
1302 833 1380 860 αὐτοὶ
1402 833 1536 867 θεολογεῖν
1563 833 1750 869 δεδιδάγμεθα.
1775 834 1802 860 ’0
1820 834 1869 868 μὲν
1885 832 1928 860 οὖν

1109 881 1245 925 ᾹΜωσῆς
1268 879 1416 916 διαρρήδην
1451 879 1498 905 δύο
1526 879 1645 913 θεολογεῖ
1674 879 1811 914 Κυρίους,
1837 880 1866 905 ἐν
1892 877 1928 912 οἷς

1147 933 1229 961 φησι*
1253 935 1262 951 ‹
1282 925 1335 952 Καὶ
1360 924 1452 960 ἔϐρεξε
1475 924 1576 960 Κύριος
1592 923 1668 960 παρὰ
1693 925 1794 960 Κυρίου
1814 925 1870 960 πῦρ
1886 925 1929 952 καὶ

1146 971 1215 998 θεῖον
1236 971 1282 998 ἐπὶ
1307 971 1355 1006 τὴν
1372 971 1425 998 τῶν
1443 970 1548 997 ἀσεϐῶν
1575 970 1660 997 πόλιν.
1677 980 1685 996 ι
1704 971 1787 997 Ἔνθα
1811 971 1929 1006 συνὴτως

1145 1017 1191 1042 ἐπὶ
1206 1016 1261 1043 τῶν
1271 1016 1317 1043 δύο
1332 1017 1382 1052 τὴν
1398 1015 1493 1051 ὁμοίαν
1502 1016 1557 1042 τῶν
1570 1016 1634 1051 παρ’
1648 1015 1781 1051 Ἑϐραίοις
1795 1017 1929 1052 χαρακτή-

1146 1071 1200 1097 ρων
1214 1063 1360 1097 ἐποιήσατο
1385 1062 1549 1097 παράθεσιν·
1565 1062 1634 1097 αὕτη
1660 1062 1688 1088 δέ
1712 1063 1770 1088 ἐστι
1785 1063 1801 1097 ἡ
1818 1062 1861 1088 διὰ
1876 1062 1929 1089 τῶν

1143 1108 1284 1143 τεσσάρων
1304 1107 1441 1142 στοιχείων
1457 1107 1644 1143 ἁνεκφὼνητος
1661 1107 1725 1142 παρ’
1740 1108 1830 1138 αὐτοῖς
1844 1107 1930 1133 θεολο-

1145 1152 1200 1186 γία.
1217 1152 1310 1188 Τούτῳ
1324 1152 1352 1179 δὲ
1371 1153 1417 1179 καὶ
1438 1153 1529 1184 Δαϐὶδ,
1551 1153 1629 1184 ἄλλος
1642 1154 1783 1188 προφήτης
1803 1152 1870 1188 ὁμοῦ
1885 1152 1930 1179 καὶ

1146 1198 1270 1233 βασιλεὺς
1285 1198 1426 1235 Ἐϐραίων,
1441 1198 1560 1234 συνᾴδων
1574 1199 1665 1234 φησίν·
1681 1209 1690 1224 ι
1713 1197 1818 1226 Εἶπενὸ
1831 1198 1929 1233 Κύριος

1143 1247 1183 1282 τῷ
1200 1246 1294 1282 Κυρίῳ
1312 1255 1372 1281 μου·
1386 1246 1477 1272 Κάθου
1488 1247 1520 1273 ὲκ
1533 1245 1626 1278 δεξιῶν
1641 1254 1700 1281 μου·
1716 1255 1725 1271 ι
1741 1246 1785 1272 τὸν
1798 1246 1849 1281 μὲν
1863 1247 1929 1272 ἀνω-

1144 1291 1217 1319 τάτω
1242 1291 1308 1318 Θεὸν
1336 1291 1379 1318 διὰ
1404 1291 1451 1318 τοῦ
1468 1291 1577 1327 πρώτου
1601 1291 1713 1327 Κυρίου,
1732 1291 1778 1317 τὸν
1791 1291 1819 1317 δὲ
1835 1291 1929 1318 τούτου

1143 1337 1268 1372 δεύτερον
1287 1337 1331 1364 διὰ
1355 1337 1403 1372 τῆς
1425 1336 1553 1371 δευτέρας
1573 1336 1714 1370 ἀποφήνας
1734 1336 1927 1372 προσηγορίας.

1144 1384 1203 1410 Τίνι
1219 1384 1273 1419 γὰρ
1292 1383 1363 1419 ἄλλῳ
1376 1383 1454 1418 Θέμις
1464 1383 1587 1410 ὑπονοεῖν
1603 1382 1636 1409 τὰ
1651 1383 1725 1416 δεξιὰ
1735 1382 1779 1410 διὰ
1789 1384 1838 1418 τῆς
1852 1384 1928 1417 ἐιγεν⁴

1143 1430 1222 1464 νήτου
1238 1428 1368 1464 Θεὸτητος
1394 1428 1612 1464 παραχωρείσθαι
1629 1429 1645 1464 ἢ
1666 1429 1738 1464 μόνῳ
1752 1428 1791 1464 τῷ
1803 1437 1835 1455 πε
1839 1429 1866 1464 pi
1875 1426 1905 1456 οὗ
1916 1429 1928 1450 Ἀ

1143 1474 1234 1508 λόγος
1252 1475 1280 1501 ὃν
1294 1476 1308 1500 ὁ
1332 1475 1411 1505 αὐτὸς
1435 1475 1575 1510 προφήτης
1599 1475 1627 1501 ὲν
1653 1474 1755 1509 ἑτέροις
1771 1475 1928 1509 λευκότερον

1143 1520 1268 1554 διασαφεῖ
1287 1520 1373 1555 Λόγον
1395 1520 1442 1546 τοῦ
1463 1520 1577 1555 Πατρὸς,
1597 1519 1760 1556 δημιουργὸν
1786 1521 1839 1546 τῶν
1861 1520 1928 1546 ὅλων

1108 1574 1128 1600 Β
1143 1566 1326 1602 ὑφιστάμενος
1355 1564 1423 1592 εἶναι
1441 1566 1486 1592 τὸν
1501 1565 1716 1601 θεολογούμενον,
1733 1567 1762 1592 ὲν
1782 1563 1822 1597 οἷς
1842 1574 1924 1601 φησι·

1149 1622 1158 1637 ι
1172 1611 1216 1647 Τῷ
1235 1611 1313 1647 Λόγῳ
1328 1610 1429 1647 Κυρίου
1450 1612 1475 1638 οἱ
1490 1611 1598 1647 οὐρανοὶ
1614 1610 1828 1647 ἐστερεώθησαν.
1849 1622 1857 1637 ι
1875 1612 1929 1638 Καὶ

1144 1657 1258 1692 Σωτῆρα
1272 1657 1301 1683 δὲ
1325 1657 1370 1683 τὸν
1389 1657 1469 1683 αὑτὸν
1484 1656 1538 1682 τῶν
1554 1656 1685 1692 δεομένων
1697 1657 1746 1692 τῆς
1766 1657 1830 1693 παρ’
1846 1658 1927 1684 αὑτοῦ

1144 1704 1289 1740 θεραπείας
1305 1703 1420 1737 εἰσάγει,
1445 1703 1545 1737 λέγων’
1567 1712 1576 1728 ι
1602 1703 1757 1730 Ἀπέστειλε
1776 1705 1820 1730 τὸν
1844 1705 1928 1738 Λόγον

1143 1749 1236 1782 αὐτοῦ,
1270 1749 1316 1776 καὶ
1342 1749 1435 1775 ἰάσατο
1456 1748 1564 1780 αὐτούς.
1586 1758 1596 1774 ι
1614 1749 1668 1775 Καὶ
1682 1749 1696 1776 ὁ
1712 1749 1807 1776 τούτου
1820 1750 1847 1775 δὲ
1864 1751 1928 1782 παῖς

1143 1795 1210 1830 ὁμοῦ
1237 1796 1284 1821 καὶ
1306 1794 1425 1829 διάδοχος
1441 1794 1576 1829 Σολομὼν,
1589 1793 1676 1830 ἑτέρῳ
1690 1796 1863 1831 προσρήματι
1879 1797 1928 1830 τὴν

1143 1840 1227 1875 αὐτὴν
1244 1839 1379 1874 παριστὰς
1395 1839 1523 1871 διάνοιαν,
1545 1840 1604 1865 ἀντὶ
1616 1840 1703 1872 Λόγου
1723 1841 1821 1874 Σοφίαν
1832 1840 1927 1873 εἰπὼν,

1142 1886 1205 1913 τάδε
1221 1887 1257 1917 ὡς
1269 1886 1298 1918 ἐξ
1313 1886 1397 1921 αὐτῆς
1412 1886 1555 1921 προσώπου
1573 1886 1712 1918 διέξεισιψ
1731 1897 1740 1913 ι
1767 1887 1836 1922 Ἐγὼ
1851 1889 1867 1923 ἡ
1881 1888 1930 1914 Στι-

1143 1932 1191 1966 φία
1218 1932 1413 1967 κατεσκήνωσα
1439 1932 1546 1967 βουλὴν,
1560 1933 1606 1958 καὶ
1628 1933 1738 1966 γνῶσιν,
1756 1933 1803 1960 καὶ
1824 1934 1928 1960 ἔννοιαν

1143 1977 1197 2012 ἐγὼ
1214 1977 1430 2013 ὲπεκειλεσάμην.
1453 1988 1462 2003 ι
1478 1976 1534 2004 Εἶθ’
1559 1978 1622 2013 ἑξῆς
1645 1979 1763 2013 ἐπιλέγει
1775 1988 1782 1994 ·
1799 1989 1808 2005 ι
1827 1979 1929 2015 Κύριος

1142 2022 1231 2050 ἔκτισέ
1245 2031 1278 2058 με
1311 2023 1397 2059 ἀρχὴν
1416 2023 1482 2050 ὁδῶν
1505 2022 1587 2050 αὑτοῦ
1605 2025 1645 2055 εἰς
1669 2024 1737 2060 ἔργα
1754 2025 1845 2052 αὑτοῦ.
1874 2026 1929 2062 Πρὸ

1142 2068 1188 2094 τοῦ
1205 2067 1301 2099 αἰῶνος
1314 2068 1476 2103 ἐθεμελίωςέ
1494 2077 1537 2103 με,
1554 2070 1582 2094 ἐν
1598 2069 1667 2104 ἀρχῇ
1683 2070 1734 2104 πρὸ
1751 2069 1797 2096 τοῦ
1813 2071 1861 2106 τὴν
1877 2072 1928 2106 γῆν

1142 2115 1263 2149 ποιῆσαι,
1281 2114 1333 2150 πρὸ
1344 2114 1390 2143 τοῦ
1399 2115 1447 2150 ὅρη
1463 2114 1633 2150 ἑδρασθῆναι.
1643 2115 1699 2150 Πρὸ
1715 2115 1743 2142 δὲ
1754 2117 1862 2142 πάντων
1875 2117 1927 2143 τῶν

1143 2159 1244 2194 βουνῶν
1259 2160 1340 2194 γεννᾷ
1353 2168 1397 2195 με.
1413 2159 1506 2185 Ἡνὶκα
1522 2160 1652 2195 ἡτοίμαζε
1665 2160 1710 2186 τὸν
1722 2161 1846 2196 οὐρανὸν,
1861 2170 1929 2196 συμ-

1143 2207 1273 2241 παρήμην
1287 2205 1371 2241 αὐτῷ.
1383 2215 1392 2230 ι
1409 2205 1461 2231 Τοῦ
1473 2205 1499 2231 6“
1514 2205 1595 2232 αὐτοῦ
1617 2206 1696 2233 πάλιν
1718 2208 1764 2234 καὶ
1777 2207 1839 2234 τάδε
1851 2209 1924 2234 ἐστί·

306 2252 399 2280 culum
418 2251 541 2278 fundavit
555 2260 609 2284 me,
626 2252 651 2279 in
673 2252 808 2287 principio
823 2257 969 2287 antequam
991 2258 1089 2281 terram

1146 2261 1154 2276 t
1177 2252 1205 2277 Ὀ
1217 2251 1282 2282 Θεὸς
1292 2252 1321 2277 ἐν
1331 2252 1364 2286 τῇ
1381 2251 1465 2287 Σοφίᾳ
1487 2251 1649 2293 ἐθεμελίωσε
1663 2253 1712 2287 τὴν
1731 2253 1783 2288 γῆν
1793 2273 1800 2284 ,
1814 2253 1926 2289 ἡτοίμα-

306 2298 420 2331 faccret,
429 2303 575 2333 antequam
589 2303 695 2325 montes
704 2298 902 2326 constitissent.
915 2299 984 2326 Ante
994 2307 1089 2327 omnes

307 2345 349 2371 col
360 2352 390 2372 es
412 2344 497 2379 gignit
515 2351 567 2370 tne.
586 2343 699 2377 Quando
722 2344 890 2378 praeparabat
910 2344 1021 2376 (mlum,
1039 2345 1087 2372 ad-

305 2401 312 2415 ι
323 2398 379 2416 ram
393 2389 484 2424 ipsi".
508 2398 516 2414 I
539 2388 666 2423 Ejusdem
682 2397 790 2423 qunque
810 2392 883 2422 sunt,
896 2397 956 2424 qua:
969 2397 1088 2424 sequun-

307 2440 368 2468 tur,
397 2446 405 2461 ι
427 2435 497 2462 Deus
523 2436 549 2462 in
574 2435 712 2470 Sapientia
740 2434 863 2462 fundavit
882 2440 994 2468 terram,
1018 2443 1086 2470 pra:-

306 2482 410 2518 paravit
434 2482 517 2509 cmlos
544 2482 570 2508 in
599 2481 762 2516 prudentia;
794 2491 804 2507 ι
833 2486 889 2508 tum
917 2481 998 2508 etiam
1024 2481 1085 2514 ista,

310 2537 320 2554 ι
340 2526 434 2555 Omnia
449 2528 553 2555 occulta
570 2533 597 2555 et
612 2533 702 2562 aperta
721 2527 801 2554 novi:
819 2527 942 2555 omnium
956 2527 1029 2554 enim
1047 2535 1088 2554 ar-

307 2571 372 2600 tifex
394 2571 485 2599 docuit
509 2580 552 2600 me
567 2572 704 2607 Sapientia
719 2573 752 2599 ".
781 2581 790 2598 ι
817 2570 923 2605 Quibus
945 2572 1084 2606 sequentia

306 2617 434 2651 deinceps
453 2618 594 2652 adjnngit.
617 2627 627 2643 ι
651 2617 722 2650 Quid
738 2621 827 2644 autem
841 2621 884 2644 est
903 2617 1040 2651 Sapientia
1058 2622 1086 2644 et

306 2663 444 2698 quomodo
457 2664 547 2697 genita
569 2664 629 2691 est?
643 2663 700 2697 Ego
718 2662 835 2690 referam
854 2667 882 2690 et
903 2670 958 2690 non
972 2669 1086 2690 abscon-

304 2707 368 2735 dam
392 2715 407 2734 a
424 2708 500 2736 vobis
523 2713 703 2739 sacramenta,
723 2709 769 2736 sed
787 2709 822 2734 ab
845 2708 923 2735 initio
937 2708 1087 2735 nativitatis

306 2754 474 2788 investigabo
489 2755 521 2781 “.
550 2764 558 2780 ι
586 2754 686 2782 Deinde
716 2763 770 2782 rcm
798 2755 937 2782 illttstrans
967 2755 1087 2786 uberius,

340 2812 435 2839 “Di-nt
456 2813 572 2843 xxxtt,7.
603 2812 702 2839 "Psal.
716 2813 830 2845 xxx,‘29.
870 2813 978 2839 "Deut.
994 2821 1050 2842 xm.
1066 2813 1086 2838 ί.

305 2846 473 2882 "Psal.c1x,
494 2849 516 2876 l.
558 2849 577 2862 “
592 2848 661 2876 Psal.
677 2856 759 2881 χχχιι,
774 2849 798 2875 6.
841 2848 1051 2883 "Psaltuﬁo.

1094 2849 1114 2863 ²”
1124 2846 1203 2875 Prov.
1215 2855 1272 2880 vm,
1286 2846 1325 2874 ιε.

1145 2306 1189 2324 σεν
1214 2298 1343 2334 οὐρανοὺς
1376 2298 1405 2323 ὲν
1428 2298 1566 2333 φρονήσει.
1590 2308 1600 2324 ι
1623 2299 1683 2325 Ἔτι
1702 2299 1729 2325 δὲ
1744 2299 1805 2326 τάδε
1818 2299 1926 2334 λέγεται

1143 2341 1264 2370 εἶναιτοῦ
1282 2341 1364 2369 αὐτοῦ
1377 2350 1383 2356 ·
1399 2351 1409 2366 ι
1427 2342 1481 2368 Καὶ
1494 2342 1544 2368 ὅσα
1562 2341 1620 2368 ἐστὶ
1637 2342 1744 2377 κρυπτὰ
1759 2343 1807 2369 καὶ
1818 2343 1925 2378 ἐμφανῆ

1142 2388 1225 2422 ἔγνων
1239 2397 1245 2402 ·
1258 2389 1274 2422 ὴ
1285 2388 1339 2422 γὰρ
1347 2386 1455 2413 πάντων
1466 2388 1581 2422 τεχνῖτις
1595 2386 1696 2419 ἐδίδαξέ
1707 2396 1740 2422 με
1750 2388 1844 2422 Σοφία.
1853 2398 1861 2413 ι
1871 2388 1925 2414 Εἶτ’

1141 2433 1259 2468 ἐπιλέγει
1271 2441 1278 2448 δ
1294 2442 1303 2458 ‹
1324 2433 1356 2458 Τί
1367 2432 1389 2459 δ’
1403 2432 1461 2458 ἐστὶ
1472 2432 1566 2465 Σοφία,
1577 2433 1623 2459 καὶ
1635 2433 1693 2464 πῶς
1705 2434 1814 2467 ἐγένετο
1826 2443 1833 2466 ;
1855 2433 1926 2467 Ἐγὼ

1139 2478 1297 2513 ἀπαγγελῶ,
1315 2479 1361 2504 καὶ
1385 2478 1434 2503 οὐκ
1456 2477 1607 2512 ἀποκρύψω
1626 2477 1689 2512 ὑμῖν
1703 2479 1850 2514 μυστήρια,
1868 2478 1924 2506 ἀλλ’

1138 2525 1168 2557 ἐξ
1185 2526 1272 2560 ἀρχῆς
1290 2524 1423 2559 γενέσεως
1451 2523 1602 2558 ἐξιχνιάσω.
1620 2533 1629 2548 ι
1649 2524 1704 2550 Καὶ
1725 2524 1788 2559 ἑξῆς
1801 2524 1925 2558 διασαφεί

1135 2571 1170 2597 τὰ
1183 2571 1271 2598 τοιάδε
1282 2579 1290 2586 ·
1309 2581 1318 2596 ι
1336 2570 1413 2596 Ἔστι
1438 2569 1492 2604 γὰρ
1506 2568 1574 2604 αὕτη
1590 2569 1698 2604 πνεῦμα
1710 2571 1812 2606 νοερὸν,
1836 2571 1922 2605 ἅγιον,

1139 2616 1291 2651 μονογενὲς,
1319 2615 1481 2650 πολυμερὲς,
1509 2614 1614 2648 λεπτὸν,
1631 2614 1789 2650 εὐκίνητον,
1815 2615 1921 2651 τρανὸν.

1139 2661 1298 2696 ὰμόλυντον,
1324 2660 1535 2695 παντοδύναμον,
1564 2660 1776 2691 πανεπίσκοπον,
1808 2661 1856 2688 καὶ
1880 2661 1923 2686 δια

1139 2706 1248 2733 πάντων
1260 2705 1364 2741 χωροῦν
1382 2705 1541 2740 πνευμάτων
1553 2705 1662 2740 νοερῶν,
1677 2705 1814 2742 καθαρῶν,
1830 2707 1924 2734 λεπτο-

1139 2752 1236 2779 τάτων.
1272 2752 1364 2786 Ilion;
1390 2752 1443 2787 γὰρ
1461 2752 1591 2787 κινήσεως
1611 2752 1820 2788 κινητικώτερον
1829 2753 1921 2787 Σοφία.

1127 2810 1210 2838 “Jac.
1222 2812 1291 2841 tv.8.
1331 2810 1409 2837 1“.Iob
1423 2819 1467 2842 xx,
1483 2811 1568 2839 ἅσσα
1579 2809 1663 2837 LXX.
1703 2812 1724 2826 ¹⁶
1734 2811 1801 2838 Gen.
1813 2812 1920 2844 1:1,24.

1366 2847 1384 2861 "
1402 2846 1464 2873 ibid.
1485 2846 1528 2873 22.
1568 2846 1676 2883 "_ibid._
1703 2846 1726 2862 "
1746 2848 1856 2882 b'ap.vt,
1875 2847 1919 2874 26-
