2091 3208
167 159 220 187 985

737 157 894 185 ΡΒᾹΞΡΛΒ.
917 155 1041 183 EVANG.
1064 155 1125 182 LIB.
1142 153 1186 180 Xl.

1734 144 1786 173 856

165 222 258 256 Διήχει
271 220 297 246 δὲ
310 220 361 246 -καὶ
377 222 461 255 χωρεῖ
474 220 518 247 διὰ
529 221 637 247 πάντων
650 220 693 247 διὰ
703 220 751 255 τὴν
769 219 949 255 καθαρότητα.

1007 203 1083 244 ιίΕδι
1110 216 1194 246 enim,
1221 213 1323 249 inquit,
1350 213 1408 246 ipsa
1439 210 1556 246 Spiritus
1582 206 1786 242 intelligentia,

172 267 267 302 Ἀτμὶς
282 268 335 302 γάρ
353 268 410 293 ἐστι
421 267 470 302 τῆς
494 267 540 294 τοῦ
556 266 623 293 Θεοῦ
639 267 788 302 δυνάμεως,
809 267 855 292 καὶ¹
867 265 951 300 ἀπόρ-

167 314 227 348 ροια
246 313 293 347 τῆς
315 312 361 338 τοῦ
381 313 602 348 Παντοκρέιτορος
628 312 705 348 δόξης
730 312 887 346 εἰλικρινής.
903 310 952 337 Διὰ

165 358 244 392 τοῦτο
269 357 344 384 οὐδὲν
371 358 573 394 μεμολυσμένον
591 359 630 390 εἰς
651 358 733 393 αὐτὴν
754 356 949 392 παρεμπίπτει.

172 403 354 438 ’Λπαύγασμα
379 403 434 439 γάρ
460 404 517 430 ἐστι
536 403 623 438 φωτὸς
638 403 736 435 ἀϊδίου,
754 403 802 429 καὶ
824 403 952 437 ἔσοπτρον

165 449 331 484 ἀκηλίδωτον
349 450 398 485 τῆς
413 449 459 476 τοῦ
483 450 550 476 Θεοῦ
572 449 722 484 ἐνεργείας,
746 449 792 475 καὶ
814 448 893 475 εἰκὼν
905 447 954 482 τῆς

167 495 334 530 ἁγαθότητος
346 495 427 522 αὑτοῦ
461 505 469 521 ι
478 511 504 515 -
513 505 522 521 ‹
541 495 669 521 Διατείνει
688 495 716 521 δὲ
728 495 780 521 ἀπὺ
792 494 907 530 πέρατος
917 494 955 524 εἰς

166 541 254 578 πέρας
273 541 425 578 εὐρώστως.
439 542 485 568 καὶ
498 542 637 568 διοικεῖται
651 541 683 568 τὰ
695 541 782 568 πάντα
795 539 928 576 χρηστῶς.
943 549 952 564 ι

167 587 260 614 Ταῦτα
270 588 318 623 μὲν
333 588 348 623 ὴ
365 588 470 624 Γραφή.
480 588 535 623 Τὴν
546 587 574 614 δὲ
588 588 630 614 διὰ
642 587 687 613 τοῦ
696 587 825 622 δόγματος
840 585 955 612 διάνοιαν

165 633 252 660 Φίλων
269 635 282 660 ὁ
302 633 425 669 Ἐϐραῖος
440 633 595 669 λευκότερον
612 632 768 668 ἑρμηνεύων
787 630 860 657 τόνδε
876 629 954 665 παρί-

166 686 248 715 στησι
264 679 308 705 τὸν
318 678 427 714 τρόπον.

165 727 195 752 et
207 724 297 759 imago
318 725 446 752 bonitatis
464 724 535 751 illius
546 724 579 750 ".
598 733 607 748 ι
635 739 654 743 --

1004 267 1129 294 sanctus,
1146 260 1312 296 unigenitus,
1333 258 1484 293 multiplex,
1511 256 1636 287 subtilis,
1661 252 1787 285 mobilis,

1005 309 1136 340 disertus,
1155 306 1390 341 incoinquinatus,
1406 311 1514 331 omnem
1531 302 1634 329 habens
1647 300 1786 331 virtutem,

1005 351 1292 388 omnia'prospiciens,
1312 358 1406 378 omnes
1430 355 1574 384 permeans
1596 347 1724 382 spiritus.
1746 345 1788 372 in-

1005 399 1166 434 tclligibiles,
1178 405 1271 432 puros,
1283 396 1458 424 tenuissimos
1468 404 1474 421 ε
1486 394 1565 429 533
1577 392 1705 423 omnibus
1715 390 1788 418 enim

1005 444 1152 472 mobilibus
1170 443 1298 470 mobilior
1311 447 1353 469 est
1370 439 1528 475 Sapientia:
1552 441 1676 473 penetrat
1698 441 1789 463 autem

1005 499 1036 519 ac
1055 490 1176 525 pervadit
1202 489 1293 516 omnia
1316 492 1426 523 propter
1441 493 1518 514 suam
1544 484 1715 512 munditiam.
1737 481 1790 508 Va-

1005 545 1054 572 por
1069 536 1198 564 est-enim
1220 535 1327 562 virtutis
1340 534 1396 565 Dei,
1415 538 1441 560 et
1456 532 1594 560 emanatio
1610 531 1733 564 quaedam
1748 535 1790 555 est

1006 581 1206 616 Omnipolentis
1223 580 1316 616 gl0riae
1336 580 1452 607 sincera.
1473 577 1504 604 Et
1525 577 1585 604 ideo
1608 575 1673 602 nihil
1697 574 1788 609 inqui-

1008 632 1103 654 natum
1132 627 1159 653 in
1188 634 1247 654 eam
1279 625 1403 652 incurrit.
1426 624 1533 651 Candor
1558 625 1600 648 est
1623 621 1694 648 enim
1721 619 1790 647 lucis

1008 677 1126 705 aeterne,
1142 677 1168 700 et
1189 672 1329 707 speculum
1350 670 1410 697 sine
1425 669 1530 696 macula
1549 667 1596 695 Dei
1611 666 1791 698 eﬂicaeitat‘s,

673 732 681 748 ι
697 722 807 757 Attingit
823 725 911 748 autem
929 728 944 746 a
959 719 1010 746 [ine
1030 727 1115 754 usque
1134 718 1166 745 ad
1188 719 1268 745 linem
1285 717 1401 748 fortiter.
1417 720 1443 742 et
1453 715 1571 750 disponit
1588 714 1680 741 omnia
1697 713 1791 740 suavi-

166 774 210 798 ter
223 771 256 796 ".
280 781 289 796 ι
315 770 376 799 “th
403 771 553 806 Scriptura.
581 770 666 805 Cujus
689 770 798 805 quidem
827 768 956 796 doctrina:
975 775 1084 794 sensum
1115 765 1194 793 Philo
1223 765 1352 793 llebrzeus
1371 771 1517 798 exponens,
1548 762 1649 789 clarius
1670 761 1742 788 hunc
1763 760 1791 787 in

168 819 281 847 modum
299 819 488 854 illustriusque
507 825 691 855 repraesentat.

425 868 621 895 ΚΕΦΛΛΑΙΟΝ
646 868 694 894 lE'.
969 869 988 895 Β

289 914 420 947 Φίλωνος
434 915 501 949 περὶ
514 914 566 941 τοῦ
580 914 720 948 δευτέρου
733 914 837 940 αἰτίου.

207 969 216 985 ί
232 959 371 996 Εὺπρεπὲς
381 960 434 995 (76)
448 960 501 996 γὰρ
514 962 569 992 τοῖς
585 961 706 996 ἑταιρίαν
720 960 786 994 πρὸς
801 958 954 993 ἐπιστήμην

168 1005 292 1040 θεμένοις
308 1005 429 1040 ἐφίεσθαι
447 1006 496 1040 μὲν
513 1005 559 1032 τοῦ
576 1006 607 1032 τὸ
631 1006 659 1032 ὃν
678 1006 754 1032 ἰδεῖν·
773 1006 796 1031 εί
817 1004 844 1030 δὲ
860 1004 895 1039 μὴ
911 1003 955 1030 δύ-

167 1060 269 1083 ναιντο,
281 1051 329 1087 τὴν
345 1051 410 1086 γοῦν
424 1052 516 1079 εἰκόνα
532 1052 614 1078 αὑτοῦ
624 1052 670 1078 τὸν
685 1050 828 1087 ἱερώτατον
842 1050 952 1084 Λόγον.»

174 1097 220 1122 Ἐν
237 1096 276 1132 τῷ
289 1096 311 1123 δ’
326 1097 399 1132 αὐτῷ
424 1097 617 1133 συγγράμματι
632 1098 678 1124 καὶ
691 1097 753 1123 τάδε
768 1096 833 1132 φησί
844 1105 850 1111 ·
869 1105 877 1121 ι
897 1095 955 1121 Κᾶν

170 1143 284 1178 μηδέπω
316 1142 405 1177 μέντοι
435 1143 553 1178 τυγχάνῃ
577 1152 619 1174 τις
645 1143 791 1178 ἀξιόχρεως
810 1141 865 1172 υἱὸς
888 1140 955 1167 Θεοῦ

168 1189 431 1225 προσαγορεύεσθαι,
456 1190 630 1222 σπουδαζέτω
647 1189 806 1225 κοσμεῖσθαι
827 1188 896 1215 κατὰ
911 1188 956 1214 τὸν

169 1236 340 1272 πρωτόγονον
357 1236 438 1262 αὑτοῦ
455 1236 550 1270 Λόγον,
569 1236 615 1262 τὸν
631 1235 751 1270 ἀγγέλων
763 1234 955 1270 πρεσϐύτατον,

168 1281 219 1309 καὶ
232 1281 267 1313 ὡς
282 1282 316 1308 ἂν
341 1281 507 1317 ἀρχάγγελον
531 1281 704 1316 πολυώνυμον
721 1280 884 1316 ὑπάρχοντα.
902 1279 956 1306 Καὶ

169 1328 227 1363 γὰρ
257 1328 336 1363 ἀρχὴ,
353 1328 399 1355 καὶ
415 1328 497 1363 ὄνομα
505 1328 583 1360 Θεοῦ,
595 1328 642 1354 καὶ
650 1327 745 1361 Λόγος,
762 1327 808 1353 καὶ
820 1326 834 1352 ὁ
848 1326 906 1352 κατ’
921 1326 957 1351 εί-

169 1374 238 1401 χόνα
257 1373 406 1409 ἄνθρωπος,
423 1374 469 1400 καὶ
483 1375 498 1400 ὀ
509 1373 702 1410 όρῶνἸσραὴλ,
716 1372 956 1408 προσαγορεύεται.

173 1420 218 1447 Διὸ
234 1419 373 1456 προήχθην
390 1419 471 1454 ὀλίγῳ
495 1420 622 1456 πρότερον
643 1419 781 1446 ἐπαινέσαι
794 1419 842 1451 τὰς
859 1418 957 1454 ἀρετὰς

170 1466 227 1493 τῶν
241 1466 397 1501 φασκόντων
412 1467 453 1493 ὅτι
469 1466 566 1498 πάντες
577 1466 659 1502 ἐσμὲν
671 1458 724 1492 υἱοί
734 1466 792 1497 ἑνὸς
803 1464 956 1501 ἀνθρώπου.

171 1513 229 1540 Καὶ
241 1513 295 1548 γὰρ
304 1513 328 1539 εί
351 1513 433 1548 μήπω
455 1512 542 1539 ἱκανοὶ
553 1512 619 1538 Θεοῦ
632 1513 724 1544 παῖδες
743 1511 899 1547 νομίζεσθαι
913 1519 958 1545 γε-

1301 856 1414 884 CAPUT
1438 855 1496 882 XV.

1145 905 1183 932 De
1201 904 1313 933 secundo
1331 903 1474 938 principio,
1492 909 1524 929 ex
1540 901 1657 928 Philone.

1046 973 1054 989 ε
1073 963 1154 992 Decet
1168 963 1253 996 cnim,
1270 962 1368 997 inquit,
1389 969 1452 993 eos,
1473 960 1519 995 qui
1538 968 1599 987 cum
1615 959 1728 987 scientia
1748 964 1794 984 so-

1008 1010 1132 1038 cietatem
1152 1010 1274 1037 inierunt
1293 1009 1353 1044 ejus
1370 1008 1442 1043 quod
1466 1012 1518 1040 est,
1536 1006 1644 1033 vivendi
1659 1005 1793 1033 desiderio

1010 1057 1095 1085 teneri
1109 1066 1116 1089 ;
1137 1060 1194 1090 aut,
1218 1056 1242 1084 si
1257 1056 1349 1083 minus
1372 1055 1397 1082 id
1413 1054 1530 1090 possint,
1542 1052 1602 1087 ejus
1615 1052 1710 1080 saltem
1726 1051 1794 1078 ima-

1009 1103 1090 1137 ginis,
1111 1103 1163 1130 hoc
1185 1107 1227 1130 est
1246 1101 1424 1130 sacratissimi
1448 1100 1540 1128 Verbi.
1566 1110 1575 1126 ›
1600 1099 1677 1133 Quod
1698 1099 1792 1126 eodem

1009 1150 1089 1182 libro,
1117 1149 1175 1176 haec
1204 1148 1297 1179 etiam,
1324 1156 1386 1183 quaa
1409 1152 1568 1183 sequuntur,
1588 1147 1690 1173 habet:
1719 1154 1728 1171 ε
1758 1143 1793 1172 Ut

1010 1196 1075 1230 quis
1093 1195 1185 1222 minus
1199 1194 1288 1222 adhuc
1301 1193 1363 1221 Filii
1375 1193 1608 1229 Deiappellatione
1622 1191 1719 1226 dignus
1733 1190 1792 1218 fue-

1011 1243 1054 1274 rit,
1071 1249 1100 1269 se
1122 1241 1210 1276 ipsum
1236 1245 1327 1268 tamen
1343 1240 1376 1267 ad
1393 1239 1603 1275 primogenitum
1629 1237 1701 1265 illius
1727 1236 1794 1264 Ver-

1011 1289 1085 1320 bum,
1105 1288 1151 1323 qui
1173 1287 1331 1323 angelorum
1351 1286 1570 1322 antiquissimus,
1595 1293 1627 1312 ac
1648 1285 1729 1312 veluti
1747 1292 1793 1311 ar-

1010 1334 1160 1369 changelus
1181 1333 1308 1369 plurimis
1332 1333 1490 1360 nominibus
1511 1331 1626 1367 insignis
1649 1335 1701 1363 est,
1725 1337 1792 1357 con-

1011 1380 1128 1407 furmare
1148 1384 1272 1407 conetur.
1292 1378 1397 1406 Etenim
1418 1378 1591 1413 principium,
1613 1377 1659 1404 Dei
1677 1375 1791 1408 Nomen,

1012 1425 1145 1458 Verbum,
1167 1425 1254 1453 Ilomo
1284 1425 1433 1453 secundant
1461 1424 1624 1459 imaginem,
1650 1426 1677 1450 et
1700 1422 1793 1449 videns

1012 1471 1092 1499 Israel
1117 1472 1278 1507 appellatur.
1310 1471 1402 1506 itaque
1442 1471 1476 1498 ad
1498 1469 1674 1498 celebrandas
1697 1476 1792 1496 eorum

1011 1517 1124 1544 virtutes
1139 1517 1220 1552 paulo
1234 1520 1297 1544 ante
1317 1520 1457 1552 permotus
1473 1523 1544 1547 sum,
1568 1515 1614 1550 qui
1631 1521 1682 1542 nos
1698 1521 1793 1541 omnes

171 1559 303 1594 γόναμεν,
319 1558 386 1585 ἀλλά
407 1567 447 1585 τοι
469 1558 518 1593 τῆς
532 1558 636 1590 ἀειδοῦς
657 1559 760 1590 εἰκόνος
774 1557 856 1584 αὑτοῦ
872 1557 958 1592 Λόγου

1012 1562 1130 1590 hominis
1156 1562 1237 1589 unius
1262 1562 1333 1590 ﬁlios
1357 1570 1419 1590 esse
1443 1562 1548 1589 dicunt.
1579 1560 1647 1587 Nam
1672 1564 1702 1587 ut
1726 1566 1794 1586 non-

170 1605 220 1632 τοῦ
238 1605 383 1640 ἱεροπάτου
394 1614 400 1620 ·
428 1604 496 1631 Θεοῦ
519 1605 573 1641 γὰρ
589 1604 670 1631 εἰκὼν
686 1605 771 1639 Λόγος
781 1606 794 1631 ὁ
809 1604 959 1640 πρεσϐύτα-

172 1655 231 1678 τος.
249 1657 258 1672 ι
283 1648 336 1673 Καὶ
359 1648 437 1674 πάλιν
461 1648 595 1682 ἐπιλέγει⁹
623 1658 631 1673 l
653 1649 773 1676 Ἤκουσα
794 1650 883 1685 μέντοι
909 1649 954 1675 καὶ

174 1691 232 1718 τῶν
248 1693 368 1724 Μωσέως
384 1692 496 1727 ἑταίρων
516 1693 586 1723 τινὸς
605 1693 844 1729 ἀποφθεγξαμένου
856 1693 953 1721 τοιόνδε

172 1738 265 1771 λόγιον
277 1745 283 1752 ·
303 1738 370 1765 Ἰδοὺ
390 1737 529 1773 ἄνθρωπος
549 1735 570 1771 ᾧ
590 1738 674 1773 ὄνομα
698 1738 836 1775 Ἀνατολή.
855 1740 955 1766 Καινο-

171 1786 243 1821 τάτη
260 1786 418 1822 πρόσρησις,
432 1786 480 1812 ἐάν
503 1794 534 1820 γε
551 1785 595 1812 τὸν
611 1786 641 1811 ἐκ
667 1785 790 1821 σώματος
806 1786 853 1812 καὶ
871 1786 960 1821 ψυχῆς

172 1831 329 1859 συνεστῶτα
351 1831 476 1866 λέγεσθαι
498 1831 625 1867 νομίσῃς·
645 1830 692 1857 ἐὰν
711 1831 739 1857 δὲ
754 1831 800 1858 τὸν
817 1830 959 1866 ἀσώματον

171 1878 278 1904 ἐκεῖνον
293 1877 367 1904 θείαν
386 1877 457 1904 ἰδέαν
480 1876 623 1912 φοροῦντα,
653 1876 751 1908 ἱκανῶς
773 1876 958 1912 ὁμολογήσεις,

172 1925 216 1952 δτι
242 1923 456 1951 εὐθυϐολιίντατον
476 1923 560 1958 ὄνομα
586 1922 758 1958 ὲπεφημίσθη
778 1922 807 1949 τὸ
840 1922 959 1958 Ανατολὴ

173 1970 259 2005 αὐτῷ.
273 1969 373 1996 τοῦτον
390 1970 438 2006 μὲν
455 1969 507 2005 γὰρ
523 1969 709 2005 πρεσϐύτατον
722 1969 785 1995 Υίὺν
796 1970 810 1995 ό
826 1969 879 1997 τῶν
893 1969 960 1996 ὅλων

174 2017 296 2045 ἀνέτειλε
319 2016 421 2052 Πατὴρ,
439 2015 468 2042 ὃν
492 2015 604 2050 ἑτέρωθι
629 2015 802 2051 Πρωτὸγονον
825 2015 957 2050 ὠνόμασε.

173 2064 231 2091 Καὶ
247 2063 261 2089 ό
278 2062 417 2098 γεννηθεὶς
432 2062 532 2098 μέντοι,
554 2061 719 2097 μιμούμενος
733 2061 780 2093 τὰς
792 2060 839 2087 τοῦ
856 2061 960 2096 Πατρός

172 2109 261 2141 ὁδοὺς,
268 2109 333 2144 πρὸς
341 2108 472 2144 παραδειν
476 2116 546 2144 ματα
551 2108 690 2143 ἀρχέτυπα
696 2108 730 2134 τὰ
736 2108 838 2135 ἐκείνου
845 2108 958 2143 βλέπων,

173 2154 297 2190 ἑμόρφου
309 2154 342 2181 τὰ
359 2154 426 2190 εἴδη.
446 2169 454 2180 ι
473 2153 566 2180 Ταῦτά
580 2162 624 2189 μοι
640 2154 694 2180 ἀπὸ
707 2153 753 2180 τοῦ
777 2153 900 2189 Ἐϐραίου
914 2154 960 2180 Φί-

173 2201 259 2232 λωνος
276 2200 392 2228 ἐνταῦθα
410 2200 520 2231 κείσθω,
539 2199 675 2235 ληφθέντα
689 2201 721 2226 ὲκ
738 2199 959 2235 συγγράμματος,

173 2242 200 2280 ᾧ
225 2246 344 2273 τέθειται
370 2245 520 2281 ἐπιγραφὴ,
552 2246 619 2279 Περὶ
637 2245 691 2272 τοῦ
712 2246 745 2273 τὸ
765 2246 862 2280 χεῖρον
883 2246 962 2279 αὐτῷ

175 2292 324 2326 κρείττονι
339 2291 394 2326 (77)
411 2291 510 2326 φιλεῖν
524 2291 716 2318 ἐπιτίθεσθαι.
731 2291 798 2327 Ἤδη
810 2290 838 2318 δέ
857 2299 901 2326 μοι
918 2292 965 2318 καὶ

174 2336 271 2364 ἄλλοτε
297 2336 331 2362 τὰ
352 2336 401 2371 τῆς
433 2335 487 2363 τῶν
511 2335 632 2363 παλαιῶν
667 2336 799 2372 Ἐϐραίων
827 2336 965 2368 εὐσεϐείας

173 2383 298 2418 δόγματα
312 2381 493 2418 παραθεμένῳ
506 2383 533 2408 ὲν
544 2384 599 2413 τοῖς
613 2382 661 2417 τῆς
674 2382 878 2417 Εὑαγγελικῆς
892 2385 965 2417 Προ-

175 2427 383 2462 παρασκευῆς,
397 2429 443 2454 καὶ
454 2428 489 2454 τὰ
506 2428 568 2463 περὶ
588 2427 634 2453 τοῦ
658 2427 783 2463 δευτέρου
800 2428 885 2454 αἰτίου
900 2428 966 2454 διεί-

174 2474 278 2510 ληπται
306 2473 459 2510 αὐτάρκως,
485 2475 526 2509 ἐφ’
553 2473 571 2500 θ.
598 2474 644 2500 καὶ
661 2473 708 2500 νῦν
730 2475 791 2506 τοὺς
805 2474 963 2509 φιλομαθεῖς

174 2519 341 2554 ἀναπέμψω.
361 2520 499 2546 Τοσούτων
517 2519 563 2546 οῦν
586 2520 650 2555 παρ’
667 2519 812 2554 Ἑϐραίοις,
828 2520 873 2546 καὶ
888 2520 962 2546 τόνδε

174 2566 222 2593 τὸν
237 2566 336 2602 τρόπον
352 2567 416 2602 περὶ
428 2566 473 2593 τοῦ
487 2567 611 2601 δευτέρου
627 2566 680 2592 τῶν
694 2565 762 2592 ὅλων
778 2565 864 2592 αἰτίου
873 2566 962 2592 :5an-

173 2612 346 2648 λογημένων,
372 2612 464 2648 καιρὸς
487 2613 536 2648 ⁸ἤδη
561 2613 607 2639 καὶ
635 2612 681 2638 τοῦ
709 2611 850 2644 Πλάτωνος
872 2613 900 2639 ὲν
924 2612 962 2647 τῷ

181 2658 354 2693 Ἐπιμενίδῃ
367 2658 422 2693 (78)
434 2658 495 2685 τάδε
511 2658 634 2692 λέγοντος
653 2657 812 2684 ἐπακοῦσαι.

210 2726 236 2744 ³⁵
253 2727 317 2761 Sep.
335 2735 383 2761 vn,
402 2728 447 2755 22.
485 2727 582 2762 “Sap.
600 2734 658 2759 νιιι,
679 2726 705 2754 1.
743 2726 765 2742 ¹⁶
776 2725 858 2753 Zach.
879 2735 915 2758 vi,
936 2728 979 2755 12.

213 2783 271 2818 (76)
296 2783 460 2817 Εὺπρεπές.
482 2783 605 2811 Nondum
628 2783 746 2810 occurrit
766 2782 815 2818 hic
839 2782 961 2810 Philonis

176 2817 264 2846 locus.
280 2818 423 2845 Protin-tur
439 2819 545 2853 quidem
564 2818 697 2845 Eusebius
713 2817 808 2852 pagina
831 2826 888 2851 seq.
905 2818 962 2845 lucc

176 2854 247 2887 apud
269 2853 408 2880 Philonem
430 2852 531 2885 haberi,
549 2861 581 2879 eo
599 2854 624 2879 in
641 2853 686 2879 lih.
701 2852 743 2878 cui
762 2853 874 2879 titulum-
891 2852 962 2879 feci».-

176 2890 221 2924 rit,
239 2889 307 2924 Περὶ
327 2889 379 2915 τσῦ
391 2888 490 2922 χεῖρον
507 2888 545 2921 τῷ
559 2889 702 2922 κρείττω-ι
723 2887 820 2922 φιλεῖν
836 2887 962 2914 ἐπιτίθε-

1012 1608 1076 1635 dum
1091 1608 1179 1636 idonei
1199 1608 1303 1641 simus,
1327 1608 1372 1643 qui
1396 1615 1446 1643 pro
1460 1607 1508 1635 Dei
1526 1606 1617 1634 liberis
1634 1605 1792 1634 habeamur.

1012 1654 1072 1688 ejus
1086 1653 1196 1689 quidem
1219 1653 1346 1689 imaginis
1367 1661 1478 1680 sensum
1496 1659 1603 1679 omnem
1626 1650 1792 1686 superantis,

1012 1698 1104 1732 Verbi,
1127 1699 1259 1734 inquam,
1283 1698 1461 1727 sacratissimi
1476 1706 1536 1726 esse
1564 1705 1722 1733 possumus.
1746 1695 1793 1723 Dci

1011 1745 1084 1772 enim
1111 1745 1200 1780 imago
1229 1743 1347 1772 Verbum
1380 1744 1433 1771 hoc
1459 1743 1680 1778 antiquissimum
1703 1745 1753 1769 est.
1781 1749 1792 1767 ›

1013 1788 1082 1818 Tum
1097 1791 1148 1818 ista
1161 1791 1317 1826 subjungit:
1337 1799 1347 1816 ι
1365 1789 1435 1822 Quin
1450 1790 1531 1817 etiam
1549 1789 1582 1816 ab
1601 1788 1677 1816 socio
1692 1787 1795 1824 Moysis

1013 1837 1105 1872 aliquo
1125 1836 1262 1873 ejusmodi
1279 1836 1484 1871 pronuntiatum
1506 1842 1566 1862 esse
1581 1834 1723 1862 oraculum
1742 1841 1792 1860 au-

1004 1884 1129 1912 divimus
1149 1893 1157 1912 :
1184 1883 1254 1911 Eccc
1266 1883 1359 1914 homo,
1376 1882 1419 1910 cui
1436 1888 1535 1909 nomen
1553 1879 1648 1908 Oriens
1678 1879 1713 1907 ⁸⁵.
1742 1878 1795 1906 Νο-

1013 1938 1076 1957 vum
1093 1929 1214 1965 profecto
1231 1936 1342 1961 nomen,
1367 1928 1391 1956 si
1411 1927 1529 1962 aliquem
1547 1934 1580 1954 ex
1595 1933 1710 1961 corpore
1733 1925 1794 1953 aui-

1013 1982 1113 2010 moque
1134 1973 1283 2002 conflatum
1309 1972 1453 2008 intelligas.
1481 1971 1529 2000 Sin
1555 1976 1645 2000 autem
1667 1971 1795 2005 incorpo-

1014 2028 1089 2048 reum
1106 2020 1180 2047 illum
1193 2027 1225 2047 ac
1238 2018 1359 2046 divinum
1372 2018 1512 2053 exemplar
1524 2016 1654 2045 ferentem
1667 2015 1796 2050 accipias,

1015 2070 1071 2093 tum
1088 2065 1238 2098 enimvero,
1254 2063 1542 2092 convenientissimum
1560 2063 1612 2090 hoc
1628 2062 1680 2097 ipsi
1701 2061 1796 2089 Orien-

1014 2111 1048 2139 tis
1063 2119 1160 2139 nomen
1182 2110 1339 2145 impositum
1364 2117 1434 2141 esse.
1451 2109 1530 2137 facile
1550 2108 1694 2136 admodum
1711 2107 1797 2135 liben-

1015 2161 1106 2191 terque
1136 2155 1273 2183 fateberis.
1300 2155 1368 2182 Eum
1392 2155 1491 2190 quippe
1514 2153 1613 2181 Filium
1637 2153 1797 2188 antiquissi-

1015 2209 1088 2229 mum
1104 2201 1188 2230 edidit
1202 2201 1322 2229 universi
1337 2200 1451 2233 Parens.
1466 2207 1546 2236 quem
1564 2199 1645 2227 etiam
1662 2199 1726 2227 alibi
1741 2198 1798 2225 Pri-

1015 2248 1180 2282 mogenitum
1204 2249 1359 2283 appellavit.
1383 2246 1408 2275 is
1431 2253 1522 2275 autem
1540 2254 1573 2274 ex
1595 2245 1651 2273 Deo
1672 2245 1797 2283 genitus,

1015 2292 1095 2329 53E.
1121 2293 1147 2320 in
1173 2282 1318 2328 archetypa
1340 2293 1413 2320 illius
1437 2291 1603 2326 exemplaria
1628 2282 1798 2325 respiciendo

1015 2339 1150 2366 formavit.
1170 2349 1179 2364 ι
1198 2338 1334 2366 Hactenus
1348 2346 1380 2366 ex
1403 2338 1450 2366 illo
1472 2337 1578 2365 llcbrmi
1593 2336 1716 2364 Philonis
1731 2344 1798 2370 ope.-

1016 2391 1043 2411 re
1053 2404 1061 2416 ,
1076 2384 1155 2418 cujus
1169 2383 1213 2410 hic
1231 2383 1326 2410 titulus
1346 2387 1404 2411 est:
1429 2383 1550 2409 Deterius
1565 2380 1717 2416 perfectiori
1732 2387 1797 2408 sem‘

1013 2437 1059 2463 per
1080 2430 1205 2464 infestum
1227 2437 1292 2456 esse.
1311 2427 1410 2455 Verum
1432 2435 1494 2456 cum
1515 2428 1570 2462 jam
1591 2426 1654 2454 alibi
1674 2430 1795 2453 veterum

1019 2476 1193 2503 Hebraeorum
1210 2475 1335 2509 dogmata
1355 2474 1481 2509 pietatem
1496 2473 1709 2508 religionemque
1724 2479 1799 2499 com-

1017 2522 1095 2556 plexa
1111 2520 1279 2555 protulerim,
1291 2524 1347 2547 tum
1360 2527 1425 2547 vero
1436 2526 1497 2555 quae
1509 2518 1659 2546 secundum
1671 2518 1704 2544 ad
1718 2517 1795 2552 prin-

1015 2566 1115 2601 cipium
1132 2566 1277 2601 pertinent,
1294 2565 1345 2593 hoc
1367 2565 1395 2592 in
1407 2563 1572 2599 Evangelicaz
1591 2561 1798 2596 Pra'paralionis

1016 2620 1108 2647 opere,
1126 2612 1193 2639 satis
1206 2612 1255 2639 abs
1272 2619 1314 2638 me
1328 2618 1379 2646 pro
1393 2610 1518 2637 instituto
1533 2609 1642 2644 quidem
1662 2616 1723 2635 meo
1741 2608 1794 2636 dis-

1017 2662 1111 2693 putata
1139 2662 1213 2691 sunt,
1237 2658 1270 2685 ad
1290 2664 1350 2692 quze
1373 2657 1486 2692 proinde
1506 2664 1578 2683 nunc
1599 2656 1638 2682 rei
1661 2655 1800 2683 studiosos

1015 2786 1094 2811 σθαι.
1119 2782 1169 2815 Qui
1196 2782 1261 2808 liber
1287 2781 1434 2808 etiamnum
1462 2784 1569 2812 exstat,
1597 2787 1683 2814 neque
1711 2783 1801 2805 tamen

1021 2820 1090 2846 hanc
1106 2819 1164 2851 ejus
1177 2818 1327 2843 oratiom-m
1342 2819 1528 2851 i-cprmsentat.

1053 2853 1109 2883 (77)
1120 2849 1214 2883 Ἆίντῷ
1227 2852 1316 2885 ags/'1'.
1341 2850 1448 2884 lli-pone
1463 2849 1501 2884 τῷ
1513 2849 1614 2884 κρείττ.

1051 2888 1106 2915 (78)
1131 2888 1180 2914 Ἐν
1202 2886 1240 2917 τῶ
1263 2885 1444 2917 Ἐπιίιενιίθη.
1465 2885 1619 2916 lta,onines.
1634 2891 1682 2912 nec
1696 2888 1802 2910 mutare
