2091 3208
302 207 354 236 899
615 203 749 232 EUSEBII
767 201 1005 230 CESARIENSIS
1025 201 1099 229 OPP.
1115 200 1205 228 PARS
1226 201 1257 229 ll.
1273 217 1307 222 —
1325 201 1572 230 APOLOGETICA.
1863 202 1915 230 900

303 265 346 292 nis
359 261 494 294 adhibuit,
508 259 617 295 perinde
628 264 658 286 ut
672 259 694 286 si
710 259 772 294 quis
787 259 860 286 hunc
877 258 904 285 in
921 258 1030 286 modum
1046 258 1084 285 lo-
1100 262 1122 290 Α

1100 262 1122 290 Α
1139 259 1331 294 προειληφότες
1351 259 1480 295 Ἐϐραίων
1501 261 1525 286 οἱ
1549 260 1638 294 σοφοὶ,
1656 261 1788 288 δέδεικται
1805 261 1850 288 διὰ
1865 261 1915 287 τῶν

303 313 441 344 queretur.
468 306 554 339 Quam
567 312 617 331 vos
632 308 750 330 mentem
765 303 889 331 homines
904 311 964 330 esse
977 303 1088 337 conjici-

1139 304 1343 339 ἐκτεθειμένων.
1357 305 1475 336 Εἰκότως
1484 305 1552 340 δῆτα
1567 306 1613 332 καὶ
1631 306 1684 332 τῶν
1695 305 1846 341 φιλοσόφων
1863 306 1916 332 δια-

303 358 356 387 tis.
380 363 411 383 ea
434 354 542 389 quidem
571 352 656 387 prima
683 358 738 378 non
764 354 827 377 est:
847 349 984 385 antiquior
1006 349 1089 376 altera

1139 349 1225 384 φανὴς
1242 349 1360 384 γεγονὼς
1377 351 1506 385 ’Λμέ).ιος,
1520 351 1568 386 τῆς
1581 349 1723 383 Πλάτωνος
1733 351 1780 378 καὶ
1793 351 1884 383 αὐτὸς,
1895 352 1915 377 εἰ

304 401 426 437 quaedam
451 403 493 427 est
518 403 599 433 atque
625 397 752 424 divinior.
771 406 780 422 ι
812 395 931 430 Itemque
952 395 1091 422 nonnullis

1139 395 1186 422 καί
1198 404 1238 427 τις
1252 396 1339 427 ἄλλος,
1355 396 1477 432 ζηλωτὴς
1500 397 1666 432 φιλοσοφίας,
1684 397 1754 432 πλὴν
1768 397 1835 424 ἀλλὰ
1856 397 1917 433 βάρ-

304 446 481 482 interpositis,
502 454 512 470 ι
530 443 629 479 Utique
655 443 733 470 navis
758 443 933 477 gubernator,
948 441 1037 468 medio
1047 441 1089 476 ja-

1140 441 1222 477 6αρον
1243 442 1378 476 ὀνομάσας
1400 442 1444 469 τὸν
1462 443 1592 478 Ἐϐραίων
1605 443 1659 478 (26)
1683 443 1815 476 θεολόγον,
1834 443 1858 469 εἰ
1875 443 1917 469 καὶ

304 499 391 521 ctatus
403 492 482 524 mari,
497 491 574 518 clavo
588 489 696 525 quidem
711 489 835 517 sublimis
850 488 982 518 insidens,
999 487 1088 513 navim

1144 487 1180 522 μὴ
1197 487 1239 513 ἐπ’
1253 488 1383 522 ὀνόματος
1397 488 1496 522 ἠξίωσε
1513 488 1558 514 τοῦ
1582 488 1773 522 εὐαγγελιστοῦ
1798 489 1917 515 Ἰωάννου

304 538 493 574 gubernaculis
505 536 573 571 regit
589 544 597 563 :
614 540 640 563 at
651 535 745 562 oculos
761 534 841 562 simul
864 537 945 567 atque
961 537 1089 564 tuentem,

1144 534 1252 569 μνήμην
1272 534 1451 568 ποιήσασθαι,
1468 536 1647 570 ἐπιμαρτυρεί
1666 535 1688 562 δ’
1701 534 1747 562 οὖν
1770 536 1845 570 ὅμως
1863 535 1918 566 ταῖς

305 589 377 610 recta
391 590 526 609 summum
543 581 570 608 in
592 581 690 608 omium
715 579 845 606 intentam
867 578 1038 611 delixamque
1051 581 1091 603 te-

1143 578 1224 604 αὺτοῦ
1248 579 1369 612 φωναῖς,
1397 579 1466 606 αὐτὰ
1491 579 1522 615 δὴ
1553 579 1637 606 ταῦτα
1663 580 1730 615 πρὸς
1753 580 1827 615 ῥῆμα
1852 578 1918 614 γρί-

306 635 367 663 net,
384 637 487 664 suaque
504 627 689 659 homini,dum
703 626 816 654 inferius
830 632 904 652 mare
922 625 1032 659 trajicit,
1049 624 1091 650 via
1145 633 1211 658 (ρων.

305 676 432 712 superius
444 682 491 709 per
512 674 610 701 coelum
643 672 795 699 conﬁcitur.
822 671 860 698 lta
894 676 987 697 noster
1002 670 1046 696 hic
1060 669 1167 701 artifex,
1185 678 1218 696 ne
1248 675 1295 697 aut
1324 671 1464 698 materiam
1486 671 1544 706 ipse
1566 671 1692 706 disjiciat,
1715 676 1763 698 aut
1777 671 1921 706 dissipetur

307 732 364 760 .psa
391 731 439 758 per
461 730 537 754 sese,
551 729 610 748 eam
643 721 688 747 ubi
722 719 918 754 temperatione
939 718 1093 752 colligavit,
1107 717 1192 744 eidem
1203 737 1210 749 ,
1226 718 1336 752 perinde
1365 723 1394 746 ut
1415 719 1441 745 in
1457 719 1524 746 mari
1539 727 1652 746 summae
1667 719 1744 751 nari,
1761 719 1801 746 sic
1814 718 1920 750 insidet,

307 775 336 797 ut
362 771 434 797 illam
456 769 540 804 ipsius
567 768 787 802 temperationcm
822 766 889 793 ideis
923 766 1097 800 quibusdam.
1122 766 1198 800 quasi
1223 766 1423 801 gubernaculis,
1446 767 1600 794 moderetur
1624 775 1630 792 :
1665 766 1779 798 malique
1803 766 1864 792 loco
1877 774 1922 793 su-

307 818 440 852 periorctn
457 817 483 843 in
508 816 603 848 Deum,
633 823 697 842 suos
723 814 809 849 ipsius
829 814 924 840 oculos
954 814 981 839 in
1010 820 1069 840 sese
1097 818 1295 840 convertentem
1321 814 1452 846 intuitus,
1477 821 1509 841 ex
1532 813 1757 848 contemplatione
1785 813 1922 848 iudicandi

306 865 372 897 vim,
390 869 419 891 ut
433 871 466 890 ex
482 867 577 897 suopte
592 862 726 889 desiderio
756 861 962 895 propensionem
983 864 1008 887 et
1039 861 1168 895 impetum
1195 861 1319 895 accipiat.
1338 871 1346 886 I
1364 860 1469 894 Quibus
1493 869 1559 888 sane
1578 861 1732 896 philosophi
1746 861 1835 888 verbis
1846 860 1923 888 afﬁne

307 911 372 938 illud
404 915 445 937 cst
471 909 621 936 Servatoris
655 909 740 935 nostri
754 908 786 939 “,
807 917 815 933 ι
838 907 921 939 Nihil,
946 907 1044 942 inquit,
1067 913 1155 943 potest
1184 908 1268 935 Filius
1298 908 1386 936 facere
1404 916 1417 935 a
1442 909 1604 944 semetipso,
1625 909 1676 936 nisi
1696 908 1794 936 viderit
1815 908 1922 935 Patrem

308 956 460 985 facientem.
481 966 490 982 ι
517 955 615 982 Verum
628 963 661 982 ex
676 954 810 981 Numenio
836 954 944 989 quidem
973 955 1025 982 hac
1036 955 1069 982 de
1099 963 1128 982 re
1147 956 1228 983 modo
1241 956 1317 983 satis.
1335 954 1414 991 540
1429 954 1487 988 Qua
1504 955 1611 990 quidem
1626 956 1764 988 oratione,
1784 962 1812 982 ut
1834 954 1922 982 Plato-

310 1002 352 1030 nis
378 1009 450 1032 vero,
474 1009 527 1028 non
552 1008 628 1028 suam
646 1000 680 1026 ab
694 1007 727 1026 eo
743 1000 935 1034 propriamque
949 999 1099 1027 doctrinam
1119 1001 1247 1035 explicari
1263 1001 1352 1035 quivis
1366 1000 1506 1035 intelligat,
1529 1008 1639 1028 necesse
1664 1001 1731 1027 nihil
1756 1005 1799 1028 est
1819 1001 1875 1028 hree
1890 1000 1923 1027 ad

307 1050 367 1084 ejus
379 1050 458 1076 verba
473 1049 622 1084 quidquam
643 1048 798 1082 adjungere.
815 1047 838 1074 Α
853 1047 964 1074 Platone
988 1055 1053 1075 vero
1075 1056 1129 1075 non
1150 1049 1201 1076 hoc
1221 1048 1337 1083 primum
1361 1048 1490 1076 doctrinae
1511 1056 1596 1083 genus
1611 1049 1756 1081 traditum,
1773 1049 1818 1076 sed
1841 1049 1874 1075 ab
1891 1048 1923 1075 iis

308 1097 354 1131 qni
369 1096 438 1131 apud
455 1095 582 1122 Hebraeos
607 1095 739 1129 sapientia
755 1094 925 1127 eminebant,
942 1098 1103 1129 occupatum
1124 1094 1225 1127 fuisse,
1251 1094 1400 1121 manifestis
1419 1094 1472 1121 iam
1493 1095 1657 1129 argumentis
1685 1095 1825 1121 evicimus.
1852 1094 1922 1127 Quin

308 1141 534 1171 etiamAmelius,
567 1141 730 1168 recentiores
761 1140 831 1167 inter
851 1140 1027 1175 philosophos
1053 1141 1235 1172 clarissimus,
1262 1140 1386 1175 idemque
1402 1139 1546 1169 Platonica:
1560 1140 1736 1175 philosophia:
1755 1140 1924 1168 studiosissi-

310 1197 390 1222 mus,
408 1189 430 1215 si
451 1188 596 1223 quisquam
610 1187 690 1219 alius,
715 1187 874 1219 aemulator,
891 1187 1007 1221 ingenue
1023 1192 1095 1214 certe
1113 1187 1234 1222 quidem,
1253 1187 1304 1214 nisi
1330 1188 1402 1222 quod
1426 1185 1566 1214 Hebreum
1592 1187 1651 1221 ipse
1662 1185 1812 1221 theologum
1827 1185 1924 1212 barba-

309 1243 370 1263 rum
387 1235 514 1269 appellat,
531 1233 682 1262 utJoannis
706 1234 877 1269 evangelista:
906 1242 1002 1261 nomen
1035 1242 1134 1269 ponere
1153 1235 1286 1267 noluerit,
1311 1234 1369 1268 ejus
1393 1237 1482 1262 tamen
1505 1235 1653 1261 orationetu
1678 1234 1736 1261 suis
1752 1234 1810 1269 ipse
1836 1233 1925 1260 verbis

310 1282 522 1316 testimonioque
549 1281 711 1311 conﬁrmat,
736 1280 800 1306 dum
830 1280 902 1308 hunc
927 1281 952 1307 in
983 1281 1094 1308 modum
1113 1280 1216 1307 scribit.

600 1327 713 1356 CAPUT
737 1327 807 1354 XIX.

314 1385 351 1412 De
375 1385 487 1412 Joannis
514 1383 584 1419 apud
617 1391 663 1409 nos
689 1382 854 1419 evangelium
887 1381 1038 1415 theologia,
1064 1388 1096 1406 ex

648 1417 757 1444 Amelia.

350 1466 452 1501 «Atque
470 1466 521 1492 hoc
536 1465 615 1500 plane
627 1463 746 1491 Verbum
759 1467 827 1494 erat,
843 1462 941 1497 inquit,
955 1469 1003 1496 per
1012 1461 1096 1496 quod,

314 1513 506 1547 sempiternum
531 1518 592 1538 cum
608 1515 697 1542 esset,
714 1509 883 1537 cxsistelrant
905 1507 1010 1539 omnia,
1038 1514 1098 1541 qua:

313 1559 423 1592 ﬁebant,
437 1557 663 1593 quemadmodum
674 1555 825 1583 Heraclitus
839 1555 995 1590 loqueretur
1007 1562 1014 1580 :
1026 1553 1097 1588 quod

314 1605 403 1640 ipsum
417 1602 540 1630 videlicet
558 1602 691 1629 barbarus
716 1602 797 1628 etiam
814 1601 869 1632 ille,
885 1600 954 1634 apud
973 1599 1055 1627 Deum
1071 1599 1097 1625 in

315 1650 439 1685 principii
465 1649 550 1684 gradu
572 1655 604 1674 ac
626 1647 758 1680 dignitate
782 1646 972 1678 constitutum,
999 1645 1053 1671 imo
1072 1649 1099 1671 et

316 1694 400 1722 Deum
423 1693 505 1720 simul
525 1700 586 1719 esse
601 1691 760 1727 pronuntiat
774 1699 781 1718 :
799 1698 845 1726 per
858 1691 930 1726 quod
944 1690 1014 1718 facta
1035 1691 1099 1717 sim-

316 1739 423 1774 pliciter
437 1738 529 1765 omnia
545 1738 609 1769 sint,
629 1737 655 1763 in
669 1744 724 1771 quo
741 1736 873 1770 quidquid
889 1735 988 1763 factum
1000 1739 1052 1768 est,
1073 1739 1100 1762 et

316 1785 420 1817 vivens,
435 1788 461 1810 et
482 1783 547 1815 vita,
561 1788 587 1809 et
600 1781 700 1816 aliquid
722 1788 770 1816 pro
787 1788 836 1808 sua
862 1780 989 1816 quodque
1003 1783 1099 1806 natura

317 1830 399 1857 fuerit
413 1839 420 1857 :
434 1829 503 1856 idem
517 1835 598 1863 porro
612 1827 638 1854 in
651 1834 763 1862 corpora
779 1826 866 1853 delabi
877 1826 969 1859 tradit,
977 1830 1004 1852 et
1019 1833 1101 1853 carne

318 1876 461 1908 indutum,
479 1874 626 1901 humanam
652 1872 768 1907 speciem
786 1879 841 1906 prze
854 1879 883 1898 se
899 1871 984 1902 ferre,
1006 1871 1045 1898 sic
1059 1876 1100 1897 ta-

317 1929 379 1949 men
393 1925 423 1948 ut
440 1928 497 1948 suae
520 1920 621 1946 interea
647 1923 750 1945 natura:
771 1918 940 1952 maiestatem
955 1917 1078 1945 ostendat
1093 1936 1100 1948 ,

318 1968 440 2002 adeoque
461 1967 579 1994 solutum
596 1966 642 1993 ubi
663 1965 717 1999 jam
739 1964 835 1997 fuerit,
851 1964 897 1991 Dei
912 1965 1000 1991 locum
1014 1964 1101 1991 denuo

318 2020 471 2048 capessere,
485 2020 516 2039 ac
529 2011 612 2038 Deum
626 2017 738 2046 prorsus
752 2011 877 2038 eumdem
885 2017 955 2044 esse,
971 2010 1017 2045 qui
1032 2015 1100 2043 erat,
1115 1998 1135 2026 ε

320 2059 478 2094 priusquam
492 2058 518 2084 in
532 2065 632 2091 corpus
647 2060 729 2091 atque
745 2056 772 2082 in
787 2063 894 2083 carnem
911 2055 1100 2089 hominemque

320 2105 504 2133 descenderet.
519 2113 528 2129 ι
548 2102 611 2130 llaec
623 2102 677 2135 ille,
691 2110 751 2136 qua:
762 2101 883 2136 profecto
898 2109 951 2128 non
965 2101 1021 2136 jam
1037 2100 1100 2128 sub-

320 2151 437 2179 obscure
456 2149 634 2182 adumbrata,
665 2147 710 2174 scd
735 2148 840 2182 palam,
863 2147 1006 2182 nudaque,
1029 2146 1100 2180 quod

320 2196 413 2228 aiunt,
437 2195 544 2228 fronte,
567 2201 601 2222 ex
624 2193 668 2221 illa
693 2193 800 2220 barbari
827 2193 946 2220 hominis
967 2191 1099 2226 theologia

322 2242 453 2270 translata
467 2249 527 2268 esse
540 2247 620 2268 nemo
632 2248 686 2267 non
701 2239 784 2266 videt.
800 2238 935 2266 Barbarus
945 2241 1034 2265 autem
1046 2237 1100 2270 ille,

321 2296 403 2324 quem
413 2293 500 2321 vocat,
516 2287 610 2322 ecquis
625 2294 706 2322 porro
726 2285 787 2317 fuit,
800 2286 853 2313 nisi
870 2284 988 2312 Joannes
1004 2283 1101 2310 Serva-

323 2337 390 2364 toris
411 2334 496 2362 nostri
519 2332 694 2368 evangelista,
715 2332 760 2366 qui
783 2330 910 2358 Hebraeus
932 2337 966 2357 ex
983 2328 1102 2357 Hebreis

322 2381 402 2408 erat?
415 2380 499 2413 Cujus
515 2381 571 2406 haec
583 2382 625 2406 cst
640 2378 699 2412 ipso
714 2377 803 2404 statim
819 2375 955 2411 Evangelii
969 2375 1010 2403 sui
1022 2383 1102 2402 exor-

323 2426 367 2452 dio
379 2424 513 2459 theologia
529 2433 536 2450 :
555 2432 564 2448 t
582 2424 609 2449 In
625 2422 756 2457 principio
773 2425 831 2448 erat
846 2420 980 2452 Verbum,
996 2425 1022 2448 et
1035 2419 1102 2447 V'er-

324 2471 387 2497 bum
402 2474 460 2497 erat
479 2469 549 2504 apud
571 2467 667 2500 Deum,
681 2471 708 2494 et
729 2466 798 2495 Deus
820 2471 880 2494 erat
894 2467 1022 2494 Verbum.
1047 2465 1103 2493 Hoc

359 2526 380 2540 "
399 2524 477 2552 Joan.
495 2533 522 2558 v,
542 2524 584 2552 19.

362 2592 418 2632 (26)
442 2592 590 2626 Ἐϐραίων.
605 2591 716 2618 Rectius
735 2591 868 2626 Ἐϐραῖον,
881 2597 942 2617 cum
958 2589 1036 2617 alter.
1051 2597 1105 2616 ma-

328 2632 475 2661 nuscrtpto.

1406 1327 1602 1353 ΚΕΦΛΛΛΙΟΝ
1621 1326 1671 1353 ιθι.

1153 1384 1287 1418 Ἀμελίου
1312 1383 1366 1419 ('27)
1385 1384 1448 1418 περὶ
1470 1383 1523 1416 τῆς
1538 1383 1680 1419 νἸωάιη-ου
1703 1384 1756 1411 τοῦ
1775 1385 1841 1418 :wp‘
1855 1383 1926 1419 ῄαῖν

1337 1418 1550 1454 εὐαγγελιστοῦ
1569 1419 1732 1452 θεολογίας.

1186 1475 1194 1490 ε
1209 1465 1263 1491 Καὶ
1278 1463 1353 1496 οὗτος
1368 1465 1420 1500 ἄρα
1433 1463 1467 1500 ἦν
1483 1465 1497 1490 ὁ
1511 1464 1605 1498 Λόγος,
1621 1464 1680 1491 καθ’
1692 1465 1721 1491 ὃν
1741 1465 1795 1491 αἰεὶ
1814 1465 1878 1492 ὄντα
1892 1464 1927 1492 τὰ

1147 1511 1276 1546 γινόμενα
1306 1511 1426 1545 ἐγίνετο,
1450 1511 1487 1542 ὠς
1510 1510 1543 1536 ἂν
1570 1511 1617 1536 καὶ
1644 1511 1817 1546 Ἡράκλειτος
1846 1510 1927 1544 ἀξιώ-

1150 1565 1205 1583 σειε
1219 1556 1285 1591 (28),
1301 1556 1348 1583 καὶ
1364 1557 1396 1592 νὴ
1418 1557 1458 1582 Δι’
1471 1556 1499 1583 ὃν
1514 1558 1528 1584 ὁ
1545 1556 1680 1593 βάρϐαρος
1691 1557 1761 1589 ἀξιοῖ
1778 1557 1807 1583 ἐν
1820 1558 1853 1592 τῇ
1877 1557 1926 1591 τῆς

1149 1602 1234 1637 ἀρχῆς
1250 1602 1322 1634 τάξει
1337 1611 1366 1628 τε
1386 1602 1432 1628 καὶ
1445 1602 1507 1638 ἀξίᾳ
1517 1602 1572 1638 (29)
1584 1602 1768 1638 καθεστηκότα
1783 1602 1851 1637 πρὸς
1861 1602 1926 1628 Θεὸν

1149 1646 1226 1679 εἶναι,
1239 1649 1285 1675 καὶ
1297 1648 1361 1674 Θεὸν
1373 1646 1454 1674 εἶναι’
1466 1648 1499 1674 δι’
1511 1645 1541 1675 οὗ
1555 1648 1631 1675 πάνθ’
1644 1648 1735 1679 ἁπλῶς
1746 1646 1925 1682 γεγενῆσθαι·

1149 1695 1178 1720 ὲν
1190 1690 1211 1727 ᾧ
1222 1693 1251 1718 τὸ
1264 1693 1407 1728 γενόμενον
1424 1693 1487 1724 ζῶν,
1498 1692 1543 1719 καὶ
1555 1692 1636 1728 ζωὴν,
1655 1693 1700 1719 καὶ
1713 1693 1745 1719 ὃν
1764 1692 1925 1726 πεφυκέναι·

1150 1740 1196 1765 καὶ
1211 1740 1249 1770 εἰς
1262 1739 1296 1765 τὰ
1314 1738 1426 1773 σώματα
1440 1738 1558 1770 πίπτειν,
1571 1739 1616 1764 καὶ
1632 1738 1719 1773 σάρκα
1740 1738 1926 1772 ὲνδυσάμενον,

1150 1784 1329 1820 φαντάζεσῦαι
1342 1784 1494 1819 ἄνθρωπον,
1507 1784 1575 1819 μετὰ
1592 1785 1638 1810 καὶ
1649 1783 1695 1810 τοῦ
1710 1783 1858 1819 τηνικαῦτα
1877 1783 1929 1809 δει-

1151 1830 1240 1856 κνύειν
1253 1829 1301 1864 τῆς
1326 1829 1432 1863 φύσεως
1450 1828 1480 1855 τὸ
1504 1828 1660 1864 μεγαλεῖον·
1680 1828 1775 1863 ἀμέλει
1794 1828 1841 1854 καὶ
1859 1828 1928 1854 ἁνα-

1150 1876 1262 1902 λυθέντα
1276 1875 1355 1902 πάλιν
1373 1874 1562 1904 ἀποθεοῦσθαι,
1581 1875 1628 1901 καὶ
1645 1874 1711 1900 Θεὸν
1728 1872 1807 1906 εἶναι,
1824 1872 1879 1906 οἷος
1895 1871 1929 1909 ἦν

1152 1920 1203 1956 πρὸ
1217 1920 1262 1946 τοῦ
1273 1921 1313 1952 εἰς
1327 1920 1358 1946 τὸ
1372 1921 1460 1955 σῶμα,
1477 1921 1523 1947 καὶ
1538 1920 1584 1954 τὴν
1599 1920 1696 1955 σάρκα,
1711 1920 1758 1946 καὶ
1770 1919 1814 1946 τὸν
1826 1920 1930 1955 ἄνθρω-

1153 1974 1202 1991 πον
1217 1965 1382 1999 καταχθῆναι
1401 1964 1567 2000 (50),›Ταῦτ’
1586 1965 1673 1991 οὐκέτ’
1698 1965 1928 2000 ἐπεσκιασμένως,

1152 2011 1208 2038 ἀλλ’
1235 2012 1361 2047 ἄντικρυς
1378 2011 1427 2047 ήδη
1449 2012 1538 2047 γυμνῇ
1565 2012 1598 2046 τῇ
1625 2011 1728 2047 κεφαλῇ
1754 2019 1928 2046 μεταπεφρ-α-

1153 2057 1240 2092 σμένα
1252 2058 1283 2084 ὲκ
1296 2058 1344 2093 τῆς
1354 2057 1490 2092 βαρϐάρου
1503 2056 1639 2091 Θεολογιας
1649 2056 1715 2092 δῆλα
1727 2056 1760 2083 ἂν
1768 2057 1820 2091 εἴη.
1837 2065 1846 2081 ι
1858 2056 1886 2082 '0
1902 2055 1929 2082 δέ

1151 2112 1183 2138 γε
1195 2103 1330 2140 βάρδαρος
1348 2104 1389 2135 τίς
1403 2101 1437 2138 ἦν
1456 2103 1539 2138 αὐτῷ,
1555 2104 1578 2129 εὶ
1591 2103 1627 2138 μὴ
1645 2102 1690 2129 τοῦ
1713 2102 1839 2138 Σωτῆρος
1852 2102 1929 2136 ἡμῶν

1151 2149 1343 2185 εὐαγγελιστὴς
1367 2149 1509 2184 Ἰωάννης,
1532 2148 1654 2184 Ἐϐραῖος
1669 2148 1706 2174 ὢν
1725 2147 1754 2180 ἐξ
1781 2148 1929 2183 Ἐὃραιων;

1151 2196 1179 2226 ὃς
1195 2204 1245 2222 που
1262 2195 1412 2231 ἀρχόμενος
1430 2194 1480 2229 τῆς
1496 2194 1598 2226 οἰκείας
1613 2195 1730 2229 γραφῆς,
1745 2190 1797 2220 ὦδέ
1818 2201 1856 2228 πη
1870 2193 1928 2219 Osco

1151 2242 1238 2276 λογεῖ·
1254 2251 1263 2266 r
1281 2242 1325 2268 Ἑν
1340 2242 1409 2277 ἀρχῇ
1421 2239 1454 2277 ἦν
1469 2242 1483 2268 ὁ
1501 2241 1602 2275 Λόγος·
1618 2241 1665 2267 καὶ
1678 2241 1692 2267 ὁ
1710 2240 1795 2274 Λόγος
1814 2237 1848 2275 ἦν
1863 2239 1930 2275 πρὸς

1151 2288 1196 2314 τὸν
1213 2287 1293 2313 Θεόν·
1306 2287 1353 2313 καὶ
1373 2287 1438 2318 Θεὸς
1460 2284 1494 2322 ἦν
1513 2287 1527 2313 ὁ
1547 2286 1640 2320 Λόγος.
1656 2282 1739 2317 Οὗτος
1753 2283 1786 2320 ἦν
1810 2286 1838 2310 ἐν
1861 2285 1928 2319 ἀρχῇ

1153 2334 1220 2369 πρὸς
1231 2334 1274 2360 τὸν
1282 2333 1392 2367 Θεόν(51
1399 2334 1418 2366 ).
1427 2333 1518 2359 Πάντα
1526 2332 1559 2358 δι’
1569 2331 1650 2359 αὑτοῦ
1664 2331 1779 2366 ἐγένετο,
1791 2331 1838 2357 καὶ
1847 2331 1930 2365 χωρὶς

1153 2379 1234 2406 αὺτοῦ
1253 2379 1359 2413 ἐγένετο
1376 2379 1435 2405 οὐδὲ
1449 2379 1488 2412 ἓν,
1502 2378 1516 2404 ὁ
1531 2378 1657 2412 γέγονεν·
1682 2379 1710 2404 ὲν
1724 2377 1797 2412 αὐτῷ
1812 2376 1867 2411 ζωὴ
1886 2374 1928 2411 ἦν,

1152 2427 1199 2452 καὶ
1216 2427 1232 2460 ἠ
1251 2425 1308 2461 ζωὴ
1327 2423 1360 2460 ἦν
1373 2425 1403 2451 τὸ
1418 2424 1474 2459 φῶς
1498 2424 1550 2450 τῶν
1570 2423 1719 2459 ἀνθρώπων
1753 2423 1808 2450 Καὶ
1819 2424 1832 2449 ὁ
1847 2423 1930 2456 Λόγος

1154 2471 1222 2508 σὰρξ
1235 2471 1354 2506 ἐγένετο,
1373 2470 1418 2497 καὶ
1439 2471 1592 2506 ἐσκήνωσεν
1614 2471 1642 2496 ὲν
1660 2471 1735 2505 ἡμῖν.
1748 2470 1802 2496 Καὶ
1817 2469 1929 2496 ἐθεασά-

1155 2601 1246 2663 εΝᾶζ)
1267 2627 1320 2654 Καὶ
1328 2627 1414 2663 ρξίςι.
1433 2627 1472 2654 Ita
1487 2628 1657 2662 reposuimus
1678 2636 1710 2656 ex
1732 2628 1928 2662 manuscripto,

364 2659 581 2699 t27)"Ape.ll_oy.
597 2660 859 2699 Adi‘Tlieodoretum
875 2660 924 2699 lib._
938 2667 957 2699 tt
970 2659 1101 2699 Degra’f.
1119 2671 1140 2699 ι)
1155 2659 1200 2699 cui
1212 2659 1314 2690 similes
1327 2659 1549 2699 Theodoretus'et
1565 2663 1693 2699 Cyrillus,
1709 2671 1771 2690 cum
1788 2659 1927 2698 perperam

329 2694 428 2730 aﬂ‘éctL.
452 2694 512 2730 pag.
531 2696 580 2727 55,
606 2701 633 2722 et
652 2695 782 2730 Cyrillum
807 2695 981 2721 Alexandri".
1002 2694 1048 2721 lib.
1075 2695 1101 2721 in

328 2731 467 2758 lulianum
483 2738 540 2761 vui,
555 2730 601 2757 fol.
616 2731 676 2762 1⁵17,

330 2766 376 2800 qui
396 2766 475 2792 ambo
490 2765 577 2791 locutu
593 2766 663 2792 hunc
677 2765 773 2792 Amelii
796 2764 946 2799 proferunt,
962 2764 1014 2791 nisi
1030 2764 1102 2798 quod

330 2801 446 2836 Cyrillus
460 2807 522 2836 eum
543 2807 574 2825 ex
599 2800 746 2836 Porphyrio
762 2801 851 2834 potius
864 2819 878 2836 ,γ
896 2800 949 2836 sed,
968 2799 1102 2836 Amelium

332 2834 411 2898 ilium
427 2835 568 2867 laudante,
588 2842 668 2867 quam
684 2834 717 2863 ex
733 2836 848 2870 ipsemet
867 2835 984 2867 Amelio,
999 2834 1104 2861 videtur

353 2877 465 2897 ausisse.

353 2877 465 2897 ausrsse.

369 2905 423 2940 (28)
449 2903 604 2936 Ἀξιώσειε.
629 2903 693 2932 Post
713 2903 868 2937 ἀξιώσειεν,
891 2904 966 2932 addit
987 2903 1103 2941 Cyrillus

691 2738 716 2765 p.
733 2731 745 2756 l
772 2730 833 2757 cod.
852 2730 941 2765 VGrmci
963 2737 1110 2765 manusct'.,

1155 2698 1255 2725 editum
1267 2703 1339 2724 esset
1351 2697 1457 2729 ἀταξία.

1189 2732 1244 2768 (50)
1259 2732 1457 2768 Καταχθνῆναι.
1469 2731 1560 2768 Cyrill.
1576 2732 1778 2768 κατενεχθῆναι.

1189 2741 1244 2768 (ὒυ)
1259 2741 1457 2766 ηαταχυηναι.
1469 2741 1560 2766 bynu.
1576 2741 1670 2759 κατενε
1690 2741 1778 2767 υηναι.

1152 2802 1158 2808 η
1186 2767 1242 2807 (51)
1259 2767 1336 2808 (lpos:
1350 2767 1404 2807 cor
1417 2768 1499 2808 Θεώς.
1523 2767 1655 2795 Hactenus
1723 2767 1836 2794 Joannis
1850 2768 1928 2808 verba

1152 2802 1178 2828 in
1196 2802 1279 2836 priori
1295 2802 1411 2829 editione
1427 2802 1580 2829 citabantur
1595 2811 1602 2828 :
1621 2810 1670 2830 nos
1686 2807 1788 2834 tamen,
1805 2803 1877 2836 quod
1894 2804 1928 2829 ita

1151 2837 1239 2899 lqﬁju‘si.
1253 2837 1360 2871 exigere
1382 2837 1535 2869 videretur,
1560 2837 1663 2872 reliqua
1687 2845 1720 2865 ex
1744 2838 1928 2872 manuscripto

1152 2879 1167 2899 a
1206 2880 1211 2897 I
1234 2879 1314 2899 imus.

1152 2879 1314 2899 audiuimus.
