2091 3208
176 193 227 221 901
627 203 641 216 ι

740 190 900 219 ΙἮᾸΞΡΑΒ.
923 189 1046 217 EVANG.
1069 189 1132 218 ΗΒ.
1154 190 1198 217 XI.

1741 194 1793 221 903

177 250 249 287 μεοα
264 249 313 285 τὴν
335 249 412 281 δόξαν
429 248 519 281 αὑτοῦ,
542 248 618 281 δόξαν
632 248 670 279 ὡς
692 248 858 282 Μονογενοῦς
884 248 958 284 παρὰ
972 253 993 278 Α

1008 253 1066 275 erat
1091 249 1119 275 in
1144 249 1276 283 principio
1303 250 1371 284 apud
1389 249 1484 278 Deum.
1518 250 1614 277 Omnia
1636 258 1683 285 per
1705 251 1793 285 ipsum

175 297 291 330 Πατρός.
308 306 317 321 ›
330 295 382 321 Τοῦ
393 295 416 321 δ’
427 295 507 321 αὐτοῦ
518 295 580 330 πὲρι
595 295 642 321 καὶ
652 293 858 329 ἄλλοςἘϐραίος
869 293 957 320 θεολό-

175 350 224 376 γος
235 341 384 368 ἐπάκουσον
393 338 436 366 οἷα
445 339 568 372 διέξεισιν
576 348 582 354 ·
600 349 609 365 ι
624 340 672 371 Ὃς
680 340 737 365 ἐστι
747 338 827 365 εἰκὼν
835 338 880 364 τοῦ
890 338 956 364 Θεοῦ

175 386 222 413 τοῦ
237 385 351 421 ἀοράτου
361 406 368 417 ,
383 384 556 420 Πρωτότοκος
569 383 657 419 πάσης
674 383 723 418 τῆς
736 383 861 414 κτίσεως,
873 383 913 408 ὅτι
928 383 956 410 ἐν

174 431 251 466 αὐτῷ
267 431 378 466 ἐκτίσθη
403 431 489 457 πάντα
505 430 539 456 τὰ
555 431 584 457 ἐν
599 432 654 462 τοῖς
671 431 795 465 οὐρανοῖς
811 430 857 456 καὶ
869 430 902 456 τὰ
912 430 957 456 ἐπὶ

175 477 225 511 τῆς
240 477 299 511 γῆς’
310 477 354 503 καὶ
366 476 452 503 πάντα
464 476 496 502 δι’
510 475 591 502 αὑτοῦ
605 475 761 511 συνέστηκε,
771 475 859 502 καὶτὰ
871 476 958 502 πάντα

174 523 204 548 ὲν
218 521 291 557 αὺτῷ
305 521 425 557 ἐκτίσθη,
438 521 471 548 τά
485 530 512 547 τε
528 520 611 556 ὁρατὰ
627 521 673 547 καὶ
686 521 720 547 τὰ
731 521 842 556 ἁάρατα,
857 531 866 547 ι
883 521 961 548 Ἀλλὰ

175 568 222 594 καὶ
237 568 270 593 τὰ
283 567 346 602 περὶ
360 567 409 602 τῆς
416 566 462 593 τοῦ
476 566 601 603 δευτέρου
614 567 699 593 αἰτίου
712 566 864 598 συστάσεὼς
875 576 904 593 τε
915 568 962 593 καὶ

173 612 326 644 οὐσιώσεως
337 609 386 639 ὧδε
399 614 456 644 τοῖς
475 611 599 648 Ελλήνων
608 614 698 646 σοφοῖς
709 613 776 649 πρὸς
784 613 817 640 τὰ
830 613 961 648 Ἐϐραίων

175 658 408 694 συμπεφώνηται·
425 658 559 694 μετίωμεν
573 657 640 693 δῆτα
653 658 700 685 καὶ
716 660 757 693 ἐφ’
772 659 874 694 ἕτερον.

1008 293 1078 320 facta
1093 300 1165 325 sunt,
1175 299 1202 320 et
1216 295 1274 320 sine
1289 295 1345 328 ipso
1355 295 1456 321 factum
1469 296 1597 327 estnihil,
1613 297 1684 331 quod
1694 296 1793 323 factum

1007 344 1059 366 est.
1077 338 1106 366 in
1125 339 1183 374 ipso
1197 341 1250 366 vita
1265 345 1332 371 eral,
1344 345 1370 366 et
1384 341 1435 366 vita
1447 346 1504 367 erat
1517 341 1565 367 ‘lux
1583 341 1734 368 hominum.
1763 342 1795 369 Et

1008 384 1125 411 Verbum
1142 393 1205 412 caro
1221 385 1320 412 factum
1332 390 1416 417 est,et
1428 386 1557 413 habitavit
1572 387 1598 412 in
1611 387 1698 414 nobis.
1709 387 1742 413 Et
1755 388 1794 414 vi-

1008 431 1097 457 dimus
1105 430 1218 465 gloriam
1228 431 1296 464 ejus,
1305 431 1416 466 gloriam
1426 432 1502 466 quasi
1512 431 1648 466 Unigeniti
1659 439 1673 458 a
1685 429 1791 459 Patie.»

1012 475 1090 511 54],
1111 476 1162 502 Sed
1182 476 1244 502 audi
1261 477 1324 510 quid
1341 477 1409 503 alius
1424 485 1532 511 quoque
1547 477 1688 512 theologus
1700 477 1733 504 dc
1747 484 1792 504 eo-

1011 522 1082 554 dem,
1108 522 1237 548 Heln-inus
1258 526 1284 548 et
1307 522 1375 556 ipse,
1394 523 1564 557 pronuntiet:
1592 523 1657 555 «Qui
1676 527 1727 554 est,
1748 523 1793 549 in-

1012 568 1081 602 quit.
1112 568 1200 602 imago
1226 567 1271 594 Dei
1302 568 1455 601 invisibilis,
1482 569 1678 604 primogenitus
1704 570 1794 596 omnis

1012 618 1152 645 creaturae,
1169 613 1297 648 quoniam
1317 614 1342 640 in
1361 614 1420 648 ipso
1440 615 1548 642 condita
1570 620 1634 642 sunt
1653 616 1791 645 universa.

1014 659 1040 685 in
1052 658 1127 685 caalis
1141 663 1166 684 et
1181 658 1206 684 in
1222 663 1292 685 terra
1305 668 1310 685 :
1325 663 1351 685 et
1366 660 1457 686 omnia
1476 668 1523 694 per
1542 661 1628 695 ipsum
1645 661 1792 688 constituta

174 711 249 738 sunt,
266 709 292 732 et
307 704 399 732 omnia
421 704 447 731 in
474 704 533 738 ipso
558 709 647 731 creata
665 709 751 738 ,sunt,
776 712 837 732 cum
855 704 982 735 visibilis,
1003 709 1059 730 tum
1079 704 1225 730 invisibilia
1235 705 1270 730 ³⁸.
1289 713 1298 730 ι
1318 704 1355 731 Ac
1370 705 1403 732 dc
1418 705 1528 732 secundi
1544 707 1651 740 quidem
1669 707 1792 742 principii

177 750 359 785 generatione,
389 754 416 776 et
442 749 641 776 communicata
673 757 733 776 cum
761 750 807 777 illo
834 750 951 777 essentia
984 750 1113 776 hactenus
1132 757 1180 780 ea,
1214 750 1239 776 in
1264 750 1362 784 quibus
1389 751 1543 778 (ii-meorum
1572 752 1706 786 sapientes
1730 760 1791 780 cum

176 797 352 826 Hebraeorum
381 795 504 823 doctrina
535 796 719 823 consentiunt.
755 795 814 823 Jam
842 795 875 823 ad
900 797 952 823 alia
973 801 1152 823 transeamus.

438 843 632 870 ΚΕΦΛΛΑΙΟΝ
653 843 694 869 K'.

252 890 321 924 Περὶ
341 889 399 916 τῶν
418 888 504 922 τριῶν
524 887 653 922 ἀρχιμιῶν
669 888 875 915 ὐποστάσεων.

209 936 269 963 Τῶν
284 937 347 971 παρ’
364 935 498 971 Ἑϐραίοις
513 934 610 967 λογίων
626 934 694 969 μετὰ
710 934 754 960 τὸν
771 934 834 969 περὶ
855 934 958 969 Πατρὸς
975 953 994 980 Β

174 983 222 1009 καὶ
239 981 303 1009 Υἱοῦ
316 981 393 1016 λόγον
410 982 438 1007 ὲν
448 980 529 1016 τρίτῃ
540 979 615 1012 τάξει
624 979 654 1006 τὸ
665 979 741 1014 ἅγιον
755 979 865 1015 Πνεῦμα
876 988 957 1006 κατα-

172 1027 315 1062 λεγόντων,
332 1027 379 1053 καὶ
400 1026 448 1061 τήν
465 1033 495 1060 γε
518 1024 598 1058 ἁγίαν
620 1024 668 1051 καὶ⁴
695 1024 830 1059 μακαρίαν
857 1024 957 1060 Τριάδα

172 1074 268 1100 τοῦτον
287 1071 486 1106 ὑποτιθεμένων
508 1070 553 1097 τὸν
572 1069 687 1105 τρόπον,
701 1069 738 1101 ὡς
751 1068 784 1095 ἂν
800 1069 848 1104 τῆς
864 1069 957 1103 τρίτης

172 1119 313 1155 δυνάμεως
325 1118 414 1145 πᾶσαν
436 1115 653 1151 ὑπερὸεὸηκυίας
670 1115 785 1150 γενητὴν
800 1115 878 1149 φύσιν
888 1122 894 1129 ·
911 1112 956 1140 οὗ-

173 1165 224 1191 σάν
249 1173 278 1190 τε
304 1161 414 1198 πρώτην
441 1161 489 1196 μὲν
514 1160 566 1187 τῶν
588 1160 631 1187 διὰ
655 1159 702 1187 τοῦ
723 1160 788 1186 Tim)
817 1159 957 1186 συστασῶν

173 1209 274 1245 νοερῶν
289 1207 400 1239 οὐσιῶν,
418 1206 512 1242 τρίτην
533 1205 561 1231 δὲ
577 1205 629 1232 ἀπὸ
650 1204 696 1231 τοῦ
717 1204 824 1239 πρώτου
850 1204 936 1230 αἰτίου
948 1211 955 1218 θ

173 1255 223 1282 θέα
242 1255 314 1285 ὅπως
336 1253 383 1280 καὶ
403 1252 417 1278 ὁ
437 1252 547 1279 Πλάτων
564 1250 677 1277 τοιαῦτα
693 1259 752 1277 τινα
779 1249 888 1285 ᾐνίξατο
914 1248 957 1274 διὰ

173 1300 224 1334 τῆς
240 1299 306 1335 πρὸς
316 1298 450 1325 Διονύσιον
465 1297 616 1331 ἐπιστολῆς,
634 1296 719 1330 λέγων
729 1304 735 1310 ·
753 1305 762 1320 ‹
775 1295 908 1330 Φραςτέον
925 1294 955 1329 δή

175 1353 218 1370 σοι
233 1344 266 1370 δι’
279 1342 455 1378 αἰνιγμάτων,
468 1342 500 1368 ἵν’
512 1341 544 1368 ἄν
558 1349 583 1367 τι
597 1340 696 1372 δέλτος,
709 1339 724 1374 ἦ
739 1339 846 1371 πόντου,
862 1339 878 1373 ἢ
894 1338 955 1373 γῆς,

174 1391 204 1416 ὲν
216 1390 328 1424 πτυχαῖς
342 1388 425 1425 πάθῃ,
436 1389 450 1414 ὁ
465 1386 595 1421 ἀναγνοὺς
609 1385 646 1421 μὴ
659 1385 724 1420 γνῷ.
738 1382 801 1411 Ὧδε
818 1385 871 1420 γὰρ
884 1384 938 1418 ἔχει
948 1392 954 1398 ·

174 1436 254 1470 Παρὰ
282 1434 326 1460 τὸν
348 1433 455 1459 πάντων
485 1431 594 1467 βασιλέα
625 1430 702 1456 πάντ’
723 1429 792 1459 ἐστὶ,
814 1429 860 1455 καὶ
883 1428 956 1454 ὲκεί-

174 1489 220 1507 νου
236 1480 316 1507 ἓνεκα
332 1479 427 1509 πάντα,
440 1477 486 1504 καὶ
502 1477 603 1508 ἐκεῖνος
616 1476 699 1502 αἴτιον
712 1475 837 1501 ἁπάντων
852 1473 953 1501 καλῶν·

174 1526 300 1561 δεύτερον
315 1525 343 1552 δὲ
366 1523 441 1560 παρὰ
455 1523 488 1550 τὰ
511 1522 638 1557 δεύτερα,
655 1521 701 1547 καὶ
717 1520 806 1555 τρίτον
827 1519 900 1555 παρὰ
922 1519 956 1546 τὰ

175 1572 264 1608 τρίτα.
286 1571 317 1597 Ἦ
339 1568 385 1597 οὖν
408 1569 562 1605 ἀνθρωπίνη
576 1567 648 1603 ψυχὴ
667 1567 730 1601 περὶ
745 1566 813 1592 αὐτὰ
831 1566 955 1601 ὀρέγεται

1299 841 1412 870 CAPUT
1430 842 1490 870 XX.

1057 887 1094 914 De
1108 887 1191 914 tribu:
1206 887 1372 919 substantiis,
1385 887 1508 922 principii
1523 888 1573 915 vim
1589 888 1751 915 habentibus.

1048 932 1202 960 Secundutn
1229 933 1335 960 Patrem
1361 941 1392 960 ac
1418 933 1529 967 Filium,
1560 935 1668 961 tertium
1697 935 1792 962 ordine

1010 977 1140 1013 Spiritum
1172 983 1295 1006 sanctum
1326 977 1437 1004 llebrzea
1466 980 1576 1006 oracula
1611 980 1791 1012 constituunt,

1008 1031 1183 1060 sanctamque
1197 1033 1228 1052 ac
1246 1025 1350 1052 beatam
1369 1024 1530 1052 Trinitatem
1545 1033 1578 1052 eo
1596 1033 1624 1052 se
1643 1026 1724 1053 modo
1745 1027 1792 1053 lia-

1008 1071 1081 1104 bere,
1109 1071 1294 1105 pronuntiant.
1314 1074 1342 1097 ut
1362 1071 1410 1097 abs
1423 1071 1520 1097 virtute
1536 1072 1587 1098 hac
1605 1071 1693 1103 tertia,
1714 1072 1792 1107 quid-

1007 1116 1071 1150 quid
1085 1116 1180 1150 genitaa
1196 1121 1298 1143 natura!
1317 1121 1358 1144 est
1371 1117 1505 1151 superari,
1534 1117 1702 1151 eandemque
1726 1125 1789 1144 cum

1007 1163 1179 1198 spiritalium,
1201 1171 1261 1197 qua:
1285 1171 1331 1197 per
1347 1163 1445 1190 Filium
1470 1163 1608 1194 exstitere,
1629 1169 1788 1190 naturarum

1007 1209 1167 1244 principem,
1193 1215 1249 1236 tum
1276 1210 1310 1236 ab
1337 1209 1425 1244 primo
1451 1209 1583 1244 principio
1600 1209 1706 1236 tertiam
1729 1217 1790 1236 eSSe

1008 1255 1100 1280 velint.
1116 1253 1174 1280 Jam
1194 1254 1303 1287 videsis,
1323 1254 1550 1288 quemadmodum
1569 1254 1612 1280 illa
1630 1255 1687 1289 ipsa
1700 1254 1787 1286 Plato,

1008 1299 1174 1326 subobscure
1186 1299 1257 1332 licet,
1274 1299 1300 1326 in
1313 1307 1343 1326 ea
1357 1308 1437 1334 quam
1453 1299 1485 1326 ad
1498 1299 1654 1334 Dionysium
1669 1299 1789 1334 scripsit,

1006 1344 1129 1379 epistola,
1145 1345 1188 1372 his
1210 1345 1299 1372 verbis
1317 1345 1485 1372 adntnbrarit
1501 1345 1593 1372 :(Haac
1609 1345 1790 1379 renigmatice,

1007 1390 1104 1424 inquit,
1134 1389 1278 1424 aperienda
1309 1391 1355 1417 tibi
1383 1395 1456 1422 sunt,
1475 1389 1513 1416 uti
1533 1397 1575 1422 ne,
1593 1389 1614 1415 si
1633 1389 1698 1424 quid
1721 1389 1790 1416 forte

1007 1436 1074 1462 mari
1091 1440 1206 1468 terrave,
1234 1436 1356 1470 epistolae
1379 1436 1460 1470 hujus
1478 1435 1584 1470 paginis
1609 1434 1710 1461 factum
1725 1435 1788 1465 erit.

1007 1482 1154 1516 intelligere
1172 1481 1266 1516 possit,
1286 1482 1331 1516 qui
1356 1481 1460 1516 legerit.
1489 1480 1535 1508 Sic
1549 1481 1621 1507 enim
1639 1488 1667 1507 se
1680 1488 1723 1507 res
1741 1481 1789 1506 ha—

1008 1528 1050 1555 bet
1063 1527 1153 1554 :Circa
1167 1528 1355 1554 universorum
1373 1535 1461 1562 regem
1487 1527 1577 1554 omnia
1595 1532 1667 1560 sunt,
1682 1534 1713 1552 ac
1725 1533 1789 1559 pro-

1006 1579 1065 1608 pter
1080 1574 1169 1608 ipsum
1195 1573 1296 1600 omnia.
1327 1573 1399 1600 Idem
1417 1573 1548 1600 bonorum
1572 1571 1693 1599 omnium
1710 1572 1787 1606 prin-

176 1617 271 1653 μαθεῖν
287 1617 349 1642 ποῖα
367 1616 434 1642 ἄττα
448 1615 516 1645 ἐστὶ,
537 1613 672 1648 βλέπουσα
686 1613 725 1643 εἰς
741 1611 774 1637 τὰ
789 1610 874 1646 αὐτῆς
891 1619 956 1645 συγ-
970 1621 990 1649 C

1007 1619 1108 1654 cipium
1121 1623 1172 1645 est.
1193 1619 1227 1644 At
1245 1619 1317 1645 circa
1339 1618 1499 1651 secundum,
1519 1625 1549 1644 ea
1571 1624 1631 1652 qua!
1653 1616 1787 1643 secundo:

173 1663 251 1698 γενῆ.
265 1672 275 1688 ι
288 1661 378 1688 Ταῦτα
394 1661 419 1686 οἱ
432 1660 476 1686 τὸν
494 1658 623 1686 Πλάτωνα
637 1657 776 1691 διασαφεῖν
791 1656 954 1692 πειρώμενοι

173 1709 221 1735 ἐπὶ
236 1708 280 1735 τὸν
298 1707 404 1743 πρῶτον
420 1705 485 1732 Θεὸν
504 1706 656 1739 ἀνάγουσιν,
671 1704 716 1730 ἐπί
736 1712 765 1730 τε
780 1703 809 1730 τὸ
832 1703 954 1738 δεύτερον

174 1755 271 1786 αἴτιον,
285 1753 330 1779 καὶ
343 1752 433 1788 τριτον
443 1751 490 1786 τὴν
505 1750 550 1777 τοῦ
564 1750 666 1785 κόσμου
679 1750 777 1785 ψυχὴν,
786 1749 852 1776 Θεὸν
866 1749 954 1785 τρίτον

173 1800 223 1826 καὶ
236 1799 318 1834 αὐτὴν
333 1798 483 1834 ὁριζόμενοι
496 1795 574 1823 εἶναι.
589 1797 620 1823 Οἱ
635 1795 664 1822 δέ
680 1804 711 1830 γε
728 1795 794 1822 θεῖοι
816 1796 888 1829 λόγοι
907 1795 955 1829 τὴν

172 1845 255 1879 ἁγίαν
272 1845 317 1871 καὶ
331 1844 466 1880 μακαρίαν
483 1842 595 1879 Τριὰδα,
614 1842 729 1877 Πατρὸς,
747 1842 793 1868 καὶ
812 1841 886 1874 Υίοῦ,
909 1842 956 1868 καὶ

174 1891 252 1925 ἁγίου
267 1890 422 1925 Πνεύματος
436 1890 464 1915 ἐν
481 1889 567 1924 ἀρχῆς
583 1888 654 1923 λόγῳ
667 1887 809 1919 τάττουσι,
830 1887 900 1913 κατὰ
922 1886 955 1913 τὰ

173 1935 370 1971 ἀποδεδομένα·
387 1935 481 1961 ἕπεται
495 1934 597 1965 τούτοις
610 1933 658 1968 τὴν
676 1932 722 1959 τοῦ
743 1932 843 1966 ἀγαθοῦ
866 1932 956 1964 ἐξετά-

174 1991 222 2010 σαι
237 1982 340 2008 οὐσίαν.

1007 1664 1077 1691 cirea
1095 1664 1213 1696 tertium,
1239 1671 1270 1690 ea
1292 1671 1353 1697 qua:
1384 1663 1463 1690 tertio
1489 1663 1583 1690 ordine
1600 1661 1787 1693 continentur,

1006 1712 1103 1735 cuncta
1126 1712 1278 1735 versantur.
1305 1707 1371 1740 Quae
1397 1707 1504 1742 quidem
1533 1705 1653 1733 hominis
1668 1705 1786 1736 animus,

1007 1754 1033 1780 in
1050 1761 1094 1780 res
1109 1753 1160 1780 sibi
1178 1758 1306 1787 cognatas
1324 1753 1458 1784 intentus,
1473 1751 1626 1786 cujusmodi
1642 1751 1706 1784 sint,
1725 1758 1786 1784 per—

1007 1803 1097 1832 specta
1122 1802 1149 1824 et
1169 1798 1307 1831 explorata
1325 1797 1425 1824 habere
1449 1797 1538 1830 gestit.
1557 1806 1566 1821 ›
1585 1795 1648 1822 Haec
1667 1794 1788 1822 Platonis

1008 1843 1100 1875 verba.
1111 1843 1158 1877 qui
1173 1842 1361 1877 explicandam
1382 1842 1538 1876 philosophi
1562 1845 1678 1867 mentem
1693 1848 1789 1868 susce-

1008 1895 1080 1922 pere.
1100 1887 1132 1914 ad
1145 1888 1261 1922 primum
1285 1887 1381 1919 Deum,
1406 1887 1608 1920 secundumque
1624 1885 1787 1920 principium

1008 1933 1137 1965 referunt,
1147 1940 1196 1960 nec
1210 1941 1262 1959 non
1274 1933 1306 1960 ad
1319 1933 1533 1967 tertium,qnam
1549 1931 1640 1958 tnundi
1655 1931 1786 1961 animam,

1007 1978 1142 2012 deumque
1155 1977 1263 2004 tertium
1280 1978 1331 2012 ipsi
1344 1985 1452 2012 quoque
1472 1977 1608 2011 appellare
1630 1976 1727 2003 solent.
1753 1976 1788 2002 At

173 2033 297 2058 sanctam
312 2028 384 2055 illam
405 2027 565 2061 beatamque
588 2024 678 2052 Patris
706 2028 733 2051 et
761 2022 831 2053 Filii.
858 2028 885 2050 et
897 2022 1016 2057 Spiritus
1039 2023 1124 2050 sancti
1157 2023 1316 2055 trinitatem,
1342 2022 1477 2057 principii,
1511 2026 1540 2047 ut
1561 2021 1616 2055 jam
1640 2026 1702 2048 ante
1717 2021 1787 2048 dixi-

174 2084 249 2107 mus,
265 2075 320 2102 vim
345 2079 372 2101 et
388 2073 521 2100 rationem
544 2070 642 2098 habere
667 2069 765 2097 divina:
781 2069 878 2096 littera:
894 2069 1035 2096 detiniunt.
1057 2068 1193 2103 Sequitur,
1208 2073 1237 2095 ut
1250 2068 1312 2094 boni
1326 2072 1448 2094 naturam
1465 2067 1652 2101 quuiramus.

427 2118 620 2147 ΚΕΦΔΛΔῙΟΝ
640 2117 705 2144 KA'.

319 2167 389 2201 Περὶ
411 2166 465 2200 τῆς
480 2164 533 2192 τοῦ
555 2162 666 2198 ἀγαθοῦ
688 2162 804 2194 οὐσίας.

1246 2114 1326 2150 542
1349 2113 1462 2141 CAPUT
1488 2113 1558 2140 XXI.

1276 2160 1314 2187 De
1328 2165 1423 2186 natura
1439 2160 1508 2187 boni.

209 2216 265 2251 Τῆς
284 2215 347 2249 παρ’
370 2211 502 2247 Ἑϐραίοις
526 2209 599 2240 θείας
622 2207 733 2244 Γραφῆς
755 2206 890 2242 διαφόρως
903 2206 952 2241 τὴν
969 2223 992 2251 ο

1038 2205 1104 2233 Boni
1120 2211 1254 2238 naturam,
1271 2206 1414 2241 ipsumque
1428 2207 1496 2232 adeo
1512 2206 1624 2238 bonum,
1640 2205 1711 2232 aliud
1725 2213 1784 2233 esse

172 2261 222 2288 τοῦ
247 2258 348 2293 ἀγαθοῦ
376 2257 488 2288 οὐσίαν,
523 2255 570 2281 καὶ
597 2253 661 2280 αὐτὸ
691 2253 721 2279 τὸ
751 2251 851 2286 ἀγαθὸν
880 2251 955 2278 οὐδὲν

172 2307 238 2334 ἄλλο
267 2303 335 2331 εἶναι
366 2303 382 2338 ἢ
408 2302 453 2329 τοῦ
476 2301 543 2328 Θεοῦ
567 2298 763 2332 διδασκούσης,
796 2297 828 2324 δι’
856 2293 893 2323 ὧν
925 2296 954 2322 τέ

172 2360 274 2388 φησιν,
296 2360 305 2376 ι
329 2348 441 2384 ’Ᾱγαθδς
467 2347 568 2382 Κύριος
594 2346 660 2371 πᾶσι
689 2345 745 2375 τοῖς
777 2343 955 2378 ὑπομένουσιν

175 2398 272 2425 αὐτόν·
294 2396 378 2431 ψυχῇ,
391 2395 409 2430 ἢ
435 2393 578 2428 ὲκζητὴσει
593 2391 688 2418 αὐτόν·
707 2400 716 2415 ι
734 2389 798 2420 καὶ,
816 2399 824 2413 α
848 2389 956 2423 Ἐξομο-

174 2442 298 2478 λογεῖσθε
315 2441 354 2477 τῷ
368 2440 471 2476 Κυρίῳ,
485 2440 525 2465 ὅτι
539 2436 648 2471 ἀγαθὸς,
659 2437 699 2462 ὅτι
718 2436 756 2467 εἰς
771 2435 815 2461 τὸν
829 2435 912 2461 αἰῶνα
926 2434 955 2460 τὸ

175 2491 250 2521 ἔλεος
266 2487 348 2515 αὐτοῦ
358 2497 365 2503 ·
383 2498 391 2513 ι
402 2487 436 2513 δι’
453 2483 490 2512 ὧν
501 2493 530 2512 τε
543 2486 556 2511 ὁ
573 2483 708 2519 Σωτήριας
721 2481 799 2515 λόγος
819 2480 885 2516 πρὸς
910 2479 954 2505 τὸν

177 2536 242 2571 περὶ
256 2533 331 2561 τοῦδε
351 2532 478 2568 ἐρόμενον
490 2530 646 2565 ἀπεφήνατο
658 2527 752 2558 εἰπὼν,
769 2536 777 2552 t
790 2526 822 2552 Ti
838 2534 869 2561 με
889 2525 955 2571 ἔρω-

172 2567 224 2617 τᾷς
238 2580 300 2616 περὶ
321 2567 371 2605 τοῦν
386 2576 508 2612 ἁγαθοῦ;
539 2575 632 2606 Οὐδεὶς
655 2572 755 2608 ἀγαθὸς
769 2572 793 2598 εἰ
818 2572 854 2606 μὴ
879 2567 918 2602 εἷς
941 2571 954 2596 ὸ

173 2627 251 2658 Θεὸς.
269 2635 277 2651 ι
301 2624 466 2651 Ἐπὰκουσον
487 2621 534 2648 τοῦ
550 2621 707 2650 Πλάτωνος,
723 2618 740 2645 ἆ
760 2625 841 2652 φησιν
861 2618 889 2642 ὲν
911 2618 955 2642 Τι-

175 2673 259 2708 μαίῳ·
273 2680 282 2697 ι
293 2671 422 2704 Δέγωμεν
431 2668 462 2703 δὴ
474 2666 571 2703 (52-55)
585 2666 617 2692 δι’
632 2665 725 2700 ἥντινα
741 2663 827 2690 αἰτίαν
838 2663 952 2708 γένεσιν,

174 2705 222 2745 καὶ
237 2718 267 2744 τὸ
283 2717 336 2743 πᾶν
349 2715 407 2742 τόδε
424 2716 437 2741 ὁ
451 2712 573 2746 ξυνιστὰς
593 2711 762 2745 ξυνέστησεν.
779 2708 891 2742 Ἀγαθὺς
903 2705 951 2742 ἦν·

175 2763 270 2798 ἁγαθῷ
292 2763 314 2789 δ’
337 2761 422 2793 οὐδεὶς
445 2760 508 2796 περὶ
539 2757 644 2788 οὐδενὸς
668 2755 787 2783 οὐδέποτ’
810 2753 953 2788 ὲγγίγνοιτ’

210 2822 232 2837 ³⁸
251 2821 359 2848 Coloss.
380 2827 399 2852 I,
419 2819 462 2845 15.

1006 2251 1082 2284 nihil,
1098 2259 1177 2286 quam
1194 2251 1239 2278 Dei
1251 2256 1375 2278 naturam
1389 2257 1469 2286 atque
1484 2251 1630 2278 bonitatem
1646 2250 1785 2284 Scriptura

1006 2296 1177 2324 Hebraeorum
1192 2297 1282 2324 divina
1304 2297 1426 2331 pluribus
1442 2301 1556 2324 testatur
1567 2296 1665 2327 modis,
1682 2300 1710 2322 ut
1721 2303 1783 2322 cum

1005 2343 1087 2370 ait“:
1101 2352 1110 2368 ι
1123 2342 1214 2370 Bonus
1224 2342 1354 2369 Dominus
1366 2343 1492 2369 omnibus
1501 2342 1696 2369 sustinentibus
1703 2349 1764 2368 eum
1777 2350 1784 2368 :

1005 2389 1101 2415 anima:
1112 2396 1171 2423 quae
1181 2389 1299 2422 requiret
1310 2385 1592 2422 ipsutn,ritcmquc"',
1600 2387 1783 2414 tConﬁtemini

1007 2433 1131 2465 Domino,
1146 2433 1273 2467 quoniam
1289 2433 1386 2466 bonus,
1402 2434 1530 2468 quoniam
1546 2434 1572 2460 in
1588 2433 1715 2460 saeculum
1734 2433 1784 2458 mi-

1005 2478 1150 2506 sericordia
1163 2478 1233 2512 ejus.
1249 2487 1259 2503 ›
1281 2477 1317 2505 Ita
1331 2478 1456 2505 Servalor
1472 2479 1529 2512 ipse
1546 2483 1647 2511 noster,
1663 2477 1696 2504 ad
1708 2478 1782 2504 illum

1005 2524 1053 2551 abs
1065 2532 1119 2558 quo
1127 2524 1282 2558 rogabatur,
1297 2533 1306 2549 ι
1320 2523 1390 2556 Quid
1405 2532 1447 2550 me
1461 2524 1613 2558 interrogas
1628 2523 1661 2550 de
1674 2523 1779 2550 bono?)

1005 2569 1108 2603 inquit:
1131 2577 1140 2592 ‹
1158 2567 1241 2595 Nemo
1259 2569 1355 2603 bonus,
1375 2569 1426 2596 nisi
1451 2569 1525 2596 solus
1541 2568 1612 2596 Deus
1624 2568 1656 2594 ³³.
1677 2578 1686 2594 ι
1706 2568 1783 2596 Nunc

1004 2614 1125 2642 Platonis
1147 2614 1173 2640 in
1191 2613 1289 2641 Timwo
1307 2615 1467 2642 sententiam
1498 2615 1589 2649 accipe
1604 2624 1610 2641 :
1630 2624 1638 2640 ι
1656 2614 1783 2642 Dicamus

1006 2669 1080 2696 ergo,
1095 2667 1176 2695 qnam
1190 2661 1225 2688 ob
1239 2669 1361 2695 causam,
1379 2661 1478 2695 inquit,
1492 2666 1586 2688 auctor
1606 2660 1649 2687 ille
1663 2661 1782 2688 molitor-

1005 2716 1058 2743 que
1084 2707 1155 2734 Deus
1177 2708 1258 2735 rebus
1279 2711 1368 2734 ortum
1388 2707 1462 2738 dare,
1485 2710 1565 2741 atque
1589 2706 1640 2734 hoc
1673 2705 1782 2732 univer-

1006 2762 1065 2781 sum
1084 2756 1201 2782 condere
1215 2753 1349 2782 statuerit.
1378 2752 1469 2779 Bonus
1491 2758 1565 2786 erat;
1583 2752 1670 2779 bonus
1690 2756 1780 2779 autem

506 2817 528 2833 ιι
550 2813 650 2841 Thren.
665 2820 706 2845 nr,
718 2813 764 2842 25.
796 2813 828 2829 ³¹¹
843 2812 914 2841 Psal.
931 2818 976 2843 CV,
992 2811 1017 2838 1.
1049 2811 1071 2827 ¹¹
1086 2809 1179 2840 Matth.
1193 2821 1248 2848 xix,
1267 2815 1308 2842 l7.

211 2886 317 2920 (σε-55)
333 2883 467 2920 Λέγωμεν
483 2881 531 2918 δή.
556 2879 673 2910 Paucula
695 2879 752 2906 haec
770 2877 842 2912 leges
863 2876 887 2903 in
911 2875 990 2902 Timw

1017 2894 1024 2908 ,
1040 2875 1090 2902 sub
1106 2874 1212 2902 initium
1227 2883 1286 2910 pag.
1301 2874 1353 2902 527
1367 2873 1500 2902 versionis
1513 2872 1610 2900 Ficini.
