2091 3208
167 175 222 204 995

718 174 881 203 PRAEPAR.
904 174 1031 221 EVANG.
1055 175 1118 203 LIB.
1138 175 1186 203 XI.

1742 176 1795 203 906

167 233 339 269 καθήμενος,
355 237 358 240 ’
375 232 441 259 ναῦν
475 231 571 259 ἁλιάδα
600 231 728 267 βραχεῖάν
764 240 825 259 τινα
855 232 958 260 τούτων

1012 241 1043 260 ex
1066 233 1228 268 cujusquam
1251 231 1375 265 omnino,
1400 240 1461 267 quae
1484 233 1609 261 sensibus
1632 234 1797 268 percipiatur

166 278 223 306 τῶν
245 278 428 314 ἑπακτρίδων,
447 278 502 305 τῶν
520 277 618 313 μόνων,
641 278 715 313 μίαν,
734 278 828 314 μόνην,
843 278 959 315 ἔρημον,

168 324 352 361 μετακυμίαις
363 324 495 360 ἐχομένην
511 323 701 359 ὁξυδεδορκὼς,
712 324 761 360 μιᾷ
774 324 837 360 βολῇ
854 325 959 352 κατεῖδε

166 372 217 408 τὴν
238 370 320 398 ναῦν·
340 370 411 398 οὕτω
424 370 457 405 δή
478 379 540 398 τινα
563 370 713 398 ἀπελθόντα
735 371 832 407 πόρῤω
840 370 896 398 ἀπὺ
905 370 960 398 τῶν

166 417 316 452 αἰσθητῶν,
345 417 475 453 ὁμιλῆσαι
494 415 533 451 τῷ
559 416 653 452 ἀγαθῷ
681 417 752 452 μόνῳ
776 416 866 451 μόνον,
895 416 959 443 ἔνθα

169 464 238 499 μήτε
249 472 291 495 τις
303 462 455 499 ἄνθρωπος,
475 463 542 498 μήτε
557 471 583 488 τι
598 462 666 494 ζῶον
678 462 782 498 ἕτερον,
800 463 866 498 μηδὲ
880 463 959 498 σῶμα.

137 503 141 507 ’
168 510 251 546 μέγα,
274 510 341 546 μηδὲ
357 510 481 545 σμικρὸν,
496 509 564 536 ἀλλά
575 517 616 540 τις
632 509 735 543 ἄφατος
753 509 799 535 καὶ
815 509 960 544 ἀδιήγητος

166 555 289 591 ἀτεχνῶς
313 555 415 591 ἐρημία
437 554 588 586 θεσπέσιος,
614 553 677 581 ἔνθα
695 554 741 580 τοῦ
770 554 872 588 ἀγαθοῦ
896 554 959 590 ἤθη,

166 603 304 639 δωτριὸαί
320 611 350 629 τε
371 602 418 629 καὶ
435 602 556 635 ἀγλαΐαι,
576 601 640 626 αὐτὸ
655 600 683 626 δὲ
704 601 733 626 ἐν
749 601 854 636 εἰρήνῃ,
872 601 901 626 ὲν
917 601 961 626 εὑ-

168 650 277 685 μενείᾳ,
290 649 320 675 τδ
337 650 449 684 ἤρεμον,
465 648 495 674 τὸ
512 646 682 682 ήγεμονικῦν,
706 646 793 677 ἵλεων,
810 646 959 681 ἐποχούμε-

165 705 213 723 νον
229 697 274 722 ἐπὶ
293 697 327 730 τῇ
345 695 434 730 οὐσίᾳ.
450 695 481 721 El
503 694 532 720 δέ
548 702 588 725 τις
607 693 674 728 πρὸς
697 694 751 724 τοῖς
768 692 905 728 αἰσθητοῖς
918 693 959 718 λι-

167 741 276 777 παρῶν,
292 742 322 768 τὸ
333 741 432 776 ἀγαθὸν
451 740 634 774 ὲφιπτάμενον
646 738 822 774 φαντάζεται,
844 739 960 765 κᾶπειτα

165 788 279 824 τρυφῶν
298 787 380 814 οἴοιτο
392 786 430 821 τῷ
448 786 543 821 ἀγαθῴ
557 786 774 821 ἐντετυχηκέναι,
792 785 839 811 τοῦ
861 785 960 817 παντὸς

166 834 331 870 ἁμαρτάνει.
358 833 402 868 Τῷ
420 832 473 869 γὰρ
492 833 548 859 ὄντι
571 833 601 859 οὺ
626 832 729 867 ῥᾳδίας,
749 831 822 863 θείας
845 831 873 857 δὲ
893 831 960 867 πρὶς

167 881 236 907 αὐτὸ
249 881 289 907 δεῖ
304 879 430 916 μεθόδου·
447 879 493 906 καὶ
509 879 565 905 ἔστι
581 879 734 914 κράτιστον,
757 878 810 905 τῶν
826 877 959 913 αἰσθητῶν

165 926 346 962 ἀμελήσαντι,
363 924 582 959 νεανιευσαμένῳ
590 924 659 960 πρὸς
673 924 706 950 τὰ
723 924 882 959 μαθήματα,
898 925 960 955 τοὺς

166 972 303 1008 ἀριθμοὺς
317 971 485 1006 θεασαμένῳ,
500 971 585 1002 οὕτως
600 970 781 1005 ὲκμελετῆσαι
793 969 914 1004 μάθημω
927 969 959 995 Τί

166 1018 228 1044 ἐστι
254 1017 284 1043 τὸ
308 1016 347 1043 ἓν.
371 1026 379 1043 ι
397 1017 488 1043 Ταῦτα
509 1017 558 1051 μὲν
580 1017 608 1042 ὲν
633 1015 672 1050 τῷ
695 1015 809 1050 πρώτῳ·
827 1016 855 1040 ὲν
872 1015 900 1041 δὲ
920 1015 960 1050 τῷ

166 1063 288 1098 πέμπτῳ
308 1063 396 1090 ταῦτά
422 1071 519 1097 φησιν’
540 1071 549 1087 t
566 1062 598 1088 El
626 1061 648 1088 δ’
670 1062 728 1088 ἐστὶ
754 1062 803 1096 μὲν
829 1061 922 1096 νοητὸν
942 1062 959 1096 ὴ

165 1108 248 1136 οὐσία
262 1109 309 1136 καὶ
322 1110 339 1144 ἡ
355 1109 420 1141 ἰδέα,
442 1109 543 1144 ταύτης
559 1108 580 1134 δ’
598 1107 759 1143 ὡμολογήθη
776 1107 959 1143 πρεσϐύτερον

167 1155 216 1181 καὶ
231 1154 315 1181 αἴτιον
328 1151 396 1181 εἶναι
408 1155 422 1180 ὁ
437 1154 509 1186 νοῦς,
524 1153 604 1184 αὐτὸς
615 1150 693 1184 οὗτος
706 1153 785 1187 μόνος
799 1153 910 1188 εὓρηται
923 1152 960 1179 ὢν

165 1200 199 1227 τὸ
214 1200 323 1235 ἀγαθόν.
340 1201 395 1227 Καὶ
415 1200 469 1235 γὰρ
483 1201 507 1226 εἰ
521 1200 535 1226 ὁ
552 1199 601 1235 μὲν
615 1200 629 1226 ὁ
645 1199 808 1234 δημιουργὸς
821 1199 886 1230 Θεός
902 1200 960 1224 ἐστι

166 1246 303 1281 γενέσεως
323 1246 405 1282 ἀρχὴ,
426 1246 456 1272 τὸ
467 1245 567 1280 ἀγαθὸν
581 1245 674 1277 οὐσίας
691 1245 765 1271 ἐστὶν
781 1245 861 1280 ἀρχή.
881 1244 960 1270 Ἀνά-

165 1293 248 1327 λογον
266 1293 294 1319 δὲ
318 1293 404 1327 τούτῳ
429 1292 478 1326 μὲν
501 1293 515 1318 ὁ
538 1291 701 1327 δημιουργὸς
723 1291 798 1322 Θεὸς,
817 1291 854 1316 ὢν
878 1290 960 1316 αὑτοῦ

168 1338 302 1374 μιμητὴς,
316 1340 349 1374 τῇ
361 1338 388 1364 δὲ
402 1338 480 1373 οὐσίᾳ
492 1339 508 1373 ἡ
519 1338 635 1372 γένεσις,
647 1337 727 1364 εἰκὼν
740 1337 824 1371 αὐτῆς
838 1335 904 1363 οὖσα
915 1336 961 1362 κα)¹

168 1385 294 1420 μίμημα.
313 1385 343 1411 El
365 1384 420 1419 γὰρ
435 1385 450 1410 ὀ
465 1384 628 1419 δημιουργὸς
649 1384 663 1410 ὁ
677 1383 726 1418 τῆς
740 1382 873 1417 γενέσεώς
888 1384 961 1409 ἐστιν

166 1430 281 1465 ἀγαθὸς,
305 1428 377 1466 ἦπου
411 1430 485 1456 ἔσται
506 1431 553 1457 καὶ
570 1431 583 1456 ὁ
608 1430 656 1465 τῆς
679 1430 772 1461 οὐσίας
799 1429 962 1464 δημιουργὸς

166 1476 348 1511 αὐτοαγαθόν,
365 1475 504 1510 σύμφυτον
516 1477 548 1511 τῇ
561 1476 650 1511 οὐσίᾳ.
659 1476 688 1502 ’0
699 1475 753 1510 γὰρ
765 1475 900 1509 δεύτερος,
911 1474 962 1500 διτ-

165 1523 215 1555 τὸς
227 1522 265 1550 ὢν
279 1523 370 1555 αὐτὸς,
389 1525 458 1549 ποιΞῖ
473 1523 522 1558 τήν
538 1531 567 1549 τε
583 1522 653 1549 ἰδέαν
676 1521 772 1548 ἑαυτοῦ
786 1521 832 1547 καὶ
855 1521 900 1547 τὸν
916 1521 961 1547 κό-

167 1577 249 1604 σμον,
263 1569 426 1604 δημιουργὸς
439 1569 477 1595 ὢν
490 1577 496 1583 ·
510 1569 606 1595 ἔπειτα
623 1567 788 1604 θεωρητικὸς
801 1567 878 1598 ὅλως.
893 1567 960 1593 Συλ-
975 1589 995 1616 C

166 1616 367 1651 λελογισμένων
378 1616 400 1643 δ’
412 1617 428 1650 ἡ
433 1615 489 1651 μῶν
504 1615 623 1650 ὀνόματα
640 1615 778 1650 τεττάρων
793 1614 961 1649 πραγμάτων

166 1662 288 1697 τέτταρα
305 1661 374 1688 ἔστω
387 1662 487 1688 ταῦτα·
509 1662 538 1688 ’0
552 1661 600 1696 μὲν
618 1661 724 1697 πρῶτος
736 1660 812 1692 Θεὸς,
830 1660 963 1693 αὐτοαγα-

168 1707 232 1735 θον·
245 1709 259 1735 ὁ
275 1708 303 1734 δὲ
326 1708 420 1735 τούτου
445 1708 575 1743 μιμητὴς,
596 1706 759 1743 δημιουργὸς
781 1706 881 1740 ἁγαθός
891 1714 897 1719 ·
911 1706 927 1740 ἡ
941 1705 963 1731 δ’

168 1755 249 1782 οὐσία
264 1755 312 1790 μία
325 1755 373 1790 μὲν
383 1757 399 1790 ἡ
413 1754 459 1780 τοῦ
474 1753 591 1788 πρώτου,
606 1753 686 1788 ἑτέρα
696 1753 724 1778 δὲ
739 1751 812 1787 ήτοῦ
825 1751 961 1786 δευτέρου·

166 1801 204 1838 ἧς
229 1803 351 1838 μίμημα,
368 1802 472 1833 ὁκαλδς
497 1801 608 1835 κόσμος,
622 1798 875 1834 κεκαλλωπισμένος
899 1806 962 1833 μετ-

167 1848 252 1884 ουσίᾳ
285 1848 331 1874 τοῦ
355 1848 449 1875 καλοῦ.
471 1858 479 1874 ι
501 1847 556 1873 Καὶ
571 1847 599 1872 ὲν
615 1846 653 1881 τῷ
675 1846 746 1880 ἕκτῳ
769 1845 798 1871 δὲ
822 1844 961 1877 ἐπιλέγει·

171 1903 183 1920 ε
204 1895 359 1930 Μετέχειδὲ
379 1894 461 1921 αὑτοῦ
478 1894 512 1920 τὰ
535 1893 694 1929 μετέχοντα,
713 1891 761 1916 καὶ
783 1891 811 1917 ὲν
828 1890 900 1925 ἄλλῳ
915 1891 963 1925 μὲν

166 1941 270 1971 οὐδενὶ,
287 1943 316 1968 ὲν
333 1941 361 1967 δὲ
379 1941 452 1976 μόνῳ
473 1940 512 1976 τῷ
536 1941 643 1975 φρονεῖν
655 1948 661 1953 ·
678 1939 762 1973 ταύτῃ
781 1938 833 1973 ἄρα
853 1938 900 1964 καὶ
914 1938 963 1971 τῆς

169 1987 277 2021 ἀγαθοῦ
293 1987 453 2022 συμϐάσεως
467 1988 576 2014 ὀνίναιτ¹
594 1986 637 2018 ἂν,
649 1985 736 2016 ἄλλως
753 1985 774 2011 δ’
786 1984 826 2010 οὔ.
842 1984 896 2010 Καὶ
915 1984 963 2018 μὲν

168 2033 205 2069 δὴ
222 2033 253 2059 τὸ
267 2035 374 2069 φρονεῖν
388 2033 466 2060 τοῦτο
481 2033 536 2059 δεῖν
561 2031 740 2066 συντετύχηκε
756 2030 812 2064 (57)
838 2029 909 2065 μόνῳ
924 2029 963 2064 τῷ

170 2078 284 2115 πρώτῳ.
303 2079 363 2113 Ὑφ’
380 2076 410 2106 οὗ
422 2077 468 2105 οὖν
484 2079 517 2105 τὰ
536 2079 602 2106 ἄλλα
619 2076 812 2112 ἁποχραένεται
830 2075 878 2101 καὶ
897 2076 963 2108 ἀγα-

170 2125 278 2157 θοῦται,
295 2126 343 2152 ἐὰν
355 2125 434 2151 τοῦτο
448 2126 543 2159 ἐκείνῳ
562 2125 640 2160 μόνον
655 2124 728 2159 μόνῳ
741 2124 839 2158 προσῇ,
855 2121 964 2148 ἀϐελτέ-

172 2180 225 2208 ρας
249 2172 282 2199 ἂν
303 2172 346 2208 εἴη
372 2172 462 2207 ψυχῆς
484 2172 522 2198 ἔτι
546 2171 713 2206 ἀμφιλογεῖν.
731 2170 762 2196 El
785 2169 840 2204 γὰρ
863 2167 962 2202 ἀγαθός

171 2219 249 2245 ἐστιν
264 2218 278 2245 δ
297 2218 420 2252 δεύτερος
435 2218 464 2244 οὐ
488 2217 552 2253 παρ’
569 2216 674 2247 ἑαυτοῦ,
691 2215 765 2250 παρὰ
776 2215 803 2240 δὲ
825 2214 870 2240 τοῦ
889 2213 963 2248 πρό)-

1010 277 1191 305 similitudine
1204 283 1363 312 possumus.
1382 275 1434 304 Sed
1452 283 1564 304 necesse
1576 277 1666 311 fuerit.
1684 279 1797 313 perinde

1012 328 1043 351 ut
1054 324 1078 351 si
1093 324 1157 359 quis
1169 324 1196 351 in
1208 323 1282 352 edita
1294 323 1404 359 specula
1418 324 1576 356 considens,
1594 325 1718 360 cymbam
1735 333 1794 353 me—

1010 370 1056 397 dio
1072 369 1099 397 in
1121 370 1190 398 mari
1207 370 1379 405 perexiguam
1405 378 1487 398 unam
1514 379 1546 398 ex
1563 371 1719 405 piscator-iis
1744 372 1799 400 illis

1012 418 1142 452 aliquant,
1163 426 1224 452 qua:
1236 418 1301 444 solae
1315 425 1446 452 apparere
1461 417 1560 448 solcnt.
1577 418 1651 444 omni
1667 418 1798 446 comitatu

1012 463 1123 496 nudam,
1149 463 1317 498 alternisque
1344 462 1472 490 fluctibus
1497 463 1640 494 inclusam.
1658 471 1710 498 qua
1727 464 1799 491 valet

1011 510 1070 536 acie
1082 509 1260 544 prospiciens,
1274 510 1396 544 conjectu
1411 510 1550 537 oculorum
1566 516 1621 536 uno
1637 515 1720 536 totam
1738 517 1798 544 per-

1011 556 1112 588 videat,
1140 556 1175 582 ita
1193 564 1329 591 quemque
1355 556 1448 590 procul
1466 556 1500 583 ab
1514 556 1589 582 omni
1613 564 1715 588 rerum,
1737 564 1798 590 qua:

1012 611 1094 629 sensu
1127 602 1283 637 capiuntur,
1305 611 1355 629 usu
1383 602 1602 636 commercioquc
1629 602 1796 636 sejunctum,

1013 656 1075 675 cum
1091 648 1150 675 solo
1174 649 1246 675 bono
1271 649 1359 675 solum
1376 656 1466 683 agere,
1484 648 1528 675 ubi
1544 656 1596 674 non
1623 648 1714 679 hoino,
1743 656 1797 675 non

1013 695 1115 727 anima,
1141 702 1196 721 non
1225 694 1309 721 ullum
1331 695 1445 722 omnino
1468 702 1570 729 corpus
1593 699 1730 727 occurrat,
1750 695 1798 722 sed

1011 745 1087 768 vasta
1111 740 1235 774 quaedam
1258 741 1389 775 omnique
1407 741 1531 768 oratione
1556 742 1654 776 major,
1670 749 1702 768 ac
1719 741 1798 775 plane

1011 786 1103 813 divina
1124 787 1242 813 solitudo
1260 794 1266 812 :
1296 786 1322 813 in
1343 795 1396 821 qua
1414 787 1476 814 boni
1497 795 1597 819 mores,
1616 787 1797 817 consuetudo,

1011 832 1168 867 deliciaeque
1178 837 1320 859 versantur
1330 833 1474 867 ipsumque
1486 833 1553 859 adeo
1564 833 1676 866 bonum,
1691 841 1798 860 summa

1011 885 1088 912 pace,
1111 885 1143 904 ac
1157 877 1343 912 placidissima
1360 878 1476 912 quadam
1494 878 1579 905 animi
1601 879 1798 913 tranquillitate.

977 914 997 940 Β
1013 923 1117 955 fruens,
1133 923 1260 958 princeps
1285 923 1357 950 idem
1371 924 1555 958 omnibusque
1575 925 1722 959 propitium
1749 932 1798 951 na-

1012 973 1079 996 tura;
1096 969 1195 997 insidet
1217 969 1360 997 universae.
1379 969 1446 996 Nam
1462 970 1507 1004 qui
1530 970 1595 997 dum
1610 970 1636 996 in
1655 970 1737 998 rebus
1754 970 1797 1003 iis,

1010 1022 1071 1048 quae
1084 1022 1193 1042 sensum
1205 1013 1315 1046 feriunt,
1331 1014 1458 1042 assiduus
1469 1022 1502 1042 ac
1516 1018 1589 1042 totus
1604 1019 1656 1048 est,
1673 1015 1736 1041 boni
1753 1023 1800 1041 ne-

1011 1060 1069 1087 scio
1082 1069 1164 1095 quam
1180 1061 1253 1088 velut
1279 1069 1311 1088 eo
1327 1060 1478 1088 devolantis
1501 1060 1694 1095 cogitationem
1713 1060 1799 1088 infor-

1012 1112 1077 1137 mat.
1103 1115 1136 1134 ac
1158 1107 1256 1135 deinde
1273 1107 1347 1134 illius
1371 1115 1400 1135 se
1416 1107 1600 1134 familiaritate
1621 1114 1701 1134 usum
1717 1108 1800 1134 homo

1011 1154 1142 1181 delicatus
1158 1161 1190 1180 ac
1205 1154 1392 1189 voluptuarius
1405 1154 1552 1186 existimat,
1565 1161 1606 1181 me
1621 1153 1644 1181 is
1658 1154 1800 1180 vehemetk

1013 1204 1053 1225 ter
1075 1202 1157 1225 errat.
1185 1198 1241 1226 Nec
1266 1200 1338 1226 enim
1357 1200 1446 1234 ipsum
1463 1199 1536 1226 facili
1558 1207 1590 1226 ac
1612 1198 1727 1231 ludicra,
1752 1199 1800 1226 sed

1012 1246 1092 1280 plane
1105 1246 1195 1273 divina
1214 1246 1331 1281 quadam
1346 1251 1403 1273 arte
1415 1246 1604 1281 industriaque
1624 1246 1799 1281 quaerendum

1012 1297 1063 1319 est.
1091 1292 1151 1325 Quo
1168 1292 1194 1319 in
1210 1299 1308 1327 genere
1323 1292 1456 1327 optimum
1472 1300 1538 1319 sane
1556 1291 1646 1324 fuerit,
1672 1292 1800 1319 omnibus

1012 1338 1055 1370 iis,
1067 1346 1128 1372 qua:
1145 1338 1171 1364 in
1185 1345 1297 1365 sensum
1315 1338 1425 1369 cadunt,
1442 1338 1594 1372 praeteritis,
1609 1338 1637 1365 in
1651 1338 1801 1366 mathema-

1012 1385 1080 1412 ticas
1093 1384 1251 1419 disciplinas
1271 1384 1392 1410 animose
1417 1383 1442 1409 in
1456 1383 1550 1417 primis
1570 1387 1651 1417 atque
1675 1383 1802 1411 ardenter

1012 1430 1179 1462 incumbere,
1194 1436 1276 1464 atque
1292 1430 1337 1456 ubi
1353 1436 1529 1456 numerorum
1547 1429 1704 1456 discrimina
1718 1430 1801 1456 ratio-

1011 1482 1114 1509 nesque
1137 1474 1285 1509 pervideris
1311 1478 1367 1500 tum
1395 1474 1420 1500 in
1445 1474 1495 1500 hac
1515 1474 1624 1500 demum
1637 1475 1800 1509 quzcstione,

1012 1520 1082 1553 Quid
1098 1528 1183 1547 unum
1210 1525 1236 1548 et
1258 1520 1410 1555 cujusmodi
1428 1520 1472 1550 sit.
1491 1519 1603 1546 assidua
1625 1520 1802 1547 meditatione

1012 1565 1227 1601 versamus“
1242 1564 1303 1592 Haec
1316 1566 1341 1592 in
1356 1565 1444 1599 primo
1456 1564 1606 1593 Numenius
1619 1575 1626 1598 ;
1638 1571 1665 1593 at
1681 1574 1740 1601 quze
1756 1574 1800 1593 se-

1014 1616 1146 1646 quuntur,
1169 1613 1196 1638 in
1217 1612 1312 1646 quinto
1330 1621 1335 1638 :
1358 1620 1366 1636 ι
1381 1610 1452 1644 Jam,
1471 1611 1571 1646 inquit,
1589 1611 1611 1639 si
1627 1616 1682 1638 tam
1705 1619 1801 1638 essen-

1016 1658 1062 1689 tia,
1082 1665 1165 1692 quam
1181 1657 1241 1684 idea
1258 1656 1380 1692 spiritale
1399 1656 1528 1691 quiddam
1545 1660 1598 1688 est,
1611 1657 1671 1684 etsi
1688 1661 1802 1691 utraque

1014 1705 1206 1738 antiquiorem,
1219 1704 1274 1730 imo
1289 1708 1316 1731 et
1329 1711 1439 1731 causam
1455 1703 1598 1738 utriusque
1611 1707 1728 1730 mentem
1742 1711 1803 1731 esse

1015 1751 1195 1782 confitemur.
1213 1758 1274 1778 eam
1299 1750 1421 1785 profecto
1445 1749 1531 1777 solam
1555 1749 1657 1776 bonum
1680 1756 1801 1777 essene-

1014 1806 1091 1825 cesse
1109 1802 1159 1825 est.
1176 1796 1243 1823 Nam
1261 1797 1282 1824 si
1299 1796 1396 1823 artifex
1415 1795 1486 1822 Deus
1502 1795 1686 1830 generationis
1699 1795 1801 1830 princi-

1015 1845 1088 1878 pium
1113 1848 1165 1876 est,
1187 1843 1287 1870 bonum
1309 1843 1398 1877 ipsum
1420 1841 1540 1875 profecto
1557 1842 1681 1869 essentia:
1701 1842 1803 1876 princi-

1015 1890 1088 1925 pium
1100 1890 1162 1917 erit.
1176 1889 1322 1916 Enimvero
1338 1893 1367 1915 ut
1387 1888 1482 1915 artifex
1499 1888 1544 1915 ille
1561 1887 1631 1915 Deus
1643 1895 1705 1915 cum
1718 1888 1801 1920 bono,

1015 1937 1093 1970 cujus
1113 1936 1255 1963 aemulator
1268 1940 1333 1968 est“
1348 1935 1384 1961 ita
1396 1943 1457 1961 cum
1475 1935 1594 1961 essentia
1610 1934 1749 1968 generatio
1764 1934 1802 1962 si-

1015 1981 1175 2008 militudinis
1188 1985 1269 2015 atque
1284 1979 1421 2006 afﬁnitatis
1437 1979 1538 2013 aliquid
1551 1978 1640 2010 habet,
1653 1979 1725 2012 quod
1741 1978 1802 2013 ejus

1015 2028 1104 2062 imago
1121 2027 1244 2061 quadam
1259 2030 1285 2052 et
1306 2024 1422 2051 imitatio
1436 2024 1482 2051 sit.
1509 2023 1586 2056 Quod
1600 2023 1624 2050 si
1641 2023 1739 2050 artifex
1757 2031 1802 2058 ge-

1015 2073 1163 2100 neralionis
1178 2075 1273 2099 auctor
1287 2071 1375 2098 bonus
1389 2075 1430 2097 est
1440 2089 1447 2100 ,
1471 2069 1596 2096 essentia:
1611 2069 1720 2104 quidem
1735 2070 1802 2097 arti-

1015 2119 1069 2150 fex,
1084 2119 1229 2153 ipsummet
1241 2124 1287 2151 per
1301 2124 1361 2144 sese
1375 2116 1477 2143 bonum
1495 2115 1556 2145 crit.
1572 2119 1653 2150 atque
1669 2115 1696 2142 in
1708 2122 1802 2142 essen-

1015 2166 1058 2192 tia:
1074 2165 1205 2191 rationem
1230 2168 1257 2191 et
1280 2168 1404 2190 naturam
1421 2162 1590 2189 immersum.
1618 2161 1686 2188 Nam
1702 2169 1802 2189 secun-

1014 2212 1066 2238 dus
1091 2218 1173 2242 sane,
1200 2209 1299 2244 duplex
1321 2209 1378 2243 ipse
1401 2216 1463 2235 cum
1482 2208 1533 2240 sit,
1552 2207 1677 2242 idemque
1691 2206 1801 2238 artifex,

170 2273 232 2297 του,
245 2264 302 2296 πῶς
309 2262 364 2291 οἷόν
375 2269 408 2291 τε·
416 2264 460 2299 ὑφ’
474 2260 504 2290 οὗ
520 2263 663 2298 μετουσίας
676 2262 749 2288 ἐστὶν
760 2258 838 2291 οὗτος
850 2259 960 2290 ἀγαθὸς,

1014 2257 1131 2292 primum
1155 2256 1264 2291 quidem
1289 2261 1316 2282 et
1335 2256 1422 2282 ideam
1445 2254 1503 2289 ipse
1525 2261 1603 2281 suam
1627 2257 1654 2280 et
1669 2252 1802 2280 mundum

173 2311 215 2347 μὴ
229 2311 330 2346 ἀγαθὸν
347 2309 425 2342 εἶναι,
440 2310 526 2339 ἄλλως
542 2318 582 2341 τε,
596 2308 646 2336 κᾶν
658 2309 726 2343 τύχῃ
746 2307 828 2334 αὑτοῦ
844 2306 881 2338 ὡς
895 2306 962 2339 ἀγα-

171 2357 222 2384 Θοῦ
242 2357 400 2392 μεταλαχὼν
420 2358 434 2384 ὁ
455 2356 596 2391 δεύτεροςς
620 2355 691 2381 οὕτω
704 2363 745 2381 τοι
767 2355 781 2380 ὁ
798 2353 910 2379 Πλάτων
930 2353 962 2378 ὲκ

174 2402 355 2438 συλλογισμοῦ
375 2403 414 2438 τῷ
432 2403 479 2436 ὀξὺ
498 2402 622 2437 βλέποντι
641 2401 764 2427 ἀπέδωκε
777 2400 832 2435 (58)
847 2399 876 2425 τὸ
892 2400 961 2432 ἀγα-

172 2449 233 2480 Θδν,
245 2450 286 2476 ὅτι
298 2449 371 2475 ἐστὶν
385 2449 424 2475 ἓν.
438 2459 447 2474 ι
458 2449 513 2475 Καὶ
529 2448 608 2474 πάλιν
622 2447 685 2482 ἑξῆς
702 2455 782 2481 φησι’
800 2455 809 2471 ‹
825 2445 915 2472 Ταῦτα
935 2445 962 2472 δὲ

172 2494 262 2527 οὕτως
286 2495 389 2530 ἔχοντα,
410 2494 457 2529 ἔθη
469 2501 482 2515 ι
499 2495 546 2529 μὲν
562 2495 576 2520 ὁ
599 2493 719 2524 Πλάτων,
744 2492 810 2528 ἄλλῃ
826 2492 872 2518 καὶ
896 2491 962 2528 ἄλλῃ

173 2541 312 2578 χωρίσας·
329 2540 381 2576 ὶδιᾳ
397 2540 446 2575 μὲν
459 2540 513 2575 γὰρ
528 2540 573 2566 τὸν
585 2539 712 2565 κυκλικὸν
727 2538 782 2572 (59)
795 2538 841 2563 ἐπὶ
851 2536 898 2562 τοῦ
912 2538 962 2571 Δη-

211 2604 225 2618 ι
247 2598 315 2630 forte
333 2597 372 2623 ἔτι

211 2665 268 2701 (3⁸1)
283 2665 576 2701 Δεῖνλσυντεζξιχηκε.
591 2662 765 2701 Subobscura
779 2661 884 2688 videtur
897 2661 962 2697 hyp-

173 2697 273 2733 allage,
290 2707 340 2734 pro
351 2699 392 2726 δεῖ
405 2700 446 2726 vel
459 2697 513 2734 ἔδει
529 2697 766 2734 συντετυχηκέναι.

211 2731 269 2769 (38)
287 2731 442 2762 Ἆπέδωκε.
460 2732 516 2761 Vox
528 2731 647 2761 contrita
654 2731 843 2769 philosophis,
851 2739 883 2758 ac
895 2731 962 2758 viris

174 2767 293 2798 eruditis
310 2771 412 2805 pridem
429 2770 582 2805 observata,
599 2769 651 2795 hoc
664 2772 722 2805 est,
738 2767 881 2793 dialectico
893 2774 962 2805 prae-

175 2807 272 2834 sertim
298 2802 375 2832 more
399 2805 500 2839 aliquid
516 2803 630 2835 efﬁcere,
655 2802 900 2839 demo_nstrare,et
925 2802 963 2828 si—

176 2841 289 2868 tmliter.
303 2839 364 2873 Quo
391 2837 472 2867 seuéu
486 2840 632 2873 aliquando
650 2837 696 2863 τὸν
711 2837 788 2870 λόγον
804 2837 960 2873 adjunclum

177 2877 269 2906 habet.
290 2871 438 2910 aliquando
458 2882 505 2909 per
527 2871 658 2910 sesolum
675 2871 961 2910 ponitur.__Numenius

178 2912 222 2940 hic
234 2913 288 2939 ista
301 2907 498 2946 conjunxitﬁx
514 2908 689 2943 συλλογισμοῦ
706 2907 870 2935 ἀποδιδόναι.

399 2957 495 2986 PATn.
511 2955 571 2986 Gn.
586 2954 672 2986 XXI.

1014 2301 1087 2328 hunc
1099 2305 1232 2336 procreat,
1251 2300 1347 2327 deinde
1364 2307 1428 2326 vero
1441 2303 1514 2326 totus
1528 2298 1555 2325 in
1574 2297 1802 2332 contemplatione

1014 2354 1147 2375 versatur.
1165 2347 1254 2380 Quare
1264 2367 1271 2379 ,
1287 2350 1315 2373 ut
1329 2353 1419 2373 rerum
1434 2349 1551 2380 quatuor
1563 2345 1673 2371 nomina
1687 2343 1801 2379 colliga-

1014 2403 1085 2427 mus,
1101 2399 1219 2429 quatuor
1232 2394 1288 2420 hzec
1303 2400 1363 2420 esse
1377 2392 1483 2427 possint
1493 2401 1500 2418 :
1511 2391 1584 2418 Deus
1597 2390 1712 2425 primus,
1728 2390 1801 2424 quod

1013 2442 1102 2476 ipsum
1115 2449 1162 2476 per
1184 2447 1244 2467 sese
1257 2439 1359 2466 bonum
1375 2442 1417 2464 est
1431 2446 1439 2470 ;
1461 2437 1582 2472 ejusdem
1600 2435 1719 2467 imitator
1732 2434 1801 2462 arti-

1014 2489 1057 2516 fex
1085 2488 1197 2519 bonus;
1216 2485 1333 2513 essentia
1356 2484 1465 2518 duplex,
1491 2483 1570 2518 primi
1598 2482 1693 2514 altera,
1715 2481 1801 2508 altera

1014 2534 1137 2566 secundi,
1158 2532 1237 2567 cujus
1259 2531 1375 2559 imitatio
1395 2534 1438 2557 est
1459 2529 1570 2564 pulcher
1597 2528 1641 2555 ille
1670 2527 1800 2560 mundus,

1049 2659 1105 2694 (59)
1123 2657 1184 2694 Γὰρ
1202 2644 1421 2694 τὸνμκυξιλῖκόν.
1438 2652 1542 2694 Mallem
1565 2648 1798 2694 οδοεεεξιτδιγᾲρ,

1014 2685 1178 2729 ut‘posttllat
1201 2690 1332 2729 orationis
1353 2696 1448 2729 nexus.
1465 2686 1664 2729 caeterum‘vel'
1677 2685 1800 2729 addeptta

1013 2721 1066 2756 rox‘
1088 2729 1183 2762 λόγον,
1206 2726 1248 2753 vel
1268 2729 1341 2762 certe
1362 2723 1531 2762 supplenda:
1554 2721 1682 2762 κυξιλικόν
1699 2723 1799 2762 autem
1839 2724 1846 2733 '

1013 2755 1090 2799 λόγον
1117 2755 1357 2799 appellat,_opinor
1375 2755 1512 2799 vuigatam
1530 2763 1558 2799 et
1573 2755 1798 2799 philosophorum

1014 2791 1060 2828 ore
1077 2791 1168 2826 tritam
1183 2791 1345 2827 orationem,
1359 2791 1509 2830 quae'nihil
1525 2792 1672 2830 admodum
1687 2791 1799 2830 naberet

1013 2825 1154 2870 éiﬁu’isiu,
1177 2825 1343 2870 cujusmodi‘
1359 2825 1401 2858 est
1433 2828 1668 2870 quod_sequitur,
1691 2825 1798 2853 Bonum

1014 2863 1092 2904 Boni,
1107 2863 1228 2904 adeoque
1240 2866 1352 2895 artificis
1365 2865 1484 2892 numinis
1499 2863 1586 2891 ideam
1600 2869 1671 2889 esse,

1621 2938 1659 2968 29
