2091 3208
320 162 373 190 θίιἹ

604 159 738 187 EUSEBII
759 156 1000 186 C/ESARIENSIS
1021 156 1096 183 OPP.
1118 156 1208 184 PARS
1229 155 1261 183 ll.
1283 172 1317 176 —
1337 155 1592 184 APOLOGETICA.

1892 157 1940 183 9t8

319 217 425 254 pulchri
449 217 640 244 communione
662 218 819 240 exornatus.
840 223 848 238 ι
869 212 940 239 Idem
964 220 1060 239 rursus
1077 212 1096 239 ir

1157 211 1287 248 μιουργοῦ
1300 212 1438 247 ἐγράψατο
1448 213 1477 238 ὲν
1495 213 1598 246 Τιμαίῳ
1610 211 1694 238 εἰπών
1703 220 1710 226 ·
1729 222 1738 237 ι
1751 213 1777 239 Ἀ
1783 213 1863 247 γαθὸς
1877 210 1918 248 ἦν·
1931 222 1939 238 ι

319 271 395 293 sexto
411 274 417 291 :
436 273 446 289 ί
464 263 614 293 Caeterum,
637 260 741 295 inquit,
763 258 894 294 quidquid
911 259 970 293 ejus
989 258 1016 284 in
1029 265 1105 285 com-

318 311 611 340 munionemvocatur,
634 307 715 334 unius
731 309 835 332 tantum
856 305 882 331 in
898 305 1039 340 sapientiae
1057 311 1100 330 vo-

319 362 407 388 catur,
427 356 526 390 quippc
537 353 610 388 quod
628 352 664 380 ita
681 352 790 379 demum
805 359 837 378 ex
854 351 941 386 ipsius
956 351 1020 378 boni
1037 359 1104 377 con—

315 401 456 436 junctione
472 400 589 427 fructum
606 398 725 432 aliquem
742 403 840 431 capere
851 395 951 430 possit,
966 402 1045 423 secus
1058 403 1107 422 au-

316 453 368 474 tom
384 446 497 473 nullum.
524 444 615 479 'Cujus
629 443 738 479 quidem
755 442 893 477 sapientia:
920 441 982 469 ions
995 441 1105 468 nonnisi

1157 258 1187 283 ὲν
1199 257 1226 284 δὲ
1239 259 1272 293 τῇ
1288 259 1426 292 Πολιτείᾳ
1437 259 1467 285 τὸ
1484 258 1597 293 ’Λγαθὸν
1605 256 1682 285 εἶπεν
1693 268 1701 284 ι
1719 258 1832 292 Ἀγαθοῦ
1849 259 1939 286 ἰδέαν-ι

1158 304 1195 335 ὠς
1207 303 1239 339 δὴ
1255 303 1301 330 τοῦ
1319 304 1489 340 Δημιουργοῦ
1514 305 1584 331 ἰδέαν
1600 303 1682 331 οὖσαν
1695 305 1725 332 τὸ
1748 305 1860 339 ἀγαθὸν,
1875 306 1940 337 ὅστις

1159 351 1295 385 πέφανται
1320 351 1386 385 ἡμῖν
1410 350 1510 384 ἀγαθὸς
1527 350 1654 386 μετουσίᾳ
1669 350 1717 376 τοῦ
1736 350 1844 386 πρώτου
1857 359 1886 377 τε
1899 349 1944 378 καὶ

1161 395 1252 430 μόνου.
1269 395 1362 426 Ὅπως
1382 395 1437 430 γάρ
1454 394 1590 431 ἄνθρωποι
1609 396 1657 431 μὲν
1671 395 1793 429 λέγονται
1812 395 1942 422 sumlib/-

1159 449 1205 472 τες
1221 440 1273 467 ὑπὸ
1295 440 1344 475 τῆς
1370 440 1513 476 ἀνθρώπου
1525 441 1606 472 ἰδέας,
1624 441 1684 476 βόες
1694 441 1716 467 δ’
1730 441 1782 468 ὑπὸ
1800 441 1850 476 τῆς
1863 441 1941 476 ιβὼς,

1157 487 1204 513 καὶ
1221 486 1298 512 ἵπποι
1313 486 1365 512 ὑπὸ
1376 486 1438 522 τῆς]
1457 487 1539 513 ἵππου
1558 487 1646 517 [δέκ’
1663 486 1735 514 οὕτω
1759 488 1807 514 καὶ
1821 487 1941 518 εἰκότως,

315 499 398 526 penes
415 491 533 526 primum
552 490 627 516 illum
645 496 706 516 esse
726 487 829 515 debuit.
863 486 1003 521 Siquidem
1021 494 1036 512 a
1049 493 1104 521 quo

1156 533 1170 558 ὁ
1184 532 1354 567 Δημιουργδς
1368 532 1447 568 εἴπερ
1460 534 1518 559 ἐστὶ
1527 533 1654 569 μετουσίᾳ
1662 533 1709 560 τοῦ
1722 533 1828 569 πρώτου
1844 532 1942 568 ἀγαθοῦ

315 544 410 564 caetera
437 537 527 564 omnia
554 543 615 562 cum
641 534 835 569 perfectionem
854 533 912 568 ipsa
936 540 1025 563 suam.
1046 537 1102 559 tum

315 583 433 617 aliquam
451 582 514 609 boni
532 582 662 608 rationem
676 579 829 614 accipiunt,
847 579 908 606 eine
935 583 1039 605 tantum
1052 578 1096 605 uni

1153 577 1265 612 ἀγαθὸς,
1278 578 1335 604 ἰδέα
1347 578 1380 605 ἂν
1397 579 1439 614 εἴη
1455 580 1470 605 δ
1484 579 1592 614 πρῶτος
1605 579 1677 611 νοῦς,
1693 579 1730 605 ὢν
1743 579 1918 613 αὐτοαγαθόν.
1931 588 1940 604 ι

314 630 373 656 haec
387 628 498 664 perfecti
524 628 587 655 boni
602 627 721 662 dignitas
740 626 815 657 insit,
847 630 976 660 praeterea
1007 624 1142 655 dubitare,
1163 624 1253 651 stolidi
1269 624 1390 659 profecto
1402 633 1434 652 ac
1448 626 1572 653 vecordis
1596 626 1680 653 animi
1703 625 1795 652 fuerit.
1825 624 1853 652 Si
1874 625 1941 652 enim

315 675 450 702 secundus
463 682 516 701 non
531 681 578 708 per
592 680 652 700 sese
665 673 753 700 bonus
766 679 824 704 est,
837 671 884 699 sed
900 675 1004 698 tantum
1017 670 1097 705 primi
1117 670 1264 702 beneﬁcio;
1290 670 1337 705 qui
1361 671 1469 698 tandem
1493 671 1550 699 lieri
1581 676 1689 706 posset,
1706 677 1736 698 ut
1752 672 1832 705 cujus
1866 672 1943 700 unius

314 721 505 749 communione
523 720 612 747 bonus
630 719 698 746 alter
710 719 761 746 iste
793 718 837 751 sit,
855 718 879 745 is
899 717 990 752 ipsum
1025 724 1071 751 per
1084 724 1145 744 sese
1164 716 1265 744 bonum
1284 724 1337 744 non
1352 723 1438 751 esset;
1455 717 1574 745 maxime
1589 726 1669 750 vero,
1687 726 1748 745 cum
1762 718 1898 746 secundus
1913 725 1942 746 eo

314 770 446 795 duntaxat
460 775 513 802 qua
531 766 619 793 bonus
637 771 678 793 est
689 764 861 801 perfruatur?
885 764 923 791 ita
956 772 1021 792 sane
1034 763 1121 796 Plato,
1141 762 1163 790 si
1198 770 1253 790 rem
1270 768 1350 792 acute
1375 764 1524 799 dispicias,
1548 765 1650 792 bonum
1675 773 1759 792 unum
1781 772 1842 792 csse
1864 773 1942 801 argu.

314 819 406 854 mento
438 812 564 841 confecit.
601 821 610 836 ι
637 811 757 846 itemque
777 811 859 846 paulo
883 814 967 845 post:
986 819 995 835 ι
1021 808 1078 836 Hoc
1111 808 1290 843 philosophiae
1312 817 1415 844 genus,
1440 810 1502 837 alibi
1528 810 1637 844 quidem
1665 811 1743 837 aliter
1770 810 1941 838 informatum

313 861 390 888 l‘lato
422 867 454 887 ac
482 857 640 885 distinctum
665 856 783 891 reliquit.
809 855 877 882 Nam
904 855 950 889 qui
974 855 1099 889 privatim
1114 854 1142 881 in
1164 853 1276 886 Timaeo,
1302 855 1440 890 vulgarem
1464 855 1610 890 quamdam
1631 855 1727 882 artiﬁci
1740 855 1795 882 Deo
1810 856 1939 884 rati0nem

313 905 468 939 descripsit,
484 903 547 930 dum
559 903 607 933 ait.
620 911 629 928 ι
642 902 731 929 bonus
743 906 801 928 erat
815 910 823 928 :
841 911 849 926 ι
859 901 929 928 idem
942 902 968 928 in
981 900 1134 935 Republica,
1143 900 1244 928 bonum
1256 910 1265 926 ι
1281 901 1343 928 boni
1356 901 1443 928 ideam
1457 910 1466 926 ι
1481 908 1541 928 esse
1552 901 1720 936 pronuntiat,
1731 902 1830 936 quippe
1840 902 1938 930 bonum

313 951 426 978 artificis
441 957 502 978 esse
515 948 663 982 deﬁniens,
690 955 770 983 quem
795 948 904 975 nonnisi
927 947 1007 983 primi
1028 947 1102 975 illius
1127 947 1267 983 soliusque
1290 948 1354 975 boni
1379 948 1572 976 communione
1604 949 1705 976 bonum
1737 956 1797 977 esse
1816 950 1938 985 cognovi-

314 996 630 1030 mus.Quemadmodum
663 994 734 1022 enim
767 993 893 1021 homines
921 993 1051 1026 hominis,
1078 993 1210 1028 bovisque
1224 994 1317 1025 boves,
1340 994 1404 1028 equi
1428 993 1552 1021 similiter
1573 994 1632 1022 idea
1654 993 1839 1022 coniormatos
1858 1003 1941 1030 equos

313 1045 453 1075 dicimus;
470 1044 506 1070 ita
522 1051 606 1075 sane,
619 1049 681 1069 cum
697 1039 793 1067 artifex
807 1040 888 1075 primi
910 1040 974 1067 boui
1005 1040 1199 1067 communione
1212 1040 1300 1068 bonus
1316 1040 1368 1072 sit,
1389 1047 1466 1068 mens
1498 1041 1556 1075 ipsa
1587 1041 1674 1075 prima
1685 1061 1693 1074 ,
1714 1049 1774 1076 qute
1797 1041 1941 1077 ipsummet

312 1097 434 1125 per-sese
447 1090 547 1116 bonum
565 1089 610 1120 sit,
629 1087 688 1115 idea
703 1087 765 1122 jure
780 1086 898 1114 dicatur.
915 1095 924 1112 ι

544 1135 626 1171 545
643 1133 757 1162 CAPUT
770 1133 865 1161 xxui.

559 1182 598 1209 De
611 1181 760 1208 Platonicis
772 1181 849 1208 ideis.

350 1239 360 1256 ι
375 1230 444 1256 (ium
462 1229 555 1263 igitur,
577 1227 666 1262 inquit
680 1227 767 1258 Plato,
788 1230 948 1261 procreatus
968 1225 1004 1252 ita
1020 1225 1098 1252 fuerit

313 1275 443 1311 (mundus
454 1273 600 1308 videlicet),
626 1273 748 1308 sequitur
760 1273 850 1307 ipsum
880 1272 912 1298 ad
934 1271 1098 1305 exemplaris

314 1322 442 1356 alicujus,
454 1320 528 1356 quod
555 1320 661 1347 ratione
682 1323 786 1346 tantum
805 1326 837 1345 ac
859 1323 949 1345 mente
963 1318 1096 1352 capiatur,

312 1368 440 1402 quodque
459 1366 553 1394 eodem
568 1373 598 1393 se
612 1364 694 1392 modo
720 1372 829 1399 semper
843 1363 951 1398 habeat,
967 1363 1098 1391 imitatio-

312 1422 373 1441 nem
388 1413 558 1441 elaboratum
571 1411 665 1439 fuisse.
689 1410 717 1438 Id
742 1411 815 1446 quod
829 1410 851 1438 si
869 1410 953 1438 semel
972 1410 1098 1438 concedi-

311 1466 367 1493 tur,
384 1459 517 1487 mundum
534 1459 616 1486 etiam
644 1457 717 1485 hunc
732 1456 849 1492 alicujus
873 1456 1019 1491 imaginem
1037 1463 1098 1483 esse

312 1505 488 1536 concedatur,
502 1511 613 1531 necesse
625 1508 677 1531 est.
690 1502 758 1530 Nam
776 1503 915 1538 exemplar
926 1502 1036 1537 quidem
1065 1502 1098 1528 il—

311 1552 356 1578 htd
372 1551 425 1578 vim
439 1550 602 1586 spiritalium
616 1549 795 1576 animantium
811 1548 978 1580 universam,
997 1549 1034 1575 uti
1048 1556 1097 1575 nos

310 1598 362 1624 iste
384 1597 513 1629 mundus,
529 1596 556 1623 in
574 1603 634 1623 sese
656 1593 855 1630 complectitur.
869 1603 878 1620 ι
897 1593 960 1622 Haec
977 1593 1054 1621 Plato
1070 1594 1096 1621 in

312 1644 421 1670 Tima-o.
438 1642 524 1677 Cujus
540 1649 590 1677 ego
604 1641 655 1668 loci
679 1641 854 1673 sententiam,
875 1641 966 1673 exiis,
981 1648 1042 1676 qua:
1056 1640 1098 1667 Di-

311 1689 408 1724 dymus
428 1688 461 1715 de
474 1687 596 1714 Platonis
612 1686 787 1721 opinionibus
808 1685 982 1720 conscripsit,
998 1685 1024 1711 in
1041 1693 1097 1712 me-

311 1734 384 1760 dium
402 1731 547 1768 proferam.
560 1731 606 1759 Sic
617 1735 707 1758 autem
723 1731 780 1765 ipse
796 1730 917 1765 loquitur
934 1739 940 1756 :
962 1741 971 1755 ι
982 1729 1095 1762 Eorum,

310 1779 409 1814 inquit,
420 1786 480 1813 qua:
492 1786 541 1813 pro
556 1781 660 1805 natura:
679 1785 736 1805 sua:
746 1777 862 1809 ratione,
876 1777 1004 1805 sensibus
1017 1785 1098 1804 usur-

310 1830 419 1861 pantur,
436 1828 510 1852 certa
522 1824 646 1859 quaedam
666 1824 693 1851 in
723 1831 830 1859 quoque
860 1830 958 1858 genere
981 1831 1013 1851 ac
1032 1823 1096 1851 deﬁ<

310 1871 366 1898 nito
378 1871 541 1906 eiemplaria
553 1892 560 1904 ,
577 1877 647 1904 quas
675 1869 749 1896 ideas
760 1869 886 1902 vocabat,
905 1867 981 1896 Plato
992 1869 1095 1896 consti-

308 1918 370 1951 tuit,
385 1917 484 1953 quibus
493 1916 602 1952 proprie
613 1924 675 1944 cum
697 1916 828 1947 scientiae,
846 1921 902 1943 tum
929 1915 1095 1943 deﬁnitionis

308 1965 378 1992 ratio
403 1963 557 1992 conveniat.
585 1963 693 1994 Etenim
720 1967 818 1998 praeter
842 1969 938 1990 omnes
958 1962 1093 1994 homines,

307 2009 465 2042 hominem;
481 2013 578 2044 praeter
587 2016 684 2043 equos,
700 2015 817 2042 equum;
843 2012 926 2043 atque
941 2008 968 2039 in
986 2008 1095 2035 univer-

308 2063 367 2083 sum
380 2060 482 2090 praeter
501 2054 655 2082 animantes
683 2060 789 2087 omnes,
816 2054 981 2081 animantem
999 2061 1096 2088 quem-

308 2102 369 2128 dam
382 2107 444 2130 ortu
457 2101 538 2131 simul
554 2101 722 2136 interituque
735 2104 873 2127 carentem
901 2099 994 2126 animo
1018 2098 1091 2133 cogi-

309 2147 370 2174 tari.
390 2147 423 2174 Et
434 2147 663 2182 quemadmodum
694 2146 775 2173 unius
803 2145 982 2180 ejusdemque
1011 2145 1093 2180 sigilli

307 2199 443 2226 expressa:
454 2191 609 2226 complures
619 2190 712 2218 forma:
727 2191 833 2225 virique
863 2189 946 2217 unius
962 2190 1094 2225 imagines

307 2237 448 2272 permultae
475 2244 535 2264 esse
557 2242 688 2272 possunt;
702 2238 738 2264 ita
753 2245 865 2272 prorsus
881 2244 914 2264 ex
927 2242 1094 2270 unaquaque

307 2290 388 2310 sensu
404 2286 593 2318 perceptarum
608 2289 753 2317 corporum
766 2282 837 2314 idea,
860 2282 914 2308 vim
932 2286 1092 2308 naturarum

308 2329 444 2363 ingentem
456 2328 603 2356 exsistere:
616 2329 690 2356 verbi
705 2336 788 2356 causa
805 2336 837 2355 ex
864 2327 1006 2355 hominum
1020 2326 1091 2357 idea.

306 2374 431 2401 homines
451 2374 611 2407 universos;
627 2374 699 2409 quod
715 2374 807 2409 ipsum
822 2374 855 2401 de
869 2373 976 2401 caneris
1001 2373 1091 2400 omni-

305 2422 356 2450 bus
369 2422 406 2450 sit
420 2429 470 2457 pro
478 2430 527 2450 sua
543 2422 676 2457 cujusque
687 2427 784 2449 natura
802 2420 987 2448 statuendum.
1001 2419 1091 2447 ldcam

1404 1133 1601 1160 ΚΕΦΔΛΑΙΟΝ
1616 1133 1678 1160 Kl".

1289 1180 1358 1214 Περὶ
1379 1180 1438 1206 τῶν
1460 1180 1540 1214 παρὰ
1554 1180 1691 1207 Πλάτωνι
1706 1179 1803 1207 ἰδεῶν.

1184 1236 1195 1252 4
1227 1226 1304 1254 Οὕτω
1333 1227 1360 1253 δὲ
1385 1227 1568 1263 γεγενημένος
1598 1227 1653 1263 (ιο)
1684 1227 1821 1263 (δηλονότι
1847 1229 1862 1254 ὸ
1895 1227 1939 1254 κό-

1150 1280 1216 1307 σμος
1230 1272 1314 1308 (41),)
1323 1273 1390 1308 πρὸς
1400 1274 1430 1299 τὸ
1438 1273 1509 1309 λόγῳ
1517 1274 1564 1300 καὶ
1572 1274 1702 1309 φρονήσει
1709 1273 1885 1309 περιληπτὸν,
1896 1273 1940 1301 καὶ

1149 1319 1219 1346 κατὰ
1234 1319 1270 1346 τὰ
1284 1319 1354 1346 αὐτὰ
1370 1319 1430 1355 ἕχον
1444 1319 1682 1356 δεδημιούργηται.
1696 1320 1804 1347 Τούτων
1817 1320 1844 1347 δὲ
1856 1320 1940 1357 ὑπαρ-

1148 1363 1260 1399 χόντων,
1276 1362 1310 1391 αὗ
1336 1366 1412 1391 πᾶσα
1429 1365 1536 1401 ἀνάγκη
1561 1365 1634 1392 τόνδε
1659 1365 1704 1391 τὸν
1726 1366 1827 1400 κόσμον
1849 1366 1939 1392 εἰκόνα

1147 1410 1219 1442 τινὸς
1232 1407 1301 1437 εἶναι
1318 1411 1384 1446 (42).
1402 1411 1443 1438 Τὰ
1458 1411 1513 1447 γὰρ
1529 1411 1561 1447 δὴ
1578 1411 1662 1447 νοητὰ
1677 1411 1734 1443 ζῶα
1750 1411 1840 1439 πάντα
1854 1412 1939 1438 ἐκεῖνο

1148 1455 1293 1491 περιλαϐὸν
1305 1457 1361 1492 ἔχει
1375 1458 1403 1484 ἐν
1415 1457 1513 1492 ἑαυτῷ,
1523 1458 1648 1494 καθάπερ
1656 1458 1692 1484 ὅδ’
1701 1459 1715 1484 ὁ
1727 1459 1830 1494 κόσμος
1837 1459 1919 1494 ἡμᾶς.
1927 1468 1936 1484 ι

1148 1502 1240 1529 Ταῦτα
1267 1503 1316 1538 μὲν
1333 1504 1348 1530 ὁ
1364 1503 1475 1530 Πλάτων
1489 1504 1518 1530 ὲν
1543 1505 1658 1539 Τιμαίῳ.
1676 1505 1730 1540 Τὴν
1744 1505 1772 1531 δὲ
1797 1505 1851 1532 τῶν
1866 1506 1939 1540 εἰρη-

1149 1548 1236 1583 μένων
1253 1548 1372 1576 διάνοιαν
1394 1550 1425 1575 ἐκ
1450 1549 1504 1576 τῶν
1524 1550 1633 1585 Διδύμῳ
1648 1550 1704 1585 (45)
1725 1550 1789 1586 περὶ
1808 1550 1862 1576 τῶν
1876 1551 1939 1586 ἁρε-

1148 1595 1266 1621 σκόντων
1285 1595 1408 1622 Πλάτωνι
1425 1596 1646 1632 συντεταγμένων
1663 1596 1823 1632 ἐκθήσομαι.
1839 1597 1939 1632 Γράφει

1147 1639 1175 1665 δὲ
1192 1639 1278 1672 οὕτως
1290 1648 1296 1655 ι
1313 1649 1322 1664 ι
1342 1639 1402 1667 Τῶν
1421 1641 1492 1668 κατὰ
1514 1641 1595 1675 φύσιν
1617 1641 1753 1676 αἰσθητῶν
1770 1641 1841 1668 κατὰ
1862 1643 1938 1676 γένος

1147 1684 1286 1721 ὡρισμένα
1299 1685 1359 1712 τινὰ
1368 1686 1576 1722 παραδείγματα
1587 1686 1707 1722 φάμενος
1717 1684 1785 1713 εἶναι
1794 1687 1843 1718 τὰς
1856 1687 1938 1719 ἰδέας,

1146 1728 1184 1757 ὧν
1207 1731 1256 1763 τὰς
1280 1732 1434 1768 ἐπιστήμας
1454 1732 1577 1766 γίνεσθαι
1592 1733 1639 1760 καὶ
1663 1733 1726 1765 τοὺς
1752 1733 1841 1769 ὄρους.
1860 1733 1938 1769 Παρὰ

1149 1776 1252 1808 πάντας
1272 1776 1324 1813 γὰρ
1337 1776 1497 1813 ἀνθρώπους
1511 1778 1654 1814 ἄνθρωπόν
1669 1787 1730 1805 τινα
1744 1778 1876 1805 νοεῖσθαι·
1892 1779 1939 1805 καὶ

1147 1821 1222 1857 παρὰ
1238 1822 1341 1854 πάντας
1353 1822 1452 1855 ἵππους
1465 1823 1563 1850 ἵππον·
1574 1824 1619 1851 καὶ
1634 1824 1731 1856 κοινῶς
1746 1824 1822 1859 παρὰ
1834 1825 1868 1851 τά
1881 1824 1940 1856 ζῶα

1145 1868 1214 1901 ζῶον
1230 1869 1360 1905 ἀγένητον
1382 1871 1429 1897 καὶ
1448 1870 1595 1906 ἄφθαρτον.
1615 1872 1662 1898 Ὃν
1685 1872 1785 1908 τρόπον
1806 1872 1835 1899 δὲ
1856 1880 1940 1908 σφρα-

1145 1915 1217 1949 γῖδος
1233 1916 1297 1951 μιᾶς
1312 1916 1448 1951 ἐκμαγεῖα
1459 1915 1581 1950 γίνεσθαι
1596 1917 1691 1946 πολλὰ.
1709 1918 1756 1944 καὶ
1779 1918 1880 1953 συχνὰς
1900 1919 1938 1944 ει-

1145 1961 1226 1993 κόνας
1251 1961 1310 1993 ἐνὸς
1334 1962 1448 1997 ἀνδρός·
1463 1962 1549 1994 οὕτως
1574 1964 1607 1990 ὲκ
1634 1964 1699 1998 μιᾶς
1718 1963 1837 1999 ἑκάστης
1864 1964 1938 1995 ἰδέας

1145 2007 1280 2043 αἰσθητῶν
1294 2008 1428 2043 σωμάτων
1441 2008 1537 2043 φύσεις
1556 2009 1740 2045 παμπληθεῖς,
1758 2010 1807 2044 τῆς
1826 2011 1876 2044 μὲν
1889 2011 1938 2037 ἀν-

1145 2053 1260 2089 θρώπων
1276 2053 1436 2089 ἀνθρώπους
1452 2054 1585 2088 ἅπαντας,
1597 2055 1644 2081 καὶ
1661 2055 1731 2081 κατὰ
1741 2055 1786 2081 τὸν
1801 2056 1883 2082 αὑτὸν
1899 2056 1939 2082 λό-

1144 2109 1192 2135 γον
1215 2100 1262 2127 ὲπὶ
1285 2100 1339 2127 τῶν
1361 2100 1449 2127 ἄλλων
1471 2101 1525 2137 τῶν
1542 2101 1612 2128 κατὰ
1629 2101 1719 2135 φύσιν.
1735 2099 1811 2129 Εἶναι
1837 2102 1867 2128 δὲ
1887 2102 1938 2138 τὴν

1145 2146 1228 2178 ἰδέαν,
1253 2146 1337 2173 ἀῖδιον
1353 2147 1446 2173 οὐσίαν
1470 2147 1560 2173 αἰτίαν
1582 2147 1629 2173 καὶ
1646 2147 1732 2182 ἀρχὴν
1748 2147 1796 2174 τοῦ
1819 2147 1937 2175 ἕκαστον

1144 2189 1213 2218 εἶναι
1224 2191 1355 2223 τοιοῦτον,
1365 2191 1408 2218 οἶα
1422 2193 1495 2219 ἐστὶν
1506 2192 1587 2228 αὓτη.
1600 2192 1732 2228 Καθάπερ
1745 2190 1792 2220 οὗν
1803 2193 1852 2225 τὰς
1865 2193 1937 2220 κατὰ

1145 2237 1226 2272 μέρος
1242 2237 1336 2272 ὥσπερ
1352 2238 1504 2273 ἀρχέτυπον
1524 2238 1578 2264 τῶν
1599 2238 1735 2274 αἰσθητῶν
1754 2239 1936 2274 προηγεῖσθαι

1143 2284 1286 2319 σωμάτων,
1309 2283 1394 2315 οὕτως
1409 2284 1458 2319 τὴν
1477 2284 1566 2316 πάσας
1590 2285 1618 2311 ἐν
1635 2285 1720 2320 ἑαυτῇ
1743 2285 1934 2321 περιέχουσαν,

1143 2329 1290 2365 καλλίστην
1301 2331 1348 2357 καὶ
1361 2330 1531 2366 τελειοτάτην
1544 2329 1637 2361 οὖσαν.
1651 2331 1783 2367 ὑπάρχειν
1794 2331 1871 2357 τοῦδε
1884 2340 1935 2358 πα-

1144 2376 1276 2412 ράδειγμα
1297 2376 1344 2403 τοῦ
1368 2377 1480 2412 κόσμου.
1506 2378 1576 2413 Πρὸς
1592 2377 1645 2414 γὰρ
1673 2377 1775 2412 ταύτην
1795 2377 1935 2412 ἀφομοω»

1143 2423 1223 2450 θέντα
1241 2423 1293 2449 ὑπὸ
1307 2422 1352 2449 τοῦ
1378 2423 1626 2459 δημιουργήσαντος
1648 2423 1727 2450 αὑτὸν
1748 2423 1934 2462 ἀπειργάσθαι

304 2475 386 2502 porro
397 2468 591 2504 sempiternam
605 2468 751 2503 quamdam
777 2467 926 2495 essentiam
951 2474 1012 2494 esse
1023 2466 1090 2497 vult,

1146 2468 1221 2499 Θεοῦ,
1242 2468 1311 2495 κατὰ
1324 2468 1460 2503 πρόνοιαν,
1477 2469 1509 2495 ὲκ
1524 2469 1572 2504 τῆς
1584 2468 1673 2503 πάσης
1685 2469 1789 2500 οὐσίας.
1811 2478 1821 2494 ι
1840 2468 1934 2495 Ταῦτα

306 2521 366 2547 qua:
378 2515 459 2542 rebus
473 2514 587 2550 singulis
602 2521 685 2541 causa
699 2513 919 2549 principiumque
931 2513 978 2544 sit,
989 2516 1091 2547 utqua-

1139 2515 1186 2541 καὶ
1203 2514 1256 2541 άπδ
1273 2514 1319 2541 τοῦ
1334 2514 1518 2550 δεδηλωμένον
1533 2514 1638 2550 ἀνδρὸς.
1655 2514 1752 2541 Φθάνει
1772 2523 1803 2549 γε
1818 2515 1871 2551 μὴν
1884 2515 1933 2542 καὶ

307 2559 339 2585 lis
356 2559 414 2593 ipsa
424 2564 476 2592 est.
489 2560 556 2587 tales
566 2568 628 2588 esse
641 2560 756 2595 possint.
782 2558 818 2587 Ut
842 2559 925 2594 igitur
939 2558 1091 2593 peculiares

1146 2560 1224 2587 ταῦτα
1236 2560 1354 2596 Μωῦσῆς
1366 2561 1380 2586 ὁ
1395 2561 1542 2595 πάνσοφος,
1554 2561 1607 2596 πρὸ
1617 2560 1664 2588 τοῦ
1676 2561 1840 2596 φαινομένου
1854 2561 1932 2596 ἡλίου

307 2605 373 2632 ideae
391 2612 471 2633 sensu
481 2611 605 2640 percepta
622 2613 749 2640 corpora,
770 2605 810 2633 sic
840 2611 969 2640 tanquam
995 2604 1092 2631 arche-

343 2681 397 2719 (ρο)
412 2682 499 2719 οὕτω
508 2683 541 2709 δὲ
547 2683 755 2719 γεγενημένος.
771 2681 833 2719 Haec
852 2682 939 2719 fusius
951 2690 965 2709 a
979 2681 1090 2710 Platone

306 2715 480 2754 disputantur
494 2717 520 2744 in
538 2715 720 2754 Tiniwofpag.
736 2715 789 2754 526
803 2717 900 2745 Ficini.

337 2750 553 2813 {litiigsztnylordn
575 2755 591 2780 ό
609 2750 732 2788 κόάμός.
756 2753 818 2780 llaec
838 2752 1010 2788 parenthesis
1032 2751 1087 2779 Eu-

306 2793 498 2857 “aestiuo;
511 2819 595 2853 εἶναι.
609 2822 673 2850 Post
686 2823 742 2850 hanc
757 2823 848 2854 verba.
867 2822 951 2849 multa
966 2829 1087 2857 sequun-

307 2858 350 2882 tur
364 2856 391 2882 in
407 2855 517 2884 Platone
532 2865 592 2890 qua:
610 2858 789 2890 praetermittit
812 2857 952 2885 Eusebius.
967 2855 1085 2885 Paucula

1138 2607 1185 2634 καὶ
1207 2607 1324 2643 ἄστρων,
1350 2607 1396 2634 καὶ
1413 2607 1465 2642 πρὸ
1488 2606 1535 2633 τοῦ
1561 2607 1700 2642 ὁρωμένου
1723 2607 1850 2642 οὐρανοῦ,
1865 2607 1879 2633 ὂ
1896 2607 1932 2642 δὴ

1143 2705 1207 2724 vero
1222 2705 1282 2732 qum
1299 2696 1446 2732 subtexuit.
1462 2703 1533 2729 .egcs
1548 2695 1612 2722 ibid.
1623 2703 1690 2730 .pag.
1703 2695 1764 2732 5‘23.

1179 2730 1238 2766 (43f
1251 2732 1364 2766 Διὸὐμῳ
1388 2731 1473 2758 Notus
1494 2731 1538 2758 ille
1551 2736 1601 2763 est,
1619 2732 1653 2757 dc
1670 2738 1725 2764 quo
1745 2731 1801 2757 haec
1817 2730 1931 2765 Suidas,

1141 2768 1266 2803 Δίδυμος,
1282 2768 1379 2803 inquit.
1396 2767 1510 2803 Ἀτήῖος.
1525 2766 1541 2801 ἤ
1557 2766 1665 2803 ’.Ᾱτῖιος
1680 2766 1867 2803 χρηματίσας,
1880 2774 1927 2799 φι-

1141 2775 1266 2803 Διουμος,
1282 2775 1379 2802 Inqutt.
1398 2775 1510 2827 'A'rtyog.
1525 2775 1541 2801 η
1569 2775 1665 2796 nuto;
1680 2775 1863 2801 χρηματισας,
1880 2775 1927 2799 φι-

1140 2803 1252 2837 λόσοφος
1281 2802 1450 2837 ’Λκαδημαῖχ
1467 2810 1480 2833 ς
1493 2821 1500 2832 ,
1530 2800 1655 2837 πιθανῶν
1671 2801 1718 2837 καὶ
1752 2801 1928 2836 σοφισμάτων

1139 2835 1230 2869 λύσείς
1243 2839 1271 2864 ἐν
1284 2835 1396 2874 βιϐλίοις
1410 2836 1442 2872 β’,
1458 2837 1503 2863 καὶ
1515 2836 1582 2864 ἄλλα
1599 2835 1692 2862 πολλά.
