2091 3208
213 168 267 196 909

795 170 955 198 PI‘uEPAR.
975 168 1101 198 EVANG.
1121 169 1185 197 LIB.
1209 169 1253 197 ΧΙ.

1778 172 1831 197 “ill

210 229 353 265 στερέωμα
378 229 465 262 καλεῖ,
483 230 535 265 πρό
549 238 577 257 τε
594 230 642 265 τῆς
661 230 722 257 καθ’
738 231 810 265 ἡμᾶς
834 230 918 267 ξηρᾶς
934 231 996 266 γῆς,

1050 234 1142 265 typum
1168 230 1279 266 aliquod
1307 230 1549 266 antegrediuntur:
1570 230 1608 258 ita
1625 229 1835 265 pulcherrimam

209 275 258 301 καὶ
274 274 327 311 πρὸ
342 275 391 311 τῆς
406 277 470 312 παρ’
485 276 550 311 ἡμῖν
565 276 681 312 ἡμέρας,
695 277 742 302 καὶ
755 276 861 308 νυκτὸς,
877 276 933 310 φῶς
945 277 1000 303 ἓτε-

211 329 257 356 ρον
274 321 350 356 παρὰ
373 322 403 348 τὸ
417 322 463 348 τοῦ
488 322 574 357 ὴλίου,
592 322 698 358 ἡμέραν
716 331 746 349 τε
765 322 819 357 (44)
837 323 883 349 καὶ
903 322 998 354 νύκτα,

209 368 256 393 καὶ
271 367 304 394 τὰ
316 368 397 394 λοιπὰ
413 369 479 403 πρὸς
495 369 541 394 τοῦ
565 370 752 403 πανηγεμόνος
774 370 819 395 καὶ
835 370 921 396 αἰτίου
946 370 999 395 τῶν

208 414 277 440 ὅλων
291 414 358 440 Θεοῦ
375 414 538 449 πεποιῆσθαι
556 414 697 440 διδάσκων.
724 414 800 440 Ἀλλὰ
823 416 869 441 καὶ
890 416 913 441 οἱ
931 415 1000 449 μετὰ

208 461 329 488 Μωῠσέα
345 462 437 493 παῖδες
460 462 591 497 Ἐϐραίων
606 461 680 496 ἥλιόν
695 471 755 488 τινα
771 461 839 488 εἶναι
856 462 999 497 ἀσώματον

208 508 239 533 οὐ
255 509 336 534 πᾶσιν
352 508 459 542 ὁρατὸν,
477 508 536 534 οὐδὲ
551 508 657 543 Θνητοῖς
671 509 818 543 ὀρθαλμοῖς
830 510 999 544 ὑπαγόμενον

207 554 354 589 ὁρίζονται,
375 554 411 584 ὡς
425 554 437 579 ὁ
455 554 596 588 προφήτης
613 555 643 580 ὲκ
656 554 800 589 προσώπου
813 554 878 580 Θεοῦ
895 554 981 588 λέγων
991 563 997 569 ”

211 610 222 625 ‹
240 601 301 632 Τοῖς
324 600 351 626 δὲ
369 600 543 635 φοόουμένοις
562 609 596 634 με
620 601 743 626 ἀνατελεῑ
766 600 840 634 ἥλιος
860 601 998 627 δικαιοσύ-

209 655 269 682 νης.
288 656 296 671 ι
316 647 370 672 Καὶ
391 646 475 681 αὐτὴν
492 646 519 672 δὲ
534 646 716 680 δικαιοσύνην,
738 646 796 680 οὐχὶ
812 646 860 681 τὴν
878 646 956 672 ποιὰν
971 648 999 672 ὲν

208 692 373 727 ἀνθρώποις,
391 692 457 718 ἀλλὰ
483 692 531 727 τὴν
549 692 648 727 ταύτης
672 692 742 718 ἰδέαν
763 691 830 718 οἶδεν
859 692 937 724 ἄλλος
958 694 999 719 Ἐ-

208 739 309 774 6ραίωι.
323 739 475 774 προερήτης,
487 740 500 764 ὁ
514 740 602 773 φήσας
618 739 679 774 περὶ
693 739 740 765 τοῦ
754 739 832 765 Θεοῦ·
853 749 861 764 ι
880 740 927 770 Τίς
943 740 1000 775 ἐξή-

208 793 300 819 γειρεν
313 784 368 819 (45)
385 784 438 811 ἀπὸ
455 784 590 811 ἀνατολῶν
604 785 793 819 δικαιοσύνηνς
812 785 939 811 ἐκάλεσεν
952 787 1000 811 αὺ-

208 831 258 866 τὴν
275 831 345 857 κατὰ
366 831 510 866 πρόσωπον
534 831 626 862 αὑτοῦ,
642 831 688 857 καὶ
712 830 874 866 πορεύσεται
890 832 912 857 δ’
935 832 1000 858 ὡσεὶ

208 876 324 902 ἐνώπιον
337 875 431 902 ἐθνῶν.
453 886 461 901 ι
476 876 529 902 Καὶ
544 876 627 909 Λόγον
641 875 669 901 δὲ
683 875 761 907 θεῖον,
784 875 938 911 ἀσώματον,
954 878 999 903 καὶ

207 921 324 956 οὺσιώδη
341 922 441 956 ἀρτίως
463 923 527 956 ἡμῖν
548 922 562 947 ὁ
579 922 666 953 κοινὸς
692 922 771 957 ἡμῶν
792 922 870 955 λόγος
891 922 956 956 (46),
971 923 999 948 ἐν

207 971 264 1000 τοῖς
282 968 399 1004 πρόσθεν
416 968 469 994 ἀπὸ
485 968 534 1003 τῆς
558 968 689 1003 Ἐϐραίων
712 969 860 1003 παρίστησι
878 970 997 1005 Γραφῆς.

208 1011 247 1041 Ob
266 1015 330 1050 περὶ
349 1014 427 1049 λόγου
451 1015 497 1041 καὶ
511 1014 573 1040 τάδε
594 1016 658 1049 παρ’
673 1016 762 1046 αὐτοῖς
779 1015 902 1050 εἴρηται-
922 1025 930 1040 ι
952 1017 999 1047 Ὃς

207 1061 339 1096 ἐγεννήθη
364 1061 418 1095 (47)
431 1062 495 1095 ἡμῖν
517 1061 596 1095 σοφία
611 1061 664 1087 ἀπὸ
682 1060 759 1091 Θεοῦ,
778 1061 934 1097 δικαιοσύνη
959 1070 997 1093 τε,

208 1107 256 1134 καὶ
269 1107 412 1142 ἁγιασμὸς,
430 1107 475 1133 καὶ
490 1107 687 1142 ἀπολύτρωσις.
710 1117 718 1133 ι
740 1108 854 1141 Λέγεται
872 1108 917 1133 καὶ
931 1107 997 1143 ζωὴ,

206 1154 316 1188 λέγεται
341 1154 387 1180 καὶ
401 1154 490 1187 σοφία,
514 1154 621 1187 λέγεται
642 1154 689 1180 καὶ
705 1154 825 1189 ἀλήθεια
844 1155 889 1181 καὶ
911 1155 999 1181 πάντα

206 1201 243 1227 τὰ
270 1201 330 1226 κατ’
346 1200 439 1226 οὐσίαν
454 1200 517 1225 όντα
542 1208 571 1225 τε
595 1200 642 1226 καὶ
663 1200 803 1234 ὑφεστῶτα
822 1201 846 1226 οἰ
867 1201 999 1235 Ἐϐραίων

206 1246 283 1280 λόγοι
307 1246 493 1273 διδάσκουσιν·
512 1245 546 1280 (εί
568 1246 599 1281 δὴ
624 1246 678 1281 (48)
700 1246 819 1281 Ἑϐραῖοι
842 1246 889 1272 καὶ
913 1247 938 1272 οἱ
952 1247 998 1272 τοῦ

206 1293 334 1328 Σωτῆρος
356 1293 433 1327 ἡμῶν
448 1292 590 1319 ἀπόστολοι
609 1300 638 1318 τε
655 1292 700 1318 καὶ
719 1292 861 1327 μαθηταὶ),
877 1292 920 1318 να¹ι
947 1293 999 1327 μὴν

207 1339 256 1364 καὶ
278 1338 379 1373 μυρίας
395 1338 476 1370 ἄλλοις
495 1339 653 1373 ἀσωμάτους
677 1338 815 1372 δυνάμεις,
841 1338 954 1373 οὐρανοῦ
970 1347 998 1364 τε

206 1384 346 1415 ἐπέκεινα,
360 1386 405 1411 καὶ
422 1385 511 1419 πάσης
527 1385 575 1419 τῆς
586 1385 679 1419 ὑλικῆς
694 1385 740 1411 καὶ
756 1385 870 1419 ροώόους
884 1385 977 1416 οὐσίας
990 1394 996 1400 ”

206 1428 246 1457 ὧν
260 1430 308 1462 τὰς
321 1431 427 1462 εἰκόνας
441 1432 468 1456 εν
478 1432 533 1462 τοῖς
545 1430 682 1465 αἰσθητοῖς
690 1440 755 1465 φασι
771 1432 996 1459 κατατυπῶσαιι.

213 1479 272 1513 Ἐφ’
286 1477 322 1505 ὧν
336 1479 384 1514 ἤδη
401 1479 446 1505 καὶ
467 1479 585 1514 τοῦνομα
605 1480 653 1515 τῆς
675 1480 777 1512 εἰκόνος
797 1481 996 1515 παρειλήφασι·

205 1523 253 1549 τὸν
277 1523 340 1558 γοῦν
361 1524 501 1558 ἄνθρωπον
516 1524 608 1550 εἰκόνα
632 1525 781 1560 διαρρήδην
803 1525 897 1561 νοητοῦ
915 1535 999 1562 παρα-

1052 274 1126 302 illam
1151 279 1234 310 atque
1257 275 1501 310 perfectissimam,
1529 284 1590 311 qua:
1612 281 1725 304 caeteras
1741 283 1837 303 omnes

1051 322 1112 349 sinu
1129 330 1180 349 suo
1190 322 1390 356 complectitur,
1409 323 1505 350 mundi
1519 322 1600 357 hujus
1626 322 1764 357 exemplar
1776 330 1837 349 esse

1051 368 1170 395 defendit
1186 377 1191 393 :
1222 370 1294 402 quod
1318 369 1377 403 ejus
1394 370 1426 395 ad
1445 369 1634 400 imitationem,
1660 368 1781 395 auctoris
1793 369 1836 395 sui

1051 414 1238 448 moliturisquc
1254 414 1301 441 Dei
1318 415 1486 448 providentia
1512 414 1648 445 conditus,
1668 418 1750 448 atque
1761 415 1835 441 omni

1050 468 1083 486 ex
1097 464 1255 486 naturarum
1269 468 1365 494 genere
1377 460 1509 487 conflatus
1520 460 1661 487 exstiterit.
1678 470 1687 485 ι
1700 459 1836 487 Hactenus

1050 514 1083 532 ex
1101 505 1223 540 Didyme.
1240 506 1272 532 At
1297 507 1435 533 enimvero
1455 511 1539 533 totum
1557 506 1639 533 etiam
1669 506 1721 533 hoc
1748 505 1836 540 philo-

1051 552 1153 585 sophia:
1167 560 1252 586 genus
1271 552 1358 579 Moses
1381 552 1424 579 ille
1453 553 1834 586 sapientissimusoccupavit,

1050 598 1115 625 dum
1131 603 1193 625 ante
1207 598 1291 625 SOlCtlt
1320 598 1401 625 istum
1419 606 1499 633 quem
1517 598 1656 625 cernimus
1678 603 1740 624 ante
1761 602 1835 624 astra

1050 648 1157 677 caetera,
1182 649 1209 671 et
1223 645 1322 671 caelum
1352 645 1525 678 aspectabile,
1546 644 1618 679 quod
1635 644 1834 671 firmamentum

1050 696 1139 722 vocat,
1156 697 1218 718 ante
1234 696 1355 718 nostram
1381 691 1451 718 hanc
1473 691 1616 718 sicciorem
1638 695 1748 722 terram,
1773 697 1835 716 ante

1050 738 1122 764 diem
1135 740 1269 768 nostrum,
1283 742 1459 771 nostramque
1487 742 1605 768 noctem,
1638 737 1718 764 aliam
1734 743 1833 770 quam-

1050 784 1111 809 dam
1127 783 1225 814 lucem,
1239 784 1272 810 ab
1285 784 1350 810 solis
1370 783 1525 810 distinctam
1550 782 1662 812 lumine.
1682 787 1762 816 atque
1786 782 1836 808 abs

1051 831 1104 861 die,
1121 836 1211 861 nocte,
1225 831 1386 865 ueterisque
1397 830 1524 856 omnibus
1539 829 1685 860 diversam,
1696 837 1710 854 ιι
1727 837 1835 856 summo

1052 876 1134 903 totius
1147 876 1264 902 universi
1283 877 1453 903 moderatore
1468 883 1500 903 ac
1515 875 1640 902 tnolitore
1666 874 1720 901 Deo
1735 874 1834 901 factam

1051 930 1110 948 esse
1124 922 1211 950 docet.
1224 922 1304 957 546
1314 921 1384 954 Quin
1397 922 1478 949 etiam
1492 922 1576 948 secuti
1596 921 1698 948 Mosem
1719 920 1835 951 llebrzei,

1051 967 1134 994 solem
1151 968 1295 1001 quemdam
1309 975 1368 994 esse
1385 971 1517 999 statuunt,
1535 968 1581 1001 qui
1602 974 1716 1001 corpore
1732 972 1833 997 careat,

1051 1020 1100 1038 nec
1111 1012 1145 1038 ab
1157 1012 1282 1039 omnibus
1297 1012 1412 1045 spectari
1432 1012 1526 1046 possit,
1545 1012 1599 1038 imo
1619 1019 1669 1038 nec
1688 1011 1739 1038 sub
1763 1019 1835 1037 mor-

1052 1060 1118 1086 tales
1130 1059 1223 1086 oculos
1239 1059 1352 1086 omnino
1375 1059 1465 1089 cadat,
1491 1064 1519 1085 ut
1536 1066 1598 1085 cum
1630 1059 1760 1093 propheta
1790 1058 1835 1085 Dei

1050 1113 1194 1139 personam
1223 1105 1390 1132 sustinens:
1423 1114 1431 1130 ι
1452 1105 1622 1132 Timentibus
1654 1112 1707 1136 me,
1735 1105 1834 1139 inquit,

1050 1151 1153 1178 orietur
1173 1151 1218 1178 Sol
1232 1152 1345 1186 iustitiae
1358 1152 1392 1178 ³³.
1406 1162 1414 1177 ι
1431 1151 1463 1178 Et
1478 1159 1542 1179 vero
1556 1152 1641 1186 ipsam
1657 1159 1764 1186 quoque
1788 1152 1836 1186 ju-

1050 1198 1151 1224 stitiam
1170 1205 1222 1224 non
1235 1203 1335 1225 certam
1345 1199 1415 1225 hanc
1426 1203 1506 1233 atque
1514 1198 1688 1233 singularem,
1703 1198 1745 1225 cui
1759 1198 1836 1225 locus

1051 1245 1120 1271 inter
1134 1244 1258 1272 homines
1269 1249 1320 1277 est,
1331 1244 1377 1272 sed
1391 1244 1451 1278 ejus
1462 1244 1548 1271 ideam
1575 1244 1741 1279 agnoscebat
1765 1245 1835 1271 alius

1050 1291 1094 1318 ille
1124 1290 1298 1318 Hebraeorum
1320 1290 1462 1325 propheta,
1485 1291 1532 1325 qui
1558 1290 1592 1317 de
1616 1290 1669 1317 Deo
1697 1291 1833 1324 loquens:

1053 1348 1061 1363 ι
1078 1337 1155 1370 Quis,
1172 1337 1270 1372 inquit,
1286 1336 1430 1365 suscitavit
1444 1337 1478 1363 ab
1503 1336 1608 1363 oriente
1621 1335 1777 1370 justitiam?
1791 1343 1837 1363 v0-

1049 1384 1121 1411 cavit
1136 1391 1196 1411 eam
1213 1388 1274 1410 ante
1291 1382 1388 1409 faciem
1402 1390 1490 1415 suam,
1514 1387 1541 1409 et
1563 1383 1690 1417 procedet
1716 1382 1794 1417 quasi
1808 1383 1835 1410 in

1049 1434 1195 1463 conspectu
1208 1429 1326 1463 gentium
1339 1429 1371 1454 ³³.
1385 1438 1393 1453 ι
1408 1428 1441 1455 Ει
1455 1428 1575 1455 divinum
1587 1436 1695 1463 quoque
1705 1427 1835 1461 Verbum,

1049 1481 1110 1503 ortu
1138 1477 1213 1503 omni
1238 1484 1342 1508 carere,
1368 1484 1399 1502 ac
1417 1476 1561 1503 nobiscum
1581 1476 1706 1502 essentiaz
1728 1476 1835 1503 ratione

1049 1522 1203 1554 convenire,
1217 1526 1340 1548 nostrum
1353 1521 1405 1548 hoc
1421 1528 1565 1548 commune
1577 1520 1687 1547 verbum
1707 1520 1834 1547 Hebraeo-

205 1569 352 1604 δείγματος
374 1568 452 1601 εἶναι,
472 1570 518 1596 καὶ
536 1570 623 1596 πάντα
640 1570 684 1596 τὸν
703 1571 756 1596 τῶν
773 1571 922 1605 ἀνθρώπων
940 1571 996 1606 βίον

1050 1576 1108 1594 rtun
1123 1571 1149 1594 cl.
1164 1567 1261 1594 litteris
1275 1567 1330 1601 jam
1349 1572 1411 1593 ante
1421 1567 1556 1600 patefecit.
1572 1565 1633 1599 Quo
1640 1566 1673 1593 de
1688 1567 1770 1593 verbo
1779 1567 1835 1593 lucc

210 1625 218 1641 σ
231 1616 259 1642 ὲν
274 1615 355 1641 εἰκόνι
364 1615 568 1651 διαπορεύεσθαι
580 1626 588 1640 ι
598 1616 732 1651 εἰρήκασι.
741 1616 821 1649 Λέγει
830 1614 923 1642 δὀὗνό
932 1617 996 1642 Μω-

208 1662 270 1696 σῆς·
281 1671 289 1686 ι
303 1662 358 1688 Καὶ
367 1662 493 1697 ἐποίησεν
505 1662 591 1693 (SC-leo;
603 1662 648 1687 τὸν
665 1662 814 1697 ἄνθρωπον,
830 1663 889 1688 κατ’
905 1663 996 1689 εἰκόνα

205 1707 274 1734 Θεοῦ
291 1708 416 1743 ἐποίησεν
431 1708 520 1735 αὐτόν.
537 1718 546 1734 ι
564 1709 618 1735 Καὶ
633 1709 711 1735 πάλιν
731 1709 808 1740 ἄλλος
830 1710 952 1744 Ἑϐραῖος
963 1710 996 1736 τὰ

207 1754 312 1789 πάτρια
341 1754 502 1789 φιλοσοφῶν,
524 1764 533 1780 ι
552 1755 696 1789 Μὲντοιγε,
728 1756 828 1789 φησιν,
854 1755 883 1781 ἐν
912 1756 995 1782 εἰκόνι

206 1803 395 1839 διαπορεύεται
409 1804 560 1839 ἄνθρωπος.
576 1804 659 1839 »Ἤδη
684 1803 712 1829 δὲ
735 1804 781 1830 καὶ
803 1805 826 1830 οἱ
845 1804 896 1830 τῶν
915 1804 995 1839 ἱερῶν

204 1849 297 1883 νόμων
309 1849 448 1886 ἐξηγηταὶ,
466 1850 627 1880 ἐπάκουσον,
643 1850 716 1881 ὅπως
737 1849 783 1884 τὴν
801 1850 830 1875 ἐν
846 1851 902 1881 τοῖς
915 1851 996 1877 Μωῡ-

206 1896 276 1928 σέως
291 1896 435 1931 γράμμασι
457 1896 574 1922 διάνοιαν
597 1894 781 1930 σαφηνίζουσι.
800 1895 879 1928 Λέγει
890 1895 911 1920 δ’
927 1893 972 1921 οὖν
983 1896 996 1921 ὁ

211 1941 336 1976 Ἐὃραῖος
358 1941 453 1975 Φίλων,
468 1941 501 1967 τὰ
526 1941 627 1975 πάτρια
643 1939 810 1975 ἑρμηνεύων,
836 1940 925 1972 αὐτοῖς
952 1942 995 1975 ῥή-

206 1996 300 2022 μασιν.

1050 1615 1162 1648 insuper
1176 1614 1247 1648 apud
1262 1614 1321 1641 illos
1333 1613 1465 1640 habemur
1479 1622 1485 1639 :
1510 1623 1518 1638 ι
1534 1612 1586 1645 Qui
1601 1616 1681 1640 natus
1695 1618 1737 1640 est
1756 1614 1835 1640 nobis

1050 1660 1183 1694 sapientia
1211 1667 1226 1686 a
1251 1659 1316 1692 Deo,
1333 1659 1450 1694 justitia,
1482 1663 1509 1686 et
1535 1658 1726 1691 sanctificatio,
1752 1664 1779 1686 et
1793 1667 1836 1686 re-

1049 1705 1168 1739 demptio
1182 1704 1215 1731 ³⁸.
1229 1714 1238 1729 ι
1253 1703 1358 1738 Quippe
1371 1703 1423 1730 vita
1445 1703 1537 1735 etiam,
1550 1707 1577 1730 et.
1593 1703 1736 1738 sapientia,
1754 1707 1780 1730 et
1791 1711 1836 1730 ve-

1050 1751 1116 1778 ritas
1131 1750 1291 1785 appellatur.
1309 1749 1452 1781 Praeterea,
1465 1756 1634 1784 quaecunque
1646 1749 1757 1783 proprio
1770 1750 1836 1776 sub-

1049 1799 1154 1826 stantiae
1176 1805 1251 1825 more
1279 1802 1353 1828 sunt.
1379 1802 1460 1831 atque
1490 1797 1651 1827 subsistunt,
1677 1804 1708 1823 ea
1724 1795 1835 1830 quidem

1048 1845 1140 1871 omnia
1174 1843 1348 1871 llebraorum
1375 1847 1553 1870 monumenta
1581 1843 1680 1869 docent
1706 1842 1780 1877 (nam
1806 1844 1833 1869 ir.

1050 1890 1228 1925 lli-braeisipsi
1243 1897 1350 1924 quoque
1367 1889 1519 1916 Servatoris
1530 1889 1614 1916 nostri
1627 1889 1741 1923 apostoli
1753 1893 1835 1922 atque

1048 1937 1173 1971 discipuli
1188 1936 1390 1968 numerantur),
1406 1935 1543 1969 simulque
1554 1935 1608 1961 vim
1620 1935 1766 1969 quamdam
1783 1941 1835 1961 na-

1048 1991 1171 2010 turarum
1198 1983 1314 2010 aliarum
1345 1982 1468 2016 corporis
1500 1981 1652 2016 expcrtium
1681 1981 1833 2013 infinitam;

204 2055 467 2089 caalumqueipsum,
479 2059 505 2081 ct
522 2054 654 2089 quidquid
683 2054 708 2080 in
742 2054 882 2080 materiam
906 2054 1040 2082 immersm
1059 2053 1192 2086 ﬂuxceque
1203 2050 1362 2078 substantiae
1375 2055 1417 2078 est
1429 2049 1587 2084 longissime
1601 2055 1833 2085 prmtcrgressam.

206 2102 330 2135 Quarum
365 2101 475 2136 quidem
501 2100 634 2134 imagines
668 2100 694 2126 in
725 2099 758 2126 iis
781 2107 841 2134 quae
862 2108 943 2127 sensu
976 2100 1161 2135 percipiuntur
1184 2104 1327 2132 expressas
1352 2104 1413 2124 esse
1441 2096 1545 2128 volunt,
1567 2096 1666 2130 quibus
1690 2100 1831 2130 propterea

204 2156 306 2176 nomen
331 2147 457 2182 imaginis
473 2147 591 2173 tribuere
616 2146 694 2180 vulgo
720 2146 817 2173 solent.
845 2145 986 2174 Hominem
1006 2152 1079 2174 certe
1108 2145 1218 2180 quidem
1246 2143 1375 2178 spiritalis
1398 2143 1561 2177 exemplaris
1598 2142 1743 2177 imaginem
1767 2149 1832 2169 con-

206 2195 295 2229 eeptis
306 2195 396 2221 verbis
414 2194 562 2229 appellant,
580 2198 606 2220 et
632 2193 714 2220 vitam
732 2193 873 2220 hominum
905 2195 1062 2221 universam
1081 2203 1089 2218 t
1104 2193 1130 2219 in
1148 2191 1267 2226 imagine
1295 2191 1462 2226 pertransire
1480 2199 1488 2215 ι
1504 2190 1693 2224 pronuntiant.
1727 2189 1833 2224 Quippe

207 2244 245 2270 ita
267 2242 354 2270 Moses
368 2242 390 2257 "
408 2250 416 2267 ι
437 2241 489 2268 «Et
518 2241 590 2273 fecit,
608 2241 705 2275 inquit,
721 2240 792 2268 Deus
813 2241 961 2274 hominem,
975 2241 1008 2268 ad
1029 2241 1175 2276 imaginem
1203 2239 1249 2266 Dei
1266 2239 1329 2266 fecit
1342 2239 1428 2265 illum.
1442 2248 1450 2263 ι
1470 2236 1599 2264 ίίεὺπαξιιε
1612 2237 1676 2264 item
1696 2236 1766 2264 alius
1786 2245 1833 2271 pa-

207 2290 261 2316 trio
286 2294 313 2316 et
340 2290 397 2323 ipse
418 2289 472 2315 ritu
499 2288 693 2323 philosophans
711 2309 718 2320 ,
758 2286 960 2320 Verumtamen,
987 2289 1085 2323 inquit,
1108 2288 1134 2315 in
1151 2286 1268 2322 imagine
1291 2285 1436 2320 pertransit
1463 2284 1545 2311 homo
1559 2284 1591 2310 ³⁷.
1606 2294 1614 2309 ι
1648 2283 1701 2310 Sed
1721 2283 1783 2311 audi
1799 2287 1828 2310 tu

243 2348 266 2364 ³³
286 2347 379 2374 Malae.
402 2355 438 2380 tv,
459 2347 487 2373 2.
525 2347 547 2362 ³⁵
567 2347 619 2373 lsa.
636 2355 690 2379 xu,
709 2346 735 2372 2.
775 2346 798 2361 ³⁵
820 2346 827 2373 1
849 2346 910 2373 Cor.
930 2355 949 2378 ι,
969 2346 996 2373 5(

1052 2348 1074 2362 ³⁵
1094 2347 1162 2374 Gen.
1184 2355 1203 2378 ι,
1223 2346 1267 2372 ‘27.

242 2411 255 2426 ι
268 2406 311 2431 lo‘.
326 2404 557 2432 κατατυποῦσθαι.

242 2441 298 2476 (ιι)
319 2440 441 2476 Ἡμέραι·
454 2449 495 2467 τε.
519 2440 688 2476 Ἀπδνκοινοῦ
703 2440 873 2476 subintellige
891 2440 966 2476 παρά
982 2449 989 2467 :

203 2475 257 2505 nec
271 2475 352 2503 enim
367 2476 440 2508 vult,
457 2476 564 2510 opinor,
578 2475 648 2503 diem
664 2476 766 2508 alium,
786 2475 923 2509 aliamque
933 2475 991 2503 'no-

204 2516 276 2539 ctem
292 2515 443 2546 czeteraque
465 2511 604 2544 similiter,
620 2514 750 2545 tanquam
765 2510 916 2546 distinctas
936 2510 993 2538 sin-

205 2546 331 2582 gularum
355 2545 540 2582 creaturarum
564 2546 667 2582 ideas;
691 2546 737 2573 sed
763 2545 836 2582 illam
860 2545 991 2572 duntaxat

204 2580 306 2614 iucem,
320 2589 374 2616 qua
387 2582 420 2608 de
432 2581 569 2614 Scriptura
584 2580 713 2615 loquitur,
727 2580 805 2616 quasi
815 2587 991 2616 communem

204 2614 336 2644 universi
344 2617 424 2651 hujus
437 2617 536 2647 ideam,
552 2614 681 2643 ante’alia
695 2615 786 2643 omnia
806 2614 947 2647 divinitus,
965 2620 992 2643 et

204 2651 286 2688 quasi
300 2651 522 2688 προηγουμένως,
534 2651 682 2688 exstitisse.

243 2688 301 2721 (ὀπὶ)
317 2684 542 2721 Τιέέξήπψπ,
560 2685 777 2721 εῑο.Ἱλι)(ῑυε]ιίο
799 2685 876 2721 aliter
890 2684 923 2721 in
932 2686 991 2711 vul-

204 2720 276 2757 gatis
290 2720 443 2757 'Septuag.’
456 2722 619 2755 concipitur,
640 2721 688 2757 Τίς
710 2720 748 2752 ὲξ.
767 2728 805 2757 σξη
819 2721 846 2747 ὰ.
867 2720 891 2757 δ.
917 2720 939 2747 ὲ.
955 2721 987 2757 ῥι.

205 2754 277 2785 κατὰ
289 2754 372 2789 πόδας
387 2754 468 2784 αὑτοῦ
479 2777 486 2789 ,
507 2754 554 2783 καὶ
576 2755 752 2790 πορεύσεται·
774 2755 854 2781 δώσει
870 2754 989 2782 ἐναντίον

204 2793 309 2825 ὲθνῶν;
325 2792 440 2820 Dubium
458 2799 512 2820 non
523 2795 575 2819 est.
589 2792 653 2826 quin
666 2791 735 2825 apud
748 2790 846 2818 Euseb.
864 2796 990 2824 corrupta

205 2843 344 2873 postrema
363 2837 427 2864 sint.
452 2836 519 2873 Nam
536 2841 564 2873 et
586 2834 718 2873 Hebraicis
740 2834 839 2873 legitur
861 2826 989 2873 75.115051

204 2869 296 2905 iit-dem
311 2874 367 2906 ejus
386 2881 395 2899 :
411 2877 437 2899 et
457 2872 480 2898 δ’
493 2871 574 2902 ὡσεί,
590 2878 638 2905 pro
660 2869 750 2912 δώσει,
773 2869 856 2897 Hebr.
879 2873 933 2912 τιν,
951 2869 990 2896 vi-

206 2923 274 2948 tiesc
298 2919 429 2954 scriptum
455 2922 506 2945 est.
531 2916 618 2944 Latin.
643 2910 750 2951 Vulgat.
773 2923 822 2952 pro
843 2910 989 2950 justitiam,

525 2347 547 2362 “
567 2347 619 2373 lsa.
636 2355 690 2379 xu,
709 2346 735 2372 2.
775 2346 798 2361 ³⁵
820 2346 827 2373 1
849 2346 910 2373 Cor.
930 2355 949 2378 ι,
969 2346 1013 2375 50.
1052 2348 1074 2362 ³⁵
1094 2347 1162 2374 Gen.
1184 2355 1203 2378 ι,
1223 2346 1267 2372 ‘27.
1306 2345 1327 2359 ³⁷
1347 2343 1418 2370 Psal.
1441 2350 1556 2371 xxxvtu.
1577 2342 1592 2368 7

1041 2449 1145 2482 justum
1168 2446 1285 2474 reddidit
1299 2455 1305 2472 :
1318 2446 1381 2473 licet
1395 2445 1466 2472 enim
1481 2448 1537 2484 βπ
1550 2463 1558 2476 ,
1571 2443 1680 2479 proprie
1695 2442 1830 2477 justitiam

1045 2498 1133 2526 sonet,
1147 2498 1221 2520 recte
1244 2498 1334 2519 tamen
1350 2490 1670 2527 signiﬁcationispotius.
1684 2497 1767 2527 quam
1783 2498 1831 2527 v9-

1045 2530 1086 2557 eis
1101 2524 1232 2556 rationem
1255 2524 1406 2555 habendam
1429 2529 1542 2561 putavrt.
1559 2524 1667 2552 Justuln
1685 2525 1757 2552 enim
1779 2526 1830 2553 ali-

1045 2572 1125 2599 quem
1141 2564 1272 2599 propheta
1288 2560 1436 2599 indicabat,
1451 2569 1498 2587 seu
1513 2560 1626 2599 Cyrum,
1640 2567 1690 2599 seu
1706 2560 1830 2599 Abraha-

1044 2595 1267 2633 titum,seu,quod
1275 2597 1376 2624 mavult
1385 2596 1574 2636 Hieronymus,
1582 2595 1719 2622 Christum
1728 2596 1828 2656 ipsum.

1079 2634 1134 2656 um
1149 2632 1252 2656 Knmlr-
1267 2634 1319 2656 4m.
1337 2632 1437 2656 .ldmr.
1451 2630 1531 2656 Ludit
1554 2639 1580 2656 ιιι
1600 2638 1633 2656 ea
1654 2638 1720 2656 voce
1756 2630 1828 2656 όγος.

1079 2630 1134 2669 (46)
1146 2630 1252 2665 Κοιᾷεὸς
1267 2634 1319 2667 ήμ.
1337 2630 1531 2669 λόγος-..ἰλιιᾱίι
1542 2631 1580 2669 _i_n
1600 2638 1633 2657 ea
1648 2638 1720 2669 _v_oce
1740 2630 1828 2664 λόγος,

1044 2665 1108 2704 quia
1122 2665 1243 2702 vulgaris
1254 2665 1297 2695 hic
1311 2665 1519 2704 communisque
1537 2665 1673 2704 _16~{o;,_id
1688 2669 1729 2704 est
1750 2673 1830 2704 supc-

1045 2700 1102 2731 tiior
1120 2700 1177 2731 hac
1195 2704 1228 2730 de
1250 2710 1280 2730 re
1297 2703 1437 2733 tractatio,
1454 2701 1592 2735 proprium
1615 2700 1690 2728 illum
1708 2701 1830 2735 singula-

1044 2747 1157 2774 remque
1170 2738 1266 2772 Λόγον,
1280 2737 1408 2774 Verbum,
1423 2738 1544 2774 inquam,
1557 2736 1689 2768 divinum,
1704 2736 1830 2774 humana:

1044 2770 1148 2802 natura:
1163 2770 1321 2801 conditione
1341 2773 1419 2799 nobis
1435 2770 1550 2798 similem
1568 2777 1628 2798 esse
1644 2770 1827 2798 conﬁrmavit.

1080 2810 1135 2845 (47)
1154 2808 1323 2843 Ἐγεννήθη.
1341 2807 1370 2834 In
1389 2807 1496 2841 Vulgat.
1519 2806 1583 2834 edit.
1606 2806 1733 2842 ἐγενήθη,
1749 2806 1831 2834 unico

1044 2853 1075 2873 ac
1092 2845 1218 2873 simplici.
1606 2864 1610 2868 .

1081 2852 1251 2916 (ῗὲῗὲίεὲή.
1274 2878 1312 2906 lta
1330 2886 1459 2916 manuscr
1490 2885 1522 2906 ex
1536 2864 1642 2916 (μω,λοὶ
1659 2878 1702 2914 δή,
1713 2875 1825 2904 alterius

1045 2913 1172 2944 editionis
1188 2916 1294 2949 vitium,
1308 2913 1441 2949 corrigas.
