2091 3208
305 159 356 188 9H

624 159 758 186 EUSEBII
779 157 1017 185 (ΣΑΕΞΑΚΙΕΝΞΙΞ
1037 157 1080 184 ΟΡ

1135 156 1225 185 PARS
1243 158 1273 186 ll.
1295 176 1328 180 —
1345 161 1593 192 APOLOGETICA.

1874 167 1923 194 912

305 227 382 250 vero.
397 220 625 256 quemadmodum
648 227 786 247 sacrarum
809 220 897 255 legum
924 220 1086 254 interpretes
1108 217 1233 247 Mosaicae
1254 221 1383 250 doctrina:
1410 229 1568 252 sententiam
1598 226 1730 260 aperiant.
1758 224 1837 252 Philo
1862 235 1924 254 sane

305 266 435 295 Hebraeus
446 268 537 300 homo,
552 267 640 302 gentis
656 274 712 294 suae
735 267 832 294 litteris
847 267 997 301 explicans,
1025 265 1136 294 totidem
1151 268 1242 295 verbis
1258 269 1294 296 ita
1311 271 1430 298 disserit.

583 313 697 341 CAPUT
710 314 805 341 XXIV.

462 359 500 386 De
519 358 644 386 Mosaicis
657 360 723 386 ideis
734 380 741 391 ,
757 369 789 387 ea:
805 360 925 388 Philone.

343 415 352 431 ι
365 405 394 432 Si
412 405 582 440 quis.inquit
590 405 644 438 ille,
659 405 827 440 planioribus
843 406 934 434 verbis
950 406 988 434 uti
1004 407 1085 439 volet,

305 452 328 478 is
350 451 420 478 aliud
445 451 514 477 nihil
542 451 674 478 mundum
697 451 773 478 illum
802 456 891 479 mente
916 457 1085 487 perceptum,

304 505 384 532 quam
400 497 446 524 Dei
463 498 593 524 mundum
607 497 679 525 hunc
691 505 720 525 re
733 498 790 532 ipsa
812 498 950 525 molientis
967 497 1086 525 Verbum

302 550 362 570 esse
376 542 457 570 dicat.
475 542 554 578 547
571 542 626 570 Nec
643 543 716 570 enim
734 543 808 570 aliud
837 548 880 571 est
905 544 971 572 urbs
996 550 1086 571 mente

302 594 437 624 percepta,
454 597 536 624 quam
566 589 680 624 ipsamet
708 590 849 617 architecti
880 590 962 623 ratio,
991 590 1085 618 urbem

302 635 374 662 illam
389 642 471 670 quam
487 635 578 662 animo
607 635 762 662 informavit
776 644 836 669 suo,
853 636 943 671 reipsa
967 636 1085 663 condere

301 681 458 708 statuentis.
478 680 545 713 Quae
558 681 668 716 quidem
698 682 822 709 doctrina
848 681 932 709 Mosis
955 687 1007 714 est,
1031 690 1085 710 non

300 735 372 755 mea.
391 727 548 760 Enimvero,
576 728 622 755 ubi
648 728 766 756 hominis
783 729 1000 763 procreationem
1028 729 1086 763 ipse

300 774 438 805 describit,
451 782 612 809 progressus
626 774 806 809 aliquantum,
821 775 854 801 ad
875 775 1020 810 imaginem
1038 774 1084 802 Dei

300 821 446 848 formatum
461 821 535 848 illum
545 820 638 853 fuisse,
649 821 751 849 diserte
763 821 909 849 conﬁtetur
922 822 956 848 ³⁸.
970 821 1047 854 Quod
1061 821 1083 849 si

299 873 362 900 pars
376 866 470 893 mundi
491 867 581 902 aliqua
604 867 732 902 imaginis
760 868 851 903 imago
862 873 915 900 est,
933 868 1002 895 idem
1021 875 1085 902 pro-

290 911 370 939 -i’ecto
383 912 417 939 de
430 912 559 940 universa
575 912 625 939 hac
639 913 739 947 specie,
755 917 823 945 toto,
842 913 967 948 inquam,
981 913 1083 940 mundo

300 958 350 985 hoc
363 958 520 993 aspectabili
547 958 721 985 statuendum
738 959 800 990 erit,
820 960 866 994 qui
888 960 998 995 quidem
1011 960 1081 986 ima-

298 1003 597 1037 ginisdivinteimitatio
605 1006 657 1034 est.
672 1003 790 1030 humana
806 1004 886 1039 longe
902 1005 989 1039 major
1000 1010 1082 1039 atque

298 1048 453 1083 perfectior.
472 1049 509 1076 Ex
527 1057 583 1082 quo
610 1050 692 1077 etiam
715 1049 805 1084 quivis
831 1050 972 1085 intelligat,
986 1051 1082 1078 arche-

298 1100 390 1129 typum
419 1094 485 1122 illud
514 1095 731 1130 primariumque
757 1095 895 1130 sigillum,
926 1104 1007 1131 quem
1031 1104 1082 1123 nos

298 1140 428 1167 mundum
440 1144 530 1168 mente
542 1145 709 1175 perceptum,
723 1149 864 1174 vocamus,
880 1143 1020 1176 exemplar
1037 1150 1082 1169 ar-

297 1187 442 1222 chetypum
473 1187 616 1222 ideamque
633 1188 765 1220 idearum,
785 1189 837 1216 hoc
865 1193 907 1216 est
934 1189 1082 1224 ipsummet

298 1233 344 1260 Dei
355 1233 470 1261 Verbum
484 1240 554 1262 esse.
567 1233 689 1269 Explicat
697 1234 769 1262 enim
781 1235 839 1270 ipse
851 1236 1079 1270 quemadmodum

296 1279 324 1306 in
339 1279 474 1314 prlncipio
499 1279 592 1307 fecerit
622 1279 692 1308 Deus
720 1280 820 1308 cwlum
849 1285 876 1308 et
903 1284 1014 1313 terram,
1034 1282 1080 1309 ubi

295 1324 421 1359 principii
440 1325 561 1356 nomine,
591 1333 645 1353 non
672 1326 738 1353 illud
751 1334 826 1360 sane,
844 1332 873 1353 ut
889 1327 1013 1354 nonnulli
1028 1335 1079 1362 pu-

296 1375 365 1402 tant,
378 1371 490 1406 quodex
506 1375 630 1405 tempore
645 1372 753 1399 ducitur
771 1372 913 1406 intelligit;
931 1380 982 1400 nec
1007 1373 1079 1399 enim

296 1420 359 1443 ante
382 1415 514 1443 mundum
542 1421 649 1451 tempus
667 1421 736 1448 erat,
755 1417 801 1445 sed
817 1422 939 1445 autcum
951 1425 984 1446 eo
997 1418 1079 1446 simul

295 1465 343 1488 aut
358 1466 419 1496 post
433 1468 495 1488 eum
510 1469 571 1488 esse
585 1461 677 1496 coepit.
690 1461 758 1488 Cum
775 1461 847 1489 enim
863 1466 970 1497 tempus
982 1463 1078 1490 mundi

295 1513 386 1535 motus
399 1507 572 1534 intervallum
586 1507 723 1542 quoddam
733 1508 779 1540 sit,
793 1516 843 1535 nec
856 1513 947 1535 motus
962 1516 995 1535 eo
1006 1508 1078 1543 quod

296 1557 420 1581 movetur
433 1553 507 1588 prior
519 1560 580 1581 esse
596 1558 689 1588 queat,
712 1553 761 1581 sed
782 1554 938 1581 necessario
951 1553 993 1580 vel
1019 1553 1079 1588 ipso

295 1598 438 1634 posterior,
452 1599 494 1626 vel
510 1606 573 1627 cum
584 1607 617 1626 eo
633 1599 715 1626 simul
728 1599 853 1631 exsistat,
872 1603 980 1633 tempus
995 1599 1077 1627 etiam

294 1645 387 1680 utique
398 1645 440 1672 vel
454 1645 558 1680 aequale
571 1645 675 1676 mundi,
689 1645 818 1672 veletiam
827 1652 860 1672 eo
870 1645 1006 1672 recentius
1016 1652 1076 1673 esse
1091 1659 1113 1689 ο

294 1697 405 1718 necesse
418 1694 473 1724 est;
491 1698 554 1717 nam
569 1690 708 1725 antiquius
723 1689 811 1718 facere
825 1690 902 1722 velle,
925 1698 986 1717 cum
1001 1691 1076 1718 omni

293 1736 465 1770 philosophia
477 1743 598 1771 pugnare
616 1741 667 1764 est.
684 1735 763 1769 Quod
789 1736 810 1763 si
837 1736 889 1763 hoc
901 1736 960 1764 loco
975 1736 1078 1771 princi-

292 1789 367 1816 pium
384 1781 449 1809 illud
466 1789 520 1809 non
534 1782 671 1817 intelligit,
688 1782 762 1818 quod
777 1790 809 1810 ex
825 1788 945 1818 tempore
958 1783 1076 1816 ducitur,

292 1837 341 1863 par
356 1828 468 1856 omnino
480 1828 561 1856 fuerit
576 1829 650 1864 quod
683 1829 710 1856 in
736 1836 852 1856 numero
868 1833 992 1856 versatur
1006 1830 1078 1856 acci-

293 1883 365 1910 pere,
379 1880 409 1902 ut
421 1875 499 1908 illud,
516 1884 525 1900 t
542 1875 568 1902 in
584 1875 718 1909 principio
734 1874 807 1907 fecit,
823 1884 833 1901 ι
846 1875 916 1902 idem
931 1875 1075 1910 signilicet,

291 1927 324 1947 ac
335 1920 450 1954 primum
464 1920 527 1947 fecit
539 1921 647 1947 cmlum.
664 1920 726 1947 Inde
739 1920 1009 1955 aliquolinterjectis,
1018 1920 1077 1948 Pri-

291 1974 365 1993 mum
376 1974 450 2001 ergo,
463 1967 561 2001 inquit,
575 1967 700 1994 conditor
711 1966 755 1994 ille
768 1966 837 1995 Deus
845 1967 967 2001 corporis
981 1974 1077 2001 expers

291 2013 390 2040 caelum
417 2012 528 2045 creavit,
549 2020 598 2039 nee
627 2020 680 2039 non
715 2017 833 2039 «terram
862 2013 1046 2045 invisibilem,
1064 2022 1073 2039 )

291 2058 416 2092 aerisque
427 2057 508 2085 simul
524 2058 610 2084 ideam
623 2062 651 2085 et
669 2058 758 2085 vacui.
769 2057 790 2084 E
800 2057 900 2093 quibus
912 2058 1026 2086 alterum
1043 2058 1075 2085 il-

291 2104 337 2131 lud
347 2104 471 2131 tenebras
485 2104 640 2138 appellavit.
658 2104 729 2139 quod
753 2109 849 2131 natura
870 2112 919 2132 sua
938 2105 1074 2140 nigrorem

291 2159 337 2178 aer
347 2151 505 2185 adjunctum
525 2150 642 2183 habeat;
658 2150 773 2178 alterum
798 2150 850 2178 hoc
867 2151 1007 2186 abyssum,
1023 2151 1076 2179 hoe

289 2197 398 2226 estsine
412 2197 505 2228 l'undo,
520 2197 592 2232 quod
615 2197 779 2224 altissimum
795 2197 924 2232 quiddam
958 2205 1073 2225 vacuum

289 2245 335 2276 sit,
349 2249 430 2279 atque
439 2244 635 2272 vastissimum.
647 2243 715 2270 Tum
728 2252 805 2279 aqua:
814 2244 940 2271 similiter
954 2252 986 2271 ac
994 2245 1074 2279 spiri-

288 2295 333 2317 tus
345 2294 481 2324 expertem
500 2289 623 2323 corporis
648 2289 828 2316 substantiam
842 2299 849 2316 :
875 2289 944 2317 lucis
957 2290 1074 2324 denique

1395 317 1592 344 ΚΕΦΔΛΙΑΟΝ
1609 318 1671 345 ΚΔ’.

1223 361 1356 394 Φίλωνι-ς
1369 363 1434 395 περὶ
1452 362 1511 389 τῶν
1527 363 1604 397 παρὰ
1619 363 1740 390 Μωῦσεῖ
1749 363 1843 390 ἰδεῶν.

1185 406 1240 434 lEl
1268 406 1295 432 δέ
1323 415 1365 439 τις
1388 407 1443 443 (49)
1464 408 1584 444 ἐθελήσει
1609 409 1776 444 γυμνότερον
1790 416 1802 430 ι
1824 411 1922 446 χρήσα-

1140 451 1200 478 σθαι
1233 454 1287 485 τοῖς
1315 454 1457 489 ὀνόμασιν,
1490 455 1565 481 οὐδὲν
1596 454 1629 481 ἂν
1656 456 1749 492 ἕτερον
1778 457 1849 483 εἴποι
1880 456 1922 483 τὸν

1138 498 1232 534 νοητὸν
1263 499 1365 534 κόσμον
1393 501 1410 535 ἢ
1435 500 1503 527 Θεοῦ
1535 501 1620 535 Λόγον
1645 501 1696 537 ἥϐη
1726 502 1922 536 κοσμοποιοῦν-

1137 553 1191 576 τος.
1207 545 1274 572 Οὐδὲ
1300 545 1354 581 γὰρ
1376 546 1490 582 ήνοητὴ
1518 547 1595 578 πόλις
1618 547 1708 583 ἕτερόν
1736 557 1759 574 τι
1779 548 1864 581 ἐστὶν,
1877 549 1894 584 ῆ
1908 549 1922 576 ό

1136 589 1182 616 τοῦ
1208 591 1395 626 ἀρχιτέκτονος
1421 592 1560 627 λογισμὸς,
1587 592 1637 627 ἤδη
1660 593 1710 628 τὴν
1729 594 1827 628 νοητὴν
1847 594 1922 621 πόλιν

1137 636 1239 668 κτίζειν
1261 637 1462 672 διανοουμένου.
1479 638 1515 664 Τὸ
1529 638 1557 664 δὲ
1588 638 1675 673 δόγμα
1697 638 1776 665 τοῦτο
1804 639 1922 671 Μωσέως

1136 681 1219 714 ἐστὶν,
1231 682 1280 708 οὐκ
1296 683 1371 717 ἐμόν.
1388 683 1444 718 Τὴν
1459 682 1524 717 γοῦν
1537 683 1680 719 ἀνθρώπου
1691 684 1795 718 γένεσιν
1804 685 1921 720 ἀναγρά-

1137 735 1210 761 φων,
1226 728 1255 754 ὲν
1274 729 1328 759 τοῖς
1350 728 1451 756 ιέπειτα
1485 729 1632 766 διαρρήδην
1657 730 1799 765 ὁμολογεῖ,
1819 731 1857 762 ὡς
1871 731 1921 767 ἄρα

1136 772 1196 798 κατ’
1207 773 1299 799 εἰκόνα
1323 773 1390 800 Θεοῦ
1413 773 1573 809 διετυπώοη.
1608 773 1678 800 Εῑδὲ
1694 774 1725 800 τὸ
1741 775 1823 810 μέρος
1843 773 1923 801 εἰκὼν

1136 817 1248 849 εἰκόνος,
1267 818 1387 853 δηλονότι
1404 819 1450 845 καὶ
1475 819 1504 845 τὸ
1521 819 1580 849 ὅλον
1596 817 1665 852 εἶδος
1677 840 1686 852 ,
1710 819 1820 855 σύμπας
1847 817 1922 852 οὗτος

1134 864 1148 889 ὁ
1161 863 1289 898 αἰσθητὸς
1307 864 1419 899 κόσμος,
1447 866 1470 891 εἰ
1484 864 1584 899 μείζων
1601 865 1657 900 (50)
1679 866 1728 900 τῆς
1749 865 1922 900 ἀνθρωπίνης

1135 909 1193 935 ἐστὶ
1209 909 1321 945 μίμημα
1334 910 1408 942 θείας
1419 911 1522 942 εἰκόνος
1537 910 1673 946 δηλονότι·
1700 911 1746 937 ιιαί
1765 912 1783 946 ἡ
1807 911 1922 946 ἀρχέτυ-

1136 961 1184 984 πος
1196 955 1312 989 σφραγὶς
1325 955 1354 981 ὅν
1368 963 1457 990 φαμεν
1474 955 1568 990 νοητὸν
1585 954 1654 981 εἶναι
1665 955 1778 990 κόσμον,
1794 956 1876 984 αὐτὸς
1888 955 1921 981 ἂν

1134 1001 1188 1036 εἴη,
1207 1001 1239 1026 τὸ
1259 1001 1451 1036 παράδειγμα,
1467 1001 1620 1036 ἀρχέτυπος
1644 1001 1702 1028 ἰδέα
1715 1001 1769 1027 τῶν
1801 1001 1888 1033 ἰδεῶν,
1907 1001 1921 1027 6

1133 1047 1199 1074 Θεοῦ
1217 1047 1312 1082 Λόγος.
1329 1047 1397 1082 Φησὶ
1409 1047 1432 1073 δ’
1458 1047 1496 1074 ὡς
1521 1048 1552 1074 ὲν
1580 1048 1650 1083 ἀρχῇ
1680 1047 1806 1083 ἐποίησεν
1827 1048 1842 1074 ὁ
1856 1047 1920 1078 Θεὸς

1133 1093 1178 1119 τ’ὸν
1192 1092 1304 1128 οὐρανὸν
1334 1093 1380 1119 καὶ
1401 1093 1448 1128 τὴν
1464 1092 1516 1127 γῆν
1529 1101 1535 1108 ⁸
1565 1093 1614 1128 τὴν
1637 1092 1723 1129 ἀρχὴν
1741 1092 1920 1128 παραλαμϐά-

1132 1148 1195 1172 νων,
1210 1140 1270 1174 οὐχ,
1285 1140 1321 1171 ὡς
1335 1140 1433 1166 οῖονταί
1455 1148 1537 1172 τινες,
1551 1140 1601 1175 τὴν
1619 1140 1689 1166 κατὰ
1715 1139 1826 1176 χρόνον·
1855 1140 1920 1175 χρό-

1132 1195 1176 1218 νος
1191 1186 1245 1221 γὰρ
1262 1186 1311 1212 οὐκ
1327 1183 1360 1220 ἦν
1376 1186 1428 1221 πρὸ
1440 1186 1552 1220 κόσμου,
1568 1186 1624 1212 ἀλλ’
1641 1185 1657 1221 ἢ
1678 1185 1725 1212 σὺν
1749 1185 1822 1221 αὐτῷ
1841 1186 1920 1220 γέγο-

1131 1239 1186 1262 νεν,
1202 1231 1218 1266 ἢ
1237 1231 1296 1266 μετ’
1312 1231 1409 1258 αὐτόν·
1425 1231 1486 1257 ἐπεὶ
1505 1231 1560 1267 γὰρ
1584 1231 1721 1267 διάστημα
1742 1231 1791 1266 τῆς
1808 1231 1855 1258 τοῦ
1875 1232 1920 1258 κό-

1133 1285 1201 1312 σμου
1216 1277 1272 1312 (51)
1291 1276 1422 1312 κινήσεώς
1441 1278 1513 1303 ἐστιν
1530 1278 1544 1303 ό
1555 1278 1667 1313 χρόνος,
1682 1277 1814 1314 πρότερον
1829 1278 1858 1304 δὲ
1872 1278 1919 1305 τοῦ

1131 1323 1291 1358 κινουμένου
1306 1324 1412 1359 κίνησις
1423 1324 1472 1350 οὐχ
1485 1323 1516 1350 ἂν
1528 1324 1644 1358 γένοιτο,
1661 1324 1718 1350 ἀλλ’
1737 1325 1754 1360 ἢ
1770 1325 1918 1359 ἀναγκαῖον

1130 1369 1213 1406 αὐτὴν
1226 1369 1348 1405 ὕστερον,
1370 1370 1387 1405 ἢ
1402 1369 1460 1405 ἅμα
1480 1369 1672 1397 συνίστασθαν
1697 1370 1844 1405 ἀναγκαῖον
1865 1371 1918 1408 ἄρα

1130 1416 1176 1442 καὶ
1193 1415 1238 1442 τὸν
1255 1415 1348 1450 χρόνον
1362 1415 1378 1450 ἢ
1397 1415 1506 1450 ἰσήλικα
1529 1415 1632 1450 κόσμου
1645 1416 1801 1450 γεγονέναι,
1820 1417 1836 1451 ἢ
1852 1417 1917 1442 νεώ-

1129 1470 1206 1497 τερον
1219 1461 1324 1488 ἐκείνου
1333 1469 1339 1475 '
1353 1460 1536 1496 πρεσϐύτερον
1552 1461 1581 1487 δὲ
1595 1462 1795 1496 ἀποφαίνεσθαι
1813 1462 1916 1498 τολμᾷι

1129 1507 1291 1542 ἀφιλόσοφον
1316 1507 1383 1541 (52).
1409 1507 1440 1533 Εἰ
1456 1507 1478 1533 δ’
1503 1507 1573 1542 ἁρχὴ
1602 1507 1639 1543 μὴ
1672 1508 1916 1544 παραλαμϐάνεται

1128 1552 1243 1588 τανῦνή
1269 1552 1340 1579 κατὰ
1352 1553 1458 1588 χρόνον,
1482 1552 1555 1584 εἰκὸς
1570 1553 1602 1578 ἂν
1628 1553 1669 1588 εἴη
1690 1553 1839 1589 μηνύεσοαι
1866 1555 1916 1589 τὴν

1128 1599 1188 1626 κατ’
1199 1597 1325 1633 ἀριθμὸν,
1343 1598 1380 1630 ὡς
1390 1597 1421 1625 τὸ
1440 1608 1448 1624 ι
1470 1599 1512 1624 Ἑν
1526 1599 1596 1634 ἀρχῇ
1611 1599 1738 1634 ἐποίησεν
1754 1609 1764 1625 ›
1779 1600 1835 1626 ἴσον
1847 1597 1916 1627 εἶναι

1128 1644 1177 1679 τῷ,
1208 1643 1318 1680 Πρῶτον
1335 1644 1446 1680 ἐποίησε
1463 1644 1507 1671 τὸν
1523 1645 1647 1680 οὐρανόν.
1671 1643 1728 1671 Εἶθ’
1745 1645 1807 1681 ἑξῆς
1831 1646 1914 1680 λέγει’

1128 1691 1240 1726 Πρῶτον
1251 1689 1296 1717 οὖν
1313 1690 1368 1725 (55)
1379 1691 1393 1716 ό
1410 1690 1495 1717 ποιῶν
1515 1691 1601 1717 ἐποίει
1622 1691 1736 1726 οὐρανὸν
1759 1692 1914 1727 ἀσώματον,

1128 1738 1176 1765 καὶ
1194 1748 1202 1764 ι
1218 1738 1270 1772 γῆν
1284 1738 1408 1773 ἀόρατον,
1426 1747 1434 1763 ι
1452 1737 1499 1764 καὶ
1515 1737 1596 1773 ἀέρος
1619 1738 1689 1765 ἰδέαν
1703 1738 1748 1765 καὶ
1764 1739 1842 1766 κενοῦ
1853 1748 1859 1754 ·
1875 1736 1914 1766 ὧν

1127 1785 1157 1811 τὸ
1175 1786 1223 1820 μὲν
1242 1785 1395 1819 ἐπεφήμισε
1424 1784 1528 1816 σκότος,
1551 1785 1644 1820 ἐπειδὴ
1671 1785 1754 1820 μέλας
1769 1786 1783 1811 ὁ
1803 1786 1858 1821 ἀὴρ
1881 1788 1913 1821 τῇ

1128 1831 1206 1866 φύσει
1219 1839 1226 1847 ι
1243 1831 1292 1866 τὴν
1305 1830 1333 1857 δὲ
1352 1830 1485 1857 ἄϐυσσον·
1502 1830 1652 1858 πολὺὃυθον
1673 1831 1727 1867 γὰρ
1748 1831 1778 1858 τό
1800 1839 1832 1866 γε
1854 1841 1915 1858 και-

1127 1877 1171 1902 νὸν
1200 1876 1253 1911 (54)
1275 1877 1322 1902 καὶ
1338 1876 1452 1911 ἀχανές·
1467 1875 1516 1903 εἷθ’
1531 1877 1625 1909 ὓδατος
1651 1877 1796 1912 ἀσώματον
1822 1878 1915 1905 οὐσίαν

1127 1921 1173 1948 καὶ
1190 1921 1359 1956 πνεύματος·
1370 1921 1416 1948 καὶ
1440 1922 1486 1948 ἐπὶ
1500 1923 1582 1947 πᾶσιν
1594 1921 1707 1956 ἑϐδόμου
1723 1922 1820 1956 φωτὸς,
1835 1922 1849 1948 ὂ
1861 1922 1914 1948 πά-

1127 1968 1167 1994 λιν
1184 1967 1327 2002 ἀσώματον
1341 1965 1385 2002 ἦν,
1401 1968 1448 1994 καὶ
1462 1967 1556 2003 νοητὸν
1572 1968 1647 2003 ἡλίου
1663 1968 1849 2003 παράδειγμα,
1868 1968 1914 1994 καὶ

1127 2012 1215 2039 πάντα
1232 2012 1298 2047 (55),
1319 2012 1368 2038 ὅσα
1392 2013 1522 2048 φωσφόρα
1540 2013 1627 2049 ἄστρα
1643 2013 1712 2039 κατὰ
1741 2013 1784 2039 τὸν
1801 2014 1914 2048 οὐρανὸν

1127 2058 1222 2094 ἔμελλε
1243 2057 1428 2084 συνίστασθαι.
1440 2058 1591 2094 Προνομὶας
1606 2058 1634 2085 δὲ
1650 2059 1680 2085 τό
1693 2067 1723 2085 τε
1741 2057 1850 2094 πνεῦμα
1867 2059 1913 2085 καὶ

1125 2104 1156 2130 τὸ
1169 2104 1226 2138 φῶς
1237 2103 1344 2139 ἠξιοῦτο
1354 2111 1360 2118 ·
1375 2103 1405 2129 τὸ
1422 2104 1470 2137 μὲν
1480 2103 1533 2138 γὰρ
1545 2104 1669 2138 ὠνόμασε
1682 2104 1748 2130 Θεοῦ
1761 2103 1833 2137 (56),
1847 2103 1912 2129 διότι

1126 2150 1312 2183 ξωτικώτατον
1325 2150 1355 2176 τὸ
1372 2150 1489 2185 πνεῦμα,
1507 2150 1578 2184 ζωῆς
1591 2149 1619 2176 δὲ
1634 2150 1701 2182 Θεὸς
1719 2150 1821 2181 αἴτιος·
1835 2149 1866 2175 τὸ
1884 2149 1911 2175 δὲ

1126 2196 1194 2231 φῶς,
1213 2196 1253 2222 ὅτι
1282 2195 1450 2231 ὑπερϐάλλον
1477 2195 1534 2231 (57)
1554 2195 1645 2222 καλόν.
1671 2195 1797 2230 τοσοὺτῳ
1816 2195 1870 2231 γὰρ
1882 2195 1914 2221 τὺ

1125 2243 1218 2278 νοητὸν
1230 2243 1276 2269 τοῦ
1292 2242 1390 2278 ὁρατοῦ
1405 2243 1594 2278 λαμπρότερόν
1616 2251 1645 2268 τε
1663 2243 1709 2268 καὶ
1724 2241 1911 2276 αὐγοειδὲς-τε-

1127 2298 1182 2325 ρον,
1196 2290 1304 2324 ὂσῳπερ
1316 2289 1401 2324 ἣλιος,
1410 2286 1496 2324 οἶμαι,
1509 2288 1632 2319 σκότους,
1641 2289 1688 2314 καὶ
1701 2288 1791 2324 ἡμέρα
1805 2287 1910 2318 νυκτὸς,

288 2335 489 2370 septimaeque
510 2341 624 2369 corpore
648 2341 744 2361 carens
766 2335 822 2369 ipsa
838 2342 958 2369 quoque,
982 2339 1073 2363 mente

1130 2335 1172 2361 ml.
1186 2334 1220 2361 τὰ
1234 2335 1363 2369 κριτήρια
1381 2333 1436 2368 (58)
1449 2333 1511 2365 νοῦς
1525 2335 1539 2360 ό
1552 2334 1599 2368 τῆς
1614 2333 1677 2368 ὅλης
1688 2333 1776 2370 ψυχῆς
1786 2332 1910 2368 ἡγεμὼν,

287 2375 443 2415 perceptum
456 2380 533 2413 solis,
559 2388 592 2407 ac
617 2385 775 2407 caeterorum
805 2380 927 2407 omnium
950 2381 1073 2408 clarissi—

283 2450 286 2453 -
323 2437 346 2452 ³⁸
363 2437 429 2464 Gen.
451 2446 470 2470 ι,
485 2437 531 2464 27.

323 2489 337 2503 ι
358 2482 445 2516 Philo,
465 2483 652 2519 γυμνοτέροις.

322 2529 378 2564 (49)
393 2531 427 2556 Et
442 2529 475 2556 δέ
492 2539 547 2563 τις,
563 2536 615 2557 etc.
640 2529 777 2563 Leguntur
802 2529 860 2556 haec
884 2529 955 2564 apud
976 2528 1069 2556 Philo-

288 2571 360 2603 nem.
378 2564 423 2607 lib.
442 2565 478 2591 De
493 2567 581 2591 mundi
600 2565 715 2626 opiﬁrio,
730 2572 791 2599 pag.
805 2565 832 2592 4.

322 2598 425 2626 (50)}:1
447 2599 558 2626 μείζων.
576 2606 628 2626 etc.
667 2607 746 2626 ocum
770 2600 832 2626 hum

322 2598 425 2634 (510)151
444 2599 558 2634 μείζων,
576 2598 628 2628 etc.
645 2598 746 2627 Locum
770 2598 842 2627 hunc
865 2599 1067 2627 emendabimus

286 2642 318 2660 cx
338 2633 459 2669 Philone,
479 2635 548 2669 apud
564 2643 643 2669 quem
659 2635 695 2662 ita
712 2639 858 2668 conceptus
874 2639 925 2666 est,
943 2635 957 2661 ὃ
975 2635 1066 2669 μεῖζὸν

287 2670 354 2706 est},
371 2667 424 2706 τῆς
435 2667 616 2706 ἀνονρωπίνὴς,
636 2670 747 2706 μίμημα
763 2667 838 2702 θεῖας
860 2667 1066 2705 εἰκόνος·’δῆλον

285 2703 313 2730 δὲ
326 2703 366 2739 ὅτι
384 2703 430 2739 agt
447 2704 462 2738 ὴ
477 2703 551 2739 ἇρχ..
565 2703 616 2731 etc.

391 2738 449 2776 Tm";
466 2738 590 2776 ῖςίξσμου.
607 2739 694 2776 Philo,
711 2739 756 2776 τοῦ
773 2739 897 2776 οὐρανοῦ.

398 2774 606 2810 ξᾼςειλόσοφ-ον.
627 2774 706 2810 Philo
721 2775 782 2802 add.
796 2773 834 2810 ἑῷ
849 2776 915 2802 ὄντι.

321 2807 376 2842 (53)
392 2807 511 2842 Πρῶτον
534 2807 599 2836 οὖν.
624 2809 701 2836 Philo
725 2815 786 2837 post
803 2807 852 2838 has
878 2819 938 2838 voc.
964 2815 1026 2837 ante
1051 2811 1065 2836 ὁ

285 2843 368 2869 ποιῶν
386 2844 492 2881 inserit,
505 2844 577 2878 παρὰ
593 2844 647 2881 τοῦ(
662 2845 754 2880 νοητοῦ
772 2846 884 2881 κόσμου.
911 2845 952 2872 Ea:
975 2846 1064 2872 mundi

283 2883 365 2904 mente
380 2879 492 2913 percepti
507 2879 659 2913 exemplari,
673 2881 725 2913 vel,
739 2880 772 2906 ad
784 2879 874 2908 mundi
886 2889 920 2908 m.
934 2889 960 2916 ρ.
977 2888 1065 2908 exem-

1125 2379 1270 2415 ὸφοαλμῶν
1285 2379 1338 2414 (59)
1357 2378 1490 2414 σώματος.
1505 2378 1542 2405 Τὸ
1553 2379 1580 2405 δὲ
1598 2379 1711 2414 ἀόρατον
1725 2377 1779 2413 (60)
1792 2378 1838 2405 καὶ
1851 2386 1910 2412 νοη-
1945 2378 1948 2381 ’

1122 2533 1191 2566 plur,
1209 2540 1273 2564 non,
1288 2536 1317 2558 ut
1332 2531 1408 2566 alain
1423 2531 1520 2558 mundo
1533 2531 1702 2566 iuteljt'gibili.

1159 2567 1214 2600 (54)
1232 2567 1351 2593 Καινόν.
1368 2565 1439 2600 Lege
1455 2566 1533 2593 κενόν
1546 2575 1578 2592 ex
1592 2565 1714 2593 Philone.

1158 2603 1214 2637 (55)
1230 2602 1316 2634 Philo,
1333 2601 1452 2628 πάντων.

1157 2636 1213 2670 (56)
1229 2636 1316 2668 Philo,
1333 2636 1415 2663 θείου,

1156 2673 1214 2706 (57)
1232 2672 1442 2706 Ὑπερίῖάλλον.
1454 2670 1538 2706 (Philo
1554 2670 1788 2706 ὑπερϐαλλόντως,

1155 2708 1211 2743 (58)
1231 2709 1272 2743 fit
1285 2705 1428 2741 κριτήρια.
1445 2705 1555 2741 Repone
1567 2705 1620 2732 τῶν
1634 2705 1801 2741 αἰσθητικῶν
1813 2715 1909 2742 κριτη-

1121 2743 1197 2778 ρίων,
1211 2751 1244 2769 ex
1261 2742 1384 2770 Philone.

1154 2778 1210 2812 (59)
1225 2778 1311 2808 Philo,
1324 2777 1371 2803 καὶ
1387 2777 1528 2812 ὀφθαλμοί.

1154 2813 1210 2848 (60)
1231 2813 1266 2840 Τὸ
1282 2813 1316 2839 δὲ
1330 2811 1535 2845 ἀόρατον-,αα
1549 2811 1690 2848 Philonem
1711 2811 1844 2848 Eusebius
1861 2812 1907 2848 de.—

1118 2849 1244 2876 curtavit.
1262 2848 1307 2875 Sic
1323 2848 1394 2874 enim
1410 2848 1462 2878 ille,
1484 2848 1529 2873 τὸν
1549 2847 1576 2873 δὲ
1593 2847 1721 2882 ἀόρατον,
1746 2847 1793 2873 καὶ
1812 2847 1907 2882 νοητὸν

1118 2885 1187 2911 θεῖον
1201 2884 1296 2916 Λόγον,
1312 2883 1356 2910 καὶ
1372 2883 1438 2912 Θεοῦ
1456 2883 1552 2916 Λόγον,
1570 2881 1660 2908 εἰκόνα
1676 2881 1749 2915 λέγει
1762 2882 1841 2908 Θεοῦ·
1855 2881 1907 2908 καὶ
