2091 3208
196 185 250 214 913

775 183 935 210 ΡΗιΕΡΑΙὶ,
956 183 1080 211 ΕΥΑΝῦ.
1101 182 1163 210 LIB.
1186 182 1230 210 Xl.

1765 180 1819 208 9M

195 244 241 271 τὸν
256 241 314 279 φῶίς
324 244 498 271 ἐκεῖνοθείου
517 244 603 278 Λόγου
619 244 729 278 γέγονεν
745 243 836 276 εἰκὼν,
850 244 897 271 τοῦ
912 245 984 281 διερ-

1037 253 1141 272 morum
1166 244 1295 277 siderum,
1316 251 1376 278 quae
1404 244 1577 278 producenda
1595 243 1692 271 deinde
1719 241 1818 274 forent,

197 288 380 324 μηνεύσαντος
400 288 448 324 τὴν
466 289 572 323 γένεσιν
591 288 690 316 αὐτοῦ·
710 289 757 315 καὶ
774 288 846 316 ἐστιν
868 290 984 324 ὑπερθυ-

198 335 289 370 ράνιος
301 334 398 370 ἀστὴρ,
411 335 486 370 πηγὴ
501 335 555 361 τῶν
567 335 702 370 αἰσθητῶν
727 335 863 371 ἀστέρων.
883 336 916 371 ἢν
934 337 983 363 οὐκ

195 380 229 407 ἂν
246 380 303 407 ἀπὸ
317 380 418 407 σκοποῦ
436 381 573 408 καλέσειεν
586 381 618 408 ἂν
633 390 674 412 τις
687 381 868 416 παναύγειαν,
885 382 930 416 ἀφ’
950 380 983 417 ἦς

195 425 330 461 ἥλιοςηκαὶ
343 426 452 462 σελήνη,
467 427 513 453 καὶ
525 428 550 453 οἱ
564 426 637 454 ἄλλοι
651 428 785 462 πλανῆται
797 447 804 459 ,
826 428 873 454 καὶ
896 428 983 454 ἀπλα-

196 473 251 504 νεῖς
265 472 410 508 ἀρύονται,
428 473 488 499 καθ’
504 474 565 499 ὅσον
587 474 694 508 ἑκάστῳ
717 473 830 509 δύναμις
841 494 847 505 ,
874 474 907 500 τὰ
919 474 984 509 πρέ-

197 527 282 545 ποντα
299 519 387 554 φέγγη
398 527 404 533 ·
422 519 472 554 τῆς
485 518 603 554 ἀμιγοῦς
617 519 663 546 καὶ
677 519 798 555 καθαρᾶς
812 520 899 555 αὐγῆς
914 520 984 546 ἐχεί-

196 573 246 599 νης
270 565 491 600 ἀμαυρουμένης,
515 563 545 592 οὗ
560 565 593 592 ἂν
615 565 670 600 (61)
698 565 813 600 ἄρξηται
837 565 983 601 τρέπεσθαι

196 609 267 637 κατὰ
288 611 337 645 τὴν
363 612 395 637 ἐκ
408 611 454 637 τοῦ
470 611 565 646 νοητοῦ
590 611 657 645 πρὸς
679 611 806 646 αἰσθητὸν
823 611 981 647 μεταὸολήν.

196 655 348 691 Είλικρινὲς
373 656 426 691 γὰρ
451 656 525 682 οὐδὲν
540 656 593 682 τῶν
617 657 645 682 ἐν
671 656 805 692 αἰσθήσει.
825 667 834 683 ι
849 658 902 684 Καὶ
915 657 985 692 μετὰ

197 701 300 737 βραχέα
313 701 447 735 ἐπιλέγει*
467 712 475 727 ι
498 702 574 728 Ἐπεὶ
589 702 617 728 δὲ
631 703 689 736 φῶς
707 703 756 738 μὲν
777 704 895 736 ἐγένετο,
922 703 985 730 σκό-

195 756 241 779 τος
257 748 278 774 δ’
298 748 431 784 ὑπεξέστη
447 748 493 775 καὶ
510 748 682 784 ἀνεχώρησεν
698 749 766 783 (6'2),
780 749 836 785 ὅροι
852 750 874 776 δ’
888 750 916 775 ἐν
929 751 984 781 τοῖς

197 794 298 829 μεταξῦ
315 794 495 830 διαστήμασιν
512 795 665 830 ὲπὰγησαν,
676 795 779 831 ἑσπέρα
791 804 820 822 τε
835 796 881 822 καὶ
895 795 984 831 πρωῖα

195 841 257 867 κατ’
271 840 416 874 ἀναγκαῖον
429 840 475 867 τοῦ
492 842 588 877 χρόνον
611 843 709 878 μέτρον
722 842 878 868 ἀπετελεῖτο
892 841 983 874 εὐθὺς,

194 885 210 911 ὃ
221 886 267 912 καὶ
277 886 382 921 ἡμέραν
395 886 483 918 καλῶς
500 887 584 913 ποιῶν
601 888 712 914 ἐκάλεσε
721 896 727 903 ·
744 888 790 914 καὶ
803 887 909 923 ἡμέραν
925 888 984 922 οὐχ).

196 929 318 965 πρώτην,
332 929 397 956 ἀλλὰ
411 931 512 967 μίαν,ἣ
529 931 651 958 λέλεκται
668 932 722 967 (65)
736 932 778 959 διὰ
797 921 845 968 την
859 921 905 958 τοῦ
923 921 983 967 νοεη-
1000 921 1020 947 Β

195 973 243 1000 τοῦ
259 974 359 1010 κόσμου
373 976 500 1010 μόνωσιν,
516 976 662 1013 μοναδικὴν
680 977 786 1012 ἔχοντος
814 978 863 1013 τὴν
891 977 980 1012 φύσιν.

201 1019 233 1046 ὐ
250 1021 298 1055 μὲν
311 1018 357 1047 οὖν
368 1021 512 1056 ἀσώματος
527 1024 627 1058 κόσμος
642 1024 691 1058 ήδη
706 1024 792 1059 πέρας
811 1022 894 1058 εἶχεν,
911 1024 983 1059 ἱδρυ-

195 1066 253 1098 Θεὶς
265 1067 293 1093 ὲν
304 1067 342 1102 τῷ
351 1067 414 1103 θείῳ
423 1068 501 1103 Λόγῳ
510 1077 516 1083 ⁸
527 1070 540 1095 ό
553 1069 576 1096 δ’
587 1069 714 1105 αἰσθητὸς
728 1069 795 1106 πρὸς
809 1069 983 1105 παράδειγμα

195 1111 291 1138 τούτου
318 1112 531 1147 ἑτελειογονεῐτο.
557 1115 612 1141 Καὶ
626 1115 735 1150 πρῶτον
755 1115 838 1142 αὑτοῦ
862 1115 916 1142 τῶν
935 1124 983 1150 με·

197 1157 263 1192 ρῶν,
278 1157 292 1184 ὃ
307 1159 353 1185 καὶ
367 1158 475 1185 πάντων
484 1160 604 1194 ἄριστον,
617 1160 701 1187 ἐποίει
717 1161 762 1186 τὴν
774 1160 887 1195 οὐρανὸν
907 1161 921 1186 ό
933 1162 985 1195 Δη-

198 1203 337 1238 μιουργὸς,
353 1203 381 1230 ὃν
395 1205 502 1240 ἐτύμως
516 1206 658 1241 στερέωμα
675 1206 894 1242 προσηγόρευσεν
904 1227 911 1239 ,
937 1207 984 1233 ἅτε

196 1250 353 1284 σωματικὸν
373 1250 446 1277 ὄντα,
462 1251 498 1277 Τὸ
524 1250 577 1286 γὰρ
605 1251 683 1286 σῶμα
695 1251 773 1286 φύσει
798 1252 915 1287 στερεὸν,
931 1252 944 1278 ὅ
959 1252 984 1278 τί

198 1302 252 1329 περ
275 1295 321 1322 καὶ
348 1296 427 1331 τριχῆ
446 1296 598 1324 διαστατόν.
631 1297 731 1333 Στεροῦ
745 1297 772 1324 δὲ
799 1298 846 1324 καὶ
861 1297 985 1332 σώματος

197 1340 288 1368 ἔννοια
302 1341 342 1373 τίς
360 1341 438 1378 ἑτέρα
454 1342 522 1377 πλὴν
534 1343 563 1369 τὸ
578 1343 665 1378 πάντη
688 1342 845 1378 διεστηκός
867 1343 985 1374 Εἰκότως

197 1383 256 1418 οὖν,
271 1385 387 1418 ἀντιθεὶς
405 1386 444 1422 τῷ
455 1387 541 1423 νοητῷ
566 1388 613 1413 καὶ
633 1387 771 1422 ἀσωμάτῳ
794 1387 838 1413 τὸν
859 1386 985 1421 αἰσθητὸν

199 1432 248 1458 καὶ
265 1433 446 1468 σωματοειδῆ,
464 1433 556 1460 τοῦτον
569 1434 678 1469 στερεὸν
694 1433 816 1459 ἐκάλεσε.
835 1443 844 1458 ι
858 1433 950 1458 Ταῦτα
975 1433 989 1458 ὁ

197 1479 296 1506 Φίλων.
322 1480 432 1515 Συνᾴδει
456 1480 483 1506 δὲ
499 1479 572 1511 αὑτῷ
586 1481 632 1506 καὶ
643 1481 656 1506 ὁ
673 1480 796 1516 Κλήμης,
817 1480 845 1505 ἐν
862 1479 900 1514 τῷ
918 1479 990 1513 ἕκτῳ

199 1523 256 1567 (64)
270 1526 435 1561 Στρωματεῖ
448 1526 534 1561 λέγων
546 1523 606 1552 ὧδε.

1033 290 1171 325 exemplar
1186 295 1255 317 erat.
1281 288 1340 316 Jam
1361 289 1478 323 Spiritus
1502 294 1582 324 alque
1608 289 1676 317 lucis
1687 287 1817 315 eximium

1034 335 1135 370 aliquid
1152 343 1183 362 ac
1198 334 1362 370 prmcipuum
1374 342 1434 361 esse
1451 334 1554 361 voluit:
1574 341 1636 361 nam
1661 333 1749 366 illum,
1768 331 1818 359 Dei

1035 382 1166 417 Spiritum
1196 380 1355 411 nominavit,
1383 379 1454 414 quod
1481 378 1599 414 Spiritus
1617 379 1713 411 vitam,
1739 378 1820 412 cujus

1034 432 1130 455 auctor
1148 426 1219 454 Deus
1231 431 1282 458 est,
1295 425 1413 452 maxime
1424 425 1527 458 foveat;
1548 428 1617 452 hanc
1630 431 1703 456 vero,
1719 424 1817 455 lucem,

1034 474 1105 509 quod
1120 473 1260 500 excellenti
1278 472 1481 507 pulchritudine
1507 471 1654 506 conspicua
1669 471 1714 498 sit.
1731 469 1820 497 Tanto

1034 521 1106 547 enim
1123 519 1270 554 utiquelux
1288 519 1331 545 illa
1347 526 1407 552 qua:
1422 522 1511 545 mente
1519 517 1677 552 percipitur,
1696 519 1819 550 aspecta-

1034 567 1081 594 bili
1102 566 1153 593 hac
1173 566 1305 592 illustrior
1323 572 1355 591 ac
1374 564 1539 598 splendidior
1572 567 1624 596 est,
1650 566 1752 597 quanto
1777 561 1819 587 vel

1036 611 1152 639 tenebrae
1170 611 1246 643 solis,
1264 610 1305 636 vel
1322 617 1374 636 nox
1391 610 1455 640 diei.
1474 610 1516 636 vel
1528 608 1662 636 sentiendi
1678 607 1718 634 vis
1729 614 1762 634 ac.
1778 606 1818 633 fa-

1035 658 1133 689 cultas,
1154 657 1253 684 mentis
1279 655 1362 691 548
1378 655 1460 682 animi
1489 655 1571 682 totius
1602 653 1741 688 principis,
1778 652 1818 679 vel

1035 703 1153 737 denique
1186 709 1286 736 corpus
1315 701 1457 728 oculorum
1486 699 1629 735 splendore
1664 702 1818 734 superatur.

1034 748 1119 775 Porro
1135 748 1182 775 lux
1196 747 1251 780 illa,
1266 751 1355 774 mente
1366 746 1433 779 sola,
1449 754 1502 773 non
1517 746 1576 774 visu
1589 750 1726 780 percepta,
1738 744 1820 771 Verbi

1034 793 1129 826 divini,
1149 797 1225 820 ortus
1251 793 1294 819 sui
1326 792 1480 826 interpretis
1505 791 1649 826 imaginem
1676 790 1820 825 expressit.

1035 844 1140 867 astrum
1152 839 1221 866 ctelo
1238 838 1373 873 superius,
1386 838 1504 872 fonsquc
1521 837 1640 864 siderum
1669 836 1821 871 aspectabi-

1037 885 1114 917 lium,
1134 892 1214 919 quam
1232 883 1344 910 luminis
1367 882 1571 910 universitatem
1583 882 1632 908 rite
1659 889 1690 908 ac
1719 881 1821 917 signiti-

1036 935 1128 958 canter
1140 929 1271 964 appelles,
1282 929 1352 956 unde
1377 929 1428 961 sol,
1459 929 1533 961 luna,
1558 928 1698 962 stellseque
1719 933 1823 955 cetera:

1036 981 1091 1003 tam
1108 975 1179 1008 ﬁxae,
1194 983 1275 1009 quam
1292 979 1426 1006 errantes,
1439 982 1488 1009 pro
1515 975 1572 1002 suis
1594 981 1708 1010 quzeque
1718 973 1822 1001 viribus

1037 1021 1244 1050 convenientem
1274 1020 1446 1054 splendorem
1468 1019 1621 1051 ,hauriunt,
1640 1019 1705 1046 dum
1720 1019 1821 1046 sensim

1037 1067 1158 1095 hebescit
1172 1074 1256 1100 purus
1273 1065 1317 1092 ille
1332 1065 1500 1100 simplexque
1515 1064 1615 1099 fulgor,
1638 1064 1683 1091 ubi
1712 1064 1824 1098 coeperit

1037 1113 1089 1140 hac
1117 1112 1250 1147 spiritalis
1271 1111 1298 1138 in
1327 1111 1492 1145 aspcctabile
1517 1110 1695 1138 conversione
1711 1109 1822 1137 mutari.

1039 1157 1180 1185 Sincerum
1192 1157 1291 1192 quippe
1317 1156 1382 1182 nihil
1404 1156 1528 1190 estquod
1544 1156 1571 1182 in
1588 1163 1685 1183 sensus
1706 1154 1788 1181 cadit.
1810 1163 1819 1180 ι

1038 1204 1158 1238 itemque
1169 1208 1230 1238 post
1241 1211 1337 1238 pauca.
1355 1212 1363 1228 ι
1381 1201 1431 1229 Ubi
1443 1206 1546 1234 autem,
1561 1201 1675 1236 inquit,'-
1685 1201 1730 1227 lux
1744 1200 1825 1227 exsti—

1039 1250 1125 1281 tisset,
1142 1248 1312 1282 tenebraeque
1325 1248 1458 1275 submota:
1481 1247 1541 1274 loco
1557 1247 1712 1277 cessissent,
1728 1245 1824 1272 termi-

1039 1296 1082 1323 nis
1099 1296 1180 1322 etiam
1199 1294 1287 1322 medio
1309 1293 1451 1321 intervallo
1476 1293 1538 1320 lixis
1553 1297 1634 1327 atque
1656 1291 1823 1322 constitutis.

1039 1348 1149 1376 vespera
1161 1340 1289 1367 nimirum
1310 1344 1391 1374 atque
1411 1339 1545 1370 diluculo,
1562 1342 1642 1373 prout
1669 1336 1825 1365 necessaria

1039 1386 1167 1421 temporis
1183 1393 1310 1413 mensura
1332 1385 1497 1420 p05tulabat,
1513 1385 1539 1412 id
1562 1383 1710 1419 perfectum
1737 1382 1825 1411 conti-

1038 1439 1093 1459 nuo
1106 1436 1157 1463 est.
1167 1431 1240 1466 quod
1265 1431 1322 1465 ipse
1337 1431 1408 1457 diem
1419 1430 1480 1465 jure
1510 1430 1696 1465 nuncupavit;
1711 1433 1738 1456 et
1752 1428 1823 1456 diem

1038 1484 1092 1504 non
1104 1477 1232 1511 primum,
1250 1476 1297 1503 sed
1312 1476 1434 1508 unicum,
1460 1476 1541 1510 idque
1567 1480 1676 1510 propter
1692 1474 1825 1509 spiritalis

1038 1521 1121 1554 illius,
1147 1521 1195 1556 qui
1223 1521 1378 1555 adjunctam
1407 1528 1423 1548 a
1450 1525 1546 1548 natura
1583 1521 1714 1547 unitatem
1741 1519 1823 1546 habet

198 1565 294 1599 mundi
307 1572 490 1600 solitudinem.
506 1571 619 1606 Jamque
644 1579 721 1599 suam
747 1571 923 1605 incorporeus
954 1570 997 1597 ille
1017 1569 1134 1596 mundus
1150 1568 1343 1604 perfectionem
1355 1568 1468 1595 sortitus
1481 1573 1548 1600 erat,
1563 1567 1655 1595 divino
1675 1567 1702 1594 in
1732 1565 1821 1594 Verbo

199 1620 280 1652 situs,
310 1626 372 1646 cum
389 1618 448 1654 ejus
461 1619 493 1645 ad
518 1618 656 1653 exemplar
673 1617 845 1652 aspectabilis
868 1617 918 1644 iste
935 1615 1131 1643 absolveretur.
1158 1613 1243 1648 Cujus
1267 1618 1370 1648 partem
1396 1614 1520 1640 omnium
1553 1612 1592 1640 uti
1608 1612 1751 1644 optimam,
1787 1612 1825 1639 ita

198 1671 227 1695 et
241 1666 389 1702 principem
404 1667 514 1698 caelum,
531 1665 628 1692 artifex
658 1665 816 1697 elaboravit,
831 1665 903 1700 quod
919 1671 981 1691 vere
1000 1663 1071 1690 idem
1099 1670 1131 1690 ac
1158 1661 1267 1697 proprie
1293 1661 1506 1692 ﬁrmamentum,
1528 1664 1620 1692 utpote
1629 1667 1743 1696 corpore
1754 1667 1824 1695 prae-

199 1714 288 1742 ditum
301 1714 454 1750 appellavit.
478 1714 586 1749 Corpus
602 1714 701 1748 quippe
726 1718 822 1740 natura
844 1721 893 1740 sua
923 1712 1030 1739 ﬁrmum
1050 1715 1101 1743 est,
1131 1710 1255 1744 idemque
1284 1708 1416 1735 trifariam
1433 1708 1516 1735 dividi
1533 1711 1631 1743 potest.
1663 1706 1732 1735 Nam
1754 1706 1825 1734 ﬁrmi

199 1761 311 1796 quidem
325 1765 352 1788 et
364 1760 495 1795 corporis,
521 1767 646 1794 quaenam
668 1759 720 1786 alia
745 1760 819 1787 notio
831 1763 882 1789 est,
912 1766 994 1793 quam
1013 1758 1072 1792 ejus
1100 1756 1150 1788 rei,
1166 1763 1248 1790 quam
1273 1755 1347 1782 otnni
1362 1762 1396 1782 ex
1411 1759 1486 1789 parte
1501 1754 1621 1781 dividere
1629 1754 1740 1789 possis?
1755 1753 1822 1781 Jure

199 1807 293 1842 ’taque
307 1807 423 1842 spiritali
437 1811 464 1834 et
492 1807 614 1840 corporis
639 1807 752 1841 experti,
781 1805 944 1841 aspectabile
959 1805 1009 1831 hoc
1028 1808 1055 1830 et
1071 1809 1231 1837 corporeum
1245 1809 1396 1837 opponens,
1418 1801 1526 1828 tirmum
1539 1801 1693 1836 appellavit.
1711 1811 1720 1827 I
1735 1802 1828 1836 Atque

201 1856 333 1883 hactenus
344 1854 431 1885 Philo,
447 1854 491 1881 cui
520 1854 609 1881 aﬂinia
635 1854 714 1888 plane
735 1861 767 1881 ac
792 1854 899 1889 gemina
919 1852 1046 1880 Clemens
1060 1850 1193 1878 Stromale
1202 1854 1279 1876 sexto
1303 1849 1376 1876 hunc
1403 1848 1430 1874 in
1447 1848 1558 1875 modum
1572 1849 1754 1884 persequitur.

455 1900 654 1927 ΚΕΦΑΛΑΙΟΝ
670 1900 733 1927 KE'.

378 1947 550 1982 Κλήμεντος
562 1947 627 1981 περὶ
645 1947 696 1973 τοῦ
708 1946 813 1973 αὐτοῦ.

240 2004 249 2021 ς
266 1994 375 2029 Κόσμον
390 2002 420 2020 τε
432 1991 509 2025 αὖθις
523 1993 568 2019 τὸν
585 1993 632 2028 μὲν
645 1992 739 2028 νοητὸν
760 1990 829 2019 οἶδεν
851 1993 868 2027 ἡ
888 1992 990 2028 βάρΰα-

202 2048 250 2076 ρος
266 2038 420 2074 φιλοσοφία,
435 2038 480 2064 τὸν
492 2038 520 2065 δὲ
534 2037 676 2072 αἰσθητόν·
690 2038 736 2064 τὸν
760 2038 808 2073 μὲν
825 2037 988 2072 ἀρχέτυπον,

201 2085 249 2112 τὸν
273 2084 302 2110 δὲ
330 2084 421 2110 εἰκόνα
440 2083 486 2109 τοῦ
504 2083 587 2110 καλοῦ
609 2083 665 2119 (65)
679 2083 909 2118 παραδείγματος.
936 2083 990 2109 Καὶ

200 2131 248 2158 τὸν
265 2129 314 2165 μὲν
328 2129 467 2164 ἀνατίθησι
483 2129 586 2164 μονάδι,
601 2128 638 2160 ὡς
657 2129 690 2155 ἂν
707 2129 819 2164 νοητὸν,
842 2130 887 2156 τὸν
908 2130 936 2156 δὲ
950 2131 991 2157 αἰ-

202 2175 302 2211 σθητὸν
325 2174 408 2206 tam.
429 2174 519 2210 Γάμος
540 2175 593 2211 γὰρ
613 2176 688 2211 παρὰ
701 2177 757 2207 τοῖς
785 2175 989 2212 Πυθαγορείοις,

200 2222 240 2254 ὡς
256 2221 289 2248 ἂν
302 2221 414 2256 γόνιμος
428 2221 553 2256 ἀριθμὸς,
573 2222 589 2257 ἡ
604 2221 669 2254 ἑξὰς
686 2221 816 2248 καλεῖται.
835 2222 889 2248 Καὶ
899 2223 927 2248 ὲν
943 2222 990 2257 μὲν

201 2267 236 2302 τῇ
251 2265 344 2302 μονάδι
356 2265 510 2300 συνίστησιν
518 2265 631 2301 οὐρανὸν
642 2265 767 2301 ἀόρατον,
783 2266 830 2292 καὶ
837 2267 887 2301 γῆν
899 2266 990 2300 ἁγίαν,

202 2312 252 2338 καὶ
266 2311 323 2345 φῶς
339 2311 444 2346 νοητόν.
465 2311 530 2337 «Ἐν
554 2311 624 2346 ἀρχῇ
655 2311 721 2346 γὰρ,
752 2311 843 2346 φησὶν,
866 2311 992 2346 ἐποίησεν

201 2359 217 2385 ό
227 2357 295 2389 Θεὸς
305 2357 350 2384 τὸν
359 2357 473 2393 οὐρανὸν
481 2357 527 2383 καὶ
543 2357 592 2392 τὴν
606 2357 657 2392 γῆν
666 2365 672 2371 ·
685 2358 701 2392 ἡ
715 2356 742 2383 δὲ
752 2357 786 2392 γῆ
802 2355 836 2392 ἦν
849 2357 989 2393 ἀόρατος.»

202 2402 260 2431 Εἶτ’
271 2403 413 2438 ἐπιφέρει·
429 2412 439 2428 ‹
455 2403 510 2428 Καὶ
521 2400 597 2428 εἶπεν
611 2404 624 2429 ό
636 2402 701 2434 Θεός
711 2412 717 2417 ·
732 2403 853 2430 Γενέσοω
866 2403 933 2438 φῶς,
947 2403 992 2430 καὶ

202 2448 312 2483 ἐγένετο
327 2447 411 2482 φῶς.)
421 2448 465 2474 Ἐν
478 2447 505 2474 δὲ
514 2449 546 2483 τῇ
559 2448 737 2484 κοσμογενείᾳ
749 2448 803 2483 (66)
810 2450 843 2484 τῇ
858 2449 973 2484 αίσΘητῇ
984 2469 991 2480 ,

204 2494 315 2529 στερεὸν
336 2493 450 2528 οὐρανὸν
460 2493 634 2528 δημιουργεῖ·
650 2494 680 2520 τὺ
691 2494 719 2520 δὲ
734 2494 841 2530 στερεὸν
855 2494 992 2530 αἰσθητὸν,

203 2539 258 2573 γῆν
270 2547 299 2564 τε
312 2538 412 2574 ὁρατὴν
427 2539 473 2564 καὶ
484 2537 541 2573 φῶς
552 2538 724 2573 βλεπόμενον.
738 2537 800 2575 Ἆρ’
817 2539 847 2565 οὗ
867 2540 940 2566 δοκεῖ
952 2549 993 2567 σοι

1321 1894 1436 1922 CAPUT
1455 1894 1539 1922 XXV.

1255 1940 1293 1967 De
1309 1941 1414 1973 iisdem,
1425 1947 1457 1967 ea:
1470 1939 1612 1967 Clemente.

1079 1997 1087 2012 ι
1105 1987 1237 2014 Ρῐωιονεο
1255 1985 1398 2018 mundum,
1416 1985 1514 2020 inquit,
1531 1990 1620 2013 mente
1636 1985 1751 2012 alterum
1765 2005 1773 2017 ,
1789 1986 1827 2013 al-

1041 2038 1127 2060 terum
1143 2040 1224 2059 sensu
1237 2035 1393 2066 perceptum
1405 2031 1520 2058 barbara
1530 2031 1825 2066 agnovitphilosophia,

1040 2084 1067 2107 et
1079 2079 1155 2106 illum
1167 2078 1277 2112 quidem
1304 2077 1493 2111 archetypum,
1522 2076 1595 2104 hunc
1622 2084 1685 2104 vero
1701 2077 1825 2112 praeclari

1040 2125 1203 2159 exemplaris
1215 2124 1370 2158 imaginem.
1388 2122 1465 2150 illum
1479 2123 1554 2155 item,
1569 2123 1642 2158 quod
1665 2123 1724 2151 sola
1736 2128 1826 2151 mente

1041 2171 1172 2206 capiatur,
1192 2170 1309 2203 unitati;
1327 2169 1409 2203 hunc,
1423 2169 1470 2204 qui
1487 2169 1513 2196 in
1524 2177 1635 2197 sensum
1655 2169 1738 2202 cadit,
1748 2177 1826 2197 sena-

1042 2218 1082 2245 rio
1092 2216 1226 2244 attribuit.
1241 2215 1385 2243 Senarium
1407 2215 1479 2243 enim
1499 2215 1671 2251 Pythagorei,
1693 2216 1766 2250 quod
1782 2224 1825 2244 sc-

1042 2263 1148 2290 cundus
1164 2263 1188 2289 is
1202 2269 1332 2289 numerus
1347 2262 1392 2294 sit,
1405 2260 1561 2296 conjugium
1574 2266 1713 2288 vocarunt.
1726 2261 1758 2288 Et
1770 2262 1828 2294 qui—

1042 2309 1102 2336 dem
1115 2309 1140 2335 in
1155 2309 1267 2339 unitate.
1277 2308 1375 2336 cmlum
1390 2308 1455 2335 illud
1478 2308 1550 2343 quod
1564 2307 1646 2334 videri
1658 2315 1712 2335 non
1741 2311 1828 2342 potest

1044 2361 1197 2390 terramque
1206 2355 1287 2391 549
1300 2360 1433 2388 sanctam,
1442 2355 1564 2382 etlucem
1573 2358 1662 2381 mente
1673 2358 1827 2389 perceptam

1044 2401 1192 2429 constituit.
1214 2400 1264 2427 iln
1284 2401 1417 2435 principio
1432 2400 1516 2432 enim,
1541 2400 1638 2435 inquit,
1668 2399 1732 2427 fecit
1755 2398 1827 2427 Deus

1044 2446 1143 2473 omium
1167 2450 1192 2472 et
1217 2450 1333 2477 terram;
1361 2450 1433 2472 terra
1452 2449 1543 2471 autem
1568 2450 1626 2472 erat
1641 2444 1794 2472 invisibilis.
1815 2455 1824 2470 ι

1044 2491 1112 2518 Tum
1126 2491 1209 2522 addit,
1229 2500 1239 2516 ‹
1255 2495 1281 2517 et
1297 2491 1365 2517 dixit
1382 2490 1464 2523 Deus,
1492 2491 1552 2518 Fiat
1568 2491 1625 2522 lux,
1641 2495 1668 2518 et
1691 2490 1761 2518 facta
1785 2495 1827 2518 est

1044 2537 1089 2563 lux
1105 2537 1154 2562 ⁸³.»
1170 2537 1238 2563 Atin
1247 2544 1277 2563 ea
1292 2537 1398 2567 mundi,
1412 2544 1473 2571 qua:
1487 2537 1538 2563 sub
1550 2544 1660 2564 sensum
1673 2537 1755 2569 cadit,
1764 2544 1827 2572 pro-

204 2583 329 2610 ἐντεῦθεν
337 2584 351 2610 ό
361 2583 472 2611 Πλάτων
484 2584 559 2616 ζώων
571 2584 641 2615 ἰδέας
652 2585 680 2610 ἐν
693 2584 731 2619 τῷ
737 2584 824 2619 νοητῷ
835 2585 987 2612 (Ξιτςολείττεικ⁴

1044 2583 1191 2615 creatione,
1209 2582 1325 2609 solidum
1339 2582 1438 2609 coelum
1452 2583 1578 2615 molitur;
1593 2582 1663 2617 quod
1675 2586 1765 2610 autem
1781 2591 1825 2610 so-

205 2629 312 2665 κόσμῳ,
328 2630 375 2656 καὶ
388 2630 424 2657 τὰ
438 2630 495 2665 εἴδη
519 2630 554 2656 τὰ
577 2631 705 2665 αἰσθητὰ,
721 2631 792 2658 κατὰ
804 2631 838 2658 τὰ
851 2631 915 2668 γένη
936 2632 990 2667 (ϐῗ)

239 2676 267 2693 ³’
285 2676 354 2703 Gen.
368 2685 387 2704 ι,

205 2722 309 2758 ταύτης
333 2722 435 2754 εἰκόνα,
449 2722 495 2748 τὸν
512 2722 580 2758 [lege
604 2723 644 2758 τὸ(
666 2724 759 2758 νοητὸν
785 2723 841 2758 φῶς
865 2725 961 2756 ἐκεῖνο,
977 2725 991 2751 ὃ

206 2757 280 2784 θείου
295 2757 381 2784 Λόγου
398 2758 507 2784 γέγονεν
522 2757 613 2784 εἰκὼν.
626 2759 672 2784 τοῦ
687 2759 754 2784 διεο.
767 2766 818 2784 etc.

224 2759 280 2784 ειου
295 2759 381 2791 Λόγου
398 2759 507 2792 γέγονεν
522 2759 613 2791 εἰκὼν,
626 2759 672 2784 τοῦ
687 2759 754 2794 διερ.
767 2766 818 2786 etc.

244 2792 300 2832 (iii)
315 2791 401 2832 Ehilo,
417 2793 500 2832 όταν..
778 2812 781 2815 ,

244 2827 300 2864 ea
317 2827 404 2864 meo.
417 2828 602 2864 ὐπεχώρησενι

244 2862 302 2897 (63)
317 2861 405 2897 Philo,
420 2861 540 2896 λέγέταιέ

245 2897 300 2932 (65)
330 2896 372 2929 Τῷ
393 2896 477 2931 ἕκτῳ.
506 2897 621 2933 Lrgcnd.
639 2899 675 2934 τῷ
701 2900 826 2935 πέμπτῳ.
853 2901 892 2928 lbi
919 2901 991 2929 enim

1044 2629 1127 2657 lidutn
1141 2635 1192 2661 est,
1204 2630 1274 2656 idem
1289 2637 1398 2664 quoque
1412 2636 1510 2657 sensus
1523 2633 1612 2656 movet
1629 2638 1635 2656 :
1650 2633 1749 2657 terram
1763 2630 1828 2658 item

1043 2733 1103 2760 pag.
1124 2725 1186 2756 452,
1198 2725 1262 2752 edit.
1278 2725 1445 2753 Graeco-Lat.
1465 2725 1541 2753 locus
1559 2726 1602 2753 hic
1617 2726 1742 2753 habetur.

1079 2760 1207 2822 (ῗῇιῇῗ
1217 2760 1321 2787 καλοῦ.
1338 2760 1458 2792 Rectius,
1472 2769 1554 2796 quam
1567 2766 1596 2789 ut
1610 2761 1680 2796 apud
1692 2761 1825 2788 Clement.

1044 2796 1125 2822 καλου
1130 2796 1207 2830 μένου
1212 2816 1218 2822 .

1079 2831 1134 2866 (66)
1151 2831 1204 2862 CL,
1218 2830 1392 2866 κοσμογονίᾳ.

1079 2865 1135 2901 (67)
1149 2866 1228 2893 Κατὰ
1241 2864 1277 2892 τὰ
1292 2864 1376 2901 mn."
1390 2864 1458 2894 Vera
1471 2865 1559 2900 lectio,
1578 2874 1629 2894 non
1643 2866 1689 2893 καὶ
1702 2866 1735 2893 τὰ
1750 2865 1831 2900 γένη,

1043 2904 1075 2930 ut
1087 2906 1127 2945 est
1142 2901 1210 2934 apud
1223 2900 1400 2930 Clementem.
