2091 3208
174 176 225 204 9!!

171 232 210 262 αὖ
222 232 292 262 εἶναι
305 234 336 261 τὸ
351 233 441 269 σῶμα.
452 233 570 269 Ἔχομέν
583 242 610 261 τι
618 234 694 271 παρὰ
701 234 787 261 ταῦτα
795 235 860 262 ἄλλο
867 234 967 269 λέγειν,

171 277 197 308 ὦ
211 281 272 315 φίλε
286 280 388 315 Κέϐης,
396 280 434 312 ὡς
444 281 492 315 οὺχ
501 279 587 312 οὕτως
596 280 666 315 ἔχει;
678 281 734 307 Οὐκ
744 280 851 316 ἔχομεν.
864 281 896 308 Τί
905 279 966 313 οὗν;

172 326 276 354 τούτων
289 326 375 358 οὕτως
384 327 510 362 ἑχόντων,
524 325 567 362 ἆρ’
576 327 605 353 οὐ
624 327 729 362 σώματι
743 328 791 362 μὲν
800 328 866 362 ταχὺ
881 328 969 354 διαλύ-

172 372 251 401 εσθαι
259 373 403 409 προσήκει,
414 373 486 408 ψυχῇ
497 374 524 400 δὲ
535 372 567 400 αὖ
578 375 739 410 τοπαράπαν
748 374 881 410 ἁδιαλύτῳ
887 373 966 408 εἶναι,

172 418 191 453 ἢ
207 418 291 453 ἐγγύς
299 427 326 445 τι
336 419 447 452 totitoti;
458 419 520 450 Πῶς
535 419 589 456 γὰρ
601 419 631 446 οὗ
643 428 689 452 ;-
700 420 822 451 Συννοεῖς
835 418 891 452 οὖν,
903 420 965 455 ἔφη,

171 466 213 492 ὃτι
230 464 340 491 ἐπειδὰν
357 464 480 500 ἀποθάνῃ
496 465 510 490 ὁ
527 465 678 500 ἄνθρωπος,
694 465 724 491 τὺ
743 465 792 500 μὲν
806 466 903 500 ὁρατὸν
917 467 965 492 αὑ-

170 512 219 538 τοῦ
234 512 264 538 τὸ
278 511 357 547 σῶμα
373 512 420 538 καὶ
433 513 461 538 ὲν
476 511 565 547 ὁρατῷ
582 511 717 546 κείμενον,
733 512 747 538 ὃ
759 512 790 547 δὴ
807 512 902 548 νεκρὸν
918 522 966 539 κα-

170 556 281 592 λοῦμεν,
296 554 317 591 ᾦ
331 557 464 592 προσήκει
486 555 650 589 διαλύεσθαι,
674 557 722 584 καὶ
736 557 901 589 διαπίπτειν,
919 559 965 584 καὶ

170 602 352 635 διαπνεῖσθαι,
370 603 419 629 οὐκ
435 603 515 634 εὐθὺς
535 603 636 629 τούτων
651 603 726 629 οὐδὲν
745 603 888 635 πέπονθεν,
907 603 964 630 ἀλλ’

171 649 302 681 ἐπιεικῶς
322 648 417 684 συχνὸν
439 649 562 684 ἐπιμένει
586 649 694 685 χρόνον·
719 649 766 675 ἐὰν
789 650 839 684 μέν
856 659 897 682 τις
918 651 964 676 καὶ

170 696 321 731 χαριέντως
338 696 407 731 ἔχων
423 695 453 722 τὸ
470 696 548 732 σῶμα
564 695 724 732 τελευτήσῃ,
739 696 786 723 καὶ
801 697 829 723 ἐν
846 698 878 732 τῇ
894 698 962 732 αὐτῇ

169 742 240 778 ὥρᾳ,
266 743 313 768 καὶ
337 743 406 769 πάνυ
431 742 511 777 μάλα.
539 742 681 777 Συμπεσὺν
703 742 758 778 γὰρ
774 743 803 769 τὸ
821 743 899 778 σῶμα
917 744 963 770 καὶ

168 788 339 824 ταριχευθὲν,
352 787 445 824 ὥσπερ
455 790 479 814 οἱ
492 790 520 815 ἐν
533 788 662 824 Αἰγύπτῳ
674 788 891 824 ταριχευθέντες,
906 789 961 816 ἐλί-

168 843 220 869 γου
237 834 296 862 ὅλον
313 834 387 869 μένει
401 835 541 869 ἀμήχανον
557 835 617 861 ὅσον
632 835 734 870 χρόνον.
756 835 834 861 Ἐνια
848 835 875 861 δὲ
892 836 961 871 μέρη

166 880 367 916 τοῦ,σώματος,
388 881 434 907 καὶ
448 881 495 908 ὲάν
513 883 598 916 σαπῇ,
613 882 679 907 ὀστᾶ
692 890 721 907 τε
738 881 785 908 καὶ
801 881 894 916 νεῦρα,
913 882 960 908 χαὶ

165 927 203 954 τὰ
219 926 332 953 τοιαῦτα
352 927 450 959 πάντα,
470 927 553 962 ὅμως,
576 927 613 958 ὡς
630 927 695 959 ἔπος
717 928 813 958 εἰπεῖν,
838 927 959 954 ἀθάνατα

166 975 253 1005 ἐστιν,
268 973 285 1009 ἢ
300 972 348 1006 οὓ;
361 988 394 992 -
409 973 470 999 Ναί.
495 973 527 999 Ἡ
547 973 575 1000 δὲ
590 973 662 1008 ψυχὴ
683 973 746 1007 ἄρα,
766 973 806 1007 (τὸ
818 973 915 1004 ἀειδὲς,
931 973 960 999 τὸ

165 1021 207 1052 είς
223 1020 342 1047 τοιοῦτον
363 1020 444 1046 τόπον
469 1020 561 1056 ἕτερον
582 1020 732 1055 οἰχόμενον,
755 1021 888 1054 γενναῖον,
914 1020 960 1046 καὶ

164 1066 297 1103 καθαρὸν,
319 1067 366 1093 καὶ
388 1067 473 1103 ἀειδῆ,
493 1068 533 1099 εἰς
550 1067 624 1102 ᾅδου,
640 1067 677 1099 ὡς
691 1067 808 1102 ἀληθῶς,
822 1067 898 1102 παρὰ
914 1066 960 1092 τὸν

165 1112 270 1147 ἀγαθὸν
287 1114 333 1140 καὶ
350 1113 481 1149 φρόνιμον
494 1112 570 1145 Θεὸν,
587 1111 621 1146 οἴ,
639 1113 687 1139 ἐὰν
700 1115 713 1139 ὁ
725 1113 790 1145 Θεὸς
805 1113 892 1150 ἐθέλῃ,
910 1114 959 1139 αὐ-

163 1158 231 1186 τίκα
245 1159 291 1186 καὶ
308 1161 340 1195 τῇ
357 1161 410 1195 ὲμῇ
425 1160 496 1195 ψυχῇ
514 1159 605 1195 ἰτέον·)
618 1159 687 1194 αῦτη
705 1159 733 1185 δὲ
750 1159 781 1195 δὴ
797 1160 862 1195 ἡμῖν
877 1160 892 1194 ἡ
905 1167 959 1185 τοι-

163 1206 251 1241 αύτη,
275 1207 322 1233 καὶ
342 1206 413 1233 οὕτω
432 1208 579 1240 πεφυκυῖα,
603 1205 826 1241 ἀπαλλαττομένη
843 1205 890 1232 τοῦ
909 1205 960 1231 σώ-

164 1246 261 1289 ματὰ,
277 1253 357 1284 εὐθὺς
372 1253 581 1287 διαπεφύσηται,
600 1253 646 1279 καὶ
661 1252 810 1282 ἀπόλωλεν,
827 1251 864 1282 ὥς
878 1259 959 1285 φασιν

162 1300 190 1326 οἱ
221 1299 314 1326 πολλοὶ
343 1299 498 1334 ἄνθρωποι;
525 1299 626 1325 Πολλοῦ
646 1307 678 1333 γε
707 1298 754 1325 καὶ
778 1297 833 1328 δεῖ,
855 1294 878 1323 ὦ
900 1297 959 1331 φίλε

163 1343 257 1380 Κέϐης
271 1354 300 1371 τε
315 1345 362 1372 καὶ
378 1345 492 1380 Σιμμία.
517 1344 597 1371 Ἀλλὰ
613 1343 703 1382 πολλῷ
719 1343 817 1379 μᾶλλον
829 1340 878 1370 ὧδε
891 1343 957 1378 ἕχει·

169 1390 234 1417 Ἐὰν
248 1391 296 1426 μὲν
309 1391 418 1427 καθαρὰ
434 1390 638 1426 ἀπαλλάττηται
654 1391 700 1417 τοῦ
716 1390 851 1425 σώματος,
877 1390 958 1424 μηδὲν

162 1437 374 1471 συνεφέλκουσα,
390 1437 437 1464 ἅτε
452 1437 528 1464 οὐδὲν
543 1437 708 1463 κοινωνοῦσα
724 1436 797 1470 αὑτῷ
813 1437 841 1462 ἐν
853 1435 891 1470 τῷ
909 1435 958 1470 βίῳ

161 1480 266 1508 ἑκοῦσα
282 1480 369 1513 εἶναι,
391 1482 460 1508 ἀλλὰ
486 1482 624 1517 φεύγουσα
647 1481 726 1513 αὐτὸ,
748 1481 793 1507 καὶ
819 1481 959 1517 συνηθροι-

162 1527 252 1562 σμένη
265 1527 333 1563 αὑτὴ
353 1528 392 1559 εἰς
407 1527 516 1563 ἑαυτὴν,
528 1528 575 1554 ἆτε
592 1527 732 1562 μελετῶσα
744 1527 799 1562 (79)
814 1527 857 1553 ἀεὶ
868 1526 955 1552 τοῦτο·

162 1573 255 1610 (τοῦτο
267 1574 295 1601 δὲ
310 1574 385 1601 οὐδὲν
402 1574 465 1602 ἄλλο
480 1575 552 1600 ἐστὶν
567 1574 583 1610 ἢ
600 1573 687 1609 ὀρθῶς
702 1573 895 1608 φιλοςοφοῦσα,
912 1573 957 1600 καὶ

161 1619 203 1655 τῷ
218 1620 275 1647 ὄντι
287 1620 412 1647 τεθνάναι
429 1620 569 1656 μελετῶσα
584 1619 691 1655 ῥᾳδίως·
708 1619 725 1654 ἢ
737 1620 768 1645 οὺ
782 1618 853 1645 τοῦτ’
867 1618 899 1645 ἂν
913 1619 954 1654 εἴη

162 1666 264 1702 μελέτη
280 1666 395 1694 θανάτου
408 1675 415 1699 ;
426 1682 461 1686 -
473 1665 632 1692 Παντάπασί
646 1665 700 1700 γε’)
714 1665 811 1691 οὐκοῦν
824 1665 895 1691 οὕτω
908 1664 956 1700 μὲν

161 1713 273 1748 ἔχουσα,
295 1713 335 1744 είς
350 1712 380 1739 τὸ
395 1713 486 1747 ὅμοιον
507 1712 574 1747 αὐτῇ
599 1711 628 1738 τὸ
644 1711 733 1742 ἀειδὲς
748 1711 909 1745 ἀπέρχεται,
927 1710 957 1736 τὸ

160 1759 236 1786 θεῖόν
247 1768 288 1792 τε,
304 1759 352 1786 καὶ
367 1759 511 1790 ἀθάνατον,
530 1758 575 1784 καὶ
598 1758 739 1793 φρόνιμονο
760 1753 788 1783 οἷ
805 1757 956 1792 ἀφικομένῃ

159 1806 282 1841 ὑπάρχει
305 1805 373 1842 αὐτῇ
396 1806 535 1840 εὐδαίμονι
558 1803 636 1836 εἶναι,
658 1804 773 1838 πλάνης,
791 1804 838 1830 καὶ
854 1803 955 1835 ἀνοίας,

160 1853 210 1880 καὶ
230 1851 332 1886 φόϐων,
350 1851 396 1879 λαὶ
418 1852 521 1888 ἀγρίων
537 1850 656 1887 ἐρώτων,
675 1851 722 1877 καὶ
736 1850 790 1876 τῶν
804 1850 890 1877 ἄλλων
907 1859 956 1876 κα-

159 1899 220 1926 κῶν
235 1898 290 1925 τῶν
307 1897 484 1934 ἀνθρωπείων
495 1896 703 1932 ἀπηλλαγμένῃ.
718 1896 822 1932 ’Ὠσπερ
837 1895 865 1921 δὲ
881 1895 957 1929 λέγε-

160 1954 207 1971 ται
230 1944 300 1971 κατὰ
315 1944 369 1970 τῶν
387 1944 581 1979 μεμυημένων,
606 1943 644 1974 ὡς
672 1941 778 1977 ἀληθῶς
802 1941 847 1968 τὸν
864 1941 956 1967 λοιπὸν

160 1991 258 2027 χρόνον
275 1989 343 2026 μετὰ
356 1989 424 2016 θεῶν
441 1989 580 2023 διάγουσα·
602 1987 673 2014 οὕτω
688 1987 793 2022 φῶμεν,
810 1984 832 2013 ὦ
852 1986 954 2021 Κέϐης,

159 2037 178 2073 ᾗ
196 2036 300 2069 ἄλλως
317 2052 352 2056 -
364 2035 458 2068 Οὕτως
474 2036 506 2071 νὴ
520 2035 579 2066 Δία,
598 2034 649 2070 ἔφη
666 2035 680 2060 ό
691 2033 792 2069 Κέϐης.
811 2034 858 2059 Ἂν
873 2032 900 2059 δέ
913 2041 955 2066 γε,

159 2072 250 2118 οἶμαι.
266 2081 439 2118 μεμιασμένη
451 2082 497 2108 καὶ
508 2080 662 2116 ἀκάθαρτος
672 2079 718 2106 τοῦ
734 2079 859 2114 σώματος
871 2078 956 2104 ἁπαλ-

159 2129 302 2163 λάττηται,
321 2128 369 2155 ἇτε
389 2127 494 2162 σώματι
512 2128 555 2154 ἀεὶ
569 2127 700 2160 ξυνοῦσα,
718 2127 764 2152 καί
780 2125 859 2151 τοῦτο
875 2125 956 2160 θεραι

160 2174 295 2208 πείθουσα,
314 2174 361 2201 καὶ
383 2173 484 2210 ἐρῶσα,
511 2173 557 2200 καὶ
576 2172 761 2208 γοητευομένη
788 2172 833 2198 ὑπ’
862 2171 955 2201 αὑτοῦ,

160 2222 216 2251 ὑπό
231 2231 261 2248 τε
276 2222 330 2248 τῶν
349 2220 502 2256 ἐπιθυμιῶν
513 2220 560 2246 καὶ⁸
576 2219 687 2255 ἡδονῶν,
705 2219 775 2245 ὥστε
796 2218 878 2254 μηδὲν
894 2217 956 2244 ἄλλο

159 2269 249 2296 δςιεῖν
263 2265 334 2294 εἶναι
349 2267 447 2303 ἀληθὲς
461 2266 518 2294 ἀλλ’
535 2267 550 2302 ἢ
570 2266 600 2292 τὸ
618 2264 809 2301 σωματοειδὲς,
826 2262 855 2291 οῦ
871 2264 902 2291 ἄν
919 2272 959 2294 τις

159 2315 270 2350 ἅψαιτο,
292 2314 341 2341 καὶ
357 2314 415 2345 ἴδοι,
435 2314 481 2340 καὶ
499 2314 566 2344 πίοι,
590 2313 636 2339 καὶ
651 2312 744 2347 φάγοι,
765 2312 812 2338 καὶ
834 2311 902 2346 πρὸς
923 2310 956 2337 τὰ

160 2361 308 2398 ἀφροδίσια
319 2361 460 2396 χρήσαιτο·
476 2360 506 2386 τὸ
522 2360 550 2386 δὲ
567 2361 622 2391 τοῖς
636 2360 742 2394 ὄμμασι
757 2358 898 2389 σκοτῶδες,
911 2358 958 2383 καὶ

159 2408 362 2443 ἀειδὲς,νοητὺν
373 2407 400 2434 δὲ
412 2407 458 2434 καὶ
470 2406 613 2442 φιλοσοφίᾳ
622 2406 739 2441 αἱρετὸν,
758 2405 837 2432 τοῦτο
851 2404 879 2431 δὲ
892 2403 959 2430 εἰθι-

160 2455 249 2491 σμένη
268 2455 357 2490 μισεῖν
367 2462 407 2485 τε,
421 2454 467 2480 καὶ
483 2453 604 2488 τρέμεΑ,
626 2443 810 2486 καὶ”φεὺγειν’
839 2451 911 2477 οὕτω
926 2449 957 2485 δὴ

160 2501 278 2535 ἔχουσαν
288 2499 437 2535 οἰειψυχὴν
448 2498 532 2533 αὐτὴν
548 2497 608 2524 καθ’
626 2497 711 2532 αὐτὴν
724 2497 856 2532 εἰλικρινῆ
873 2495 959 2522 ἀπαλ-

159 2544 304 2578 λάξεσθαις
318 2545 379 2572 οὐδ’
396 2543 556 2577 ὁπωστιοῦν,
580 2543 641 2578 ἔφη.
656 2553 664 2569 ι
683 2543 775 2569 Ταῦτα
790 2544 805 2569 ὁ
835 2541 956 2568 Πλάτων.

159 2591 290 2624 Ἐξαπλοῖ
295 2591 324 2618 δὲ
333 2591 382 2627 τὴν
390 2591 507 2618 διάνοιαν
515 2591 528 2616 ὁ
538 2589 629 2625 Πορφύ
635 2598 700 2624 ριος,
708 2590 736 2618 ὲν
747 2589 787 2624 τῷ
795 2588 894 2625 πρώτῳ
905 2587 958 2613 τῶν

159 2639 230 2674 πρὸς
240 2636 342 2673 Βοηθὸν
349 2636 419 2671 Περὶ
431 2636 535 2671 ψυχῆς
543 2635 636 2662 τοῦτον
653 2635 766 2670 γράφων
774 2635 819 2661 τὸν
833 2634 942 2670 τρόπον.

775 176 934 205 I‘MPAR.
952 176 1078 205 EVANG.
1098 176 1160 204 LIB.
1184 176 1230 204 XI.

1758 174 1812 202 9‘22

983 236 1005 265 Δ
1020 234 1126 270 ρειῖιιιιι
1150 234 1189 263 illi
1209 238 1291 270 atque
1317 234 1499 266 dominatum,
1520 234 1555 262 ab
1576 234 1693 270 ipsamet
1713 238 1812 263 natura

1021 280 1179 307 mandatum
1203 287 1275 308 esse.
1298 279 1404 313 Quibus
1417 287 1434 307 e
1450 278 1556 307 duobus
1566 285 1655 307 utrum
1672 287 1753 315 porro
1768 281 1811 307 di-

1020 328 1100 360 vinat,
1116 333 1206 354 utrum
1219 327 1327 354 mortali
1343 332 1447 358 natura:
1461 325 1539 353 aliine
1554 326 1718 354 arbitraris?
1739 326 1810 355 Num

1020 374 1068 401 tibi
1086 378 1116 401 ut
1131 375 1265 409 imperare
1279 381 1312 401 ac
1327 373 1481 406 moderari,
1498 373 1631 405 divinum,
1648 372 1685 401 ita
1697 373 1810 409 obsequi

1018 428 1051 447 ac
1068 421 1182 453 servire,
1206 421 1320 450 mortale
1335 420 1384 447 tibi
1403 419 1532 454 quiddam
1546 419 1672 446 videtur?
1697 419 1811 448 Videtur

1017 475 1093 494 sane.
1124 465 1219 494 Utrius
1247 474 1312 501 ergo
1336 466 1433 494 similis
1454 466 1562 492 animus
1573 465 1635 493 est?
1664 465 1810 494 Enimvero

1016 513 1115 540 divinae
1128 513 1250 540 animum
1261 533 1268 546 ,
1293 520 1392 547 corpus
1407 512 1514 539 mortali
1530 512 1619 539 simile
1638 520 1698 540 esse
1714 512 1808 548 liquet,

1016 565 1032 584 ο
1048 557 1183 585 Socrates.
1204 558 1269 585 Vide
1284 558 1375 593 igitur,
1392 557 1490 592 inquit,
1512 565 1528 584 o
1544 557 1640 590 Cebes,
1654 565 1719 585 num
1735 559 1761 586 id
1775 567 1807 586 ex

1015 604 1204 638 superioribus
1227 605 1356 632 omnibus
1383 611 1570 641 consequatur
1586 616 1598 635 :-
1614 607 1728 641 divinae,
1755 609 1808 636 im-

1015 650 1141 682 mortali,
1167 650 1301 684 spiritali,
1316 651 1451 686 simplici,
1478 652 1678 687 indissolubili,
1700 662 1810 689 unoque

1015 704 1122 731 semper
1134 700 1160 722 et
1176 696 1270 723 eodem
1288 705 1317 724 se
1332 698 1413 725 modo
1428 698 1537 725 habenti
1560 704 1680 733 natum,
1701 701 1808 728 similli-

1014 750 1088 769 mum
1102 750 1163 769 esse
1176 743 1297 770 animum
1314 752 1321 771 ε
1339 751 1439 778 εοιριιε
1454 749 1559 777 contra,
1580 745 1715 778 humana),
1733 755 1808 774 mor-

1014 787 1072 820 tali,
1096 788 1196 815 mentis
1217 789 1331 823 experti,
1347 790 1502 825 multiplici,
1520 791 1649 818 solutioni
1671 793 1806 823 obnoxiae.

1014 842 1064 861 nec
1077 834 1210 862 rationem
1225 843 1332 870 Semper
1343 837 1466 863 eamdem
1489 837 1648 872 vultumque
1669 839 1805 869 retinenti.

1014 880 1194 908 simillimum.
1229 881 1360 909 Causazne
1395 882 1512 911 dicimus
1544 884 1663 920 aliquid.
1701 885 1805 912 charis-

1012 926 1081 953 sime
1096 927 1200 959 Cebes,
1225 928 1374 962 quominus
1388 937 1452 956 vera
1476 930 1528 958 ista
1544 930 1706 958 videantur?
1732 931 1806 959 Nihil

1010 972 1099 1007 plane.
1130 972 1193 1001 Hmc
1205 982 1270 1008 ergo
1286 982 1348 1002 cum
1365 975 1401 1002 ita
1425 976 1490 1009 sint,
1517 978 1639 1012 nunquid
1665 979 1805 1013 propriutn

1010 1017 1037 1044 id
1060 1019 1185 1054 corporis
1209 1024 1262 1052 est,
1288 1019 1327 1046 uti
1351 1020 1425 1048 bmvi
1447 1022 1580 1055 solvatur,
1597 1023 1680 1050 animi
1698 1029 1804 1056 contra,

1009 1065 1052 1093 vel
1075 1071 1105 1093 ut
1128 1074 1267 1101 nunquam
1286 1068 1394 1101 penitus
1417 1068 1529 1096 dissolvi
1545 1070 1648 1104 possit,
1667 1072 1708 1098 vel
1730 1073 1803 1100 aliud

1009 1111 1138 1146 quiddam
1166 1112 1248 1146 hujus
1272 1113 1437 1141 conditionis
1458 1114 1555 1142 aliine?
1579 1115 1659 1152 553
1686 1117 1802 1152 Quippe.

1009 1158 1068 1185 Jam
1084 1159 1211 1194 intelligis
1233 1159 1291 1194 ipse
1307 1168 1423 1193 mecum,
1439 1161 1537 1196 inquit.
1555 1163 1600 1190 ubi
1618 1164 1699 1191 homo
1716 1164 1802 1192 inter-

1009 1205 1082 1238 ierit,
1109 1213 1209 1240 corpus
1234 1206 1286 1234 hoc
1307 1207 1367 1241 ejus
1389 1208 1571 1242 aspectabile,
1589 1210 1661 1244 quod
1677 1210 1703 1238 in
1721 1219 1749 1237 re
1766 1212 1801 1239 si-

1010 1252 1111 1279 militer
1134 1253 1293 1287 aspectabtli
1306 1253 1387 1287 jacet,
1406 1261 1467 1289 qum
1492 1262 1506 1281 a
1529 1255 1609 1283 nobis
1626 1256 1741 1284 cadaver
1754 1266 1803 1292 ap-

1010 1298 1136 1333 pellatur,
1144 1298 1223 1333 cujus
1239 1299 1265 1326 id
1280 1300 1419 1334 proprium
1434 1305 1486 1332 est,
1499 1306 1528 1328 ut
1543 1302 1675 1334 solvatur,
1686 1303 1799 1334 dillluat.

1009 1349 1165 1377 evanescat,
1187 1344 1320 1380 ejusmodi
1349 1351 1439 1373 tamen
1456 1347 1587 1375 continuo
1605 1348 1698 1375 subire
1713 1349 1801 1381 nihil;

1010 1391 1056 1418 sed
1073 1391 1162 1425 potius
1178 1392 1246 1418 satis
1263 1391 1347 1418 multo
1373 1397 1495 1427 tempore
1520 1394 1672 1422 consistere
1696 1404 1702 1421 :
1721 1397 1803 1422 adco-

1009 1444 1062 1471 que
1077 1437 1099 1464 si
1115 1437 1177 1471 quis
1191 1436 1312 1465 iormoso
1333 1443 1359 1465 et
1382 1439 1496 1473 eleganti
1514 1447 1626 1474 corpore
1642 1440 1800 1473 decesserit,

1010 1482 1084 1509 illam
1102 1482 1188 1517 ipsam
1205 1483 1364 1518 dignitatem
1391 1492 1422 1511 ac
1445 1485 1562 1518 speciem
1577 1486 1723 1513 admodum
1737 1489 1802 1514 ruti—

1010 1537 1083 1555 nere.
1106 1528 1138 1555 Et
1150 1536 1215 1556 vero
1231 1534 1404 1563 posteaquam
1420 1530 1586 1558 exsiccatum
1608 1531 1690 1559 fuerit
1704 1533 1800 1560 condi-

972 1588 992 1616 ε
1011 1581 1122 1611 tumque
1144 1584 1254 1611 Corpus,
1280 1581 1307 1604 ut
1323 1577 1369 1612 qui
1384 1578 1454 1612 apud
1474 1577 1617 1613 {Egyptios
1633 1580 1739 1607 condiri
1754 1588 1801 1607 so-

1008 1623 1074 1654 lent,
1091 1623 1189 1650 mirum
1205 1623 1325 1658 quandiu
1344 1628 1430 1650 totum
1456 1624 1512 1651 fere
1534 1625 1723 1660 integrumque
1744 1634 1802 1653 ma-

1007 1673 1080 1696 neat.
1109 1668 1180 1701 Quin
1202 1672 1231 1696 ‘et
1252 1673 1342 1704 partes
1357 1671 1479 1704 corporis
1492 1670 1607 1705 aliqua,
1625 1673 1731 1699 tametsi
1745 1672 1801 1707 jam

1007 1715 1170 1747 extabuerit,
1187 1722 1250 1742 ossa
1274 1714 1417 1747 videlicet,
1437 1717 1523 1747 nervi,
1545 1725 1577 1744 ac
1601 1722 1706 1746 caetera:
1719 1719 1744 1745 id
1756 1727 1803 1753 ge-

1007 1768 1060 1787 nus
1075 1768 1183 1793 omnes,
1201 1761 1380 1792 immortales,
1409 1769 1479 1795 pene
1502 1763 1628 1794 dixcrim,
1654 1770 1803 1799 supersunt

1008 1806 1073 1839 ipsa:
1087 1810 1188 1838 tamen,
1206 1806 1316 1833 nonne?
1347 1805 1392 1833 Sic
1408 1811 1460 1833 est.
1494 1807 1528 1833 At
1540 1815 1615 1839 vero,
1634 1808 1743 1836 animus
1757 1809 1804 1836 ille

1007 1856 1101 1878 noster
1117 1851 1174 1886 (qui
1188 1852 1272 1879 videri
1286 1860 1339 1878 non
1355 1857 1452 1886 potest.
1473 1853 1519 1887 qui
1538 1853 1564 1880 in
1579 1854 1691 1882 alteram
1706 1863 1803 1886 quam-

1007 1897 1068 1924 dam
1085 1897 1259 1933 similemque
1273 1899 1364 1926 sedem
1381 1900 1576 1934 commigrans,
1593 1907 1708 1935 eamque
1722 1902 1800 1928 nobi-

1007 1943 1059 1969 lem
1075 1943 1197 1970 simulet
1211 1948 1327 1976 castam,
1343 1949 1424 1978 atque
1445 1944 1479 1971 ab
1503 1945 1578 1972 omni
1596 1952 1742 1980 conspectu
1759 1955 1803 1974 se-

1006 1989 1127 2023 junctam
1159 1990 1230 2023 apud
1257 1989 1376 2022 inferos,
1403 1991 1435 2017 ad
1459 1991 1560 2017 bonum
1587 1991 1704 2026 aliquem
1728 1993 1801 2020 haud

1007 2035 1089 2062 dubie
1112 2035 1319 2070 sapientemque
1337 2036 1422 2063 Deum
1445 2036 1642 2071 proﬁciscitur;
1664 2046 1719 2072 quo
1740 2039 1803 2072 qui-

1007 2082 1080 2113 dem,
1106 2082 1128 2110 si
1154 2081 1208 2108 Deo
1233 2082 1382 2116 placuerit.
1399 2083 1491 2110 animo
1503 2083 1547 2111 isti
1564 2091 1625 2110 meo
1645 2084 1799 2112 abeundum

1005 2127 1118 2163 jamjam
1132 2127 1211 2162 erit);
1225 2127 1278 2158 ille.
1290 2128 1412 2163 inquam,
1424 2133 1517 2156 noster
1532 2129 1723 2161 animus,talis
1736 2138 1799 2158 cum

1007 2174 1043 2201 sit
1064 2174 1099 2200 ab
1123 2179 1219 2202 natura
1233 2180 1320 2207 satus,
1343 2174 1424 2202 simul
1441 2180 1523 2210 atque
1537 2176 1668 2204 liberatus
1685 2184 1801 2212 corpore

1009 2220 1100 2252 fuerit,
1117 2225 1261 2247 evanescet
1280 2221 1363 2251 illico.
1392 2229 1424 2248 ac
1437 2220 1572 2253 funditus,
1596 2227 1626 2249 ut
1640 2222 1737 2257 vulgus
1751 2223 1800 2249 ho—

977 2263 997 2289 D
1011 2267 1115 2293 minum
1133 2266 1265 2301 loquitur,
1284 2267 1422 2294 interibit?
1449 2266 1616 2295 Permultum
1644 2268 1668 2294 id
1691 2268 1799 2303 quidem

1010 2312 1094 2342 abest.
1113 2312 1148 2338 mi
1161 2312 1259 2343 Cebes,
1278 2316 1360 2346 tuque
1372 2320 1389 2340 0
1402 2311 1527 2340 Simmia.
1553 2314 1610 2340 ltno
1622 2313 1699 2348 longe
1712 2314 1802 2348 ptole-

1009 2363 1052 2386 clo
1067 2359 1158 2385 verius
1173 2358 1244 2393 quod
1260 2359 1392 2393 sequitur.
1416 2358 1444 2386 Si
1467 2367 1551 2394 purus
1566 2367 1600 2387 ex
1611 2367 1726 2395 corpore
1743 2360 1801 2388 dis-

1009 2404 1133 2438 cessorit,
1155 2404 1278 2439 nihilque
1302 2413 1394 2433 secum
1420 2413 1452 2432 ex
1467 2412 1499 2432 eo
1515 2405 1637 2439 trahens,
1653 2406 1725 2440 quod
1741 2405 1802 2433 nul-

1013 2450 1067 2476 lum
1083 2458 1201 2484 unquam
1225 2450 1276 2478 hac
1289 2450 1315 2477 in
1328 2451 1384 2478 vita
1399 2459 1460 2478 cum
1473 2459 1506 2478 eo
1519 2451 1638 2486 prudens
1655 2452 1804 2487 volensque

1012 2498 1206 2526 commercium
1220 2498 1361 2531 habuerit,
1386 2499 1432 2526 sed
1446 2499 1536 2534 potius
1549 2499 1615 2526 illud
1631 2499 1737 2534 fugiens
1747 2520 1754 2531 ,
1773 2499 1801 2526 in

1013 2555 1042 2573 se
1057 2546 1145 2579 ipsum
1161 2545 1292 2572 collectus
1310 2545 1468 2580 perstiterit,
1492 2544 1566 2579 quod
1588 2545 1614 2572 in
1637 2552 1670 2572 eo
1687 2545 1804 2572 medita-

1013 2591 1095 2617 tionis
1108 2598 1205 2625 genere
1219 2595 1292 2618 totus
1307 2598 1414 2626 semper
1426 2594 1499 2618 esset
1515 2590 1598 2626 (quod
1609 2590 1675 2617 dum
1693 2590 1800 2625 agebat,

1015 2636 1066 2662 hoc
1081 2642 1147 2662 sane
1163 2635 1259 2669 agebat
1273 2643 1369 2668 unum,
1391 2636 1430 2662 uti
1455 2639 1528 2663 recte
1553 2636 1800 2671 philosopharetur,

976 912 997 939 Β

159 2694 192 2714 ac
205 2692 235 2712 re
249 2685 307 2719 ipsa
321 2683 398 2711 facile
413 2683 545 2710 moriendi
562 2682 695 2709 rationem
711 2689 804 2708 secum
826 2681 883 2716 ipse
915 2685 1051 2713 versaret,
1071 2681 1137 2716 quid
1150 2681 1242 2707 enim?
1265 2689 1299 2708 an
1316 2682 1373 2709 haec
1387 2681 1437 2708 tibi
1452 2681 1549 2712 mortis
1581 2682 1722 2720 meditatio
1747 2691 1801 2711 non

158 2731 287 2760 videtur?
310 2730 348 2758 Ita
363 2731 453 2765 plane)
472 2739 478 2757 :
497 2730 615 2762 animus,
632 2728 755 2763 inquam,
768 2728 819 2755 hoc
833 2733 905 2755 statu
925 2729 947 2755 si
967 2728 1098 2758 discedet.
1121 2728 1155 2754 ad
1173 2727 1237 2754 illud
1263 2728 1394 2755 continuo
1418 2735 1480 2756 sese
1515 2729 1638 2764 recipiet,
1657 2729 1730 2765 quod
1760 2730 1802 2757 af-

160 2781 215 2808 line
229 2779 282 2808 sibi
295 2784 348 2810 est,
365 2779 537 2814 spectarique
553 2785 606 2804 non
620 2781 719 2812 potest,
736 2776 858 2803 divinum
891 2777 1019 2811 quiddam
1050 2776 1154 2810 utique,
1186 2775 1340 2803 immortale
1372 2776 1454 2803 simul
1478 2784 1511 2803 ac
1538 2777 1657 2812 sapiens.
1681 2784 1802 2812 quocum

159 2828 332 2865 pervenerit,
358 2832 416 2854 tum
441 2827 550 2854 demum
576 2825 637 2853 felix
661 2832 723 2852 esse
739 2824 849 2860 incipit,
878 2825 913 2852 ab
942 2833 1045 2858 errore,
1062 2824 1180 2855 inscitia,
1216 2823 1376 2855 terroribus,
1401 2824 1504 2852 insanis
1535 2824 1689 2854 amoribul.
1706 2831 1738 2852 ac
1755 2831 1801 2852 re.

197 2907 254 2942 ('19)
281 2905 461 2938 Μελετῶσα,
481 2909 522 2932 etc
558 2903 687 2932 Pcriodus
716 2903 856 2931 Platonico
883 2911 958 2930 more
977 2903 1118 2936 producta.
1136 2909 1278 2937 suspensa,
1296 2901 1435 2935 impedita.
