2091 3208
318 172 372 199 9‘15
644 172 779 201 EUSEBH
799 171 1041 200 CESANENSIS
1059 170 1100 199 ΟΡ

1155 170 1247 198 PARS
1263 169 1294 197 ll.
1315 186 1349 192 ι-
1367 168 1618 197 APOLOGETlCA.
1893 164 1943 191 νει

317 231 390 267 liqua
414 233 545 260 malorum
567 233 749 260 humanorum
775 234 937 269 contagione
960 233 1101 261 liberatus.
1122 231 1227 266 Atque,
1254 236 1284 258 ut
1303 230 1337 258 de
1353 230 1465 257 initiatis
1498 229 1551 256 dici
1583 228 1664 262 vulgo
1679 226 1763 258 solet,
1787 225 1814 251 in
1831 223 1944 250 deorum

316 280 579 314 societatedcinceps
589 284 662 307 lotus
671 288 732 307 vere
744 288 775 308 ac
784 286 930 315 perpetuus
961 285 1012 308 est.
1048 280 1144 307 Utrum
1165 279 1211 305 tibi
1230 279 1298 309 hoc,
1320 277 1358 304 mi
1374 276 1476 308 Cebes,
1491 283 1576 312 genus
1598 273 1730 322 orationis
1749 271 1898 322 probatur,
1911 277 1945 296 an

316 327 388 354 aliud
404 328 510 362 placet?
534 327 598 354 Mihi
614 335 677 355 vero
707 328 853 355 admodum
885 329 1025 363 probatur,
1051 327 1140 363 inquit
1158 327 1262 356 Cebes,
1286 325 1322 352 ita
1337 332 1380 352 me
1392 323 1496 358 Jupiter
1517 327 1597 349 amet.
1616 320 1698 368 555
1710 320 1744 368 si
1759 325 1841 368 vero,
1857 316 1944 368 Iidem.

315 373 434 408 opinor,
453 373 475 401 si
498 374 700 401 contaminatus
714 382 747 402 ex
763 382 877 410 corpore
892 375 1105 409 inquinatusque
1124 372 1261 408 migrabit,
1293 371 1366 406 quod
1398 370 1524 397 assiduus
1537 376 1598 396 cum
1612 375 1644 396 eo
1658 367 1748 420 fuerit,
1766 364 1839 420 quod
1855 370 1945 420 ipsum

315 419 430 446 coluerit
444 425 527 455 atque
541 421 691 454 amaverit,
708 422 822 457 ejusque
852 422 934 450 simul
965 422 1144 457 cupiditatum
1163 421 1387 454 voluptatumque
1420 419 1557 446 veneﬁciis
1583 424 1669 452 “5‘1ne
1699 415 1766 465 πίω
1796 414 1945 465 ί³⁵⁶ί¹ι¹³ί¹¹³

314 471 464 500 captusque
491 467 587 500 fuerit,
615 467 683 494 nihil
712 473 742 495 ut
768 469 842 496 aliud
877 477 968 496 rerum
996 472 1114 503 putaret,
1151 474 1232 502 quam
1257 465 1330 501 quod
1361 470 1433 492 esset
1454 471 1632 500 corporeum,
1658 462 1730 497 quod
1755 466 1829 488 tactu
1852 462 1945 486 visu":

314 511 508 546 perciperetur,
535 512 607 547 quod
624 513 798 548 poculentum
812 519 859 541 aut
872 515 1041 542 esculentum
1058 518 1140 546 esset,
1173 518 1220 541 aut
1247 514 1273 540 in
1288 512 1371 540 rebus
1384 511 1508 538 venereis
1541 510 1631 537 locum
1665 508 1775 535 haberet
1787 507 1945 559 lzlqnidqlu-id

313 564 403 586 autem
427 560 467 587 sic
489 561 576 588 oculis
593 562 740 589 obscurum
754 565 843 595 esset,
860 563 935 590 utab
949 563 983 590 iis
1009 571 1062 589 non
1095 562 1232 589 videretur
1254 560 1374 595 quidem,
1401 559 1447 586 sed
1471 562 1562 605 mente
1581 561 1671 584 tamen
1705 563 1744 605 ac.
1769 555 1945 605 philosophia:

312 606 339 633 vi
352 611 505 641 caperetur,
519 607 546 634 id
564 611 649 634 totum
681 607 781 639 odisse.
798 608 945 636 formidare
968 616 1001 635 ac
1025 608 1121 643 fugere
1140 608 1240 635 soleret
1258 616 1264 633 :
1283 614 1317 632 an
1333 610 1362 632 tu
1376 612 1450 636 eum,
1488 603 1536 639 qui
1549 606 1721 638 comparatus
1736 600 1774 628 ita
1785 600 1831 632 sit,
1847 608 1946 635 purum

313 662 345 682 ac
357 655 501 685 sincerum,
512 660 594 689 atque
606 655 640 682 ab
652 655 726 683 omni
744 664 791 690 per
807 658 868 683 Sese
899 657 960 684 labe
989 656 1142 691 seiunctum
1161 663 1195 682 ex
1220 661 1334 689 corpore
1355 653 1539 681 discessurum
1563 649 1722 679 arbitraris‘l
1746 648 1827 678 Nullo
1853 648 1944 679 modo,

313 701 403 736 ἓηίιυῖι
428 702 482 730 ille.
503 711 512 728 ι
547 702 684 731 Hactenus
707 703 793 731 Plato.
827 702 913 738 Cujus
940 704 1102 731 sententiam
1123 703 1235 731 uberius
1259 709 1399 736 exponens
1424 705 1597 735 tractansque
1620 698 1802 734 Porphyrius,
1841 697 1868 724 in
1900 704 1946 723 eo-

315 755 376 775 rum
394 748 492 783 primo,
520 757 584 784 quos
599 750 633 776 ad
648 750 776 776 Boethum
799 751 904 782 scribit,
919 751 955 778 ita
968 751 1001 778 de
1015 751 1106 778 animo
1125 750 1256 785 loquitur.

581 795 696 824 CAPUT
721 797 839 824 XXVIII.

519 841 557 868 De
571 843 672 874 eadem,
687 852 719 870 ea:
735 843 894 879 Porphyrio.

350 897 363 912 ο
378 887 418 914 Ad
433 887 664 917 immortalitatem
684 891 766 917 animi
782 890 990 923 defendendam,
1005 891 1104 925 inquit,

313 939 469 969 promptum
488 935 512 962 id
537 935 700 971 lirmumque
724 941 916 972 argumentum
943 937 1049 964 Platoni
1065 938 1104 964 vi-

311 989 384 1013 sum,
401 982 472 1016 quod
487 989 518 1008 ex
534 983 572 1010 rei
589 983 687 1010 similis
707 984 810 1011 ratione
824 984 979 1011 duceretur.
998 983 1065 1011 Nam
1081 984 1103 1011 si

313 1031 417 1054 natum
430 1027 537 1059 divinae,
563 1037 623 1062 quze
638 1034 665 1056 et
680 1029 843 1057 immortalis
863 1035 914 1061 est,
942 1038 992 1058 nec
1007 1030 1103 1061 videri,

313 1077 360 1099 aut
374 1073 512 1108 dissipari,
541 1074 665 1109 solvique
689 1080 788 1109 potest,
815 1076 861 1103 sed
877 1077 903 1102 in
920 1076 978 1110 ipsa
993 1076 1105 1110 integri-

314 1122 368 1145 tate
382 1119 461 1145 sitam
479 1119 559 1146 habet
574 1127 600 1147 et
615 1121 808 1148 consistentem
826 1122 985 1153 essentiam,
1017 1121 1104 1149 afﬁnis

313 1168 357 1190 est
391 1165 514 1198 animus;
538 1166 632 1200 quidni
658 1167 718 1201 ejus
741 1175 850 1201 quoque
879 1167 985 1199 generis
1001 1167 1044 1194 ille
1057 1168 1102 1200 sit,

313 1210 384 1244 quod
399 1218 478 1237 suum
494 1211 560 1238 illud
575 1212 713 1247 exemplar
728 1212 868 1239 imitetur?
880 1212 947 1240 Cum
961 1213 1044 1246 enim,
1057 1213 1103 1240 ubi

313 1262 421 1282 summa
437 1256 492 1282 duo
507 1256 630 1291 quaedam
648 1257 718 1284 inter
732 1265 792 1285 sese
814 1258 911 1293 opponi
927 1263 1043 1291 constat,
1056 1267 1103 1286 cu-

311 1299 433 1334 jusmodi
447 1306 511 1328 sunt
533 1303 639 1330 ratione
650 1304 804 1338 praeditum,
823 1310 850 1331 et
866 1305 981 1332 rationis
995 1313 1101 1340 expers.

312 1344 347 1372 de
362 1346 441 1372 tertio
456 1347 547 1381 aliquo
561 1347 712 1380 dubitatur,
741 1349 830 1376 utrius
854 1350 881 1376 in
905 1349 992 1377 classe
1008 1358 1101 1377 nume-

312 1398 399 1426 roque
422 1393 577 1426 ponendum
593 1393 627 1420 sit
643 1402 649 1420 :
669 1398 726 1420 tum
747 1394 770 1422 is
792 1403 901 1430 quoque
914 1396 1021 1429 probari
1035 1397 1103 1423 solet

310 1437 514 1464 demonstrandi
532 1439 628 1466 modus
638 1459 645 1471 ,
667 1447 721 1474 quo
746 1439 799 1466 utri
813 1450 828 1467 e
841 1441 950 1468 duobus
966 1441 1054 1468 simile
1067 1442 1102 1468 sit

311 1483 473 1510 ostenditur.
511 1483 556 1511 Sic
571 1485 660 1516 enim,
677 1485 782 1512 tametsi
799 1486 886 1520 prima
904 1486 1022 1513 hominis
1035 1491 1100 1514 artas
1117 1475 1137 1502 Β

311 1528 424 1556 rationis
438 1534 465 1556 et
479 1530 587 1557 consilii
603 1530 707 1557 laboret
725 1531 827 1566 inopia,
840 1532 973 1566 multique
987 1537 1099 1567 praeter-

308 1581 340 1600 ea
354 1574 388 1601 ad
417 1575 503 1609 ipsam
521 1583 608 1610 usque
621 1581 790 1604 senectutem
818 1578 843 1604 in
861 1578 985 1612 plurimis
999 1579 1100 1613 impru-

309 1619 402 1646 dentia
426 1627 458 1647 ac
480 1621 630 1648 temeritate
647 1622 793 1649 labantur:
811 1624 883 1658 quod
901 1628 991 1650 tamen
1009 1623 1099 1650 homi-

310 1673 375 1692 num
390 1674 475 1700 genus
497 1675 559 1694 cum
576 1675 607 1694 ea
630 1673 738 1702 natura,
761 1671 841 1702 cujus
857 1670 961 1705 integra
978 1670 1099 1698 sincera—

309 1719 362 1746 que
387 1712 458 1739 ratio
477 1717 530 1744 est,
557 1715 704 1741 multarum
732 1715 941 1742 similitudinum
970 1716 1100 1744 societate

278 1783 281 1786 ,
308 1757 486 1792 conjunctum
504 1760 644 1792 sit,idem
663 1761 719 1795 jam
747 1761 810 1789 inde
833 1762 867 1789 ab
890 1763 968 1790 initio
985 1763 1100 1791 rationis

308 1810 422 1837 compos
439 1803 561 1831 habitum
580 1810 631 1832 est.
659 1805 726 1833 Cum
745 1807 835 1841 itaque
848 1807 957 1836 divinus
972 1808 1016 1835 ille
1032 1808 1098 1835 deo-

308 1855 369 1876 t'um
388 1855 490 1882 cmtus,
509 1851 576 1878 nihil
594 1859 713 1887 unquam
725 1873 731 1884 ,
750 1859 779 1879 ut
796 1858 916 1887 constat,
944 1854 1098 1882 detrimenti

307 1902 405 1930 capere
429 1897 513 1931 possit
532 1906 538 1924 :
557 1902 688 1925 terrestre
704 1903 798 1926 contra
822 1907 906 1935 genus
930 1901 1098 1936 corruptioni

307 1941 457 1968 obnoxium
477 1951 537 1970 esse
558 1951 638 1971 nemo
658 1953 712 1971 non
729 1945 818 1972 videat
840 1955 846 1972 :
866 1946 894 1973 in
918 1947 962 1974 illa
978 1947 1099 1982 profecto

307 1987 487 2020 dubitatione,
506 1997 558 2022 qua
582 1991 704 2018 nonnulli
718 1991 829 2024 ᾕρει-θυι,
857 1997 948 2019 utrum
965 1993 997 2020 ad
1013 2001 1098 2028 genus

307 2033 430 2060 animum
456 2034 603 2070 adjungere
619 2036 744 2069 debeant,
761 2037 823 2072 jure
842 2038 920 2065 Plato
933 2038 1098 2073 investigan-

307 2078 370 2105 dam
391 2086 425 2106 ex
451 2080 631 2108 similitudine
657 2083 798 2110 veritatem
828 2085 942 2118 putavit.
962 2084 1041 2120 555
1066 2084 1098 2111 Et

305 2124 437 2158 quoniam
464 2125 522 2160 ipse
543 2135 604 2153 cum
620 2135 651 2154 ea
666 2132 763 2155 natura
785 2137 846 2164 quae
860 2130 972 2158 dissolvi
997 2136 1096 2166 potest,

306 2177 366 2204 quae
378 2175 471 2198 mente
492 2172 574 2199 simul
595 2181 628 2200 ac
640 2174 694 2200 vita
712 2179 796 2206 caret,
814 2183 928 2210 quzeque
946 2181 1018 2204 tactu
1035 2185 1098 2212 pro-

304 2217 396 2248 pterea
410 2216 570 2251 caeterisque
585 2218 711 2246 sensibus
727 2221 855 2254 usurpari
879 2221 960 2249 solita
974 2242 981 2253 ,
1007 2223 1098 2249 nasci-

304 2263 349 2286 tur
362 2261 463 2294 pariter
484 2266 511 2289 et
533 2264 735 2298 evslinguitur,
751 2266 889 2294 ailinitatis
905 2267 971 2294 nihil
990 2267 1071 2295 habet
1089 2277 1095 2295 :

303 2312 366 2332 cum
385 2314 417 2333 ea
433 2314 499 2334 vero
513 2308 660 2342 plurimum
671 2331 678 2343 ,
705 2319 764 2345 quae
778 2311 869 2339 divina
885 2316 912 2339 ct
934 2313 1097 2341 immortalis

303 2355 357 2383 est,
376 2359 437 2387 quae
452 2361 506 2380 non
522 2354 593 2385 visu.
611 2355 657 2382 scd
673 2361 762 2383 mente
780 2357 936 2392 percipitur,
962 2366 1022 2392 quae
1035 2359 1097 2386 vita:

303 2398 439 2433 particeps
463 2404 506 2426 est
531 2406 700 2436 cognataque
725 2403 842 2434 veritati,
868 2411 900 2430 ac
922 2404 1028 2432 caeteris
1054 2405 1095 2431 in-

304 2446 406 2470 structa
424 2444 546 2478 dotibus,
572 2454 640 2481 quas
658 2447 683 2474 in
699 2448 791 2474 animo
816 2449 996 2484 philosophus
1010 2458 1095 2483 agno-

304 2489 356 2514 scit
374 2498 380 2515 :
396 2490 493 2517 adduci
507 2492 593 2525 potuit
609 2500 760 2527 nunquam,
776 2498 806 2520 ut
820 2494 889 2522 alias
903 2494 950 2521 Dei
966 2496 1094 2522 similitu-

304 2533 382 2561 dines
406 2535 433 2562 in
458 2543 491 2563 eo
516 2538 628 2571 reperiri
645 2540 822 2573 concederet,
839 2541 964 2568 essentia:
977 2541 1093 2576 conjun--

305 2579 420 2607 ctionetn
437 2587 465 2609 et
477 2582 632 2611 aﬂinitatem
658 2591 784 2620 negaret,
804 2587 882 2621 cujus
905 2587 985 2615 unius
1011 2597 1093 2616 causa

305 2625 333 2652 ill
348 2631 506 2655 εωιεῐοιᾞιη
533 2635 755 2659 ornamentorum
778 2635 997 2661 communione!“
1014 2643 1094 2662 τοι-ιι-

341 2702 396 2736 (80)
411 2704 464 2730 Καὶ
479 2706 579 2744 αὐτοῦ.
595 2707 664 2740 Quid
680 2708 702 2735 si
719 2710 765 2736 καὶ
776 2709 873 2742 ἀπτοῦ,
887 2711 929 2737 vel
943 2711 989 2737 ml.
1001 2711 1091 2744 λυτοῦ,

306 2745 463 2776 (ιυειΞ-νοιὲεε
478 2741 558 2776 paulo
575 2749 633 2776 post
647 2744 819 2772 adhibentur.

342 2771 586 2816 φίλιζερὶᾳιρῷνῖ
612 2777 686 2816 Alias
698 2782 861 2816 περιαιρεῖν,
890 2781 1090 2813 circumcidere,

308 2811 356 2852 aut
371 2810 486 2852 omnino
496 2810 589 2852 tollere
602 2818 658 2846 est;
678 2814 721 2841 hic
737 2810 771 2842 ἰιι
794 2810 910 2848 videtur,
934 2810 1091 2852 περιλαϐεῖν

306 2849 352 2868 seu
367 2843 536 2871 καταλαϐεῖν.

342 2877 396 2912 (82)
413 2879 463 2905 Ὃν
479 2881 630 2915 πεποίηκε.
646 2882 764 2911 Dubitari
779 2894 832 2912 non
847 2891 945 2921 potest,
960 2887 1024 2922 quin
1043 2887 1089 2915 dc-

1404 793 1601 822 ΚΕΦΑΛΑΙΟΝ
1625 793 1674 819 ΚΗ
1684 812 1691 819 .

1327 841 1496 876 Πορφυρίου
1513 840 1578 874 περὶ
1601 839 1654 866 τοῦ
1672 837 1774 865 αὐτοῦ.

1194 899 1202 915 t
1227 889 1331 916 Αὐτίκα
1346 888 1424 922 λόγον
1448 887 1556 922 ἰσχυρὸν
1580 883 1647 912 εἶναι
1669 884 1798 910 δοκοῦντα
1816 881 1856 917 τῷ
1876 881 1945 908 Πλά-

1155 945 1219 962 τωνι
1231 937 1271 967 εἰς
1283 935 1452 971 παράστασιν
1467 933 1515 967 τῆς
1528 932 1617 967 ψυχῆς
1631 929 1790 962 ἀθανασίας,
1800 929 1845 954 τὸν
1856 929 1888 954 ὲκ
1898 927 1944 954 τοῦ

1155 982 1259 1017 ὁμοίου.
1285 981 1315 1007 El
1338 980 1392 1016 γὰρ
1417 978 1498 1014 ὁμοία
1522 977 1561 1013 τῷ
1580 977 1655 1011 θείῳ,
1680 976 1726 1002 καὶ
1745 975 1882 1009 ἀθανάτῳ,
1900 974 1946 1001 2.61

1155 1028 1248 1059 ἀειδεῖ,
1263 1028 1309 1053 καὶ
1322 1025 1491 1060 ἀσκεδάστῳ,
1504 1024 1549 1051 καὶ
1561 1023 1703 1058 eamus-«9,
1715 1022 1762 1048 καί
1773 1020 1893 1056 οὐσιωμέ
1900 1029 1927 1055 vc
1936 1039 1944 1051 ,

1155 1074 1202 1100 καὶ
1224 1073 1370 1099 συνεστῶτι
1390 1073 1418 1098 ἐν
1443 1070 1591 1105 ἀφθαρσίᾳ·
1608 1068 1666 1100 πῶς
1688 1069 1719 1094 οὐ
1739 1067 1786 1094 τοῦ
1802 1067 1898 1101 γὲνους
1914 1067 1945 1092 ἄν

1155 1119 1197 1154 εἴη
1213 1118 1260 1145 τοῦ
1276 1118 1347 1144 κατὰ
1362 1117 1393 1143 τὸ
1408 1116 1597 1152 παράδειγμα,
1620 1115 1705 1140 Ὅταν
1721 1113 1776 1148 γὰρ
1796 1112 1843 1138 δύο
1866 1111 1946 1138 τινῶν

1154 1163 1246 1199 ἄκρων
1258 1162 1380 1198 ἐναργῶς
1392 1160 1530 1191 ἐναντίων,
1547 1157 1602 1186 οἷον
1612 1157 1722 1192 λογικοῦ
1736 1166 1764 1184 τε
1775 1158 1822 1184 καὶ
1834 1156 1943 1190 ἀλόγου,

1154 1210 1217 1237 ἄλλο
1227 1218 1253 1236 τι
1264 1208 1480 1244 ἀμφισϐητῆται,
1494 1207 1574 1238 ποίας
1587 1206 1645 1232 ἐστὶ
1659 1204 1778 1240 μερίδος,
1797 1201 1837 1235 εἷς
1852 1201 1886 1238 ἦν
1897 1204 1944 1229 καὶ

1154 1265 1232 1288 ουτος
1245 1256 1346 1291 τρόπος
1360 1253 1533 1286 ἀποδείξεως,
1548 1252 1591 1279 διὰ
1605 1251 1652 1278 τοῦ
1665 1250 1750 1283 δεῖξαι
1763 1251 1816 1276 τίνι
1831 1250 1886 1276 τῶν
1900 1250 1945 1276 ἀν-

1153 1302 1313 1338 τικειμένων
1327 1302 1427 1335 ὅμοιον.
1439 1300 1518 1326 Οὕτω
1533 1299 1598 1334 γὰρ,
1611 1298 1711 1332 καίπερ
1725 1298 1754 1323 ὲν
1767 1296 1862 1332 ἀλογίᾳ
1874 1296 1944 1322 uati

1155 1347 1266 1384 πρώτην
1274 1347 1380 1383 ἠλικίαν
1390 1345 1436 1372 τοῦ
1447 1344 1616 1380 ἀνθρωπίνου
1624 1343 1719 1377 γένους
1728 1349 1847 1376 κατεσχη
1852 1340 1942 1376 μένου.

1154 1394 1258 1421 πολλῶν
1268 1402 1298 1419 τε
1309 1394 1372 1428 ἄχρι
1383 1393 1475 1427 γήρως
1484 1392 1512 1417 ἐν
1520 1391 1575 1421 τοῖς
1583 1391 1632 1425 τῆς
1642 1389 1753 1422 ἀλογίας
1764 1387 1943 1423 ἁμαρτήμασι

1155 1440 1364 1472 πλεοναζόντων,
1376 1439 1450 1474 ὅμως
1458 1437 1502 1464 διὰ
1513 1437 1542 1463 τὸ
1550 1436 1588 1471 τῷ
1599 1434 1725 1471 καθαρῶς
1733 1433 1835 1468 λογικῷ
1845 1432 1948 1461 πολλὰς

1151 1487 1313 1522 ὁμοιότητας
1319 1485 1422 1521 φέρειν,
1429 1483 1536 1518 λογικὸν
1543 1481 1612 1509 εἶναι
1620 1481 1649 1508 τὸ
1657 1481 1734 1515 γένος
1741 1480 1818 1507 τοῦτο
1826 1479 1871 1512 ἐξα
1876 1481 1944 1515 ρχῆς

1151 1533 1308 1568 ἐπιστεύθη.
1324 1533 1418 1563 Ὀντος
1433 1529 1480 1557 οὖν
1497 1529 1568 1556 θείου
1586 1529 1766 1564 συστήματος,
1780 1527 1828 1553 καὶ
1837 1527 1945 1561 ἀκηρά-

1150 1590 1206 1612 του,
1217 1580 1264 1607 καὶ
1273 1578 1427 1614 ἀλυμάντου
1441 1575 1597 1613 προφανῶς,
1614 1575 1661 1602 τοῦ
1673 1574 1727 1601 τῶν
1738 1573 1816 1600 θεῶν·
1829 1573 1904 1604 ὄντος
1915 1572 1942 1599 δὲ

1150 1627 1231 1653 πάλιν
1249 1625 1372 1661 ἐναργῶς
1387 1623 1434 1650 τοῦ
1450 1623 1556 1658 χθονίου
1569 1622 1615 1648 καὶ
1624 1621 1705 1647 αὐτοῦ
1717 1620 1784 1655 (80),
1795 1620 1842 1646 καὶ
1851 1620 1880 1645 ὲν
1887 1619 1945 1645 δια-

1150 1673 1238 1708 φθορᾷ
1253 1671 1390 1707 κειμένου,
1409 1668 1668 1706 ἀμφισϐητουμένης
1682 1667 1710 1693 δὲ
1730 1666 1807 1702 παρά
1822 1674 1878 1692 τισι
1894 1665 1942 1699 τῆς

1149 1718 1248 1753 ψυχῆς,
1258 1717 1310 1743 τίνι
1319 1715 1505 1753 προκειμένων
1515 1714 1591 1750 μέρει
1602 1712 1841 1749 προσκεχώρηκεν⁸
1852 1712 1884 1737 ὲκ
1894 1711 1943 1744 τῆς

1150 1763 1306 1799 ὁμοιότητος
1323 1762 1397 1797 ᾠήθη
1418 1762 1432 1787 ὁ
1449 1761 1561 1787 Πλάτων
1577 1760 1632 1786 δεῖν
1646 1758 1796 1793 ἀνιχνεύειν
1810 1758 1860 1793 τὴν
1875 1757 1942 1792 ἀλή-

1151 1810 1234 1836 θειαν.
1244 1808 1298 1835 Καὶ
1309 1808 1401 1843 ἐπειδὴ
1411 1807 1450 1842 τῷ
1463 1807 1511 1842 μὲν
1521 1805 1610 1841 θνητῷ
1621 1814 1650 1831 τε
1662 1805 1708 1831 καί
1718 1804 1801 1839 λυτῷ,
1815 1805 1861 1830 καὶ
1884 1805 1943 1830 ἀνο-

1149 1856 1216 1891 ἠτῳ,
1229 1855 1276 1881 καὶ
1287 1854 1359 1889 ζωῆς
1370 1853 1495 1889 ἀμετόχῳ
1505 1853 1551 1879 καὶ
1561 1853 1605 1878 διὰ
1615 1851 1694 1878 τοῦτο
1704 1850 1783 1886 ἀπτῷ
1801 1859 1830 1877 τε
1842 1851 1889 1877 καὶ
1899 1851 1941 1876 αἰ-

1150 1901 1251 1937 σθητῷ,
1264 1902 1310 1928 καὶ
1321 1900 1465 1935 γινομένῳ,
1477 1900 1524 1926 καὶ
1535 1898 1713 1933 ἀπολλυμένῳ
1721 1896 1848 1932 οὐδαμῶς
1856 1897 1938 1923 ἔοικε⁸

1149 1946 1186 1982 τῷ
1197 1947 1225 1973 δὲ
1236 1946 1311 1982 θείῳ,
1321 1947 1368 1973 καὶ
1376 1945 1512 1980 ἀθανάτῳ,
1526 1945 1574 1971 καὶ
1584 1944 1676 1975 ἀειδεῖ,
1694 1944 1741 1970 καὶ
1750 1943 1845 1979 νοερῷ,
1861 1943 1942 1975 ζῶντὶ

1149 2000 1178 2018 τε
1196 1992 1242 2018 καὶ
1258 1991 1387 2026 ἀληθείας
1403 1991 1538 2025 συγγενεῖ,
1560 1990 1607 2016 καὶ
1621 1991 1672 2016 ὅσα
1693 1990 1796 2020 ἐκεῖνος
1813 1989 1878 2024 περὶ
1892 1989 1940 2016 αὑ-

1149 2040 1197 2074 τῆς
1207 2037 1407 2072 ἀναλογίζεται·
1419 2037 1505 2063 ἐδόκει
1520 2037 1557 2072 μὴ
1565 2037 1615 2068 τὰς
1626 2036 1674 2071 μὲν
1686 2035 1767 2067 ἄλλας
1779 2035 1941 2070 ὁμοιότητας

1148 2084 1194 2111 τοῦ
1206 2084 1273 2110 Θεοῦ
1288 2085 1386 2111 ἐνεῖναι
1403 2084 1563 2118 συγχωρεῖν,
1579 2082 1609 2108 τὸ
1618 2082 1645 2108 δὲ
1655 2082 1705 2117 τῆς
1715 2081 1809 2112 οὐσίας
1822 2082 1941 2116 ἐμφερὲς

1148 2132 1195 2158 ἀπ’
1213 2131 1298 2167 αὐτῆς
1321 2130 1423 2157 ἐθέλειν
1441 2129 1556 2160 ἀθετεῖν,
1580 2129 1614 2155 δι’
1637 2129 1651 2154 ὃ
1671 2129 1717 2155 καὶ
1739 2127 1842 2154 τούτων
1858 2127 1944 2162 αὐτὴν

1149 2178 1239 2213 τυχεῖν
1266 2176 1448 2212 συμϐέϐηκεν.
1481 2176 1586 2210 Ὥσπερ
1611 2174 1665 2210 γὰρ
1687 2174 1722 2200 τὰ
1737 2173 1890 2209 ἐνεργείαις
1903 2173 1944 2207 τῷ

1147 2222 1207 2257 Θεῷ
1220 2223 1334 2258 ἀνόμοια
1345 2221 1425 2253 εὐθὺς
1438 2222 1484 2247 καὶ
1499 2222 1532 2256 τῇ
1548 2220 1674 2246 συστάσει
1689 2220 1738 2254 τῆς
1753 2218 1847 2251 οὐσίας
1861 2218 1941 2253 ἑξήλο

1148 2268 1239 2300 λακτο,
1266 2267 1352 2299 οὕτως
1376 2266 1520 2294 ἀκόλουθον
1544 2264 1613 2293 εἶναι
1634 2266 1668 2293 τὰ
1689 2266 1743 2291 τῶν
1771 2265 1856 2292 αὐτῶν
1882 2274 1940 2296 πως

1148 2313 1291 2350 ἐνεργειῶν
1312 2313 1411 2349 μέτοχα
1426 2313 1535 2347 φθάνειν
1552 2313 1602 2349 τὴν
1618 2312 1764 2347 ὁμοιότητα
1781 2312 1831 2346 τῆς
1846 2311 1940 2342 οὐσίας

1147 2359 1313 2394 κεκτημένα.
1328 2358 1377 2385 Διὰ
1388 2358 1443 2394 γὰρ
1453 2358 1502 2394 τὴν
1514 2358 1593 2384 ποιὰν
1602 2358 1707 2388 οὐσίαν,
1717 2357 1798 2388 ποιὰς
1810 2355 1880 2383 εἶναι
1891 2357 1938 2383 ναὶ

1146 2405 1195 2436 τὰς
1211 2404 1360 2439 ἐνεργείας,
1375 2403 1413 2435 ὡς
1433 2403 1466 2430 ἂν
1481 2404 1527 2430 ἀπ’
1542 2404 1628 2439 αὐτῆς
1648 2403 1774 2438 ῥεούσας,
1789 2403 1836 2429 καὶ
1852 2403 1937 2437 αὐτῆς

1145 2450 1228 2482 οὗσας
1243 2450 1343 2485 βλαστή
1348 2459 1429 2485 ματα.
1446 2449 1547 2476 Τούτου
1556 2450 1645 2476 τοίνυν
1653 2449 1699 2476 τοῦ
1713 2449 1792 2483 λόγου
1800 2449 1849 2484 τὴν
1857 2448 1936 2475 δύνα-
1976 2487 1979 2490 Ι

1147 2506 1192 2533 μιν
1207 2497 1356 2534 περιαιρῶν
1366 2497 1420 2532 (81)
1433 2498 1447 2524 ὁ
1455 2497 1565 2532 Βοηθῆς,
1575 2496 1725 2523 ἐπάκουσον
1741 2496 1821 2528 εὐθὺς
1829 2497 1858 2522 ἐν
1866 2496 1936 2531 ἀρχῇ

1145 2543 1191 2570 τοῦ
1207 2543 1286 2577 λόγου
1301 2543 1331 2569 ὃν
1346 2543 1480 2579 πεποίηκε
1494 2542 1682 2578 (82),γράφ‹ιυ
1697 2542 1792 2573 οὕτως’
1812 2551 1821 2567 ι
1839 2542 1872 2568 Et
1889 2541 1936 2577 μὲν

1145 2590 1276 2621 ἀθάνατός
1288 2591 1390 2625 ἐστινὴ
1405 2589 1489 2624 ψυχὴ,
1505 2590 1552 2616 καὶ
1563 2589 1661 2620 παντὸς
1679 2588 1788 2624 ὀλέθρου
1805 2588 1936 2623 κρείττων

1143 2645 1186 2668 τις
1200 2636 1290 2670 φύσις,
1304 2636 1418 2667 πολλοὺς
1434 2636 1617 2671 ἀναμείναντα
1636 2635 1689 2671 χρὴ
1702 2636 1748 2662 καὶ
1763 2635 1934 2670 περιηγησά-

1144 2714 1278 2752 siderelur
1303 2715 1416 2752 aliquid.
1431 2714 1524 2752 forte
1553 2713 1777 2752 subaudiendum
1853 2713 1933 2752 αυτὸν

1143 2750 1314 2785 ἀποδέχεται,
1327 2747 1367 2789 vel
1381 2750 1418 2781 ὡς
1429 2749 1605 2785 διεξέρχεται,
1629 2753 1676 2775 aut
1696 2748 1730 2774 al.
1755 2749 1855 2776 simile.
1875 2747 1932 2789 Nisi

1143 2785 1224 2812 malis
1247 2794 1302 2820 quo
1319 2785 1366 2812 ait.
1386 2787 1563 2818 manuscript.
1581 2789 1766 2820 repraesentat,
1781 2785 1933 2820 περιαιρῶν

1142 2821 1156 2860 ο
1174 2818 1279 2860 βοηθὸς,
1296 2821 1325 2847 ὲν
1349 2821 1419 2860 ἀρχῇ
1442 2820 1489 2846 τοῦ
1512 2820 1589 2854 λόγου
1612 2818 1749 2860 γέγραφεν
1772 2818 1935 2850 autumn“:

1144 2855 1332 2890 imperativum
1348 2856 1500 2882 ἐπάκουσον
1515 2855 1644 2891 agnoscit.
