  <div class='ocr_page' id='page_1' title='image "/cluster/home/n/w/nwhite01/storage/ocr_20150623/21/njp.32101077772489/504.png"; bbox 0 0 2091 3208; ppageno 0'>
   <div class='ocr_carea' id='block_1_1' title="bbox 138 183 194 210">
    <p class='ocr_par' dir='ltr' id='par_1_1' title="bbox 138 183 194 210">
     <span class='ocr_line' id='line_1_1' title="bbox 138 183 194 210; baseline 0 0"><span class='ocrx_word' id='word_1_1' title='bbox 138 183 194 210; x_wconf 69' lang='lat'><strong>925</strong></span> 
     </span>
    </p>
   </div>
   <div class='ocr_carea' id='block_1_2' title="bbox 706 182 1167 212">
    <p class='ocr_par' dir='ltr' id='par_1_2' title="bbox 706 182 1167 212">
     <span class='ocr_line' id='line_1_2' title="bbox 706 182 1167 212; baseline 0.002 -2"><span class='ocrx_word' id='word_1_2' title='bbox 706 182 865 210; x_wconf 74' lang='grc' dir='ltr'><strong>ΡΒᾹΞΡΑΒ.</strong></span> <span class='ocrx_word' id='word_1_3' title='bbox 888 182 1012 212; x_wconf 70' lang='grc' dir='ltr'><strong>ενΑΝς.</strong></span> <span class='ocrx_word' id='word_1_4' title='bbox 1033 183 1097 211; x_wconf 87' lang='lat' dir='ltr'><strong>LIB.</strong></span> <span class='ocrx_word' id='word_1_5' title='bbox 1119 183 1167 211; x_wconf 79' lang='lat' dir='ltr'><strong>XI.</strong></span> 
     </span>
    </p>
   </div>
   <div class='ocr_carea' id='block_1_3' title="bbox 1702 184 1756 211">
    <p class='ocr_par' dir='ltr' id='par_1_3' title="bbox 1702 184 1756 211">
     <span class='ocr_line' id='line_1_3' title="bbox 1702 184 1756 211; baseline 0 0"><span class='ocrx_word' id='word_1_6' title='bbox 1702 184 1756 211; x_wconf 71' lang='lat'><strong>9&#39;16</strong></span> 
     </span>
    </p>
   </div>
   <div class='ocr_carea' id='block_1_4' title="bbox 140 241 936 279">
    <p class='ocr_par' dir='ltr' id='par_1_4' title="bbox 140 242 923 279">
     <span class='ocr_line' id='line_1_4' title="bbox 140 242 923 279; baseline 0 -10"><span class='ocrx_word' id='word_1_7' title='bbox 140 251 222 279; x_wconf 76' lang='grc' dir='ltr'><strong>μενον</strong></span> <span class='ocrx_word' id='word_1_8' title='bbox 237 242 332 277; x_wconf 85' lang='grc' dir='ltr'><strong>λόγους</strong></span> <span class='ocrx_word' id='word_1_9' title='bbox 343 242 542 278; x_wconf 80' lang='grc' dir='ltr'><strong>ἀποφήνασθαι.</strong></span> <span class='ocrx_word' id='word_1_10' title='bbox 556 243 592 269; x_wconf 78' lang='grc' dir='ltr'><strong>Τὸ</strong></span> <span class='ocrx_word' id='word_1_11' title='bbox 603 242 693 278; x_wconf 77' lang='grc' dir='ltr'><strong>μέντοι</strong></span> <span class='ocrx_word' id='word_1_12' title='bbox 707 243 760 270; x_wconf 82' lang='grc' dir='ltr'><strong>τῶν</strong></span> <span class='ocrx_word' id='word_1_13' title='bbox 773 244 837 278; x_wconf 79' lang='grc' dir='ltr'><strong>περὶ</strong></span> <span class='ocrx_word' id='word_1_14' title='bbox 850 243 923 279; x_wconf 81' lang='grc' dir='ltr'><strong>ἡμᾶς</strong></span> 
     </span>
    </p>
   </div>
   <div class='ocr_carea' id='block_1_5' title="bbox 983 241 1755 279">
    <p class='ocr_par' dir='ltr' id='par_1_5' title="bbox 983 241 1755 278">
     <span class='ocr_line' id='line_1_5' title="bbox 983 241 1755 278; baseline -0.004 -8"><span class='ocrx_word' id='word_1_15' title='bbox 983 252 1018 271; x_wconf 81' lang='lat' dir='ltr'><strong>.us</strong></span> <span class='ocrx_word' id='word_1_16' title='bbox 1030 249 1111 272; x_wconf 84' lang='lat' dir='ltr'><strong>esset.</strong></span> <span class='ocrx_word' id='word_1_17' title='bbox 1130 243 1164 271; x_wconf 87' lang='lat' dir='ltr'><strong>Ut</strong></span> <span class='ocrx_word' id='word_1_18' title='bbox 1175 243 1246 271; x_wconf 92' lang='lat' dir='ltr'><strong>enim</strong></span> <span class='ocrx_word' id='word_1_19' title='bbox 1258 250 1319 278; x_wconf 62' lang='lat' dir='ltr'><strong>quae</strong></span> <span class='ocrx_word' id='word_1_20' title='bbox 1334 242 1389 269; x_wconf 85' lang='lat' dir='ltr'><strong>Deo</strong></span> <span class='ocrx_word' id='word_1_21' title='bbox 1403 242 1499 278; x_wconf 75' lang='lat' dir='ltr'><strong>agendi</strong></span> <span class='ocrx_word' id='word_1_22' title='bbox 1513 242 1539 269; x_wconf 89' lang='lat' dir='ltr'><strong>vi</strong></span> <span class='ocrx_word' id='word_1_23' title='bbox 1550 242 1658 275; x_wconf 86' lang='lat' dir='ltr'><strong>rituque</strong></span> <span class='ocrx_word' id='word_1_24' title='bbox 1671 241 1755 268; x_wconf 75' lang='lat' dir='ltr'><strong>dissi-</strong></span> 
     </span>
    </p>
   </div>
   <div class='ocr_carea' id='block_1_6' title="bbox 138 288 924 325">
    <p class='ocr_par' dir='ltr' id='par_1_6' title="bbox 138 288 924 325">
     <span class='ocr_line' id='line_1_6' title="bbox 138 288 924 325; baseline -0.001 -8"><span class='ocrx_word' id='word_1_25' title='bbox 138 289 295 325; x_wconf 78' lang='grc' dir='ltr'><strong>ὁμοιότερον</strong></span> <span class='ocrx_word' id='word_1_26' title='bbox 309 289 390 325; x_wconf 82' lang='grc' dir='ltr'><strong>μηδὲν</strong></span> <span class='ocrx_word' id='word_1_27' title='bbox 404 288 529 323; x_wconf 79' lang='grc' dir='ltr'><strong>γενέσθαι</strong></span> <span class='ocrx_word' id='word_1_28' title='bbox 541 288 600 325; x_wconf 82' lang='grc' dir='ltr'><strong>Θεῷ</strong></span> <span class='ocrx_word' id='word_1_29' title='bbox 613 289 715 325; x_wconf 82' lang='grc' dir='ltr'><strong>ψυχῆς,</strong></span> <span class='ocrx_word' id='word_1_30' title='bbox 732 290 763 316; x_wconf 81' lang='grc' dir='ltr'><strong>οὺ</strong></span> <span class='ocrx_word' id='word_1_31' title='bbox 777 289 876 324; x_wconf 68' lang='grc' dir='ltr'><strong>πολλῆς</strong></span> <span class='ocrx_word' id='word_1_32' title='bbox 891 289 924 316; x_wconf 84' lang='grc' dir='ltr'><strong>ἄν</strong></span> 
     </span>
    </p>
   </div>
   <div class='ocr_carea' id='block_1_7' title="bbox 138 333 926 370">
    <p class='ocr_par' dir='ltr' id='par_1_7' title="bbox 138 333 926 370">
     <span class='ocr_line' id='line_1_7' title="bbox 138 333 926 370; baseline -0.001 -9"><span class='ocrx_word' id='word_1_33' title='bbox 138 343 182 366; x_wconf 82' lang='grc' dir='ltr'><strong>τις</strong></span> <span class='ocrx_word' id='word_1_34' title='bbox 198 334 304 369; x_wconf 74' lang='grc' dir='ltr'><strong>δεηθεὶς</strong></span> <span class='ocrx_word' id='word_1_35' title='bbox 325 334 516 370; x_wconf 77' lang='grc' dir='ltr'><strong>πραγματείας</strong></span> <span class='ocrx_word' id='word_1_36' title='bbox 540 334 718 361; x_wconf 80' lang='grc' dir='ltr'><strong>πιστεύσειεν·</strong></span> <span class='ocrx_word' id='word_1_37' title='bbox 739 335 770 361; x_wconf 85' lang='grc' dir='ltr'><strong>οὐ</strong></span> <span class='ocrx_word' id='word_1_38' title='bbox 789 335 867 369; x_wconf 86' lang='grc' dir='ltr'><strong>μόνον</strong></span> <span class='ocrx_word' id='word_1_39' title='bbox 882 333 926 360; x_wconf 65' lang='grc' dir='ltr'><strong>διὰ</strong></span> 
     </span>
    </p>
   </div>
   <div class='ocr_carea' id='block_1_8' title="bbox 139 379 925 415">
    <p class='ocr_par' dir='ltr' id='par_1_8' title="bbox 139 379 925 415">
     <span class='ocr_line' id='line_1_8' title="bbox 139 379 925 415; baseline -0.003 -8"><span class='ocrx_word' id='word_1_40' title='bbox 139 380 171 407; x_wconf 80' lang='grc' dir='ltr'><strong>τὸ</strong></span> <span class='ocrx_word' id='word_1_41' title='bbox 188 380 299 415; x_wconf 75' lang='grc' dir='ltr'><strong>συνεχὲς</strong></span> <span class='ocrx_word' id='word_1_42' title='bbox 319 380 367 407; x_wconf 80' lang='grc' dir='ltr'><strong>καὶ</strong></span> <span class='ocrx_word' id='word_1_43' title='bbox 385 379 523 407; x_wconf 68' lang='grc' dir='ltr'><strong>ἄπαυστον</strong></span> <span class='ocrx_word' id='word_1_44' title='bbox 538 380 588 415; x_wconf 84' lang='grc' dir='ltr'><strong>τῆς</strong></span> <span class='ocrx_word' id='word_1_45' title='bbox 602 381 744 415; x_wconf 82' lang='grc' dir='ltr'><strong>κινήσεως,</strong></span> <span class='ocrx_word' id='word_1_46' title='bbox 769 380 802 415; x_wconf 77' lang='grc' dir='ltr'><strong>ἠν</strong></span> <span class='ocrx_word' id='word_1_47' title='bbox 818 381 846 406; x_wconf 83' lang='grc' dir='ltr'><strong>ὲν</strong></span> <span class='ocrx_word' id='word_1_48' title='bbox 861 380 925 414; x_wconf 78' lang='grc' dir='ltr'><strong>ἡμῖν</strong></span> 
     </span>
    </p>
   </div>
   <div class='ocr_carea' id='block_1_9' title="bbox 140 426 925 461">
    <p class='ocr_par' dir='ltr' id='par_1_9' title="bbox 140 426 925 461">
     <span class='ocr_line' id='line_1_9' title="bbox 140 426 925 461; baseline -0.003 -8"><span class='ocrx_word' id='word_1_49' title='bbox 140 426 288 457; x_wconf 74' lang='grc' dir='ltr'><strong>ἐνδίδωσιν,</strong></span> <span class='ocrx_word' id='word_1_50' title='bbox 306 426 378 456; x_wconf 60' lang='grc' dir='ltr'><strong>ἀλλὰ,</strong></span> <span class='ocrx_word' id='word_1_51' title='bbox 396 426 442 452; x_wconf 78' lang='grc' dir='ltr'><strong>τοῦ</strong></span> <span class='ocrx_word' id='word_1_52' title='bbox 462 426 522 452; x_wconf 82' lang='grc' dir='ltr'><strong>καθ’</strong></span> <span class='ocrx_word' id='word_1_53' title='bbox 541 426 638 461; x_wconf 77' lang='grc' dir='ltr'><strong>ἑαυτὴν</strong></span> <span class='ocrx_word' id='word_1_54' title='bbox 656 426 710 452; x_wconf 84' lang='grc' dir='ltr'><strong>νοῦ.</strong></span> <span class='ocrx_word' id='word_1_55' title='bbox 728 427 774 457; x_wconf 81' lang='grc' dir='ltr'><strong>Εἰς</strong></span> <span class='ocrx_word' id='word_1_56' title='bbox 790 427 857 461; x_wconf 76' lang='grc' dir='ltr'><strong>ὅπερ</strong></span> <span class='ocrx_word' id='word_1_57' title='bbox 871 426 925 451; x_wconf 87' lang='grc' dir='ltr'><strong>ἁπ-</strong></span> 
     </span>
    </p>
   </div>
   <div class='ocr_carea' id='block_1_10' title="bbox 143 470 925 507">
    <p class='ocr_par' dir='ltr' id='par_1_10' title="bbox 143 470 925 507">
     <span class='ocr_line' id='line_1_10' title="bbox 143 470 925 507; baseline -0.001 -9"><span class='ocrx_word' id='word_1_58' title='bbox 143 472 206 498; x_wconf 85' lang='grc' dir='ltr'><strong>ιδὼν</strong></span> <span class='ocrx_word' id='word_1_59' title='bbox 219 472 266 498; x_wconf 69' lang='grc' dir='ltr'><strong>καὶ</strong></span> <span class='ocrx_word' id='word_1_60' title='bbox 275 473 289 498; x_wconf 84' lang='grc' dir='ltr'>ὁ</span> <span class='ocrx_word' id='word_1_61' title='bbox 303 471 494 507; x_wconf 82' lang='grc' dir='ltr'><strong>Κροτωνιάτης</strong></span> <span class='ocrx_word' id='word_1_62' title='bbox 506 472 619 505; x_wconf 72' lang='grc' dir='ltr'><strong>φυσικὸς</strong></span> <span class='ocrx_word' id='word_1_63' title='bbox 631 471 698 506; x_wconf 80' lang='grc'><strong>(85),</strong></span> <span class='ocrx_word' id='word_1_64' title='bbox 708 470 783 498; x_wconf 80' lang='grc' dir='ltr'><strong>εἶπεν</strong></span> <span class='ocrx_word' id='word_1_65' title='bbox 794 472 925 498; x_wconf 80' lang='grc' dir='ltr'><strong>ἀθάνατον</strong></span> 
     </span>
    </p>
   </div>
   <div class='ocr_carea' id='block_1_11' title="bbox 141 515 925 552">
    <p class='ocr_par' dir='ltr' id='par_1_11' title="bbox 141 515 925 552">
     <span class='ocr_line' id='line_1_11' title="bbox 141 515 925 552; baseline -0.001 -9"><span class='ocrx_word' id='word_1_66' title='bbox 141 517 228 552; x_wconf 85' lang='grc' dir='ltr'><strong>αὐτὴν</strong></span> <span class='ocrx_word' id='word_1_67' title='bbox 255 515 346 547; x_wconf 77' lang='grc' dir='ltr'><strong>οὖσαν,</strong></span> <span class='ocrx_word' id='word_1_68' title='bbox 378 518 424 543; x_wconf 80' lang='grc' dir='ltr'><strong>καὶ</strong></span> <span class='ocrx_word' id='word_1_69' title='bbox 444 518 532 543; x_wconf 83' lang='grc' dir='ltr'><strong>πᾶσαν</strong></span> <span class='ocrx_word' id='word_1_70' title='bbox 556 517 672 552; x_wconf 67' lang='grc' dir='ltr'><strong>ἠρεμίαν</strong></span> <span class='ocrx_word' id='word_1_71' title='bbox 697 517 776 551; x_wconf 72' lang='grc' dir='ltr'><strong>φύσει</strong></span> <span class='ocrx_word' id='word_1_72' title='bbox 805 516 925 551; x_wconf 68' lang='grc' dir='ltr'><strong>φεύγειν,</strong></span> 
     </span>
    </p>
   </div>
   <div class='ocr_carea' id='block_1_12' title="bbox 142 562 926 598">
    <p class='ocr_par' dir='ltr' id='par_1_12' title="bbox 142 562 926 598">
     <span class='ocr_line' id='line_1_12' title="bbox 142 562 926 598; baseline 0.001 -10"><span class='ocrx_word' id='word_1_73' title='bbox 142 563 238 598; x_wconf 80' lang='grc' dir='ltr'><strong>ὥσπερ</strong></span> <span class='ocrx_word' id='word_1_74' title='bbox 247 562 283 588; x_wconf 79' lang='grc' dir='ltr'><strong>τὰ</strong></span> <span class='ocrx_word' id='word_1_75' title='bbox 293 562 352 588; x_wconf 82' lang='grc' dir='ltr'><strong>θεῖα</strong></span> <span class='ocrx_word' id='word_1_76' title='bbox 362 562 416 589; x_wconf 85' lang='grc' dir='ltr'><strong>τῶν</strong></span> <span class='ocrx_word' id='word_1_77' title='bbox 429 563 571 598; x_wconf 72' lang='grc' dir='ltr'><strong>σωμάτων,</strong></span> <span class='ocrx_word' id='word_1_78' title='bbox 590 563 668 588; x_wconf 78' lang='grc' dir='ltr'><strong>Ἀλλὰ</strong></span> <span class='ocrx_word' id='word_1_79' title='bbox 681 563 727 589; x_wconf 72' lang='grc' dir='ltr'><strong>καὶ</strong></span> <span class='ocrx_word' id='word_1_80' title='bbox 740 562 865 595; x_wconf 78' lang='grc' dir='ltr'><strong>καθάπαξ</strong></span> <span class='ocrx_word' id='word_1_81' title='bbox 879 563 926 597; x_wconf 75' lang='grc' dir='ltr'><strong>τὴν</strong></span> 
     </span>
    </p>
   </div>
   <div class='ocr_carea' id='block_1_13' title="bbox 144 608 927 644">
    <p class='ocr_par' dir='ltr' id='par_1_13' title="bbox 144 608 927 644">
     <span class='ocr_line' id='line_1_13' title="bbox 144 608 927 644; baseline 0 -10"><span class='ocrx_word' id='word_1_82' title='bbox 144 608 218 635; x_wconf 71' lang='grc' dir='ltr'><strong>ἰδέαν</strong></span> <span class='ocrx_word' id='word_1_83' title='bbox 232 609 280 644; x_wconf 80' lang='grc' dir='ltr'><strong>τῆς</strong></span> <span class='ocrx_word' id='word_1_84' title='bbox 295 609 393 644; x_wconf 78' lang='grc' dir='ltr'><strong>ψυχῆς.</strong></span> <span class='ocrx_word' id='word_1_85' title='bbox 411 609 458 635; x_wconf 78' lang='grc' dir='ltr'><strong>καὶ</strong></span> <span class='ocrx_word' id='word_1_86' title='bbox 475 608 590 644; x_wconf 82' lang='grc' dir='ltr'><strong>μάλιστα</strong></span> <span class='ocrx_word' id='word_1_87' title='bbox 607 609 650 635; x_wconf 79' lang='grc' dir='ltr'><strong>τὸν</strong></span> <span class='ocrx_word' id='word_1_88' title='bbox 671 609 787 644; x_wconf 75' lang='grc' dir='ltr'><strong>ἄρχοντα</strong></span> <span class='ocrx_word' id='word_1_89' title='bbox 811 609 839 635; x_wconf 82' lang='grc' dir='ltr'><strong>ὲν</strong></span> <span class='ocrx_word' id='word_1_90' title='bbox 862 609 927 643; x_wconf 79' lang='grc' dir='ltr'><strong>ἡμῖν</strong></span> 
     </span>
    </p>
   </div>
   <div class='ocr_carea' id='block_1_14' title="bbox 142 651 928 689">
    <p class='ocr_par' dir='ltr' id='par_1_14' title="bbox 142 651 928 689">
     <span class='ocr_line' id='line_1_14' title="bbox 142 651 928 689; baseline 0.003 -11"><span class='ocrx_word' id='word_1_91' title='bbox 142 651 216 683; x_wconf 75' lang='grc' dir='ltr'><strong>νοῦν,</strong></span> <span class='ocrx_word' id='word_1_92' title='bbox 232 652 349 687; x_wconf 81' lang='grc' dir='ltr'><strong>ὁπηλίκα</strong></span> <span class='ocrx_word' id='word_1_93' title='bbox 360 653 526 688; x_wconf 70' lang='grc' dir='ltr'><strong>βουλεύματα</strong></span> <span class='ocrx_word' id='word_1_94' title='bbox 538 654 583 680; x_wconf 76' lang='grc' dir='ltr'><strong>καὶ</strong></span> <span class='ocrx_word' id='word_1_95' title='bbox 595 654 683 689; x_wconf 73' lang='grc' dir='ltr'><strong>ὁρμὰς</strong></span> <span class='ocrx_word' id='word_1_96' title='bbox 697 653 825 685; x_wconf 79' lang='grc' dir='ltr'><strong>πολλάκις</strong></span> <span class='ocrx_word' id='word_1_97' title='bbox 834 655 928 685; x_wconf 81' lang='grc' dir='ltr'><strong>ὁποίας</strong></span> 
     </span>
    </p>
   </div>
   <div class='ocr_carea' id='block_1_15' title="bbox 143 697 928 734">
    <p class='ocr_par' dir='ltr' id='par_1_15' title="bbox 143 697 928 734">
     <span class='ocr_line' id='line_1_15' title="bbox 143 697 928 734; baseline 0.003 -11"><span class='ocrx_word' id='word_1_98' title='bbox 143 697 278 728; x_wconf 79' lang='grc' dir='ltr'><strong>ὑποκινεῖ,</strong></span> <span class='ocrx_word' id='word_1_99' title='bbox 297 697 336 732; x_wconf 83' lang='grc' dir='ltr'><strong>τῷ</strong></span> <span class='ocrx_word' id='word_1_100' title='bbox 359 698 553 733; x_wconf 80' lang='grc' dir='ltr'><strong>κατανοήσαντι</strong></span> <span class='ocrx_word' id='word_1_101' title='bbox 575 698 657 733; x_wconf 81' lang='grc' dir='ltr'><strong>πολλή</strong></span> <span class='ocrx_word' id='word_1_102' title='bbox 680 707 719 730; x_wconf 86' lang='grc' dir='ltr'><strong>τις</strong></span> <span class='ocrx_word' id='word_1_103' title='bbox 736 698 768 725; x_wconf 83' lang='grc' dir='ltr'><strong>ἂν</strong></span> <span class='ocrx_word' id='word_1_104' title='bbox 793 699 861 734; x_wconf 78' lang='grc' dir='ltr'><strong>πρὸς</strong></span> <span class='ocrx_word' id='word_1_105' title='bbox 883 699 928 725; x_wconf 67' lang='grc' dir='ltr'><strong>τὸν</strong></span> 
     </span>
    </p>
   </div>
   <div class='ocr_carea' id='block_1_16' title="bbox 143 742 928 780">
    <p class='ocr_par' dir='ltr' id='par_1_16' title="bbox 143 742 928 780">
     <span class='ocr_line' id='line_1_16' title="bbox 143 742 928 780; baseline 0.003 -11"><span class='ocrx_word' id='word_1_106' title='bbox 143 742 212 769; x_wconf 83' lang='grc' dir='ltr'><strong>Θεὸν</strong></span> <span class='ocrx_word' id='word_1_107' title='bbox 225 743 350 779; x_wconf 75' lang='grc' dir='ltr'><strong>ὁμοιότης</strong></span> <span class='ocrx_word' id='word_1_108' title='bbox 362 744 522 779; x_wconf 80' lang='grc' dir='ltr'><strong>ὑποφανείη.</strong></span> <span class='ocrx_word' id='word_1_109' title='bbox 542 754 551 770; x_wconf 66' lang='grc' dir='ltr'><strong>ι</strong></span> <span class='ocrx_word' id='word_1_110' title='bbox 570 746 624 771; x_wconf 81' lang='grc' dir='ltr'><strong>Καὶ</strong></span> <span class='ocrx_word' id='word_1_111' title='bbox 641 744 703 780; x_wconf 78' lang='grc' dir='ltr'><strong>ἑξῆς</strong></span> <span class='ocrx_word' id='word_1_112' title='bbox 719 745 848 779; x_wconf 81' lang='grc' dir='ltr'><strong>ὲπιλέγει’</strong></span> <span class='ocrx_word' id='word_1_113' title='bbox 869 754 877 770; x_wconf 73' lang='grc' dir='ltr'><strong>ε</strong></span> <span class='ocrx_word' id='word_1_114' title='bbox 898 746 928 771; x_wconf 81' lang='lat' dir='ltr'><strong>El</strong></span> 
     </span>
    </p>
   </div>
   <div class='ocr_carea' id='block_1_17' title="bbox 144 788 929 826">
    <p class='ocr_par' dir='ltr' id='par_1_17' title="bbox 144 788 929 826">
     <span class='ocr_line' id='line_1_17' title="bbox 144 788 929 826; baseline 0.004 -12"><span class='ocrx_word' id='word_1_115' title='bbox 144 788 201 822; x_wconf 79' lang='grc' dir='ltr'><strong>γὰρ</strong></span> <span class='ocrx_word' id='word_1_116' title='bbox 223 789 260 820; x_wconf 84' lang='grc' dir='ltr'><strong>ὡς</strong></span> <span class='ocrx_word' id='word_1_117' title='bbox 279 789 434 824; x_wconf 74' lang='grc' dir='ltr'><strong>ὁμοιότατον</strong></span> <span class='ocrx_word' id='word_1_118' title='bbox 456 790 494 825; x_wconf 84' lang='grc' dir='ltr'><strong>τῷ</strong></span> <span class='ocrx_word' id='word_1_119' title='bbox 518 789 583 825; x_wconf 79' lang='grc' dir='ltr'><strong>θείῳ</strong></span> <span class='ocrx_word' id='word_1_120' title='bbox 608 791 715 817; x_wconf 84' lang='grc' dir='ltr'><strong>πάντων</strong></span> <span class='ocrx_word' id='word_1_121' title='bbox 739 791 885 826; x_wconf 85' lang='grc' dir='ltr'><strong>χρημάτων</strong></span> <span class='ocrx_word' id='word_1_122' title='bbox 912 793 929 826; x_wconf 83' lang='grc' dir='ltr'>ὴ</span> 
     </span>
    </p>
   </div>
   <div class='ocr_carea' id='block_1_18' title="bbox 145 834 931 871">
    <p class='ocr_par' dir='ltr' id='par_1_18' title="bbox 145 834 931 871">
     <span class='ocr_line' id='line_1_18' title="bbox 145 834 931 871; baseline 0.006 -12"><span class='ocrx_word' id='word_1_123' title='bbox 145 834 220 870; x_wconf 69' lang='grc' dir='ltr'><strong>ψυχὴ</strong></span> <span class='ocrx_word' id='word_1_124' title='bbox 234 834 378 867; x_wconf 80' lang='grc' dir='ltr'><strong>δείκνυται,</strong></span> <span class='ocrx_word' id='word_1_125' title='bbox 397 835 438 867; x_wconf 84' lang='grc' dir='ltr'><strong>τίς</strong></span> <span class='ocrx_word' id='word_1_126' title='bbox 457 836 495 862; x_wconf 78' lang='grc' dir='ltr'><strong>ἑτι</strong></span> <span class='ocrx_word' id='word_1_127' title='bbox 511 836 589 871; x_wconf 84' lang='grc' dir='ltr'><strong>χρεία</strong></span> <span class='ocrx_word' id='word_1_128' title='bbox 604 836 657 863; x_wconf 82' lang='grc' dir='ltr'><strong>τῶν</strong></span> <span class='ocrx_word' id='word_1_129' title='bbox 672 837 757 864; x_wconf 84' lang='grc' dir='ltr'><strong>ἄλλων</strong></span> <span class='ocrx_word' id='word_1_130' title='bbox 771 837 871 864; x_wconf 76' lang='grc' dir='ltr'><strong>δεῖσθαι</strong></span> <span class='ocrx_word' id='word_1_131' title='bbox 888 838 931 864; x_wconf 84' lang='grc' dir='ltr'><strong>λό-</strong></span> 
     </span>
    </p>
   </div>
   <div class='ocr_carea' id='block_1_19' title="bbox 145 881 931 918">
    <p class='ocr_par' dir='ltr' id='par_1_19' title="bbox 145 881 931 918">
     <span class='ocr_line' id='line_1_19' title="bbox 145 881 931 918; baseline 0.004 -12"><span class='ocrx_word' id='word_1_132' title='bbox 145 888 203 914; x_wconf 85' lang='grc' dir='ltr'><strong>γων</strong></span> <span class='ocrx_word' id='word_1_133' title='bbox 216 882 256 911; x_wconf 85' lang='grc' dir='ltr'><strong>είς</strong></span> <span class='ocrx_word' id='word_1_134' title='bbox 271 881 404 913; x_wconf 82' lang='grc' dir='ltr'><strong>ἀπόδειξιν</strong></span> <span class='ocrx_word' id='word_1_135' title='bbox 418 882 467 917; x_wconf 80' lang='grc' dir='ltr'><strong>τῆς</strong></span> <span class='ocrx_word' id='word_1_136' title='bbox 481 882 628 913; x_wconf 77' lang='grc' dir='ltr'><strong>ἀθανασίας</strong></span> <span class='ocrx_word' id='word_1_137' title='bbox 647 883 741 918; x_wconf 71' lang='grc' dir='ltr'><strong>αὑτῆς,</strong></span> <span class='ocrx_word' id='word_1_138' title='bbox 759 882 931 918; x_wconf 80' lang='grc' dir='ltr'><strong>προοιμιαζό-</strong></span> 
     </span>
    </p>
   </div>
   <div class='ocr_carea' id='block_1_20' title="bbox 147 926 930 963">
    <p class='ocr_par' dir='ltr' id='par_1_20' title="bbox 147 926 930 963">
     <span class='ocr_line' id='line_1_20' title="bbox 147 926 930 963; baseline 0.005 -12"><span class='ocrx_word' id='word_1_139' title='bbox 147 933 239 960; x_wconf 85' lang='grc' dir='ltr'><strong>μενον,</strong></span> <span class='ocrx_word' id='word_1_140' title='bbox 256 926 302 952; x_wconf 83' lang='grc' dir='ltr'><strong>καὶ</strong></span> <span class='ocrx_word' id='word_1_141' title='bbox 316 926 352 962; x_wconf 82' lang='grc' dir='ltr'><strong>μὴ</strong></span> <span class='ocrx_word' id='word_1_142' title='bbox 371 927 417 953; x_wconf 83' lang='grc' dir='ltr'><strong>καὶ</strong></span> <span class='ocrx_word' id='word_1_143' title='bbox 430 927 522 953; x_wconf 83' lang='grc' dir='ltr'><strong>τοῦτον</strong></span> <span class='ocrx_word' id='word_1_144' title='bbox 546 927 583 959; x_wconf 85' lang='grc' dir='ltr'><strong>ὠς</strong></span> <span class='ocrx_word' id='word_1_145' title='bbox 606 928 653 954; x_wconf 70' lang='grc' dir='ltr'><strong>ἕνα</strong></span> <span class='ocrx_word' id='word_1_146' title='bbox 670 928 738 963; x_wconf 74' lang='grc' dir='ltr'><strong>μετὰ</strong></span> <span class='ocrx_word' id='word_1_147' title='bbox 751 929 805 954; x_wconf 86' lang='grc' dir='ltr'><strong>τῶν</strong></span> <span class='ocrx_word' id='word_1_148' title='bbox 825 928 930 956; x_wconf 75' lang='grc' dir='ltr'><strong>πολλῶν</strong></span> 
     </span>
    </p>
   </div>
   <div class='ocr_carea' id='block_1_21' title="bbox 146 971 931 1010">
    <p class='ocr_par' dir='ltr' id='par_1_21' title="bbox 146 971 931 1010">
     <span class='ocr_line' id='line_1_21' title="bbox 146 971 931 1010; baseline 0.006 -14"><span class='ocrx_word' id='word_1_149' title='bbox 146 971 376 1006; x_wconf 78' lang='grc' dir='ltr'><strong>καταριθμοῦντα,</strong></span> <span class='ocrx_word' id='word_1_150' title='bbox 398 972 486 999; x_wconf 74' lang='grc' dir='ltr'><strong>ἰκανὸν</strong></span> <span class='ocrx_word' id='word_1_151' title='bbox 501 973 564 1000; x_wconf 75' lang='grc' dir='ltr'><strong>ὖντα</strong></span> <span class='ocrx_word' id='word_1_152' title='bbox 580 974 705 1009; x_wconf 63' lang='grc' dir='ltr'><strong>ὲντρέιίαι</strong></span> <span class='ocrx_word' id='word_1_153' title='bbox 720 975 781 1006; x_wconf 70' lang='grc' dir='ltr'><strong>τοὺς</strong></span> <span class='ocrx_word' id='word_1_154' title='bbox 795 974 931 1010; x_wconf 76' lang='grc' dir='ltr'><strong>εὐγνώμο-</strong></span> 
     </span>
    </p>
   </div>
   <div class='ocr_carea' id='block_1_22' title="bbox 146 1017 931 1056">
    <p class='ocr_par' dir='ltr' id='par_1_22' title="bbox 146 1017 931 1056">
     <span class='ocr_line' id='line_1_22' title="bbox 146 1017 931 1056; baseline 0.006 -14"><span class='ocrx_word' id='word_1_155' title='bbox 146 1025 206 1048; x_wconf 80' lang='grc' dir='ltr'><strong>νας,</strong></span> <span class='ocrx_word' id='word_1_156' title='bbox 221 1017 258 1049; x_wconf 85' lang='grc' dir='ltr'><strong>ὡς</strong></span> <span class='ocrx_word' id='word_1_157' title='bbox 275 1017 324 1044; x_wconf 76' lang='grc' dir='ltr'><strong>οὐκ</strong></span> <span class='ocrx_word' id='word_1_158' title='bbox 337 1017 368 1044; x_wconf 84' lang='grc' dir='ltr'><strong>ἂν</strong></span> <span class='ocrx_word' id='word_1_159' title='bbox 385 1018 437 1045; x_wconf 82' lang='grc' dir='ltr'><strong>τῶν</strong></span> <span class='ocrx_word' id='word_1_160' title='bbox 453 1019 577 1054; x_wconf 81' lang='grc' dir='ltr'><strong>ὲμφερῶν</strong></span> <span class='ocrx_word' id='word_1_161' title='bbox 587 1019 625 1055; x_wconf 83' lang='grc' dir='ltr'><strong>τῷ</strong></span> <span class='ocrx_word' id='word_1_162' title='bbox 636 1020 702 1055; x_wconf 86' lang='grc' dir='ltr'><strong>θείῳ</strong></span> <span class='ocrx_word' id='word_1_163' title='bbox 715 1021 842 1055; x_wconf 77' lang='grc' dir='ltr'><strong>μετέσχεν</strong></span> <span class='ocrx_word' id='word_1_164' title='bbox 858 1022 931 1056; x_wconf 78' lang='grc' dir='ltr'><strong>ἐνερ-</strong></span> 
     </span>
    </p>
   </div>
   <div class='ocr_carea' id='block_1_23' title="bbox 145 1062 931 1101">
    <p class='ocr_par' dir='ltr' id='par_1_23' title="bbox 145 1062 931 1101">
     <span class='ocr_line' id='line_1_23' title="bbox 145 1062 931 1101; baseline 0.004 -13"><span class='ocrx_word' id='word_1_165' title='bbox 145 1062 241 1096; x_wconf 84' lang='grc' dir='ltr'><strong>γειῶν,</strong></span> <span class='ocrx_word' id='word_1_166' title='bbox 258 1064 346 1098; x_wconf 77' lang='grc' dir='ltr'><strong>μήτοι</strong></span> <span class='ocrx_word' id='word_1_167' title='bbox 360 1063 418 1089; x_wconf 87' lang='grc' dir='ltr'><strong>θεία</strong></span> <span class='ocrx_word' id='word_1_168' title='bbox 430 1072 462 1097; x_wconf 82' lang='grc' dir='ltr'><strong>γε</strong></span> <span class='ocrx_word' id='word_1_169' title='bbox 479 1062 545 1091; x_wconf 75' lang='grc' dir='ltr'><strong>οὖσα</strong></span> <span class='ocrx_word' id='word_1_170' title='bbox 559 1065 604 1091; x_wconf 74' lang='grc' dir='ltr'>καὶ</span> <span class='ocrx_word' id='word_1_171' title='bbox 616 1064 699 1100; x_wconf 73' lang='grc' dir='ltr'><strong>αὐτῆς</strong></span> <span class='ocrx_word' id='word_1_172' title='bbox 718 1066 747 1091; x_wconf 86' lang='grc' dir='ltr'>Εἰ</span> <span class='ocrx_word' id='word_1_173' title='bbox 762 1065 816 1101; x_wconf 88' lang='grc' dir='ltr'><strong>γὰρ</strong></span> <span class='ocrx_word' id='word_1_174' title='bbox 832 1066 931 1101; x_wconf 80' lang='grc' dir='ltr'><strong>καίπερ</strong></span> 
     </span>
    </p>
   </div>
   <div class='ocr_carea' id='block_1_24' title="bbox 146 1107 932 1146">
    <p class='ocr_par' dir='ltr' id='par_1_24' title="bbox 146 1107 932 1146">
     <span class='ocr_line' id='line_1_24' title="bbox 146 1107 932 1146; baseline 0.005 -12"><span class='ocrx_word' id='word_1_175' title='bbox 146 1109 178 1134; x_wconf 82' lang='grc' dir='ltr'><strong>ὲν</strong></span> <span class='ocrx_word' id='word_1_176' title='bbox 197 1107 236 1143; x_wconf 82' lang='grc' dir='ltr'><strong>τῷ</strong></span> <span class='ocrx_word' id='word_1_177' title='bbox 254 1108 343 1143; x_wconf 83' lang='grc' dir='ltr'><strong>θνητῷ</strong></span> <span class='ocrx_word' id='word_1_178' title='bbox 359 1110 406 1135; x_wconf 73' lang='grc' dir='ltr'><strong>καὶ</strong></span> <span class='ocrx_word' id='word_1_179' title='bbox 425 1109 506 1145; x_wconf 85' lang='grc' dir='ltr'><strong>λυτῷ,</strong></span> <span class='ocrx_word' id='word_1_180' title='bbox 523 1110 570 1137; x_wconf 75' lang='grc' dir='ltr'><strong>καὶ</strong></span> <span class='ocrx_word' id='word_1_181' title='bbox 586 1111 700 1146; x_wconf 82' lang='grc' dir='ltr'><strong>ἀνοήτῳ,</strong></span> <span class='ocrx_word' id='word_1_182' title='bbox 716 1112 762 1138; x_wconf 76' lang='grc' dir='ltr'><strong>καὶ</strong></span> <span class='ocrx_word' id='word_1_183' title='bbox 779 1111 839 1137; x_wconf 85' lang='grc' dir='ltr'><strong>καθ’</strong></span> <span class='ocrx_word' id='word_1_184' title='bbox 852 1111 932 1138; x_wconf 77' lang='grc' dir='ltr'><strong>ἑαυτὸ</strong></span> 
     </span>
    </p>
   </div>
   <div class='ocr_carea' id='block_1_25' title="bbox 150 1154 932 1193">
    <p class='ocr_par' dir='ltr' id='par_1_25' title="bbox 150 1154 932 1193">
     <span class='ocr_line' id='line_1_25' title="bbox 150 1154 932 1193; baseline 0.004 -12"><span class='ocrx_word' id='word_1_185' title='bbox 150 1154 248 1190; x_wconf 61' lang='grc' dir='ltr'><strong>νεκρῷ,</strong></span> <span class='ocrx_word' id='word_1_186' title='bbox 267 1155 313 1181; x_wconf 81' lang='grc' dir='ltr'><strong>καὶ</strong></span> <span class='ocrx_word' id='word_1_187' title='bbox 329 1155 373 1182; x_wconf 81' lang='grc' dir='ltr'><strong>ἀεὶ</strong></span> <span class='ocrx_word' id='word_1_188' title='bbox 387 1156 574 1192; x_wconf 79' lang='grc' dir='ltr'><strong>ἀπολλυμένῳ,</strong></span> <span class='ocrx_word' id='word_1_189' title='bbox 595 1158 641 1183; x_wconf 82' lang='grc' dir='ltr'><strong>καὶ</strong></span> <span class='ocrx_word' id='word_1_190' title='bbox 660 1157 811 1192; x_wconf 79' lang='grc' dir='ltr'><strong>διαρῤἐοντι</strong></span> <span class='ocrx_word' id='word_1_191' title='bbox 831 1159 870 1189; x_wconf 85' lang='grc' dir='ltr'><strong>είς</strong></span> <span class='ocrx_word' id='word_1_192' title='bbox 884 1158 932 1193; x_wconf 83' lang='grc' dir='ltr'><strong>τὴν</strong></span> 
     </span>
    </p>
   </div>
   <div class='ocr_carea' id='block_1_26' title="bbox 145 1201 932 1238">
    <p class='ocr_par' dir='ltr' id='par_1_26' title="bbox 145 1201 932 1238">
     <span class='ocr_line' id='line_1_26' title="bbox 145 1201 932 1238; baseline 0.005 -12"><span class='ocrx_word' id='word_1_193' title='bbox 145 1201 199 1235; x_wconf 80' lang='grc' dir='ltr'><strong>τῆς</strong></span> <span class='ocrx_word' id='word_1_194' title='bbox 218 1201 354 1232; x_wconf 82' lang='grc' dir='ltr'>ἀπωλείας</span> <span class='ocrx_word' id='word_1_195' title='bbox 375 1202 534 1237; x_wconf 78' lang='grc' dir='ltr'><strong>μεταϐολὴν,</strong></span> <span class='ocrx_word' id='word_1_196' title='bbox 549 1203 795 1238; x_wconf 80' lang='grc' dir='ltr'><strong>κατορωρυγμένη,</strong></span> <span class='ocrx_word' id='word_1_197' title='bbox 816 1204 881 1230; x_wconf 72' lang='grc' dir='ltr'><strong>αὑτό</strong></span> <span class='ocrx_word' id='word_1_198' title='bbox 902 1213 932 1230; x_wconf 85' lang='grc' dir='ltr'><strong>τε</strong></span> 
     </span>
    </p>
   </div>
   <div class='ocr_carea' id='block_1_27' title="bbox 147 1246 933 1283">
    <p class='ocr_par' dir='ltr' id='par_1_27' title="bbox 147 1246 933 1283">
     <span class='ocr_line' id='line_1_27' title="bbox 147 1246 933 1283; baseline 0.003 -11"><span class='ocrx_word' id='word_1_199' title='bbox 147 1247 223 1272; x_wconf 86' lang='grc' dir='ltr'><strong>ποιεί</strong></span> <span class='ocrx_word' id='word_1_200' title='bbox 237 1246 282 1273; x_wconf 80' lang='grc' dir='ltr'><strong>καὶ</strong></span> <span class='ocrx_word' id='word_1_201' title='bbox 296 1246 413 1281; x_wconf 81' lang='grc' dir='ltr'><strong>συνέχει,</strong></span> <span class='ocrx_word' id='word_1_202' title='bbox 427 1248 473 1274; x_wconf 79' lang='grc' dir='ltr'><strong>καὶ</strong></span> <span class='ocrx_word' id='word_1_203' title='bbox 484 1247 533 1283; x_wconf 85' lang='grc' dir='ltr'><strong>τὴν</strong></span> <span class='ocrx_word' id='word_1_204' title='bbox 547 1248 645 1283; x_wconf 80' lang='grc' dir='ltr'><strong>ἑαυτῆς</strong></span> <span class='ocrx_word' id='word_1_205' title='bbox 659 1248 733 1274; x_wconf 79' lang='grc' dir='ltr'><strong>θείαν</strong></span> <span class='ocrx_word' id='word_1_206' title='bbox 747 1249 933 1275; x_wconf 76' lang='grc' dir='ltr'><strong>ἀναδείκνυσιν</strong></span> 
     </span>
    </p>
   </div>
   <div class='ocr_carea' id='block_1_28' title="bbox 147 1292 933 1330">
    <p class='ocr_par' dir='ltr' id='par_1_28' title="bbox 147 1292 933 1330">
     <span class='ocr_line' id='line_1_28' title="bbox 147 1292 933 1330; baseline 0.003 -12"><span class='ocrx_word' id='word_1_207' title='bbox 147 1292 258 1323; x_wconf 83' lang='grc' dir='ltr'><strong>οὐσίαν,</strong></span> <span class='ocrx_word' id='word_1_208' title='bbox 283 1293 382 1328; x_wconf 79' lang='grc' dir='ltr'><strong>καίπερ</strong></span> <span class='ocrx_word' id='word_1_209' title='bbox 405 1294 640 1329; x_wconf 79' lang='grc' dir='ltr'><strong>ὲπιπροσθουμένη</strong></span> <span class='ocrx_word' id='word_1_210' title='bbox 666 1295 712 1320; x_wconf 79' lang='grc' dir='ltr'>καὶ</span> <span class='ocrx_word' id='word_1_211' title='bbox 734 1294 933 1330; x_wconf 78' lang='grc' dir='ltr'><strong>ὲμποδιζομένη</strong></span> 
     </span>
    </p>
   </div>
   <div class='ocr_carea' id='block_1_29' title="bbox 148 1337 931 1376">
    <p class='ocr_par' dir='ltr' id='par_1_29' title="bbox 148 1337 931 1376">
     <span class='ocr_line' id='line_1_29' title="bbox 148 1337 931 1376; baseline 0.003 -12"><span class='ocrx_word' id='word_1_212' title='bbox 148 1338 205 1365; x_wconf 75' lang='grc' dir='ltr'><strong>ὑπὸ</strong></span> <span class='ocrx_word' id='word_1_213' title='bbox 219 1337 265 1364; x_wconf 81' lang='grc' dir='ltr'><strong>τοῦ</strong></span> <span class='ocrx_word' id='word_1_214' title='bbox 280 1339 458 1374; x_wconf 77' lang='grc' dir='ltr'><strong>προκειμένου</strong></span> <span class='ocrx_word' id='word_1_215' title='bbox 474 1340 542 1375; x_wconf 82' lang='grc' dir='ltr'><strong>αὐτῇ</strong></span> <span class='ocrx_word' id='word_1_216' title='bbox 567 1340 740 1376; x_wconf 76' lang='grc' dir='ltr'><strong>πανωλέθρου</strong></span> <span class='ocrx_word' id='word_1_217' title='bbox 766 1340 931 1375; x_wconf 81' lang='grc' dir='ltr'><strong>πλάσματος·</strong></span> 
     </span>
    </p>
   </div>
   <div class='ocr_carea' id='block_1_30' title="bbox 149 1383 931 1422">
    <p class='ocr_par' dir='ltr' id='par_1_30' title="bbox 149 1383 931 1422">
     <span class='ocr_line' id='line_1_30' title="bbox 149 1383 931 1422; baseline 0.003 -12"><span class='ocrx_word' id='word_1_218' title='bbox 149 1383 212 1416; x_wconf 78' lang='grc' dir='ltr'><strong>πῶς</strong></span> <span class='ocrx_word' id='word_1_219' title='bbox 227 1384 251 1410; x_wconf 81' lang='grc' dir='ltr'><strong>ει</strong></span> <span class='ocrx_word' id='word_1_220' title='bbox 265 1383 304 1419; x_wconf 83' lang='grc' dir='ltr'><strong>τῷ</strong></span> <span class='ocrx_word' id='word_1_221' title='bbox 320 1384 391 1419; x_wconf 86' lang='grc' dir='ltr'><strong>λόγῳ</strong></span> <span class='ocrx_word' id='word_1_222' title='bbox 408 1385 564 1421; x_wconf 81' lang='grc' dir='ltr'><strong>χωρισθείη,</strong></span> <span class='ocrx_word' id='word_1_223' title='bbox 582 1385 676 1421; x_wconf 80' lang='grc' dir='ltr'><strong>ὥσπερ</strong></span> <span class='ocrx_word' id='word_1_224' title='bbox 693 1386 802 1421; x_wconf 79' lang='grc' dir='ltr'><strong>χρυσίον</strong></span> <span class='ocrx_word' id='word_1_225' title='bbox 820 1395 931 1422; x_wconf 80' lang='grc' dir='ltr'><strong>περιπε-</strong></span> 
     </span>
    </p>
   </div>
   <div class='ocr_carea' id='block_1_31' title="bbox 149 1429 935 1467">
    <p class='ocr_par' dir='ltr' id='par_1_31' title="bbox 149 1429 935 1467">
     <span class='ocr_line' id='line_1_31' title="bbox 149 1429 935 1467; baseline 0.003 -11"><span class='ocrx_word' id='word_1_226' title='bbox 149 1429 306 1464; x_wconf 80' lang='grc' dir='ltr'><strong>πλασμένου</strong></span> <span class='ocrx_word' id='word_1_227' title='bbox 329 1430 426 1465; x_wconf 82' lang='grc' dir='ltr'><strong>πηλοῦ,</strong></span> <span class='ocrx_word' id='word_1_228' title='bbox 445 1431 495 1457; x_wconf 84' lang='grc' dir='ltr'><strong>οὐκ</strong></span> <span class='ocrx_word' id='word_1_229' title='bbox 517 1431 627 1457; x_wconf 72' lang='grc' dir='ltr'><strong>αὐτόθεν</strong></span> <span class='ocrx_word' id='word_1_230' title='bbox 649 1431 682 1457; x_wconf 86' lang='grc' dir='ltr'><strong>ἂν</strong></span> <span class='ocrx_word' id='word_1_231' title='bbox 698 1431 727 1457; x_wconf 72' lang='grc' dir='ltr'><strong>τὸ</strong></span> <span class='ocrx_word' id='word_1_232' title='bbox 750 1432 847 1467; x_wconf 71' lang='grc' dir='ltr'><strong>ἑαυτῆς</strong></span> <span class='ocrx_word' id='word_1_233' title='bbox 868 1429 935 1463; x_wconf 77' lang='grc' dir='ltr'><strong>εἶδος</strong></span> 
     </span>
    </p>
   </div>
   <div class='ocr_carea' id='block_1_32' title="bbox 150 1475 935 1512">
    <p class='ocr_par' dir='ltr' id='par_1_32' title="bbox 150 1475 935 1512">
     <span class='ocr_line' id='line_1_32' title="bbox 150 1475 935 1512; baseline 0.004 -11"><span class='ocrx_word' id='word_1_234' title='bbox 150 1475 305 1512; x_wconf 70' lang='grc' dir='ltr'><strong>ἔκφήνειεν,</strong></span> <span class='ocrx_word' id='word_1_235' title='bbox 323 1476 360 1508; x_wconf 83' lang='grc' dir='ltr'><strong>ὡς</strong></span> <span class='ocrx_word' id='word_1_236' title='bbox 375 1477 492 1512; x_wconf 77' lang='grc' dir='ltr'><strong>ἐμφερὲς</strong></span> <span class='ocrx_word' id='word_1_237' title='bbox 511 1477 540 1503; x_wconf 82' lang='grc' dir='ltr'><strong>ὃν</strong></span> <span class='ocrx_word' id='word_1_238' title='bbox 565 1478 643 1512; x_wconf 84' lang='grc' dir='ltr'><strong>μόνον</strong></span> <span class='ocrx_word' id='word_1_239' title='bbox 663 1477 701 1512; x_wconf 81' lang='grc' dir='ltr'><strong>τῷ</strong></span> <span class='ocrx_word' id='word_1_240' title='bbox 717 1477 786 1512; x_wconf 84' lang='grc' dir='ltr'><strong>Θεῷ,</strong></span> <span class='ocrx_word' id='word_1_241' title='bbox 805 1477 872 1504; x_wconf 76' lang='grc' dir='ltr'><strong>ἀλλὰ</strong></span> <span class='ocrx_word' id='word_1_242' title='bbox 888 1478 935 1506; x_wconf 66' lang='grc' dir='ltr'><strong>καὶ</strong></span> 
     </span>
    </p>
   </div>
   <div class='ocr_carea' id='block_1_33' title="bbox 150 1519 934 1556">
    <p class='ocr_par' dir='ltr' id='par_1_33' title="bbox 150 1519 934 1556">
     <span class='ocr_line' id='line_1_33' title="bbox 150 1519 934 1556; baseline 0 -10"><span class='ocrx_word' id='word_1_243' title='bbox 150 1520 198 1547; x_wconf 76' lang='grc' dir='ltr'><strong>διὰ</strong></span> <span class='ocrx_word' id='word_1_244' title='bbox 214 1520 245 1546; x_wconf 82' lang='grc' dir='ltr'><strong>τὸ</strong></span> <span class='ocrx_word' id='word_1_245' title='bbox 262 1520 372 1555; x_wconf 75' lang='grc' dir='ltr'><strong>μέτοχον</strong></span> <span class='ocrx_word' id='word_1_246' title='bbox 398 1521 480 1547; x_wconf 78' lang='grc' dir='ltr'><strong>αὑτοῦ</strong></span> <span class='ocrx_word' id='word_1_247' title='bbox 501 1519 580 1553; x_wconf 84' lang='grc' dir='ltr'><strong>εἶναι,</strong></span> <span class='ocrx_word' id='word_1_248' title='bbox 601 1521 647 1547; x_wconf 73' lang='grc' dir='ltr'><strong>καὶ</strong></span> <span class='ocrx_word' id='word_1_249' title='bbox 665 1521 713 1552; x_wconf 76' lang='grc' dir='ltr'><strong>τὰς</strong></span> <span class='ocrx_word' id='word_1_250' title='bbox 731 1522 759 1546; x_wconf 80' lang='grc' dir='ltr'><strong>ὲν</strong></span> <span class='ocrx_word' id='word_1_251' title='bbox 779 1522 838 1552; x_wconf 81' lang='grc' dir='ltr'><strong>ταῖς</strong></span> <span class='ocrx_word' id='word_1_252' title='bbox 858 1521 934 1556; x_wconf 77' lang='grc' dir='ltr'><strong>ἐνερ-</strong></span> 
     </span>
    </p>
   </div>
   <div class='ocr_carea' id='block_1_34' title="bbox 151 1565 936 1602">
    <p class='ocr_par' dir='ltr' id='par_1_34' title="bbox 151 1565 936 1602">
     <span class='ocr_line' id='line_1_34' title="bbox 151 1565 936 1602; baseline 0.001 -11"><span class='ocrx_word' id='word_1_253' title='bbox 151 1565 240 1598; x_wconf 81' lang='grc' dir='ltr'><strong>γείαις</strong></span> <span class='ocrx_word' id='word_1_254' title='bbox 253 1566 412 1601; x_wconf 81' lang='grc' dir='ltr'><strong>ὁμοιότητας</strong></span> <span class='ocrx_word' id='word_1_255' title='bbox 426 1566 565 1598; x_wconf 77' lang='grc' dir='ltr'><strong>διασῷζον,</strong></span> <span class='ocrx_word' id='word_1_256' title='bbox 581 1567 627 1593; x_wconf 77' lang='grc' dir='ltr'><strong>καὶ</strong></span> <span class='ocrx_word' id='word_1_257' title='bbox 647 1568 675 1592; x_wconf 79' lang='grc' dir='ltr'><strong>ὲν</strong></span> <span class='ocrx_word' id='word_1_258' title='bbox 691 1566 728 1601; x_wconf 88' lang='grc' dir='ltr'><strong>τῷ</strong></span> <span class='ocrx_word' id='word_1_259' title='bbox 747 1566 836 1602; x_wconf 82' lang='grc' dir='ltr'><strong>θνητῷ</strong></span> <span class='ocrx_word' id='word_1_260' title='bbox 853 1567 936 1602; x_wconf 76' lang='grc' dir='ltr'><strong>αὐτῆς</strong></span> 
     </span>
    </p>
   </div>
   <div class='ocr_carea' id='block_1_35' title="bbox 151 1610 936 1649">
    <p class='ocr_par' dir='ltr' id='par_1_35' title="bbox 151 1610 936 1649">
     <span class='ocr_line' id='line_1_35' title="bbox 151 1610 936 1649; baseline 0.005 -13"><span class='ocrx_word' id='word_1_261' title='bbox 151 1610 258 1646; x_wconf 71' lang='grc' dir='ltr'><strong>(ὥσπερ</strong></span> <span class='ocrx_word' id='word_1_262' title='bbox 271 1611 344 1638; x_wconf 78' lang='grc' dir='ltr'><strong>ἐστὶν</strong></span> <span class='ocrx_word' id='word_1_263' title='bbox 354 1612 416 1639; x_wconf 82' lang='grc' dir='ltr'><strong>ὅταν</strong></span> <span class='ocrx_word' id='word_1_264' title='bbox 428 1615 456 1638; x_wconf 73' lang='grc' dir='ltr'><strong>ἐν</strong></span> <span class='ocrx_word' id='word_1_265' title='bbox 466 1612 505 1647; x_wconf 86' lang='grc' dir='ltr'><strong>τῷ</strong></span> <span class='ocrx_word' id='word_1_266' title='bbox 519 1612 607 1648; x_wconf 82' lang='grc' dir='ltr'><strong>θνητῷ</strong></span> <span class='ocrx_word' id='word_1_267' title='bbox 623 1613 792 1649; x_wconf 82' lang='grc' dir='ltr'><strong>καθειρχθῇ),</strong></span> <span class='ocrx_word' id='word_1_268' title='bbox 806 1614 849 1640; x_wconf 77' lang='grc' dir='ltr'><strong>διὰ</strong></span> <span class='ocrx_word' id='word_1_269' title='bbox 859 1614 936 1640; x_wconf 77' lang='grc' dir='ltr'><strong>τοῦτο</strong></span> 
     </span>
    </p>
   </div>
   <div class='ocr_carea' id='block_1_36' title="bbox 155 1655 934 1695">
    <p class='ocr_par' dir='ltr' id='par_1_36' title="bbox 155 1655 934 1695">
     <span class='ocr_line' id='line_1_36' title="bbox 155 1655 934 1695; baseline 0.005 -13"><span class='ocrx_word' id='word_1_270' title='bbox 155 1656 194 1692; x_wconf 78' lang='grc' dir='ltr'><strong>μὴ</strong></span> <span class='ocrx_word' id='word_1_271' title='bbox 201 1655 383 1692; x_wconf 82' lang='grc' dir='ltr'><strong>διαλυόμενον,</strong></span> <span class='ocrx_word' id='word_1_272' title='bbox 397 1658 437 1684; x_wconf 76' lang='grc' dir='ltr'><strong>ὅτι</strong></span> <span class='ocrx_word' id='word_1_273' title='bbox 449 1659 554 1692; x_wconf 78' lang='grc' dir='ltr'><strong>φύσεως</strong></span> <span class='ocrx_word' id='word_1_274' title='bbox 564 1657 597 1694; x_wconf 79' lang='grc' dir='ltr'><strong>ἦν</strong></span> <span class='ocrx_word' id='word_1_275' title='bbox 607 1659 657 1694; x_wconf 73' lang='grc' dir='ltr'><strong>τῆς</strong></span> <span class='ocrx_word' id='word_1_276' title='bbox 668 1660 779 1695; x_wconf 85' lang='grc' dir='ltr'><strong>ἀμοίρου</strong></span> <span class='ocrx_word' id='word_1_277' title='bbox 794 1660 910 1695; x_wconf 53' lang='grc' dir='ltr'><strong>φθορᾶς</strong></span> <span class='ocrx_word' id='word_1_278' title='bbox 926 1669 934 1685; x_wconf 76' lang='grc' dir='ltr'><strong>ι</strong></span> 
     </span>
    </p>
   </div>
   <div class='ocr_carea' id='block_1_37' title="bbox 153 1703 939 1740">
    <p class='ocr_par' dir='ltr' id='par_1_37' title="bbox 153 1703 939 1740">
     <span class='ocr_line' id='line_1_37' title="bbox 153 1703 939 1740; baseline 0.003 -11"><span class='ocrx_word' id='word_1_279' title='bbox 153 1703 212 1729; x_wconf 76' lang='grc' dir='ltr'><strong>Καὶ</strong></span> <span class='ocrx_word' id='word_1_280' title='bbox 227 1703 400 1735; x_wconf 67' lang='grc' dir='ltr'><strong>ὑποκαταϐὰς</strong></span> <span class='ocrx_word' id='word_1_281' title='bbox 416 1713 507 1739; x_wconf 83' lang='grc' dir='ltr'><strong>φησιν’</strong></span> <span class='ocrx_word' id='word_1_282' title='bbox 523 1715 532 1730; x_wconf 86' lang='grc'><strong>‹</strong></span> <span class='ocrx_word' id='word_1_283' title='bbox 550 1705 668 1737; x_wconf 78' lang='grc' dir='ltr'><strong>Εἰκότως</strong></span> <span class='ocrx_word' id='word_1_284' title='bbox 681 1705 708 1732; x_wconf 85' lang='grc' dir='ltr'><strong>δὲ</strong></span> <span class='ocrx_word' id='word_1_285' title='bbox 721 1706 767 1732; x_wconf 82' lang='grc' dir='ltr'><strong>καὶ</strong></span> <span class='ocrx_word' id='word_1_286' title='bbox 779 1705 838 1732; x_wconf 85' lang='grc' dir='ltr'><strong>θεία</strong></span> <span class='ocrx_word' id='word_1_287' title='bbox 848 1706 939 1740; x_wconf 78' lang='grc' dir='ltr'><strong>φαίνε-</strong></span> 
     </span>
    </p>
   </div>
   <div class='ocr_carea' id='block_1_38' title="bbox 152 1750 939 1787">
    <p class='ocr_par' dir='ltr' id='par_1_38' title="bbox 152 1750 939 1787">
     <span class='ocr_line' id='line_1_38' title="bbox 152 1750 939 1787; baseline 0 -11"><span class='ocrx_word' id='word_1_288' title='bbox 152 1758 200 1776; x_wconf 82' lang='grc' dir='ltr'><strong>ται</strong></span> <span class='ocrx_word' id='word_1_289' title='bbox 216 1750 269 1777; x_wconf 69' lang='grc' dir='ltr'><strong>ἀπὸ</strong></span> <span class='ocrx_word' id='word_1_290' title='bbox 281 1752 330 1786; x_wconf 78' lang='grc' dir='ltr'><strong>τῆς</strong></span> <span class='ocrx_word' id='word_1_291' title='bbox 343 1751 410 1786; x_wconf 82' lang='grc' dir='ltr'><strong>πρὸς</strong></span> <span class='ocrx_word' id='word_1_292' title='bbox 421 1751 466 1777; x_wconf 80' lang='grc' dir='ltr'><strong>τὸν</strong></span> <span class='ocrx_word' id='word_1_293' title='bbox 483 1751 628 1787; x_wconf 83' lang='grc' dir='ltr'><strong>ἀμέριστον</strong></span> <span class='ocrx_word' id='word_1_294' title='bbox 641 1751 803 1786; x_wconf 81' lang='grc' dir='ltr'><strong>ὁμοιώσεως·</strong></span> <span class='ocrx_word' id='word_1_295' title='bbox 822 1752 869 1778; x_wconf 71' lang='grc' dir='ltr'><strong>καὶ</strong></span> <span class='ocrx_word' id='word_1_296' title='bbox 880 1751 939 1787; x_wconf 81' lang='grc' dir='ltr'><strong>θνη-</strong></span> 
     </span>
    </p>
   </div>
   <div class='ocr_carea' id='block_1_39' title="bbox 152 1792 937 1833">
    <p class='ocr_par' dir='ltr' id='par_1_39' title="bbox 152 1792 937 1833">
     <span class='ocr_line' id='line_1_39' title="bbox 152 1792 937 1833; baseline -0.01 -3"><span class='ocrx_word' id='word_1_297' title='bbox 152 1795 189 1830; x_wconf 74' lang='grc' dir='ltr'><strong>τὴ</strong></span> <span class='ocrx_word' id='word_1_298' title='bbox 205 1796 252 1829; x_wconf 74' lang='grc' dir='ltr'><strong>ἀφ’</strong></span> <span class='ocrx_word' id='word_1_299' title='bbox 263 1792 300 1823; x_wconf 78' lang='grc' dir='ltr'><strong>ὧν</strong></span> <span class='ocrx_word' id='word_1_300' title='bbox 314 1795 496 1831; x_wconf 78' lang='grc' dir='ltr'><strong>προσπελάζει</strong></span> <span class='ocrx_word' id='word_1_301' title='bbox 509 1799 542 1833; x_wconf 83' lang='grc' dir='ltr'><strong>τῇ</strong></span> <span class='ocrx_word' id='word_1_302' title='bbox 559 1797 641 1832; x_wconf 80' lang='grc' dir='ltr'><strong>θνητῇ</strong></span> <span class='ocrx_word' id='word_1_303' title='bbox 657 1798 746 1831; x_wconf 59' lang='grc' dir='ltr'><strong>φύσει,</strong></span> <span class='ocrx_word' id='word_1_304' title='bbox 760 1798 806 1823; x_wconf 77' lang='grc' dir='ltr'><strong>καὶ</strong></span> <span class='ocrx_word' id='word_1_305' title='bbox 821 1797 937 1829; x_wconf 82' lang='grc' dir='ltr'><strong>κάτεισι,</strong></span> 
     </span>
    </p>
   </div>
   <div class='ocr_carea' id='block_1_40' title="bbox 153 1842 939 1878">
    <p class='ocr_par' dir='ltr' id='par_1_40' title="bbox 153 1842 939 1878">
     <span class='ocr_line' id='line_1_40' title="bbox 153 1842 939 1878; baseline 0.003 -11"><span class='ocrx_word' id='word_1_306' title='bbox 153 1842 203 1868; x_wconf 73' lang='grc' dir='ltr'><strong>καὶ</strong></span> <span class='ocrx_word' id='word_1_307' title='bbox 220 1842 316 1873; x_wconf 77' lang='grc' dir='ltr'><strong>ἄνεισι,</strong></span> <span class='ocrx_word' id='word_1_308' title='bbox 333 1842 379 1868; x_wconf 78' lang='grc' dir='ltr'><strong>καὶ</strong></span> <span class='ocrx_word' id='word_1_309' title='bbox 393 1842 546 1878; x_wconf 79' lang='grc' dir='ltr'><strong>θνητοειδής</strong></span> <span class='ocrx_word' id='word_1_310' title='bbox 564 1844 631 1875; x_wconf 77' lang='grc' dir='ltr'><strong>ἐστι,</strong></span> <span class='ocrx_word' id='word_1_311' title='bbox 657 1845 703 1870; x_wconf 71' lang='grc' dir='ltr'><strong>καὶ</strong></span> <span class='ocrx_word' id='word_1_312' title='bbox 726 1845 781 1875; x_wconf 87' lang='grc' dir='ltr'><strong>τοῖς</strong></span> <span class='ocrx_word' id='word_1_313' title='bbox 797 1844 939 1874; x_wconf 82' lang='grc' dir='ltr'><strong>ἀθανάτοις</strong></span> 
     </span>
    </p>
   </div>
   <div class='ocr_carea' id='block_1_41' title="bbox 153 1888 939 1926">
    <p class='ocr_par' dir='ltr' id='par_1_41' title="bbox 153 1888 939 1926">
     <span class='ocr_line' id='line_1_41' title="bbox 153 1888 939 1926; baseline 0.003 -13"><span class='ocrx_word' id='word_1_314' title='bbox 153 1888 289 1923; x_wconf 70' lang='grc' dir='ltr'><strong>ἐμφερής.</strong></span> <span class='ocrx_word' id='word_1_315' title='bbox 308 1889 466 1924; x_wconf 80' lang='grc' dir='ltr'><strong>Ἀνθρωπος</strong></span> <span class='ocrx_word' id='word_1_316' title='bbox 485 1890 538 1926; x_wconf 78' lang='grc' dir='ltr'><strong>γὰρ</strong></span> <span class='ocrx_word' id='word_1_317' title='bbox 560 1890 606 1916; x_wconf 75' lang='grc' dir='ltr'><strong>καὶ</strong></span> <span class='ocrx_word' id='word_1_318' title='bbox 628 1891 641 1916; x_wconf 84' lang='grc' dir='ltr'>ὁ</span> <span class='ocrx_word' id='word_1_319' title='bbox 661 1889 813 1924; x_wconf 80' lang='grc' dir='ltr'><strong>γαστρίζων</strong></span> <span class='ocrx_word' id='word_1_320' title='bbox 833 1890 939 1921; x_wconf 80' lang='grc' dir='ltr'><strong>ἑαυτὸν,</strong></span> 
     </span>
    </p>
   </div>
   <div class='ocr_carea' id='block_1_42' title="bbox 154 1934 941 1972">
    <p class='ocr_par' dir='ltr' id='par_1_42' title="bbox 154 1934 941 1972">
     <span class='ocr_line' id='line_1_42' title="bbox 154 1934 941 1972; baseline 0.003 -12"><span class='ocrx_word' id='word_1_321' title='bbox 154 1934 204 1960; x_wconf 71' lang='grc' dir='ltr'><strong>καὶ</strong></span> <span class='ocrx_word' id='word_1_322' title='bbox 218 1934 377 1969; x_wconf 77' lang='grc' dir='ltr'><strong>κεκορέσθαι</strong></span> <span class='ocrx_word' id='word_1_323' title='bbox 397 1935 564 1967; x_wconf 78' lang='grc' dir='ltr'><strong>σπουδάζων,</strong></span> <span class='ocrx_word' id='word_1_324' title='bbox 580 1937 616 1967; x_wconf 82' lang='grc' dir='ltr'><strong>ὡς</strong></span> <span class='ocrx_word' id='word_1_325' title='bbox 637 1936 670 1962; x_wconf 75' lang='grc' dir='ltr'><strong>τὰ</strong></span> <span class='ocrx_word' id='word_1_326' title='bbox 686 1937 781 1971; x_wconf 81' lang='grc' dir='ltr'><strong>κτήνη·</strong></span> <span class='ocrx_word' id='word_1_327' title='bbox 801 1936 941 1972; x_wconf 82' lang='grc' dir='ltr'><strong>ἄνθρωπος</strong></span> 
     </span>
    </p>
   </div>
   <div class='ocr_carea' id='block_1_43' title="bbox 154 1980 942 2017">
    <p class='ocr_par' dir='ltr' id='par_1_43' title="bbox 154 1980 942 2017">
     <span class='ocr_line' id='line_1_43' title="bbox 154 1980 942 2017; baseline 0.003 -11"><span class='ocrx_word' id='word_1_328' title='bbox 154 1980 185 2006; x_wconf 80' lang='grc' dir='ltr'><strong>δὲ</strong></span> <span class='ocrx_word' id='word_1_329' title='bbox 200 1981 247 2007; x_wconf 73' lang='grc' dir='ltr'><strong>καὶ</strong></span> <span class='ocrx_word' id='word_1_330' title='bbox 262 1982 277 2006; x_wconf 84' lang='grc' dir='ltr'>ὁ</span> <span class='ocrx_word' id='word_1_331' title='bbox 297 1980 392 2013; x_wconf 76' lang='grc' dir='ltr'><strong>σώζειν</strong></span> <span class='ocrx_word' id='word_1_332' title='bbox 412 1983 441 2008; x_wconf 86' lang='grc' dir='ltr'><strong>ὲν</strong></span> <span class='ocrx_word' id='word_1_333' title='bbox 458 1983 568 2016; x_wconf 84' lang='grc' dir='ltr'><strong>πελάγει</strong></span> <span class='ocrx_word' id='word_1_334' title='bbox 588 1983 620 2008; x_wconf 85' lang='grc' dir='ltr'><strong>δι’</strong></span> <span class='ocrx_word' id='word_1_335' title='bbox 636 1983 790 2017; x_wconf 76' lang='grc' dir='ltr'><strong>ἐπιστήμης</strong></span> <span class='ocrx_word' id='word_1_336' title='bbox 809 1983 837 2009; x_wconf 82' lang='grc' dir='ltr'><strong>ὲν</strong></span> <span class='ocrx_word' id='word_1_337' title='bbox 853 1983 942 2009; x_wconf 77' lang='grc' dir='ltr'><strong>κινδύ-</strong></span> 
     </span>
    </p>
   </div>
   <div class='ocr_carea' id='block_1_44' title="bbox 156 2023 940 2063">
    <p class='ocr_par' dir='ltr' id='par_1_44' title="bbox 156 2023 940 2063">
     <span class='ocr_line' id='line_1_44' title="bbox 156 2023 940 2063; baseline 0.003 -11"><span class='ocrx_word' id='word_1_338' title='bbox 156 2034 213 2058; x_wconf 76' lang='grc' dir='ltr'><strong>νοις</strong></span> <span class='ocrx_word' id='word_1_339' title='bbox 236 2023 291 2058; x_wconf 73' lang='grc' dir='ltr'><strong>οἷός</strong></span> <span class='ocrx_word' id='word_1_340' title='bbox 312 2035 342 2053; x_wconf 73' lang='grc' dir='ltr'><strong>τι</strong></span> <span class='ocrx_word' id='word_1_341' title='bbox 361 2027 398 2054; x_wconf 83' lang='grc' dir='ltr'><strong>ὣν</strong></span> <span class='ocrx_word' id='word_1_342' title='bbox 421 2028 469 2063; x_wconf 77' lang='grc' dir='ltr'><strong>τὴν</strong></span> <span class='ocrx_word' id='word_1_343' title='bbox 489 2029 564 2061; x_wconf 76' lang='grc' dir='ltr'><strong>ναῦν,</strong></span> <span class='ocrx_word' id='word_1_344' title='bbox 585 2029 631 2054; x_wconf 67' lang='grc' dir='ltr'><strong>καὶ</strong></span> <span class='ocrx_word' id='word_1_345' title='bbox 652 2030 666 2054; x_wconf 82' lang='grc' dir='ltr'>ὁ</span> <span class='ocrx_word' id='word_1_346' title='bbox 685 2028 780 2060; x_wconf 81' lang='grc' dir='ltr'><strong>σώζειν</strong></span> <span class='ocrx_word' id='word_1_347' title='bbox 794 2029 822 2054; x_wconf 82' lang='grc' dir='ltr'><strong>ὲν</strong></span> <span class='ocrx_word' id='word_1_348' title='bbox 843 2029 940 2060; x_wconf 78' lang='grc' dir='ltr'><strong>νόσοις,</strong></span> 
     </span>
    </p>
   </div>
   <div class='ocr_carea' id='block_1_45' title="bbox 156 2071 942 2109">
    <p class='ocr_par' dir='ltr' id='par_1_45' title="bbox 156 2071 942 2109">
     <span class='ocr_line' id='line_1_45' title="bbox 156 2071 942 2109; baseline 0.003 -11"><span class='ocrx_word' id='word_1_349' title='bbox 156 2071 206 2098; x_wconf 79' lang='grc' dir='ltr'><strong>καὶ</strong></span> <span class='ocrx_word' id='word_1_350' title='bbox 219 2071 233 2097; x_wconf 84' lang='grc' dir='ltr'>ὂ</span> <span class='ocrx_word' id='word_1_351' title='bbox 247 2080 279 2105; x_wconf 87' lang='grc' dir='ltr'><strong>γε</strong></span> <span class='ocrx_word' id='word_1_352' title='bbox 293 2071 341 2107; x_wconf 80' lang='grc' dir='ltr'><strong>τὴν</strong></span> <span class='ocrx_word' id='word_1_353' title='bbox 358 2073 407 2108; x_wconf 82' lang='grc' dir='ltr'><strong>μὲν</strong></span> <span class='ocrx_word' id='word_1_354' title='bbox 423 2073 551 2109; x_wconf 83' lang='grc' dir='ltr'><strong>ἀλήθειαν</strong></span> <span class='ocrx_word' id='word_1_355' title='bbox 567 2074 711 2109; x_wconf 76' lang='grc' dir='ltr'><strong>εὑρίσκων,</strong></span> <span class='ocrx_word' id='word_1_356' title='bbox 734 2073 896 2109; x_wconf 77' lang='grc' dir='ltr'><strong>μεθοδεύσας</strong></span> <span class='ocrx_word' id='word_1_357' title='bbox 914 2074 942 2100; x_wconf 82' lang='grc' dir='ltr'><strong>δὲ</strong></span> 
     </span>
    </p>
   </div>
   <div class='ocr_carea' id='block_1_46' title="bbox 156 2118 943 2156">
    <p class='ocr_par' dir='ltr' id='par_1_46' title="bbox 156 2118 943 2156">
     <span class='ocr_line' id='line_1_46' title="bbox 156 2118 943 2156; baseline 0.004 -13"><span class='ocrx_word' id='word_1_358' title='bbox 156 2118 207 2143; x_wconf 76' lang='grc' dir='ltr'><strong>καὶ</strong></span> <span class='ocrx_word' id='word_1_359' title='bbox 223 2118 292 2153; x_wconf 78' lang='grc' dir='ltr'><strong>πρὸς</strong></span> <span class='ocrx_word' id='word_1_360' title='bbox 314 2118 439 2152; x_wconf 85' lang='grc' dir='ltr'><strong>γνώσεως</strong></span> <span class='ocrx_word' id='word_1_361' title='bbox 461 2119 634 2155; x_wconf 67' lang='grc' dir='ltr'><strong>καταλήψεις,</strong></span> <span class='ocrx_word' id='word_1_362' title='bbox 660 2120 763 2156; x_wconf 79' lang='grc' dir='ltr'><strong>πυρίων</strong></span> <span class='ocrx_word' id='word_1_363' title='bbox 780 2129 808 2146; x_wconf 85' lang='grc' dir='ltr'><strong>τε</strong></span> <span class='ocrx_word' id='word_1_364' title='bbox 823 2120 943 2155; x_wconf 79' lang='grc' dir='ltr'><strong>εὑρέσεις</strong></span> 
     </span>
    </p>
   </div>
   <div class='ocr_carea' id='block_1_47' title="bbox 157 2163 943 2201">
    <p class='ocr_par' dir='ltr' id='par_1_47' title="bbox 157 2163 943 2201">
     <span class='ocr_line' id='line_1_47' title="bbox 157 2163 943 2201; baseline 0.004 -12"><span class='ocrx_word' id='word_1_365' title='bbox 157 2163 207 2190; x_wconf 77' lang='grc' dir='ltr'><strong>καὶ</strong></span> <span class='ocrx_word' id='word_1_366' title='bbox 223 2163 412 2198; x_wconf 77' lang='grc' dir='ltr'><strong>ὡροσκοπείων</strong></span> <span class='ocrx_word' id='word_1_367' title='bbox 434 2166 578 2200; x_wconf 80' lang='grc' dir='ltr'><strong>τηρήσεις,</strong></span> <span class='ocrx_word' id='word_1_368' title='bbox 602 2166 649 2191; x_wconf 57' lang='grc' dir='ltr'><strong>καί⁸</strong></span> <span class='ocrx_word' id='word_1_369' title='bbox 672 2166 800 2201; x_wconf 83' lang='grc' dir='ltr'><strong>μιμήσεις</strong></span> <span class='ocrx_word' id='word_1_370' title='bbox 819 2166 872 2192; x_wconf 83' lang='grc' dir='ltr'><strong>τῶν</strong></span> <span class='ocrx_word' id='word_1_371' title='bbox 897 2165 943 2192; x_wconf 79' lang='grc' dir='ltr'><strong>τοῦ</strong></span> 
     </span>
    </p>
   </div>
   <div class='ocr_carea' id='block_1_48' title="bbox 157 2208 944 2247">
    <p class='ocr_par' dir='ltr' id='par_1_48' title="bbox 157 2208 944 2247">
     <span class='ocr_line' id='line_1_48' title="bbox 157 2208 944 2247; baseline 0.004 -13"><span class='ocrx_word' id='word_1_372' title='bbox 157 2208 329 2243; x_wconf 83' lang='grc' dir='ltr'><strong>Δημιουργοῦ</strong></span> <span class='ocrx_word' id='word_1_373' title='bbox 350 2210 507 2244; x_wconf 81' lang='grc' dir='ltr'><strong>ποιημάτων</strong></span> <span class='ocrx_word' id='word_1_374' title='bbox 534 2211 767 2246; x_wconf 78' lang='grc' dir='ltr'><strong>μηχανησάμενος.</strong></span> <span class='ocrx_word' id='word_1_375' title='bbox 787 2211 944 2247; x_wconf 76' lang='grc' dir='ltr'><strong>Ἀνθρωπος</strong></span> 
     </span>
    </p>
   </div>
   <div class='ocr_carea' id='block_1_49' title="bbox 975 288 1756 323">
    <p class='ocr_par' dir='ltr' id='par_1_49' title="bbox 975 288 1756 323">
     <span class='ocr_line' id='line_1_49' title="bbox 975 288 1756 323; baseline -0.005 -5"><span class='ocrx_word' id='word_1_376' title='bbox 975 290 1049 318; x_wconf 89' lang='lat' dir='ltr'><strong>milia</strong></span> <span class='ocrx_word' id='word_1_377' title='bbox 1064 295 1138 323; x_wconf 89' lang='lat' dir='ltr'><strong>sunt,</strong></span> <span class='ocrx_word' id='word_1_378' title='bbox 1156 290 1249 317; x_wconf 83' lang='lat' dir='ltr'><strong>eadem</strong></span> <span class='ocrx_word' id='word_1_379' title='bbox 1264 289 1393 316; x_wconf 87' lang='lat' dir='ltr'><strong>continuo</strong></span> <span class='ocrx_word' id='word_1_380' title='bbox 1407 288 1441 315; x_wconf 86' lang='lat' dir='ltr'><strong>ab</strong></span> <span class='ocrx_word' id='word_1_381' title='bbox 1451 288 1560 323; x_wconf 81' lang='lat' dir='ltr'><strong>propria</strong></span> <span class='ocrx_word' id='word_1_382' title='bbox 1577 288 1650 315; x_wconf 73' lang='lat' dir='ltr'><strong>illius</strong></span> <span class='ocrx_word' id='word_1_383' title='bbox 1662 295 1756 315; x_wconf 82' lang='lat' dir='ltr'><strong>essen-</strong></span> 
     </span>
    </p>
   </div>
   <div class='ocr_carea' id='block_1_50' title="bbox 975 334 1756 368">
    <p class='ocr_par' dir='ltr' id='par_1_50' title="bbox 975 334 1756 368">
     <span class='ocr_line' id='line_1_50' title="bbox 975 334 1756 368; baseline -0.006 -4"><span class='ocrx_word' id='word_1_384' title='bbox 975 336 1019 364; x_wconf 65' lang='lat' dir='ltr'><strong>tia</strong></span> <span class='ocrx_word' id='word_1_385' title='bbox 1039 337 1144 363; x_wconf 82' lang='lat' dir='ltr'><strong>ratione</strong></span> <span class='ocrx_word' id='word_1_386' title='bbox 1167 335 1309 366; x_wconf 79' lang='lat' dir='ltr'><strong>discedunt</strong></span> <span class='ocrx_word' id='word_1_387' title='bbox 1325 343 1333 361; x_wconf 87' lang='lat'><strong>:</strong></span> <span class='ocrx_word' id='word_1_388' title='bbox 1353 334 1389 361; x_wconf 84' lang='lat' dir='ltr'><strong>ita</strong></span> <span class='ocrx_word' id='word_1_389' title='bbox 1406 334 1484 368; x_wconf 84' lang='lat' dir='ltr'><strong>plane</strong></span> <span class='ocrx_word' id='word_1_390' title='bbox 1503 340 1672 368; x_wconf 87' lang='lat' dir='ltr'><strong>consequens</strong></span> <span class='ocrx_word' id='word_1_391' title='bbox 1684 340 1756 364; x_wconf 80' lang='lat' dir='ltr'><strong>esse,</strong></span> 
     </span>
    </p>
   </div>
   <div class='ocr_carea' id='block_1_51' title="bbox 975 379 1757 417">
    <p class='ocr_par' dir='ltr' id='par_1_51' title="bbox 975 379 1757 417">
     <span class='ocr_line' id='line_1_51' title="bbox 975 379 1757 417; baseline -0.005 -7"><span class='ocrx_word' id='word_1_392' title='bbox 975 388 1005 410; x_wconf 95' lang='lat' dir='ltr'><strong>ut</strong></span> <span class='ocrx_word' id='word_1_393' title='bbox 1017 391 1078 417; x_wconf 69' lang='lat' dir='ltr'><strong>qua:</strong></span> <span class='ocrx_word' id='word_1_394' title='bbox 1090 390 1134 410; x_wconf 85' lang='lat' dir='ltr'><strong>res</strong></span> <span class='ocrx_word' id='word_1_395' title='bbox 1148 381 1269 409; x_wconf 85' lang='lat' dir='ltr'><strong>eamdem</strong></span> <span class='ocrx_word' id='word_1_396' title='bbox 1281 381 1575 415; x_wconf 80' lang='lat' dir='ltr'><strong>propemodum,qunm</strong></span> <span class='ocrx_word' id='word_1_397' title='bbox 1586 379 1654 414; x_wconf 80' lang='lat' dir='ltr'><strong>ipse,</strong></span> <span class='ocrx_word' id='word_1_398' title='bbox 1661 379 1757 413; x_wconf 76' lang='lat' dir='ltr'><strong>agendi</strong></span> 
     </span>
    </p>
   </div>
   <div class='ocr_carea' id='block_1_52' title="bbox 975 426 1756 463">
    <p class='ocr_par' dir='ltr' id='par_1_52' title="bbox 975 426 1756 463">
     <span class='ocr_line' id='line_1_52' title="bbox 975 426 1756 463; baseline -0.009 -6"><span class='ocrx_word' id='word_1_399' title='bbox 975 431 1028 457; x_wconf 85' lang='lat' dir='ltr'><strong>vim</strong></span> <span class='ocrx_word' id='word_1_400' title='bbox 1042 438 1073 458; x_wconf 90' lang='lat' dir='ltr'><strong>ac</strong></span> <span class='ocrx_word' id='word_1_401' title='bbox 1084 431 1215 457; x_wconf 80' lang='lat' dir='ltr'><strong>rationem</strong></span> <span class='ocrx_word' id='word_1_402' title='bbox 1228 429 1337 460; x_wconf 83' lang='lat' dir='ltr'><strong>habent,</strong></span> <span class='ocrx_word' id='word_1_403' title='bbox 1348 429 1403 463; x_wconf 85' lang='lat' dir='ltr'><strong>jam</strong></span> <span class='ocrx_word' id='word_1_404' title='bbox 1417 436 1456 455; x_wconf 67' lang='lat' dir='ltr'><strong>ea:</strong></span> <span class='ocrx_word' id='word_1_405' title='bbox 1471 428 1546 462; x_wconf 89' lang='lat' dir='ltr'><strong>prius</strong></span> <span class='ocrx_word' id='word_1_406' title='bbox 1558 426 1682 454; x_wconf 72' lang='lat' dir='ltr'><strong>essentia:</strong></span> <span class='ocrx_word' id='word_1_407' title='bbox 1695 433 1756 452; x_wconf 83' lang='lat' dir='ltr'><strong>cum</strong></span> 
     </span>
    </p>
   </div>
   <div class='ocr_carea' id='block_1_53' title="bbox 976 471 1758 509">
    <p class='ocr_par' dir='ltr' id='par_1_53' title="bbox 976 471 1758 509">
     <span class='ocr_line' id='line_1_53' title="bbox 976 471 1758 509; baseline -0.009 -6"><span class='ocrx_word' id='word_1_408' title='bbox 976 485 1008 504; x_wconf 90' lang='lat' dir='ltr'><strong>eo</strong></span> <span class='ocrx_word' id='word_1_409' title='bbox 1024 475 1228 503; x_wconf 74' lang='lat' dir='ltr'><strong>similitudinem</strong></span> <span class='ocrx_word' id='word_1_410' title='bbox 1253 474 1415 509; x_wconf 83' lang='lat' dir='ltr'><strong>acceperint.</strong></span> <span class='ocrx_word' id='word_1_411' title='bbox 1446 473 1519 500; x_wconf 84' lang='lat' dir='ltr'><strong>Talis</strong></span> <span class='ocrx_word' id='word_1_412' title='bbox 1541 472 1612 499; x_wconf 91' lang='lat' dir='ltr'><strong>enim</strong></span> <span class='ocrx_word' id='word_1_413' title='bbox 1634 471 1758 498; x_wconf 70' lang='lat' dir='ltr'><strong>essentthe</strong></span> 
     </span>
    </p>
   </div>
   <div class='ocr_carea' id='block_1_54' title="bbox 976 514 1760 557">
    <p class='ocr_par' dir='ltr' id='par_1_54' title="bbox 976 514 1760 557">
     <span class='ocr_line' id='line_1_54' title="bbox 976 514 1760 557; baseline -0.011 -8"><span class='ocrx_word' id='word_1_414' title='bbox 976 523 1072 557; x_wconf 77' lang='lat' dir='ltr'><strong>gratia,</strong></span> <span class='ocrx_word' id='word_1_415' title='bbox 1086 521 1153 548; x_wconf 85' lang='lat' dir='ltr'><strong>tales</strong></span> <span class='ocrx_word' id='word_1_416' title='bbox 1167 520 1247 547; x_wconf 86' lang='lat' dir='ltr'><strong>etiam</strong></span> <span class='ocrx_word' id='word_1_417' title='bbox 1263 527 1323 546; x_wconf 87' lang='lat' dir='ltr'><strong>esse</strong></span> <span class='ocrx_word' id='word_1_418' title='bbox 1334 519 1429 553; x_wconf 73' lang='lat' dir='ltr'><strong>agendi</strong></span> <span class='ocrx_word' id='word_1_419' title='bbox 1447 518 1528 549; x_wconf 86' lang='lat' dir='ltr'><strong>vires,</strong></span> <span class='ocrx_word' id='word_1_420' title='bbox 1540 517 1638 551; x_wconf 84' lang='lat' dir='ltr'><strong>quippe</strong></span> <span class='ocrx_word' id='word_1_421' title='bbox 1652 522 1712 549; x_wconf 65' lang='lat' dir='ltr'><strong>quae</strong></span> <span class='ocrx_word' id='word_1_422' title='bbox 1724 514 1760 540; x_wconf 85' lang='lat' dir='ltr'><strong>ab</strong></span> 
     </span>
    </p>
   </div>
   <div class='ocr_carea' id='block_1_55' title="bbox 977 560 1759 605">
    <p class='ocr_par' dir='ltr' id='par_1_55' title="bbox 977 560 1759 605">
     <span class='ocr_line' id='line_1_55' title="bbox 977 560 1759 605; baseline -0.012 -10"><span class='ocrx_word' id='word_1_423' title='bbox 977 576 1008 595; x_wconf 87' lang='lat' dir='ltr'><strong>ca</strong></span> <span class='ocrx_word' id='word_1_424' title='bbox 1033 571 1160 605; x_wconf 67' lang='lat' dir='ltr'><strong>manent,</strong></span> <span class='ocrx_word' id='word_1_425' title='bbox 1185 571 1212 593; x_wconf 89' lang='lat' dir='ltr'><strong>et</strong></span> <span class='ocrx_word' id='word_1_426' title='bbox 1235 566 1356 600; x_wconf 63' lang='lat' dir='ltr'><strong>quaedam</strong></span> <span class='ocrx_word' id='word_1_427' title='bbox 1373 565 1432 598; x_wconf 85' lang='lat' dir='ltr'><strong>eius</strong></span> <span class='ocrx_word' id='word_1_428' title='bbox 1453 565 1531 598; x_wconf 89' lang='lat' dir='ltr'><strong>quasi</strong></span> <span class='ocrx_word' id='word_1_429' title='bbox 1547 562 1667 597; x_wconf 79' lang='lat' dir='ltr'><strong>germina</strong></span> <span class='ocrx_word' id='word_1_430' title='bbox 1693 560 1759 587; x_wconf 87' lang='lat' dir='ltr'><strong>sint.</strong></span> 
     </span>
    </p>
   </div>
   <div class='ocr_carea' id='block_1_56' title="bbox 978 607 1759 649">
    <p class='ocr_par' dir='ltr' id='par_1_56' title="bbox 978 607 1759 649">
     <span class='ocr_line' id='line_1_56' title="bbox 978 607 1759 649; baseline -0.012 -8"><span class='ocrx_word' id='word_1_431' title='bbox 978 614 1063 649; x_wconf 85' lang='lat' dir='ltr'><strong>Cujus</strong></span> <span class='ocrx_word' id='word_1_432' title='bbox 1084 611 1237 647; x_wconf 79' lang='lat' dir='ltr'><strong>argumenti</strong></span> <span class='ocrx_word' id='word_1_433' title='bbox 1265 611 1320 638; x_wconf 85' lang='lat' dir='ltr'><strong>vim</strong></span> <span class='ocrx_word' id='word_1_434' title='bbox 1344 618 1405 637; x_wconf 90' lang='lat' dir='ltr'><strong>eum</strong></span> <span class='ocrx_word' id='word_1_435' title='bbox 1427 609 1526 644; x_wconf 87' lang='lat' dir='ltr'><strong>optime</strong></span> <span class='ocrx_word' id='word_1_436' title='bbox 1545 607 1663 634; x_wconf 81' lang='lat' dir='ltr'><strong>Boethus</strong></span> <span class='ocrx_word' id='word_1_437' title='bbox 1679 611 1759 639; x_wconf 81' lang='lat' dir='ltr'><strong>cape-</strong></span> 
     </span>
    </p>
   </div>
   <div class='ocr_carea' id='block_1_57' title="bbox 978 651 1762 692">
    <p class='ocr_par' dir='ltr' id='par_1_57' title="bbox 978 651 1762 692">
     <span class='ocr_line' id='line_1_57' title="bbox 978 651 1762 692; baseline -0.013 -6"><span class='ocrx_word' id='word_1_438' title='bbox 978 665 1028 691; x_wconf 83' lang='lat' dir='ltr'><strong>rct,</strong></span> <span class='ocrx_word' id='word_1_439' title='bbox 1043 658 1106 686; x_wconf 84' lang='lat' dir='ltr'><strong>andi</strong></span> <span class='ocrx_word' id='word_1_440' title='bbox 1127 658 1165 685; x_wconf 88' lang='lat' dir='ltr'><strong>sis</strong></span> <span class='ocrx_word' id='word_1_441' title='bbox 1176 656 1402 692; x_wconf 88' lang='lat' dir='ltr'><strong>quemadmodum</strong></span> <span class='ocrx_word' id='word_1_442' title='bbox 1421 655 1479 689; x_wconf 90' lang='lat' dir='ltr'><strong>ipso</strong></span> <span class='ocrx_word' id='word_1_443' title='bbox 1493 654 1584 681; x_wconf 84' lang='lat' dir='ltr'><strong>statim</strong></span> <span class='ocrx_word' id='word_1_444' title='bbox 1600 659 1655 680; x_wconf 60' lang='lat' dir='ltr'><strong>sua</strong></span> <span class='ocrx_word' id='word_1_445' title='bbox 1667 651 1762 685; x_wconf 86' lang='lat' dir='ltr'><strong>dispu—</strong></span> 
     </span>
    </p>
   </div>
   <div class='ocr_carea' id='block_1_58' title="bbox 978 696 1759 736">
    <p class='ocr_par' dir='ltr' id='par_1_58' title="bbox 978 696 1759 736">
     <span class='ocr_line' id='line_1_58' title="bbox 978 696 1759 736; baseline -0.014 -4"><span class='ocrx_word' id='word_1_446' title='bbox 978 704 1088 732; x_wconf 81' lang='lat' dir='ltr'><strong>tationis</strong></span> <span class='ocrx_word' id='word_1_447' title='bbox 1113 703 1224 730; x_wconf 84' lang='lat' dir='ltr'><strong>exordio</strong></span> <span class='ocrx_word' id='word_1_448' title='bbox 1255 706 1432 736; x_wconf 83' lang='lat' dir='ltr'><strong>persequatur</strong></span> <span class='ocrx_word' id='word_1_449' title='bbox 1459 709 1466 726; x_wconf 84' lang='lat'>:</span> <span class='ocrx_word' id='word_1_450' title='bbox 1496 708 1505 724; x_wconf 84' lang='grc'><em>‹</em></span> <span class='ocrx_word' id='word_1_451' title='bbox 1524 697 1639 729; x_wconf 89' lang='lat' dir='ltr'><strong>Utrum,</strong></span> <span class='ocrx_word' id='word_1_452' title='bbox 1662 696 1759 730; x_wconf 75' lang='lat' dir='ltr'><strong>inquit,</strong></span> 
     </span>
    </p>
   </div>
   <div class='ocr_carea' id='block_1_59' title="bbox 980 741 1760 779">
    <p class='ocr_par' dir='ltr' id='par_1_59' title="bbox 980 741 1760 779">
     <span class='ocr_line' id='line_1_59' title="bbox 980 741 1760 779; baseline -0.012 -3"><span class='ocrx_word' id='word_1_453' title='bbox 980 748 1140 777; x_wconf 72' lang='lat' dir='ltr'><strong>immortalis</strong></span> <span class='ocrx_word' id='word_1_454' title='bbox 1156 747 1191 775; x_wconf 90' lang='lat' dir='ltr'><strong>sit</strong></span> <span class='ocrx_word' id='word_1_455' title='bbox 1207 746 1327 779; x_wconf 85' lang='lat' dir='ltr'><strong>animus,</strong></span> <span class='ocrx_word' id='word_1_456' title='bbox 1351 745 1478 779; x_wconf 88' lang='lat' dir='ltr'><strong>omnique</strong></span> <span class='ocrx_word' id='word_1_457' title='bbox 1504 743 1612 770; x_wconf 88' lang='lat' dir='ltr'><strong>interitu</strong></span> <span class='ocrx_word' id='word_1_458' title='bbox 1626 741 1760 775; x_wconf 76' lang='lat' dir='ltr'><strong>superior.</strong></span> 
     </span>
    </p>
   </div>
   <div class='ocr_carea' id='block_1_60' title="bbox 980 786 1760 829">
    <p class='ocr_par' dir='ltr' id='par_1_60' title="bbox 980 786 1760 829">
     <span class='ocr_line' id='line_1_60' title="bbox 980 786 1760 829; baseline -0.012 -8"><span class='ocrx_word' id='word_1_459' title='bbox 980 794 1026 829; x_wconf 86' lang='lat' dir='ltr'><strong>qui</strong></span> <span class='ocrx_word' id='word_1_460' title='bbox 1044 801 1099 821; x_wconf 83' lang='lat' dir='ltr'><strong>rem</strong></span> <span class='ocrx_word' id='word_1_461' title='bbox 1123 800 1170 827; x_wconf 84' lang='lat' dir='ltr'><strong>per</strong></span> <span class='ocrx_word' id='word_1_462' title='bbox 1187 799 1247 819; x_wconf 86' lang='lat' dir='ltr'><strong>sese</strong></span> <span class='ocrx_word' id='word_1_463' title='bbox 1262 791 1449 819; x_wconf 82' lang='lat' dir='ltr'><strong>demonstrare</strong></span> <span class='ocrx_word' id='word_1_464' title='bbox 1460 789 1555 821; x_wconf 88' lang='lat' dir='ltr'><strong>vellet,</strong></span> <span class='ocrx_word' id='word_1_465' title='bbox 1583 786 1675 814; x_wconf 87' lang='lat' dir='ltr'><strong>multis</strong></span> <span class='ocrx_word' id='word_1_466' title='bbox 1699 794 1760 813; x_wconf 82' lang='lat' dir='ltr'><strong>eum</strong></span> 
     </span>
    </p>
   </div>
   <div class='ocr_carea' id='block_1_61' title="bbox 981 831 1763 875">
    <p class='ocr_par' dir='ltr' id='par_1_61' title="bbox 981 831 1763 875">
     <span class='ocr_line' id='line_1_61' title="bbox 981 831 1763 875; baseline -0.013 -8"><span class='ocrx_word' id='word_1_467' title='bbox 981 847 1046 867; x_wconf 86' lang='lat' dir='ltr'><strong>sane</strong></span> <span class='ocrx_word' id='word_1_468' title='bbox 1069 847 1105 875; x_wconf 20' lang='lat' dir='ltr'><strong>ac.</strong></span> <span class='ocrx_word' id='word_1_469' title='bbox 1122 837 1290 873; x_wconf 82' lang='lat' dir='ltr'><strong>longissimis</strong></span> <span class='ocrx_word' id='word_1_470' title='bbox 1311 835 1526 870; x_wconf 66' lang='lat' dir='ltr'><strong>disputationum</strong></span> <span class='ocrx_word' id='word_1_471' title='bbox 1548 832 1707 860; x_wconf 80' lang='lat' dir='ltr'><strong>ﬂexionibus</strong></span> <span class='ocrx_word' id='word_1_472' title='bbox 1724 831 1763 857; x_wconf 84' lang='lat' dir='ltr'><strong>uti</strong></span> 
     </span>
    </p>
   </div>
   <div class='ocr_carea' id='block_1_62' title="bbox 982 876 1765 920">
    <p class='ocr_par' dir='ltr' id='par_1_62' title="bbox 982 876 1765 920">
     <span class='ocr_line' id='line_1_62' title="bbox 982 876 1765 920; baseline -0.011 -8"><span class='ocrx_word' id='word_1_473' title='bbox 982 889 1128 920; x_wconf 76' lang='lat' dir='ltr'><strong>oporteret.</strong></span> <span class='ocrx_word' id='word_1_474' title='bbox 1157 884 1192 910; x_wconf 80' lang='lat' dir='ltr'><strong>At</strong></span> <span class='ocrx_word' id='word_1_475' title='bbox 1207 891 1282 915; x_wconf 87' lang='lat' dir='ltr'><strong>vero,</strong></span> <span class='ocrx_word' id='word_1_476' title='bbox 1305 887 1334 909; x_wconf 94' lang='lat' dir='ltr'><strong>ut</strong></span> <span class='ocrx_word' id='word_1_477' title='bbox 1349 889 1381 909; x_wconf 87' lang='lat' dir='ltr'><strong>ex</strong></span> <span class='ocrx_word' id='word_1_478' title='bbox 1398 881 1478 908; x_wconf 86' lang='lat' dir='ltr'><strong>rebus</strong></span> <span class='ocrx_word' id='word_1_479' title='bbox 1492 879 1602 911; x_wconf 85' lang='lat' dir='ltr'><strong>nostris,</strong></span> <span class='ocrx_word' id='word_1_480' title='bbox 1619 878 1673 905; x_wconf 81' lang='lat' dir='ltr'><strong>Deo</strong></span> <span class='ocrx_word' id='word_1_481' title='bbox 1687 876 1765 904; x_wconf 82' lang='lat' dir='ltr'><strong>simi-</strong></span> 
     </span>
    </p>
   </div>
   <div class='ocr_carea' id='block_1_63' title="bbox 980 925 1766 964">
    <p class='ocr_par' dir='ltr' id='par_1_63' title="bbox 980 925 1766 964">
     <span class='ocr_line' id='line_1_63' title="bbox 980 925 1766 964; baseline -0.011 -5"><span class='ocrx_word' id='word_1_482' title='bbox 980 933 1032 959; x_wconf 87' lang='lat' dir='ltr'><strong>lius</strong></span> <span class='ocrx_word' id='word_1_483' title='bbox 1047 932 1114 958; x_wconf 86' lang='lat' dir='ltr'><strong>nihil</strong></span> <span class='ocrx_word' id='word_1_484' title='bbox 1136 938 1196 958; x_wconf 86' lang='lat' dir='ltr'><strong>esse</strong></span> <span class='ocrx_word' id='word_1_485' title='bbox 1221 937 1302 964; x_wconf 90' lang='lat' dir='ltr'><strong>quam</strong></span> <span class='ocrx_word' id='word_1_486' title='bbox 1321 928 1454 959; x_wconf 88' lang='lat' dir='ltr'><strong>animum,</strong></span> <span class='ocrx_word' id='word_1_487' title='bbox 1473 926 1562 961; x_wconf 87' lang='lat' dir='ltr'><strong>quivis</strong></span> <span class='ocrx_word' id='word_1_488' title='bbox 1582 925 1633 952; x_wconf 87' lang='lat' dir='ltr'><strong>sibi</strong></span> <span class='ocrx_word' id='word_1_489' title='bbox 1657 932 1766 959; x_wconf 87' lang='lat' dir='ltr'><strong>persua-</strong></span> 
     </span>
    </p>
   </div>
   <div class='ocr_carea' id='block_1_64' title="bbox 980 975 1765 1011">
    <p class='ocr_par' dir='ltr' id='par_1_64' title="bbox 980 975 1765 1011">
     <span class='ocr_line' id='line_1_64' title="bbox 980 975 1765 1011; baseline -0.013 -5"><span class='ocrx_word' id='word_1_490' title='bbox 980 980 1059 1011; x_wconf 87' lang='lat' dir='ltr'><strong>deat,</strong></span> <span class='ocrx_word' id='word_1_491' title='bbox 1084 986 1136 1005; x_wconf 93' lang='lat' dir='ltr'><strong>non</strong></span> <span class='ocrx_word' id='word_1_492' title='bbox 1156 977 1273 1011; x_wconf 75' lang='lat' dir='ltr'><strong>spissam</strong></span> <span class='ocrx_word' id='word_1_493' title='bbox 1296 975 1441 1002; x_wconf 83' lang='lat' dir='ltr'><strong>admodum</strong></span> <span class='ocrx_word' id='word_1_494' title='bbox 1459 978 1486 1000; x_wconf 92' lang='lat' dir='ltr'><strong>et</strong></span> <span class='ocrx_word' id='word_1_495' title='bbox 1500 978 1637 1000; x_wconf 83' lang='lat' dir='ltr'><strong>actuosam</strong></span> <span class='ocrx_word' id='word_1_496' title='bbox 1653 976 1765 997; x_wconf 48' lang='lat' dir='ltr'><strong>centena</strong></span> 
     </span>
    </p>
   </div>
   <div class='ocr_carea' id='block_1_65' title="bbox 981 1018 1766 1054">
    <p class='ocr_par' dir='ltr' id='par_1_65' title="bbox 981 1018 1766 1054">
     <span class='ocr_line' id='line_1_65' title="bbox 981 1018 1766 1054; baseline -0.011 -2"><span class='ocrx_word' id='word_1_497' title='bbox 981 1026 1081 1053; x_wconf 86' lang='lat' dir='ltr'><strong>tionem</strong></span> <span class='ocrx_word' id='word_1_498' title='bbox 1093 1023 1227 1051; x_wconf 85' lang='lat' dir='ltr'><strong>desideret</strong></span> <span class='ocrx_word' id='word_1_499' title='bbox 1250 1032 1257 1049; x_wconf 90' lang='lat'>:</span> <span class='ocrx_word' id='word_1_500' title='bbox 1280 1030 1334 1049; x_wconf 91' lang='lat' dir='ltr'><strong>non</strong></span> <span class='ocrx_word' id='word_1_501' title='bbox 1352 1021 1433 1047; x_wconf 87' lang='lat' dir='ltr'><strong>modo</strong></span> <span class='ocrx_word' id='word_1_502' title='bbox 1448 1019 1518 1054; x_wconf 83' lang='lat' dir='ltr'><strong>quod</strong></span> <span class='ocrx_word' id='word_1_503' title='bbox 1535 1019 1592 1053; x_wconf 89' lang='lat' dir='ltr'><strong>ipse</strong></span> <span class='ocrx_word' id='word_1_504' title='bbox 1605 1018 1766 1045; x_wconf 88' lang='lat' dir='ltr'><strong>continuum</strong></span> 
     </span>
    </p>
   </div>
   <div class='ocr_carea' id='block_1_66' title="bbox 982 1064 1767 1104">
    <p class='ocr_par' dir='ltr' id='par_1_66' title="bbox 982 1064 1767 1104">
     <span class='ocr_line' id='line_1_66' title="bbox 982 1064 1767 1104; baseline -0.011 -6"><span class='ocrx_word' id='word_1_505' title='bbox 982 1072 1008 1098; x_wconf 88' lang='lat' dir='ltr'><strong>in</strong></span> <span class='ocrx_word' id='word_1_506' title='bbox 1022 1071 1100 1098; x_wconf 90' lang='lat' dir='ltr'><strong>nobis</strong></span> <span class='ocrx_word' id='word_1_507' title='bbox 1114 1076 1313 1104; x_wconf 84' lang='lat' dir='ltr'><strong>perennemque</strong></span> <span class='ocrx_word' id='word_1_508' title='bbox 1329 1071 1430 1094; x_wconf 83' lang='lat' dir='ltr'><strong>motuin</strong></span> <span class='ocrx_word' id='word_1_509' title='bbox 1445 1065 1551 1096; x_wconf 85' lang='lat' dir='ltr'><strong>ellieiat.</strong></span> <span class='ocrx_word' id='word_1_510' title='bbox 1570 1064 1618 1092; x_wconf 87' lang='lat' dir='ltr'><strong>sed</strong></span> <span class='ocrx_word' id='word_1_511' title='bbox 1633 1064 1714 1091; x_wconf 89' lang='lat' dir='ltr'><strong>etiam</strong></span> <span class='ocrx_word' id='word_1_512' title='bbox 1731 1064 1767 1090; x_wconf 89' lang='lat' dir='ltr'><strong>oh</strong></span> 
     </span>
    </p>
   </div>
   <div class='ocr_carea' id='block_1_67' title="bbox 981 1109 1779 1151">
    <p class='ocr_par' dir='ltr' id='par_1_67' title="bbox 981 1109 1779 1151">
     <span class='ocr_line' id='line_1_67' title="bbox 981 1109 1779 1151; baseline -0.013 -7"><span class='ocrx_word' id='word_1_513' title='bbox 981 1117 1041 1151; x_wconf 86' lang='lat' dir='ltr'><strong>ejus</strong></span> <span class='ocrx_word' id='word_1_514' title='bbox 1064 1123 1117 1150; x_wconf 80' lang='lat' dir='ltr'><strong>qua</strong></span> <span class='ocrx_word' id='word_1_515' title='bbox 1146 1114 1274 1149; x_wconf 59' lang='lat' dir='ltr'><strong>praeditus</strong></span> <span class='ocrx_word' id='word_1_516' title='bbox 1290 1117 1332 1140; x_wconf 89' lang='lat' dir='ltr'><strong>est</strong></span> <span class='ocrx_word' id='word_1_517' title='bbox 1345 1112 1444 1139; x_wconf 76' lang='lat' dir='ltr'><strong>mentis</strong></span> <span class='ocrx_word' id='word_1_518' title='bbox 1459 1110 1656 1138; x_wconf 82' lang='lat' dir='ltr'><strong>excellentiam.</strong></span> <span class='ocrx_word' id='word_1_519' title='bbox 1689 1109 1779 1142; x_wconf 73' lang='lat' dir='ltr'><strong>Quod</strong></span> 
     </span>
    </p>
   </div>
   <div class='ocr_carea' id='block_1_68' title="bbox 983 1155 1767 1197">
    <p class='ocr_par' dir='ltr' id='par_1_68' title="bbox 983 1155 1767 1197">
     <span class='ocr_line' id='line_1_68' title="bbox 983 1155 1767 1197; baseline -0.011 -8"><span class='ocrx_word' id='word_1_520' title='bbox 983 1162 1091 1197; x_wconf 88' lang='lat' dir='ltr'><strong>quidem</strong></span> <span class='ocrx_word' id='word_1_521' title='bbox 1112 1160 1242 1196; x_wconf 85' lang='lat' dir='ltr'><strong>physicus</strong></span> <span class='ocrx_word' id='word_1_522' title='bbox 1256 1163 1339 1186; x_wconf 83' lang='lat' dir='ltr'><strong>etiam</strong></span> <span class='ocrx_word' id='word_1_523' title='bbox 1356 1159 1400 1185; x_wconf 81' lang='lat' dir='ltr'><strong>ille</strong></span> <span class='ocrx_word' id='word_1_524' title='bbox 1415 1157 1585 1184; x_wconf 85' lang='lat' dir='ltr'><strong>Crotoniates</strong></span> <span class='ocrx_word' id='word_1_525' title='bbox 1612 1156 1676 1182; x_wconf 87' lang='lat' dir='ltr'><strong>(lum</strong></span> <span class='ocrx_word' id='word_1_526' title='bbox 1692 1155 1767 1181; x_wconf 62' lang='lat' dir='ltr'><strong>video</strong></span> 
     </span>
    </p>
   </div>
   <div class='ocr_carea' id='block_1_69' title="bbox 983 1202 1766 1238">
    <p class='ocr_par' dir='ltr' id='par_1_69' title="bbox 983 1202 1766 1238">
     <span class='ocr_line' id='line_1_69' title="bbox 983 1202 1766 1238; baseline -0.01 -4"><span class='ocrx_word' id='word_1_527' title='bbox 983 1212 1032 1238; x_wconf 81' lang='lat' dir='ltr'><strong>ret,</strong></span> <span class='ocrx_word' id='word_1_528' title='bbox 1048 1207 1168 1234; x_wconf 86' lang='lat' dir='ltr'><strong>animum</strong></span> <span class='ocrx_word' id='word_1_529' title='bbox 1183 1206 1254 1232; x_wconf 86' lang='lat' dir='ltr'><strong>illico</strong></span> <span class='ocrx_word' id='word_1_530' title='bbox 1268 1211 1401 1236; x_wconf 87' lang='lat' dir='ltr'><strong>nostrum,</strong></span> <span class='ocrx_word' id='word_1_531' title='bbox 1423 1203 1584 1231; x_wconf 82' lang='lat' dir='ltr'><strong>immortalis</strong></span> <span class='ocrx_word' id='word_1_532' title='bbox 1596 1202 1667 1236; x_wconf 88' lang='lat' dir='ltr'><strong>quod</strong></span> <span class='ocrx_word' id='word_1_533' title='bbox 1683 1205 1766 1231; x_wconf 85' lang='lat' dir='ltr'><strong>esset,</strong></span> 
     </span>
    </p>
   </div>
   <div class='ocr_carea' id='block_1_70' title="bbox 983 1251 1769 1288">
    <p class='ocr_par' dir='ltr' id='par_1_70' title="bbox 983 1251 1769 1288">
     <span class='ocr_line' id='line_1_70' title="bbox 983 1251 1769 1288; baseline -0.009 -8"><span class='ocrx_word' id='word_1_534' title='bbox 983 1254 1100 1288; x_wconf 85' lang='lat' dir='ltr'><strong>quietem</strong></span> <span class='ocrx_word' id='word_1_535' title='bbox 1112 1260 1231 1283; x_wconf 89' lang='lat' dir='ltr'><strong>omnem,</strong></span> <span class='ocrx_word' id='word_1_536' title='bbox 1250 1251 1404 1278; x_wconf 88' lang='lat' dir='ltr'><strong>divinorum</strong></span> <span class='ocrx_word' id='word_1_537' title='bbox 1420 1257 1495 1276; x_wconf 87' lang='lat' dir='ltr'><strong>more</strong></span> <span class='ocrx_word' id='word_1_538' title='bbox 1508 1256 1664 1283; x_wconf 85' lang='lat' dir='ltr'><strong>corporum.</strong></span> <span class='ocrx_word' id='word_1_539' title='bbox 1674 1252 1769 1281; x_wconf 85' lang='lat' dir='ltr'><strong>suapte</strong></span> 
     </span>
    </p>
   </div>
   <div class='ocr_carea' id='block_1_71' title="bbox 984 1292 1769 1332">
    <p class='ocr_par' dir='ltr' id='par_1_71' title="bbox 984 1292 1769 1332">
     <span class='ocr_line' id='line_1_71' title="bbox 984 1292 1769 1332; baseline -0.01 -6"><span class='ocrx_word' id='word_1_540' title='bbox 984 1304 1080 1327; x_wconf 81' lang='lat' dir='ltr'><strong>natura</strong></span> <span class='ocrx_word' id='word_1_541' title='bbox 1096 1298 1213 1332; x_wconf 79' lang='lat' dir='ltr'><strong>deﬁgere</strong></span> <span class='ocrx_word' id='word_1_542' title='bbox 1236 1296 1431 1332; x_wconf 81' lang='lat' dir='ltr'><strong>pronuntiavit.</strong></span> <span class='ocrx_word' id='word_1_543' title='bbox 1460 1295 1493 1322; x_wconf 85' lang='lat' dir='ltr'><strong>Et</strong></span> <span class='ocrx_word' id='word_1_544' title='bbox 1517 1301 1591 1324; x_wconf 88' lang='lat' dir='ltr'><strong>vero.</strong></span> <span class='ocrx_word' id='word_1_545' title='bbox 1614 1293 1660 1328; x_wconf 89' lang='lat' dir='ltr'><strong>qui</strong></span> <span class='ocrx_word' id='word_1_546' title='bbox 1685 1292 1769 1319; x_wconf 88' lang='lat' dir='ltr'><strong>semel</strong></span> 
     </span>
    </p>
   </div>
   <div class='ocr_carea' id='block_1_72' title="bbox 985 1340 1770 1378">
    <p class='ocr_par' dir='ltr' id='par_1_72' title="bbox 985 1340 1770 1378">
     <span class='ocr_line' id='line_1_72' title="bbox 985 1340 1770 1378; baseline -0.009 -7"><span class='ocrx_word' id='word_1_547' title='bbox 985 1345 1068 1372; x_wconf 86' lang='lat' dir='ltr'><strong>animi</strong></span> <span class='ocrx_word' id='word_1_548' title='bbox 1087 1344 1168 1378; x_wconf 83' lang='lat' dir='ltr'><strong>hujus</strong></span> <span class='ocrx_word' id='word_1_549' title='bbox 1194 1343 1281 1370; x_wconf 87' lang='lat' dir='ltr'><strong>ideam</strong></span> <span class='ocrx_word' id='word_1_550' title='bbox 1308 1342 1422 1374; x_wconf 84' lang='lat' dir='ltr'><strong>nmerit,</strong></span> <span class='ocrx_word' id='word_1_551' title='bbox 1444 1349 1476 1368; x_wconf 94' lang='lat' dir='ltr'><strong>ac</strong></span> <span class='ocrx_word' id='word_1_552' title='bbox 1496 1340 1644 1375; x_wconf 72' lang='lat' dir='ltr'><strong>praesertim</strong></span> <span class='ocrx_word' id='word_1_553' title='bbox 1667 1343 1770 1374; x_wconf 84' lang='lat' dir='ltr'><strong>quanta</strong></span> 
     </span>
    </p>
   </div>
   <div class='ocr_carea' id='block_1_73' title="bbox 986 1384 1773 1423">
    <p class='ocr_par' dir='ltr' id='par_1_73' title="bbox 986 1384 1773 1423">
     <span class='ocr_line' id='line_1_73' title="bbox 986 1384 1773 1423; baseline -0.01 -4"><span class='ocrx_word' id='word_1_554' title='bbox 986 1400 1062 1419; x_wconf 90' lang='lat' dir='ltr'><strong>meus</strong></span> <span class='ocrx_word' id='word_1_555' title='bbox 1074 1392 1118 1419; x_wconf 88' lang='lat' dir='ltr'><strong>illa</strong></span> <span class='ocrx_word' id='word_1_556' title='bbox 1135 1390 1220 1418; x_wconf 85' lang='lat' dir='ltr'><strong>nostri</strong></span> <span class='ocrx_word' id='word_1_557' title='bbox 1239 1389 1402 1417; x_wconf 87' lang='lat' dir='ltr'><strong>moderatrix</strong></span> <span class='ocrx_word' id='word_1_558' title='bbox 1429 1388 1512 1423; x_wconf 82' lang='lat' dir='ltr'><strong>agitet</strong></span> <span class='ocrx_word' id='word_1_559' title='bbox 1525 1391 1668 1419; x_wconf 89' lang='lat' dir='ltr'><strong>versetque</strong></span> <span class='ocrx_word' id='word_1_560' title='bbox 1682 1384 1773 1412; x_wconf 84' lang='lat' dir='ltr'><strong>consi-</strong></span> 
     </span>
    </p>
   </div>
   <div class='ocr_carea' id='block_1_74' title="bbox 985 1430 1769 1471">
    <p class='ocr_par' dir='ltr' id='par_1_74' title="bbox 985 1430 1769 1471">
     <span class='ocr_line' id='line_1_74' title="bbox 985 1430 1769 1471; baseline -0.009 -7"><span class='ocrx_word' id='word_1_561' title='bbox 985 1438 1030 1470; x_wconf 82' lang='lat' dir='ltr'><strong>lia,</strong></span> <span class='ocrx_word' id='word_1_562' title='bbox 1056 1441 1104 1464; x_wconf 87' lang='lat' dir='ltr'><strong>aut</strong></span> <span class='ocrx_word' id='word_1_563' title='bbox 1126 1435 1279 1471; x_wconf 85' lang='lat' dir='ltr'><strong>cujusmodi</strong></span> <span class='ocrx_word' id='word_1_564' title='bbox 1297 1434 1448 1469; x_wconf 66' lang='lat' dir='ltr'><strong>smpissime</strong></span> <span class='ocrx_word' id='word_1_565' title='bbox 1461 1433 1488 1460; x_wconf 91' lang='lat' dir='ltr'><strong>in</strong></span> <span class='ocrx_word' id='word_1_566' title='bbox 1503 1432 1580 1460; x_wconf 88' lang='lat' dir='ltr'><strong>nobis</strong></span> <span class='ocrx_word' id='word_1_567' title='bbox 1597 1432 1713 1466; x_wconf 82' lang='lat' dir='ltr'><strong>impetus</strong></span> <span class='ocrx_word' id='word_1_568' title='bbox 1728 1430 1769 1457; x_wconf 80' lang='lat' dir='ltr'><strong>ef-</strong></span> 
     </span>
    </p>
   </div>
   <div class='ocr_carea' id='block_1_75' title="bbox 986 1476 1774 1516">
    <p class='ocr_par' dir='ltr' id='par_1_75' title="bbox 986 1476 1774 1516">
     <span class='ocr_line' id='line_1_75' title="bbox 986 1476 1774 1516; baseline -0.009 -7"><span class='ocrx_word' id='word_1_569' title='bbox 986 1483 1073 1515; x_wconf 76' lang='lat' dir='ltr'><strong>liciat,</strong></span> <span class='ocrx_word' id='word_1_570' title='bbox 1092 1481 1161 1508; x_wconf 86' lang='lat' dir='ltr'><strong>idem</strong></span> <span class='ocrx_word' id='word_1_571' title='bbox 1178 1481 1298 1516; x_wconf 81' lang='lat' dir='ltr'><strong>profecto</strong></span> <span class='ocrx_word' id='word_1_572' title='bbox 1321 1478 1524 1506; x_wconf 83' lang='lat' dir='ltr'><strong>similitudinem</strong></span> <span class='ocrx_word' id='word_1_573' title='bbox 1551 1477 1609 1511; x_wconf 83' lang='lat' dir='ltr'><strong>ejus</strong></span> <span class='ocrx_word' id='word_1_574' title='bbox 1633 1484 1695 1503; x_wconf 87' lang='lat' dir='ltr'><strong>cum</strong></span> <span class='ocrx_word' id='word_1_575' title='bbox 1716 1476 1774 1502; x_wconf 80' lang='lat' dir='ltr'><strong>Ileo</strong></span> 
     </span>
    </p>
   </div>
   <div class='ocr_carea' id='block_1_76' title="bbox 986 1522 1770 1561">
    <p class='ocr_par' dir='ltr' id='par_1_76' title="bbox 986 1522 1770 1561">
     <span class='ocr_line' id='line_1_76' title="bbox 986 1522 1770 1561; baseline -0.01 -6"><span class='ocrx_word' id='word_1_576' title='bbox 986 1529 1133 1555; x_wconf 83' lang='lat' dir='ltr'><strong>maximam</strong></span> <span class='ocrx_word' id='word_1_577' title='bbox 1155 1527 1346 1561; x_wconf 82' lang='lat' dir='ltr'><strong>deprehendet.</strong></span> <span class='ocrx_word' id='word_1_578' title='bbox 1368 1536 1376 1551; x_wconf 74' lang='grc' dir='ltr'><strong>ι</strong></span> <span class='ocrx_word' id='word_1_579' title='bbox 1408 1525 1476 1552; x_wconf 88' lang='lat' dir='ltr'><strong>Tum</strong></span> <span class='ocrx_word' id='word_1_580' title='bbox 1491 1524 1592 1558; x_wconf 83' lang='lat' dir='ltr'><strong>aliquot</strong></span> <span class='ocrx_word' id='word_1_581' title='bbox 1611 1522 1770 1556; x_wconf 78' lang='lat' dir='ltr'><strong>interjeCtis,</strong></span> 
     </span>
    </p>
   </div>
   <div class='ocr_carea' id='block_1_77' title="bbox 991 1567 1768 1608">
    <p class='ocr_par' dir='ltr' id='par_1_77' title="bbox 991 1567 1768 1608">
     <span class='ocr_line' id='line_1_77' title="bbox 991 1567 1768 1608; baseline -0.01 -8"><span class='ocrx_word' id='word_1_582' title='bbox 991 1575 1077 1602; x_wconf 69' lang='lat' dir='ltr'><strong>«Nam</strong></span> <span class='ocrx_word' id='word_1_583' title='bbox 1092 1574 1114 1601; x_wconf 88' lang='lat' dir='ltr'><strong>si</strong></span> <span class='ocrx_word' id='word_1_584' title='bbox 1134 1572 1378 1608; x_wconf 66' lang='lat' dir='ltr'><strong>animum,linquit,</strong></span> <span class='ocrx_word' id='word_1_585' title='bbox 1397 1576 1500 1598; x_wconf 66' lang='lat' dir='ltr'><strong>natura:</strong></span> <span class='ocrx_word' id='word_1_586' title='bbox 1520 1570 1619 1596; x_wconf 80' lang='lat' dir='ltr'><strong>divina:</strong></span> <span class='ocrx_word' id='word_1_587' title='bbox 1648 1567 1768 1594; x_wconf 91' lang='lat' dir='ltr'><strong>omnium</strong></span> 
     </span>
    </p>
   </div>
   <div class='ocr_carea' id='block_1_78' title="bbox 988 1613 1771 1655">
    <p class='ocr_par' dir='ltr' id='par_1_78' title="bbox 988 1613 1771 1655">
     <span class='ocr_line' id='line_1_78' title="bbox 988 1613 1771 1655; baseline -0.011 -8"><span class='ocrx_word' id='word_1_588' title='bbox 988 1621 1067 1655; x_wconf 78' lang='lat' dir='ltr'><strong>longe</strong></span> <span class='ocrx_word' id='word_1_589' title='bbox 1091 1619 1260 1647; x_wconf 89' lang='lat' dir='ltr'><strong>simillimum</strong></span> <span class='ocrx_word' id='word_1_590' title='bbox 1285 1626 1345 1645; x_wconf 85' lang='lat' dir='ltr'><strong>esse</strong></span> <span class='ocrx_word' id='word_1_591' title='bbox 1368 1616 1529 1648; x_wconf 88' lang='lat' dir='ltr'><strong>constiterit,</strong></span> <span class='ocrx_word' id='word_1_592' title='bbox 1554 1621 1685 1649; x_wconf 87' lang='lat' dir='ltr'><strong>quorsum</strong></span> <span class='ocrx_word' id='word_1_593' title='bbox 1704 1613 1771 1639; x_wconf 86' lang='lat' dir='ltr'><strong>alias</strong></span> 
     </span>
    </p>
   </div>
   <div class='ocr_carea' id='block_1_79' title="bbox 988 1658 1771 1700">
    <p class='ocr_par' dir='ltr' id='par_1_79' title="bbox 988 1658 1771 1700">
     <span class='ocr_line' id='line_1_79' title="bbox 988 1658 1771 1700; baseline -0.013 -7"><span class='ocrx_word' id='word_1_594' title='bbox 988 1666 1126 1700; x_wconf 85' lang='lat' dir='ltr'><strong>deinceps,</strong></span> <span class='ocrx_word' id='word_1_595' title='bbox 1142 1663 1221 1699; x_wconf 87' lang='lat' dir='ltr'><strong>quasi</strong></span> <span class='ocrx_word' id='word_1_596' title='bbox 1234 1663 1364 1698; x_wconf 67' lang='lat' dir='ltr'><strong>praefandi</strong></span> <span class='ocrx_word' id='word_1_597' title='bbox 1378 1669 1470 1693; x_wconf 75' lang='lat' dir='ltr'><strong>causa,</strong></span> <span class='ocrx_word' id='word_1_598' title='bbox 1484 1661 1543 1695; x_wconf 87' lang='lat' dir='ltr'><strong>ejus</strong></span> <span class='ocrx_word' id='word_1_599' title='bbox 1559 1658 1771 1687; x_wconf 79' lang='lat' dir='ltr'><strong>immortalitatis</strong></span> 
     </span>
    </p>
   </div>
   <div class='ocr_carea' id='block_1_80' title="bbox 988 1704 1772 1747">
    <p class='ocr_par' dir='ltr' id='par_1_80' title="bbox 988 1704 1772 1747">
     <span class='ocr_line' id='line_1_80' title="bbox 988 1704 1772 1747; baseline -0.013 -8"><span class='ocrx_word' id='word_1_600' title='bbox 988 1711 1134 1747; x_wconf 67' lang='lat' dir='ltr'><strong>probandae</strong></span> <span class='ocrx_word' id='word_1_601' title='bbox 1157 1710 1275 1737; x_wconf 86' lang='lat' dir='ltr'><strong>rationes</strong></span> <span class='ocrx_word' id='word_1_602' title='bbox 1286 1709 1423 1743; x_wconf 78' lang='lat' dir='ltr'><strong>exquiras,</strong></span> <span class='ocrx_word' id='word_1_603' title='bbox 1450 1715 1482 1734; x_wconf 89' lang='lat' dir='ltr'><strong>ac</strong></span> <span class='ocrx_word' id='word_1_604' title='bbox 1503 1714 1557 1733; x_wconf 91' lang='lat' dir='ltr'><strong>non</strong></span> <span class='ocrx_word' id='word_1_605' title='bbox 1582 1706 1662 1732; x_wconf 81' lang='lat' dir='ltr'><strong>istam</strong></span> <span class='ocrx_word' id='word_1_606' title='bbox 1683 1704 1772 1739; x_wconf 88' lang='lat' dir='ltr'><strong>potius</strong></span> 
     </span>
    </p>
   </div>
   <div class='ocr_carea' id='block_1_81' title="bbox 989 1748 1771 1790">
    <p class='ocr_par' dir='ltr' id='par_1_81' title="bbox 989 1748 1771 1790">
     <span class='ocr_line' id='line_1_81' title="bbox 989 1748 1771 1790; baseline -0.013 -6"><span class='ocrx_word' id='word_1_607' title='bbox 989 1765 1070 1784; x_wconf 86' lang='lat' dir='ltr'><strong>unam</strong></span> <span class='ocrx_word' id='word_1_608' title='bbox 1086 1756 1155 1783; x_wconf 88' lang='lat' dir='ltr'><strong>inter</strong></span> <span class='ocrx_word' id='word_1_609' title='bbox 1166 1756 1306 1790; x_wconf 90' lang='lat' dir='ltr'><strong>plerasque</strong></span> <span class='ocrx_word' id='word_1_610' title='bbox 1320 1761 1440 1785; x_wconf 85' lang='lat' dir='ltr'><strong>censeas,</strong></span> <span class='ocrx_word' id='word_1_611' title='bbox 1448 1751 1581 1787; x_wconf 90' lang='lat' dir='ltr'><strong>ejusmodi</strong></span> <span class='ocrx_word' id='word_1_612' title='bbox 1596 1757 1658 1777; x_wconf 91' lang='lat' dir='ltr'><strong>cum</strong></span> <span class='ocrx_word' id='word_1_613' title='bbox 1671 1749 1715 1781; x_wconf 91' lang='lat' dir='ltr'><strong>sit,</strong></span> <span class='ocrx_word' id='word_1_614' title='bbox 1728 1748 1771 1774; x_wconf 89' lang='lat' dir='ltr'><strong>cui</strong></span> 
     </span>
    </p>
   </div>
   <div class='ocr_carea' id='block_1_82' title="bbox 988 1794 1773 1833">
    <p class='ocr_par' dir='ltr' id='par_1_82' title="bbox 988 1794 1773 1833">
     <span class='ocr_line' id='line_1_82' title="bbox 988 1794 1773 1833; baseline -0.013 -3"><span class='ocrx_word' id='word_1_615' title='bbox 988 1811 1042 1830; x_wconf 89' lang='lat' dir='ltr'><strong>non</strong></span> <span class='ocrx_word' id='word_1_616' title='bbox 1052 1802 1146 1830; x_wconf 90' lang='lat' dir='ltr'><strong>cedere</strong></span> <span class='ocrx_word' id='word_1_617' title='bbox 1159 1801 1335 1828; x_wconf 87' lang='lat' dir='ltr'><strong>modestiores</strong></span> <span class='ocrx_word' id='word_1_618' title='bbox 1345 1804 1370 1826; x_wconf 82' lang='lat' dir='ltr'><strong>ct</strong></span> <span class='ocrx_word' id='word_1_619' title='bbox 1380 1799 1512 1833; x_wconf 70' lang='lat' dir='ltr'><strong>aequiores</strong></span> <span class='ocrx_word' id='word_1_620' title='bbox 1522 1797 1597 1824; x_wconf 87' lang='lat' dir='ltr'><strong>salvo</strong></span> <span class='ocrx_word' id='word_1_621' title='bbox 1611 1804 1660 1823; x_wconf 92' lang='lat' dir='ltr'><strong>suo</strong></span> <span class='ocrx_word' id='word_1_622' title='bbox 1670 1794 1773 1830; x_wconf 83' lang='lat' dir='ltr'><strong>pudore</strong></span> 
     </span>
    </p>
   </div>
   <div class='ocr_carea' id='block_1_83' title="bbox 989 1839 1774 1882">
    <p class='ocr_par' dir='ltr' id='par_1_83' title="bbox 989 1839 1774 1882">
     <span class='ocr_line' id='line_1_83' title="bbox 989 1839 1774 1882; baseline -0.013 -8"><span class='ocrx_word' id='word_1_623' title='bbox 989 1855 1043 1875; x_wconf 90' lang='lat' dir='ltr'><strong>non</strong></span> <span class='ocrx_word' id='word_1_624' title='bbox 1057 1847 1171 1882; x_wconf 86' lang='lat' dir='ltr'><strong>possint,</strong></span> <span class='ocrx_word' id='word_1_625' title='bbox 1185 1845 1256 1880; x_wconf 88' lang='lat' dir='ltr'><strong>quod</strong></span> <span class='ocrx_word' id='word_1_626' title='bbox 1272 1845 1399 1871; x_wconf 88' lang='lat' dir='ltr'><strong>nimirum</strong></span> <span class='ocrx_word' id='word_1_627' title='bbox 1413 1843 1466 1870; x_wconf 88' lang='lat' dir='ltr'><strong>Deo</strong></span> <span class='ocrx_word' id='word_1_628' title='bbox 1479 1842 1581 1869; x_wconf 82' lang='lat' dir='ltr'><strong>similes</strong></span> <span class='ocrx_word' id='word_1_629' title='bbox 1592 1839 1687 1875; x_wconf 76' lang='lat' dir='ltr'><strong>agendi</strong></span> <span class='ocrx_word' id='word_1_630' title='bbox 1702 1839 1774 1865; x_wconf 88' lang='lat' dir='ltr'><strong>vires</strong></span> 
     </span>
    </p>
   </div>
   <div class='ocr_carea' id='block_1_84' title="bbox 990 1884 1774 1927">
    <p class='ocr_par' dir='ltr' id='par_1_84' title="bbox 990 1884 1774 1927">
     <span class='ocr_line' id='line_1_84' title="bbox 990 1884 1774 1927; baseline -0.013 -7"><span class='ocrx_word' id='word_1_631' title='bbox 990 1893 1140 1927; x_wconf 78' lang='lat' dir='ltr'><strong>accepisset</strong></span> <span class='ocrx_word' id='word_1_632' title='bbox 1161 1898 1309 1925; x_wconf 80' lang='lat' dir='ltr'><strong>nunquam,</strong></span> <span class='ocrx_word' id='word_1_633' title='bbox 1327 1889 1378 1916; x_wconf 90' lang='lat' dir='ltr'><strong>nisi</strong></span> <span class='ocrx_word' id='word_1_634' title='bbox 1393 1893 1465 1915; x_wconf 79' lang='lat' dir='ltr'><strong>esset</strong></span> <span class='ocrx_word' id='word_1_635' title='bbox 1485 1888 1542 1922; x_wconf 89' lang='lat' dir='ltr'><strong>ipse</strong></span> <span class='ocrx_word' id='word_1_636' title='bbox 1555 1885 1678 1913; x_wconf 66' lang='lat' dir='ltr'><strong>(minus?</strong></span> <span class='ocrx_word' id='word_1_637' title='bbox 1693 1884 1774 1919; x_wconf 76' lang='lat'><strong>556</strong></span> 
     </span>
    </p>
   </div>
   <div class='ocr_carea' id='block_1_85' title="bbox 991 1930 1773 1970">
    <p class='ocr_par' dir='ltr' id='par_1_85' title="bbox 991 1930 1773 1970">
     <span class='ocr_line' id='line_1_85' title="bbox 991 1930 1773 1970; baseline -0.015 -4"><span class='ocrx_word' id='word_1_638' title='bbox 991 1939 1057 1966; x_wconf 80' lang='lat' dir='ltr'><strong>Nam</strong></span> <span class='ocrx_word' id='word_1_639' title='bbox 1074 1938 1097 1965; x_wconf 89' lang='lat' dir='ltr'><strong>si</strong></span> <span class='ocrx_word' id='word_1_640' title='bbox 1112 1936 1218 1964; x_wconf 86' lang='lat' dir='ltr'><strong>mortali</strong></span> <span class='ocrx_word' id='word_1_641' title='bbox 1236 1935 1353 1970; x_wconf 77' lang='lat' dir='ltr'><strong>corpori,</strong></span> <span class='ocrx_word' id='word_1_642' title='bbox 1376 1935 1448 1961; x_wconf 78' lang='lat' dir='ltr'><strong>lluxo</strong></span> <span class='ocrx_word' id='word_1_643' title='bbox 1471 1937 1498 1959; x_wconf 89' lang='lat' dir='ltr'><strong>et</strong></span> <span class='ocrx_word' id='word_1_644' title='bbox 1517 1933 1575 1959; x_wconf 88' lang='lat' dir='ltr'><strong>sine</strong></span> <span class='ocrx_word' id='word_1_645' title='bbox 1591 1934 1694 1961; x_wconf 85' lang='lat' dir='ltr'><strong>mente,</strong></span> <span class='ocrx_word' id='word_1_646' title='bbox 1719 1930 1773 1955; x_wconf 92' lang='lat' dir='ltr'><strong>imo</strong></span> 
     </span>
    </p>
   </div>
   <div class='ocr_carea' id='block_1_86' title="bbox 991 1975 1774 2012">
    <p class='ocr_par' dir='ltr' id='par_1_86' title="bbox 991 1975 1774 2012">
     <span class='ocr_line' id='line_1_86' title="bbox 991 1975 1774 2012; baseline -0.013 -3"><span class='ocrx_word' id='word_1_647' title='bbox 991 1983 1071 2009; x_wconf 85' lang='lat' dir='ltr'><strong>etiam</strong></span> <span class='ocrx_word' id='word_1_648' title='bbox 1087 1988 1151 2008; x_wconf 86' lang='lat' dir='ltr'><strong>vero</strong></span> <span class='ocrx_word' id='word_1_649' title='bbox 1162 1988 1194 2008; x_wconf 85' lang='lat' dir='ltr'><strong>ex</strong></span> <span class='ocrx_word' id='word_1_650' title='bbox 1210 1988 1270 2007; x_wconf 78' lang='lat' dir='ltr'><strong>sese</strong></span> <span class='ocrx_word' id='word_1_651' title='bbox 1284 1979 1420 2011; x_wconf 83' lang='lat' dir='ltr'><strong>cadaveri,</strong></span> <span class='ocrx_word' id='word_1_652' title='bbox 1441 1977 1512 2012; x_wconf 88' lang='lat' dir='ltr'><strong>quod</strong></span> <span class='ocrx_word' id='word_1_653' title='bbox 1536 1975 1717 2009; x_wconf 75' lang='lat' dir='ltr'><strong>exstinguitur</strong></span> <span class='ocrx_word' id='word_1_654' title='bbox 1730 1982 1774 2000; x_wconf 83' lang='lat' dir='ltr'><strong>as-</strong></span> 
     </span>
    </p>
   </div>
   <div class='ocr_carea' id='block_1_87' title="bbox 992 2019 1774 2060">
    <p class='ocr_par' dir='ltr' id='par_1_87' title="bbox 992 2019 1774 2060">
     <span class='ocr_line' id='line_1_87' title="bbox 992 2019 1774 2060; baseline -0.013 -6"><span class='ocrx_word' id='word_1_655' title='bbox 992 2028 1079 2058; x_wconf 90' lang='lat' dir='ltr'><strong>sidue,</strong></span> <span class='ocrx_word' id='word_1_656' title='bbox 1098 2030 1179 2060; x_wconf 85' lang='lat' dir='ltr'><strong>atque</strong></span> <span class='ocrx_word' id='word_1_657' title='bbox 1194 2025 1220 2051; x_wconf 94' lang='lat' dir='ltr'><strong>in</strong></span> <span class='ocrx_word' id='word_1_658' title='bbox 1234 2023 1359 2051; x_wconf 81' lang='lat' dir='ltr'><strong>interitus</strong></span> <span class='ocrx_word' id='word_1_659' title='bbox 1376 2022 1554 2049; x_wconf 86' lang='lat' dir='ltr'><strong>mulationem</strong></span> <span class='ocrx_word' id='word_1_660' title='bbox 1570 2020 1708 2051; x_wconf 81' lang='lat' dir='ltr'><strong>dilabitur,</strong></span> <span class='ocrx_word' id='word_1_661' title='bbox 1733 2019 1774 2044; x_wconf 89' lang='lat' dir='ltr'><strong>in-</strong></span> 
     </span>
    </p>
   </div>
   <div class='ocr_carea' id='block_1_88' title="bbox 992 2064 1775 2102">
    <p class='ocr_par' dir='ltr' id='par_1_88' title="bbox 992 2064 1775 2102">
     <span class='ocr_line' id='line_1_88' title="bbox 992 2064 1775 2102; baseline -0.015 -1"><span class='ocrx_word' id='word_1_662' title='bbox 992 2074 1084 2101; x_wconf 86' lang='lat' dir='ltr'><strong>fossus</strong></span> <span class='ocrx_word' id='word_1_663' title='bbox 1107 2073 1151 2099; x_wconf 91' lang='lat' dir='ltr'><strong>ille</strong></span> <span class='ocrx_word' id='word_1_664' title='bbox 1175 2072 1238 2098; x_wconf 87' lang='lat' dir='ltr'><strong>dum</strong></span> <span class='ocrx_word' id='word_1_665' title='bbox 1260 2074 1316 2102; x_wconf 86' lang='lat' dir='ltr'><strong>est,</strong></span> <span class='ocrx_word' id='word_1_666' title='bbox 1339 2076 1392 2095; x_wconf 91' lang='lat' dir='ltr'><strong>non</strong></span> <span class='ocrx_word' id='word_1_667' title='bbox 1416 2067 1481 2094; x_wconf 89' lang='lat' dir='ltr'><strong>illud</strong></span> <span class='ocrx_word' id='word_1_668' title='bbox 1507 2066 1588 2094; x_wconf 91' lang='lat' dir='ltr'><strong>modo</strong></span> <span class='ocrx_word' id='word_1_669' title='bbox 1603 2064 1677 2099; x_wconf 77' lang='lat' dir='ltr'><strong>lingit</strong></span> <span class='ocrx_word' id='word_1_670' title='bbox 1694 2069 1775 2098; x_wconf 86' lang='lat' dir='ltr'><strong>atque</strong></span> 
     </span>
    </p>
   </div>
   <div class='ocr_carea' id='block_1_89' title="bbox 993 2109 1775 2149">
    <p class='ocr_par' dir='ltr' id='par_1_89' title="bbox 993 2109 1775 2149">
     <span class='ocr_line' id='line_1_89' title="bbox 993 2109 1775 2149; baseline -0.015 -3"><span class='ocrx_word' id='word_1_671' title='bbox 993 2121 1154 2149; x_wconf 87' lang='lat' dir='ltr'><strong>conservat,</strong></span> <span class='ocrx_word' id='word_1_672' title='bbox 1182 2115 1228 2144; x_wconf 87' lang='lat' dir='ltr'><strong>sed</strong></span> <span class='ocrx_word' id='word_1_673' title='bbox 1256 2119 1360 2141; x_wconf 68' lang='lat' dir='ltr'><strong>natura:</strong></span> <span class='ocrx_word' id='word_1_674' title='bbox 1385 2119 1493 2148; x_wconf 84' lang='lat' dir='ltr'><strong>quoque</strong></span> <span class='ocrx_word' id='word_1_675' title='bbox 1524 2119 1579 2139; x_wconf 77' lang='lat' dir='ltr'><strong>sua:</strong></span> <span class='ocrx_word' id='word_1_676' title='bbox 1607 2109 1775 2137; x_wconf 72' lang='lat' dir='ltr'><strong>divinitatem</strong></span> 
     </span>
    </p>
   </div>
   <div class='ocr_carea' id='block_1_90' title="bbox 993 2155 1776 2195">
    <p class='ocr_par' dir='ltr' id='par_1_90' title="bbox 993 2155 1776 2195">
     <span class='ocr_line' id='line_1_90' title="bbox 993 2155 1776 2195; baseline -0.014 -5"><span class='ocrx_word' id='word_1_677' title='bbox 993 2162 1122 2195; x_wconf 88' lang='lat' dir='ltr'><strong>ostendit,</strong></span> <span class='ocrx_word' id='word_1_678' title='bbox 1140 2160 1248 2188; x_wconf 87' lang='lat' dir='ltr'><strong>tametsi</strong></span> <span class='ocrx_word' id='word_1_679' title='bbox 1260 2159 1377 2187; x_wconf 83' lang='lat' dir='ltr'><strong>exitialis</strong></span> <span class='ocrx_word' id='word_1_680' title='bbox 1394 2157 1485 2191; x_wconf 92' lang='lat' dir='ltr'><strong>hujus.</strong></span> <span class='ocrx_word' id='word_1_681' title='bbox 1497 2155 1568 2190; x_wconf 88' lang='lat' dir='ltr'><strong>quod</strong></span> <span class='ocrx_word' id='word_1_682' title='bbox 1581 2155 1690 2182; x_wconf 93' lang='lat' dir='ltr'><strong>obvium</strong></span> <span class='ocrx_word' id='word_1_683' title='bbox 1704 2160 1776 2180; x_wconf 80' lang='lat' dir='ltr'><strong>scin-</strong></span> 
     </span>
    </p>
   </div>
   <div class='ocr_carea' id='block_1_91' title="bbox 994 2198 1774 2243">
    <p class='ocr_par' dir='ltr' id='par_1_91' title="bbox 994 2198 1774 2243">
     <span class='ocr_line' id='line_1_91' title="bbox 994 2198 1774 2243; baseline -0.014 -8"><span class='ocrx_word' id='word_1_684' title='bbox 994 2216 1041 2243; x_wconf 91' lang='lat' dir='ltr'><strong>per</strong></span> <span class='ocrx_word' id='word_1_685' title='bbox 1056 2207 1163 2238; x_wconf 87' lang='lat' dir='ltr'><strong>habeat,</strong></span> <span class='ocrx_word' id='word_1_686' title='bbox 1180 2204 1299 2240; x_wconf 81' lang='lat' dir='ltr'><strong>ﬁgmenti</strong></span> <span class='ocrx_word' id='word_1_687' title='bbox 1321 2203 1406 2230; x_wconf 85' lang='lat' dir='ltr'><strong>moles</strong></span> <span class='ocrx_word' id='word_1_688' title='bbox 1420 2203 1507 2229; x_wconf 89' lang='lat' dir='ltr'><strong>lucem</strong></span> <span class='ocrx_word' id='word_1_689' title='bbox 1523 2201 1581 2234; x_wconf 88' lang='lat' dir='ltr'><strong>ejus</strong></span> <span class='ocrx_word' id='word_1_690' title='bbox 1606 2200 1714 2233; x_wconf 89' lang='lat' dir='ltr'><strong>vimque</strong></span> <span class='ocrx_word' id='word_1_691' title='bbox 1727 2198 1774 2225; x_wconf 88' lang='lat' dir='ltr'><strong>de-</strong></span> 
     </span>
    </p>
   </div>
   <div class='ocr_carea' id='block_1_92' title="bbox 159 2243 936 2293">
    <p class='ocr_par' dir='ltr' id='par_1_92' title="bbox 159 2243 936 2291">
     <span class='ocr_line' id='line_1_92' title="bbox 159 2243 936 2291; baseline 0.001 -11"><span class='ocrx_word' id='word_1_692' title='bbox 159 2253 216 2289; x_wconf 73' lang='grc' dir='ltr'><strong>γὰρ</strong></span> <span class='ocrx_word' id='word_1_693' title='bbox 236 2254 380 2290; x_wconf 70' lang='grc' dir='ltr'><strong>ἐπενόησεν</strong></span> <span class='ocrx_word' id='word_1_694' title='bbox 395 2243 441 2281; x_wconf 75' lang='grc' dir='ltr'><strong>ἐπὶ</strong></span> <span class='ocrx_word' id='word_1_695' title='bbox 455 2256 507 2290; x_wconf 75' lang='grc' dir='ltr'><strong>γῆς</strong></span> <span class='ocrx_word' id='word_1_696' title='bbox 525 2243 646 2288; x_wconf 59' lang='grc' dir='ltr'><strong>ξυνόδους</strong></span> <span class='ocrx_word' id='word_1_697' title='bbox 660 2243 714 2282; x_wconf 68' lang='grc' dir='ltr'><strong>τῷν</strong></span> <span class='ocrx_word' id='word_1_698' title='bbox 726 2256 795 2283; x_wconf 76' lang='grc' dir='ltr'><strong>ἑπτὰ</strong></span> <span class='ocrx_word' id='word_1_699' title='bbox 809 2243 877 2291; x_wconf 74' lang='grc' dir='ltr'><strong>μετὰ</strong></span> <span class='ocrx_word' id='word_1_700' title='bbox 890 2256 936 2282; x_wconf 54' lang='grc' dir='ltr'><strong>τῶι</strong></span> 
     </span>
    </p>
   </div>
   <div class='ocr_carea' id='block_1_93' title="bbox 983 2243 1775 2293">
    <p class='ocr_par' dir='ltr' id='par_1_93' title="bbox 996 2243 1775 2287">
     <span class='ocr_line' id='line_1_93' title="bbox 996 2243 1775 2287; baseline -0.015 -6"><span class='ocrx_word' id='word_1_701' title='bbox 996 2254 1082 2281; x_wconf 77' lang='lat' dir='ltr'><strong>bilitet</strong></span> <span class='ocrx_word' id='word_1_702' title='bbox 1094 2260 1102 2279; x_wconf 89' lang='lat'><strong>:</strong></span> <span class='ocrx_word' id='word_1_703' title='bbox 1115 2251 1251 2287; x_wconf 87' lang='lat' dir='ltr'><strong>quomodo</strong></span> <span class='ocrx_word' id='word_1_704' title='bbox 1266 2250 1384 2281; x_wconf 85' lang='lat' dir='ltr'><strong>tandem,</strong></span> <span class='ocrx_word' id='word_1_705' title='bbox 1401 2248 1445 2275; x_wconf 93' lang='lat' dir='ltr'><strong>ubi</strong></span> <span class='ocrx_word' id='word_1_706' title='bbox 1459 2246 1540 2274; x_wconf 77' lang='lat' dir='ltr'><strong>semel</strong></span> <span class='ocrx_word' id='word_1_707' title='bbox 1555 2245 1685 2272; x_wconf 87' lang='lat' dir='ltr'><strong>rationem</strong></span> <span class='ocrx_word' id='word_1_708' title='bbox 1702 2243 1775 2270; x_wconf 84' lang='lat' dir='ltr'><strong>illam</strong></span> 
     </span>
    </p>
   </div>
   <div class='ocr_carea' id='block_1_94' title="bbox 158 2301 943 2337">
    <p class='ocr_par' dir='ltr' id='par_1_94' title="bbox 158 2301 943 2337">
     <span class='ocr_line' id='line_1_94' title="bbox 158 2301 943 2337; baseline 0.004 -11"><span class='ocrx_word' id='word_1_709' title='bbox 158 2301 295 2335; x_wconf 78' lang='grc' dir='ltr'><strong>κινήσεων</strong></span> <span class='ocrx_word' id='word_1_710' title='bbox 308 2301 517 2336; x_wconf 82' lang='grc' dir='ltr'><strong>δημιουργῆσαι,</strong></span> <span class='ocrx_word' id='word_1_711' title='bbox 530 2302 573 2328; x_wconf 81' lang='grc' dir='ltr'><strong>διὰ</strong></span> <span class='ocrx_word' id='word_1_712' title='bbox 588 2303 790 2337; x_wconf 75' lang='grc' dir='ltr'><strong>μηχανημάτων</strong></span> <span class='ocrx_word' id='word_1_713' title='bbox 805 2303 840 2329; x_wconf 78' lang='grc' dir='ltr'><strong>τὰ</strong></span> <span class='ocrx_word' id='word_1_714' title='bbox 855 2303 884 2329; x_wconf 78' lang='grc' dir='ltr'><strong>ἐν</strong></span> <span class='ocrx_word' id='word_1_715' title='bbox 898 2302 943 2329; x_wconf 74' lang='grc' dir='ltr'><strong>οὒ-</strong></span> 
     </span>
    </p>
   </div>
   <div class='ocr_carea' id='block_1_95' title="bbox 161 2345 947 2384">
    <p class='ocr_par' dir='ltr' id='par_1_95' title="bbox 161 2345 947 2384">
     <span class='ocr_line' id='line_1_95' title="bbox 161 2345 947 2384; baseline 0.004 -13"><span class='ocrx_word' id='word_1_716' title='bbox 161 2345 237 2381; x_wconf 82' lang='grc' dir='ltr'><strong>ρανῷ</strong></span> <span class='ocrx_word' id='word_1_717' title='bbox 253 2346 428 2381; x_wconf 71' lang='grc' dir='ltr'><strong>μιμούμενος.</strong></span> <span class='ocrx_word' id='word_1_718' title='bbox 447 2348 501 2381; x_wconf 74' lang='grc' dir='ltr'><strong>Καὶ</strong></span> <span class='ocrx_word' id='word_1_719' title='bbox 522 2348 547 2374; x_wconf 88' lang='grc' dir='ltr'><strong>τί</strong></span> <span class='ocrx_word' id='word_1_720' title='bbox 566 2348 620 2383; x_wconf 81' lang='grc' dir='ltr'><strong>γὰρ</strong></span> <span class='ocrx_word' id='word_1_721' title='bbox 641 2349 691 2374; x_wconf 72' lang='grc' dir='ltr'><strong>οὐκ</strong></span> <span class='ocrx_word' id='word_1_722' title='bbox 706 2349 862 2384; x_wconf 76' lang='grc' dir='ltr'><strong>ἐπενόησεν,</strong></span> <span class='ocrx_word' id='word_1_723' title='bbox 880 2349 947 2374; x_wconf 83' lang='grc' dir='ltr'><strong>ἀπο-</strong></span> 
     </span>
    </p>
   </div>
   <div class='ocr_carea' id='block_1_96' title="bbox 160 2392 946 2429">
    <p class='ocr_par' dir='ltr' id='par_1_96' title="bbox 160 2392 946 2429">
     <span class='ocr_line' id='line_1_96' title="bbox 160 2392 946 2429; baseline 0.001 -11"><span class='ocrx_word' id='word_1_724' title='bbox 160 2392 269 2424; x_wconf 75' lang='grc' dir='ltr'><strong>δεικνὺς</strong></span> <span class='ocrx_word' id='word_1_725' title='bbox 291 2392 336 2419; x_wconf 84' lang='grc' dir='ltr'><strong>τὸν</strong></span> <span class='ocrx_word' id='word_1_726' title='bbox 361 2393 432 2419; x_wconf 80' lang='grc' dir='ltr'><strong>θεῖον</strong></span> <span class='ocrx_word' id='word_1_727' title='bbox 449 2394 496 2419; x_wconf 75' lang='grc' dir='ltr'><strong>καὶ</strong></span> <span class='ocrx_word' id='word_1_728' title='bbox 523 2393 581 2429; x_wconf 85' lang='grc' dir='ltr'><strong>Θεῷ</strong></span> <span class='ocrx_word' id='word_1_729' title='bbox 596 2395 784 2429; x_wconf 79' lang='grc' dir='ltr'><strong>παρισωμένον</strong></span> <span class='ocrx_word' id='word_1_730' title='bbox 806 2395 834 2420; x_wconf 84' lang='grc' dir='ltr'><strong>ὲν</strong></span> <span class='ocrx_word' id='word_1_731' title='bbox 858 2393 946 2428; x_wconf 79' lang='grc' dir='ltr'><strong>ἐαυτῷ</strong></span> 
     </span>
    </p>
   </div>
   <div class='ocr_carea' id='block_1_97' title="bbox 161 2434 946 2473">
    <p class='ocr_par' dir='ltr' id='par_1_97' title="bbox 161 2434 946 2473">
     <span class='ocr_line' id='line_1_97' title="bbox 161 2434 946 2473; baseline 0.004 -11"><span class='ocrx_word' id='word_1_732' title='bbox 161 2436 244 2468; x_wconf 83' lang='grc' dir='ltr'><strong>νοῦν;</strong></span> <span class='ocrx_word' id='word_1_733' title='bbox 263 2437 322 2471; x_wconf 83' lang='grc' dir='ltr'><strong>Ἀφ’</strong></span> <span class='ocrx_word' id='word_1_734' title='bbox 335 2434 372 2463; x_wconf 84' lang='grc' dir='ltr'><strong>ὧν</strong></span> <span class='ocrx_word' id='word_1_735' title='bbox 392 2437 524 2473; x_wconf 65' lang='grc' dir='ltr'><strong>ὀλυμπίαν</strong></span> <span class='ocrx_word' id='word_1_736' title='bbox 550 2446 578 2464; x_wconf 84' lang='grc' dir='ltr'><strong>τε</strong></span> <span class='ocrx_word' id='word_1_737' title='bbox 601 2440 647 2465; x_wconf 74' lang='grc' dir='ltr'><strong>καὶ</strong></span> <span class='ocrx_word' id='word_1_738' title='bbox 663 2439 746 2470; x_wconf 81' lang='grc' dir='ltr'><strong>θείου,</strong></span> <span class='ocrx_word' id='word_1_739' title='bbox 764 2439 811 2465; x_wconf 70' lang='grc' dir='ltr'><strong>καὶ</strong></span> <span class='ocrx_word' id='word_1_740' title='bbox 821 2438 946 2473; x_wconf 82' lang='grc' dir='ltr'><strong>οὐδαμῶς</strong></span> 
     </span>
    </p>
   </div>
   <div class='ocr_carea' id='block_1_98' title="bbox 162 2481 946 2519">
    <p class='ocr_par' dir='ltr' id='par_1_98' title="bbox 162 2481 946 2519">
     <span class='ocr_line' id='line_1_98' title="bbox 162 2481 946 2519; baseline 0.003 -11"><span class='ocrx_word' id='word_1_741' title='bbox 162 2481 262 2517; x_wconf 81' lang='grc' dir='ltr'><strong>θνητοῦ</strong></span> <span class='ocrx_word' id='word_1_742' title='bbox 283 2483 444 2519; x_wconf 82' lang='grc' dir='ltr'><strong>τολμήματα</strong></span> <span class='ocrx_word' id='word_1_743' title='bbox 463 2484 618 2517; x_wconf 65' lang='grc' dir='ltr'><strong>διαφαίνων,</strong></span> <span class='ocrx_word' id='word_1_744' title='bbox 633 2485 696 2516; x_wconf 75' lang='grc' dir='ltr'><strong>τοὺς</strong></span> <span class='ocrx_word' id='word_1_745' title='bbox 718 2484 828 2515; x_wconf 78' lang='grc' dir='ltr'><strong>πολλοὺς</strong></span> <span class='ocrx_word' id='word_1_746' title='bbox 844 2484 887 2511; x_wconf 82' lang='grc' dir='ltr'><strong>διὰ</strong></span> <span class='ocrx_word' id='word_1_747' title='bbox 902 2493 946 2519; x_wconf 86' lang='grc' dir='ltr'><strong>φι-</strong></span> 
     </span>
    </p>
   </div>
   <div class='ocr_carea' id='block_1_99' title="bbox 161 2529 947 2566">
    <p class='ocr_par' dir='ltr' id='par_1_99' title="bbox 161 2529 947 2566">
     <span class='ocr_line' id='line_1_99' title="bbox 161 2529 947 2566; baseline 0.004 -12"><span class='ocrx_word' id='word_1_748' title='bbox 161 2529 276 2556; x_wconf 81' lang='grc' dir='ltr'><strong>λαυτίαν</strong></span> <span class='ocrx_word' id='word_1_749' title='bbox 301 2531 348 2564; x_wconf 81' lang='grc' dir='ltr'><strong>τῆς</strong></span> <span class='ocrx_word' id='word_1_750' title='bbox 373 2530 462 2556; x_wconf 71' lang='grc' dir='ltr'><strong>αὐτῶν</strong></span> <span class='ocrx_word' id='word_1_751' title='bbox 476 2531 516 2561; x_wconf 86' lang='grc' dir='ltr'><strong>εἰς</strong></span> <span class='ocrx_word' id='word_1_752' title='bbox 530 2530 562 2557; x_wconf 77' lang='grc' dir='ltr'><strong>τὰ</strong></span> <span class='ocrx_word' id='word_1_753' title='bbox 578 2531 652 2557; x_wconf 83' lang='grc' dir='ltr'><strong>κάτω</strong></span> <span class='ocrx_word' id='word_1_754' title='bbox 666 2532 752 2566; x_wconf 72' lang='grc' dir='ltr'><strong>ῥοπῆς</strong></span> <span class='ocrx_word' id='word_1_755' title='bbox 778 2531 840 2558; x_wconf 77' lang='grc' dir='ltr'><strong>ἰδεῖν</strong></span> <span class='ocrx_word' id='word_1_756' title='bbox 866 2531 947 2557; x_wconf 75' lang='grc' dir='ltr'><strong>αὑτὸν</strong></span> 
     </span>
    </p>
   </div>
   <div class='ocr_carea' id='block_1_100' title="bbox 162 2576 948 2612">
    <p class='ocr_par' dir='ltr' id='par_1_100' title="bbox 162 2576 948 2612">
     <span class='ocr_line' id='line_1_100' title="bbox 162 2576 948 2612; baseline 0.001 -10"><span class='ocrx_word' id='word_1_757' title='bbox 162 2576 213 2611; x_wconf 74' lang='grc' dir='ltr'><strong>οὐχ</strong></span> <span class='ocrx_word' id='word_1_758' title='bbox 223 2576 294 2607; x_wconf 73' lang='grc' dir='ltr'><strong>οἵους</strong></span> <span class='ocrx_word' id='word_1_759' title='bbox 307 2584 336 2602; x_wconf 88' lang='grc' dir='ltr'><strong>τε</strong></span> <span class='ocrx_word' id='word_1_760' title='bbox 347 2576 434 2608; x_wconf 79' lang='grc' dir='ltr'><strong>δντας,</strong></span> <span class='ocrx_word' id='word_1_761' title='bbox 449 2577 480 2602; x_wconf 74' lang='grc' dir='ltr'><strong>ὲκ</strong></span> <span class='ocrx_word' id='word_1_762' title='bbox 493 2576 545 2603; x_wconf 63' lang='grc' dir='ltr'><strong>τ’ῖιν</strong></span> <span class='ocrx_word' id='word_1_763' title='bbox 557 2576 656 2609; x_wconf 76' lang='grc' dir='ltr'><strong>ἔξωθεν</strong></span> <span class='ocrx_word' id='word_1_764' title='bbox 669 2578 836 2612; x_wconf 77' lang='grc' dir='ltr'><strong>φαινομένων</strong></span> <span class='ocrx_word' id='word_1_765' title='bbox 847 2577 948 2612; x_wconf 76' lang='grc' dir='ltr'><strong>ὁμοίιος</strong></span> 
     </span>
    </p>
   </div>
   <div class='ocr_carea' id='block_1_101' title="bbox 162 2621 948 2657">
    <p class='ocr_par' dir='ltr' id='par_1_101' title="bbox 162 2621 948 2657">
     <span class='ocr_line' id='line_1_101' title="bbox 162 2621 948 2657; baseline -0.001 -8"><span class='ocrx_word' id='word_1_766' title='bbox 162 2622 257 2654; x_wconf 74' lang='grc' dir='ltr'><strong>αὐτοῖς</strong></span> <span class='ocrx_word' id='word_1_767' title='bbox 285 2621 423 2657; x_wconf 78' lang='grc' dir='ltr'><strong>θνητοειδῆ</strong></span> <span class='ocrx_word' id='word_1_768' title='bbox 446 2622 565 2655; x_wconf 77' lang='grc' dir='ltr'><strong>δοξάζειν</strong></span> <span class='ocrx_word' id='word_1_769' title='bbox 581 2622 660 2649; x_wconf 73' lang='grc' dir='ltr'><strong>αὐτὸν</strong></span> <span class='ocrx_word' id='word_1_770' title='bbox 682 2623 871 2650; x_wconf 82' lang='grc' dir='ltr'><strong>ἀναπέπεικεν·</strong></span> <span class='ocrx_word' id='word_1_771' title='bbox 888 2622 948 2654; x_wconf 77' lang='grc' dir='ltr'><strong>ἐνὸς</strong></span> 
     </span>
    </p>
   </div>
   <div class='ocr_carea' id='block_1_102' title="bbox 163 2666 946 2704">
    <p class='ocr_par' dir='ltr' id='par_1_102' title="bbox 163 2666 946 2704">
     <span class='ocr_line' id='line_1_102' title="bbox 163 2666 946 2704; baseline 0 -10"><span class='ocrx_word' id='word_1_772' title='bbox 163 2668 241 2698; x_wconf 75' lang='grc' dir='ltr'><strong>ὄντος</strong></span> <span class='ocrx_word' id='word_1_773' title='bbox 255 2667 303 2694; x_wconf 75' lang='grc' dir='ltr'><strong>καὶ</strong></span> <span class='ocrx_word' id='word_1_774' title='bbox 318 2666 411 2693; x_wconf 85' lang='grc' dir='ltr'><strong>τούτου</strong></span> <span class='ocrx_word' id='word_1_775' title='bbox 425 2667 526 2702; x_wconf 85' lang='grc' dir='ltr'><strong>τρόπου</strong></span> <span class='ocrx_word' id='word_1_776' title='bbox 539 2669 588 2704; x_wconf 83' lang='grc' dir='ltr'><strong>τῆς</strong></span> <span class='ocrx_word' id='word_1_777' title='bbox 603 2669 634 2694; x_wconf 86' lang='grc' dir='ltr'><strong>ὲκ</strong></span> <span class='ocrx_word' id='word_1_778' title='bbox 649 2668 747 2700; x_wconf 84' lang='grc' dir='ltr'><strong>κακίας</strong></span> <span class='ocrx_word' id='word_1_779' title='bbox 762 2668 946 2704; x_wconf 83' lang='grc' dir='ltr'><strong>παραμυθίας,</strong></span> 
     </span>
    </p>
   </div>
   <div class='ocr_carea' id='block_1_103' title="bbox 162 2712 946 2749">
    <p class='ocr_par' dir='ltr' id='par_1_103' title="bbox 162 2712 946 2749">
     <span class='ocr_line' id='line_1_103' title="bbox 162 2712 946 2749; baseline 0.001 -10"><span class='ocrx_word' id='word_1_780' title='bbox 162 2713 205 2745; x_wconf 74' lang='grc' dir='ltr'><strong>τὸ,</strong></span> <span class='ocrx_word' id='word_1_781' title='bbox 219 2714 254 2748; x_wconf 84' lang='grc' dir='ltr'><strong>τῇ</strong></span> <span class='ocrx_word' id='word_1_782' title='bbox 265 2712 440 2739; x_wconf 84' lang='grc' dir='ltr'><strong>ἀντανισώσει</strong></span> <span class='ocrx_word' id='word_1_783' title='bbox 452 2715 501 2749; x_wconf 83' lang='grc' dir='ltr'><strong>τῆς</strong></span> <span class='ocrx_word' id='word_1_784' title='bbox 511 2714 615 2741; x_wconf 79' lang='grc' dir='ltr'><strong>ἑαυτῶν</strong></span> <span class='ocrx_word' id='word_1_785' title='bbox 627 2714 781 2749; x_wconf 85' lang='grc' dir='ltr'><strong>ἀθλιότητος</strong></span> <span class='ocrx_word' id='word_1_786' title='bbox 791 2714 834 2741; x_wconf 84' lang='grc' dir='ltr'><strong>διὰ</strong></span> <span class='ocrx_word' id='word_1_787' title='bbox 843 2714 876 2741; x_wconf 83' lang='grc' dir='ltr'><strong>τὰ</strong></span> <span class='ocrx_word' id='word_1_788' title='bbox 884 2713 946 2746; x_wconf 74' lang='grc' dir='ltr'><strong>ἕξω-</strong></span> 
     </span>
    </p>
   </div>
   <div class='ocr_carea' id='block_1_104' title="bbox 166 2759 947 2796">
    <p class='ocr_par' dir='ltr' id='par_1_104' title="bbox 166 2759 947 2796">
     <span class='ocr_line' id='line_1_104' title="bbox 166 2759 947 2796; baseline 0 -11"><span class='ocrx_word' id='word_1_789' title='bbox 166 2759 212 2786; x_wconf 76' lang='grc' dir='ltr'><strong>θεν</strong></span> <span class='ocrx_word' id='word_1_790' title='bbox 227 2759 376 2794; x_wconf 82' lang='grc' dir='ltr'><strong>φαινόμενα</strong></span> <span class='ocrx_word' id='word_1_791' title='bbox 392 2760 692 2796; x_wconf 71' lang='grc' dir='ltr'><strong>προσαναπαυομένους,</strong></span> <span class='ocrx_word' id='word_1_792' title='bbox 708 2760 811 2787; x_wconf 83' lang='grc' dir='ltr'><strong>πείθειν</strong></span> <span class='ocrx_word' id='word_1_793' title='bbox 826 2760 947 2791; x_wconf 78' lang='grc' dir='ltr'><strong>ἑαυτοὺς,</strong></span> 
     </span>
    </p>
   </div>
   <div class='ocr_carea' id='block_1_105' title="bbox 166 2805 946 2843">
    <p class='ocr_par' dir='ltr' id='par_1_105' title="bbox 166 2805 946 2843">
     <span class='ocr_line' id='line_1_105' title="bbox 166 2805 946 2843; baseline 0.001 -11"><span class='ocrx_word' id='word_1_794' title='bbox 166 2806 208 2833; x_wconf 77' lang='grc' dir='ltr'><strong>ὅτι</strong></span> <span class='ocrx_word' id='word_1_795' title='bbox 221 2805 260 2838; x_wconf 85' lang='grc' dir='ltr'><strong>ὡς</strong></span> <span class='ocrx_word' id='word_1_796' title='bbox 275 2805 309 2832; x_wconf 70' lang='grc' dir='ltr'><strong>τὰ</strong></span> <span class='ocrx_word' id='word_1_797' title='bbox 323 2805 384 2839; x_wconf 79' lang='grc' dir='ltr'><strong>ἔξω,</strong></span> <span class='ocrx_word' id='word_1_798' title='bbox 393 2806 440 2832; x_wconf 74' lang='grc' dir='ltr'><strong>καὶ</strong></span> <span class='ocrx_word' id='word_1_799' title='bbox 450 2806 485 2833; x_wconf 76' lang='grc' dir='ltr'><strong>τὰ</strong></span> <span class='ocrx_word' id='word_1_800' title='bbox 499 2806 564 2833; x_wconf 80' lang='grc' dir='ltr'><strong>εἴσω</strong></span> <span class='ocrx_word' id='word_1_801' title='bbox 575 2808 662 2842; x_wconf 83' lang='grc' dir='ltr'><strong>ὅμοιοι</strong></span> <span class='ocrx_word' id='word_1_802' title='bbox 671 2807 770 2839; x_wconf 77' lang='grc' dir='ltr'><strong>πάντες</strong></span> <span class='ocrx_word' id='word_1_803' title='bbox 780 2807 927 2843; x_wconf 77' lang='grc' dir='ltr'><strong>ἄνθρωποι.</strong></span> <span class='ocrx_word' id='word_1_804' title='bbox 936 2817 946 2833; x_wconf 76' lang='grc' dir='ltr'><strong>ι</strong></span> 
     </span>
    </p>
   </div>
   <div class='ocr_carea' id='block_1_106' title="bbox 204 2861 947 2902">
    <p class='ocr_par' dir='ltr' id='par_1_106' title="bbox 204 2861 947 2902">
     <span class='ocr_line' id='line_1_106' title="bbox 204 2861 947 2902; baseline 0 -12"><span class='ocrx_word' id='word_1_805' title='bbox 204 2861 477 2902; x_wconf 60' lang='grc' dir='ltr'><strong>(δὸυφοτωνιάτης</strong></span> <span class='ocrx_word' id='word_1_806' title='bbox 502 2863 638 2902; x_wconf 65' lang='grc' dir='ltr'><strong>ςευσριᾴς.</strong></span> <span class='ocrx_word' id='word_1_807' title='bbox 658 2863 839 2902; x_wconf 67' lang='lat' dir='ltr'><strong>Pythagoras,</strong></span> <span class='ocrx_word' id='word_1_808' title='bbox 858 2863 947 2902; x_wconf 75' lang='lat' dir='ltr'><strong>credo.</strong></span> 
     </span>
    </p>
   </div>
   <div class='ocr_carea' id='block_1_107' title="bbox 169 2895 951 2931">
    <p class='ocr_par' dir='ltr' id='par_1_107' title="bbox 169 2895 951 2931">
     <span class='ocr_line' id='line_1_107' title="bbox 169 2895 951 2931; baseline 0.004 -8"><span class='ocrx_word' id='word_1_809' title='bbox 169 2895 236 2924; x_wconf 79' lang='lat' dir='ltr'><strong>Nam</strong></span> <span class='ocrx_word' id='word_1_810' title='bbox 249 2896 368 2925; x_wconf 88' lang='lat' dir='ltr'><strong>Crotone</strong></span> <span class='ocrx_word' id='word_1_811' title='bbox 383 2895 552 2931; x_wconf 83' lang='lat' dir='ltr'><strong>potissimum</strong></span> <span class='ocrx_word' id='word_1_812' title='bbox 565 2897 661 2925; x_wconf 66' lang='lat' dir='ltr'><strong>italiae</strong></span> <span class='ocrx_word' id='word_1_813' title='bbox 680 2895 856 2928; x_wconf 68' lang='lat' dir='ltr'><strong>philosophiae</strong></span> <span class='ocrx_word' id='word_1_814' title='bbox 870 2898 951 2926; x_wconf 81' lang='lat' dir='ltr'><strong>scho-</strong></span> 
     </span>
    </p>
   </div>
   <div class='ocr_carea' id='block_1_108' title="bbox 996 2290 1776 2333">
    <p class='ocr_par' dir='ltr' id='par_1_108' title="bbox 996 2290 1776 2333">
     <span class='ocr_line' id='line_1_108' title="bbox 996 2290 1776 2333; baseline -0.018 -5"><span class='ocrx_word' id='word_1_815' title='bbox 996 2308 1084 2333; x_wconf 86' lang='lat' dir='ltr'><strong>suam,</strong></span> <span class='ocrx_word' id='word_1_816' title='bbox 1108 2299 1182 2327; x_wconf 82' lang='lat' dir='ltr'><strong>velut</strong></span> <span class='ocrx_word' id='word_1_817' title='bbox 1195 2305 1302 2329; x_wconf 79' lang='lat' dir='ltr'><strong>aurum,</strong></span> <span class='ocrx_word' id='word_1_818' title='bbox 1325 2295 1359 2322; x_wconf 87' lang='lat' dir='ltr'><strong>ah</strong></span> <span class='ocrx_word' id='word_1_819' title='bbox 1381 2292 1536 2322; x_wconf 82' lang='lat' dir='ltr'><strong>circumfusi</strong></span> <span class='ocrx_word' id='word_1_820' title='bbox 1552 2292 1600 2318; x_wconf 91' lang='lat' dir='ltr'><strong>luti</strong></span> <span class='ocrx_word' id='word_1_821' title='bbox 1617 2290 1776 2324; x_wconf 75' lang='lat' dir='ltr'><strong>contagione</strong></span> 
     </span>
    </p>
   </div>
   <div class='ocr_carea' id='block_1_109' title="bbox 996 2335 1776 2378">
    <p class='ocr_par' dir='ltr' id='par_1_109' title="bbox 996 2335 1776 2378">
     <span class='ocr_line' id='line_1_109' title="bbox 996 2335 1776 2378; baseline -0.018 -3"><span class='ocrx_word' id='word_1_822' title='bbox 996 2352 1129 2375; x_wconf 79' lang='lat' dir='ltr'><strong>secretam</strong></span> <span class='ocrx_word' id='word_1_823' title='bbox 1143 2353 1175 2372; x_wconf 86' lang='lat' dir='ltr'><strong>ac</strong></span> <span class='ocrx_word' id='word_1_824' title='bbox 1188 2343 1337 2378; x_wconf 86' lang='lat' dir='ltr'><strong>sejunctam</strong></span> <span class='ocrx_word' id='word_1_825' title='bbox 1351 2340 1483 2372; x_wconf 85' lang='lat' dir='ltr'><strong>habuerit,</strong></span> <span class='ocrx_word' id='word_1_826' title='bbox 1499 2346 1575 2366; x_wconf 86' lang='lat' dir='ltr'><strong>suam</strong></span> <span class='ocrx_word' id='word_1_827' title='bbox 1584 2345 1632 2372; x_wconf 89' lang='lat' dir='ltr'><strong>per</strong></span> <span class='ocrx_word' id='word_1_828' title='bbox 1646 2344 1705 2363; x_wconf 81' lang='lat' dir='ltr'><strong>sese</strong></span> <span class='ocrx_word' id='word_1_829' title='bbox 1721 2335 1776 2361; x_wconf 83' lang='lat' dir='ltr'><strong>for-</strong></span> 
     </span>
    </p>
   </div>
   <div class='ocr_carea' id='block_1_110' title="bbox 996 2383 1776 2427">
    <p class='ocr_par' dir='ltr' id='par_1_110' title="bbox 996 2383 1776 2427">
     <span class='ocr_line' id='line_1_110' title="bbox 996 2383 1776 2427; baseline -0.018 -5"><span class='ocrx_word' id='word_1_830' title='bbox 996 2402 1067 2421; x_wconf 88' lang='lat' dir='ltr'><strong>mam</strong></span> <span class='ocrx_word' id='word_1_831' title='bbox 1094 2392 1265 2427; x_wconf 84' lang='lat' dir='ltr'><strong>speciemque</strong></span> <span class='ocrx_word' id='word_1_832' title='bbox 1288 2387 1438 2424; x_wconf 84' lang='lat' dir='ltr'><strong>patefaciet,</strong></span> <span class='ocrx_word' id='word_1_833' title='bbox 1455 2394 1515 2421; x_wconf 71' lang='lat' dir='ltr'><strong>quaz</strong></span> <span class='ocrx_word' id='word_1_834' title='bbox 1540 2393 1592 2412; x_wconf 90' lang='lat' dir='ltr'><strong>non</strong></span> <span class='ocrx_word' id='word_1_835' title='bbox 1613 2383 1699 2410; x_wconf 80' lang='lat' dir='ltr'><strong>aliinis</strong></span> <span class='ocrx_word' id='word_1_836' title='bbox 1717 2388 1776 2409; x_wconf 82' lang='lat' dir='ltr'><strong>tan-</strong></span> 
     </span>
    </p>
   </div>
   <div class='ocr_carea' id='block_1_111' title="bbox 998 2431 1776 2467">
    <p class='ocr_par' dir='ltr' id='par_1_111' title="bbox 998 2431 1776 2467">
     <span class='ocr_line' id='line_1_111' title="bbox 998 2431 1776 2467; baseline -0.015 -2"><span class='ocrx_word' id='word_1_837' title='bbox 998 2443 1052 2465; x_wconf 93' lang='lat' dir='ltr'><strong>tum</strong></span> <span class='ocrx_word' id='word_1_838' title='bbox 1071 2437 1126 2463; x_wconf 83' lang='lat' dir='ltr'><strong>[leo</strong></span> <span class='ocrx_word' id='word_1_839' title='bbox 1149 2436 1201 2467; x_wconf 87' lang='lat' dir='ltr'><strong>sit,</strong></span> <span class='ocrx_word' id='word_1_840' title='bbox 1227 2441 1321 2460; x_wconf 86' lang='lat' dir='ltr'><strong>verum</strong></span> <span class='ocrx_word' id='word_1_841' title='bbox 1344 2432 1424 2459; x_wconf 90' lang='lat' dir='ltr'><strong>etiam</strong></span> <span class='ocrx_word' id='word_1_842' title='bbox 1447 2436 1555 2466; x_wconf 79' lang='lat' dir='ltr'><strong>propter</strong></span> <span class='ocrx_word' id='word_1_843' title='bbox 1577 2431 1646 2456; x_wconf 87' lang='lat' dir='ltr'><strong>hanc</strong></span> <span class='ocrx_word' id='word_1_844' title='bbox 1664 2435 1725 2455; x_wconf 88' lang='lat' dir='ltr'><strong>cum</strong></span> <span class='ocrx_word' id='word_1_845' title='bbox 1744 2434 1776 2454; x_wconf 80' lang='lat' dir='ltr'><strong>eo</strong></span> 
     </span>
    </p>
   </div>
   <div class='ocr_carea' id='block_1_112' title="bbox 997 2474 1777 2514">
    <p class='ocr_par' dir='ltr' id='par_1_112' title="bbox 997 2474 1777 2514">
     <span class='ocr_line' id='line_1_112' title="bbox 997 2474 1777 2514; baseline -0.015 -3"><span class='ocrx_word' id='word_1_846' title='bbox 997 2482 1226 2513; x_wconf 87' lang='lat' dir='ltr'><strong>communionem,</strong></span> <span class='ocrx_word' id='word_1_847' title='bbox 1247 2485 1274 2507; x_wconf 90' lang='lat' dir='ltr'><strong>et</strong></span> <span class='ocrx_word' id='word_1_848' title='bbox 1293 2478 1390 2514; x_wconf 82' lang='lat' dir='ltr'><strong>agendi</strong></span> <span class='ocrx_word' id='word_1_849' title='bbox 1415 2478 1545 2504; x_wconf 83' lang='lat' dir='ltr'><strong>rationem</strong></span> <span class='ocrx_word' id='word_1_850' title='bbox 1568 2477 1592 2503; x_wconf 93' lang='lat' dir='ltr'><strong>ei</strong></span> <span class='ocrx_word' id='word_1_851' title='bbox 1614 2474 1777 2510; x_wconf 83' lang='lat' dir='ltr'><strong>persimilem</strong></span> 
     </span>
    </p>
   </div>
   <div class='ocr_carea' id='block_1_113' title="bbox 998 2519 1776 2559">
    <p class='ocr_par' dir='ltr' id='par_1_113' title="bbox 998 2519 1776 2559">
     <span class='ocr_line' id='line_1_113' title="bbox 998 2519 1776 2559; baseline -0.014 -3"><span class='ocrx_word' id='word_1_852' title='bbox 998 2530 1086 2556; x_wconf 86' lang='lat' dir='ltr'><strong>adhuc</strong></span> <span class='ocrx_word' id='word_1_853' title='bbox 1098 2528 1222 2559; x_wconf 86' lang='lat' dir='ltr'><strong>retineat,</strong></span> <span class='ocrx_word' id='word_1_854' title='bbox 1239 2531 1266 2553; x_wconf 84' lang='lat' dir='ltr'><strong>ct</strong></span> <span class='ocrx_word' id='word_1_855' title='bbox 1278 2533 1353 2556; x_wconf 89' lang='lat' dir='ltr'><strong>vero.</strong></span> <span class='ocrx_word' id='word_1_856' title='bbox 1373 2532 1425 2559; x_wconf 84' lang='lat' dir='ltr'><strong>qua</strong></span> <span class='ocrx_word' id='word_1_857' title='bbox 1439 2524 1479 2550; x_wconf 91' lang='lat' dir='ltr'><strong>sui</strong></span> <span class='ocrx_word' id='word_1_858' title='bbox 1495 2526 1569 2557; x_wconf 90' lang='lat' dir='ltr'><strong>parte</strong></span> <span class='ocrx_word' id='word_1_859' title='bbox 1590 2519 1712 2548; x_wconf 82' lang='lat' dir='ltr'><strong>mortalis</strong></span> <span class='ocrx_word' id='word_1_860' title='bbox 1725 2523 1776 2549; x_wconf 87' lang='lat' dir='ltr'><strong>est.</strong></span> 
     </span>
    </p>
   </div>
   <div class='ocr_carea' id='block_1_114' title="bbox 997 2565 1778 2605">
    <p class='ocr_par' dir='ltr' id='par_1_114' title="bbox 997 2565 1778 2605">
     <span class='ocr_line' id='line_1_114' title="bbox 997 2565 1778 2605; baseline -0.014 -3"><span class='ocrx_word' id='word_1_861' title='bbox 997 2579 1027 2602; x_wconf 88' lang='lat' dir='ltr'><strong>ut</strong></span> <span class='ocrx_word' id='word_1_862' title='bbox 1040 2581 1105 2601; x_wconf 87' lang='lat' dir='ltr'><strong>sane</strong></span> <span class='ocrx_word' id='word_1_863' title='bbox 1118 2577 1169 2605; x_wconf 88' lang='lat' dir='ltr'><strong>est,</strong></span> <span class='ocrx_word' id='word_1_864' title='bbox 1186 2573 1251 2599; x_wconf 87' lang='lat' dir='ltr'><strong>dum</strong></span> <span class='ocrx_word' id='word_1_865' title='bbox 1267 2570 1372 2597; x_wconf 89' lang='lat' dir='ltr'><strong>mortali</strong></span> <span class='ocrx_word' id='word_1_866' title='bbox 1396 2576 1510 2603; x_wconf 86' lang='lat' dir='ltr'><strong>corpore</strong></span> <span class='ocrx_word' id='word_1_867' title='bbox 1533 2566 1653 2594; x_wconf 89' lang='lat' dir='ltr'><strong>inclusus</strong></span> <span class='ocrx_word' id='word_1_868' title='bbox 1666 2565 1778 2593; x_wconf 89' lang='lat' dir='ltr'><strong>constri-</strong></span> 
     </span>
    </p>
   </div>
   <div class='ocr_carea' id='block_1_115' title="bbox 998 2611 1777 2653">
    <p class='ocr_par' dir='ltr' id='par_1_115' title="bbox 998 2611 1777 2653">
     <span class='ocr_line' id='line_1_115' title="bbox 998 2611 1777 2653; baseline -0.012 -7"><span class='ocrx_word' id='word_1_869' title='bbox 998 2625 1112 2653; x_wconf 90' lang='lat' dir='ltr'><strong>ctusque</strong></span> <span class='ocrx_word' id='word_1_870' title='bbox 1127 2622 1234 2648; x_wconf 84' lang='lat' dir='ltr'><strong>manet,</strong></span> <span class='ocrx_word' id='word_1_871' title='bbox 1258 2624 1291 2643; x_wconf 91' lang='lat' dir='ltr'><strong>eo</strong></span> <span class='ocrx_word' id='word_1_872' title='bbox 1305 2620 1408 2643; x_wconf 84' lang='lat' dir='ltr'><strong>tantum</strong></span> <span class='ocrx_word' id='word_1_873' title='bbox 1432 2622 1485 2641; x_wconf 91' lang='lat' dir='ltr'><strong>non</strong></span> <span class='ocrx_word' id='word_1_874' title='bbox 1510 2613 1689 2643; x_wconf 78' lang='lat' dir='ltr'><strong>dissolvatur,</strong></span> <span class='ocrx_word' id='word_1_875' title='bbox 1704 2611 1777 2646; x_wconf 92' lang='lat' dir='ltr'><strong>quod</strong></span> 
     </span>
    </p>
   </div>
   <div class='ocr_carea' id='block_1_116' title="bbox 998 2656 1777 2700">
    <p class='ocr_par' dir='ltr' id='par_1_116' title="bbox 998 2656 1777 2700">
     <span class='ocr_line' id='line_1_116' title="bbox 998 2656 1777 2700; baseline -0.014 -7"><span class='ocrx_word' id='word_1_876' title='bbox 998 2666 1056 2700; x_wconf 80' lang='lat' dir='ltr'><strong>ejus</strong></span> <span class='ocrx_word' id='word_1_877' title='bbox 1081 2669 1184 2692; x_wconf 69' lang='lat' dir='ltr'><strong>natura:</strong></span> <span class='ocrx_word' id='word_1_878' title='bbox 1203 2663 1248 2695; x_wconf 75' lang='lat' dir='ltr'><strong>sit,</strong></span> <span class='ocrx_word' id='word_1_879' title='bbox 1264 2670 1323 2697; x_wconf 66' lang='lat' dir='ltr'><strong>quae</strong></span> <span class='ocrx_word' id='word_1_880' title='bbox 1338 2661 1439 2688; x_wconf 88' lang='lat' dir='ltr'><strong>nullam</strong></span> <span class='ocrx_word' id='word_1_881' title='bbox 1460 2658 1660 2694; x_wconf 86' lang='lat' dir='ltr'><strong>corruptionem</strong></span> <span class='ocrx_word' id='word_1_882' title='bbox 1682 2656 1777 2684; x_wconf 88' lang='lat' dir='ltr'><strong>interi-</strong></span> 
     </span>
    </p>
   </div>
   <div class='ocr_carea' id='block_1_117' title="bbox 999 2702 1778 2745">
    <p class='ocr_par' dir='ltr' id='par_1_117' title="bbox 999 2702 1778 2745">
     <span class='ocr_line' id='line_1_117' title="bbox 999 2702 1778 2745; baseline -0.013 -6"><span class='ocrx_word' id='word_1_883' title='bbox 999 2717 1111 2745; x_wconf 85' lang='lat' dir='ltr'><strong>tumque</strong></span> <span class='ocrx_word' id='word_1_884' title='bbox 1119 2709 1267 2744; x_wconf 65' lang='lat' dir='ltr'><strong>patiatur?»</strong></span> <span class='ocrx_word' id='word_1_885' title='bbox 1281 2707 1378 2734; x_wconf 84' lang='lat' dir='ltr'><strong>Deinde</strong></span> <span class='ocrx_word' id='word_1_886' title='bbox 1387 2704 1686 2741; x_wconf 47' lang='lat' dir='ltr'><strong>progressusiulteriusu</strong></span> <span class='ocrx_word' id='word_1_887' title='bbox 1693 2702 1778 2735; x_wconf 83' lang='lat' dir='ltr'><strong>Idem,</strong></span> 
     </span>
    </p>
   </div>
   <div class='ocr_carea' id='block_1_118' title="bbox 1001 2748 1778 2791">
    <p class='ocr_par' dir='ltr' id='par_1_118' title="bbox 1001 2748 1778 2791">
     <span class='ocr_line' id='line_1_118' title="bbox 1001 2748 1778 2791; baseline -0.01 -8"><span class='ocrx_word' id='word_1_888' title='bbox 1001 2756 1099 2791; x_wconf 86' lang='lat' dir='ltr'><strong>inquit,</strong></span> <span class='ocrx_word' id='word_1_889' title='bbox 1114 2759 1253 2790; x_wconf 68' lang='lat' dir='ltr'><strong>praeterea,</strong></span> <span class='ocrx_word' id='word_1_890' title='bbox 1277 2753 1314 2780; x_wconf 92' lang='lat' dir='ltr'><strong>uti</strong></span> <span class='ocrx_word' id='word_1_891' title='bbox 1330 2761 1361 2780; x_wconf 86' lang='lat' dir='ltr'><strong>ex</strong></span> <span class='ocrx_word' id='word_1_892' title='bbox 1372 2761 1420 2780; x_wconf 90' lang='lat' dir='ltr'><strong>sua</strong></span> <span class='ocrx_word' id='word_1_893' title='bbox 1436 2759 1497 2778; x_wconf 88' lang='lat' dir='ltr'><strong>eum</strong></span> <span class='ocrx_word' id='word_1_894' title='bbox 1512 2759 1544 2778; x_wconf 90' lang='lat' dir='ltr'><strong>eo</strong></span> <span class='ocrx_word' id='word_1_895' title='bbox 1557 2750 1602 2785; x_wconf 91' lang='lat' dir='ltr'><strong>qui</strong></span> <span class='ocrx_word' id='word_1_896' title='bbox 1616 2754 1691 2784; x_wconf 90' lang='lat' dir='ltr'><strong>parte</strong></span> <span class='ocrx_word' id='word_1_897' title='bbox 1704 2748 1778 2775; x_wconf 91' lang='lat' dir='ltr'><strong>omni</strong></span> 
     </span>
    </p>
   </div>
   <div class='ocr_carea' id='block_1_119' title="bbox 1000 2796 1777 2834">
    <p class='ocr_par' dir='ltr' id='par_1_119' title="bbox 1000 2796 1777 2834">
     <span class='ocr_line' id='line_1_119' title="bbox 1000 2796 1777 2834; baseline -0.012 -4"><span class='ocrx_word' id='word_1_898' title='bbox 1000 2807 1084 2834; x_wconf 86' lang='lat' dir='ltr'><strong>caret.</strong></span> <span class='ocrx_word' id='word_1_899' title='bbox 1101 2800 1287 2831; x_wconf 77' lang='lat' dir='ltr'><strong>similitudine,</strong></span> <span class='ocrx_word' id='word_1_900' title='bbox 1312 2799 1420 2826; x_wconf 89' lang='lat' dir='ltr'><strong>divinus</strong></span> <span class='ocrx_word' id='word_1_901' title='bbox 1444 2798 1540 2824; x_wconf 88' lang='lat' dir='ltr'><strong>merito</strong></span> <span class='ocrx_word' id='word_1_902' title='bbox 1560 2796 1643 2824; x_wconf 87' lang='lat' dir='ltr'><strong>videri</strong></span> <span class='ocrx_word' id='word_1_903' title='bbox 1665 2799 1753 2830; x_wconf 87' lang='lat' dir='ltr'><strong>potest</strong></span> <span class='ocrx_word' id='word_1_904' title='bbox 1770 2803 1777 2821; x_wconf 88' lang='lat'>:</span> 
     </span>
    </p>
   </div>
   <div class='ocr_carea' id='block_1_120' title="bbox 1001 2853 1778 2889">
    <p class='ocr_par' dir='ltr' id='par_1_120' title="bbox 1001 2853 1778 2889">
     <span class='ocr_line' id='line_1_120' title="bbox 1001 2853 1778 2889; baseline -0.005 -4"><span class='ocrx_word' id='word_1_905' title='bbox 1001 2860 1065 2888; x_wconf 86' lang='lat' dir='ltr'><strong>lam,</strong></span> <span class='ocrx_word' id='word_1_906' title='bbox 1083 2862 1112 2884; x_wconf 92' lang='lat' dir='ltr'><strong>ut</strong></span> <span class='ocrx_word' id='word_1_907' title='bbox 1134 2860 1249 2887; x_wconf 88' lang='lat' dir='ltr'><strong>constat,</strong></span> <span class='ocrx_word' id='word_1_908' title='bbox 1264 2855 1378 2889; x_wconf 83' lang='lat' dir='ltr'><strong>aperuit,</strong></span> <span class='ocrx_word' id='word_1_909' title='bbox 1394 2859 1421 2881; x_wconf 87' lang='lat' dir='ltr'><strong>et</strong></span> <span class='ocrx_word' id='word_1_910' title='bbox 1437 2862 1485 2888; x_wconf 89' lang='lat' dir='ltr'><strong>pro</strong></span> <span class='ocrx_word' id='word_1_911' title='bbox 1499 2853 1651 2882; x_wconf 83' lang='lat' dir='ltr'><strong>animorum</strong></span> <span class='ocrx_word' id='word_1_912' title='bbox 1668 2854 1778 2882; x_wconf 88' lang='lat' dir='ltr'><strong>immor-</strong></span> 
     </span>
    </p>
   </div>
   <div class='ocr_carea' id='block_1_121' title="bbox 1002 2889 1556 2924">
    <p class='ocr_par' dir='ltr' id='par_1_121' title="bbox 1002 2889 1556 2924">
     <span class='ocr_line' id='line_1_121' title="bbox 1002 2889 1556 2924; baseline -0.009 -3"><span class='ocrx_word' id='word_1_913' title='bbox 1002 2894 1104 2921; x_wconf 78' lang='lat' dir='ltr'><strong>talitate</strong></span> <span class='ocrx_word' id='word_1_914' title='bbox 1122 2891 1241 2920; x_wconf 85' lang='lat' dir='ltr'><strong>studiose</strong></span> <span class='ocrx_word' id='word_1_915' title='bbox 1255 2891 1405 2924; x_wconf 74' lang='lat' dir='ltr'><strong>acriterque</strong></span> <span class='ocrx_word' id='word_1_916' title='bbox 1420 2889 1556 2924; x_wconf 83' lang='lat' dir='ltr'><strong>pugnavit.</strong></span> 
     </span>
    </p>
   </div>
  </div>
