2078 3207
153 151 206 178 999

723 149 884 176 ΡΒᾹΞΡΑΠ.
908 149 1031 178 EVA‘NG.
1055 150 1116 178 LIB.
1139 150 1183 178 XI.

1731 154 1783 181 950

152 211 308 246 περιληπτὰ
326 210 379 247 (86)
397 212 444 238 καὶ
461 211 561 246 γενητὰ
575 211 671 246 ἐφάνη.
688 211 732 245 Τῷ
746 211 768 237 δ⁴
783 209 815 237 αὖ
834 210 936 246 γενομέ

997 211 1094 239 Omnia
1110 217 1198 240 autem
1218 213 1280 239 talia
1298 220 1407 240 sensum
1426 217 1544 246 movent,
1559 221 1711 248 sensusque
1727 223 1785 241 m0-

133 279 139 284 .
151 265 190 292 νῳ
206 257 296 292 φαμὲν
321 258 366 284 ὑπ’
385 257 470 284 αἰτίου
489 257 560 289 τινὸς
576 257 696 292 ἀνάγκην
719 255 788 284 εἶναι
805 257 942 291 γενέσθαι.

152 303 204 330 Ἰὺν
225 303 274 338 μὲν
301 301 348 330 οὖν
366 303 480 339 ποιητὴν
495 304 541 330 καὶ
557 303 721 340 δημιουργὸν
735 304 790 339 (87)
807 304 884 330 τοῦδε
897 303 943 330 τοῦ

152 348 254 380 παντὸς
278 349 368 384 εὑρεῖν
393 357 423 375 τε
452 349 548 384 ἔργον,
569 350 617 376 καὶ
640 349 754 384 εὑρόντα
776 350 816 381 εἰς
841 349 944 380 πάντας

148 394 281 421 ἀδύνατον
310 394 409 429 λέγειν.
436 404 445 421 ι
462 395 517 421 Καὶ
531 393 608 426 αὖθις
628 394 691 429 ἑξῆς
714 403 805 429 φησιν·
825 403 833 419 ι
851 394 943 426 Οὕτως

149 439 198 468 οὖν
221 441 253 477 δὴ
275 441 345 469 κατὰ
367 441 442 475 λόγον
470 442 513 469 τὸν
532 442 623 468 εἰκότα
642 442 682 468 δεῖ
703 442 790 476 λέγειν
806 441 880 468 τόνδε
897 442 943 468 τὸν

150 487 254 522 κύαμον
276 486 344 519 ζῶον
363 486 493 522 ἔμψυχον,
515 487 604 514 ἔννουν
629 487 755 522 γενέσθαι
774 488 808 523 τῇ
828 487 942 523 ἀλτθείςι

148 532 195 558 διὰ
211 532 260 568 τὴν
271 531 317 559 τοῦ
334 532 401 559 Θεοῦ
416 532 552 568 πρόνοιαν.
575 543 584 558 ι

415 665 613 692 ΚΕΦᾹΛΑῙΟΝ
635 666 674 692 Λ’.

254 711 332 746 [Περὶ
349 710 409 737 τῶν
425 712 489 738 κατ’
508 710 638 745 οὐρανόν
651 712 825 746 φωστήρων.

183 757 268 785 Πάλιν
288 758 427 790 Μωῡσέως
457 758 504 784 καὶ
519 757 629 790 τούτους
640 756 709 784 εἶναι
723 759 854 794 γενητοὺς
870 758 942 785 διδά-

148 804 242 837 ξαντος
266 805 298 831 δι’
326 801 363 831 ὧν
388 804 488 840 ἔφησε·
508 814 517 831 ‹
537 806 590 831 Καὶ
610 803 685 832 εἶπεν
700 807 714 832 ὁ
730 805 805 838 Θεός-
827 805 940 842 γενηθή-

147 861 239 879 τωσαν
262 852 404 888 φωστῆρες
433 853 462 879 ὲν
489 852 529 888 τῷ
556 853 724 888 στερεώματι
745 853 791 880 τοῦ
813 853 938 889 οὐρανοῦ,

147 899 219 925 ὥστε
234 899 338 933 φαίνειν
359 899 408 925 ἐπὶ
423 899 472 934 τῆς
486 899 552 934 γῆς·
573 899 619 926 καὶ
637 899 757 926 ἔστωσαν
773 900 812 931 εἰς
828 900 938 934 σημεῖα,

147 945 194 972 καὶ
221 946 262 977 εἰς
288 946 410 980 καιροὺς,
426 945 473 972 καὶ
487 945 527 976 εἰς
541 945 657 981 ἡμέρας,
671 945 717 972 καὶ
734 946 774 976 εἰς
790 944 938 976 ἐνιαυτούς.

148 990 201 1016 Καὶ
222 991 349 1026 ἐποίησεν
365 992 379 1018 ὁ
394 991 459 1022 Θεὸς
474 991 536 1022 τοὺς
551 991 598 1018 δύο
614 991 759 1027 φωστῆρας
774 991 836 1022 τοὺς
855 991 940 1026 μεγά-

145 1035 219 1070 λους,
232 1037 350 1069 καὶτοὺς
367 1037 501 1073 ἀστέρας·
518 1038 565 1064 καὶ
582 1036 657 1063 ἔθετο
673 1037 771 1069 αὐτοὺς
785 1038 813 1063 ὲν
825 1036 862 1072 τῷ
877 1045 938 1062 στε-

148 1081 270 1118 ρεώματι
284 1082 330 1109 τοῦ
345 1082 476 1118 οὐρανοῦ·
497 1092 505 1108 ι
525 1082 626 1118 ὁμοίως
641 1083 687 1109 καὶ
700 1083 714 1108 ὁ
729 1082 850 1115 Πλάτων,
863 1091 872 1109 ‹
892 1081 939 1114 Ἐξ

145 1126 192 1155 οὖν
216 1127 296 1162 λόγου
313 1128 366 1164 (88)
397 1127 463 1154 Θεοῦ
491 1129 536 1155 καὶ
573 1128 700 1161 διανοίας,
731 1129 818 1163 φησὶ,
848 1128 938 1154 τοιαύ-

144 1183 195 1210 της
220 1175 289 1210 πρὸς
309 1175 405 1210 χρόνου
422 1174 540 1208 γένεσιν,
556 1175 599 1201 ἴνα
617 1175 717 1211 γενηθῇ
735 1176 840 1211 χρόνος,
850 1175 936 1211 ἥλιος,

145 1221 192 1246 καὶ
214 1221 324 1256 σελήνη,
342 1221 389 1248 καὶ
405 1221 485 1248 πέντε
500 1221 568 1248 ἄλλα
587 1221 676 1257 ἄστρα
699 1221 813 1256 ἐπίκλην
840 1221 936 1257 ἔχοντα

144 1267 290 1302 πλάνητες,
315 1269 355 1299 εἰς
380 1267 519 1304 διορισμὸν
540 1268 587 1294 καὶ
613 1267 734 1303 φυλακὴν
758 1268 854 1304 χρόνου
880 1267 934 1304 (89)

143 1312 252 1348 γέγονε.
271 1312 389 1349 Σώματα
408 1313 436 1340 δὲ
455 1315 543 1342 αὐτῶν
561 1315 677 1351 ποιήσας
700 1315 714 1341 ὁ
743 1314 820 1346 Θεὸς,
837 1314 934 1350 ἔθηκεν

143 1360 184 1392 εἰς
205 1360 255 1391 τὰς
279 1359 439 1396 περιφοράς.
458 1370 467 1387 ι
488 1361 627 1397 Ἐπιτήρει
643 1361 681 1394 δὲ,
698 1361 722 1387 εἰ
743 1361 779 1397 μὴ
797 1360 837 1392 τὸ,
859 1370 868 1386 t
890 1361 934 1393 Ἐξ

143 1404 192 1432 οὖν
203 1406 283 1440 λόγου
308 1407 355 1433 καὶ
369 1406 489 1439 διανοίας
504 1406 583 1439 Θεοῦ,
605 1417 614 1433 I
631 1407 773 1443 εἰρημένον
799 1407 838 1443 τῷ
862 1407 934 1434 Πλά-

143 1461 208 1478 τωνι
242 1453 334 1487 ὅμοιον
361 1453 394 1480 ἂν
416 1454 458 1489 εἴη
476 1453 515 1489 τῷ
542 1455 607 1490 παρ’
631 1454 767 1499 Ἑϐραίοις
789 1454 930 1488 φάσκοντι·

146 1508 154 1524 ι
173 1498 218 1533 Τῷ
241 1498 312 1534 λόγῳ
333 1499 435 1535 Κυρίου
449 1500 474 1526 οι
488 1500 595 1535 οὐρανοὶ
606 1498 818 1535 ἐστερεώθησαν,
835 1500 881 1526 καὶ
894 1499 932 1535 τῷ

143 1543 280 1580 πνεύματι
307 1545 355 1572 τοῦ
377 1545 510 1582 στόματος
530 1546 611 1573 αὐτοῦ
632 1546 705 1573 πᾶσα
722 1547 737 1581 ή
752 1546 865 1581 δύναμις
885 1546 933 1573 αὺ-

141 1590 209 1616 τὼν.
229 1600 238 1615 ι
262 1590 342 1618 Ἀλλὰ
368 1591 416 1618 καὶ
434 1592 573 1624 Μωῡσέως
599 1584 733 1624 εἰπόνλτος,
754 1601 762 1616 ι
783 1591 838 1618 Καὶ
860 1591 936 1618 ἔθετο

143 1637 244 1668 αὐτοὺς
264 1637 293 1663 ὲν
316 1637 355 1672 τῷ
373 1637 556 1674 στερεώματι·
578 1648 587 1664 ι
612 1638 692 1673 ὁμοίᾳ
707 1638 839 1673 κέχρηται
855 1639 902 1664 καὶ
923 1640 937 1666 ὁ

143 1682 257 1708 Πλάτων
275 1684 349 1718 φωνῇ
368 1684 412 1718 τῇ,
425 1692 438 1710 ι
460 1683 587 1719 Ἔθηκεν,
607 1693 616 1710 ι
634 1683 729 1714 εἰπὼν,
747 1693 755 1709 t
775 1683 889 1718 σώματα
907 1683 936 1710 δὲ

141 1729 236 1756 αὐτῶν
256 1730 370 1764 ποιήσας
391 1731 405 1757 ὁ
429 1729 494 1762 Θεὸς
515 1729 613 1765 ἔθηκεν
628 1729 730 1762 εἰςτὰς
743 1729 903 1766 περιφοράς.
924 1739 933 1755 ν

400 1776 599 1803 ΚΕΦΔΛΔΙΟΝ
621 1776 683 1803 ΛΑ’.

253 1823 313 1849 ’Ότι
327 1822 426 1850 πάντα
438 1822 517 1849 καλὰ
531 1823 568 1848 τὰ
579 1823 650 1857 ἔργα
664 1822 716 1849 τοῦ
733 1822 817 1850 Θεοῦ.

179 1869 236 1905 Τῆς
263 1868 395 1905 Ἐϐραίων
410 1868 522 1904 Γραφῆς
538 1869 580 1902 ἐφ’
599 1868 706 1903 ἑκάστῳ
728 1868 937 1905 δημιουργημά-

139 1925 198 1943 των
222 1914 420 1950 ἐπιφωνούσης,
442 1923 450 1939 t
470 1914 525 1940 Kal.
543 1913 612 1941 εἶδεν
629 1916 643 1941 ὁ
664 1914 730 1946 Θεὸς
747 1915 789 1941 ὅτι
804 1916 902 1943 καλόν
923 1925 932 1942 ι

141 1963 192 1989 καὶ
216 1963 262 1988 ἐπὶ
297 1962 329 1997 τῇ
356 1961 467 1987 πάντων
495 1960 729 1995 συγκεφαλαιώσει
760 1961 932 1997 φασκούσης·

145 2019 154 2034 ι
179 2009 234 2034 Καὶ
248 2006 316 2035 εἶδεν
333 2008 348 2034 ὁ
368 2007 434 2038 Θεὸς
448 2006 483 2034 τὰ
497 2006 595 2038 πάντα,
614 2007 660 2033 καὶ
675 2006 728 2033 ῐῶὺ
748 2007 818 2034 καλὰ
833 2007 902 2034 λίαν.
922 2018 931 2034 ι

143 2054 246 2079 ’Ἄκουε
275 2052 322 2080 τοῦ
344 2052 486 2083 Πλάτωνος
502 2052 642 2085 λὲγοντοςο
659 2061 668 2077 ι
698 2052 729 2078 Εἰ
748 2052 796 2087 μὲν
808 2052 839 2088 δὴ
854 2052 934 2085 καλός

141 2100 219 2125 ἐστιν
238 2099 280 2126 ὅδε
297 2100 311 2126 ὁ
329 2099 441 2134 κόσμος,
460 2099 475 2125 ὃ
491 2107 520 2125 τε
539 2098 710 2133 Δημιουργὺς
730 2098 841 2132 ἀγαθὸς,
855 2099 934 2134 δῆλον

140 2145 182 2176 ὡς
199 2147 268 2181 πρὸς
282 2146 313 2172 τὸ
326 2145 411 2172 ἀΐδιον
430 2145 536 2172 ἐὸλεπε·
552 2155 561 2172 ι
574 2145 622 2171 καὶ
636 2144 726 2171 πάλιν·
748 2154 757 2169 ε
768 2145 797 2171 '0
815 2145 864 2180 μὲν
879 2145 933 2181 γὰρ

141 2191 286 2223 κάλλιστος
300 2191 354 2218 τῶν
367 2192 525 2226 γεγονότων,
543 2193 557 2218 ὁ
571 2191 592 2218 δ’
608 2192 718 2227 ἄριστος
728 2191 781 2217 τῶν
798 2191 901 2218 αἰτίων.
921 2201 930 2218 ι

399 2334 596 2360 ΚΕΦΔΛΛΙΟΝ
617 2333 678 2360 AB’.

141 2378 215 2414 Περὶ
237 2379 291 2414 τῆς
311 2380 502 2412 ἀλλοιώσεως
536 2381 583 2407 καὶ
611 2379 778 2414 μεταϐολῆς
804 2380 857 2407 τοῦ
883 2381 934 2407 κό-

497 2423 585 2450 σμου.

183 2470 192 2484 ι
213 2460 267 2486 Καὶ
282 2461 346 2496 περὶ
362 2460 456 2487 τούτου
477 2460 567 2494 πάσης
587 2459 720 2495 Ἐῦραιων
736 2459 847 2494 Γραφῆς
864 2459 934 2485 διδα-

143 2506 275 2541 σκούσης,
287 2506 346 2532 τοτὲ
362 2507 410 2542 μὲν
421 2506 454 2533 δι’
466 2502 504 2532 ὧν
516 2514 592 2540 φησι,
606 2515 614 2531 t
630 2506 684 2532 Kal
696 2505 849 2540 ὲλιγήσεται
864 2505 877 2530 ὁ
890 2505 935 2530 οὺ-

144 2551 229 2587 ρανὺς
243 2551 279 2582 ὼς
297 2551 415 2587 βιὸλίονο
438 2561 447 2577 ι
462 2551 523 2577 τοτὲ
550 2550 578 2577 δὲ
596 2550 630 2577 δι’
647 2547 684 2577 ὧν
700 2550 830 2584 ἐπιλέγει,
851 2559 859 2575 ι
880 2549 936 2575 Kal.

143 2598 224 2624 ἔσται
236 2598 251 2623 ό
264 2597 376 2632 οὐρανὸς
393 2597 494 2628 καινὸς,
511 2597 586 2631 καὶὴ
602 2596 637 2631 γῆ
649 2596 739 2631 καινὴ.
754 2595 771 2622 ἂ
789 2595 844 2629 ἐγὼ
867 2595 935 2622 ποιῶ

147 2643 240 2679 μένειν
253 2642 367 2670 ἐνώπιόν
384 2651 446 2677 μου,
457 2641 530 2677 λέγει
544 2642 654 2677 Κύριος·
663 2651 671 2666 ι
684 2641 730 2668 καὶ
746 2640 826 2668 πάλιν
841 2640 934 2667 ἄλλοτε

144 2687 181 2713 δι’
205 2683 244 2714 ὧν
256 2695 333 2722 φησι.
351 2695 360 2712 ί
375 2686 497 2722 Παράγει
517 2686 572 2721 γὰρ
593 2685 623 2711 τὸ
648 2685 740 2720 σχῆμα
761 2685 807 2711 τοῦ
832 2685 934 2721 κόσμου

183 2765 238 2799 (86)
259 2764 440 2799 Περιληπτά.
462 2764 540 2792 Plato
558 2765 626 2791 inter
642 2764 712 2790 hanc
725 2771 819 2790 voeetn
843 2768 870 2791 et
890 2771 934 2791 se-

145 2806 240 2836 qttent.
258 2800 355 2827 inserit
371 2800 439 2835 μετὰ
451 2799 602 2836 αισθήσεως
622 2799 779 2836 γιγνόμενα.

183 2835 239 2870 (87)
260 2834 452 2870 Δημιρυργόν.
469 2834 556 2865 Plato.
571 2835 692 2870 Πατέρα.

183 2868 240 2906 (88)
255 2868 306 2902 ’ΒΕ
317 2868 373 2898 οὖν
389 2868 492 2904 λόγου.
508 2869 578 2898 Idem
595 2868 681 2902 Plato,
702 2869 780 2903 ibid.,
796 2878 856 2905 pag.
882 2869 933 2898 5‘29

995 259 1084 285 rentia
1109 266 1169 293 qua:
1192 263 1264 290 sunt,
1291 258 1385 285 eadem
1409 259 1436 285 in
1461 259 1589 292 opinione
1612 259 1783 286 considunt:

994 312 1055 335 quae
1075 309 1165 331 ortum
1191 305 1290 332 habere
1311 304 1438 339 gignique
1455 304 1591 337 diximus;
1613 304 1679 331 nihil
1694 309 1783 332 autem

994 349 1066 384 gigni
1082 357 1161 384 posse
1176 350 1235 377 sine
1246 349 1348 376 causis.
1383 352 1470 384 Atque
1490 349 1566 376 illum
1581 349 1690 384 quidem
1703 348 1784 383 quasi

994 400 1133 430 parentem
1159 395 1241 430 hujus
1264 395 1451 422 universitatis
1474 395 1597 422 invenire
1612 395 1718 422 dillicile
1729 400 1782 426 est,

993 446 1020 468 et
1031 449 1091 468 eum
1102 442 1158 477 jam
1176 442 1322 472 inveneris,
1340 442 1459 469 indicare
1473 441 1499 468 in
1518 442 1613 476 vulgus
1626 441 1711 468 nefas.
1725 451 1734 467 ι
1749 441 1783 468 Et

993 487 1120 522 deinceps
1136 497 1142 514 :
1160 496 1169 513 ι
1188 487 1275 520 Quam
1286 488 1320 515 ob
1337 496 1448 516 causam
1462 496 1516 515 non
1537 492 1578 515 est
1599 488 1782 515 cunctandum

993 532 1123 567 profiteri,
1137 533 1159 560 si
1177 533 1259 561 modo
1274 533 1430 569 investigari
1447 534 1550 568 aliquid
1566 533 1721 568 conjectura
1735 540 1783 567 po-

993 582 1055 611 test,
1074 578 1147 605 hunc
1162 579 1293 606 mundum
1313 579 1413 606 animal
1436 588 1507 611 esse,
1524 580 1604 614 idque
1618 579 1782 614 intelligens,

991 628 1019 651 et
1035 624 1126 651 divina
1143 625 1315 652 Providentia
1332 626 1522 652 constitutum.
1546 637 1554 650 I

1272 671 1392 705 CAPUT,
1414 671 1497 699 xxx.

1239 717 1277 744 De
1301 718 1359 744 εοειὶ
1382 718 1534 745 luminibus.

1026 762 1114 790 Moses
1133 769 1262 797 praeterea
1278 771 1357 791 suum
1370 764 1432 791 ρωΙί
1449 764 1598 790 luminibus
1607 767 1696 790 ortum
1712 763 1782 791 assi-

991 809 1082 843 gnavit
1102 809 1143 836 his
1165 809 1251 836 verbis
1269 819 1275 836 :
1296 819 1305 835 ι
1324 809 1356 836 Εῑ
1371 810 1437 836 dixit
1458 809 1529 836 Deus
1544 818 1550 836 :
1566 809 1645 836 Fiant
1661 809 1780 836 lumina-

991 855 1031 881 ria
1048 855 1074 882 in
1089 855 1262 882 firmamento
1277 855 1350 887 οωιί,
1369 862 1398 882 ut
1411 855 1521 882 luceant
1532 863 1613 890 super
1626 859 1738 888 terram,
1753 859 1782 882 et

992 901 1047 928 sint
1061 901 1088 928 in
1103 902 1180 936 signa
1197 906 1223 929 et
1237 907 1370 936 tempora,
1394 907 1421 928 et
1436 902 1504 933 dies,
1523 906 1550 928 et
1566 908 1662 928 annos.
1692 900 1780 929 Fecit-

990 955 1043 982 que
1058 947 1128 975 Deus
1151 949 1206 975 duo
1227 948 1373 976 luminaria
1391 956 1499 983 magna,
1516 953 1542 975 et
1555 948 1658 976 stellas.
1685 949 1719 976 Et
1732 956 1780 983 po-

990 994 1044 1020 suit
1057 1001 1103 1021 eas
1119 994 1145 1020 in
1161 994 1334 1021 firmamento
1347 994 1407 1021 eteli
1421 994 1440 1020 ³.
1450 1004 1458 1020 ι
1474 994 1559 1026 Quam
1577 994 1604 1020 in
1616 993 1779 1021 sententiam

989 1037 1076 1070 Plato,
1087 1048 1096 1064 ι
1109 1038 1223 1066 Ratione
1248 1040 1341 1074 igitur,
1369 1039 1466 1074 inquit,
1484 1044 1511 1066 et
1524 1043 1615 1066 mente
1631 1039 1733 1071 divina,
1746 1039 1778 1065 ad

988 1085 1120 1119 originem
1146 1085 1274 1119 temperi:
1300 1084 1468 1112 curriculum
1487 1084 1626 1111 inventum
1647 1088 1690 1110 est
1711 1084 1780 1111 solis

987 1134 1013 1157 et
1028 1130 1116 1161 lunae,
1140 1134 1167 1156 ct
1190 1129 1305 1156 aliorum
1330 1129 1450 1163 quinque
1469 1133 1605 1154 astrorum
1628 1126 1778 1153 errantium

987 1179 1179 1210 cognomento,
1193 1174 1226 1201 ad
1241 1174 1372 1209 temporis
1388 1181 1516 1200 numeros
1532 1172 1738 1207 distinguendos
1752 1175 1779 1198 ct

987 1220 1200 1248 conservandos.
1231 1219 1354 1254 Corpora
1376 1224 1466 1245 autem
1491 1226 1586 1246 eorum
1609 1219 1777 1253 singulorum

986 1273 1047 1293 cum
1059 1265 1191 1294 elIecissel
1201 1265 1321 1298 Deus,ea
1338 1265 1370 1292 ad
1386 1265 1580 1292 conversiones
1593 1264 1745 1292 collocarit.
1763 1274 1772 1289 ι

986 1311 1034 1339 Hie
1045 1315 1074 1338 tu
1088 1311 1155 1338 mihi
1170 1311 1279 1344 videsis,
1294 1319 1359 1338 num
1373 1311 1444 1346 quod
1456 1310 1533 1337 Plato
1548 1310 1626 1342 dixit,
1641 1310 1720 1344 λόγου
1731 1309 1779 1336 καὶ

984 1358 1105 1390 διανοίας
1119 1356 1186 1384 Θεοῦ
1207 1357 1300 1393 (verbo
1317 1365 1349 1384 ac
1363 1361 1451 1384 tuente
1464 1357 1580 1389 divina),
1597 1357 1621 1384 ei
1640 1356 1779 1391 persimile

984 1403 1031 1436 sit,
1046 1403 1118 1437 quod
1134 1403 1172 1430 ait
1192 1402 1282 1430 Moses
1295 1425 1300 1430 .
1313 1401 1384 1437 λόγῳ
1407 1411 1415 1428 ι
1434 1401 1522 1428 Verbo
1536 1401 1640 1428 Domini
1656 1400 1717 1427 cceli
1730 1401 1777 1426 lir-

985 1447 1049 1474 tuati
1065 1451 1139 1480 sunt,
1159 1456 1169 1472 ›
1189 1452 1215 1474 et
1232 1447 1368 1482 πνεύματι
1388 1455 1397 1472 ι
1417 1446 1518 1480 Spiritu
1536 1446 1593 1472 oris
1613 1445 1672 1479 ejus
1687 1444 1779 1471 omnis

985 1493 1072 1520 virtus
1086 1500 1193 1520 eorum.
1214 1503 1222 1519 ι
1238 1492 1392 1526 Quinetiam
1410 1500 1472 1519 cum
1485 1491 1589 1526 Moyses
1600 1491 1709 1519 dixerit.
1724 1489 1776 1516 Kal

986 1539 1072 1571 ἔθετο,
1095 1549 1104 1564 ι
1121 1543 1147 1566 et
1170 1539 1262 1574 posuit
1285 1546 1315 1565 ea
1334 1539 1360 1565 in
1377 1538 1547 1565 firntamento
1566 1537 1627 1565 coeli
1646 1545 1655 1565 ι
1675 1545 1684 1562 t
1700 1535 1778 1564 Plato

988 1585 1069 1612 simili
1089 1592 1198 1620 quoque
1211 1591 1278 1611 voce
1293 1592 1371 1616 usus,
1389 1584 1440 1610 hoc
1452 1588 1503 1616 est,
1518 1582 1627 1618 έθηκεν,
1648 1589 1775 1617 corpora,

988 1631 1086 1665 inquit,
1103 1630 1273 1665 singulorum
1290 1638 1352 1657 cum
1367 1629 1502 1657 eﬂccissut
1515 1629 1586 1657 Deus
1596 1650 1604 1662 ,
1619 1637 1650 1656 ea
1663 1628 1696 1655 ad
1709 1635 1776 1655 con-

988 1677 1127 1704 versiones
1145 1677 1314 1704 collocavit.)

1264 1772 1379 1801 CAPUT
1400 1773 1496 1801 XXXI.

1170 1819 1267 1846 Omnia
1282 1819 1331 1846 Dei
1348 1827 1426 1852 opt-ra
1443 1819 1510 1845 bona
1525 1827 1590 1845 esse.

1021 1865 1090 1893 Cum
1102 1865 1184 1892 etiam
1195 1885 1203 1898 ,
1220 1870 1250 1892 ut
1271 1865 1398 1900 quodque
1415 1864 1563 1898 perfectum
1579 1869 1638 1892 erat
1652 1865 1774 1892 divinum

987 1919 1071 1948 opus,
1090 1911 1161 1942 hanc
1178 1918 1263 1938 sacrae
1278 1911 1374 1937 litterae
1403 1909 1484 1945 559
1509 1909 1657 1936 clausulam
1676 1909 1775 1938 identi-

986 1958 1046 1984 dem
1065 1956 1221 1991 adjecerint,
1237 1956 1285 1983 «Et
1296 1955 1363 1982 vidit
1378 1955 1449 1982 Deus
1463 1955 1535 1989 quod
1550 1955 1651 1981 bonum
1661 1960 1734 1983 esset
1761 1965 1773 1982 ι

986 2003 1106 2037 itemque
1133 2007 1162 2029 ut
1185 2002 1267 2029 simul
1291 2001 1383 2029 omnia
1406 2001 1683 2036 comprehenderent,
1712 2011 1721 2026 ι
1741 2001 1774 2028 Et.

985 2048 1052 2074 vidit
1068 2046 1140 2074 Deus
1156 2048 1292 2079 omnia,et
1307 2055 1370 2074 ecce
1385 2047 1463 2073 valde
1476 2046 1547 2073 bona
1564 2051 1639 2073 erant
1656 2057 1662 2074 :
1688 2056 1697 2071 ι
1709 2046 1772 2074 Pla-

986 2099 1076 2121 tonem
1092 2094 1154 2121 audi
1166 2094 1206 2121 sic
1223 2093 1388 2128 loquentem,
1399 2103 1408 2119 ε
1429 2092 1518 2127 Atque
1532 2093 1556 2120 si
1570 2093 1659 2120 bonus
1674 2098 1715 2120 est
1729 2093 1774 2120 hic

985 2140 1121 2172 mundus,
1147 2139 1170 2166 si
1187 2139 1274 2166 bonus
1288 2139 1409 2174 ejusdem
1427 2138 1549 2171 Artifex,
1573 2138 1693 2174 profecto
1709 2146 1773 2173 spe-

985 2187 1053 2213 ciem
1063 2184 1332 2213 aaternitatisimitari
1346 2184 1691 2219 maluit.tAlqueiterum,t
1703 2183 1771 2211 Nam

950 2237 971 2264 Ι)
987 2233 1023 2260 uti
1041 2233 1158 2260 mundus
1172 2231 1294 2259 omnium
1311 2239 1371 2266 quae
1387 2231 1495 2259 condita
1513 2236 1576 2259 sunt
1587 2230 1707 2266 optimus
1719 2235 1771 2263 est,

986 2279 1022 2305 ita
1037 2278 1107 2306 Deus
1123 2278 1258 2305 artificum
1276 2278 1398 2305 omnium
1413 2278 1541 2312 optimus.
1557 2287 1567 2303 ι

1257 2333 1372 2360 CAPUT
1390 2333 1497 2360 XXXII.

1108 2380 1147 2407 De
1160 2380 1316 2408 alteration:
1328 2389 1358 2407 ac
1376 2381 1521 2413 mutatione
1535 2381 1636 2407 mundi.

1020 2459 1113 2486 Mundi
1141 2459 1316 2486 mutationem
1345 2458 1485 2494 Scriptura
1511 2465 1684 2485 nenraeorum
1708 2459 1771 2486 uni-

985 2512 1063 2532 versa
1089 2509 1214 2537 testatur,
1239 2509 1270 2531 ut
1294 2512 1356 2531 cum
1382 2505 1440 2531 ait:
1471 2513 1480 2529 ι
1508 2503 1541 2530 Ει
1564 2503 1771 2538 complicabitur

986 2550 1056 2578 sicut
1067 2549 1135 2577 liber
1143 2550 1242 2577 caelum
1259 2548 1327 2584 (Isa.
1343 2548 1481 2583 xxxth);
1495 2549 1641 2584 memque:
1655 2558 1664 2574 ι
1678 2549 1709 2576 Et
1720 2549 1771 2576 erit

986 2597 1085 2623 ccelum
1099 2603 1213 2628 novum,
1230 2600 1257 2622 et
1272 2600 1342 2622 terra
1360 2603 1439 2626 nova,
1457 2601 1518 2629 qum
1531 2602 1581 2629 ego
1595 2595 1692 2622 faciam
1711 2603 1769 2622 ma-

986 2642 1083 2668 nerein
1095 2645 1240 2675 conspectu
1252 2648 1321 2672 meo,
1330 2639 1394 2667 dicit
1407 2639 1609 2675 DominusUsa.
1620 2648 1682 2672 va,
1692 2640 1746 2676 17).
1756 2651 1766 2666 ι

986 2688 1021 2715 Ει
1041 2695 1151 2716 rursum
1175 2687 1259 2714 alibi:
1290 2695 1298 2710 ι
1326 2685 1449 2712 Praeterit
1473 2686 1545 2713 enim
1569 2686 1655 2721 figura
1675 2688 1769 2714 mundi

986 2765 1082 2794 Ficini.

1021 2801 1076 2836 (89)
1088 2799 1233 2836 ¢vluﬁm
1245 2800 1366 2835 χρόνον.
1387 2799 1462 2828 Plato
1477 2805 1503 2828 et
1514 2807 1652 2828 manuscr.
1667 2799 1767 2828 Euseb.

986 2838 1110 2864 inserunt
1127 2835 1261 2870 ἀριθμῶν.
