2078 3207
324 146 374 176 951

623 146 759 175 EUSEBII
779 143 1017 173 CIESAP-IENSIS
1034 144 1109 172 OPP.
1131 145 1220 173 PAIIS
1239 145 1270 172 II.
1291 160 1327 165 ——
1344 144 1596 174 APOLOGETICA.

1899 149 1953 176 93?.

326 204 408 239 hujus
422 202 451 238 (Ι
466 202 527 230 Cor.
537 210 585 234 ut,
594 202 650 237 5|).
668 212 677 228 ι
689 201 774 235 Quum
783 202 935 229 doctrinam
945 202 1007 229 audi
1016 210 1108 237 quem-

1164 194 1275 229 :oticou‘
1298 212 1307 228 ι
1323 202 1369 229 καὶ
1385 202 1399 228 ὁ
1416 202 1528 229 Πλάτων
1544 203 1626 230 ἄκουε
1641 202 1714 234 ὅπως
1735 202 1765 228 τὸ
1779 202 1869 238 δόγμα
1890 211 1954 230 συν-

325 250 471 278 admodum
481 249 556 275 Plato
571 249 742 275 commendet
751 249 776 274 in
789 247 886 275 Timwo
898 257 906 274 :
920 249 992 280 «Qua
1002 255 1033 275 ex
1044 256 1109 275 con—

324 296 475 331 junctione,
502 295 599 329 inquit,
627 295 726 321 coelum
757 295 793 321 ita
817 299 908 328 aptum
927 300 979 327 est,
1006 301 1035 322 ut
1060 295 1111 322 sub

326 348 465 377 aspectum
478 346 504 368 et
518 346 618 368 tactum
629 341 718 368 cadat.
732 341 824 375 Itaque
834 346 860 367 ct
873 341 907 367 ob
918 349 976 367 eam
988 349 1110 373 causam,

325 394 352 415 et
366 389 400 416 ab
421 389 455 415 iis
479 389 560 415 rebus
574 395 689 414 numero
711 391 828 421 quatuor
843 387 936 414 mundi
954 391 996 414 est
1012 394 1111 421 corpus

325 437 462 466 til'ectum,
480 443 511 462 ea
535 440 720 462 constructum
742 434 927 469 proportione,
953 441 1006 467 qua
1033 432 1109 459 dixi:

324 489 356 507 ex
372 480 493 515 quoipse
503 488 561 507 sese
577 479 705 507 concordi
718 479 836 514 quadam
846 478 966 505 amicitia
982 483 1008 505 et
1019 478 1111 505 chari-

324 531 380 553 tatc
397 526 606 560 complectitur;
623 531 704 559 atque
721 525 757 551 ita
781 530 843 559 apte
860 525 987 556 cohaeret,
1013 529 1042 550 ut
1056 524 1112 550 dis-

324 572 393 599 solvi
428 571 502 598 nullo
533 570 616 597 modo
640 574 743 605 queat,
761 569 814 596 nisi
837 569 871 596 ab
891 569 998 600 eodem,
1025 575 1040 594 a
1057 576 1111 602 quo

324 618 527 653 estcolligatus.
541 627 550 642 ι
562 615 632 643 Tum
643 616 767 650 pluribus
780 615 943 649 interiectis,
956 624 964 639 ι
978 614 1109 649 Tempus,

325 665 423 698 inquit,
447 672 500 691 una
517 671 578 690 cum
596 662 666 689 emlo
684 661 785 688 factum
810 666 862 692 est,
895 666 924 687 ut
948 668 1009 694 qua:
1031 660 1112 687 simul

325 714 384 737 orta
398 713 470 742 sunt,
484 716 517 735 ea
531 707 611 735 simul
624 707 704 734 etiatn
718 707 912 737 dissolvantur,
927 706 949 732 si
963 714 1017 740 qtto
1031 706 1112 732 modo

324 763 445 791 unquam
463 753 634 782 dissolvenda
643 759 716 781 sunt.
731 753 822 780 iIdem
834 753 878 780 ubi
891 752 1016 783 dixisset,
1029 761 1037 776 ί
1051 750 1111 778 Haec

326 810 374 829 vos
391 802 437 837 qui
454 802 566 828 deorum
583 807 643 827 satu
663 800 716 827 orti
731 800 799 827 estis
820 798 949 826 attendite
965 808 972 825 :
989 798 1110 831 Quorum

323 855 437 882 operum
453 855 503 882 ego
518 855 628 881 parens,
649 846 814 879 clI'ectorque
831 853 904 876 sum,
920 852 981 879 quae
1003 852 1049 878 per
1068 852 1112 871 me

325 894 406 927 facta,
417 902 470 920 non
487 898 550 920 sunt
560 893 692 920 dissoluta
704 899 746 919 me
755 891 849 922 invito,
858 900 866 916 ι
878 890 984 918 subdit:
997 899 1006 914 ‹
1024 889 1115 922 Quan-

324 948 405 974 quam
420 947 500 967 onmc
515 940 683 974 colligatum,
698 938 765 966 solvi
777 942 874 973 potest.
903 937 954 964 Sed
970 938 1111 970 haudqua-

323 993 404 1019 quam
423 985 485 1012 boni
503 990 560 1016 est,
580 985 684 1011 ratione
710 984 830 1010 vinctum
857 983 925 1010 velle
951 983 1109 1009 dissolvere.

325 1032 376 1059 Sed
401 1033 530 1067 quoniam
556 1032 606 1058 orti
630 1031 706 1063 estis,
733 1030 901 1057 immortales
927 1038 975 1057 vos
1001 1030 1109 1064 quidem

322 1086 383 1105 esse
413 1082 441 1105 et
463 1077 664 1104 indissolubilcs
692 1084 745 1103 non
777 1076 891 1111 potestis
915 1085 921 1103 :
952 1077 1109 1110 neutiquam

323 1130 413 1152 tamen
428 1124 624 1155 dissolvemini,
650 1131 699 1150 nec
712 1131 760 1150 vos
776 1123 830 1149 ulla
847 1123 945 1149 mortis
962 1122 1015 1149 fata
1040 1122 1111 1156 peri-

323 1176 416 1198 ment:
433 1170 578 1197 consilium
596 1170 667 1196 enim
682 1178 784 1202 meum,
804 1169 893 1203 majus
908 1173 949 1196 est
972 1168 1109 1195 vinculum

323 1217 356 1243 ad
375 1216 582 1251 perpetuitatem
599 1220 728 1245 vestram,
745 1223 826 1249 quam
846 1215 901 1247 illa,
917 1214 1017 1249 quibus
1032 1214 1108 1247 estis,

323 1268 379 1290 tum
396 1271 457 1289 cum
474 1262 673 1297 gignebamini,
693 1262 823 1296 colligati.
842 1271 850 1286 ι
866 1260 936 1294 Quin
950 1261 1031 1288 etiam
1053 1261 1110 1288 haec

323 1309 405 1336 habet
416 1309 441 1335 in
459 1309 572 1335 Ροίὶιίεο
585 1317 593 1335 ;
620 1319 627 1333 ι
642 1307 708 1335 Nam
726 1308 844 1334 universi
859 1307 941 1342 hujus
950 1307 1029 1334 modo
1038 1306 1109 1334 Deus

322 1355 381 1389 ipse
407 1355 477 1382 viam
503 1363 672 1389 cursumque
698 1354 766 1387 regit
791 1358 872 1388 atque
894 1357 1001 1385 versat,
1029 1354 1109 1380 modo

322 1403 412 1438 ipsum
428 1402 549 1436 dimittit,
564 1402 608 1429 ubi
621 1401 751 1434 circuitus
763 1401 836 1435 justa
856 1400 1041 1428 convenientis
1057 1399 1109 1427 sibi

322 1451 459 1478 curricula
476 1450 606 1485 temporis
625 1449 807 1484 impleverint.
822 1448 893 1475 Idem
908 1455 953 1482 per
965 1455 1026 1474 sese
1040 1455 1109 1474 non-

323 1505 463 1532 ntmquam
481 1496 620 1531 oppositas
644 1496 670 1522 in
698 1499 789 1531 partes
807 1494 990 1527 convertitur,
1016 1498 1109 1528 utpote

322 1543 394 1577 quod
420 1542 521 1569 animal
537 1542 582 1574 sit,
600 1541 826 1576 prudentiamque
842 1541 874 1567 ab
892 1540 938 1567 illo
963 1540 1005 1567 sui
1030 1539 1108 1566 moli-

323 1594 382 1616 lore
395 1589 445 1615 sub
459 1588 538 1623 560
552 1592 629 1614 ortus
652 1587 693 1614 sui
711 1586 874 1621 principium
898 1585 1043 1619 acceperit.
1060 1585 1108 1611 At-

323 1643 376 1670 que
395 1636 452 1662 haec
476 1633 627 1668 retrogradi
647 1637 737 1659 motus
763 1632 843 1663 ratio,
862 1632 912 1666 ipsi
929 1639 943 1658 a
969 1636 1065 1658 natura
1084 1631 1108 1657 vi

322 1683 439 1717 quadam
464 1679 635 1706 necessitatis
661 1679 731 1705 hanc
754 1679 788 1705 ob
811 1685 923 1705 causam
949 1678 1030 1704 insita
1055 1682 1107 1704 est.

284 1748 287 1752 .
321 1727 408 1760 Quam
427 1732 455 1753 tu
478 1733 589 1753 causam
605 1725 741 1752 obsecro?
763 1724 896 1751 Nimirum
919 1724 1039 1759 ejusdem
1062 1732 1109 1750 na-

322 1779 391 1801 tura}
414 1773 534 1810 rationes
557 1779 664 1807 semper
691 1772 800 1798 easdem
828 1771 954 1804 retinere,
984 1771 1108 1807 idemque

322 1823 429 1858 penitus
445 1829 516 1852 esse,
534 1820 615 1847 rebus
630 1820 763 1847 duntaxat
777 1819 957 1847 divinissimis
969 1820 1107 1853 convenit,

323 1876 439 1903 quarum
460 1868 486 1895 in
503 1868 599 1895 ordine
625 1866 746 1901 corporis
770 1871 866 1892 natura
892 1873 945 1892 non
971 1871 1106 1893 censetur.

323 1915 389 1942 Illud
410 1915 518 1949 quidem
535 1913 608 1948 quod
632 1913 730 1940 caslum
755 1912 836 1946 vulgo
855 1911 1043 1946 mundumque
1058 1920 1107 1939 no-

323 1962 469 1992 minamus,
490 1958 616 1994 plurimis
636 1962 663 1985 et
688 1957 841 1992 insignibus
858 1965 872 1984 a
895 1957 1041 1984 Conditore
1056 1966 1107 1985 suo

322 2004 482 2031 muneribus
505 2007 632 2030 ornatum
661 2006 727 2030 est:
753 2002 824 2029 idern
850 2007 951 2035 tamen,
976 2003 1048 2037 quod
1079 2003 1105 2030 in

319 2048 445 2082 corporis
470 2047 551 2075 etiam
572 2047 793 2075 communionem
817 2053 940 2073 vocatum
967 2048 1011 2080 sit,
1031 2048 1105 2074 omni

320 2102 433 2129 prorsus
451 2094 601 2121 mutatione
618 2101 712 2121 carere
728 2101 780 2120 non
805 2097 904 2127 potest.
922 2093 1056 2121 Cazterum
1080 2099 1106 2121 ct

319 2140 414 2167 codem
440 2140 467 2167 in
492 2140 590 2174 spatio,
609 2144 742 2174 quantum
769 2139 820 2173 ipsi
838 2139 911 2171 licet,
940 2144 967 2166 et
990 2140 1105 2167 rationis

319 2194 433 2221 prorsus
446 2186 568 2221 ejusdem
584 2190 687 2212 motum
705 2192 812 2219 semper
829 2192 914 2211 unum
930 2185 1046 2212 retinet:
1073 2193 1105 2212 ac

1164 249 1252 284 ίπησι
1267 249 1379 282 τούτων,
1392 249 1477 283 λέγων
1495 250 1523 275 ἐν
1540 250 1658 284 Τιμαίῳ·
1680 259 1689 274 r
1708 249 1895 285 Ξυνεστήσατο
1910 250 1955 276 δὺ-

1164 294 1242 330 ρανὺν
1259 295 1313 329 (90)
1331 296 1427 331 ὁρατὸν
1449 295 1496 322 καὶ
1512 296 1612 322 ἁπτόν·
1633 296 1681 322 καὶ
1698 296 1742 322 διὰ
1771 295 1858 322 ταῦτα
1873 295 1906 322 ἐκ
1922 305 1952 322 τε

1162 341 1192 377 δὴ
1217 341 1269 368 τῶν
1297 342 1425 369 τοιούτων
1446 343 1493 369 καὶ
1506 342 1560 368 τῶν
1579 342 1695 378 ἀριθμὸν
1711 342 1848 378 τεττάρων
1861 342 1893 369 τὸ
1906 343 1953 369 τοῦ

1163 388 1263 422 κόσμου
1284 388 1362 423 σῶμα
1381 388 1522 423 ἐγεννήθη,
1539 387 1568 414 δι¹
1597 388 1743 422 ἀναλογίας
1765 388 1952 423 ὁμολογῆσαν·

1163 433 1252 467 φιλίαν
1266 443 1295 460 τε
1310 434 1387 469 ἔσχεν
1404 436 1435 461 ὲκ
1450 434 1562 466 τούτων,
1578 435 1616 467 ὡς
1633 435 1673 466 εἰς
1688 434 1786 461 ταυτὸν
1802 434 1876 470 αὐτῷ
1891 434 1954 467 ξυν-

1162 478 1249 509 ελθὸν,
1264 479 1360 505 ἄλυτον
1382 480 1434 506 ὑπὸ
1455 479 1509 505 τῶν
1531 479 1626 511 ἄλλων,
1644 479 1712 515 πλὴν
1727 480 1779 506 ὑπὸ
1793 479 1839 506 τοῦ
1857 479 1952 515 ξυνδή-

1163 533 1258 556 σαντος
1271 525 1422 559 γενέσθαι.)
1437 524 1492 552 Εἴθ’
1507 525 1570 561 ἑξῆς
1584 534 1660 561 φησί’
1673 535 1682 551 ι
1693 526 1794 559 Χρόνος
1806 526 1828 553 δ’
1841 525 1888 554 οὖν
1898 527 1952 561 (91)

1164 571 1233 606 μετὰ
1252 571 1367 606 οὐρανοῦ
1388 571 1509 606 γέγονεν,
1530 572 1654 612 ἵναβμα
1679 572 1871 608 γεννηθέντες,
1897 574 1956 609 ἅμα

1163 619 1209 644 καὶ
1234 618 1359 650 λυθῶσιν,
1385 619 1416 645 ἄν
1437 627 1501 644 ποτε
1526 618 1602 650 λύσις
1617 627 1659 650 τις
1675 620 1763 646 αὐτῶν
1782 619 1919 654 γίγνηται.
1940 630 1950 646 ι

1163 665 1218 692 Καὶ
1238 665 1318 691 πάλιν
1346 664 1508 699 είπὼν(928,
1527 675 1536 690 ι
1563 665 1625 692 Geo).
1649 665 1728 697 θεῶν,
1743 664 1780 693 ὧν
1802 666 1858 700 ἐγὼ
1873 666 1956 702 δημι-

1162 711 1269 746 ουργὸς,
1287 711 1378 746 πατήρ
1389 719 1418 736 τε
1434 710 1531 746 ἔργων,
1547 710 1564 737 ἃ
1578 711 1611 737 δι’
1628 711 1693 746 ἐμοῦ
1709 711 1853 747 γενόμενα,
1869 711 1956 739 ἄλυτα

1163 756 1230 792 ἐμοῦ
1247 765 1279 791 γε
1291 757 1413 788 θέλοντος
1426 756 1492 792 (95)·
1506 767 1514 783 ι
1531 758 1627 791 ἐπάγει
1637 758 1723 791 λέγων
1739 758 1811 793 ἑξῆς
1829 767 1839 783 ι
1855 758 1892 785 Τδ
1904 757 1954 793 μὲν

1162 800 1207 829 οὖν
1227 801 1259 837 δὴ
1275 801 1349 828 esset»;
1374 803 1426 828 πᾶν
1449 801 1542 828 λυτόν·
1558 803 1588 828 τὸ
1602 811 1633 837 γε
1652 803 1706 838 μὴν
1723 802 1814 835 καλῶς
1832 803 1953 840 ἁρμοθὲν

1164 849 1210 875 καὶ
1237 848 1297 883 ἕχον
1322 846 1362 879 εὖ,
1384 848 1458 875 λύειν
1479 848 1591 881 ἐθέλειν,
1605 849 1700 875 κακοῦ.
1714 850 1758 876 Διὸ
1778 851 1823 876 καὶ
1838 850 1953 887 ἐπείπερ

1131 892 1151 919 Β
1165 893 1323 928 γεγένησθε,
1340 892 1468 919 ἀθάνατοι
1495 893 1542 929 μὲν
1567 893 1616 920 ob:
1641 894 1712 927 ἐστε,
1729 894 1782 921 οὐδ’
1805 895 1898 922 ἆλυτοι.
1922 895 1954 922 τὸ

1163 939 1286 974 πάμπαν.
1303 938 1367 965 Οΰτι
1391 939 1440 974 μὲν
1460 939 1491 975 δὴ
1505 939 1655 975 λυθήσεοθέ
1679 948 1721 974 γε,
1743 941 1804 968 οὐδὲ
1826 940 1954 974 τεύξεσθε

1162 985 1275 1011 Θανάτου
1304 985 1411 1021 μοίρας,
1428 985 1477 1021 τῆς
1502 985 1573 1021 ἐμῆς
1596 986 1748 1022 βουλήσεως
1771 987 1896 1023 μείζονος
1912 988 1953 1016 ἐτι

1161 1031 1260 1066 δεσμοῦ
1274 1032 1320 1057 καὶ
1335 1031 1500 1067 κυριωτέρου
1514 1032 1640 1067 λαχόντες
1657 1034 1778 1066 ἐκείνων,
1788 1031 1829 1066 οἷς
1843 1035 1881 1061 ὅτ’
1896 1035 1952 1069 ἐγί-

1161 1077 1257 1111 γνεσθε
1278 1078 1342 1113 (94),
1361 1077 1521 1105 συνεδείσοε.
1542 1088 1551 1104 ι
1568 1079 1622 1105 Καὶ
1642 1080 1671 1106 ἐν
1692 1079 1731 1114 τῷ
1754 1080 1901 1113 Πολιτικῷ
1921 1081 1949 1108 δὲ

1160 1124 1223 1150 τάδε
1237 1124 1251 1150 ὁ
1266 1124 1346 1155 αὑτός
1361 1132 1427 1158 φησι
1441 1132 1447 1138 ”
1468 1134 1477 1149 ι
1492 1124 1529 1150 Τὸ
1544 1124 1600 1160 γὰρ
1616 1126 1668 1152 πᾶν
1681 1125 1736 1161 (95)
1750 1126 1810 1152 τάδε
1828 1126 1889 1153 τοτὲ
1904 1127 1952 1163 μὲν

1161 1171 1241 1202 αὐτὸς
1257 1171 1271 1196 ὁ
1291 1170 1357 1202 Θεὸς
1371 1170 1539 1206 ξυμποδηγεῖ
1554 1171 1734 1207 πορευόμενος
1747 1172 1813 1208 (96),
1827 1173 1875 1199 καὶ
1890 1173 1953 1208 ξυγ-

1161 1217 1270 1243 κυκλεῖ·
1286 1217 1347 1243 τοτὲ
1360 1217 1382 1243 δ’
1399 1217 1508 1252 ἀνῆκεν,
1524 1218 1586 1244 ὅταν
1603 1219 1629 1244 αἱ
1658 1218 1777 1254 περίοδοι
1800 1219 1848 1246 τοῦ
1866 1228 1950 1255 προσ-

1161 1262 1272 1297 ήκοντος
1298 1261 1372 1297 αὐτῷ
1395 1262 1494 1298 μέτρον
1515 1262 1660 1298 είλήφωσιν
1686 1263 1736 1298 ἤδη
1760 1265 1874 1300 χρόνου·
1891 1265 1951 1292 τοτὲ

1160 1307 1187 1334 δὲ
1203 1308 1283 1334 πάλιν
1309 1308 1460 1343 αὐτόματον
1476 1308 1515 1339 εἰς
1540 1308 1668 1335 τάναντία
1691 1310 1863 1345 περιάγεται,
1880 1311 1948 1344 ζῶον

1160 1354 1199 1385 ὃν,
1216 1355 1262 1382 καὶ
1279 1355 1409 1390 φρόνησιν
1426 1354 1535 1390 εἰληφὸς
1549 1355 1604 1390 (97)
1619 1356 1651 1382 ὲκ
1669 1356 1716 1382 τοῦ
1734 1356 1951 1393 ξυναρμόσανιος

1160 1402 1225 1427 αὐτὸ
1250 1401 1398 1437 καταρχάς.
1417 1401 1502 1428 Τοῦτο
1524 1402 1551 1428 δὲ
1573 1402 1646 1437 αὐτῷ
1664 1402 1694 1429 τὸ
1710 1403 1789 1430 πάλιν
1809 1404 1864 1439 (98)
1883 1404 1950 1432 levat

1159 1447 1202 1474 διὰ
1227 1447 1285 1473 τάδε
1306 1447 1335 1478 ἐξ
1354 1447 1475 1482 ἀνάγκης
1497 1446 1616 1482 ἔμφυλον
1647 1448 1788 1482 γεγονέναι
1818 1449 1891 1486 (99);
1916 1466 1950 1471 ——

1160 1494 1209 1520 Διὰ
1222 1494 1252 1520 τὺ
1269 1495 1343 1520 ποῖον
1359 1494 1390 1529 δή
1409 1494 1464 1529 (1);
1481 1510 1515 1514 -
1532 1494 1568 1520 Τὸ
1584 1494 1652 1530 μετὰ
1668 1495 1702 1521 τὰ
1715 1495 1786 1522 αὐτὰ
1799 1497 1846 1523 καὶ
1861 1496 1950 1524 ὡσαύ-

1161 1548 1214 1571 τως
1229 1539 1300 1574 ἔχειν
1312 1540 1365 1571 ἀεὶ,
1381 1540 1427 1567 καὶ
1443 1540 1539 1566 ταυτὸν
1554 1540 1632 1573 εἶναι,
1648 1543 1705 1573 τοῖς
1724 1541 1833 1569 πάντων
1847 1542 1950 1571 θειοτά-

1160 1594 1217 1617 τοις
1230 1587 1362 1622 προσήκει
1377 1586 1481 1621 μόνοις·
1501 1586 1625 1622 σώματος
1638 1588 1665 1614 δὲ
1685 1587 1766 1622 φύσις
1787 1588 1825 1624 (ἓ)
1846 1589 1877 1616 οὐ
1890 1589 1950 1616 ταύ‹

1159 1641 1209 1668 της
1223 1633 1273 1668 τῆς
1290 1632 1402 1665 τάξεως.
1419 1634 1466 1659 Ὃν
1485 1633 1516 1668 δὴ
1531 1634 1568 1669 (5)
1583 1633 1696 1670 οὐρανὸν
1719 1634 1766 1660 καὶ
1782 1634 1884 1670 κόσμον
1901 1636 1950 1661 ἐπ-

1160 1679 1350 1714 ωνομάκαμεν,
1359 1678 1462 1705 πολλῶν
1473 1679 1520 1714 μὲν
1535 1680 1583 1706 καὶ
1592 1680 1733 1715 μακαρίων
1749 1680 1823 1716 παρὰ
1829 1680 1878 1707 τοῦ
1894 1689 1949 1715 γεν-

1161 1727 1291 1761 νήσαντος
1310 1726 1485 1761 μετείληφεν·
1499 1726 1585 1762 αὐτὰρ
1609 1724 1656 1753 οὖν
1672 1726 1703 1763 δὴ
1720 1726 1903 1763 χεκοινώνηκέ
1917 1736 1949 1762 γε

1160 1772 1206 1798 καὶ
1221 1771 1358 1806 σώματος·
1371 1771 1431 1798 ὅθεν
1447 1772 1521 1807 αὑτῷ
1534 1772 1685 1808 μεταϐολῆς
1700 1773 1806 1809 ἀμοίρῳ
1824 1773 1948 1807 γίνεσθαι

1159 1817 1202 1843 διὰ
1224 1816 1323 1848 παντὸς
1348 1816 1486 1844 ἀδύνατον.
1499 1817 1578 1844 Κατὰ
1600 1817 1714 1852 δύναμίν
1731 1826 1763 1852 γε
1789 1817 1826 1854 μὴ
1840 1819 1883 1845 ὅτι
1898 1819 1949 1854 μά-

1159 1863 1237 1889 λιστα
1252 1864 1280 1889 ὲν
1342 1862 1415 1898 αὐτῷ
1426 1863 1496 1890 κατὰ
1513 1863 1546 1890 τὰ
1561 1864 1631 1890 αὐτὰ
1645 1864 1709 1900 μίαν
1724 1864 1810 1901 φορὰν
1825 1866 1947 1897 κινεῖται,

1158 1909 1223 1935 διότι
1238 1909 1286 1945 τὴν
1307 1909 1489 1944 ὰνακύκλησιν
1507 1910 1544 1945 (4)
1562 1910 1667 1946 εἴληχεν
1698 1911 1738 1937 ὅτι
1763 1911 1949 1947 σμικροτάτην

1157 1955 1206 1991 τῆς
1218 1954 1314 1981 ἑαυτοῦ
1331 1956 1462 1990 κινήσεως
1479 1955 1651 1990 παράλλαξιν.
1663 1956 1733 1982 Αὐτὸ
1739 1956 1767 1983 δὲ
1775 1957 1856 1983 ἑαυτὸ
1871 1957 1949 1993 πρέ-

1159 2010 1219 2036 φειν
1231 2002 1274 2028 ἀεὶ
1292 2001 1385 2037 σχεδὸν
1402 2001 1489 2028 οὐδενὶ
1507 2002 1628 2034 δυνατὸν,
1644 2001 1713 2038 πλὴν
1731 2002 1770 2037 τῷ
1788 2002 1842 2029 τῶν
1858 2011 1948 2029 κινου-

1160 2049 1247 2084 μένων
1262 2046 1295 2076 αὖ
1311 2048 1418 2075 πάντων
1434 2049 1587 2084 ἡγουμένῳ.
1606 2050 1697 2076 Κινεῖν
1710 2049 1738 2075 ἰὲ
1754 2048 1834 2075 τοῦτό
1846 2057 1872 2075 τι
1886 2050 1946 2076 τοτὲ

1159 2095 1208 2130 μὲν
1225 2095 1321 2127 ἄλλως,
1336 2093 1413 2126 αὖθις
1429 2095 1450 2120 δ’
1464 2095 1603 2126 ἐναντίως,
1620 2096 1650 2121 οὐ
1665 2095 1752 2130 θέμις.
1769 2096 1816 2122 Ἐκ
1837 2096 1948 2123 πάντων

1157 2142 1188 2177 δὴ
1206 2142 1308 2168 τούτων
1335 2141 1379 2167 τὸν
1398 2141 1500 2176 κόσμον
1523 2141 1590 2176 μήτε
1610 2142 1690 2168 αὐτὸν
1704 2142 1756 2178 χρὴ
1773 2142 1856 2176 φάναι.
1873 2142 1947 2179 στρέ-

1157 2196 1216 2222 φειν
1238 2187 1332 2214 ἑαυτὸν
1355 2187 1408 2219 ἀεὶ,
1433 2188 1494 2223 μήθ’
1520 2187 1579 2214 ὅλον
1607 2188 1658 2214 ὑπὸ
1685 2188 1752 2214 Θεοῦ
1782 2187 1947 2224 στρέφεσθαι

319 2237 462 2267 propterea
475 2232 526 2259 hoc
539 2231 716 2258 revolutionis
729 2238 814 2265 geuus
825 2230 950 2257 sortitum
965 2235 1016 2262 est,
1030 2231 1103 2265 quod

1159 2234 1257 2266 διττὰς,
1276 2234 1322 2260 καὶ
1342 2234 1464 2265 ἐναντίας
1480 2235 1669 2270 περιαγωγάς·
1688 2234 1750 2270 μήτ’
1767 2232 1800 2262 αὖ
1823 2235 1879 2261 τινὲ
1900 2235 1945 2262 δῦο

318 2278 492 2313 perexiguam
510 2277 561 2313 ipsi
580 2282 672 2304 motus
690 2277 732 2303 sui
748 2277 989 2303 commutationem
1010 2284 1042 2303 ac
1058 2284 1106 2303 va-

318 2325 441 2351 rietatem
457 2324 575 2351 afferret.
602 2323 748 2350 Enimvero
774 2322 842 2349 nihil
871 2321 1015 2348 admodum
1044 2326 1104 2355 est,

318 2369 391 2404 quod
407 2370 528 2404 seipsum
543 2374 673 2404 perpetuo
687 2375 798 2395 versare
817 2371 910 2402 queat,
926 2373 1023 2401 praeter
1037 2368 1103 2395 illud

318 2416 391 2451 quod
417 2416 540 2443 omnium
555 2423 616 2450 quae
641 2418 785 2441 moventur
801 2413 1006 2441 conversionem
1024 2413 1102 2449 regit.

354 2473 409 2507 (90)
430 2472 643 2507 Evreo'nio’utjo
655 2472 792 2505 οὐρανόν.
807 2470 893 2507 Plato,
911 2469 988 2503 ibid.,
999 2479 1027 2506 p.
1040 2471 1102 2500 527.

355 2509 410 2543 (91)
429 2509 541 2542 Χρόνος
551 2508 577 2534 δ’
590 2506 656 2535 οὖν.
674 2507 759 2539 Plato,
772 2514 833 2541 pag.
846 2506 909 2534 529.

355 2544 411 2576 (92)
431 2544 517 2574 Plato,
536 2550 603 2578 pag;
612 2543 673 2570 550.

355 2579 410 2612 (95)
434 2578 524 2612 Ἐμοῦ
537 2577 569 2613 γε
582 2578 645 2606 θέλ.
659 2579 695 2605 Ita
710 2578 791 2605 etiam
809 2577 896 2605 Plato.
910 2579 944 2605 At
963 2586 1101 2605 manuscr.

319 2614 416 2640 Euseb.
432 2613 498 2648 ἐμοῦ
511 2622 542 2647 γε
558 2614 595 2650 μὴ
609 2613 665 2640 θέλ.
680 2613 766 2646 Quam
783 2614 925 2641 lectionem
938 2619 1048 2641 secutus
1062 2618 1103 2640 est

318 2650 424 2680 Cicero,
442 2657 504 2675 cum
519 2650 608 2675 locum
621 2650 702 2677 istum
717 2652 844 2675 verteret.

356 2683 411 2718 (94)
431 2684 494 2710 Ὅτε
520 2685 683 2718 ἐγίγ-νεσθε.
701 2683 850 2715 Manuscr.,
863 2684 902 2709 ὅτ’
914 2685 998 2718 ἐγιγ.,
1017 2688 1099 2712 recte.

318 2718 385 2745 Nam
400 2724 427 2745 et
439 2718 525 2750 Plato,
540 2720 588 2754 ὅτ’,
604 2728 664 2746 cum
683 2719 857 2754 apostrophe.

355 2739 894 2790 {557.5313}.E£ti£"i$iai'5i7;'ﬁZiiIi'w,
911 2762 972 2790 pag.
990 2755 1051 2781 tu.

353 2789 406 2822 (96)
427 2790 638 2826 Πορευρμενος.
664 2791 711 2825 Γρ.
736 2795 762 2817 et
786 2789 879 2822 Plato,
908 2789 1098 2826 πορευόμενον.

317 2825 388 2859 qnn'l
407 2824 492 2858 magis
509 2825 604 2858 placet.

353 2859 406 2894 (97)
428 2860 569 2892 Εἰληβός.
586 2859 670 2891 Plato,
686 2859 801 2894 είληχός.

355 2895 409 2930 (ΕΒ)
428 2894 534 2921 Πάλιν.
557 2894 630 2921 Plato
647 2896 754 2928 melius,
768 2894 910 2922 ἀνάπαλιν.

1159 2280 1222 2311 θεὼ,
1248 2280 1393 2316 φρονοῦντε
1421 2282 1512 2312 αὐτοῖς
1543 2281 1667 2311 ἐναντία,
1696 2280 1822 2316 στρέφειν
1852 2281 1942 2308 αὐτόν.

1163 2326 1230 2353 Ἀλλ’
1249 2327 1316 2361 ὅπερ
1337 2326 1399 2362 ἄρτι
1416 2327 1525 2362 ἐρρέθη.
1543 2327 1588 2353 καὶ
1607 2327 1685 2362 μόνον
1697 2326 1802 2359 λοιπὸν,
1816 2327 1878 2354 τοτὲ
1895 2327 1944 2363 μὲν

1156 2373 1201 2398 ὑπ’
1216 2372 1297 2408 ἄλλης
1312 2372 1542 2408 ξυμποδηγεῖσθαι
1557 2373 1629 2405 Θείας
1642 2373 1741 2405 αἰτίας,
1755 2372 1785 2399 τδ
1798 2373 1848 2409 ζῇν
1864 2374 1944 2401 πάλιν

1155 2418 1351 2453 ἐπικτώμενον,
1368 2419 1415 2445 καὶ
1436 2419 1608 2453 λαμϐάνοντα
1627 2418 1775 2446 ἀθανασίαν
1797 2420 1942 2446 ἐπισκευα-

1194 2476 1248 2511 (99)
1260 2477 1430 2511 Γεγιονένίιι.
1442 2476 1519 2504 Plato
1537 2482 1564 2504 et.
1582 2485 1704 2504 manusc.
1721 2476 1819 2504 Euseb.
1834 2476 1940 2512 γέγονε,

1155 2511 1214 2539 sine
1232 2512 1451 2545 interrogatione.
1470 2520 1530 2546 qure
1547 2520 1609 2539 vera
1626 2513 1705 2539 lectio
1718 2517 1769 2539 est.

1191 2547 1228 2582 (Ι)
1249 2547 1300 2573 Διὰ
1318 2547 1350 2573 τὸ
1372 2547 1457 2573 ποῖον
1486 2546 1538 2580 δή,
1563 2552 1615 2574 etc.
1642 2548 1680 2574 Ita
1700 2547 1894 2581 rescripsimus
1914 2553 1942 2574 et

1153 2582 1329 2610 distinximus
1346 2590 1377 2617 ex
1393 2583 1488 2609 eodem
1506 2582 1628 2613 Platone.
1642 2582 1711 2616 apud
1726 2590 1807 2617 quem
1820 2583 1885 2613 ista.
1897 2582 1940 2610 διὰ

1153 2617 1183 2643 τὸ
1199 2619 1274 2643 ποῖον
1296 2618 1327 2653 δή
1347 2616 1462 2651 Socrati,
1489 2625 1550 2651 quae
1567 2616 1740 2653 sequuntur,
1757 2618 1858 2653 hospiti
1877 2625 1939 2646 cum

1152 2660 1185 2680 eo
1198 2653 1347 2687 disputanti
1361 2653 1529 2679 tribuuntur.

1189 2687 1226 2723 (2)
1247 2687 1283 2714 Δὲ
1297 2688 1400 2721 φύσις.
1428 2687 1465 2714 Ita
1482 2687 1557 2715 Plato
1570 2692 1596 2715 et
1608 2695 1731 2716 manusc.
1750 2690 1828 2716 Prior
1843 2693 1936 2719 editio,

1153 2723 1221 2749 inter
1238 2728 1380 2757 utramque
1397 2731 1499 2752 vocem.
1512 2723 1649 2750 inserebat
1665 2723 1732 2750 ἐστι.

1188 2758 1226 2794 (5)
1250 2759 1300 2794 ξῸν
1316 2758 1364 2790 δή.
1381 2759 1428 2794 Γρ.
1442 2764 1469 2785 et
1486 2758 1571 2794 Plato,
1588 2758 1617 2784 ὃν
1633 2758 1671 2785 δέ.
1687 2758 1770 2794 Elige.

1187 2793 1225 2826 (4)
1252 2793 1481 2826 Ἀνακύκλησιν.
1515 2793 1625 2821 Ficinus
1655 2793 1742 2821 reddit
1768 2793 1908 2821 circuitum
1927 2801 1936 2819 :

1151 2828 1337 2855 revolutiouem
1361 2829 1459 2859 malui,
1481 2837 1541 2863 quae
1564 2836 1614 2855 vox
1637 2829 1814 2857 mutationem
1838 2834 1867 2857 et.
1894 2836 1937 2856 rev

1151 2871 1274 2897 gressum
1291 2864 1412 2895 involvit,
1427 2864 1460 2890 de
1477 2871 1530 2898 quo
1546 2864 1580 2890 ibi
1594 2863 1680 2891 Plato.
