2078 3207
316 155 371 183 955

654 156 788 184 EUSEBII
809 155 1049 183 CxESAP-lENSIS
1069 155 1091 183 0

1169 156 1260 184 PARS
1281 157 1311 185 ll.
1334 174 1368 179 ——
1385 158 1634 186 APOLOGETICA.

1895 162 1946 189 93C

315 221 456 248 przecones
473 213 629 245 habuimus,
654 213 696 240 cui
713 213 779 241 ﬁdes
795 213 885 246 hodie,
902 218 1004 241 temere
1019 214 1092 242 nimii

1154 214 1258 241 πολλῶν
1281 216 1330 242 οὐκ
1357 216 1445 251 ὀρθῶς
1470 217 1655 244 ἀπιστοῦνται.
1682 217 1718 244 Τὸ
1736 218 1788 253 γὰρ
1809 217 1947 250 ἐντεῦθεν,

315 268 347 287 ac
367 259 462 287 leviter
478 268 492 287 a
513 260 650 294 plerisque
671 259 834 287 detrahitur.
857 259 925 286 Nam
941 260 1013 294 quod
1040 260 1102 287 inde

314 313 486 340 ennsequens
501 311 552 338 est,
567 306 619 332 hoc
634 305 661 332 in
677 305 773 339 primis
789 305 907 340 cogitare
921 313 971 333 nos
984 311 1101 341 oportet.

314 352 391 384 Quod
414 352 485 378 enim
509 358 654 385 puerorum
679 350 705 377 in
722 354 848 377 naturam
865 358 945 378 senes
972 351 1101 385 redeam,

314 398 378 425 huic
396 405 458 424 vero
478 396 618 424 cohaerens
632 400 660 423 ct
675 395 753 423 alIine
768 401 819 428 est,
838 400 868 423 ut
883 397 1054 424 ex'mortuis
1070 405 1102 425 ac

313 446 383 467 lerra
399 440 578 474 consepultis,
595 440 780 468 coalescentes
792 441 882 468 denuo
894 442 1102 470 reviviscentes-

312 495 364 519 que
389 488 536 518 nonnulli,
565 495 665 515 novam
694 488 901 515 conversionem
930 494 1099 523 sequantur,

311 539 373 560 ortu
390 534 472 560 simul
488 533 548 568 ipso
569 533 739 561 contrarium
756 533 782 560 in
797 534 890 560 orbem
906 534 1049 562 revoluto:
1069 542 1102 562 ac

310 581 433 614 proinde,
451 580 522 616 quod
541 581 614 608 hunc
632 581 660 607 in
677 582 787 607 modum
803 588 836 608 ex
851 585 923 607 terra
938 581 990 608 sati
1008 588 1102 608 neces-

310 627 384 653 sario
400 627 541 660 prodeant,
556 627 597 654 sic
608 628 690 653 etiam
704 626 813 653 nomine
825 626 907 653 simul
923 631 949 654 et
961 626 1100 654 communi

311 673 451 700 hominum
462 681 588 702 sermone
597 675 915 709 appellentur-,quotquot
926 682 958 701 ex
974 674 1007 701 iis
1019 675 1098 702 aliam

309 720 337 747 in
354 725 454 748 sortem
469 720 523 748 Deo
536 722 718 748 transcribere
728 729 782 754 non
795 721 906 755 placuit.
919 720 977 748 Hoc
989 721 1099 756 quidem

308 774 340 793 ex
357 767 543 800 superioribus
555 767 669 795 omnino
682 767 816 802 sequitur.
833 766 921 797 tlTum
938 775 1099 803 progressus

307 813 390 839 etiam
408 813 532 846 ulterius,
547 813 579 840 de
593 821 721 847 supremo
736 813 831 840 mundi
846 813 908 844 (ine.
923 812 1098 840 llebraaorum

308 858 441 885 doctrina:
456 859 564 893 gemina
581 859 799 893 philosophatur,
818 858 891 885 hunc
905 859 932 885 in
949 858 1071 887 modum.

535 914 614 950 532
629 914 744 941 CAPUT
758 914 877 942 xxxxv.

523 961 560 988 De
573 969 694 995 supremo
711 962 802 988 mundi
821 962 884 997 line.

345 1016 354 1032 ‹
366 1006 545 1042 Posteaquam
561 1008 633 1034 enim
648 1008 762 1035 istorum
780 1009 902 1035 omnium
913 1014 1020 1044 tempus
1031 1017 1096 1036 exa-

306 1058 380 1079 ctum
403 1058 492 1084 esset,
517 1061 579 1080 cum
604 1054 715 1080 evenire
740 1054 920 1082 mutationem
945 1062 1094 1090 oporteret,

303 1099 416 1134 jamque
432 1100 501 1126 adeo
526 1105 663 1127 terrenum
688 1108 774 1135 genus
792 1102 948 1128 universum
972 1102 1094 1130 funditus

306 1145 472 1172 exhaustum
486 1150 559 1172 esset
573 1154 579 1172 :
597 1146 697 1180 quippe
710 1146 783 1180 quod
801 1154 865 1173 suas
876 1154 971 1175 omnes
985 1147 1094 1175 animus

303 1191 420 1226 quilibet
441 1192 631 1224 generationes
649 1198 891 1227 repraesentaverat
907 1202 968 1222 cum
996 1195 1023 1222 in
1040 1199 1094 1222 ter-

304 1244 362 1264 ram
378 1237 509 1271 imperata
521 1237 571 1264 sibi
585 1238 702 1273 quisque
716 1238 821 1266 semina
837 1238 1023 1273 profudisset:
1035 1245 1092 1267 tum

304 1290 369 1309 vero
384 1283 504 1310 universi
525 1284 688 1317 Moderator,
703 1283 742 1311 sic
763 1287 892 1319 tanquam
915 1285 1093 1320 gubernaculi

305 1329 419 1357 dimisso
435 1330 523 1361 clavo,
542 1337 603 1357 sese
619 1330 747 1365 deinceps
761 1330 795 1358 ad
809 1331 852 1358 sui
871 1331 957 1365 ipsius
971 1337 1093 1359 contem-

303 1376 454 1411 plationem
473 1377 583 1411 recepit,
602 1376 742 1412 fatumque
754 1385 851 1404 rursus
867 1377 1003 1413 insilaque
1016 1378 1093 1412 cupi-

301 1422 338 1449 δ]
346 1430 374 1450 15
399 1423 532 1450 mundum
554 1431 664 1450 versare
680 1424 772 1458 coepit.
791 1423 861 1459 Ergo
875 1424 965 1451 caeteri
982 1432 1092 1459 quoque

301 1468 349 1499 dii,
371 1476 479 1496 summo
493 1477 555 1496 cum
571 1468 687 1496 Numine
709 1469 768 1497 suis
783 1469 885 1504 quique
910 1469 1029 1505 praefecti
1048 1478 1091 1497 re-

301 1515 441 1549 gionibus,
466 1515 512 1542 ulti
538 1523 594 1542 rem
611 1516 819 1549 intellexissent,
844 1521 935 1550 partes
960 1517 1091 1544 continuo

305 1569 379 1588 curae
406 1569 463 1589 suae
497 1561 616 1589 creditas
643 1561 821 1596 reliquerunt.
851 1562 946 1597 Itaque
971 1563 1090 1590 mundus
1105 1568 1126 1595 (ζ

301 1615 371 1634 ηοξ-ο
387 1615 480 1635 secum
495 1609 552 1642 ipse
567 1607 744 1634 COI'IV'CI‘SiOHG
757 1613 964 1640 concurrens,et
977 1613 1088 1636 contra-

300 1654 343 1681 rio
362 1654 487 1688 principii
503 1653 584 1681 simul
601 1661 633 1681 ac
653 1654 715 1680 ﬁnis
739 1653 840 1688 impetu
856 1654 986 1688 agitatus,
1009 1654 1090 1681 vehe-

300 1699 436 1726 mentiore
447 1699 490 1726 sui
505 1700 591 1734 ipsius
603 1700 795 1730 concussione,
808 1699 889 1726 aliam
900 1699 990 1726 denuo
999 1701 1088 1734 generi

299 1745 480 1772 animantium
496 1745 571 1772 omni
582 1750 689 1780 pestem
698 1745 809 1772 creavit.
826 1744 900 1778 lude,
912 1745 987 1780 justo
998 1745 1089 1780 aliquo

299 1791 430 1825 temporis
446 1791 599 1823 intervallo,
615 1791 649 1818 ab
657 1791 731 1818 omni
744 1791 800 1826 jam
810 1791 937 1823 tumultu,
948 1791 1091 1825 perturba-

299 1838 373 1864 tione
383 1841 410 1864 et
421 1837 598 1872 quassatione
608 1841 760 1871 recreatus,
778 1845 844 1873 pace
855 1845 887 1865 ac
895 1837 1090 1872 tranquillitate

298 1884 471 1918 succedente,
480 1884 591 1912 solitum
602 1885 635 1912 ad
654 1892 764 1913 cursum
781 1884 855 1912 illico
865 1892 925 1912 sese
938 1883 1088 1915 revocavit,

297 1931 394 1965 suique
402 1931 502 1964 pariter
516 1938 549 1958 ac
563 1939 654 1958 rerum
667 1939 735 1966 quas
750 1931 853 1958 ambitu
870 1938 921 1958 suo
931 1931 1088 1959 continebat

297 1976 420 2004 omnium
446 1976 709 2004 administrationem
723 1981 749 2005 et
764 1977 907 2011 imperium
925 1976 1061 2011 capessit.
1074 1987 1084 2003 ι

296 2019 424 2056 Idemque
440 2022 534 2057 paucis
548 2022 715 2057 interjcctis:
733 2031 742 2048 (
765 2021 959 2055 Quamobrem,
987 2022 1085 2057 inquit,

295 2066 368 2094 Deus
390 2067 442 2099 ille,
462 2068 508 2103 qui
535 2075 597 2095 eum
626 2071 660 2096 ab
680 2068 758 2095 initio
785 2072 840 2095 tam
853 2067 970 2103 eleganti
988 2068 1084 2095 ordine

295 2112 455 2148 digesserat,
463 2118 493 2140 ut
504 2119 644 2141 nutantem
657 2114 746 2149 ipsum
755 2113 988 2148 ﬂuctuantemque
1000 2113 1083 2146 videt,

294 2163 465 2193 peramauter
478 2167 586 2193 cavens,
607 2168 640 2188 ne
653 2161 704 2188 hac
714 2164 872 2195 tempestate
889 2167 921 2187 ac
938 2159 1080 2194 perturba-

293 2206 368 2233 tione
383 2206 542 2242 dissipatus,
560 2207 693 2234 immensa
714 2206 831 2241 quadam
848 2205 1081 2233 dissimilitudinis

1153 257 1241 295 οἶμαι,
1255 260 1307 296 χρὴ
1324 261 1450 292 ξυννοεῖν.
1471 262 1613 298 Ἐχόμενον
1629 262 1678 297 μὲν
1693 263 1747 298 γὰρ
1761 264 1818 290 ἐστι
1834 263 1872 298 τῷ
1884 265 1947 296 τοὺς

1155 306 1310 340 πρεσϐύτας
1332 308 1378 334 ἐπὶ
1399 308 1448 344 τὴν
1463 308 1508 335 τοῦ
1527 309 1621 341 παιδὸς
1649 309 1815 344 ἰέναιφύσιν,
1836 310 1869 336 ἐκ
1891 310 1948 336 τῶν

1153 351 1382 389 τετελευτηκότων
1393 352 1437 386 αὖ,
1447 354 1579 390 κειμένων
1589 355 1610 381 δ’
1620 356 1649 382 ὲν
1663 357 1709 390 γῇ,
1719 355 1798 382 πάλιν
1810 357 1868 382 ἐκεῖ
1882 365 1946 383 συν-

1154 400 1314 436 ισταμένους
1327 401 1373 428 καὶ
1385 402 1647 437 ἁναὸιωσκομένους,
1665 402 1779 432 ἔπεσθαι
1800 404 1833 438 τῇ
1844 405 1945 439 τροπῇ,

1147 444 1441 482 -ξννανακυκλουμένης
1462 448 1501 478 εἰς
1523 447 1653 474 τάναντία
1669 447 1719 482 τῆς
1731 447 1879 481 γενέσεως·
1897 448 1947 474 καὶ

1152 493 1278 525 γηγενεῖς
1292 492 1320 518 δὲ
1335 492 1405 519 κατὰ
1415 492 1510 519 τοῦτον
1528 493 1572 520 τὸν
1587 494 1685 529 τρόπον
1701 493 1730 526 ἐξ
1744 494 1866 530 ἀνάγκης
1880 503 1946 529 φυο-

1153 538 1260 573 μένους,
1284 537 1371 570 οὖτως
1400 538 1471 574 ἔχειν
1492 538 1611 575 τοῦνομα
1627 540 1674 566 καὶ
1692 540 1737 566 τὸν
1759 539 1847 574 λόγον,
1864 541 1945 573 ὅσους

1154 585 1190 619 μὴ
1208 584 1274 616 Θεὸς
1287 584 1377 611 αὐτῶν
1396 585 1437 617 είς
1450 585 1532 620 ἄλλην
1552 587 1648 621 μοῖραν
1667 586 1778 622 ἐκόμισε
1804 586 1869 622 (14).
1892 588 1945 614 Κο-

1153 629 1218 665 μιδῆ
1233 630 1281 665 μὲν
1293 628 1339 657 οὖν
1356 630 1436 657 τοῦτό
1455 639 1487 665 γε
1506 631 1600 659 ἕπεται
1615 633 1669 663 τοῖς
1684 632 1847 668 ἔμπροσθεν.
1866 642 1875 659 ι
1887 631 1944 659 Εἶτ’

1151 673 1186 702 αὖ
1198 676 1278 703 πάλιν
1287 676 1351 711 ἑξῆς
1361 676 1474 713 προῖὼν,
1485 677 1520 704 τὰ
1527 678 1607 713 ὃμοια
1615 680 1670 710 τοῖς
1682 678 1813 715 Ἐϐραίων
1825 679 1944 714 δόγμασι

1151 722 1216 757 περὶ
1234 722 1284 757 τῆς
1304 722 1352 749 τοῦ
1375 723 1476 758 κόσμου
1495 723 1648 756 συντελείας
1663 724 1756 751 τοῦτον
1769 725 1880 758 διέξεισι
1896 725 1944 751 τὸν

1150 767 1261 803 τρόπον.

1404 912 1602 940 ΚΕΦᾹΛΔΙΟΝ
1623 914 1682 940 AA‘.

1300 958 1369 992 Περὶ
1386 960 1566 992 συντελείας
1583 960 1635 987 τοῦ
1657 961 1784 995 κόσμου.

1185 1012 1195 1028 ι
1207 1003 1314 1039 Ἐπειδὴ
1331 1004 1386 1038 (15)
1399 1004 1453 1041 γὰρ
1468 1005 1577 1032 πάντων
1592 1006 1694 1033 τούτων
1709 1007 1804 1042 χρόνος
1820 1007 1941 1035 ἐτελειώ-

1146 1049 1190 1085 θη,
1199 1051 1246 1077 καὶ
1259 1050 1410 1087 μπαὸολὴν
1425 1051 1476 1078 ἔδει
1489 1052 1623 1086 γενέσθαι,
1640 1053 1687 1080 καὶ
1697 1053 1729 1089 δὴ
1741 1055 1788 1081 καὶ
1802 1056 1832 1081 τὸ
1847 1057 1941 1091 γήϊνον

1145 1095 1195 1131 ἤδη
1222 1097 1276 1123 πᾶν
1297 1097 1418 1133 ἀνήλωτο
1432 1099 1519 1132 γένος,
1533 1099 1622 1131 πάσας
1648 1099 1767 1136 ἑκάστης
1783 1102 1833 1137 τῆς
1849 1102 1940 1137 ψυχῆς

1144 1143 1193 1174 τὰς
1201 1143 1323 1177 γενέσεις
1331 1143 1536 1176 ἁποδεδοκυίας,
1545 1145 1646 1172 man
1659 1143 1692 1181 ἦν
1708 1147 1810 1183 ἑκάστῃ
1819 1156 1940 1184 προσαχ-

1146 1187 1228 1215 θέντα
1237 1189 1431 1224 (16),τοσαῦτα
1442 1191 1482 1221 εἰς
1491 1191 1543 1226 γῆν
1557 1191 1702 1227 σπέρματα
1724 1193 1861 1229 πεσούσης
1870 1194 1936 1229 (17)”

1144 1233 1204 1259 τότε
1227 1233 1258 1268 δὴ
1275 1233 1322 1260 τοῦ
1340 1235 1439 1265 παντὸς
1453 1235 1467 1261 ό
1484 1236 1529 1270 μὲν
1545 1236 1724 1271 κυϐερνήτης,
1736 1235 1780 1263 οἷα
1801 1238 1940 1273 πηδαλίων

1144 1278 1237 1310 οἴακος
1253 1279 1399 1314 ἀφέμενος,
1419 1281 1458 1312 εἰς
1484 1281 1533 1316 τὴν
1553 1281 1634 1307 αὑτοῦ
1657 1283 1798 1319 περιωπὴν
1813 1284 1936 1319 ἀπέστη·

1143 1323 1187 1350 τὸν
1203 1324 1231 1350 δὲ
1243 1324 1275 1360 δὴ
1289 1325 1390 1360 κόσμον
1406 1326 1486 1352 πάλιν
1501 1326 1664 1362 ἀνέστρεφεν
1678 1329 1830 1365 εἱμαρμένη
1849 1339 1879 1356 τε
1893 1332 1938 1357 καὶ

1143 1369 1282 1405 ξύμφυτος
1296 1371 1437 1406 ἐπιθυμία.
1452 1372 1556 1404 Πάντες
1569 1370 1615 1400 οὖν
1628 1375 1652 1400 οἱ
1664 1374 1734 1401 κατὰ
1747 1376 1830 1407 τοὺςΔ
1839 1376 1939 1409 τόπους

1144 1414 1321 1452 ξυνάρχοντες
1335 1417 1374 1452 τῷ
1391 1418 1511 1453 μεγίστῳ
1522 1419 1628 1455 δαίμονι
1639 1420 1706 1452 θεοὶ,
1723 1421 1831 1455 γνόντες
1843 1422 1894 1458 ἠδη
1907 1423 1938 1449 τὸ

1142 1463 1311 1499 γιγνόμενον,
1337 1464 1452 1498 ἀφίεσαν
1480 1462 1513 1491 αὖ
1543 1465 1578 1491 τὰ
1606 1465 1675 1501 μέρη
1700 1465 1747 1492 τοῦ
1770 1466 1873 1501 κόσμου
1887 1468 1937 1503 τῆς

1143 1509 1232 1536 αὐτῶν
1250 1511 1418 1546 ἐπιμελείας.
1442 1513 1471 1537 '0
1483 1511 1523 1543 δὲ,
1542 1512 1795 1548 μεταστρεφόμενος
1806 1514 1853 1540 καὶ
1869 1513 1938 1550 ξυμ-

1143 1556 1263 1590 ϐάλλων,
1284 1557 1371 1593 ἀρχῆς
1401 1566 1431 1584 τε
1462 1557 1509 1584 καὶ
1543 1558 1669 1593 τελευτῆς
1700 1559 1823 1586 ἐναντίαν
1846 1560 1936 1595 ὁρμὴν

1145 1603 1285 1638 ὁρμηθεὶς,
1303 1603 1414 1638 σεισμὸν
1435 1604 1520 1631 πολὺν
1542 1604 1571 1631 ἐν
1588 1604 1676 1640 ἑαυτῷ
1693 1606 1786 1638 ποιῶν,
1801 1607 1885 1642 ἀλλην
1902 1605 1936 1634 αὖ

1145 1648 1247 1684 φθορὰν
1260 1648 1338 1690 ςώων
1352 1650 1486 1676 παντοίων
1501 1651 1695 1686 ἀπειργάσατο.
1709 1652 1785 1679 Μετὰ
1798 1652 1826 1679 δὲ
1838 1653 1887 1680 ταῦ
1893 1663 1935 1687 τα,

1144 1695 1320 1731 προελθόντος
1337 1695 1430 1722 ἱκανοῦ
1448 1695 1555 1731 χρόνον,
1574 1697 1688 1733 θορύϐου
1705 1706 1734 1724 τε
1752 1698 1798 1724 καὶ
1813 1699 1936 1735 ταραχῆς

1143 1741 1194 1777 ἤδη
1209 1742 1370 1777 παυόμενος,
1388 1742 1436 1768 καὶ
1450 1741 1504 1768 τῶν
1520 1743 1650 1778 σεισμῶν,
1665 1743 1786 1779 γαλήνης
1807 1744 1935 1771 €110.ch-

1144 1797 1233 1823 μενος,
1245 1788 1283 1820 εἷς
1303 1797 1333 1814 τε
1352 1788 1397 1815 τὸν
1418 1788 1532 1816 εἰωθότα
1552 1789 1651 1825 δρόμον
1672 1790 1718 1816 τὸν
1739 1790 1835 1817 ἑαυτοῦ
1850 1800 1935 1817 κατα-

1141 1834 1326 1869 κοσμούμενος
1343 1834 1396 1869 ᾔει,
1414 1835 1573 1867 ἐπιμέλειαν
1586 1835 1632 1861 καὶ
1647 1836 1747 1871 κράτος
1762 1835 1830 1871 ἔχων
1853 1837 1935 1868 αὐτὸς

1139 1879 1194 1905 τῶν
1209 1880 1237 1906 ἐν
1249 1879 1322 1915 αὺτῴ
1336 1888 1365 1906 τε
1381 1881 1427 1906 καὶ
1441 1880 1548 1907 ἑαυτοῦ.
1570 1890 1579 1906 ι
1606 1881 1662 1908 Καὶ
1688 1882 1757 1917 μετὰ
1774 1883 1876 1918 βραχέα
1900 1881 1934 1910 αὖ

1140 1935 1224 1962 φησι·
1242 1938 1249 1950 ι
1268 1925 1313 1952 Διὸ
1325 1926 1357 1962 δὴ
1374 1927 1420 1953 καὶ
1433 1926 1488 1952 τότ’
1508 1927 1558 1962 ήδη
1575 1926 1639 1958 θεὸς
1655 1927 1669 1953 ό
1685 1929 1825 1964 κοσμήσας
1839 1929 1932 1961 αὑτὸν,

1139 1972 1262 2008 καθορῶν
1275 1973 1304 1998 ὲν
1319 1972 1445 2008 ἀπορίαις
1456 1972 1531 2004 ὅντα,
1547 1973 1694 2008 κηδόμενος
1709 1974 1752 2000 ἴνα
1771 1974 1818 2010 μὴ,
1831 1984 1933 2011 χειμα-

1139 2018 1222 2051 σθεὶς,
1236 2018 1288 2044 ὑπὸ
1303 2018 1425 2054 ταραχῆς
1438 2018 1582 2052 διαλυθεὶς,
1597 2020 1637 2050 εἰς
1649 2019 1696 2046 τὸν
1707 2020 1757 2055 τῆς
1773 2021 1934 2057 ἀνομοιότη-

1136 2074 1181 2097 τος
1189 2065 1303 2100 ἄπειρον
1315 2064 1380 2091 ὄντα
1394 2065 1476 2092 τόπον
1486 2065 1546 2101 δύῃ,
1563 2065 1643 2092 πάλιν
1657 2066 1768 2103 ἔφεδρος
1784 2067 1867 2094 αὐτοῦ
1878 2068 1933 2094 τῶν

1136 2111 1273 2147 πηδαλίων
1292 2111 1446 2146 γενόμενος,
1465 2111 1499 2137 τὰ
1515 2112 1666 2147 νοσήσαντα
1693 2114 1740 2139 καὶ
1757 2113 1871 2140 λυθέντα
1903 2115 1931 2141 ὲν

1134 2159 1166 2193 τῇ
1179 2156 1237 2183 κατ’
1248 2156 1327 2183 αὑτὸν
1335 2156 1390 2192 (18)
1400 2156 1518 2193 προτέρᾳ
1528 2158 1645 2193 περιόδῳ
1659 2158 1787 2194 στρέψας,
1794 2161 1893 2195 κοσμεῖ
1901 2169 1931 2187 τε

1135 2205 1182 2231 καὶ
1193 2204 1348 2232 ἐπανελθὼν
1355 2205 1409 2240 (19)
1419 2205 1551 2232 ἀθάνατον
1562 2206 1642 2233 αὐτὸν
1657 2207 1705 2233 καὶ
1718 2207 1830 2243 ἀγήρων
1844 2209 1931 2244 ἀπερ-

293 2252 424 2288 voragine
450 2252 602 2286 hauriatur,
616 2254 730 2288 receptis
745 2253 804 2288 ejus
827 2253 925 2280 iterum
946 2252 1082 2288 guberna-

1144 2251 1257 2285 Γάζεται.
1268 2251 1353 2278 Τοῦτο
1367 2251 1416 2286 μὲν
1429 2251 1503 2283 τέλος
1517 2252 1624 2278 πάντων
1638 2252 1753 2288 εἴρηται.
1776 2263 1784 2278 ι

307 2298 372 2330 ulis,
386 2307 473 2334 aegras
486 2299 649 2334 luxatasque
661 2305 752 2334 partes
763 2300 796 2326 ad
810 2299 965 2326 institutum
981 2298 1030 2325 abs
1045 2305 1105 2325 sese
1115 2297 1304 2325 conversionis
1315 2297 1409 2324 orbem
1426 2302 1546 2329 revocat,
1558 2302 1639 2333 atque
1650 2299 1724 2326 omni
1740 2307 1834 2327 errore
1846 2302 1931 2328 casti-

291 2349 365 2380 gato,
381 2354 460 2373 suum
487 2346 538 2381 ipsi
557 2350 682 2373 ornatum
700 2347 828 2379 restituit,
838 2350 864 2373 et
876 2345 1057 2372 immortalem
1070 2351 1133 2372 eum
1144 2343 1282 2379 deinceps,
1295 2351 1327 2371 ac
1337 2344 1487 2371 senectutis
1505 2349 1642 2379 expertem
1657 2353 1718 2373 esse
1734 2345 1824 2380 juhet.
1839 2347 1930 2382 Atque

292 2392 336 2420 hic
349 2401 439 2421 rerum
451 2394 514 2421 ﬁnis
528 2394 649 2421 omnium
665 2395 814 2430 appellatus
829 2399 880 2422 est.
900 2404 909 2420 ι

568 2441 682 2470 CAPUT
698 2442 806 2469 Χλχν.

292 2483 411 2512 Mortuo:
419 2487 547 2521 quosdam
558 2486 682 2512 revixisse
693 2485 773 2512 Plato
781 2485 883 2516 scribit,
893 2493 951 2511 cum
961 2484 1079 2511 ΙΙείιι-ιείδ

431 2521 479 2548 hoc
495 2523 575 2548 aliam
592 2522 618 2548 in
635 2529 725 2556 genere
739 2521 914 2550 consentiens.

331 2565 431 2600 tAtqui
445 2567 557 2599 nullius,
572 2567 694 2601 inquam,
713 2566 763 2593 ista
778 2566 819 2593 vel
835 2565 940 2593 numeri
958 2565 1023 2597 sint,
1036 2565 1078 2592 vel

326 2628 340 2645 ι
354 2622 434 2650 Forte
443 2624 494 2651 del.
513 2624 584 2656 τούς.

291 2680 427 2709 ﬁcantius.
450 2683 515 2716 Quae
531 2683 612 2711 verba
631 2683 670 2710 sic
695 2682 820 2715 Ficinus,
845 2682 890 2717 qui
908 2683 999 2709 statim
1016 2687 1074 2717 post

290 2717 405 2752 primum
423 2719 609 2745 revolutionem
628 2719 680 2745 orti
696 2722 769 2750 sunt,
784 2725 839 2752 quo
853 2717 934 2744 unico
951 2718 1074 2744 membro

291 2750 383 2780 Graeca
395 2753 450 2780 duo
462 2754 621 2788 complexus
633 2758 685 2781 est.
698 2753 754 2789 Ego
765 2750 911 2788 utrumque
922 2759 1073 2788 exprimere

290 2793 351 2813 sum
368 2792 490 2815 conatus.

326 2823 382 2859 (14)
402 2823 647 2859 Ριοιοηὲκόᾳμησε.

326 2857 382 2893 (15)
403 2858 533 2894 ῘΕπειδή.
553 2857 629 2886 Plato
642 2859 667 2885 in
681 2859 776 2887 eodem
790 2859 916 2894 Politico,
930 2866 992 2894 pag.
1012 2857 1072 2886 176.

327 2894 381 2925 (16)
401 2893 487 2927 Plato,
507 2894 703 2928 προσαχθέντα.

1393 2436 1590 2464 ΚΕΦΔΛΔΙΟΝ
1611 2436 1672 2462 ΛΕ’.

1141 2485 1189 2517 Ὠς
1202 2483 1251 2510 καὶ
1263 2483 1389 2518 νεκροὺς
1400 2482 1553 2517 ὲττιγέρθαι
1565 2483 1582 2509 ὁ
1595 2482 1721 2519 Πλάτωνί
1740 2483 1850 2517 ὁμοίως
1864 2485 1928 2519 τοῖς

1334 2519 1340 2528 '
1350 2519 1482 2552 Εϐραίων
1495 2518 1596 2552 λόγοις
1609 2518 1726 2551 ἱστορεῖ.

1173 2576 1181 2590 ι
1193 2565 1286 2592 Ταῦτα
1292 2563 1454 2599 τοίνυνβθ),
1463 2561 1523 2591 iw?
1535 2562 1600 2597 ἐγὼ,
1609 2563 1683 2589 οὐδέν
1693 2564 1751 2590 ἐστι
1759 2564 1925 2601 πλήθειούδι

1167 2688 1223 2722 (17)
1245 2687 1411 2720 Πεσούσης.
1434 2685 1528 2712 Active
1544 2683 1678 2719 sumpsit,
1699 2691 1749 2718 pro
1766 2685 1921 2722 βαλούσης,

1131 2732 1193 2751 raro
1207 2723 1353 2750 admodum
1370 2722 1504 2755 exemplo.

1167 2759 1222 2794 (18)
1242 2757 1329 2790 Plato,
1346 2756 1406 2783 καθ’
1420 2756 1512 2794 αὐτόν.

1166 2790 1222 2828 (19)
1245 2793 1329 2824 l'lato,
1348 2790 1515 2828 ἐπανορθῶν.

1166 2826 1220 2864 (:10)
1243 2828 1338 2855 Ταῦτα
1352 2826 1469 2864 τοίνυνἶ
1481 2826 1730 2864 _Seque:ttia__leges
1751 2828 1823 2862 apud
1841 2828 1920 2857 eun":-

1129 2861 1190 2892 dem
1204 2863 1271 2891 Plat.
1285 2863 1332 2891 lib.
1346 2862 1383 2890 De
1397 2862 1496 2896 repubi.
1510 2869 1536 2895 χ,
1554 2868 1615 2896 pag.
1632 2861 1682 2888 518
