2078 3207
159 211 211 238 9F9

731 211 894 239 PR/EPAR.
918 209 1044 239 EVANG.
1066 211 1130 239 LIB.
1152 212 1208 239 XII.

1732 213 1784 241 970

163 271 243 306 μέχρι
259 269 384 301 θανάτου,
401 271 486 298 δοκῶν
501 272 549 307 μὲν
564 271 633 299 εἶναι
648 272 740 304 ἄδικος
764 272 807 299 διὰ
826 272 895 307 βίου,
910 271 942 298 ὧι

1001 273 1134 300 buendus.
1161 273 1234 300 ldem
1252 274 1323 300 enim
1341 278 1367 301 et
1389 273 1462 300 omni
1485 280 1574 301 careat
1597 274 1740 309 injustitia,
1758 279 1785 301 et

160 317 188 343 δὲ
199 316 302 347 δίκαιος
313 316 395 352 (66).»
408 317 463 343 Καὶ
475 317 543 351 μετὰ
557 317 659 353 βραχέα
671 317 801 351 ὲπιλέγεν
814 326 823 351 ι
834 317 948 343 Λεκτέον

159 360 215 390 οὖν.
231 362 286 389 Καὶ
314 363 356 398 δὴ,
385 363 436 389 κᾶν
463 363 663 399 ἀγροικοτέρως
689 363 812 398 λέγηται,
845 363 881 398 μὴ
900 363 948 397 ἐμὲ

158 408 213 434 οἵου
227 408 327 442 λέγειν,
338 405 361 435 ὦ
374 408 527 444 Σώκρατες,
543 409 610 435 ἀλλὰ
625 409 686 441 τοὺς
704 408 881 440 ἐπαινοῦντας
896 409 948 444 πρὸ

156 451 328 488 δικαιοσύνης
343 453 459 480 ἀδικίαν.
481 453 588 490 Ἐροῦσι
600 454 628 480 δὲ
640 454 712 481 τάδε·
731 455 791 481 Ὅτι
807 453 878 481 οὕτω
891 454 948 480 δια-

156 497 281 533 κείμενος
292 500 306 525 ό
317 498 421 531 δίκαιος
439 499 654 534 μαστιγώσεται,
679 500 887 536 στρεὸλώσεται,
904 500 947 527 δε-

154 543 275 579 δήσεται,
291 545 473 581 ὲκκοπήσεται
487 545 526 572 τὼ
538 545 678 581 ὀφθαλμώ·
700 546 841 580 τελευτῶν,
859 547 946 574 πάντα

153 591 227 617 κακὰ
240 590 342 622 παθὼν,
355 591 671 628 ἀνασχινδυλευθήσεται,
686 593 732 619 καὶ
742 592 887 626 γνώσεται,
905 594 945 620 ὅτι

152 636 203 663 οὐκ
227 634 296 663 εἶναι
312 637 425 667 δίκαιον.
447 637 516 664 ἀλλὰ
540 637 628 665 δοκεῖν
647 638 688 665 δεῖ
709 638 837 666 ἐθέλειν.»
853 639 946 666 Ταῦτα

152 682 242 716 λόγοις
254 684 267 709 ὁ
282 682 402 709 Πλάτων.
418 683 528 718 ’Ἔργοις
549 683 577 709 δὲ
605 683 671 710 πολὺ
694 684 824 720 πρότερον
838 685 862 711 οἱ
880 686 945 721 παρ’

158 728 294 764 Ἑϐραίοις
307 728 405 756 δίκαιοι
431 729 479 755 καὶ
502 729 639 766 προφῆται
669 729 883 765 μνημονεύονται
910 730 945 757 τὰ

152 773 286 809 είρημὲνα
300 773 388 800 πάντα
404 773 577 801 πεπονθέναι*
594 784 602 800 ι
620 774 646 800 οἴ
656 782 699 808 γε,
717 775 880 801 δικαιότατοι
899 775 944 801 ὃν-

150 827 207 851 τες,
227 818 265 851 ὡς
289 819 450 846 ἀδικώτατοι
473 819 664 856 ἐλιθάσθησαν,
699 821 885 856 ἐπρίσθησαν,
915 822 944 847 ἐν

150 865 226 901 φόνῳ
239 866 377 902 μαχαίρας
390 865 536 899 ἀπέθανον,
565 866 710 902 περιῆλθον
731 868 760 893 ἐν
786 868 923 902 μηλωταῖς
933 888 941 899 ,

151 911 199 938 καὶ
225 911 338 946 αίγείοις
361 912 508 949 δέρμασιν,
544 912 747 949 ὑστερούμενοι,
777 913 942 949 θλιϐόμενοι,

150 957 374 993 κακουχούμενοι,
393 959 421 985 ὲν
437 958 566 994 ἐρημίαις
593 958 773 994 πλανώμενοι,
800 959 847 986 καὶ
869 960 942 996 ὄρεσι

149 1003 198 1030 καὶ
211 1004 363 1038 σπηλαίοις,
384 1004 431 1031 καὶ
455 1005 516 1036 ταῖς
538 1005 619 1036 ὀπαῖς
632 1005 682 1040 τῆς
705 1005 767 1040 γῆς,
793 1014 830 1032 ων
843 1007 893 1033 οὐκ
909 1005 943 1043 ἦν

149 1050 224 1082 ἄξιος
236 1051 250 1076 ό
262 1050 390 1086 κόσμος.)
408 1050 463 1077 Καὶ
493 1051 517 1077 οἱ
536 1051 679 1091 ἀπόστολοι
700 1051 728 1077 δὲ
754 1051 800 1078 τοῦ
818 1053 942 1088 Σωτῆρος

150 1097 238 1131 ἡμῶν,
252 1096 301 1133 τὴν
324 1097 454 1124 ἀνωτάτω
472 1097 645 1133 δικαιοσύνην
677 1106 706 1125 τε
729 1099 774 1124 καὶ
802 1099 942 1126 εὐσέϐειαν

150 1143 299 1178 μετιόντες,
317 1143 396 1175 δόξαν
408 1142 435 1169 δὲ
451 1143 558 1176 ἀδικίας
575 1144 649 1180 παρὰ
668 1145 724 1176 τοῖς
742 1145 850 1177 πολλοῖς
869 1154 943 1181 περι-

150 1187 319 1224 ϐαλλόμενοι,
335 1190 415 1216 ὁποῖα
426 1189 555 1224 ἔπασχον,
575 1188 664 1216 αὐτῶν
684 1189 815 1225 πάρεστιν
826 1191 943 1218 ἐπακοῦ-

153 1241 200 1261 σαι
219 1234 362 1268 λεγόντων·
384 1244 394 1261 ι
408 1235 526 1271 Θέατρον
541 1235 710 1271 ἐγενήθημεν
723 1236 763 1271 τῷ
778 1237 882 1272 κόσμῳ,
894 1237 942 1264 καὶ

148 1281 288 1315 ἀγγέλοις,
321 1281 567 1317 καὶ-ἀνθρώποις.)
590 1282 655 1314 Καὶ,
675 1292 684 1308 ι
706 1283 793 1319 Μέχρι
812 1284 861 1319 τῆς
877 1284 940 1320 ἄρτι

148 1326 224 1363 ὥρας
245 1327 292 1354 καὶ
307 1327 455 1363 πεινῶμεν,
474 1328 520 1354 καὶ
545 1327 677 1363 διψῶμεν,
704 1328 751 1355 καὶ
770 1329 941 1365 γυμνητεύο-

148 1381 212 1409 μεν,
226 1374 272 1400 καὶ
286 1373 498 1410 κολαφιζόμεθα,
511 1374 557 1401 καὶ
572 1374 752 1410 ἀστατοῦμεν.
763 1376 942 1412 Λοιδορούμε-

147 1426 189 1446 ναι
207 1418 383 1454 εὐλογοῦμεν,
396 1419 554 1455 διωκόμενοι
567 1420 730 1455 ἀνεχόμεθα,
748 1420 942 1457 δυσφημούμε-

148 1471 190 1489 νοι
223 1463 445 1500 παρακαλοῦμεν·
463 1464 501 1496 ὠς
521 1464 752 1500 περικαθάρματα
769 1465 816 1492 τοῦ
837 1467 940 1502 κόσμου

147 1509 343 1546 ἐγενήθημεν.»
367 1510 447 1537 Ἀλλὰ
462 1511 509 1538 καὶ
525 1512 609 1538 εἰσέτι
622 1512 702 1548 δεῦρο
713 1513 737 1539 οἱ
757 1514 875 1547 γενναῖοι
894 1514 940 1540 τοῦ

147 1556 276 1593 Σωτῆρος
289 1556 369 1592 ἡμῶν
389 1557 536 1594 μάρτυρες,
549 1558 610 1585 καθ’
630 1559 694 1594 ὅλης
704 1559 754 1595 τῆς
769 1559 822 1586 τῶν
835 1559 941 1596 ἀνθρώ-

1001 326 1116 346 snmma:
1141 322 1231 346 tamen
1251 319 1392 353 iujustitite
1411 328 1474 348 reus
1501 321 1651 354 habeatur;
1676 326 1705 348 ut
1732 321 1784 347 hoe

999 363 1078 397 quasi
1104 363 1245 397 probatam
1260 373 1291 392 ac
1305 369 1429 392 testatam
1451 366 1576 392 examine
1588 365 1720 400 justitiam
1737 365 1785 391 ha-

998 409 1070 440 beat,
1091 408 1153 436 dum
1170 410 1245 437 nullo
1267 410 1348 438 modo
1361 411 1402 438 vel
1421 411 1543 444 infamia,
1559 412 1600 438 vel
1616 411 1649 438 iis
1664 419 1725 445 qua:
1740 412 1783 437 in—

998 453 1109 482 famiam
1127 456 1205 491 sequi
1226 456 1323 488 solent,
1351 457 1519 490 movebitur,
1539 457 1584 484 sed
1604 457 1783 485 inconcussus

997 500 1031 527 ad
1057 505 1171 528 mortem
1190 508 1278 536 usque
1292 501 1431 535 persistet,
1454 502 1489 528 ita
1505 501 1626 536 quidem,
1645 506 1674 528 ut
1695 510 1783 536 quan-

998 545 1043 572 diu
1060 546 1167 578 vixerit,
1193 550 1220 573 et
1231 546 1365 580 justitiam
1388 547 1469 579 colat,
1490 551 1516 574 et
1541 547 1658 582 injustus
1670 554 1731 574 esse
1744 547 1783 573 vi-

997 592 1103 619 deatur.
1131 602 1140 617 ι
1159 591 1265 626 Quibus
1279 593 1360 627 paulo
1388 598 1450 628 post
1465 593 1516 620 ista
1532 593 1692 628 subjungit:
1711 602 1720 618 ι
1739 592 1784 620 Di-

997 637 1112 665 cendum
1131 638 1222 671 igitur.
1239 637 1267 664 In
1284 645 1338 673 quo
1354 639 1377 665 si
1391 639 1456 673 quid
1473 639 1525 667 erit
1546 639 1683 666 horridius
1698 659 1705 671 ,
1725 639 1783 666 exi-

996 682 1090 711 stimes
1116 682 1209 715 velim,
1237 683 1273 710 mi
1301 683 1439 715 Socrates,
1465 683 1491 711 id
1507 691 1561 711 non
1585 688 1639 711 tam
1661 684 1710 712 abs
1727 691 1781 715 me,

995 732 1077 760 quam
1103 725 1137 751 ab
1152 725 1186 752 iis
1209 725 1273 758 diei,
1300 726 1346 760 qui
1360 726 1474 761 justitiae
1495 727 1655 760 injustitiam
1673 731 1783 761 antepo-

996 776 1075 799 nunt.
1101 772 1234 799 Futurum
1251 772 1350 806 quippe
1376 772 1550 806 dictitabuut,
1577 776 1608 799 ut
1625 773 1716 807 justus
1738 773 1782 800 ille

995 818 1035 845 sic
1059 818 1151 845 animo
1168 821 1353 852 comparatus,
1372 818 1502 850 caedatur,
1529 823 1700 853 torqueatur,
1722 819 1783 845 vin-

996 864 1084 891 ciatur
1101 885 1108 897 ,
1125 870 1287 896 excaeetur,
1307 865 1377 891 mala
1397 865 1514 900 denique
1529 873 1676 900 perpessus
1691 867 1782 893 omnia

996 910 1023 937 in
1037 918 1147 938 crucem
1162 915 1269 946 agatur,
1287 911 1380 946 sicque
1394 911 1503 939 demum
1531 917 1671 946 agnoscat,
1689 913 1714 940 id
1731 913 1782 940 ho-

995 957 1061 984 mini
1078 958 1259 992 expetendum
1286 965 1356 990 esse,
1375 966 1428 985 non
1449 959 1540 993 justus
1561 963 1591 986 ut
1610 960 1655 991 sit,
1679 960 1727 987 sed
1752 965 1782 987 ut

993 1011 1054 1031 esse
1079 1004 1214 1031 videatur.
1244 1013 1253 1030 ›
1282 1003 1344 1031 Ηωιι
1369 1004 1446 1031 Plato
1472 1005 1592 1039 quidem,
1617 1006 1664 1033 sed
1692 1007 1782 1034 verbis

994 1055 1084 1077 tenus.
1100 1051 1165 1083 Quae
1189 1050 1260 1085 apud
1275 1050 1414 1083 Hebraeos,
1435 1052 1526 1078 omnia
1543 1051 1622 1086 longe
1637 1057 1700 1080 ante
1718 1060 1780 1080 cum

993 1095 1038 1122 alii
1054 1096 1176 1130 plerique
1188 1096 1266 1132 justi,
1281 1100 1339 1124 tum
1353 1097 1434 1124 etiam
1452 1098 1590 1131 propheta
1619 1098 1706 1132 reipsa
1723 1106 1782 1132 per-

993 1139 1089 1167 tulisse
1115 1145 1321 1168 memorantur:
1349 1141 1447 1176 quippe
1477 1142 1523 1176 qui
1549 1142 1694 1176 justissimi
1718 1151 1780 1170 cum

994 1190 1097 1217 essent,
1114 1190 1245 1221 tanquam
1263 1187 1448 1222 injustissimi,
1469 1197 1478 1212 ι
1496 1188 1605 1223 lapidati
1624 1193 1698 1220 sunt,
1714 1190 1784 1217 secti

994 1236 1069 1262 sunt,
1089 1232 1116 1258 in
1133 1233 1272 1260 occisione
1299 1233 1380 1268 gladii
1398 1234 1497 1260 mortui
1520 1239 1594 1265 sunt,
1616 1235 1782 1263 circuiernut

993 1277 1020 1305 in
1036 1279 1145 1306 melotis
1159 1283 1186 1306 et
1201 1279 1320 1314 pellibus
1339 1280 1468 1314 caprinis,
1483 1285 1604 1315 egentes,
1623 1282 1781 1317 angustiati,

993 1323 1095 1358 atllieti,
1121 1325 1149 1352 in
1174 1326 1366 1353 solitudinibus
1382 1330 1516 1359 errantes,
1537 1327 1564 1353 in
1592 1328 1731 1356 montibus
1754 1334 1783 1356 et

993 1370 1143 1404 speluncis,
1157 1376 1184 1398 et
1200 1371 1380 1399 foraminibus
1396 1375 1483 1403 terrae,
1496 1373 1596 1407 quibus
1612 1373 1711 1408 dignus
1726 1382 1780 1401 non

992 1420 1052 1443 erat
1066 1418 1184 1444 mundus
1199 1417 1232 1444 ⁸⁸.
1255 1427 1264 1443 ι
1297 1417 1367 1450 Quin
1391 1422 1417 1444 et
1431 1418 1517 1445 nostri
1544 1426 1653 1453 quoque
1684 1419 1782 1447 Serva-

992 1462 1059 1489 toris
1087 1463 1224 1498 apostoli,
1252 1463 1316 1490 dum
1345 1464 1483 1490 caelestem
1509 1463 1582 1490 illam
1606 1464 1782 1500 divinamque

990 1508 1135 1543 justitiam,
1151 1508 1233 1545 584
1249 1514 1330 1544 atque
1341 1509 1499 1544 religionem
1515 1514 1660 1543 sectantes,
1677 1510 1781 1545 impro-

993 1555 1087 1583 bitatis
1116 1555 1244 1590 opinione
1268 1556 1370 1590 passim
1396 1555 1562 1587 laborarent,
1580 1563 1661 1591 quam
1686 1557 1778 1592 gravia

147 1611 208 1629 πων
223 1603 385 1639 οἰκουμένης
403 1603 433 1630 οὐ
447 1604 476 1630 τὸ
491 1604 589 1636 δοκεῖν,
612 1604 680 1631 ἀλλὰ
698 1605 728 1631 τὸ
749 1603 818 1632 εἶναι
842 1606 941 1633 δίκαιοί

993 1601 1184 1635 sustinuerint,
1206 1609 1239 1628 ex
1257 1601 1308 1629 bac
1328 1602 1448 1636 ipsorum
1469 1609 1536 1630 voce
1550 1607 1677 1630 constare
1701 1603 1780 1631 nobis

145 1657 177 1675 τε
207 1649 253 1676 καὶ
278 1650 399 1682 εὐσεϐεῖς
433 1650 590 1682 ἀσκοῦντες,
617 1652 665 1678 ὅσα
697 1652 729 1687 δὴ
767 1652 910 1686 κατέλεξεν
926 1653 940 1678 ὁ

147 1695 271 1727 Πλάτων,
282 1695 457 1723 πεπόνθασιψ
473 1696 533 1723 ἐπεὶ
549 1697 596 1723 καὶ
607 1696 846 1732 ὲμαστιγώθησαν,
855 1697 942 1733 δεσμά

145 1749 178 1768 τε
189 1741 236 1768 καὶ
253 1741 385 1777 στρέϐλας
404 1742 563 1777 ὑπέμειναν,
577 1743 624 1769 καὶ
637 1743 690 1779 μὴν
711 1743 759 1769 καὶ
773 1742 941 1778 ἑξεκόπησαν

144 1787 187 1815 τὼ
198 1788 339 1824 ὀφθαλμὼ,
359 1789 406 1816 καὶ
424 1788 499 1820 τέλος
525 1789 613 1816 πάντα
642 1789 677 1816 τὰ
695 1789 769 1816 δεινὰ
794 1789 940 1821 παθόντες,

144 1834 435 1870 ὰνεσκινδυλεύθησαν.
448 1832 498 1861 ’Ὧν
514 1834 608 1862 οὐδένα
625 1836 689 1870 παρ’
704 1835 832 1871 Ἕλλησιν
847 1835 942 1871 ἐπιζη-

145 1881 234 1916 τήσας
256 1881 347 1916 ὅμοιον
360 1881 392 1908 ἂν
405 1881 505 1917 εὕροις·
522 1881 560 1914 ὡς
573 1881 686 1913 εἰκότως
706 1881 767 1909 τινὰ
789 1882 882 1916 φάναι,
894 1882 941 1909 τὸν

145 1926 291 1961 φιλόσοφον
309 1927 383 1954 οὐδὲν
396 1927 488 1963 ἕτερον
508 1928 524 1964 ἢ
540 1927 664 1954 θεσπίσαι
681 1927 725 1954 διὰ
750 1927 852 1955 τούτων
877 1928 942 1964 περὶ

145 1973 202 2000 τῶν
217 1973 283 2009 παρ’
301 1974 366 2009 ἡμῖν
380 1973 585 2010 διαπρεπόντων
603 1975 632 2000 ὲν
646 1973 773 2009 εὐσεϐείᾳ
784 1973 831 2000 καὶ
845 1973 943 2009 ἀληθεῖ

145 2019 313 2057 δικαιοσύνῃ.

993 1647 1093 1683 poterit
1108 1655 1115 1674 :
1135 1657 1145 1673 ι
1167 1648 1358 1683 Spectaculum
1378 1647 1441 1674 facti
1456 1655 1551 1675 sumus
1566 1648 1677 1681 mundo,
1689 1653 1716 1676 et
1730 1657 1780 1676 an-

993 1695 1070 1730 gelis,
1086 1698 1113 1722 et
1139 1694 1296 1721 hominibus
1307 1694 1340 1721 ⁸³.
1361 1703 1370 1720 ι
1386 1693 1430 1727 Ει,
1451 1703 1460 1718 ι
1485 1701 1572 1728 usque
1587 1694 1614 1720 in
1635 1695 1707 1721 hanc
1729 1695 1780 1722 ho-

992 1749 1062 1775 ram,
1088 1745 1114 1768 et
1135 1741 1284 1773 esurimus,
1312 1744 1340 1767 et
1357 1740 1475 1772 sitimus,
1496 1745 1523 1767 et
1551 1740 1616 1767 nudi
1630 1748 1736 1771 sumus,
1752 1744 1780 1767 et

992 1785 1114 1820 colaphis
1137 1785 1285 1818 cmdimur,
1302 1789 1329 1812 et
1351 1785 1491 1812 instabiles
1507 1793 1612 1812 sumus.
1640 1785 1780 1813 Maledici-

994 1839 1072 1862 Inur,
1096 1834 1123 1857 et
1140 1830 1346 1863 benedicimus;
1373 1835 1588 1865 persecutionem
1606 1831 1736 1865 patimur,
1752 1837 1779 1859 et

992 1876 1159 1904 sustinemus
1174 1885 1181 1909 ;
1198 1876 1430 1910 blasphemamur,
1448 1880 1475 1904 et
1496 1877 1673 1904 obsecramus
1688 1886 1695 1910 ;
1718 1883 1779 1905 tan-

991 1930 1073 1957 quam
1088 1925 1266 1957 purgamcnta
1292 1921 1375 1956 hujus
1401 1923 1495 1950 mundi
1523 1923 1587 1950 facti
1600 1931 1696 1952 sumus
1709 1925 1742 1952 ⁵⁸.
1765 1934 1775 1950 ι

991 1970 1024 1997 Ει
1055 1970 1109 1997 huc
1136 1977 1225 2004 usque
1249 1969 1390 2004 profecto,
1423 1969 1527 1996 strenui
1553 1969 1591 1996 illi
1625 1970 1777 1998 Servatoris

991 2017 1077 2045 nostri
1091 2021 1225 2052 martyres
1249 2016 1349 2051 ubique
1376 2015 1497 2043 locorum
1515 2020 1543 2044 et
1565 2017 1696 2051 gentium,
1712 2017 1778 2043 dum

144 2066 173 2094 id
196 2067 397 2095 studiosissime
425 2071 546 2103 agerent,
566 2072 596 2094 ut
616 2066 681 2102 justi
710 2075 742 2094 ac
766 2067 883 2102 religiosi
911 2075 965 2094 non
986 2067 1150 2095 viderentur,
1181 2066 1227 2092 sed
1242 2068 1344 2096 essent,
1365 2071 1396 2092 ea
1414 2072 1474 2099 qua:
1485 2064 1562 2091 Plato
1583 2069 1779 2092 commemorat

144 2115 239 2142 omnia
255 2115 406 2143 subierunt.
422 2115 489 2144 Nam
506 2116 580 2148 exesi,
594 2116 687 2149 vincti,
703 2116 777 2148 torti,
790 2117 928 2149 exemeati,
948 2116 1040 2152 gravia
1054 2115 1170 2149 denique
1183 2113 1302 2149 perpessi
1316 2113 1419 2146 omnia,
1446 2118 1584 2148 postremo
1613 2113 1640 2140 in
1667 2120 1776 2140 crucem

143 2161 230 2189 etiam
256 2162 308 2190 acti
336 2166 410 2190 sunt.
437 2162 559 2196 Quorum
584 2162 720 2190 neminem
741 2162 812 2197 apud
835 2161 945 2189 Graecos
972 2161 1088 2189 similem
1112 2161 1255 2196 reperias;
1288 2161 1339 2188 hoc
1360 2164 1391 2187 ut
1409 2160 1506 2187 merito
1530 2160 1583 2187 dici
1607 2164 1698 2195 queat,
1713 2160 1776 2195 phi-
1796 2166 1803 2172 '

144 2208 291 2243 losophum
308 2208 360 2236 hoc
374 2209 506 2237 orationis
529 2217 627 2245 genere
650 2208 726 2236 aliud
757 2209 846 2244 egisse
872 2209 949 2241 nihil,
969 2216 1050 2243 quam
1069 2213 1097 2235 ut
1120 2212 1229 2235 nostros
1257 2207 1395 2242 quondam
1416 2207 1486 2239 illos,
1506 2206 1645 2241 religionis
1660 2213 1692 2233 ac
1707 2213 1778 2234 vera:

143 2254 262 2290 iustitiae
274 2255 353 2282 laude
367 2255 537 2283 clarissimos
552 2254 720 2290 przediccret.

406 2301 603 2328 ΚΕΦΑΛΑΙΟΝ
624 2301 675 2328 1Α¹.

236 2347 304 2382 Περὶ
324 2347 377 2375 τοῦ
400 2347 476 2374 κατὰ
487 2346 616 2375 Μωῦσέα
633 2347 828 2382 παραδείσου.

181 2394 322 2425 Μωῡσέως
339 2394 409 2421 κατά
421 2402 497 2426 τινας
512 2394 686 2430 ἀπορρήτους
702 2393 797 2428 λόγους
822 2394 851 2419 ὲν
865 2393 935 2427 ἀρχῇ

144 2438 196 2474 τῆς
215 2438 262 2465 τοῦ
283 2439 386 2474 κόσμου
409 2439 575 2471 συστάσεως,
595 2438 662 2465 Θεοῦ
687 2447 747 2465 τινα
773 2437 937 2473 παράδεισον

145 2484 288 2519 γεγονέναι
312 2485 421 2519 φάντος,
436 2485 487 2511 κάν
513 2484 601 2520 τούτῳ
612 2484 658 2510 τὸν
672 2483 814 2520 ἄνθρωπον
829 2483 936 2518 ἠπατῆ-

146 2531 212 2558 σθαι
242 2531 287 2559 διὰ
307 2532 356 2568 τῆς
376 2531 504 2566 γυναικὸς
533 2531 602 2567 πρὸς
617 2530 665 2558 τοῦ
687 2530 785 2565 δφεως-
806 2530 936 2565 ἄντικρυς

149 2577 291 2613 μονονουχὶ
310 2577 344 2604 τὰ
363 2579 472 2614 ῥήματα
492 2578 676 2614 μεταποιήσας
694 2579 709 2604 ὁ
733 2577 856 2608 Πλάτων,
871 2576 937 2602 ἐπά-

146 2631 247 2649 κουσον
277 2620 321 2650 οἷα
350 2624 378 2650 ὲν
405 2623 566 2658 Συμποσίῳ
593 2623 640 2649 καὶ
660 2622 742 2652 αὐτὸς
778 2620 936 2656 ἀλληγορῶν

147 2669 279 2696 τέθεικεψ
300 2669 360 2696 ἀντὶ
380 2669 429 2705 μὲν
443 2669 489 2696 τοῦ
508 2668 669 2704 παραδείσου
689 2667 735 2694 τοῦ
750 2666 828 2698 Θεοῦ,
849 2666 936 2700 κῆπον

147 2715 210 2747 Διὸς
223 2715 369 2750 ὀνομάσας*
390 2715 451 2742 ἀντὶ
465 2715 493 2742 δὲ
510 2715 556 2742 τοῦ
570 2714 658 2749 ὄφεως
678 2713 726 2740 καὶ
740 2713 790 2748 τῆς
803 2712 871 2748 πρὸς
887 2712 936 2738 αὺ-

147 2760 196 2787 τοῦ
215 2761 365 2796 γενομένης
378 2761 496 2796 ἁπάτης,
512 2760 611 2787 Πενίαν
629 2758 855 2786 ἐπιϐουλεύουσαν
870 2758 937 2783 ὑπο-

150 2805 272 2842 θλμενος·
291 2806 352 2832 ἀντὶ
364 2806 393 2832 δὲ
410 2805 457 2832 τοῦ
480 2804 587 2841 πρώτου
604 2804 711 2840 ἀνδρὸς,
722 2803 751 2829 ὃν
765 2804 782 2838 ἡ
799 2801 845 2828 τοῦ
869 2801 936 2828 Θεοῦ

1288 2294 1402 2324 CAPUT
1422 2294 1467 2322 XI.

1223 2342 1262 2369 De
1284 2341 1382 2376 Moysis
1393 2341 1529 2376 paradiso.

1028 2391 1084 2418 Sub
1102 2390 1160 2425 ipsa
1176 2389 1277 2416 conditi
1292 2387 1386 2415 mundi
1401 2387 1548 2419 cunabula,
1561 2385 1607 2413 Dei
1620 2387 1775 2421 paradisum

991 2437 1109 2472 aliquem
1123 2435 1271 2467 exstitisse,
1288 2433 1333 2460 ubi
1347 2433 1430 2460 homo
1447 2440 1462 2460 a
1477 2436 1601 2468 serpente
1615 2440 1663 2467 per
1677 2433 1777 2460 mulie-

991 2490 1048 2510 rem
1074 2482 1101 2509 in
1125 2481 1249 2508 fraudem
1270 2479 1398 2506 inductus
1423 2478 1524 2510 fuerit,
1549 2477 1655 2513 Moyses
1678 2486 1778 2506 arcana

991 2527 1109 2562 quadam
1127 2526 1250 2553 oratione
1268 2529 1474 2551 commemorat.
1489 2523 1576 2558 Hujus
1591 2523 1670 2551 verba
1686 2524 1776 2559 palam

991 2577 1095 2601 tantum
1111 2577 1139 2600 et
1154 2577 1246 2607 aperte
1262 2579 1316 2598 non
1342 2570 1495 2600 immutata,
1510 2569 1573 2597 audi
1588 2570 1627 2597 sis
1646 2571 1778 2605 quemad-

990 2620 1100 2647 modum
1122 2619 1150 2646 in
1175 2617 1313 2653 Symposio
1329 2615 1473 2651 allegorice
1498 2614 1575 2643 Plato
1599 2616 1775 2650 expresserit.

990 2665 1076 2699 Quem
1097 2665 1170 2692 enim
1192 2663 1239 2691 ille
1259 2663 1308 2690 Dei
1330 2662 1499 2698 paradisum,
1520 2660 1594 2689 Jovis
1609 2661 1654 2689 hic
1667 2662 1778 2689 hortum

990 2710 1151 2746 appellavit;
1165 2709 1304 2745 Serpentis
1320 2716 1353 2736 ac
1369 2709 1473 2736 fraudis
1481 2716 1529 2743 per
1536 2715 1598 2735 eum
1607 2708 1776 2735 concinnata:

989 2757 1059 2790 loco,
1085 2756 1258 2785 insidiantem
1285 2754 1477 2790 Paupertatem
1495 2754 1665 2781 introduxit:
1694 2752 1774 2789 primi

989 2802 1108 2830 hominis
1122 2803 1189 2835 vice,
1207 2809 1287 2837 quem
1303 2801 1348 2828 Dei
1362 2800 1514 2836 consilium
1538 2805 1572 2828 ac
1594 2800 1774 2836 providentia.

185 2874 300 2902 “Hebr.
317 2882 357 2906 χι,
370 2873 468 2906 57,38.
508 2873 530 2889 "
545 2874 556 2899 Ι
572 2872 636 2900 Cor.
657 2878 694 2904 tv,
706 2871 733 2898 9.
769 2871 792 2886 '°
809 2870 875 2898 ibid.
894 2869 987 2897 H43.

186 2933 241 2970 (66)
264 2934 318 2961 Ὧν
335 2931 368 2958 δὲ
381 2931 503 2964 δίκαιος.
517 2930 605 2958 Verba
617 2931 686 2964 haec,
702 2938 717 2958 a
731 2928 851 2958 librariis
867 2927 1058 2963 prattermissa,
1074 2934 1105 2954 ex
1119 2925 1230 2953 Platone
1242 2924 1437 2959 supplevimus.

311 2979 450 3010 Ριτιιοι..
465 2977 523 3009 Gn.
542 2976 630 3006 XXI.

1606 2967 1642 2997 31
