2078 3207
310 164 360 191 οτι

631 164 765 192 EL‘SEBII
786 163 1028 192 CAESARIENSIS
1051 163 1093 191 ΟΡ

1148 162 1238 191 PARS
1263 163 1284 191 ll
1317 177 1352 184 -—
1373 163 1622 192 APOLOGETICA.

1889 166 1936 195 972

309 227 439 258 tanquam
469 223 555 250 ﬁliuni
581 223 663 258 paulo
696 228 759 250 ante
782 227 876 250 natum
911 223 1093 258 produxerat.

1152 222 1233 258 μῆτῐς
1247 231 1275 248 τε
1293 223 1337 249 Καὶ
1351 222 1462 259 πρόνοια
1483 223 1539 249 υἱὸν
1564 222 1658 257 ὥσπερ
1678 222 1805 258 ἀρτιγενῆ
1825 223 1936 259 προὺὅέ-

308 269 408 304 Porum
423 269 568 304 quemdam
585 269 708 301 Metidos,
733 269 785 296 hoc
804 273 846 296 est
870 269 985 301 consilii,
1010 270 1095 296 ﬁlium

308 314 444 350 subjecit:
470 321 520 349 pro
537 321 570 342 eo
597 314 725 349 denique,
752 320 781 341 ut
805 315 906 342 conditi
933 315 1026 342 mundi
1046 315 1097 342 sub

308 361 442 388 cunabula
455 360 567 394 diceret,
582 361 633 388 sub
646 360 760 389 Veneris
780 365 870 388 ortum
886 362 976 389 dicere
991 361 1095 394 maluit,

307 410 338 432 ut
350 406 402 433 hoc
416 405 552 441 allegoriae
567 413 666 440 genere
683 407 777 434 mundi
797 407 914 442 speciem
931 414 962 434 ac
977 406 1096 441 pulchri-

307 451 431 478 tudinem
460 451 645 478 adumbraret.
671 451 716 479 Sic
741 453 823 487 igitur
845 453 878 480 ad
904 453 1015 480 verbum
1039 453 1097 488 ipsc

308 497 446 531 loquitur:
465 507 474 523 ι
485 496 648 526 NataVenus
662 506 723 525 cum
737 504 817 530 esset.
827 499 908 534 585
921 499 1017 534 inquit,
1029 507 1096 526 con-

309 544 413 570 vivium
428 543 466 570 dii
483 543 665 575 celebrarunt.
675 551 744 579 quos
759 544 829 572 inter
848 544 935 572 Porus
949 545 1029 572 etiam
1042 544 1096 572 Me-

307 590 370 616 tidis
387 589 460 617 (ilius
479 588 626 617 discubuit.
641 588 733 617 Ccenae
747 590 798 618 sub
818 590 932 620 exitum.
946 590 1096 626 Paupertas

307 643 351 668 eo,
366 639 460 670 utpote
471 635 577 663 lautum
591 636 625 663 ad
638 637 760 671 epulum,
776 636 877 671 aliquid
892 635 1094 663 emendicatura

306 690 367 710 sese
397 681 567 715 contulerat,
600 682 814 717 haerebatqnein
844 682 1000 710 vestibulo:
1032 691 1093 710 cum

306 726 404 758 Porus,
419 731 530 755 nectare
546 727 651 760 ebrius,
676 728 791 755 necdum
808 728 880 755 enim
898 729 989 755 vinum
1010 728 1094 756 ullum

307 777 377 805 erat,
395 771 472 799 Jovis
491 772 519 799 in
535 773 644 800 hortum
665 773 815 808 ingressus,
843 773 899 800 alto
922 779 1019 800 somno
1033 779 1094 799 cor-

310 819 419 854 ripitur.
438 817 488 846 Hic
513 817 664 853 Paupertas
687 819 794 846 occulte
810 826 842 846 ac
865 826 914 854 per
939 818 1052 846 insidias
1068 819 1094 846 id

308 873 403 901 agens,
416 870 445 892 ut
459 864 556 899 inopia:
567 864 739 892 sublevanda:
750 873 843 897 causa,
858 865 961 900 prolem
975 872 1008 892 ex
1024 863 1094 892 Poro

1151 268 1242 304 σλητο,
1262 269 1318 295 υξδν
1331 268 1449 303 Μήτιδος
1468 269 1553 303 Πάρον
1573 267 1754 300 ἀποκαλέσας·
1768 268 1827 297 ἀντὶ
1847 269 1874 295 δὲ
1894 270 1935 296 τοῦ

1151 313 1248 349 φάναι,
1277 313 1411 350 Ὀπηνίκα
1446 314 1587 340 συνίστατο
1613 313 1656 340 ὅδε
1689 315 1703 340 6
1734 313 1853 348 κόσμος,
1876 315 1936 342 Ὅτε

1150 360 1285 395 ὲγένετοή
1311 360 1464 396 Ἀφροδίτη,
1481 359 1576 390 εἰπὼν,
1610 359 1680 386 οὕτω
1708 359 1753 386 τὸν
1771 360 1871 395 κόσμον
1891 361 1936 388 ἀλ-

1149 405 1315 441 ληγορήσας,
1346 405 1392 432 τοῦ
1416 405 1480 441 περὶ
1503 405 1582 432 αὑτὸν
1610 405 1724 437 κάλλους
1742 406 1832 433 ἕνεκα.
1859 406 1936 439 Λέγει

1149 452 1171 479 δ’
1188 450 1234 479 οὖν
1247 453 1338 484 αὐτοῖς
1359 453 1478 488 ῥήμασιν
1501 448 1562 478 ὧδε·
1587 461 1596 477 ι
1625 452 1690 478 Ὅτε
1720 452 1827 486 ἐγένετο
1848 453 1902 487 (67)
1921 455 1935 489 ἡ

1156 497 1311 533 Ἀφροδίτη,
1329 496 1469 523 εἱστιῶντο
1485 497 1510 523 οἱ
1528 496 1594 528 θεοὶ,
1615 496 1641 522 οἵ
1658 505 1688 523 τε
1707 496 1782 523 ἄλλοι
1799 497 1847 524 καὶ
1861 498 1875 524 ὁ
1892 498 1936 532 τῆς

1149 543 1267 578 Μήτιδος
1281 544 1338 574 υἱὸς
1358 543 1455 578 Πόρος.
1476 542 1585 578 Ἐπειδὴ
1599 543 1628 569 δὲ
1642 542 1813 577 ἐδείπνησαν,
1829 552 1937 578 προται-

1148 589 1278 624 τήσουσα,
1296 587 1340 617 οἷα
1353 589 1384 625 δὴ
1398 590 1513 624 εὐωχίας
1525 588 1618 624 οὔσης,
1632 589 1744 624 ἀφίκετο
1759 591 1775 625 ἡ
1790 590 1884 622 Πενία,
1894 591 1936 616 καὶ

1147 631 1181 669 ἦν
1199 635 1264 671 περὶ
1289 635 1338 667 τὰς
1364 635 1458 671 θύρας.
1485 636 1515 661 '0
1546 633 1592 662 οὖν
1616 636 1701 671 Πόρος
1726 635 1868 671 μεθυσθεὶς
1891 636 1936 663 τινῦ

1148 681 1293 718 νέκταρος,
1308 680 1379 714 οἶνος
1390 682 1444 718 γὰρ
1458 681 1534 708 οὔπω
1550 680 1594 717 ἦν,
1621 682 1660 713 εἰς
1675 682 1721 708 τὸν
1745 681 1791 708 τοῦ
1814 682 1873 713 Διὸς
1891 682 1938 718 κῆ-

1149 736 1199 755 πον
1212 727 1349 760 εἰσελθὼν,
1385 728 1570 764 βεϐαρημένος
1597 724 1683 754 εὖδεν.
1711 727 1743 754 'H
1773 725 1818 754 οὖν
1845 728 1936 759 Πενία,

1148 774 1362 801 ἐπιϐουλεύουσα
1381 773 1425 800 διὰ
1439 775 1487 810 τὴν
1507 773 1591 808 αὐτῆς
1606 773 1722 808 ἀπορίαν
1739 773 1843 799 παιδίον
1860 774 1935 809 ποιή-

1148 819 1246 846 σασθαι
1259 820 1290 846 ὲκ
1305 819 1352 846 τοῦ
1372 821 1471 856 Πόρου,
1501 818 1692 847 κατακλίνεταί
1707 827 1736 845 τε
1768 819 1832 854 παρ’
1847 819 1936 854 αὐτῷ,

1148 866 1194 892 καὶ
1207 865 1304 901 ἐκύησε
1321 866 1365 892 τὸν
1391 867 1511 901 Ἔρωτα.
1534 876 1543 892 ι
1556 865 1673 892 Τοιαῦτα
1698 865 1746 899 μὲν
1759 865 1790 900 δή
1819 874 1879 891 τινα
1894 865 1937 892 καὶ

307 911 467 946 susciperet,
483 910 561 946 juxta
576 911 652 938 illum
668 911 806 944 accubuit,
832 911 1016 946 Amoremque
1029 919 1093 938 cott-

1146 913 1174 939 ὲν
1192 912 1294 945 τούτοις
1321 913 1335 939 ὀ
1359 913 1470 939 Πλάτων
1485 913 1612 948 ἐμφερῶς
1644 912 1756 939 Μωῡσεῖ
1780 911 1935 948 ὑπῃνίξατο.

305 960 385 995 cepit.
418 969 428 986 ι
454 959 518 987 Haec
544 959 620 994 ipse,
655 959 755 993 quibus
776 966 842 988 sane
872 964 988 987 mentem
1018 959 1091 987 illam
1111 958 1222 995 Moysis,
1247 961 1498 993 subobsourelicet,
1519 961 1663 997 expressit.

605 1005 720 1034 CAPUT
736 1004 792 1032 XII.

306 1055 345 1082 Ab
362 1059 471 1090 utroque
487 1054 586 1086 doceri,
604 1052 739 1080 mulierem
761 1059 793 1078 ea:
805 1052 860 1079 viro
879 1056 1010 1086 sumptam
1028 1058 1093 1078 esse.
1112 1083 1117 1088 ’

341 1101 474 1130 Praeterea
489 1101 562 1135 quod
576 1100 615 1127 ait
629 1099 746 1134 Moyses,
773 1107 782 1123 (
798 1098 863 1125 Adae
880 1104 944 1125 vero
969 1104 1023 1124 non
1036 1101 1095 1124 erat

306 1148 414 1182 adiutor
426 1147 523 1174 similis
539 1146 608 1181 ejus.
628 1145 660 1173 Et
685 1144 797 1172 immisit
825 1144 897 1172 Deus
920 1144 1050 1172 exstasim
1067 1145 1094 1171 in

307 1195 414 1229 ipsum,
441 1197 468 1221 et
496 1192 595 1227 sopivit
606 1199 689 1219 eum:
715 1191 831 1226 tulitque
848 1198 930 1218 unam
954 1190 987 1218 de
1009 1190 1093 1218 costis

308 1241 378 1275 ejus,
394 1244 420 1267 et
441 1239 554 1275 replevit
569 1245 678 1265 carnem
703 1245 752 1273 pro
768 1244 810 1264 ea.
835 1236 867 1264 Et
883 1236 1026 1264 adiﬁcavit
1041 1237 1093 1263 Do-

308 1286 399 1312 minus
421 1284 492 1312 Deus
515 1289 631 1315 costam,
656 1290 738 1317 quam
763 1283 861 1310 tulerat
884 1281 918 1309 de
940 1282 1037 1315 Adam,
1064 1281 1092 1308 in

308 1330 448 1358 mulierem
457 1330 508 1357 δι.»
526 1330 552 1357 ld
567 1329 654 1361 Plato,
674 1328 737 1356 licet
751 1335 806 1363 quo
819 1335 902 1355 sensu
915 1327 1016 1355 dictum
1033 1326 1092 1354 fue-

306 1377 353 1408 rit,
368 1377 515 1412 ignoraret,
531 1376 579 1403 abs
592 1382 652 1402 sese
666 1378 754 1401 tamen
768 1373 890 1400 auditum
906 1372 991 1401 fuisse
1002 1371 1090 1408 palam

306 1423 433 1450 ostendit.
462 1421 623 1456 Quanquam
641 1419 837 1455 Aristophani,
853 1420 911 1455 qui,
935 1422 1028 1454 utpote
1048 1425 1096 1446 co-

308 1468 471 1496 mmdiarum
485 1468 612 1502 scriptor,
627 1474 671 1495 res
687 1467 769 1494 etiam
783 1465 960 1501 gravissimas
974 1464 1097 1492 deridere

307 1521 506 1547 consueverat,
536 1515 609 1541 hunc
636 1519 790 1541 sermonem
817 1510 922 1539 tribuit.
950 1510 996 1538 Sic
1023 1511 1096 1538 enim

308 1561 384 1588 illum
399 1561 426 1587 in
452 1559 575 1587 Convivia
600 1559 757 1593 loquentem
782 1557 856 1584 facit.
884 1566 894 1582 ι
914 1556 954 1584 Ac
976 1556 1095 1591 primum

306 1608 427 1643 quidem,
448 1606 556 1641 inquit,
576 1609 701 1632 naturam
726 1604 875 1632 humanam
891 1602 1006 1638 ejusque
1029 1611 1094 1630 con-

306 1654 422 1681 ditiones
438 1659 518 1680 nosse
534 1659 583 1679 vos
598 1655 714 1686 oportet.
730 1649 824 1685 Neque
838 1649 910 1677 enim
925 1648 1019 1676 eadem
1034 1656 1095 1683 quae

307 1705 381 1726 nunc
397 1701 448 1729 est,
474 1702 572 1724 natura
596 1696 661 1724 olim
679 1699 773 1723 nostra
789 1694 850 1727 fuit,
875 1694 922 1722 sed
946 1694 1026 1728 longe
1049 1693 1094 1720 di-

307 1752 397 1771 versa.
425 1743 547 1770 Primum
581 1741 654 1769 enim
685 1747 783 1776 genera
816 1739 957 1767 hominum
985 1738 1095 1766 fuerunt

309 1789 422 1816 cumino
434 1788 496 1819 tria,
523 1794 576 1815 non
594 1786 649 1813 duo
674 1791 790 1818 tantum,
817 1785 855 1811 uti
872 1788 935 1812 sunt
956 1784 1008 1812 hoc
1023 1789 1093 1811 tem-

308 1843 382 1870 pore,
396 1842 456 1862 mas
467 1842 499 1862 ac
514 1834 613 1862 femina
627 1842 634 1860 ε
650 1832 697 1860 sed
711 1833 820 1860 tertium
834 1831 945 1866 insuper
957 1835 1015 1858 crat
1030 1838 1092 1858 cum

308 1886 425 1916 utroque
443 1887 609 1912 commune;
629 1879 702 1914 quod
723 1878 800 1905 nudo
813 1881 918 1906 tantum
933 1877 1028 1904 relicto
1042 1884 1092 1904 no-

308 1928 392 1960 mine,
408 1935 522 1962 prorsus
533 1927 652 1954 evanuit.
666 1925 735 1953 Tum
748 1925 821 1953 enim
835 1924 1024 1959 androgynum
1036 1927 1094 1951 erat

307 1979 362 2001 tam
378 1973 476 2006 forma,
505 1980 587 2008 quam
612 1972 733 2003 nomine,
760 1979 793 1999 ex
821 1976 936 2006 utroque
962 1971 1046 1999 maris
1061 1978 1093 1998 ac

308 2020 416 2048 feminae
433 2027 498 2047 sexu
521 2018 679 2046 conﬂatum.
701 2027 711 2043 ι
732 2018 862 2053 Deinceps
880 2025 956 2045 more
982 2024 1032 2045 suo
1047 2024 1093 2044 ca-

306 2064 495 2098 villatus,ha'.c
511 2064 601 2091 addit:
618 2073 627 2089 ι
648 2063 726 2090 Hunc
736 2063 762 2090 in
775 2063 885 2090 modum
901 2063 1007 2091 locutus
1020 2061 1092 2097 apud

286 2130 288 2132 -
305 2119 368 2139 eum
385 2110 500 2146 Jupiter,
518 2109 645 2137 bifariam
668 2109 791 2136 homines
817 2109 920 2140 secuit,
942 2113 972 2136 ut
988 2109 1035 2144 qui
1050 2108 1093 2136 vel

309 2157 448 2184 auriculas
475 2155 618 2184 condiendi
642 2155 735 2182 animo
758 2155 937 2187 abscinderet,
962 2155 1005 2183 vel
1029 2155 1092 2190 pilis

305 2211 356 2230 ova
372 2203 513 2230 divideret.
530 2201 618 2235 Atque
638 2200 660 2228 is
678 2205 708 2227 ut
726 2207 862 2234 quemque
877 2204 1012 2232 secuerat,
1028 2200 1092 2228 huic

305 2247 458 2282 Apollinem
472 2246 594 2281 jubebat.
617 2245 722 2272 vultum
747 2246 916 2280 cervicisque
935 2245 1089 2278 dimidium,
1107 2270 1128 2296 Β

305 2300 366 2320 eam
383 2293 409 2319 ill
425 2297 527 2327 partem
543 2299 596 2327 qua
611 2295 702 2319 sectus
713 2296 786 2319 esset
808 2296 975 2324 convertere,
991 2296 1021 2319 ut
1035 2300 1091 2319 51]ἶὲ

306 2339 389 2374 hujus
417 2338 546 2366 sectionis
570 2341 701 2372 aspectu,
729 2337 877 2365 modestior
899 2337 982 2365 homo
1006 2338 1090 2365 lieret.

305 2382 375 2410 Tum
392 2383 498 2410 caeteris
511 2390 572 2409 eum
585 2390 693 2417 quoque
708 2382 810 2410 mederi
823 2382 917 2418 jussit.
935 2392 944 2410 ι

339 2441 360 2457 ³¹
381 2441 448 2469 Gen.
463 2449 492 2472 ιι,
513 2440 610 2467 20-22.

341 2486 396 2521 (67)
418 2487 481 2513 Ὅτε
505 2486 631 2521 ἐγένετο.
657 2486 735 2513 Plato
752 2486 778 2513 in
797 2485 931 2519 Convicio,
949 2493 1009 2521 pag.
1026 2487 1089 2514 528.

305 2521 391 2548 Porro
409 2521 511 2556 rlabula:
528 2522 608 2554 hujus
629 2521 836 2556 explicationem
863 2522 932 2556 apud
954 2521 1089 2549 Plotinum

305 2557 389 2589 leges,
403 2555 524 2583 Ennead.
541 2556 601 2588 111,
618 2555 716 2589 ιίὺξνι,
737 2565 751 2583 a
768 2557 855 2591 capite
873 2555 907 2584 ad
921 2556 980 2584 libri
996 2556 1087 2584 tinent.

305 2591 418 2618 Summa
434 2596 488 2627 est.
506 2591 635 2619 Venerem
659 2591 707 2627 τὴν
731 2592 819 2627 ψυχήν
843 2599 902 2619 esse
919 2592 998 2619 docrt
1013 2600 1019 2617 :
1035 2591 1089 2618 Po—

304 2634 383 2662 rum,
397 2626 459 2662 716w
484 2627 592 2653 πάντων
608 2626 705 2661 λόγον,
724 2626 819 2653 Jovem
844 2627 981 2662 βασιλικὸν
1006 2627 1087 2653 Νοῦν.

305 2660 367 2697 Pori
381 2661 537 2697 ebrietatem
550 2662 628 2696 λόγον
641 2660 695 2689 ἀπὸ
709 2660 861 2697 κρείττονος
873 2662 960 2697 ἀρχῆς
973 2662 1089 2689 πεσόντα

303 2695 339 2722 τὰ
354 2697 394 2727 είς
407 2696 546 2723 ἐλάττονα·
561 2695 635 2724 Jdvis
651 2695 758 2724 hortum
773 2716 780 2727 .
796 2697 867 2731 quod
888 2695 983 2724 hortus
999 2698 1089 2725 ominis

305 2731 444 2765 ἀγλάϊσμα
460 2731 504 2763 sit,
517 2732 563 2767 καὶ
576 2732 689 2758 πλούτου
703 2731 925 2767 ὲγκαλλώπισμα,
944 2732 1017 2759 aliud
1029 2739 1089 2760 esse

306 2766 372 2802 nihil
396 2773 476 2802 quam
499 2766 532 2792 τὰ
547 2768 620 2802 παρὰ
642 2767 689 2793 τοῦ
711 2767 757 2793 νοῦ
774 2767 855 2793 αὑτοῦ
874 2766 915 2799 εἰς
930 2767 979 2802 τὴν
1000 2767 1088 2802 ψυχὴν

306 2800 416 2840 ἐλθόντα
433 2800 614 2840 ᾱιγλαῖσματα,
626 2802 677 2829 hoc
690 2807 741 2840 est,
752 2802 815 2834 τοὺς
828 2802 935 2840 λόγους,
949 2800 1012 2840 esse

306 2835 387 2872 αὐτοῦ
405 2835 685 2872 ῥυένταςζΛιιιοι-ειιι,
701 2838 788 2872 ipsum
799 2835 902 2872 animae
921 2835 1085 2865 desiderium

307 2870 375 2907 πρὸς
395 2870 425 2896 τὸ
448 2873 578 2905 κρεῖττον,
605 2880 637 2899 ex
660 2870 730 2907 Poro
750 2877 776 2898 et
798 2871 959 2907 Paupertate
976 2878 1084 2904 natum,

306 2906 370 2940 quia
388 2907 494 2941 μετέχει
515 2906 563 2943 μὲν
586 2905 732 2943 ἐνδείας,
748 2905 914 2943 πληροῦσθαι
934 2907 1018 2941 θέλει,
1037 2909 1085 2934 οὐκ

1409 1007 1607 1033 ΚΕΦΑΛΛΙΟΝ
1624 1006 1672 1032 1Β’.

1154 1051 1200 1084 Ὡς
1214 1052 1247 1078 ὲκ
1267 1052 1320 1079 τοῦ
1336 1052 1446 1086 ἀνδρός
1457 1060 1552 1087 φασιν
1565 1052 1704 1086 εἰλῆφθαι
1728 1052 1785 1084 τὴν
1799 1052 1934 1086 γυναῖκα.

1183 1098 1266 1125 Πάλιν
1280 1099 1420 1134 εἰρηκότος
1438 1099 1587 1130 Μωῦσέως,
1608 1108 1616 1124 ι
1633 1098 1677 1134 Τῷ
1692 1099 1720 1125 δὲ
1739 1099 1823 1134 Ἀδὰμ
1836 1099 1885 1125 οὐκ
1903 1097 1935 1134 ἦν

1150 1143 1245 1180 βοηθὸς
1267 1144 1357 1179 ὅμοιος
1371 1143 1453 1179 αὐτῷ.
1472 1144 1527 1170 Καὶ
1541 1144 1672 1171 ἐπέϐαλεν
1692 1145 1706 1170 6
1730 1145 1795 1176 Θεὸς
1809 1144 1935 1171 ἔκστασιν

1145 1191 1189 1217 ἐπ’
1216 1190 1309 1223 αὐτον,
1335 1190 1383 1216 καὶ
1410 1191 1574 1224 ἀφυπνωσε,
1599 1191 1646 1216 καὶ
1678 1190 1757 1217 ἓλαῆε
1791 1191 1854 1225 μίαν
1883 1191 1935 1217 τῶν

1146 1237 1270 1272 πλευρῶν
1284 1236 1376 1269 αὑτοῦ,
1391 1237 1437 1263 καὶ
1453 1237 1629 1272 ἀνεπλήρωσε
1649 1237 1737 1272 σάρκα
1764 1238 1821 1263 ἀντ’
1838 1237 1933 1272 αὐτῆς.

1145 1282 1201 1310 Καὶ
1215 1283 1373 1318 ᾠκοδόμησε
1396 1283 1497 1319 Κύριος
1507 1284 1521 1309 ό
1534 1283 1599 1313 Θεὸς
1614 1284 1662 1318 τὴν
1680 1283 1809 1319 πλευρὰν,
1829 1283 1862 1318 ἦν
1876 1283 1935 1310 ἕλα-

1144 1329 1191 1356 6εν
1210 1330 1264 1356 ἀπὸ
1277 1330 1325 1356 τοῦ
1348 1330 1442 1364 Ἀδὰμ,
1464 1331 1504 1361 είς
1523 1331 1666 1364 γυναῖκαί
1685 1330 1721 1366 μὴ
1737 1330 1826 1361 συνεὶς
1839 1331 1853 1356 6
1869 1330 1936 1357 Πλά”

1144 1385 1198 1402 των
1227 1375 1307 1412 ὁποίᾳ
1329 1377 1437 1412 εἴρηται
1465 1376 1579 1411 διανοίᾳ,
1604 1375 1683 1410 δῆλος
1708 1376 1757 1411 μὲν
1785 1376 1858 1403 ἐστιν
1886 1376 1935 1402 οὐκ

1144 1422 1279 1457 ἀγνοήσας
1292 1421 1338 1448 τὸν
1360 1421 1447 1455 λόγον’
1467 1422 1653 1457 Ἀριστοφάνει
1675 1422 1696 1448 δ’
1711 1422 1802 1453 αὑτὸν,
1818 1419 1863 1448 οἷα
1882 1430 1935 1448 κω-

1146 1467 1226 1503 μῳδῷ
1239 1467 1379 1503 χλευάζειν
1394 1467 1499 1494 εἰωθότι
1514 1469 1561 1495 καὶ
1588 1468 1622 1495 τὰ
1636 1467 1721 1503 σεμνὰ
1740 1467 1794 1494 τῶν
1808 1468 1935 1503 πραγμά-

1144 1523 1209 1546 των,
1225 1514 1393 1550 ἀνατίθησιν,
1406 1515 1435 1541 ἐν
1459 1515 1620 1549 Συμποσίῳ
1633 1515 1695 1541 τάδε
1721 1514 1834 1548 λέγοντα
1853 1515 1933 1540 αὑτὸν

1145 1561 1271 1595 εἰσάγωνο
1301 1570 1310 1586 ι
1326 1561 1371 1587 Δεῖ
1399 1561 1427 1587 δὲ
1452 1561 1559 1597 πρῶτον
1578 1561 1633 1596 (68)
1662 1561 1734 1595 ὑμᾶς
1762 1560 1857 1595 μαθεῖν
1885 1560 1934 1595 τὴν

1107 1595 1128 1624 c
1145 1607 1318 1644 ἀνθρωπίνην
1337 1608 1417 1643 φύσιν
1434 1595 1481 1635 καί
1497 1608 1531 1635 τὰ
1551 1608 1698 1644 παθήματα
1715 1608 1809 1643 αὐτῆς.
1831 1608 1863 1634 'H
1880 1609 1934 1643 γὰρ

1145 1653 1318 1689 πάλαιὴμῶν
1342 1654 1422 1688 φύσις
1448 1653 1496 1689 οὐχ
1524 1655 1540 1689 ἡ
1568 1653 1637 1689 αὑτὴ
1650 1651 1683 1689 ἦν
1693 1652 1766 1689 ἦτιερ
1792 1653 1849 1685 νῦν,
1866 1653 1934 1680 ἀλλὰ

1144 1699 1211 1735 ἄλλη
1230 1699 1294 1734 (69).
1328 1699 1439 1735 Πρῶτον
1455 1699 1504 1735 μὲν
1520 1699 1574 1735 γὰρ
1587 1699 1650 1735 τρία
1679 1697 1712 1735 ἦν
1731 1699 1765 1726 τὰ
1785 1699 1850 1734 γένη
1879 1699 1934 1725 τῶν

1144 1743 1305 1780 ἀνθρώπιον,
1326 1745 1375 1780 οὐχ
1397 1743 1491 1779 ὥσπερ
1519 1744 1567 1771 νῦν
1595 1743 1654 1777 δύο,
1675 1745 1759 1780 ἄρρεν
1780 1745 1826 1771 καὶ
1854 1745 1932 1779 θῆλυ,

1144 1789 1212 1816 ἀλλὰ
1236 1789 1327 1826 τρίτον
1357 1791 1481 1825 προσῆν,
1512 1789 1600 1816 κοινὸν
1631 1789 1793 1825 ἀμφοτέρων
1818 1789 1933 1820 τούτων,

1142 1832 1180 1862 ὧν
1199 1835 1254 1871 (70)
1266 1835 1312 1862 νῦν
1327 1835 1412 1871 ὄνομα
1437 1835 1539 1868 λοιπὸν,
1556 1835 1621 1862 αὐτὸ
1647 1836 1675 1862 δὲ
1698 1836 1854 1870 ἠφάνισται.
1875 1836 1933 1862 Ἀν-

1143 1880 1270 1916 δρόγυνον
1291 1880 1345 1916 γὰρ
1359 1881 1418 1907 τότε
1432 1880 1482 1916 μὲν
1494 1879 1538 1915 ἦν,
1556 1880 1603 1908 καὶ
1629 1878 1707 1912 εἶδος,
1730 1881 1777 1906 καὶ
1796 1881 1883 1915 ὄνομα
1903 1880 1932 1913 ἐξ

1143 1926 1304 1962 ἀμφοτέρων
1318 1926 1417 1959 κοινὸν,
1435 1926 1482 1953 τοῦ
1497 1935 1526 1953 τε
1545 1928 1656 1963 ᾰρρενος
1668 1927 1714 1953 καὶ
1728 1926 1774 1953 τοῦ
1791 1926 1897 1961 θήλεος.
1919 1935 1930 1952 ι

1143 1970 1199 1999 Εἶθ’
1211 1972 1274 2008 ἑξῆς
1288 1972 1419 2008 διασύρας
1436 1972 1471 1999 τὰ
1484 1972 1558 2007 αὐτῷ
1570 1971 1682 2008 συνήθη,
1698 1971 1822 2006 ἐπιφέρει
1833 1971 1932 2006 λέγων·

1146 2028 1156 2044 ι
1176 2017 1256 2045 Ταῦτ’
1267 2017 1351 2045 εἰπὼν
1364 2019 1378 2044 ὁ
1405 2018 1469 2054 παρ’
1483 2018 1556 2053 αὺτῷ
1582 2019 1658 2050 Ζεὺς,
1692 2017 1787 2052 ἔτεμνε
1804 2017 1866 2049 τοὺς
1883 2018 1931 2044 ἁν-

1143 2064 1268 2101 θρώπους
1279 2064 1350 2100 δίχα,
1364 2065 1458 2100 ὥσπερ
1474 2065 1498 2092 oi
1515 2064 1549 2091 τὰ
1575 2061 1633 2091 ὧτα
1649 2064 1703 2099 (71)
1728 2064 1872 2097 τέμνοντες
1886 2063 1933 2089 καὶ

1144 2110 1286 2146 μέλλοντες
1297 2111 1460 2146 ταριχεύειν,
1475 2110 1492 2146 ἢ
1506 2109 1601 2146 ὥσπερ
1615 2110 1640 2136 οἱ
1655 2110 1688 2137 τὰ
1703 2109 1745 2136 ὼὰ
1758 2111 1815 2140 ταῖς
1831 2109 1930 2144 θριξίν.

1144 2157 1253 2183 Ὃντινα
1283 2156 1312 2183 δὲ
1342 2156 1430 2192 τέμοι,
1454 2156 1499 2182 τὸν
1531 2155 1683 2182 Ἀπόλλωνα
1708 2155 1817 2180 ἐκέλευε
1842 2154 1874 2180 τό
1901 2163 1931 2180 τε

1143 2203 1285 2238 πρόσωπον
1303 2204 1499 2238 μεταστρέφειν
1525 2202 1571 2229 καὶ
1593 2202 1623 2228 τὸ
1644 2200 1691 2227 τοῦ
1715 2201 1828 2235 αὐχένος
1843 2201 1932 2235 ἥμισυ

1143 2248 1210 2284 πρὸς
1223 2248 1272 2283 τὴν
1284 2247 1369 2284 τομὴν
1382 2248 1499 2283 (72),ῖνα
1516 2247 1648 2283 θεώμενος
1662 2247 1710 2282 τὴν
1721 2245 1803 2272 αὑτοῦ
1817 2247 1930 2281 τμῆσιν,

1144 2293 1326 2330 κοσμιώτερος
1355 2294 1397 2329 εἴη
1417 2295 1431 2320 6
1448 2293 1598 2329 ἄνθρωπος·
1617 2293 1664 2320 καὶ
1679 2292 1712 2318 τὰ
1739 2292 1806 2320 ἄλλα
1838 2291 1932 2318 ἰᾶσθαι

1143 2339 1275 2366 ἐκέλευεν.
1283 2350 1292 2365 ι

1140 2485 1253 2520 ἄμοιρον
1266 2485 1288 2511 δ’
1297 2485 1426 2520 εὐπορίας
1439 2484 1521 2516 ἐστὶν,
1565 2481 1595 2511 οὗ
1606 2483 1660 2519 ἔχει
1669 2483 1699 2510 τὺ
1709 2483 1831 2520 ἐλλεῖπον
1839 2482 1929 2519 ζητεῖ.

1177 2517 1300 2556 ((3)ᾈᾴ
1313 2519 1347 2546 δὲ
1361 2517 1494 2556 πρῶτον.
1512 2517 1588 2547 Plato
1612 2517 1637 2546 iii
1661 2521 1756 2545 eodem
1783 2517 1929 2551 Cunririu,

1140 2563 1198 2590 pag.
1215 2555 1266 2582 522
1282 2555 1377 2582 Ficini.

1173 2591 1230 2626 (69)
1252 2590 1338 2626 Plato.
1354 2590 1457 2626 ἀλλοία.

1175 2623 1231 2660 (Τυ)
1248 2625 1337 2660 Plato,
1353 2623 1392 2652 οὗ.

1173 2658 1230 2696 (71)
1247 2658 1329 2687 Ὦτα.
1340 2660 1494 2696 νΡΙιιιο,νώἀ,
1511 2659 1556 2696 sed
1572 2660 1642 2687 linea
1656 2663 1800 2696 sequentel
1810 2659 1928 2696 habetur

1138 2694 1189 2722 ὼᾶ.
1207 2695 1276 2722 Sunt
1291 2695 1390 2730 quibus
1407 2695 1479 2728 ζῶα,
1499 2695 1540 2722 vel
1559 2695 1631 2721 νῶτα
1644 2696 1757 2730 placeat.
1782 2694 1839 2728 Ego
1858 2694 1926 2720 nitnl

1138 2729 1306 2758 mutandum,
1316 2731 1424 2765 putavi,
1445 2738 1499 2757 non
1513 2731 1583 2764 quod
1599 2729 1677 2757 aures
1694 2729 1820 2757 bifariam
1836 2729 1926 2756 secari

1137 2766 1245 2799 dixerit,
1257 2766 1305 2793 sed
1318 2766 1390 2800 quod
1407 2767 1500 2792 eadem
1514 2765 1644 2792 facilitate
1661 2770 1764 2799 partem
1779 2771 1927 2798 utramque

1137 2800 1240 2836 Jupiter
1264 2799 1400 2833 diviserit,
1425 2808 1477 2835 qna
1503 2801 1615 2835 gemino.-
1641 2807 1721 2827 aures
1746 2799 1925 2834 postmodum

1137 2836 1293 2863 condienda
1308 2840 1473 2863 sectarentur.

1172 2871 1227 2906 (72)
1251 2871 1358 2905 Τομήν.
1382 2870 1420 2897 Ita
1444 2870 1533 2902 l’lato,
1549 2875 1575 2897 et
1599 2875 1686 2903 recte,
1704 2870 1787 2904 τιμήν
1805 2870 1878 2897 enim
1895 2869 1926 2895 in

1138 2907 1171 2934 al.
1186 2907 1302 2934 editione
1318 2914 1456 2941 perperam
1477 2906 1619 2940 legebatur.
