2078 3207
215 210 272 238 973
806 208 967 237 PRIEPAR.
989 209 1032 237 EV

1019 208 1113 237 VANG.
1136 208 1198 236 LIB.
1221 209 1276 237 XII.
1787 213 1839 240 974

476 268 674 295 ΚΕΦΑΛΛΙΟΝ
692 269 740 295 1Γ’.
1015 274 1042 301 Α

1015 274 1042 301 Α
1301 269 1383 305 536
1398 267 1513 296 CAPUT
1531 268 1596 296 xm.

301 316 370 349 Περὶ
383 314 436 342 τοῦ
446 315 563 349 πρώτου
580 314 640 342 τῶν
657 315 820 349 ἀνθρώπων
830 316 912 348 βίου.

810 325 820 338 ν·
830 316 912 348 βίου.
1266 315 1304 342 De
1316 316 1403 350 prima
1420 316 1555 342 hominum
1569 317 1630 342 vita.

247 359 386 392 Μωῠσέως
404 360 448 386 τὸν
463 360 569 395 πρῶτον
591 360 645 387 τῶν
658 352 792 396 ’γηγενῶν
810 361 866 396 βίον
882 361 1002 397 ὑπογρά-

1091 360 1212 388 Primam
1227 361 1371 388 hominum
1388 360 1473 388 vitam
1488 362 1515 388 in
1531 361 1578 388 Dei
1595 361 1721 396 paradiso
1738 361 1842 397 Moyses

211 407 310 442 ψαντος
319 408 347 433 ὲν
363 406 517 442 παραδείσῳ
530 406 597 433 Θεοῦ
623 407 772 441 γεγονέναι,
790 407 855 434 Θεόν
870 416 899 434 τε
913 407 1003 434 αὐτῶν

1053 407 1164 434 ductam
1191 414 1251 434 esse
1276 406 1381 440 scribit,
1398 407 1444 434 ubi
1467 414 1563 435 eorum
1583 415 1676 434 curam
1703 409 1763 436 sine
1788 409 1842 436 ullo

211 451 337 486 ἡγεῖσθαι
369 451 398 477 ἐν
422 451 574 486 ἀχρημάτῳ
609 451 656 477 καὶ
683 451 817 486 ἁκτήμονι
860 451 1000 488 διαγωγῇ,

1054 453 1210 480 divitiarum
1223 460 1361 488 opumque
1378 453 1544 481 commercio
1565 453 1637 481 Deus
1653 454 1709 488 ipse
1726 460 1840 489 gereret,

211 497 339 533 ἅππαρτά
365 505 394 524 τε
423 497 513 529 αὐτοῖς
539 497 586 524 καὶ
610 497 730 532 ἀνήροτα
757 497 845 524 πάντα
869 497 1001 531 φύεσθαι,

1054 499 1202 535 omniaque
1219 499 1284 534 ipsis
1303 500 1406 535 absque
1429 500 1483 527 ulla
1498 501 1539 528 vel
1555 506 1685 533 semente,
1706 502 1747 528 vel
1764 510 1843 537 agro-

210 543 330 578 γυμνούς
352 552 382 570 τε
404 541 473 570 εἶναι
500 543 551 579 τῆς
568 543 636 579 μετὰ
661 544 746 570 ταῦτα
763 543 918 579 περιϐολῆς·
936 545 1003 571 ἐπά-

1054 553 1115 573 rum
1140 547 1245 574 cultura
1270 551 1469 580 nascerentur,
1493 555 1555 574 cum
1579 547 1687 575 interim
1715 555 1747 575 eo
1762 568 1769 581 ,
1795 548 1841 583 qui

211 598 307 616 κουσον
317 590 364 616 τοῦ
377 589 520 624 φιλοσόφου
536 590 675 626 μονονουχὶ
687 590 758 617 αὐτὰ
769 591 801 626 δὴ
811 590 898 618 ταῦτα
912 591 1004 627 Ἑλλη-

1053 592 1150 620 deindc
1165 597 1276 620 secutus
1293 597 1346 626 est,
1363 594 1465 621 amictu
1482 593 1547 621 nudi
1560 598 1661 621 essent.
1675 593 1740 627 Qum
1750 595 1842 622 omnia

211 635 272 670 νικῇ
285 635 318 670 τῇ
331 635 407 670 φωνῇ
423 634 654 670 διερμηνεὺοντος.
669 635 750 669 Λέγει
759 635 781 662 δ’
789 633 932 668 οὖνίΘεδς
943 636 1003 663 ἐνε-

1053 637 1248 673 philosophum
1269 639 1343 671 audi,
1363 639 1454 667 Graece
1471 639 1583 667 totidem
1597 647 1666 674 pene
1682 640 1772 667 verbis
1787 648 1843 668 -ex—

212 689 263 715 μεν
278 680 333 714 (75)
349 681 456 712 αὐτοὺς,
476 681 556 713 αὐτὸς
570 681 733 713 ἐπιστατῶν,
749 681 875 718 καθάπερ
891 681 939 709 νῦν
950 683 1000 709 ἄν·

1053 683 1210 718 plicantem.
1233 693 1243 710 ‹
1264 683 1338 717 Illos,
1357 685 1454 720 inquit,
1480 685 1608 720 pascebat
1624 684 1705 718 Deus,
1723 691 1779 713 tum
1795 693 1842 714 eos

212 725 325 762 Θρωποι,
333 725 400 758 ζῶον
410 726 439 753 ὃν
446 726 489 753 ἓτε
494 735 539 763 ρον
545 727 629 753 θειότε
634 736 689 763 ρον,
698 727 765 755 ἄλλα
776 728 843 764 γένη
850 728 1000 764 φαυλότερα

1052 736 1102 763 per
1115 736 1175 756 sese
1187 736 1294 765 regens,
1311 737 1366 764 quo
1382 730 1464 757 modo
1479 738 1551 757 nunc
1575 730 1710 762 homines,
1726 731 1842 758 divinio-

212 773 302 800 αὐτῶν
315 774 469 809 νομεύουσι.
484 774 623 810 Νέμοντος
647 774 669 801 δ’
683 774 800 806 ἐκείνου,
827 774 958 802 πολιτεῖαί
972 784 1001 802 τε

1054 776 1093 804 ris
1107 776 1255 804 animantis
1271 783 1397 804 naturam
1411 777 1511 809 sortiti,
1524 777 1575 804 alia
1590 777 1713 812 quredam
1730 777 1842 804 inferio-

211 820 262 846 οὐκ
272 817 351 856 ἦσαν,
367 820 426 847 οὐδὲ
439 821 549 856 κτήσεις
559 820 696 854 γυναικῶν
710 821 757 848 καὶ
770 820 882 847 παίδων·
895 821 938 856 (ἐκ
950 821 1003 856 γῆς

1054 821 1094 849 ris
1109 829 1141 849 ac
1155 821 1299 849 deterioris
1321 822 1484 850 conditionis
1506 822 1634 849 animalia
1649 830 1761 857 pascere
1776 829 1842 850 con-

211 866 266 902 γὰρ
292 866 489 894 ἀνεὸιώσκοντο
509 867 619 899 πάντες,
649 867 726 894 οὐδὲν
753 867 922 903 μεμνημένοι
946 867 1001 895 τῶν

1054 872 1211 895 sucverunt.
1225 868 1285 901 Quo
1301 868 1366 896 dum
1378 869 1436 904 ipse
1448 876 1561 896 munere
1576 868 1745 904 iungeretur,
1761 869 1842 896 nullae

209 912 348 947 πρόσθεντ)
364 912 431 939 ἀλλὰ
440 912 476 939 τὰ
487 913 534 948 μὲν
547 913 657 939 τοιαῦτα
674 912 748 948 ἁφήν
762 913 860 946 πάντα,
879 914 1002 948 καρποὺς
1020 948 1029 949 7

1022 948 1030 949 ί
1054 913 1118 940 dum
1136 914 1296 949 respublica:
1311 919 1399 948 erant,
1421 922 1470 942 nec
1483 914 1653 942 ducebantur
1664 923 1774 948 uxores,
1792 922 1842 942 nec

209 957 237 984 δὲ
252 957 384 992 ἀφθόνους
397 957 470 993 εἶχον
479 959 532 985 ἀπό
548 967 577 985 τε
586 958 674 994 δρυῶν
685 959 732 985 καὶ
742 958 841 994 πολλῆς
849 959 905 994 (74)
924 959 1000 994 ὕλης,
1018 948 1029 975 ί

1021 948 1038 975 Β
1053 958 1132 986 liberi
1149 960 1367 995 suscipiebantur
1381 960 1391 996 (
1407 968 1502 988 omnes
1522 960 1622 995 quippe
1635 965 1693 988 tum
1709 968 1743 988 ex
1758 964 1841 992 terra,

208 1004 259 1039 οὐχ
275 1003 327 1030 ὑπὸ
336 1005 474 1041 γεωργίας
490 1005 652 1040 φυομένους,
679 1004 735 1031 ἀλλ’
755 1004 910 1040 αὐτομάτης
934 1005 1001 1031 ἀνα-

1052 1006 1225 1040 superiorum
1251 1007 1374 1034 omnium
1394 1007 1480 1040 obliti,
1494 1007 1722 1043 reviviscebant);
1746 1015 1841 1035 verum

209 1050 333 1087 διδούσης
349 1052 398 1087 τῆς
412 1052 474 1087 γῆς.
495 1052 597 1088 Γυμνοὶ
611 1052 639 1079 δὲ
655 1052 702 1079 καὶ
715 1052 848 1087 ἄστρωτοι
863 1051 930 1086 (75),
952 1051 1000 1078 θυ-

1052 1051 1104 1079 ista
1118 1059 1180 1079 cum
1194 1052 1323 1081 abessent
1334 1053 1436 1085 omnia,
1452 1053 1589 1080 fructuum
1602 1052 1704 1080 affatim
1717 1060 1750 1080 ex
1763 1060 1842 1088 quer-

213 1098 373 1134 ραυλοῦντες
398 1099 431 1126 τὰ
460 1099 544 1126 πολλὰ
559 1100 695 1136 ἐνέμοντο.
717 1099 754 1126 Τὸ
769 1099 822 1135 γὰρ
848 1098 903 1126 τῶν
922 1099 1001 1134 ὡρῶν

1052 1099 1150 1131 cubus,
1178 1099 1293 1134 aliisque
1318 1100 1421 1135 passim
1438 1099 1582 1127 arboribus
1602 1099 1773 1134 suppetebat,
1789 1100 1841 1127 uti-

209 1145 301 1177 αὑτοῖς
328 1146 430 1173 ἄλυπον
455 1147 598 1183 ἐκέκρατο·
618 1146 743 1182 μαλακὰς
770 1147 799 1173 δὲ
825 1146 907 1178 εὐνὰς
927 1143 1000 1182 εἶχον

1051 1153 1114 1180 que,
1132 1152 1202 1180 quos
1219 1145 1278 1173 sine
1304 1145 1361 1172 ullo
1387 1146 1473 1178 cultu,
1491 1146 1549 1180 ipsa
1566 1149 1663 1180 sponte
1687 1149 1759 1172 terra
1775 1153 1840 1180 pro-

208 1191 398 1228 ἀναφυομένης
412 1193 445 1219 ἐκ
460 1193 512 1227 γῆς
526 1193 595 1225 πόας
609 1193 736 1228 ἀφθόνου.
746 1193 838 1220 -Τὺν
851 1192 883 1229 δὴ
896 1193 963 1228 βίον,
977 1189 1000 1219 ὦ

1051 1191 1187 1218 funderet.
1212 1189 1284 1219 Nudi
1309 1196 1450 1226 praeterea,
1475 1191 1612 1226 nullisque
1636 1194 1666 1218 ut
1691 1191 1840 1226 plurimum

209 1237 362 1274 Σώκρατες,
381 1239 489 1271 ἀκούεις
502 1240 550 1275 μὲν
562 1239 608 1266 τὸν
618 1239 673 1266 τῶν
689 1239 734 1266 ἐπὶ
746 1238 860 1274 Κρόνου·
878 1238 952 1265 τόνδε
965 1237 998 1270 δ’,

1052 1237 1182 1273 stragulis
1199 1238 1250 1265 sub
1265 1238 1312 1265 dio
1336 1238 1438 1273 passim
1455 1237 1608 1273 degebant;
1635 1237 1733 1273 quippe
1753 1238 1799 1273 qui
1814 1242 1841 1265 et

208 1284 246 1316 ὡς
272 1284 349 1318 λόγος
378 1285 424 1312 ἐπὶ
449 1285 509 1318 Διὸς
537 1283 616 1319 εἶναι,
642 1286 687 1313 τὸν
715 1285 763 1312 νῦν
790 1284 885 1320 παρὼν
919 1284 1000 1316 αὐτὸς

1051 1288 1244 1319 tempestatum
1268 1285 1438 1313 clementiori
1459 1285 1656 1321 temperatione
1676 1289 1838 1316 uterentur,

208 1329 353 1365 ᾖτθησαι.»
1050 1335 1078 1358 et
1091 1331 1119 1358 in
1140 1335 1215 1358 tanta
1236 1331 1263 1358 vi
1289 1331 1432 1358 herbarum
1452 1336 1584 1359 ex'terra:
1602 1331 1753 1359 visceribus
1764 1331 1839 1359 exsi-

208 1378 349 1412 stet-tium,
363 1369 489 1408 .mollium
507 1387 616 1415 quoque
631 1384 754 1408 tororum
780 1380 886 1416 copiam
917 1379 1059 1408 baberent.
1079 1394 1113 1398 —
1132 1378 1233 1412 Vitam,
1248 1379 1285 1406 mi
1310 1378 1447 1412 Socrates,
1466 1379 1606 1407 hominum
1624 1380 1688 1407 olim
1720 1379 1771 1407 sub
1788 1380 1840 1406 Sa-

207 1429 291 1452 turno
303 1427 457 1462 degentium
489 1426 599 1454 audiisti
618 1430 799 1462 :praesentem
814 1433 890 1459 vero,
927 1426 1036 1462 qualem
1056 1425 1108 1453 sub
1124 1424 1190 1453 Jove
1207 1425 1292 1454 fuisse
1312 1424 1413 1459 ferum,
1442 1432 1561 1460 praesens
1590 1426 1649 1460 ipse
1667 1433 1699 1453 ac
1724 1433 1772 1460 per
1787 1429 1841 1452 tete

209 1474 307 1502 scutis.
330 1483 338 1499 ι

468 1534 664 1562 ΚΕΦᾹΛΔΙΟΝ
690 1536 738 1562 1Δ’.

722 1538 738 1562 ’.
1344 1530 1457 1560 CAPUT
1474 1530 1541 1557 XIV.

312 1581 376 1608 ὀτι
389 1581 438 1609 καὶ
450 1581 511 1615 τοῖς
522 1582 644 1617 ἀλόγοις
654 1581 735 1615 ζώοις
748 1582 891 1617 ὡμίλουν.
1062 1579 1132 1608 Εοεά

1062 1579 1174 1608 Eosdem
1187 1587 1248 1606 cum
1263 1579 1345 1605 brutis
1361 1579 1440 1605 etiam
1454 1577 1633 1604 animantqu
1645 1581 1759 1604 versatas
1773 1585 1837 1604 esse.

243 1627 328 1655 Πάλιν
339 1628 479 1660 Μωῢσέως
489 1628 703 1664 ὰναγράψαντος,
719 1628 759 1655 ὅτι
769 1626 803 1664 ἦν
812 1629 827 1655 ὁ
836 1628 897 1664 ὄφις
910 1637 1000 1664 φρονι-
1014 1639 1035 1669 C

1014 1639 1035 1669 ε
1088 1624 1203 1660 Scripsit
1215 1624 1296 1652 etiam
1316 1623 1433 1660 Moyses,
1462 1632 1470 1648 ι
1486 1622 1559 1658 quod
1580 1630 1691 1657 serpens
1712 1628 1770 1650 erat
1781 1624 1833 1650 cal-

208 1673 332 1710 μάηερος
348 1674 456 1702 πάντων
473 1674 526 1701 τῶν
536 1675 648 1710 θηρίων,
662 1671 706 1702 οἷά
728 1684 759 1702 τε
777 1672 853 1702 εἶπεν
866 1675 880 1701 ὁ
892 1674 952 1709 ὄφις
966 1676 998 1710 τῇ
1023 1668 1026 1669 ν

1023 1668 1026 1669 ⁷
1051 1670 1133 1698 lidior
1145 1671 1251 1698 cunctis
1264 1668 1450 1697 animantibus
1462 1669 1503 1703 ⁵³;
1522 1678 1532 1695 ι
1549 1676 1654 1696 necnon
1668 1669 1768 1704 quibus
1780 1676 1840 1696 ver-

206 1722 329 1756 γυναικὶ,
350 1723 397 1749 καὶ
425 1723 442 1758 ὴ
468 1723 535 1758 γυνὴ
556 1723 595 1758 τῷ
619 1723 689 1758 ὕφει,
704 1722 810 1755 καὶτὰς
822 1723 930 1759 ὁμιλίας
952 1722 998 1749 τοῦ

1051 1717 1094 1745 bis
1108 1721 1135 1745 et
1147 1724 1260 1752 serpens
1272 1724 1335 1744 cum
1350 1715 1476 1750 muliere,
1485 1721 1512 1744 et
1528 1715 1627 1743 mulier
1638 1723 1700 1743 cum
1716 1721 1840 1750 serpente

205 1767 296 1802 ὄφεως
311 1767 468 1803 ἐκθεμένου·
483 1769 498 1794 ὁ
522 1768 634 1795 Πλάτων
648 1766 692 1795 οἶα
711 1769 812 1805 γράφει
838 1769 997 1796 ἐπάκουσον.

1062 1768 1143 1792 ocuta
1159 1763 1250 1796 fuerit,
1272 1764 1414 1798 ipsamque
1437 1762 1506 1790 adeo
1529 1763 1664 1798 serpentis
1679 1763 1775 1797 agendi
1799 1771 1844 1789 ra-

211 1823 221 1839 ‹
242 1814 273 1840 Εἰ
289 1813 337 1849 μὲν
361 1813 450 1840 τοίνυν
463 1813 519 1849 (76)
530 1814 692 1850 οἱτρόφιμοι
705 1814 752 1841 τοῦ
766 1814 881 1850 Κρόνου,
895 1814 999 1850 παρού-

1052 1811 1154 1838 tionem
1178 1811 1315 1845 exposuit.
1339 1809 1400 1837 Jam
1425 1809 1488 1837 audi
1516 1810 1581 1845 quid
1597 1810 1624 1837 in
1646 1810 1728 1838 simili
1744 1817 1842 1846 genere

209 1868 261 1895 σης
275 1860 367 1892 αὐτοῖς
382 1860 453 1887 οὕτω
467 1860 566 1896 πολλῆς
578 1860 674 1896 σχολῆς
691 1861 738 1888 καὶ
756 1861 907 1897 δυνάμεως,
932 1861 1000 1896 πρὸς

1051 1855 1128 1883 Plato
1143 1856 1293 1891 scripserit.
1313 1865 1322 1882 ι
1349 1855 1378 1882 Si
1394 1855 1497 1882 alumni
1513 1854 1635 1889 Saturni,
1651 1855 1750 1890 inquit,
1765 1862 1841 1883 sum-

208 1906 241 1932 τὸ
256 1907 293 1943 μὴ
309 1906 389 1942 μόνον
398 1906 561 1942 ἀνθρώποις,
577 1907 645 1934 ἀλλὰ
657 1907 704 1934 καὶ
727 1907 833 1943 θηρίοις
854 1907 898 1934 διὰ
915 1907 1000 1942 λόγων

1052 1910 1097 1929 mo
1111 1902 1137 1929 in
1153 1903 1210 1929 otio
1236 1909 1397 1938 summaque
1411 1909 1467 1929 non
1488 1909 1550 1929 cum
1573 1901 1731 1928 hominibus
1747 1901 1839 1932 modo,

208 1952 337 1979 δύνασθαι
350 1952 534 1987 ξυγγενέσθαι,
545 1952 717 1989 κατεχρῶντο
733 1951 838 1984 τούτοις
862 1951 1000 1986 σύμπασιν

1052 1947 1099 1974 sed
1123 1947 1205 1974 etiam
1227 1955 1289 1974 eum
1313 1948 1407 1975 bestiis
1432 1946 1561 1973 familiari
1590 1954 1718 1974 sermone
1743 1946 1840 1981 agendi

207 1999 256 2025 ἐπὶ
271 1999 438 2035 φιλοσοφίαν,
457 2000 525 2035 μετά
547 2008 576 2029 τε
602 1999 704 2034 θηρίων
734 1999 781 2025 καὶ
805 1999 862 2034 μετ’
878 1998 1000 2034 ἀλλήλων

1051 1996 1196 2027 potestate,
1220 1992 1254 2019 iis
1268 1992 1395 2019 omnibus
1408 1992 1442 2020 ad
1457 1991 1637 2026 philosophiae
1649 1991 1770 2018 studium
1785 1995 1842 2018 ute‘

207 2046 376 2081 ὁμιλοῦντες,
392 2045 438 2072 καὶ
454 2044 650 2080 πυνθανόμενοι
667 2043 743 2079 παρὰ
767 2044 857 2079 πάσης
883 2043 998 2077 φύσεως,

1052 2038 1170 2065 bantur:
1189 2038 1270 2073 587
1296 2043 1353 2064 tam
1373 2038 1444 2065 inter
1467 2045 1527 2065 sese
1547 2042 1653 2069 mutuo,
1675 2045 1758 2072 quam
1776 2045 1839 2065 cum

209 2093 237 2119 εἴ
250 2092 311 2119 τινά
325 2100 367 2123 τις
381 2091 449 2118 ἰδίαν
463 2090 576 2126 δύναμιν
605 2089 704 2125 ἔχουσα
724 2089 821 2125 ᾔσθετό
834 2098 861 2115 τι
875 2088 1000 2124 διάφορον

1052 2084 1145 2112 bestiis
1162 2084 1229 2119 ipsis
1245 2083 1389 2116 versando,
1406 2089 1433 2111 et
1445 2084 1479 2111 ab
1500 2091 1666 2119 unaquaque
1680 2088 1777 2110 natura
1791 2083 1841 2110 sei-

208 2138 264 2165 τῶν
275 2138 362 2165 ἄλλων
379 2138 419 2169 εἰς
434 2136 605 2173 ξυναγυρμὸν
618 2136 784 2172 φρονήσεως·
802 2135 936 2170 εὔκριτον,
959 2135 1000 2160 ὅτι

1052 2129 1186 2163 scitaudo,
1208 2130 1332 2164 nunquid
1355 2129 1495 2157 diversum
1523 2129 1557 2156 ab
1579 2129 1639 2156 aliis
1674 2129 1701 2156 vi
1721 2129 1840 2164 quadam

207 2185 265 2212 τῶν
277 2184 323 2211 νῦν
337 2184 361 2210 οἱ
375 2185 436 2210 τότε
452 2183 556 2219 μυρίως
571 2182 627 2218 (77)
644 2181 712 2217 πρὸς
730 2180 903 2217 εὐδαιμονίαν
913 2180 1000 2214 διέφε-

1052 2177 1183 2212 siugulari
1209 2177 1373 2212 propriaque
1396 2176 1518 2209 sentiret,
1545 2181 1575 2203 ut
1592 2176 1644 2203 hoc
1661 2180 1740 2211 pacto
1759 2183 1837 2203 suam

210 2238 269 2266 ρον.
283 2230 314 2256 Εἰ
329 2229 350 2256 δ’
365 2229 567 2265 ἐμπιπλάμενοι
580 2228 660 2255 σίτων
685 2227 750 2263 Etqu
773 2228 821 2254 καὶ
841 2227 929 2253 πότων
947 2226 1001 2252 διε-

1052 2223 1198 2258 quamdam
1219 2231 1234 2250 a
1252 2223 1408 2258 quibusque
1434 2222 1586 2258 prudentiae
1609 2222 1706 2256 stipem
1733 2221 1839 2256 accipe-

209 2275 320 2310 λέγοπο
334 2275 402 2311 πρὸς
418 2274 548 2310 ἀλλήλους
559 2274 606 2301 καὶ
629 2274 664 2300 τὰ
678 2273 760 2310 θηρία
778 2273 888 2309 μύθους,
905 2269 956 2299 οἶοι
968 2272 1000 2307 δὴ

1052 2273 1112 2297 rent
1127 2279 1133 2296 :
1149 2269 1235 2305 liquet
1249 2270 1372 2301 cumino,
1390 2269 1477 2296 aetatis
1495 2268 1569 2296 illius
1586 2268 1712 2295 homines
1727 2267 1840 2294 inﬁnitis

210 2322 259 2348 καὶ
275 2321 356 2348 τανῦν
367 2320 431 2356 περ).
449 2319 539 2347 αὐτῶν
556 2320 689 2354 λέγονται·
706 2319 752 2346 καὶ
768 2319 850 2351 τοῦθ’,
868 2318 953 2350 οὕτως
968 2327 999 2353 γε
1015 2328 1030 2355 ι

1018 2328 1037 2355 ι)
1052 2315 1086 2342 ad
1114 2315 1193 2343 beate
1218 2315 1365 2343 vivendum
1390 2314 1524 2349 praesidiis
1552 2318 1660 2341 nostros
1684 2316 1838 2348 superasse.

210 2367 272 2393 κατ’
289 2366 344 2402 (78)
357 2366 426 2402 ἐμὴν
438 2365 515 2398 δόξαν
531 2364 735 2400 ἀποφήνασθαι,
753 2365 799 2392 καὶ
825 2363 896 2400 μάλα
909 2364 1000 2399 εῠκρι-

1053 2362 1100 2389 Sin
1116 2367 1206 2390 autem
1224 2361 1375 2394 abdomini,
1394 2361 1540 2389 helluando
1553 2368 1586 2388 ac
1598 2359 1767 2395 perpotaudo
1782 2366 1839 2385 ser-

208 2421 267 2439 τον.
284 2412 378 2447 Ὅμως
388 2412 411 2438 δ’
426 2409 472 2439 οὖν
486 2411 572 2439 ταῦτα
595 2411 645 2447 μὲν
665 2411 788 2446 ἀφῶμεν,
808 2411 860 2442 ἓως
885 2410 918 2437 ἂν
934 2410 1000 2445 ἡμῖν

1051 2409 1166 2441 vieutes,
1187 2408 1295 2436 fabulas
1323 2412 1429 2436 tantum
1455 2406 1606 2442 ejusmodi,
1625 2413 1694 2441 quas
1715 2405 1749 2432 de
1775 2404 1840 2439 ipsis

211 2458 335 2494 μηνυτής
350 2466 391 2489 τις
409 2457 499 2489 ἱκανὸς
525 2458 607 2493 φανῇ,
627 2457 748 2492 ποτέρως
763 2457 788 2483 οἱ
801 2456 861 2482 τότε
877 2455 928 2487 τὰς
943 2456 1002 2482 ἐπι-

1053 2455 1134 2490 vulgo
1149 2455 1357 2488 circumferunt,
1374 2455 1402 2482 in
1420 2459 1513 2481 mutua
1535 2453 1578 2480 illa
1600 2460 1662 2480 eum
1686 2453 1756 2479 inter
1769 2459 1839 2484 sese,

211 2504 314 2539 θυμίας
327 2501 399 2539 εἶχον
412 2503 474 2540 περί
489 2512 520 2530 τε
536 2503 695 2539 ἐπιστημῶν
718 2502 766 2529 καὶ
785 2502 835 2537 τῆς
849 2501 904 2528 τῶν
915 2500 1002 2536 λόγων

1054 2505 1112 2528 tum
1126 2501 1207 2528 etiam
1224 2508 1285 2528 cum
1303 2500 1398 2528 bestiis
1409 2499 1607 2528 consuetudine
1620 2498 1790 2531 tractabant;
1807 2496 1841 2524 de

209 2550 333 2586 χρείας.»
1056 2546 1108 2574 hoc
1120 2554 1240 2581 quoque,
1254 2554 1314 2574 meo
1329 2546 1439 2581 quidem
1460 2545 1575 2580 judicio,
1593 2543 1672 2572 facile
1693 2543 1840 2570 admodum

209 2597 371 2633 liquidoque
385 2602 530 2626 statuatur.
559 2595 658 2624 Verum
688 2596 741 2623 ista
760 2595 870 2631 quidem
897 2593 980 2622 missa
1012 2593 1155 2626 faciamus,
1171 2593 1236 2620 dum
1261 2592 1341 2620 nobis
1367 2591 1457 2620 idonei
1477 2591 1620 2626 cujusdam
1636 2590 1733 2618 indicis
1761 2591 1841 2626 copia

209 2645 283 2672 facta
300 2644 346 2678 sit,
366 2651 399 2672 ex
414 2652 469 2680 quo
493 2643 653 2676 resciamus,
677 2650 743 2669 num
770 2641 842 2669 illius
866 2640 916 2668 aevi
944 2640 1078 2673 homines,
1101 2639 1192 2675 aliqua
1226 2639 1357 2667 doctrina:
1378 2646 1410 2665 ac
1432 2638 1501 2666 bene
1534 2636 1707 2672 scienterque
1733 2636 1840 2665 dicendi

210 2691 362 2727 cupiditate
376 2690 551 2718 ducerentur.
569 2699 578 2715 ι

246 2761 271 2777 ³¹
285 2759 354 2788 Gen.
368 2769 408 2794 ιιι,
429 2761 455 2788 l.

235 2809 304 2850 (75)
325 2791 532 2841 Oedciéreysr.
556 2805 633 2833 Plato
651 2804 679 2832 in
702 2803 833 2837 Politico,
861 2810 922 2838 pag.
946 2800 998 2829 175

235 2852 309 2867 ΗῚΙΙΙ.

1089 2798 1143 2834 (76)
1163 2799 1197 2824 El
1214 2796 1272 2832 μὲν
1287 2795 1402 2823 τοίνυν.
1418 2794 1490 2822 Idem
1508 2793 1601 2826 Plato,
1616 2792 1681 2819 ibid.
1698 2799 1759 2827 pag.
1776 2791 1837 2820 176.

1087 2835 1143 2867 (77)
1163 2833 1251 2864 Plato,
1269 2831 1367 2867 μυρίῳ.
1402 2866 1405 2867 ν
1439 2865 1459 2867 __
1480 2865 1495 2867 υ
1639 2863 1662 2867 __

209 2843 309 2871 Fioiui.

249 2879 305 2908 (74)
326 2877 403 2905 Plato
421 2877 481 2904 add.
499 2876 591 2912 ἄλλης.
665 2911 691 2912 ᾗ
774 2909 800 2912 __
821 2909 826 2912 _

1087 2841 1143 2869 (Η)
1165 2841 1251 2864 nato,
1269 2841 1367 2867 μυριῳ.
1639 2864 1644 2869 _

1087 2869 1274 2912 (Ἰβὶυοίίτως
1289 2875 1321 2908 γε
1333 2865 1532 2912 Διιᾳιξῖ-ὶὶξειιὶυε
1544 2884 1551 2897 ,
1573 2868 1601 2892 ιιι
1620 2863 1735 2894 videtur,
1756 2868 1838 2898 quam

248 2905 304 2948 (75)
327 2915 492 2948 Ἄσῖρωτιηι.
511 2912 546 2939 Ita
560 2905 643 2939 etiam
664 2911 750 2938 Plato.
773 2909 881 2938 Eiciuus
905 2914 994 2936 tamen

211 2951 302 2982 vertit,
315 2949 440 2983 expediri.

664 2911 750 2938 Plato.
773 2909 881 2938 Eiciuus
905 2914 994 2936 tamen
1050 2905 1120 2940 apud
1138 2905 1288 2935 Platonem,
1305 2905 1374 2928 ῶστε
1393 2905 1472 2928 κατὰ.
