2078 3207
572 262 685 290 CAPUT
706 262 763 289 XV.

360 310 586 344 Quemadmodum
601 309 677 335 amba
692 308 785 334 diluvii
803 308 976 334 meminerint.

310 357 416 392 Moyses
431 363 492 382 cum
509 354 536 381 in
552 354 642 388 legum
654 352 810 379 hominibus
822 351 992 378 ferendarum
1009 357 1057 375 (-0-

274 403 404 437 gilatione
421 404 584 430 versaretur,
602 406 693 426 rerum
717 398 768 425 sibi
785 397 958 432 antiquarum
983 403 1059 423 com-

275 447 507 477 memorationem,
536 446 595 480 ipso
623 444 713 472 statim
740 444 852 471 exordio
877 442 1059 470 necessariam

274 494 388 528 putavit.
421 492 541 520 Primum
567 492 657 526 itaque
684 490 797 522 diluvii,
824 494 904 524 atque
920 488 1059 516 hominum

273 541 320 575 qui
335 540 369 566 ab
387 547 419 566 eo
436 539 609 569 exstiterunt,
622 537 683 564 vita:
694 537 833 568 meminit;
851 541 907 563 tum
924 535 1060 569 antiquio-

273 594 333 613 rum
357 586 438 612 etiam
463 584 649 616 Hebraeorum,
675 591 723 611 seu
745 590 815 617 quos
831 581 966 617 praecipuo
990 580 1061 607 Deus

273 639 366 659 amore
377 631 516 661 dilexerat.
526 638 574 657 seu
587 637 656 665 quos
668 628 826 664 improbitas
836 633 914 655 notos
927 627 1061 662 insignes-

272 685 326 712 que
341 677 452 709 fecerat,
477 683 568 703 morcs
589 675 725 710 exposuit,
749 680 823 701 ratus
840 673 1016 708 conjunctum
1033 671 1059 698 in

272 724 368 758 primis
384 730 446 750 cum
460 722 504 756 iis,
519 729 587 756 quas
603 728 658 756 pra:
674 720 800 747 manibus
817 719 932 746 habebat
946 718 1060 752 legibus,

272 770 324 797 hoc
345 769 467 804 historia;
480 776 565 803 genus
584 767 716 797 futurum.
753 766 830 793 Plato
845 765 982 797 similiter,
997 771 1059 791 cum

271 815 394 842 animum
411 814 443 842 ad
465 813 626 841 scribendas
651 812 723 848 leges
745 811 871 846 appellit,
889 809 1011 837 eamdem
1029 817 1062 836 ac

271 859 378 895 Moyses
393 859 464 886 viam
477 859 534 893 ipse
549 865 581 885 ac
595 857 727 884 rationem
744 856 897 883 aemulatur.
915 855 984 882 Audi
997 862 1061 889 ergo

271 905 502 941 quemadmodum
526 904 584 939 ipso
609 903 707 938 Legum
731 910 843 930 suarum
871 901 1004 936 principio
1019 901 1060 927 lo-

573 203 709 232 iLUSElill
729 200 969 231 CESARIENSIS
985 199 1060 226 OPP.
1083 199 1173 226 PARS
1192 200 1223 226 ll.
1245 215 1279 219 -α
1298 198 1547 227 APOLOGETICA.

1839 194 1893 222 976

1375 257 1572 285 ΚΕΦᾹΛᾹΙΟΝ
1589 257 1638 283 1Ε’.

1173 306 1272 338 Ὅπως
1287 305 1351 339 περὶ
1372 305 1424 331 τοῦ
1439 303 1652 337 κατακλυσμοῦ
1670 302 1844 336 μέμνηνται.

1146 351 1282 386 Μωῦσῆς,
1300 348 1458 386 νομοθεσίαν
1481 348 1631 385 ἀνθρώποις
1651 345 1897 380 καταῦεϐλημένος,

1110 399 1235 434 ἐνόμισεν
1250 397 1325 432 αὐτῷ
1340 397 1395 423 δεῖν
1411 395 1601 431 ἀρχαιολογίας
1617 395 1645 420 ἐν
1661 394 1717 424 τοῖς
1734 391 1896 427 προοιμίοις.

1108 444 1281 482 Μνημονεύει
1295 444 1324 470 δέ
1336 443 1382 470 τοῦ
1397 441 1588 476 κατακλυσμοῦ
1612 440 1659 466 καὶ
1672 439 1719 466 τοῦ
1739 439 1795 473 μετ’
1817 438 1898 464 αὑτὸν

1111 492 1182 528 βίου’
1197 491 1250 518 τῶν
1274 489 1424 526 ἀνθρώπιον
1435 496 1442 503 ·
1458 488 1552 514 ἔπειτα
1579 486 1698 514 παλαιῶν
1714 484 1818 520 ἀνδρῶν
1844 483 1898 510 τῶν

1111 537 1175 573 παρ’
1197 537 1331 572 Ἑϐραίοις
1346 534 1486 570 θεοφιλῶν,
1499 534 1546 560 καὶ
1559 533 1613 560 τῶν
1629 532 1656 559 δὲ
1669 531 1755 562 ἄλλως
1767 531 1795 556 ὲν
1809 530 1899 565 πλημ-

1113 583 1234 619 μελείαις
1248 581 1439 618 ὲξητασμένων
1455 581 1504 616 τὴν
1518 579 1656 606 πολιτείαν
1674 579 1829 613 ὑφηγεῖται,
1850 585 1900 602 κα-

1112 629 1241 664 τάλληλον
1254 627 1293 661 οἷς
1311 627 1463 664 ἐνομοθέτει
1480 627 1530 662 τὴν
1551 626 1614 661 περὶ
1631 625 1732 651 τούτων
1755 623 1899 658 ἡγησάμε-

1113 685 1155 708 νος
1169 675 1288 711 ἱστορίαν
1302 674 1422 701 ἔσεσθαι.
1433 673 1488 700 Καὶ
1500 673 1514 698 ὁ
1529 673 1639 699 Πλάτων
1651 671 1679 698 δὲ
1691 670 1830 700 ὡσαύτως,
1846 677 1900 695 πα-

1113 721 1214 758 ρελθὼν
1234 722 1279 747 ἐπὶ
1302 721 1350 756 τὴν
1366 720 1420 746 τῶν
1440 720 1545 754 Νόμων
1558 717 1681 753 γραφὴν,
1702 716 1747 743 τὸν
1767 715 1847 742 αὐτὸν
1859 714 1899 749 τῷ

1112 768 1214 802 Μωῡσῇ
1229 766 1304 801 ζηλοῖ
1316 766 1424 802 τρόπον.
1434 765 1478 791 Ἐν
1487 764 1637 800 προοιμίοις
1649 763 1712 797 γοῦν
1728 762 1782 788 τῶν
1795 762 1901 795 Νόμων

1112 814 1266 840 ἐπάκουσον
1288 813 1305 839 ἆ
1324 819 1424 847 φησιν·
1441 821 1449 836 ι
1466 809 1528 846 ⁷Λρ²
1551 809 1597 837 οὖν
1610 810 1665 845 (79)
1681 810 1705 836 οί
1723 808 1833 835 παλαιοὶ
1858 807 1901 833 λό-

1112 869 1154 895 γοι
1172 860 1236 895 ὑμῖν
1252 858 1380 892 ἀλήθειάν
1396 866 1458 884 τινα
1476 857 1547 892 ἔχειν
1561 855 1685 887 acuebat;
1708 871 1743 875 —
1757 855 1831 880 Ποίοι
1846 853 1878 888 δή
1891 861 1900 885 ;

1113 923 1147 927 —
1159 907 1196 932 Τὸ
1211 905 1310 936 πολλὰς
1325 903 1476 940 ἀνθρώπων
1491 902 1592 937 φθορὰς
1607 900 1749 935 γεγονέναι
1765 898 1902 926 κατακλυ-

271 937 382 988 quatur.
407 961 416 977 ι
436 951 476 978 An
492 937 583 985 igitur,
602 937 699 985 inquit,
727 949 829 983 priscas
849 948 910 975 illas
926 947 1058 974 narratio-

1113 953 1191 987 σμοῖς
1202 960 1231 978 τε
1249 951 1296 978 καὶ
1315 950 1402 981 νόσοις
1414 949 1461 976 καὶ
1476 948 1566 980 ἄλλοις
1584 947 1704 978 πολλοῖς,
1720 947 1748 972 ἐν
1761 943 1801 977 οἷς
1813 944 1900 981 βραχύ

271 1007 321 1027 nes
336 1006 414 1026 veras
430 996 592 1025 arbitraris?
609 1011 641 1016 —
662 995 737 1028 Quas
751 994 880 1022 tandem?
891 1009 923 1014 —
943 993 1058 1020 Crebros

271 1045 336 1071 olim
350 1043 491 1071 hominum
504 1042 642 1073 interitus,
659 1041 779 1073 diluviis,
799 1040 910 1071 morbis,
933 1046 966 1066 ac
979 1043 1060 1067 czete—

270 1091 310 1118 ris
326 1090 352 1118 id
365 1098 450 1125 genus
464 1089 611 1122 exstitisse,
638 1097 671 1116 ex
694 1088 794 1123 quibus
809 1088 887 1122 pauci
913 1087 1059 1114 admodum

271 1137 396 1165 homines
421 1136 565 1164 evaserint.
588 1150 623 1156 —-
643 1134 740 1162 Tutum
767 1134 792 1161 id
818 1134 927 1169 quidem
958 1134 1060 1162 nemini

271 1191 402 1219 perquam
420 1182 567 1210 verisimile
579 1190 631 1208 non
649 1181 881 1215 rideatur.——Age
891 1187 1060 1214 vero,unum

271 1231 348 1258 illum
363 1237 396 1258 ex
413 1230 547 1265 pluribus,
562 1235 643 1263 quem
659 1227 792 1254 diluvium
808 1227 976 1261 importavit,
993 1234 1059 1254 con-

271 1277 433 1304 sideremus.
452 1290 488 1295 —
509 1274 579 1308 Quid
603 1281 685 1309 porro
701 1280 716 1300 a
734 1273 813 1301 nobis
839 1273 865 1299 in
888 1280 921 1300 eo
947 1273 1060 1307 cogitari

271 1323 312 1350 vis
323 1321 427 1354 ?—Qui
445 1325 501 1347 tum
517 1319 672 1347 vastitatem
691 1318 764 1345 illam
780 1317 899 1353 elfugere
913 1317 1060 1352 potuerint,

271 1372 415 1394 montanos
441 1367 574 1393 duntaxat
598 1370 721 1400 pastores
752 1364 856 1399 aliquot
888 1363 990 1398 fuisse,
1015 1365 1062 1399 qui

271 1413 386 1441 summis
398 1413 424 1440 in
438 1412 628 1440 cacuminibus
639 1432 646 1443 ,
668 1416 798 1446 tanquam
823 1410 920 1446 exigua
937 1410 1062 1445 quaedam

271 1459 377 1495 generis
395 1458 506 1486 humani
522 1457 638 1488 semina.
653 1457 741 1484 relicti
758 1456 915 1492 scrvatique
931 1456 1063 1484 constite-

270 1507 335 1533 rint.
348 1517 382 1526 μμ
392 1505 570 1539 Perspicuum
588 1503 614 1530 id
627 1503 748 1538 quidem.
758 1517 790 1522 -—
804 1502 872 1530 Istos
885 1510 979 1538 porro,
997 1502 1063 1529 tales

271 1559 334 1578 cum
367 1555 469 1584 essent,
501 1558 564 1577 cum
598 1550 631 1577 ab
657 1549 761 1576 caeteris
791 1548 896 1576 artibus
916 1549 1063 1583 imparatos

271 1596 356 1624 fuisse
374 1604 486 1623 necesse
501 1601 552 1627 est,
565 1600 621 1622 tum
637 1595 670 1622 ab
685 1595 804 1622 iisetiam
816 1594 959 1622 fraudibus
974 1599 1001 1622 et
1016 1602 1063 1622 ca—
1075 1609 1099 1641 ο

271 1642 383 1670 Innmiis
397 1642 500 1670 alienos
510 1663 517 1674 ,
532 1641 632 1676 quibus
647 1648 708 1668 sese
724 1640 807 1676 588
822 1640 925 1676 passim
940 1641 966 1668 in
983 1641 1059 1668 urbi-

271 1689 333 1720 bus,
349 1688 480 1721 avaritim,
498 1687 731 1720 contenti0ni5,ac
747 1687 914 1722 reliquorum
930 1687 956 1714 id
974 1695 1060 1722 genus

271 1733 465 1761 maleﬁciorum
481 1737 549 1760 astu
564 1733 679 1767 abrepti,
704 1732 774 1759 alios
796 1732 842 1760 alii
865 1737 986 1760 evertere
1001 1740 1060 1760 mo-

270 1779 383 1805 liuntur.
395 1792 430 1798 —
440 1775 472 1804 Et
482 1777 533 1805 hoc
546 1777 626 1812 plane
642 1781 866 1805 consentaneum.
879 1793 913 1798 —
923 1776 1060 1805 Ponamus

272 1825 354 1860 igitur
369 1828 536 1859 campestres
549 1824 630 1851 simul
644 1831 676 1851 ac
687 1824 840 1852 maritimas
853 1824 935 1852 urbes
949 1831 981 1851 eo
994 1829 1061 1852 tem-

272 1879 337 1905 pore
365 1870 487 1898 funditus
515 1869 638 1905 periisse.
655 1881 692 1890 -—
708 1869 855 1898 Ponamus.
870 1884 906 1890 —-
922 1869 1040 1897 Proinde
1051 1890 1059 1903 ,

271 1918 402 1954 quidquid
411 1917 492 1944 etiam
501 1917 744 1945 instrumentorum
753 1916 984 1952 fuerat,quidquid
993 1916 1060 1945 artis

272 1965 354 1992 ullius
363 1963 513 1999 proprium,
521 1971 569 1991 seu
580 1963 679 1996 civilis,
690 1971 737 1990 seu
752 1963 863 1991 alterius
872 1963 1060 1998 cujuscunque

271 2010 413 2046 peritia:,id
433 2015 519 2037 totum
540 2009 634 2037 eadem
651 2009 730 2037 ruina
748 2009 830 2037 simul
846 2017 877 2037 ac
892 2010 975 2038 semel
992 2010 1061 2037 hau-

270 2062 342 2083 stum
368 2064 400 2083 ac
419 2056 555 2090 sepultum
580 2054 665 2083 fuisse
689 2056 834 2083 dicendum
859 2061 910 2084 est.
929 2066 938 2083 ι
958 2056 1060 2085 Deinde

269 2103 373 2138 aliquot
388 2102 535 2138 interiectis
554 2111 560 2129 :
577 2111 586 2127 ι
605 2102 712 2129 Maneat
730 2102 823 2137 igitur,
836 2102 935 2137 inquit,
951 2103 987 2130 ita
1001 2111 1060 2131 sese

270 2152 319 2183 p’cr
333 2149 468 2183 ejusmodi
491 2148 596 2176 cladem
621 2156 666 2176 res
684 2148 824 2175 hominum
852 2148 998 2183 habuisse;
1013 2157 1060 2176 va-

270 2200 339 2222 stam
352 2195 452 2230 quippe
464 2194 677 2230 horribilemque
692 2194 876 2228 solitudinem,
899 2195 1008 2230 vimque
1021 2195 1060 2223 fe-

270 2241 497 2268 cundissimarum
528 2245 662 2267 terrarum
694 2242 854 2268 immensam
874 2241 1021 2269 exstitisse.
1047 2252 1056 2268 ι

1109 998 1199 1024 τιτῶν
1213 996 1365 1032 ἀνθρώπων
1378 995 1518 1022 λείπεσθαι
1531 994 1618 1028 γένος.
1636 1009 1669 1013 -—
1687 993 1760 1019 Πάνυ
1780 993 1828 1027 μὲν
1852 989 1900 1018 οὖν

1110 1044 1219 1070 πιθανὸν
1238 1043 1268 1070 τὸ
1277 1042 1396 1069 τοιοῦτον
1412 1042 1465 1068 πᾶν
1478 1040 1568 1068 παντί.
1577 1055 1611 1059 --
1620 1040 1687 1076 Φέρε
1704 1039 1745 1074 δὴ,
1757 1038 1901 1073 νοήσωμεν

1111 1091 1174 1126 μίαν
1190 1090 1244 1117 τῶν
1261 1089 1364 1117 πολλῶν
1378 1087 1491 1123 ταύτην,
1509 1088 1557 1123 τὴν
1579 1087 1618 1122 τῷ
1640 1083 1825 1119 κατακλυσμῷ
1842 1083 1900 1118 (80)

1110 1137 1267 1172 γενομένην.
1277 1151 1311 1156 --
1327 1135 1364 1162 Τὸ
1379 1135 1453 1161 ποῖον
1468 1133 1500 1169 δὴ
1514 1133 1578 1169 περὶ
1592 1133 1677 1167 αὐτῆς
1695 1130 1900 1166 διανοηθέντες;

1111 1197 1145 1203 ——
1163 1183 1207 1215 Ὠς
1233 1183 1257 1209 οἱ
1282 1182 1342 1208 τότε
1373 1181 1572 1217 περιφυγόντες
1596 1178 1645 1214 τὴν
1675 1177 1777 1214 φθορὰν
1809 1176 1902 1211 σχεδον

1111 1230 1194 1266 ὖρειοί
1208 1237 1279 1261 τινες
1295 1228 1328 1255 ἂν
1345 1226 1400 1255 εἷεν
1413 1228 1516 1262 νομεῖς,
1532 1227 1560 1252 ἐν
1572 1225 1704 1260 κορυφαῖς
1731 1232 1783 1249 που
1798 1221 1904 1258 σμικρὰ

1112 1276 1226 1312 ζώπυρα
1243 1275 1289 1302 τοῦ
1302 1275 1357 1301 τῶν
1373 1273 1523 1309 ἀνθρώπων
1537 1270 1742 1306 διαπεσωσμένα
1754 1269 1903 1303 γένους.-

1112 1322 1206 1357 Δῆλον.
1221 1336 1256 1341 -—
1271 1321 1326 1348 Καὶ
1337 1321 1368 1356 δὴ
1381 1321 1443 1351 τοὺς
1458 1319 1594 1349 τοιούτους
1612 1326 1643 1352 γε
1659 1317 1766 1351 ἀνάγκη
1781 1323 1832 1341 που
1848 1313 1903 1340 τῶν

1113 1369 1199 1395 ἄλλων
1208 1368 1337 1403 ἀπείρους
1348 1364 1418 1393 εἶναι
1431 1365 1543 1400 τεχνῶν,
1561 1364 1608 1390 καὶ
1623 1363 1676 1390 τῶν
1695 1363 1724 1388 ὲν
1739 1363 1794 1393 τοῖς
1808 1362 1902 1388 ἄστεσι

1113 1415 1180 1450 πρὸς
1193 1414 1323 1449 ἀλλήλους
1341 1411 1480 1448 μηχανῶν,
1493 1410 1533 1442 εἷς
1545 1419 1574 1436 τε
1591 1408 1745 1440 πλεονεξίας
1755 1427 1763 1440 ,
1786 1407 1833 1434 καὶ
1856 1415 1902 1441 φι-

1113 1459 1257 1491 λονεικίας,
1276 1459 1322 1486 καὶ
1339 1458 1427 1485 ὁπόσα
1441 1457 1507 1484 ἄλλα
1532 1455 1749 1491 κακουργήματα
1771 1453 1838 1489 πρὸς
1855 1452 1903 1479 ἀλ-

1113 1506 1209 1541 λήλους
1225 1504 1388 1531 ἐπινοοῦσιν.
1406 1518 1438 1523 --
1452 1503 1533 1534 Είκὴς
1549 1501 1624 1536 γοῦν.
1642 1516 1676 1521 -—
1691 1500 1787 1535 Θῶμεν
1801 1499 1833 1534 δὴ
1851 1498 1902 1530 τὰς

1113 1553 1142 1579 ἐν
1155 1553 1211 1584 τοῖς
1229 1551 1330 1583 πεδίοις
1344 1550 1447 1582 πόλεις,
1468 1549 1515 1576 καὶ
1528 1549 1595 1583 πρὸς
1617 1547 1735 1582 θαλάττῃ
1757 1545 1902 1573 κατοικού-

1115 1607 1174 1631 σας,
1185 1597 1269 1634 ᾶρδην
1282 1597 1311 1624 ὲν
1327 1596 1366 1632 τῷ
1379 1596 1440 1623 τότε
1454 1595 1542 1631 χρόνῳ
1556 1592 1769 1628 διαφθείρεσθαι.
1789 1608 1823 1612 ——
1842 1591 1902 1618 Θῶ-

1115 1653 1172 1680 μεν.
1188 1660 1222 1664 —
1237 1642 1341 1670 υὺκοῦν
1355 1642 1458 1678 ὄργανά
1468 1650 1497 1668 τε
1514 1642 1601 1668 πάντα
1615 1639 1791 1670 ἀπόλλυσθαι,
1807 1638 1853 1665 καὶ
1876 1638 1905 1664 εῐ

1112 1699 1138 1716 τι
1153 1690 1250 1726 τέχνης
1263 1687 1296 1725 ἦν
1310 1688 1438 1724 ἐχόμενον
1455 1686 1606 1718 σπουδαίως
1628 1686 1683 1721 (81)
1703 1684 1851 1720 εὑρημένον
1862 1704 1869 1715 ,
1883 1684 1900 1718 ἤ

1114 1735 1263 1770 πολιτικῆς,
1279 1735 1296 1769 ἢ
1309 1734 1356 1761 καὶ
1369 1733 1464 1769 σοφίας
1478 1733 1550 1765 τινος
1566 1733 1672 1768 ἐτέρας,
1691 1731 1779 1758 πάντα
1799 1731 1900 1766 ἔρρειν.

1112 1798 1147 1802 ——
1161 1781 1251 1808 Ταῦτα
1275 1782 1303 1807 ἐν
1319 1779 1358 1815 τῷ
1383 1780 1444 1806 τότε
1461 1779 1550 1815 χρόνῳ
1574 1780 1705 1814 φήσομεν.
1724 1787 1733 1803 ι
1765 1778 1819 1804 Καὶ
1841 1775 1901 1806 μεθ’

1112 1828 1194 1864 ἕτερά
1210 1835 1308 1862 φησιν’
1327 1836 1336 1852 ι
1356 1825 1460 1853 Οὐκοῦν
1475 1826 1544 1852 οὕτω
1555 1825 1587 1860 δὴ
1601 1825 1722 1860 λέγωμεν
1739 1823 1811 1859 ἔχειν
1828 1823 1900 1854 τότε,

1111 1874 1155 1900 ὅτε
1170 1873 1278 1908 ἐγένετο
1292 1874 1308 1909 ἡ
1323 1873 1419 1909 φθορὰ,
1438 1872 1472 1899 τὰ
1495 1872 1559 1906 περὶ
1572 1872 1636 1903 τοὺς
1651 1870 1808 1906 ἀνθρώπους
1831 1869 1902 1905 πρά-

1114 1929 1216 1956 γματα,
1245 1919 1345 1956 μυρίαν
1370 1919 1420 1955 μέν
1432 1927 1492 1945 τινα
1504 1918 1622 1954 φοῦερὰν
1634 1917 1750 1953 ἐρημίαν
1763 1937 1770 1947 ,
1797 1915 1850 1950 νῆς
1871 1915 1901 1941 δέ

1111 1965 1226 2001 ἀφθόνου
1240 1965 1341 2000 πλῆθος
1351 1965 1491 2001 πάμπολυ.
1503 1974 1512 1990 ι
1527 1963 1618 1991 Ταῦτα
1636 1964 1682 1991 καὶ
1696 1962 1806 1990 τοιαῦτα
1818 1961 1902 1997 ’ἐτερα-

1090 2016 1096 2023 ’
1111 2012 1206 2044 εἰπὼν,
1223 2011 1398 2047 ἐπεξέρχεται
1411 2011 1484 2047 βίους
1498 2011 1553 2038 τῶν
1569 2010 1636 2046 μετὰ
1647 2010 1692 2036 τὸν
1707 2008 1900 2043 κατακλυσμὸν

1111 2057 1270 2094 ἀνθρώπων.
1284 2055 1341 2084 Εἴθ’
1353 2057 1447 2093 ὥσπερ
1458 2057 1578 2091 Μωῦσῆς
1588 2057 1637 2091 τὴν
1648 2055 1702 2082 τῶν
1713 2055 1795 2082 πάλαι
1808 2054 1900 2088 θεοφι-

1110 2104 1164 2131 λῶν
1194 2104 1327 2140 Ἐϐραίων
1353 2103 1490 2130 πολιτείαν
1517 2102 1692 2129 ἐπιδ-ἀνάπτει
1708 2103 1740 2137 τῇ
1760 2100 1828 2136 μετὰ
1852 2100 1899 2126 τὸν

1111 2150 1302 2186 κατακλυσμὸν
1319 2149 1463 2185 ὑφηγήσει,
1479 2149 1526 2175 καὶ
1537 2149 1551 2174 ό
1565 2148 1676 2175 Πλάτων
1689 2147 1800 2182 ὁμοίως,
1831 2145 1901 2181 μετὰ

1110 2197 1172 2228 τοὺς
1190 2196 1262 2231 βίους
1279 2195 1333 2222 τῶν
1351 2195 1419 2230 μετὰ
1444 2195 1489 2221 τὸν
1502 2194 1694 2229 κατακλυσμὸν
1707 2193 1741 2220 τὰ
1758 2191 1902 2228 Ἑλληνικὰ

1111 2243 1238 2279 πειρᾶται
1249 2241 1445 2276 ἀρχαιολογεῖν,
1458 2240 1495 2272 ὡς
1509 2241 1612 2272 ἐκεῖνος
1626 2239 1660 2266 τὰ
1681 2238 1822 2274 Ἐϐραίων.
1839 2237 1901 2264 Τῶν

271 2287 333 2314 Hasc
345 2287 389 2314 ille
407 2287 562 2321 similiaque
578 2287 717 2322 prafatus,
745 2287 887 2314 hominum
901 2292 995 2315 eorum
1013 2289 1060 2316 de-

1111 2297 1140 2315 τε
1157 2289 1202 2315 ἐπὶ
1213 2287 1313 2323 Τροίας
1329 2286 1504 2322 μνημονεύει,
1516 2286 1563 2312 καὶ
1581 2280 1628 2320 τῆς
1639 2285 1749 2321 πρώτης
1761 2285 1790 2310 ὲν
1811 2284 1900 2310 Λακε-

270 2333 373 2367 inceps,
391 2333 437 2368 qui
457 2337 518 2368 post
531 2332 663 2359 diluvium
677 2332 780 2364 vixere,
803 2339 894 2361 mores
918 2334 1059 2368 persequi-

272 2384 324 2406 tur.
346 2379 420 2412 lnde,
439 2378 538 2414 Moysis
553 2378 687 2413 exemplo,
699 2378 746 2414 qui
760 2386 850 2406 rerum
865 2387 880 2406 a
895 2379 997 2408 diluvio
1014 2389 1060 2417 ge-

271 2430 373 2452 starum
394 2425 512 2452 historiae
536 2424 703 2451 sanctiorum
729 2424 794 2451 olim
818 2423 992 2453 Hebraeorum
1019 2426 1061 2453 in-

270 2473 365 2500 stituta
381 2471 538 2507 subiungit;
553 2475 615 2506 post
629 2477 723 2498 eorum
738 2471 784 2506 qui
795 2472 918 2506 proxime
928 2471 1059 2501 diluvium

1112 2334 1218 2370 δαίμονι
1232 2333 1380 2364 πολιτείας,
1393 2332 1505 2368 Περσῶν
1521 2340 1549 2358 τε
1567 2331 1614 2358 καὶ
1629 2331 1682 2357 τῶν
1696 2330 1771 2367 παρὰ
1781 2329 1900 2360 τούτοις,

1112 2381 1160 2408 εἴτ’
1175 2379 1273 2416 ὀρθῶς,
1287 2379 1341 2406 εἴτε
1358 2379 1404 2406 καὶ
1428 2378 1465 2414 μὴ
1480 2377 1658 2413 βεϐιωκότων.
1682 2375 1748 2403 Εἶτα
1766 2377 1834 2412 μετὰ
1849 2375 1899 2410 τὴν

1111 2427 1211 2454 τούτων
1235 2425 1370 2461 ἱστορίαν,
1387 2424 1540 2460 ἀπάρχεται
1559 2423 1609 2458 τῆς
1626 2422 1679 2449 τῶν
1695 2422 1800 2457 Νόμων
1821 2421 1900 2448 ἐκθέ-

1113 2482 1191 2504 σεως,
1208 2472 1258 2499 κάν
1272 2470 1359 2506 τούτῳ
1370 2471 1481 2498 Μωῧσεῐ
1495 2469 1743 2504 κατακολουθήσας.

271 2519 357 2546 secuti
373 2523 436 2546 sunt
451 2518 532 2545 vitam
545 2537 552 2549 ,
576 2524 621 2545 res
645 2515 817 2551 Graecorum,
834 2521 864 2544 ut
879 2515 1054 2546 Hebraeorum
1074 2519 1191 2555 Moyses,
1216 2517 1250 2545 ad
1267 2516 1486 2552 antiquissimam
1501 2521 1572 2543 retro
1593 2516 1752 2543 memoriam
1769 2521 1898 2542 revocare

271 2570 394 2592 conatur.
423 2564 493 2597 Quin
518 2564 600 2591 etiam
619 2562 819 2599 Trojanorum,
850 2563 999 2600 primaeque
1021 2564 1291 2594 Lacedaemoniorum
1316 2563 1489 2598 reipublicae,
1512 2570 1545 2590 ac
1564 2561 1708 2589 Persarum
1732 2561 1898 2588 mentioan

273 2610 348 2641 facit,
363 2618 513 2645 eorumque
525 2609 618 2641 simul,
643 2610 690 2645 qui
704 2609 774 2645 apud
790 2616 837 2636 eos
851 2617 898 2636 seu
912 2610 990 2642 bene,
1012 2619 1060 2639 seu
1078 2611 1148 2638 male
1160 2609 1301 2637 vixissent.
1323 2608 1412 2644 Atque
1435 2609 1486 2636 hac
1511 2607 1669 2645 perfunctus
1687 2606 1798 2635 historia
1839 2611 1897 2634 tum

271 2659 380 2686 demum
403 2665 467 2685 suas
489 2658 548 2692 ipse
568 2657 640 2692 leges
653 2657 772 2684 scribere
794 2656 960 2691 auspicatur,
978 2657 1004 2684 in
1022 2666 1054 2686 eo
1073 2665 1181 2694 quoque
1197 2656 1314 2692 Moysem
1328 2657 1481 2684 emulatus.

307 2726 363 2766 (79)
384 2724 443 2760 Ἆρ’
470 2723 535 2754 οὖν.
563 2726 656 2760 Plato,
684 2726 730 2754 lib.
755 2735 785 2754 ιιι
811 2727 895 2762 Leg.,
921 2735 982 2764 pag.
1005 2728 1057 2756 585

295 2727 363 2767 '(79')
384 2727 443 2760 Ἆρ’
470 2727 535 2754 οὖν.
563 2727 656 2760 Plato,
684 2727 730 2754 lib.
755 2735 785 2754 ιιι
811 2727 895 2762 Leg.,
921 2735 982 2764 pag.
1005 2728 1057 2756 585

1222 2727 1297 2767 Plato
1315 2727 1376 2754 add.
1392 2728 1468 2767 ποτε.

269 2761 367 2789 Ficini.

1147 2763 1202 2799 (81)
1222 2762 1308 2795 Plato,
1325 2763 1481 2795 σπουδαίας.
