2078 3207
215 200 267 228 977

468 257 665 284 ΚΕΦΑΛΑΙΟΝ
681 258 727 291 lC."

213 302 279 328 ὀτι
305 301 340 328 τὰ
356 301 411 338 τῆς
426 302 633 335 διδασκαλίας,
651 303 744 338 ὀρθῶς
767 304 840 338 ἡμῖν
862 305 919 332 ἀπὸ
939 305 1000 332 τῶν

248 337 334 376 ρείωςν
357 337 516 376 ἀρχόμενα,
535 337 695 376 κρτᾳᾼῄγει
708 341 751 371 εις
764 339 800 376 τὰ
820 341 997 375 ἀνθρώπινα.

254 371 321 399 Ἀπὸ
333 371 386 398 τοῦ
399 372 514 406 πρώτου
527 373 586 414 τῶν
598 371 697 409 Νόμων
715 371 884 408 Πλάτωνοᾴ

248 418 386 450 Μωῡσέως
398 419 447 454 τὴν
461 420 552 447 πᾶσαν
561 420 644 446 αὐτοῦ
655 421 824 456 νομοθεσίαν,
836 423 885 457 τήν
897 431 926 449 τε
939 424 997 449 κατ’

213 464 294 491 αὐτὸν
309 464 455 497 πολιτείαν,
468 465 607 498 εὐσεϐείας
621 465 667 493 τοῦ
683 466 737 493 τῶν
750 467 817 494 ὅλων
832 468 900 495 Θεοῦ
916 469 1000 504 ἀναρ-

211 511 360 546 τήσαντος,
383 511 437 538 ἀπό
455 520 484 537 τε
504 512 550 538 τοῦ
576 512 684 539 πάντων
699 513 865 549 δημιουργοῦ
885 515 934 550 τὴν
949 523 998 541 κα-

210 556 314 592 ταρχὴν
335 557 385 592 τῆς
410 557 568 592 νομοθεσίας
597 559 799 594 πεποιημένου·
822 560 918 587 ἔπειτα
944 561 998 588 τῶν

211 602 291 628 θείων
305 602 414 637 ἀγαθῶν
430 603 585 639 ἐξέρχεσθαι
601 604 634 631 τὰ
655 604 812 641 ἀνθρώπινα
832 606 995 640 διδάξαντος,

208 647 244 675 τά
257 657 286 675 τε
303 648 362 676 θεῖα.
377 649 422 675 ἐπὶ
435 649 480 675 τὸν
493 650 600 677 πάντων
615 650 736 686 ἡγεμόνα
750 651 821 679 Νοῦν
831 672 838 684 ,
862 653 942 679 αὑτὸν
965 652 997 688 δὴ

207 694 254 721 τὸν
269 695 324 721 τῶν
334 695 402 722 ὅλων
419 695 483 721 θεὸν
497 695 641 728 ἀναθέντος
654 705 660 712 ·
677 696 727 724 θέα
739 697 812 729 ὅπως
827 698 873 724 καὶ
895 699 909 724 ὁ
922 698 997 725 Φιλό-

208 749 300 774 σοφος,
315 741 371 772 τοῖς
388 741 478 773 αὐτοῖς
491 741 590 777 βαίνων
607 743 706 777 ἴχνεσιν
718 764 725 777 ,
743 743 927 779 ἐπιμέμφεται
947 743 996 779 μὲν

206 787 263 817 τοῖς
276 786 392 822 Κρητῶν
409 787 456 813 καὶ
470 787 690 824 Λακεδαιμονίων
711 788 870 824 νομοθέταις
882 809 890 822 ,
912 789 957 816 τὸν
973 789 996 815 δ’

206 831 357 866 ἀρέσκοντα
368 832 406 868 τῷ
419 834 529 860 Μωῢσεί
537 834 619 869 νόμον
632 835 793 867 ἐκδιδάσκει,
802 835 889 869 λέγων
898 835 994 868 οὕτως·

209 886 218 902 ι
239 877 279 913 II?)
296 877 327 913 δὴ
338 876 383 905 οὖν
400 878 454 914 (82)
474 888 503 906 σε
518 879 555 906 ἐτ’
571 879 604 907 ἂν
619 880 768 917 ἐϐουλόμην
781 880 936 917 διελόμενον
950 881 994 909 λέ-

795 199 956 227 ΡΒίΕΡΑΙῖ.
975 197 1102 226 EVANG.
1120 198 1184 225 LIB.
1205 197 1262 224 XII.

1771 179 1834 218 ~978

1334 242 1448 282 CAPU‘r
1468 252 1536 280 xvr.

1051 301 1136 334 Quom
1149 301 1275 336 praeclare
1291 300 1418 336 doctrimz
1430 303 1531 336 nostraa_
1541 297 1656 336 ratione:
1672 295 1836 336 aiebusldi-

1085 329 1154 364 vinis
1167 336 1308 369 uuspicati,
1328 336 1355 362 in
1372 335 1500 361 humanas
1515 333 1676 359 desinamus.
1691 329 1732 357 Ex
1750 331 1833 364 primo

1086 372 1185 406 Legum
1202 371 1334 398 Platonis.

1085 417 1226 445 Rationem
1241 417 1330 451 legum
1348 423 1380 442 ac
1394 413 1550 449 reipublicae
1565 419 1620 439 suae
1635 411 1787 438 universam
1800 418 1833 438 ex

1049 463 1159 494 summi,
1171 461 1295 489 Numinis
1312 460 1442 496 religione
1471 465 1632 494 suspensam
1646 457 1751 492 Moyses
1773 463 1834 484 esse

1048 517 1110 537 cum
1125 509 1214 540 vellet.
1243 507 1316 534 illam
1333 507 1368 534 ab
1383 505 1479 534 eodem
1502 512 1593 532 rerum
1617 504 1738 530 omnium
1755 502 1834 530 moli-

1048 560 1106 583 tore
1129 555 1287 590 auspicatus
1310 556 1351 580 est
1366 561 1372 579 :
1391 552 1488 579 deinde
1502 549 1634 585 quidquid
1652 549 1834 575 humanorum

1047 601 1182 628 bonorum
1204 604 1257 631 est,
1280 599 1307 626 id
1328 605 1409 625 omne
1439 595 1567 624 adivinis
1581 593 1832 630 proﬁciscidocuit,

1047 648 1160 682 ipsaque
1177 645 1269 673 divina
1285 645 1318 672 ad
1332 647 1451 671 mentem
1479 642 1551 670 illam
1568 645 1728 669 cunctorum
1741 639 1832 667 mode-

1047 695 1186 726 ratricem,
1199 693 1251 720 hoc
1263 697 1316 723 est,
1330 691 1363 719 ad
1377 690 1501 719 eumdem
1517 689 1593 716 illum
1608 687 1728 715 universi
1751 687 1834 714 Deum

1047 739 1191 767 revocavit.
1228 738 1315 773 Hujus
1339 737 1461 772 vestigiis
1491 735 1620 762 insistens
1646 733 1833 769 philosophus,

1046 787 1107 813 vide
1121 785 1362 821 quemadmodum,
1377 782 1549 818 reprehensis
1560 781 1730 809 Cretensium
1742 785 1769 807 et
1783 779 1835 807 La-

1047 830 1494 866 cedaemoniorumlegislatoribus,
1512 828 1594 863 589
1609 827 1741 854 sancitam
1759 825 1834 853 illam

1046 879 1080 906 ab
1095 879 1185 915 Moyse
1199 879 1285 914 legem
1302 877 1426 905 edoceat.
1441 876 1518 902 «νειμ
1533 880 1572 908 tu,
1584 873 1777 909 inquit,dicam
1796 873 1835 899 iu-

205 931 274 957 γειν,
296 924 376 956 αὑτός
400 925 422 952 τ’
437 921 554 958 ἀκούειν,
571 926 661 961 βούλει
676 935 717 953 σοι
737 927 851 963 φράζω;
873 943 906 948 —-
919 928 989 955 Πάνυ

1046 932 1142 960 genue,
1158 931 1211 959 qua
1229 928 1254 950 te
1266 924 1310 950 via
1326 927 1353 950 et
1366 922 1462 950 ordine
1475 925 1562 948 totum
1579 921 1631 948 hoc
1642 918 1835 954 disputationis

206 969 256 1004 μὲν
273 968 328 997 οὖν.
346 986 380 991 -—-
394 968 429 997 Ὦ
439 971 508 1004 ξένε,
526 972 608 1008 ἐχρῆν
625 974 721 1000 εἰπεῖν’
740 973 763 1000 οἱ
779 973 895 1010 Κρητῶν
914 975 991 1010 νόμοι

204 1014 254 1042 οὔκ
266 1017 319 1043 εισι
336 1017 424 1053 μάτην
436 1017 618 1054 διαφερόντως
629 1019 658 1045 ὲν
673 1019 755 1045 πᾶσιν
781 1019 918 1055 εὐδόκιμοι
936 1021 992 1052 τοῖς

204 1061 332 1097 Ἕλλησιν
342 1072 349 1078 ⁵
364 1063 454 1099 ἔχουσι
470 1064 524 1099 γὰρ
538 1064 634 1100 ὀρθῶς,
648 1065 710 1097 τοὺς
724 1065 816 1097 αὐτοῖς
835 1067 991 1102 χρωμένους

203 1107 361 1144 εὐδαίμονας
371 1109 573 1142 ἀποτελοῦντες.
590 1110 714 1138 ’Ἀπαντα
726 1111 780 1148 γὰρ
794 1111 900 1146 τάγαθὰ
913 1113 991 1149 πορί-

203 1154 289 1185 ζουσι.
305 1155 385 1181 Διττὰ
401 1155 424 1181 δ’
439 1155 529 1189 ἀγαθά
543 1156 611 1188 ἐστι,
626 1156 660 1183 τὰ
674 1157 723 1191 μὲν
735 1157 903 1192 ἀνθρώπινα,
918 1158 952 1185 τὰ
963 1158 991 1185 δὲ

202 1200 273 1227 θεῖα.
292 1201 426 1238 Ἤρτηται
451 1201 478 1228 δὲ
505 1203 537 1229 ὲκ
552 1201 605 1228 τῶν
623 1202 701 1229 θείων
729 1203 845 1239 θάτερα’
877 1205 924 1231 καὶ
942 1204 990 1232 ἐὰν

203 1245 254 1281 μὲν
269 1246 377 1282 δέχηται
402 1247 436 1274 τὰ
465 1247 575 1282 μείζονα
593 1248 678 1280 πόλις,
691 1249 787 1276 κτᾶται
801 1251 849 1276 καὶ
864 1250 898 1277 τὰ
913 1250 991 1278 ἐλάτ-

200 1300 275 1318 τονα·
298 1294 322 1320 εί
337 1293 365 1319 δὲ
384 1293 431 1328 μὴ,
450 1293 574 1329 στέρεται
591 1294 702 1329 ἀμφοῖν.
731 1295 808 1322 Ἔστι
836 1295 864 1322 δὲ
887 1295 922 1323 τὰ
941 1297 990 1332 μὲν

200 1338 339 1370 ἐλάττονα,
355 1336 392 1365 ὧν
408 1340 513 1375 ἡγεῖται
529 1339 627 1374 ὑγίεια,
648 1340 744 1372 κάλλος
758 1341 785 1368 δὲ
808 1341 945 1378 δεύτερον,
959 1342 990 1368 τὸ

199 1384 229 1410 δὲ
245 1385 345 1420 τρίτον.
356 1386 441 1421 ίσχὺς,
453 1386 493 1417 εἷς
509 1394 538 1412 τε
550 1386 659 1422 δρόμον,
673 1387 720 1414 καὶ
733 1388 773 1419 εἰς
784 1387 834 1420 τὰς
845 1388 927 1421 ἄλλας
938 1388 990 1416 πά-

201 1437 250 1461 σας
265 1431 385 1466 κινήσεις
400 1431 439 1466 τῷ
454 1431 560 1467 σώματι
571 1440 577 1446 ’
591 1432 720 1468 τέταρτον
732 1433 760 1459 δὲ
774 1433 806 1469 δὴ
821 1433 944 1466 πλοῦτος,
957 1435 988 1461 οὐ

198 1475 307 1509 τυφλὸς,
323 1476 380 1502 ἀλλ’
394 1476 439 1509 ὀξὺ
453 1476 558 1512 βλέπων
571 1497 578 1509 ,
601 1477 687 1513 ἄνπερ
701 1477 750 1513 ἅμ’
767 1478 867 1514 ἕπηται
890 1480 990 1515 φρονὴ-

200 1529 253 1550 σει.
265 1522 296 1548 Ὂ
310 1522 342 1557 δὴ
355 1522 462 1558 πρῶτον
474 1520 506 1549 αὖ
517 1522 571 1549 τῶν
587 1523 641 1559 (85)
659 1523 739 1550 θείων
749 1524 901 1559 ἡγεμονοῦν
916 1526 989 1552 ἐστιν

198 1567 310 1601 ἀγαθῶν
323 1568 377 1604 (84)
391 1569 407 1603 ὴ
425 1569 555 1604 φρόνησις
572 1569 628 1604 (85)
639 1576 645 1582 '
659 1569 784 1605 δεύτερον
805 1570 834 1596 δὲ
846 1571 914 1606 μετὰ
927 1570 989 1597 νοῦν

1045 978 1129 1005 genus
1143 970 1327 998 instituentem
1337 968 1453 996 libenter
1466 966 1630 994 audiissem?
1643 964 1794 991 —Maxime
1806 963 1833 990 id

1044 1015 1152 1050 quidem
1168 1014 1258 1041 velim.
1268 1011 1450 1048 —Ejusmodi
1464 1010 1583 1046 ergo,mi
1598 1009 1709 1044 hospes,
1719 1012 1764 1034 tua
1774 1013 1834 1034 esse

1044 1060 1132 1087 oratio
1147 1059 1252 1087 debuit.
1282 1057 1342 1085 Non
1365 1057 1503 1084 immerito
1526 1054 1696 1083 Cretensium
1725 1053 1797 1088 leges
1817 1059 1833 1079 a

1045 1105 1146 1134 Graecis
1170 1104 1298 1133 omnibus
1321 1110 1428 1132 summa
1457 1109 1519 1130 cum
1545 1100 1625 1128 laude
1648 1099 1831 1127 celebrantur.

1044 1152 1112 1180 Nam
1127 1153 1178 1179 hoc
1196 1152 1255 1187 ipso
1267 1155 1340 1178 recte
1355 1150 1466 1177 omnino
1481 1148 1596 1176 conditaI
1609 1151 1688 1178 sunt,
1714 1145 1785 1181 quod
1799 1144 1833 1171 iis

1044 1199 1091 1235 qui
1110 1199 1206 1226 vivunt
1221 1197 1316 1225 beatos
1331 1196 1457 1227 elliciant,
1470 1195 1534 1221 dum
1549 1193 1628 1221 bouis
1641 1200 1688 1220 eos
1704 1191 1832 1219 omnibus

1044 1244 1194 1272 cumulant.
1225 1242 1332 1277 Quippe
1351 1249 1412 1269 cum
1435 1240 1490 1268 duo
1506 1240 1640 1280 bonorum
1654 1244 1752 1272 genera
1766 1236 1831 1265 sint.

1044 1291 1224 1318 humanorum
1238 1296 1334 1322 unum,
1349 1287 1461 1314 alterum
1472 1281 1637 1316 divinorum.
1649 1289 1706 1311 tum
1721 1289 1783 1310 vere
1797 1289 1831 1308 ex

1043 1337 1144 1365 divinis
1167 1335 1286 1362 humana
1310 1333 1437 1368 pendent.
1478 1332 1568 1365 Quare
1591 1338 1651 1366 qua:
1677 1328 1831 1364 respublica

1043 1381 1147 1417 majora
1166 1379 1327 1414 susceperit,
1345 1377 1439 1406 eadem
1463 1377 1570 1404 minora
1584 1383 1693 1411 quoque
1707 1373 1831 1409 posside-

1042 1428 1082 1455 bit
1097 1436 1103 1454 :
1122 1427 1164 1454 sin
1179 1431 1280 1457 autent,
1295 1425 1417 1459 utrisque
1433 1427 1524 1451 careat
1538 1429 1650 1449 necesse
1661 1425 1713 1448 est.
1731 1419 1765 1447 Et
1780 1419 1832 1446 mio

1043 1481 1110 1502 nora
1124 1473 1232 1509 quidem
1245 1475 1380 1499 vocantur
1396 1470 1441 1497 illa
1458 1476 1574 1504 quorum
1589 1467 1715 1503 princeps
1730 1470 1772 1493 est
1786 1473 1830 1493 sa-

1042 1519 1130 1552 nitas;
1143 1517 1292 1546 secundum
1308 1515 1499 1551 pulchritudo;
1518 1514 1627 1542 tertium
1644 1513 1716 1540 vires
1733 1519 1831 1546 corpo-

1042 1565 1081 1593 ris
1097 1564 1129 1592 ad
1145 1571 1256 1592 cursum
1273 1563 1396 1598 aliosque
1409 1566 1500 1589 motus
1519 1560 1680 1602 ‘obeuudos;
1700 1563 1827 1594 quartum

200 1612 316 1648 σώφρων
335 1613 423 1650 ψυχῆς
449 1614 568 1646 ἕξιςαὲκ
595 1615 624 1641 δὲ
651 1616 753 1642 τούτων
772 1616 840 1652 μετὰ
865 1617 988 1652 ἀνδρείας

1041 1611 1152 1644 divitiae,
1170 1618 1229 1646 quae
1246 1615 1301 1638 tum
1316 1609 1425 1637 demum
1439 1615 1516 1636 caecat
1530 1616 1582 1635 non
1598 1611 1687 1636 erunt.
1704 1606 1749 1634 sed
1764 1614 1830 1633 acu-

199 1658 365 1694 κραθέντων,
387 1660 477 1695 τρίτον
498 1660 530 1687 ἂν
549 1661 592 1697 εἴη
615 1661 789 1698 δικαιοσύνη”
815 1662 944 1698 τέταρτον
960 1663 988 1690 δὲ

198 1702 319 1738 ἀνδρεία.
333 1703 424 1730 Ταῦτα
432 1704 461 1730 δὲ
473 1704 562 1731 πάντα
573 1705 683 1733 ἐκείνων
693 1706 847 1742 ἔμπροσθεν
858 1708 988 1735 τέτακται

198 1749 289 1784 φύσει.
307 1749 362 1776 Καὶ
378 1750 410 1785 δὴ
429 1751 476 1777 καὶ
488 1750 526 1786 τῷ
544 1751 676 1788 νομοθέτῃ
691 1753 804 1780 τακτέον
816 1753 886 1780 οὕτω
899 1762 906 1769 ·
920 1755 988 1789 μετὰ

198 1794 229 1820 δὲ
254 1794 339 1821 ταῦτα
360 1795 409 1827 τὰς
438 1795 520 1827 ἄλλας
545 1797 706 1832 προστάξεις
730 1799 786 1829 τοῖς
803 1798 924 1831 πολίταις
947 1800 988 1831 εἰς

199 1839 285 1866 ταῦτα
300 1840 448 1875 βλεπούσας
462 1842 553 1873 αὐτοῖς
567 1840 635 1870 εἶναι
647 1843 862 1871 διακελευστέον.
879 1845 987 1872 Τούτων

198 1885 228 1912 δὲ
241 1885 274 1912 τὰ
293 1886 341 1920 μὲν
357 1886 514 1922 ἀνθρώπινα
526 1889 566 1919 είς
579 1887 613 1915 τὰ
625 1888 684 1915 θεῖα
696 1910 703 1922 ,
719 1889 752 1916 τὰ
766 1890 794 1916 δὲ
811 1890 870 1918 θεῖα
886 1892 926 1923 είς
942 1892 987 1918 τὸν

198 1932 320 1966 ἡγεμόνα
335 1932 396 1959 νοῦν
414 1933 557 1968 σύμπαντα
571 1934 663 1969 βλέπει
677 1935 743 1971 (86),
757 1937 820 1972 περί
835 1946 865 1964 τε
882 1939 988 1974 γάμους

196 1977 323 2015 ἀλλήλοις
339 1981 623 2017 ὲπικοινωνουμένους.
649 1983 726 2009 Μετὰ
739 1983 768 2010 δὲ
784 1983 870 2010 ταῦτα
885 1985 914 2011 ὲν
927 1986 987 2017 ταῖς

196 2024 253 2051 τῶν
267 2026 369 2053 παίδων
381 2027 523 2063 γεννήσεσι
534 2029 581 2054 καὶ
596 2030 710 2063 τροφαῖς
721 2049 728 2061 ,
745 2029 802 2056 ὅσοι
823 2038 853 2056 τε
875 2029 987 2065 ἄρσενες

198 2069 247 2096 καὶ
260 2069 320 2096 ὅσαι
331 2071 444 2106 θήλειαι,
462 2072 529 2099 νέων
541 2081 571 2099 τε
587 2072 671 2100 ὄντων
686 2074 734 2100 καὶ
757 2074 803 2101 ἐπὶ
818 2074 849 2101 τὺ
865 2076 986 2111 πρεσϐύ-

194 2123 277 2151 τερον
293 2117 395 2149 ἰόντων,
415 2118 495 2153 μέχρι
507 2119 600 2154 γήρως
610 2119 733 2154 τιμῶντα
749 2119 837 2155 ὀρθῶς
847 2120 986 2156 ἐπιμελεῖ-

198 2161 262 2188 σθαι
279 2162 328 2194 δεῖ,
346 2163 393 2190 καὶ
416 2164 583 2199 ἀτιμάζοντα
610 2165 639 2191 ἐν
667 2165 786 2197 ἀπάσαις
798 2167 859 2198 ταῖς
884 2166 986 2193 τούτων

196 2207 317 2243 ὁμιλίαις
333 2208 406 2244 (87)·
430 2210 480 2242 τάς
498 2219 527 2236 τε
544 2211 631 2243 λύπας
646 2211 734 2238 αὐτῶν
756 2213 801 2239 καὶ
815 2212 865 2243 τὰς
878 2213 984 2248 ἡδονὰς,

197 2255 246 2280 καὶ
261 2254 309 2285 τὰς
322 2256 479 2290 ἐπιθυμίας,
489 2256 651 2292 ξυμπάντων
665 2267 695 2284 τε
711 2257 820 2294 ἐρώτων
834 2258 884 2291 τὰς
903 2268 985 2286 σπου-

195 2301 246 2332 δὰς
257 2301 460 2337 ἐπεσκεμμένον
484 2303 531 2329 καὶ
547 2304 794 2340 παραπεφυλαχότα
806 2324 813 2336 ,
836 2304 930 2340 ψέγειν
954 2313 985 2332 τε

194 2346 295 2382 ὀρθῶς,
316 2349 363 2374 καὶ
390 2349 510 2375 ἐπαινεῖν
526 2349 561 2375 δι’
577 2350 666 2376 αὐτῶν
695 2350 749 2377 τῶν
770 2351 871 2386 νόμων.
903 2360 911 2376 ι
929 2351 985 2378 Καὶ

196 2393 268 2429 μετὰ
283 2393 385 2429 βραχέα
397 2395 473 2430 φησί.
494 2404 503 2420 ι
521 2395 644 2422 Κατιδὼν
660 2396 713 2435 Sed
727 2396 783 2428 θεὶς
796 2397 858 2428 τοὺς
874 2396 983 2431 νόμους,

195 2440 265 2466 πᾶσι
272 2440 377 2472 τούτοις
391 2441 512 2475 φύλακας
527 2442 678 2477 ἐπιστήσει,
692 2443 754 2474 τοὺς
767 2443 816 2478 μὲν
830 2443 874 2469 διὰ
887 2444 985 2478 φρονή‹

196 2493 277 2516 σεως,
289 2485 352 2516 τοὺς
367 2486 395 2512 δὲ
410 2486 443 2512 δι’
464 2486 580 2522 ἀληθοῦς
595 2487 675 2522 δόξης
696 2486 752 2522 (88)
778 2487 866 2519 ἰόντας
878 2497 884 2502 ·
910 2489 984 2519 ὅπως

234 2552 290 2589 (82)
310 2551 356 2589 Πῆ
370 2552 408 2589 δῇ
424 2551 489 2589 οὖν.
507 2552 593 2586 Plato,
610 2553 656 2589 liii.
672 2561 680 2579 ι
700 2552 774 2587 Leg.,
790 2560 851 2587 pag.
868 2553 930 2580 567.

233 2587 290 2623 (85)
310 2588 353 2617 Αὖ
368 2587 435 2615 τῶν.
463 2588 499 2615 Ita
530 2593 602 2616 recte
627 2588 703 2615 Plato
727 2596 821 2624 vocem
841 2592 984 2624 utraruun

194 2623 356 2659 distinguit;
376 2624 446 2659 male
463 2624 646 2659 eoujungchat
661 2624 734 2655 prior
748 2623 840 2650 editio.

245 2658 288 2693 84)
315 2658 456 2694 Ἀτγιθῶν.
477 2659 563 2687 Plato.
581 2658 693 2693 ἀγαθόν.

217 2693 290 2729 -(85)
311 2693 469 2729 «optimae.
484 2694 622 2721 Glossema
639 2694 721 2720 videri
737 2693 832 2728 possit.
849 2693 925 2721 Plato
947 2699 984 2721 ta-

195 2737 260 2757 men
277 2730 411 2764 ejusmodi
430 2737 510 2757 voces
521 2750 529 2762 ,
545 2729 636 2756 minus
651 2737 721 2763 saepe
737 2729 905 2757 necessarias
916 2751 924 2763 ,
943 2730 983 2756 iu-

195 2764 306 2792 culcare
325 2766 402 2792 solet.

233 2800 289 2835 (86)
310 2798 428 2827 Βλέπει,
443 2799 530 2831 Plato,
546 2800 667 2834 βλέπειν,
686 2800 759 2834 quod
780 2799 866 2833 magis
886 2800 982 2835 probo.

195 2835 264 2867 Qua:
281 2833 436 2869 ‘sequuntur
452 2833 563 2868 traiecta
590 2833 715 2862 nonnihil
736 2835 871 2861 videntur.
891 2833 983 2869 Itaque

196 2871 286 2912 legere
309 2871 399 2912 item"!
427 2870 545 2912 βλέπειν.
568 2870 646 2910 Μετὰ
662 2870 690 2896 δὲ
713 2871 816 2912 ταῦτα,
836 2870 898 2905 περὶ
920 2871 982 2902 τοὺς

196 2905 302 2940 γάμους
317 2905 374 2931 ἀλλ.
390 2907 463 2931 ὲπικ.
482 2907 510 2931 ἐν
525 2907 584 2936 ταῖς
599 2906 654 2932 τῶν
673 2906 756 2937 παίδ.,
772 2910 823 2932 etc.

234 2940 291 2974 ι87)
318 2941 467 2975 Ὁμιλίιιις.
482 2941 519 2968 Ita
534 2941 583 2969 hoc
602 2942 752 2969 membrum
774 2950 788 2967 ιι
806 2941 980 2975 sequentibus

1042 1657 1148 1685 tissimo
1173 1656 1232 1683 visu
1255 1654 1383 1690 praeditas,
1404 1654 1426 1681 si
1450 1653 1532 1681 modo
1550 1651 1700 1687 prudentia:
1716 1659 1828 1678 manum

1040 1707 1198 1739 sequentur.
1217 1701 1283 1735 Quae
1291 1701 1400 1736 quidem
1414 1699 1732 1735 prudentia,divinorum
1747 1699 1830 1726 etiam

1039 1751 1175 1778 bonorum
1191 1748 1247 1776 dux
1271 1748 1395 1783 quaedam
1419 1751 1477 1780 est;
1506 1753 1586 1781 quam
1612 1745 1694 1773 veluti
1711 1749 1829 1771 mentem

1039 1796 1162 1831 proxime
1178 1795 1302 1830 sequitur
1323 1796 1452 1821 constans
1471 1792 1554 1820 animi
1576 1791 1754 1826 temperantia
1770 1799 1776 1818 :
1795 1798 1828 1817 ex

1038 1842 1073 1870 iis
1088 1841 1194 1869 duabus
1216 1847 1278 1868 cum
1302 1838 1462 1867 fortitudine
1483 1837 1636 1873 conjunctis
1650 1838 1757 1864 exsistit
1781 1836 1828 1870 ju-

1039 1887 1129 1921 stitia;
1147 1894 1215 1922 quas
1229 1886 1346 1920 denique
1362 1892 1456 1912 omnes
1471 1883 1601 1911 fortitudo
1622 1883 1731 1918 excipit.
1762 1883 1827 1910 Ilaec

1039 1935 1131 1962 omnia
1164 1932 1292 1960 humanis
1319 1931 1373 1958 illis
1396 1935 1500 1958 natura:
1529 1930 1662 1966 dignitate
1686 1933 1826 1965 prmstant.

1039 1979 1171 2013 Quocirca
1192 1979 1216 2006 is
1231 1978 1312 2005 etiam
1339 1977 1407 2004 ordo
1423 1975 1572 2012 legislatori
1597 1976 1748 2003 servandus
1764 1976 1825 2002 erit.

1039 2025 1140 2052 Deinde
1153 2031 1218 2051 vero
1230 2024 1303 2051 cives
1318 2023 1379 2050 aliis
1392 2022 1541 2055 institutis,
1558 2029 1618 2057 quae
1631 2026 1720 2048 tamen
1736 2021 1826 2056 priora

1038 2078 1144 2106 semper
1160 2070 1205 2097 illa
1220 2073 1352 2105 spectent,
1366 2067 1539 2100 informabit;
1565 2068 1601 2095 ita
1613 2067 1722 2102 quidem
1738 2071 1767 2094 ut
1784 2075 1826 2094 res

1038 2117 1164 2144 humanm
1188 2115 1222 2144 ad
1239 2115 1354 2147 divinas,
1382 2115 1415 2142 ad
1431 2119 1548 2142 mentem
1564 2114 1714 2150 principem
1729 2113 1826 2140 divina:

1038 2171 1133 2191 omnes
1148 2162 1313 2190 referantur.
1329 2161 1441 2194 Deinde,
1453 2161 1554 2189 mutuis
1571 2160 1672 2196 nuptiis
1686 2161 1756 2187 inter
1767 2167 1827 2187 sese

1037 2209 1195 2241 contractis,
1220 2208 1437 2244 procreationem
1464 2207 1708 2241 educationcmque
1726 2206 1824 2233 libero-

1038 2263 1098 2283 rum
1114 2255 1236 2283 studiose
1249 2254 1367 2286 curabit,
1384 2258 1411 2281 et
1424 2262 1472 2282 seu
1487 2261 1577 2281 mares
1592 2253 1629 2280 illi
1646 2252 1761 2284 fuerint,
1777 2260 1824 2278 seu

1037 2301 1154 2334 feminae,
1167 2301 1299 2337 quidquid
1316 2301 1350 2328 ab
1365 2300 1400 2327 iis
1416 2300 1457 2328 vel
1473 2299 1701 2332 adolescentibus,
1712 2299 1753 2325 vel
1766 2298 1823 2333 jam

1035 2352 1113 2376 aetate
1128 2347 1333 2379 maturioribus,
1351 2346 1384 2373 ad
1403 2347 1488 2382 ipsam
1505 2354 1592 2382 usque
1606 2350 1783 2375 senectutem,
1797 2345 1824 2371 in

1037 2399 1131 2421 mutua
1147 2394 1345 2421 consuetudine
1357 2397 1430 2421 recte
1446 2400 1559 2420 secusve
1574 2392 1630 2422 ﬁat.
1647 2392 1759 2418 alterum
1776 2391 1825 2417 ho-

1036 2446 1102 2466 nore
1118 2438 1228 2470 afﬁciet.
1245 2439 1359 2466 alterum
1375 2438 1524 2474 ignominia
1542 2447 1548 2464 :
1568 2437 1650 2465 simul
1663 2437 1745 2464 etiam
1758 2435 1824 2471 quid

1035 2484 1069 2511 iis
1082 2488 1130 2510 aut
1144 2484 1230 2511 dolori
1246 2484 1292 2517 sit,
1307 2487 1354 2511 aut
1365 2484 1508 2518 voluptati,
1525 2483 1624 2519 quibus
1639 2483 1681 2510 vel
1694 2482 1825 2517 cupidita-

1034 2552 1256 2587 distinguendum
1274 2561 1374 2581 :secus
1395 2561 1449 2580 non
1467 2552 1534 2580 levis
1551 2556 1592 2579 est
1615 2551 1756 2585 sententia:
1778 2551 1820 2577 fu-

1035 2592 1096 2614 tura
1114 2588 1290 2622 perturbatio,
1307 2593 1336 2615 ut
1351 2596 1385 2615 ex
1401 2588 1485 2615 Ficiui
1500 2587 1624 2615 versione
1636 2593 1760 2614 constare
1773 2595 1821 2621 po-

1037 2627 1098 2649 test.
1120 2621 1187 2649 Nam
1201 2631 1262 2657 qua:
1276 2628 1443 2658 sequuntur.
1469 2623 1504 2649 ita
1519 2622 1608 2650 reddit
1623 2631 1630 2649 :
1647 2621 1747 2649 Contra
1762 2630 1822 2649 vero

1034 2657 1136 2684 dolores
1146 2678 1153 2689 ,
1173 2657 1322 2692 voluptates
1335 2663 1360 2686 ει
1371 2658 1537 2692 cupiditates,
1556 2658 1585 2684 in
1598 2658 1669 2684 omni
1685 2665 1823 2684 conuersa-

1035 2693 1103 2719 tione
1118 2691 1266 2728 vituperet,
1293 2698 1345 2721 etc.
1361 2691 1444 2728 Atqui
1468 2694 1575 2720 uolebat
1602 2692 1678 2720 Plato
1699 2693 1820 2722 dolorem

1034 2735 1144 2756 omnem
1168 2733 1216 2756 aut
1244 2737 1353 2756 omnem
1375 2729 1458 2756 animi
1490 2733 1701 2757 commotionem
1729 2736 1822 2763 repre-

1035 2764 1132 2804 hendi,
1159 2764 1206 2804 sed
1222 2765 1311 2799 potius
1327 2765 1444 2804 quodin
1459 2772 1566 2799 quaque
1582 2769 1685 2804 rectum
1701 2763 1819 2804 laudari,

1037 2800 1183 2834 vituperari
1197 2805 1291 2827 contra
1303 2802 1376 2835 quod
1388 2800 1526 2832 vitiosum,
1541 2805 1569 2827 ut
1581 2808 1615 2827 ex
1626 2799 1821 2834 disputationis

1035 2840 1160 2862 contextu
1179 2835 1321 2863 manifeste
1337 2841 1417 2870 patet.

1071 2870 1124 2905 (88)
1144 2871 1284 2904 Ἁυῑηθοῦς
1301 2871 1404 2904 δόξης.
1418 2869 1538 2901 Ficinus,
1551 2879 1610 2897 rem
1627 2870 1756 2905 opinione.
1769 2869 1820 2905 Sed

1035 2913 1095 2939 qua:
1117 2906 1224 2932 tandem
1238 2914 1299 2933 vera
1318 2907 1374 2932 hare
1400 2906 1511 2940 opinio?
1528 2905 1558 2932 Et
1571 2906 1593 2932 si
1611 2904 1663 2940 qua
1680 2910 1738 2935 est.
1755 2904 1821 2939 quid

1035 2949 1094 2968 cam
1119 2942 1187 2969 inter
1211 2942 1435 2977 prudentiamque
1462 2939 1647 2969 discriminis?
1669 2941 1736 2972 Δόξα
1760 2939 1820 2971 hic,
