2078 3207
241 183 294 212 979

540 183 675 211 EL'SEBll
692 183 930 211 CIESARIENSIS
944 183 1019 211 OPP.
1042 184 1131 212 PARS
1151 184 1183 212 ll.
1202 200 1238 205 —
1258 184 1509 215 APOLOGETICA.

1810 189 1863 217 98f,

240 242 324 274 tibus,
341 242 384 269 vel
398 242 538 269 amoribus
564 241 720 276 indulgeant
746 242 860 269 solerter
882 242 1023 276 explorans

1079 243 1168 270 πάντα
1189 243 1275 270 ταῦτα
1294 243 1426 280 ξυνδήσας
1438 245 1453 270 ὁ
1468 244 1529 277 νοῦς
1542 265 1549 277 ,
1565 245 1686 282 ἑπόμενα
1704 248 1864 283 σωφροσύνῃ

240 294 321 325 atque
337 290 496 322 observans,
523 289 599 321 suis,
621 293 649 316 ut
671 296 720 324 par
736 293 788 321 est,
814 289 918 324 legibus
943 297 1025 323 prava

239 336 330 362 olnnia
356 335 542 370 reprehendet,
567 335 744 370 laudabitque
771 334 920 362 contraria.
937 343 947 360 ι
963 333 1025 362 Haec

240 381 325 414 Plato,
345 382 391 415 qui
418 381 511 416 paucis
536 381 694 416 interjectis,
719 388 815 408 rursus
831 381 868 408 ita
883 380 1026 416 prosequi-

240 434 293 455 tur.
314 437 323 453 ι
343 428 390 455 llis
401 427 540 462 legislator
556 428 677 455 studiose
690 428 818 463 provisis,
834 435 882 455 eos
900 428 1024 456 omnium

239 473 364 500 custodes
379 481 410 500 ac
423 472 564 507 praefectos
579 472 688 508 deliget,
706 480 776 508 quos
795 473 892 508 partim
907 473 1024 508 pruden-

238 519 292 550 tiae,
308 518 406 552 partim
423 525 494 545 vera:
511 517 600 545 laudis
615 517 686 545 viam
704 517 836 545 institisse
848 518 1024 554 cognoverit:

238 568 268 589 ιιι
280 570 311 589 ea
327 569 403 590 mens
414 562 539 589 universa
552 562 607 597 jam
621 567 683 598 apta
693 570 725 589 ex
740 570 800 590 sese
810 567 890 597 atque.
902 570 1025 590 connexa

237 607 371 641 ejusmodi
386 606 497 639 elﬁciat,
514 614 574 641 qua:
591 607 774 642 temperantia:
790 606 879 642 potius
891 611 971 642 atque
984 607 1026 642 ju-

237 653 328 685 stitim,
343 660 424 688 quam
442 653 598 680 divitiarum
618 657 665 679 aut
680 653 838 680 ambitionis
857 652 968 679 ductum
983 661 1026 680 se-

235 703 366 733 quantur.
384 698 464 733 590
479 698 517 725 En
529 717 537 730 ,
552 698 672 733 hospites
695 698 870 730 suavissimi,
896 699 1025 734 quemad-

237 745 348 773 modum
372 752 420 772 vos
435 745 526 780 etjam
543 750 605 772 ante
620 745 780 776 voluissem,
805 750 832 773 et
856 753 929 772 nunc
943 744 1024 771 etiam

236 790 349 817 omnino
367 790 444 816 velim
461 797 607 824 exponere,
622 795 652 817 ut
666 790 693 817 in
705 790 750 822 iis,
763 797 832 824 quas
851 793 960 821 vocant,
978 788 1025 815 Jo-

236 836 277 864 vis
292 840 319 863 et
335 835 425 871 Pythii
450 835 584 870 Apollinis
601 835 726 870 legibus,
743 843 812 870 quas
834 834 921 862 Minos
933 839 959 862 et
974 834 1025 869 Ly-

236 889 336 916 curgus
363 881 554 913 condiderunt,
582 881 639 909 hac
662 881 754 908 omnia
768 880 859 908 locum
885 881 1022 908 habeant:

236 927 329 959 simul,
348 932 377 955 ut
393 927 416 954 is
432 927 514 955 modo
529 928 574 962 qui
592 927 633 954 vel
649 932 717 960 arte,
730 928 771 955 vel
787 935 839 954 usu
853 926 971 961 quodam
986 926 1024 953 le-
1041 917 1062 943 Β

236 982 299 1008 gum
317 974 439 1008 peritiam
465 974 578 1008 adeptus
599 973 696 1006 fuerit,
727 974 800 1001 hunc
817 974 844 1000 in
862 973 928 1008 ipsis
942 980 1023 1008 quem

235 1021 406 1055 postulamus
421 1020 545 1048 ordinem
561 1020 642 1048 facile
662 1021 857 1056 deprehendat,
873 1027 954 1055 quem
975 1027 1024 1046 nos

237 1071 326 1093 tamen
344 1073 491 1101 agnoscere
505 1066 579 1094 nulla
597 1067 702 1094 ratione
725 1066 874 1101 possimus.
894 1075 903 1092 ι
928 1064 1024 1091 Hacte-

236 1121 288 1140 nus
312 1112 366 1139 ille.
393 1111 447 1140 Nec
461 1112 586 1147 absimile
610 1113 719 1147 quidem
732 1117 774 1140 est
788 1112 861 1148 quod
887 1111 958 1146 apud
975 1117 1025 1137 nos

1077 290 1123 315 καὶ
1135 289 1291 325 δικαιοσύνῃ
1305 290 1442 326 ἀποφήνῃ,
1457 291 1524 318 ἀλλὰ
1537 291 1573 327 μὴ
1587 292 1695 327 πλούτῳ
1709 292 1775 327 μηδὲ
1791 292 1865 326 φιλο-

1076 335 1164 370 τιμίᾳ.
1182 335 1275 366 Οὖτως
1285 355 1292 367 ,
1313 332 1336 361 ὦ
1351 335 1432 368 ξένοι,
1450 336 1537 371 ἔγωγε
1550 337 1646 373 ἠθελον
1660 338 1693 364 ἂν
1708 338 1790 372 ὑμᾶς,
1817 337 1864 364 καὶ

1076 379 1116 406 ἑτι
1143 379 1190 406 νῦν
1215 379 1345 415 βούλομαι
1361 380 1516 413 διεξελθεῖν,
1532 381 1590 414 πῶς
1615 383 1644 408 ὲν
1660 383 1716 414 τοῖς
1740 382 1785 408 τοῦ
1803 382 1863 414 Διὸς

1076 425 1231 461 λεγομένοις
1250 426 1352 461 νόμοις,
1365 428 1420 458 τοῖς
1436 435 1466 453 τε
1490 427 1538 454 τοῦ
1560 427 1660 454 Πυθίου
1687 428 1863 460 Ἀπόλλωνος,

1075 470 1123 502 οὓς
1134 470 1226 503 Μίνως
1237 479 1266 497 τε
1283 471 1330 497 καὶ
1343 471 1500 507 Λυκοῦργος
1514 472 1620 509 ἐθέτην,
1635 473 1721 499 ἔνεστί
1732 482 1761 500 τε
1776 474 1863 500 πάντα

1075 516 1172 549 ταῦτα,
1201 517 1248 544 καὶ¹
1264 517 1317 553 ὅπη
1347 517 1402 553 (89)
1419 517 1495 550 τάξιν
1523 519 1651 554 εἰληφότα
1680 519 1733 555 (90)
1753 520 1864 556 διάδηλά

1076 562 1134 588 ἐστι
1156 561 1195 596 τῷ
1218 562 1281 597 περὶ
1309 562 1397 598 νόμων
1422 564 1556 598 ἐμπείρῳ,
1571 564 1652 600 τέχνῃ
1678 573 1707 591 τε
1725 565 1771 591 καί
1794 574 1864 592 τισιν

1076 607 1148 634 ἔθεσι
1159 616 1166 622 ·
1182 609 1237 639 τοῖς
1249 608 1278 634 δὲ
1290 607 1379 640 ἄλλοις
1396 610 1461 644 ἡμῖν
1478 609 1534 644 (91)
1551 610 1676 645 οὐδαμῶς
1697 612 1754 637 ἐστι
1779 620 1864 638 κατα-

1077 653 1159 688 φανῆ.
1180 663 1190 679 ι
1207 653 1262 679 Καὶ
1277 654 1342 689 παρ’
1366 655 1432 689 ἡμῖν
1447 654 1475 681 δὲ
1492 655 1598 690 εἴρηται
1609 664 1615 670 ”
1635 665 1643 680 ι
1663 657 1772 691 Ζητεῖτε
1788 657 1865 692 πρῶ-

1075 708 1120 726 τον
1132 699 1180 734 τὴν
1197 699 1344 734 βασιλείαν,
1358 701 1405 726 καὶ
1418 700 1590 736 δικαιοσύνην
1615 701 1669 737 (9‘2)
1682 722 1690 733 ,
1706 702 1752 729 καὶ
1775 703 1865 730 πάντα.

1075 744 1160 771 ταῦτα
1177 745 1390 780 προστεθήσεται
1402 746 1474 781 ὑμῖν.
1488 757 1497 772 ι
1514 747 1594 772 Ἀλλὰ
1605 748 1650 773 καὶ
1660 748 1779 783 Μωῡσῆς
1796 748 1864 774 πολὺ

1076 790 1218 826 πρότερον,
1233 790 1287 816 ἀπὸ
1299 791 1348 826 τῆς
1362 792 1426 826 περὶ
1437 791 1505 818 Θεοῦ
1521 792 1694 824 διδασκαλίας
1710 793 1759 828 τὴν
1775 794 1864 829 ἀρχὴν

1076 836 1269 871 πεποιημένος,
1287 836 1349 871 ἑξῆς
1365 845 1393 863 τε
1411 838 1568 873 ἐφαρμόσας
1582 839 1630 874 τὴν
1643 839 1702 865 κατ’
1720 840 1800 866 αὐτὸν
1816 849 1865 866 πο-

1076 881 1187 913 λιτείαν,
1217 881 1263 908 καὶ
1278 881 1313 908 τὰ
1337 883 1401 916 περὶ
1417 883 1586 918 συμϐολαίων
1608 885 1654 910 καὶ
1676 884 1711 910 τὰ
1739 885 1863 920 περὶτοῦ

1077 926 1165 953 κοινοῦ
1183 926 1238 956 βίου
1254 927 1366 963 νόμιμα,
1383 929 1439 960 τοῖς
1455 929 1537 955 πᾶσιν
1554 929 1686 965 ἄρχοντας
1705 930 1751 956 καὶ
1776 931 1862 965 φύλα-

1078 980 1129 1003 κας
1139 972 1282 1008 καθίστησι
1295 974 1358 1005 τοὺς
1372 973 1411 1008 τῷ
1426 974 1485 1009 Θεῷ
1502 975 1682 1010 ἱερωμένους,
1699 976 1736 1007 ὡς
1758 977 1804 1003 καὶ
1829 977 1864 1003 τὰ

1077 1018 1155 1052 λόγια
1166 1018 1295 1050 διδάσκει,
1313 1019 1410 1055 ἄνδρας
1434 1020 1568 1054 δικαίους,
1597 1022 1742 1057 μισοῦντας
1761 1023 1864 1058 ὑπερη-

1078 1063 1190 1097 φανείας
1201 1083 1208 1095 ,
1232 1063 1295 1095 τοὺς
1314 1065 1362 1098 μὲν
1379 1064 1423 1091 διὰ
1442 1066 1609 1100 φρονήσεως,
1626 1067 1688 1099 τοὺς
1704 1066 1731 1093 δὲ
1747 1067 1780 1093 δι’
1797 1067 1863 1102 ἁλη-

1079 1109 1142 1140 θοῦς
1152 1109 1230 1144 δόξης
1246 1109 1343 1141 ἰόντας.

236 1159 367 1194 scriptum
382 1158 513 1191 habetur,
532 1167 542 1184 ι
559 1158 676 1192 Quaerite
699 1159 817 1194 primum
834 1165 948 1193 regnum
966 1155 1025 1189 Dei,
1044 1155 1214 1190 etjustitiam
1226 1155 1296 1190 ejus,
1309 1160 1336 1182 et
1353 1156 1410 1184 haec
1427 1158 1518 1185 omnia
1543 1158 1705 1193 adjicientur
1719 1159 1795 1186 vobis
1809 1159 1862 1187 ⁸³.»

235 1204 307 1237 Quin
329 1209 357 1233 et
378 1204 437 1240 ipse
455 1212 563 1240 quoque
584 1204 691 1240 Moyses
713 1210 788 1233 tanto
810 1209 872 1232 ante
902 1205 937 1232 ab
959 1211 991 1232 ea
1019 1203 1141 1230 doctrina
1164 1210 1225 1238 quae
1248 1202 1332 1230 Deum
1360 1204 1449 1238 ipsum
1474 1204 1633 1240 praedicaret
1657 1213 1785 1238 exorsus,
1815 1207 1862 1233 ubi

236 1259 292 1279 suae
313 1251 440 1287 deinceps
465 1251 620 1287 reipublicae
636 1252 764 1285 formam,
785 1257 813 1280 et
835 1251 967 1288 quidquid
983 1250 1026 1278 vel
1044 1250 1079 1278 ad
1100 1249 1256 1278 contractus
1273 1254 1403 1283 mutuos,
1425 1251 1467 1278 vel
1490 1251 1523 1278 ad
1541 1252 1695 1279 communis
1726 1252 1788 1279 vitae
1815 1260 1862 1279 ra—

235 1297 323 1325 tiones
347 1302 374 1326 et
399 1298 523 1325 instituta
539 1298 707 1333 pertinebat,
723 1299 756 1326 ad
775 1299 840 1326 illud
858 1298 1024 1334 principium
1044 1301 1106 1333 apte
1131 1301 1368 1332 consentaneeque
1389 1297 1512 1332 digessit,
1540 1302 1597 1325 tum
1622 1299 1743 1326 omnium
1768 1304 1861 1327 custo-

235 1343 284 1370 des
301 1344 495 1381 prxfectosque
520 1349 605 1378 creat,
623 1345 697 1373 viros
713 1350 739 1373 et
770 1345 822 1381 ipsi
836 1345 893 1373 Deo
909 1349 1097 1377 consecratos,
1114 1347 1142 1372 et
1155 1343 1384 1379 quemadmodum
1408 1343 1546 1379 Scriptura
1568 1349 1695 1376 testatur,
1725 1350 1754 1372 ut
1776 1346 1862 1380 :equL

236 1394 291 1417 tate
314 1394 483 1424 praestantes,
512 1391 551 1418 sic
574 1391 609 1419 ab
635 1392 708 1420 omni
733 1393 887 1429 arrogantia
911 1400 1024 1428 prorsus
1058 1392 1180 1425 alienos,
1206 1399 1330 1428 quosque
1353 1392 1451 1427 partim
1477 1392 1636 1428 prudentiae,
1664 1394 1761 1428 partim
1790 1401 1863 1421 vene

237 1437 323 1464 laudis
338 1437 410 1465 viam
424 1437 556 1466 institisse
569 1444 742 1474 cognoverat.

519 1485 633 1513 CAPUT
657 1485 739 1514 XVII.

231 1531 322 1562 .Quam
339 1531 498 1568 praeclarum
515 1533 549 1558 sit
572 1540 666 1566 pueras
690 1542 707 1560 α
734 1533 821 1568 prima
841 1535 931 1561 statim
944 1538 1022 1561 wtate

342 1566 393 1600 piis
408 1566 586 1602 religiosisque
603 1568 717 1594 moribus
734 1566 915 1603 assuefacere.

273 1621 282 1636 4
301 1606 431 1646 Equidem
443 1632 450 1645 ,
467 1612 556 1648 inquit
569 1612 660 1646 Plato,
679 1614 719 1641 sic
735 1619 834 1647 statuo,
860 1621 1023 1649 quacunque

235 1665 264 1684 re
279 1662 406 1692 praestare
422 1658 484 1693 quis
500 1659 564 1686 olim
581 1664 607 1686 et
620 1660 752 1688 excellere
767 1661 893 1693 voluerit,
911 1661 937 1687 in
953 1661 1023 1687 hanc

236 1704 287 1739 ipsi
300 1705 356 1738 jam
369 1704 431 1731 inde
446 1712 461 1730 a
476 1705 568 1738 pueris
582 1705 792 1732 incumbendum
809 1713 880 1736 esse,
899 1711 980 1741 atque
995 1706 1023 1732 in

236 1749 270 1777 iis
283 1758 343 1785 qua:
354 1757 415 1777 cum
428 1749 472 1776 illa
485 1750 628 1785 conjuncta
642 1755 715 1782 sunt,
730 1756 786 1777 tum
803 1751 950 1784 lusitando,
965 1756 1022 1779 tum

235 1797 308 1823 serio
323 1796 499 1831 studioseque
510 1796 685 1824 versandum.
701 1796 806 1832 Quippe
820 1798 866 1832 qui
882 1797 923 1825 vel
935 1797 1023 1826 bonus

235 1842 365 1879 agricola,
379 1842 421 1869 vel
438 1842 541 1877 peritus
557 1843 722 1871 architectus
737 1851 798 1871 esse
811 1844 892 1876 volet,
909 1845 982 1872 hunc
995 1845 1022 1872 in

235 1887 384 1922 puerilibus
408 1888 571 1923 quibusdam
592 1889 729 1922 aediculis,
755 1890 830 1917 illum
855 1890 881 1918 in
908 1891 1023 1919 colendo

235 1941 301 1967 agro
319 1933 412 1961 ludere
426 1934 572 1968 oportebit,
589 1942 658 1969 quos
676 1935 789 1971 proinde
803 1936 849 1972 qui
866 1937 1023 1965 educandos

235 1979 465 2019 suscrperit,eum
482 1987 530 2007 sua
542 1980 640 2015 cuique
652 1981 714 2008 licet
728 1981 826 2017 exigua
843 1983 966 2017 quaedam
982 1983 1024 2010 in-

235 2029 396 2059 strumenta,
412 2033 473 2060 quae
488 2033 550 2053 vera
567 2026 611 2053 illa
629 2026 769 2054 imitentur
781 2048 788 2061 ,
802 2035 962 2063 comparare
976 2037 1023 2057 ne-

235 2080 312 2100 cesse
327 2072 388 2099 erit.
420 2071 570 2104 Przeterea,
589 2073 721 2109 quidquid
738 2082 800 2101 eum
824 2074 852 2102 in
866 2076 945 2102 linem
961 2079 1024 2103 ante

235 2119 306 2146 scire
320 2127 388 2153 opus
403 2124 454 2151 est,
470 2119 547 2154 prius
564 2120 676 2148 omnino
691 2121 898 2154 perdiscendum
918 2131 925 2149 :
939 2126 969 2149 ut
982 2121 1024 2149 fac

235 2165 285 2192 bro
301 2172 436 2193 mensura:
460 2166 634 2201 amussisque
649 2167 768 2194 rationes
792 2169 926 2200 tenendae,
943 2169 1022 2196 militi

235 2218 309 2237 nunc
330 2211 393 2239 ludo
409 2211 585 2246 equitandum
600 2231 608 2244 ,
635 2220 708 2239 nunc
725 2212 752 2239 id
768 2221 853 2248 genus
869 2214 943 2240 aliud
957 2214 1022 2249 quid

1332 1482 1529 1509 ΚΕΦΑΛΑΙΟΝ
1551 1483 1599 1509 lZ'.

1077 1531 1141 1557 ’Ὅτι
1151 1529 1247 1557 καλὸν
1262 1529 1296 1561 ἐξ
1310 1528 1353 1556 ἐτι
1364 1529 1436 1561 νέιις
1449 1529 1569 1562 ἡλικίας
1585 1528 1656 1561 τοὺς
1674 1528 1782 1560 παῖδας
1799 1528 1861 1561 τοῖς

1172 1565 1239 1600 ’τῆς
1253 1564 1424 1596 θεοσεϐείας
1439 1564 1541 1592 ἔθεσιν
1553 1564 1753 1599 ἐγγυμνάζειν.

1112 1621 1121 1638 ι
1142 1611 1220 1646 Λέγω
1233 1609 1278 1638 οὖν
1292 1610 1348 1646 (93)
1362 1610 1407 1637 καί
1423 1619 1493 1646 φημι
1506 1610 1550 1636 τὸν
1563 1610 1650 1637 ὁτιοῦν
1662 1610 1762 1644 ἀγαθὸν
1777 1610 1860 1644 ἄνδρα

1075 1657 1204 1694 μέλλοντα
1215 1657 1334 1688 ἔσεσθαι,
1350 1657 1423 1683 τοῦτ’
1440 1657 1505 1683 αὐτὸ
1521 1657 1553 1683 ἐκ
1570 1656 1672 1682 παίδων
1689 1656 1768 1686 εὐθὺς
1783 1656 1860 1691 μελε-

1074 1705 1134 1740 τᾷν,
1151 1703 1284 1735 παίζοντά
1296 1712 1326 1729 τε
1345 1703 1391 1730 καὶ
1402 1703 1585 1735 σπουδάζοντα
1599 1704 1628 1729 ὲν
1646 1705 1702 1735 τοῖς
1722 1703 1768 1729 τοῦ
1792 1703 1861 1738 πρά-

1074 1759 1090 1784 γ
1097 1758 1180 1785 ματος
1193 1749 1306 1776 ἑκάστου
1319 1749 1512 1785 προσήκουσιν.
1524 1747 1586 1776 Οἷον
1594 1749 1637 1775 τὸν
1647 1750 1776 1784 μέλλοντα
1791 1750 1860 1783 ἀγα-

1074 1795 1119 1822 θὸν
1131 1795 1238 1821 ἔσεσθαι
1255 1795 1387 1830 γεωργὸν,
1402 1795 1419 1830 ἣ
1435 1803 1496 1822 τινα
1509 1795 1648 1830 οἰκοδόμον
1659 1804 1665 1810 ·
1685 1796 1730 1822 τὸν
1752 1796 1801 1831 μὲν
1821 1796 1860 1821 οἱ-

1075 1839 1240 1876 κοδομοῦντά.
1253 1849 1279 1866 τι
1290 1839 1345 1866 τῶν
1362 1840 1496 1866 παιδικῶν
1511 1840 1735 1876 οἰκοδομημάτων
1752 1840 1860 1872 παίζειν

1074 1886 1142 1922 χρή·
1158 1886 1203 1913 τὸν
1218 1886 1240 1912 δ’
1264 1883 1297 1912 αὖ
1311 1886 1484 1921 γεωργοῦντα
1496 1894 1503 1901 ·
1531 1887 1578 1913 καὶ
1605 1886 1708 1922 δργανα
1738 1886 1860 1921 ἑκατέρῳ

1075 1931 1178 1967 σμικρὰ
1188 1931 1242 1958 τῶν
1254 1931 1388 1966 ἀληθινῶν
1408 1932 1553 1967 μιμήματα
1574 1932 1792 1966 παρασκευάζειν
1813 1933 1860 1958 τὸν

1073 1976 1205 2012 τρέφοντα
1217 1977 1304 2003 αὐτῶν
1319 1977 1458 2013 ἑκάτερον,
1475 1978 1528 2003 Καὶ
1539 1977 1572 2013 δὴ
1586 1977 1633 2004 καὶ
1650 1977 1704 2003 τῶν
1731 1977 1859 2012 μαθημά-

1073 2031 1126 2050 των
1152 2024 1202 2050 ὅσα
1216 2025 1352 2057 ἀναγκαῖα
1370 2023 1620 2059 προμεμαθηκέναι,
1639 2024 1841 2059 προμανθάνειν
1852 2032 1858 2038 ·

1072 2067 1128 2095 οἷον
1143 2069 1256 2096 τέκτονα
1268 2070 1386 2104 μετρεῖν,
1404 2069 1420 2104 ἢ
1438 2068 1624 2104 σταθμᾶσθαι,
1649 2069 1695 2095 καὶ
1713 2069 1860 2104 πολεμικὸν

1074 2115 1198 2141 ἱππεύειν
1214 2115 1354 2148 παίζοντα,
1369 2116 1386 2150 ἡ
1400 2124 1425 2141 τι
1449 2115 1503 2140 τῶν
1523 2114 1651 2142 τοιούτων
1671 2114 1735 2141 ἄλλο
1751 2114 1860 2140 ποιοῦν-

1073 2170 1106 2188 τα
1120 2161 1175 2197 (94)
1187 2170 1194 2177 ’
1207 2162 1254 2188 καὶ
1271 2162 1414 2197 πειρᾶσθαι
1428 2161 1472 2188 διὰ
1496 2161 1550 2187 τῶν
1567 2161 1678 2187 παιδιῶν
1694 2162 1781 2187 ἐκεῖσε
1794 2161 1859 2196 τρέ-

1075 2215 1136 2233 πειν
1149 2207 1199 2239 τὰς
1214 2207 1311 2242 ἡδονὰς
1330 2208 1377 2233 καὶ
1389 2206 1536 2242 ἐπιθυμίας
1552 2206 1605 2233 τῶν
1619 2207 1721 2233 παίδων
1733 2227 1741 2237 ,
1757 2204 1784 2232 οἵ
1796 2207 1861 2240 ἀφι-

235 2257 403 2284 actitandum
419 2267 426 2285 :
442 2265 564 2293 prorsus,
582 2263 612 2285 ut
624 2258 683 2293 ipso
696 2267 805 2294 quoque
823 2260 899 2287 lusus
913 2269 1020 2295 genere,

1075 2251 1206 2287 κομένους
1224 2251 1321 2283 αὐτοὺς
1333 2251 1374 2278 δεῖ
1384 2251 1552 2286 τέλοςὲχειν.
1573 2252 1727 2286 Κεφάλαιον
1742 2251 1770 2278 δὲ
1795 2260 1860 2278 παι-

235 2303 387 2339 voluptates
403 2311 436 2331 eo
451 2305 669 2340 cupiditatesque
686 2314 831 2340 puerorum
851 2307 959 2335 flectere
974 2316 1022 2335 co-

235 2358 341 2382 nemur,
358 2358 413 2385 quo
428 2351 536 2378 tandem
553 2359 600 2379 eos
614 2356 745 2387 tanquam
760 2353 793 2380 ad
808 2354 889 2381 tinem
902 2354 1023 2389 aspirare

270 2420 295 2436 ⁸³
314 2420 410 2449 Matth.
427 2429 465 2455 vr,
482 2421 526 2449 55.

235 2477 343 2511 opinor,
357 2478 442 2512 gloria
456 2483 510 2508 est.
535 2479 619 2506 multa
641 2481 714 2506 enim
729 2479 807 2506 Plato
820 2480 853 2507 de
877 2481 956 2508 laude
971 2481 1021 2508 ho-

236 2513 321 2552 nestis
340 2513 493 2541 actionibus
515 2514 657 2555 tribuenda
677 2515 880 2555 disputaverat,
901 2517 1022 2550 adeoque

236 2547 358 2607 protxime
378 2553 439 2576 ante
464 2549 596 2582 κατιδών,
628 2549 654 2576 in
682 2547 729 2577 ου’
738 2550 874 2585 praecipue
897 2547 1021 2579 versatus

236 2589 280 2607 era
297 2601 303 2607 .

235 2589 303 2608 erat.

272 2617 327 2650 (89)
347 2617 423 2644 Plato
435 2619 496 2646 add.
514 2619 584 2646 τινά.

272 2653 327 2690 (ξω)
350 2652 438 2684 Τάξιν
453 2655 607 2690 εἰληφότα.
632 2654 717 2690 Εἰρὶη.
728 2676 736 2688 ,
751 2660 776 2682 et
793 2664 909 2690 quonam
929 2656 1021 2683 ordine

236 2687 321 2719 posita
348 2693 454 2722 pateant
485 2689 541 2721 illi,
562 2695 614 2717 etc.
644 2689 754 2722 Vereor,
786 2687 816 2718 ut
846 2691 966 2719 Platonis
987 2699 1020 2718 ex

237 2725 336 2761 mente.
351 2721 411 2761 llaec
423 2723 494 2750 enim
507 2732 540 2751 ex
556 2725 743 2761 superioribus
753 2726 927 2761 intelligenda
944 2731 1018 2758 sunt,

238 2757 281 2782 ubi
298 2756 332 2783 de
351 2757 462 2789 ordine,
478 2766 532 2793 quo
548 2756 630 2786 statui
645 2761 716 2795 leges
731 2756 883 2795 oporterét,
899 2756 1020 2793 disputa;

237 2796 293 2828 tum
319 2797 397 2818 erat:
416 2800 495 2827 quem
521 2795 577 2828 ipse
604 2795 726 2822 ordinem
748 2797 773 2822 in
797 2796 968 2824 Cretensium
993 2801 1021 2823 et

238 2825 503 2854 l.accd:emoniorum
527 2825 630 2866 legibus
645 2831 742 2864 aperiri
757 2832 849 2863 vellet,
866 2832 912 2866 qui
926 2831 1019 2866 peritis

239 2865 318 2901 notus
340 2870 371 2888 ac
392 2869 548 2898 perspectus
572 2865 733 2898 haberetur,
758 2866 818 2894 aliis
843 2865 933 2894 tamen
956 2874 1017 2901 pcr-

237 2897 368 2924 obscurus
382 2905 462 2925 esset.

1073 2296 1145 2327 δείας
1172 2296 1286 2331 λέγομεν
1308 2297 1358 2332 τὴν
1387 2296 1469 2332 ὀρθὴν
1484 2296 1587 2332 τροφὴν
1599 2316 1606 2328 ,
1619 2297 1636 2332 ἢ
1653 2296 1700 2322 τοῦ
1716 2297 1859 2328 παίζοντος

1072 2341 1121 2376 τὴν
1138 2341 1227 2376 ψυχὴν
1241 2341 1281 2373 εἰς
1297 2341 1385 2377 ἔρωτα
1395 2341 1435 2368 ὃτι
1446 2341 1562 2375 μάλιστα
1573 2341 1631 2374 ἄξει
1648 2341 1752 2376 τούτου,
1771 2341 1785 2366 ὃ
1796 2341 1858 2376 δεή-

1109 2481 1164 2517 (91)
1186 2482 1310 2514 Ἀλλοις
1330 2481 1409 2516 ἡμῖν.
1427 2481 1559 2513 Prorsus,
1580 2486 1609 2507 ut
1630 2488 1680 2507 nos
1701 2481 1856 2517 vernaculo.

1071 2519 1088 2544 ὰ
1102 2515 1167 2544 uous
1181 2522 1280 2544 autres.
1295 2515 1381 2549 Quem
1398 2519 1479 2544 etiam
1493 2518 1657 2544 idiotismulu
1673 2516 1744 2550 apud
1760 2515 1858 2541 Demo—

1072 2554 1195 2580 sthenem
1214 2560 1267 2579 non
1283 2553 1366 2579 semel
1381 2553 1462 2586 leges.
1480 2557 1508 2579 ut
1524 2553 1550 2578 in
1569 2551 1704 2582 Mediana,
1719 2551 1772 2586 τῶν
1789 2551 1856 2576 ἴσων

1071 2588 1101 2614 οὺ
1126 2588 1232 2622 μετεῖχε
1248 2587 1303 2619 τοῖς
1319 2585 1498 2622 ἄλλοιςίὴμῐν.
1516 2587 1553 2613 ld.
1569 2586 1645 2622 Plato
1665 2587 1693 2612 in
1716 2585 1856 2622 Their-tcto,

1071 2621 1137 2657 ἡμῖν
1149 2622 1177 2648 δὲ
1190 2623 1245 2653 τοῖς
1263 2623 1362 2653 ἄλλοις,
1385 2621 1449 2657 περὶ
1463 2623 1512 2657 τῆς
1529 2622 1577 2657 σῆς
1595 2621 1727 2656 κρίσεως,
1742 2621 1856 2656 πότερον

1071 2659 1121 2683 οὐκ
1132 2658 1189 2695 ἐστι
1201 2658 1308 2695 κριταξς
1321 2657 1463 2695 γενέσθαι;
1507 2692 1512 2695 _
1546 2691 1556 2695 _
1670 2691 1675 2695 ι
1781 2690 1787 2695 _
1806 2691 1811 2695 _
1825 2691 1840 2695 υ

1108 2692 1163 2727 (92)
1186 2690 1245 2725 Τῆν
1265 2690 1444 2724 βασιλείαν,
1467 2692 1515 2718 καὶ
1540 2691 1748 2727 amatae-(inv.
1773 2690 1857 2727 Addi-

1071 2725 1158 2755 dis'set'
1171 2726 1259 2762 βασιλ.
1284 2727 1330 2753 τοῦ
1352 2727 1429 2760 Θεοῦ,
1453 2727 1500 2754 καὶ
1520 2727 1573 2753 δικ.
1597 2725 1694 2759 αὑτοῦ,
1713 2731 1741 2752 ut
1763 2731 1806 2752 est
1827 2726 1856 2752 in

1072 2763 1230 2800 Evangelio.
1316 2794 1329 2800 _
1383 2796 1408 2800 μ
1612 2795 1623 2800 -
1804 2795 1816 2800 ιη
1823 2795 1835 2800 -

1071 2794 1162 2860 γωδ)
1188 2797 1271 2831 Λέγω
1294 2794 1361 2825 οὖν.
1380 2796 1474 2831 Plato,
1502 2797 1548 2825 lib.
1576 2804 1583 2824 ι
1607 2795 1688 2832 ch.,
1717 2803 1777 2832 pag.
1803 2795 1856 2822 572

1095 2841 1168 2860 lclltl.

1095 2841 1168 2860 lCllll.

1106 2868 1162 2895 lii-ll
1183 2867 1271 2902 Plato,
1289 2868 1383 2899 ποιεῖς,
