2078 3207
242 108 295 137 983

566 106 698 135 EDSEBII
717 106 959 135 CAESARIENSIS
977 105 1051 134 OPP.
1072 106 1163 134 PARS
1183 107 1214 134 ll.
1233 122 1268 127 -—
1285 106 1536 136 APOLOGETICA.

1818 108 1870 136 985

243 166 471 202 piinarrf.;tnquit,
486 169 614 192 Virtutem
627 165 702 192 illam
718 165 833 200 appello,
858 173 939 200 quam
953 166 1027 200 pueri

1080 165 1144 197 οῶς,
1168 165 1238 192 ὥστε
1268 167 1356 201 μισεῖν
1375 167 1423 201 μὲν
1439 166 1457 193 ἃ
1478 167 1530 202 χρὴ
1551 166 1638 201 μισεῖν
1651 164 1730 197 εὐθὺς
1742 165 1770 198 ἐξ
1784 166 1870 201 ἀρχῆς

242 207 364 241 omnium
375 212 489 247 primam
497 210 920 246 uanciscuntur.592Voluptas
929 216 1030 245 autem,

243 257 373 292 amicitiai,
387 259 466 285 dolor
478 262 505 286 et
519 258 622 291 odium,
639 258 663 284 si
677 261 810 285 eteorum
821 258 968 292 mentibus,
977 266 1032 294 quo

243 310 366 340 tempore
391 304 505 332 necdum
532 303 571 331 uti
600 303 706 331 ratione
721 307 848 338 possunt.
873 303 912 331 uti
929 311 978 339 par
990 308 1032 331 est

243 351 418 383 inSercntur;
445 354 472 377 et
486 357 548 376 eum
571 357 602 377 ea
616 349 734 384 primum
759 349 797 376 uti
813 350 954 384 coeperint,
969 357 1031 377 cum

241 398 335 425 eadem
353 405 408 424 uno
425 397 506 424 veluti
523 403 669 429 consensu,
684 396 735 423 rite
746 396 971 424 convenientibus
984 403 1032 424 eos

241 443 364 470 moribus
380 442 543 470 informatos
557 448 585 470 et
598 443 718 471 imbutos
741 443 826 470 fuisse
848 443 1030 476 testabttntur.

240 489 328 516 virtus
343 488 452 523 quidem
468 488 520 516 erit
548 489 653 524 integra
668 489 713 516 illa
728 488 903 524 perfectaque
917 496 1032 516 consen-

240 536 292 568 sio;
304 536 376 571 quod
390 540 480 563 autem
495 543 528 564 ex
541 543 573 563 ea
590 537 616 563 in
632 541 733 564 rectam
749 536 897 572 voluptatis
912 535 1031 563 doloris-

238 589 293 616 que
315 581 530 609 moderationem
554 581 706 609 derivatum
727 582 789 615 erit,
813 586 844 609 ut
866 581 946 610 simul
971 589 1032 616 quae

239 627 302 655 odio
317 627 399 663 digna
415 632 490 661 sunt,
506 627 540 654 ab
558 627 635 655 initio
651 628 683 655 ad
698 628 778 655 linem
797 635 884 663 usque
900 633 1031 655 constan-

240 679 282 701 ter
294 674 412 705 oderint,
437 678 584 708 amentque
607 674 744 701 contraria
757 682 764 705 ;
783 674 808 701 id
825 679 853 701 tu
868 673 891 702 si
905 673 939 700 ab
953 677 1032 700 caete-

242 727 333 746 rorum
358 720 502 754 complexu
527 719 716 747 ratiocinando
740 720 883 755 scjunges,
911 720 1030 755 proprie,

240 773 299 793 mea
323 765 432 801 quidem
459 766 610 798 sententia,
640 765 811 800 disciplinam
839 765 998 801 appellabis.
1018 774 1028 790 ι

240 812 303 840 llaec
316 812 403 840 Plato.
422 812 508 846 Quem
525 817 615 840 tamen
631 811 716 839 David
732 811 759 839 in
775 811 891 839 Psalmis
906 816 1031 840 antever-

239 859 281 891 tit,
300 859 344 886 ubi
357 867 447 886 rerum
461 859 525 886 odio
537 860 577 886 vel
590 866 683 886 amore
694 858 838 893 dignarum
849 858 941 886 odium
954 865 1030 886 amo-

239 914 350 942 remque
366 906 445 933 docet
462 905 504 933 his
518 905 608 933 verbis
627 915 633 932 :
655 914 664 931 ι
679 905 785 936 Venite,
801 905 859 938 ﬁlii,
870 905 962 932 audite
975 912 1028 937 me,

239 953 367 979 timorem
390 951 499 979 Domini
523 951 627 979 docebo
650 959 709 979 vos.
734 950 802 983 Quis
814 955 857 978 est
872 950 965 983 homo,
982 950 1029 985 qui

238 1000 296 1026 vult
309 999 403 1030 vitam,
427 998 515 1033 diligit
534 997 593 1025 dies
614 997 707 1025 videre
717 997 822 1025 bonos?
847 995 965 1023 Prohibe
978 996 1030 1023 lin-

238 1053 318 1080 guam
332 1050 404 1072 tttam
419 1052 435 1072 a
448 1045 530 1078 malo,
547 1049 575 1072 et
594 1044 664 1071 labia
680 1049 737 1076 tua,
759 1051 794 1071 ne
820 1044 966 1078 loquantur
979 1043 1028 1070 do-

238 1091 305 1118 lum.
322 1090 428 1118 Diverte
445 1098 459 1118 a
474 1091 557 1124 malo,
575 1095 601 1118 et
617 1090 659 1118 lac
671 1090 783 1122 bonum,
801 1089 910 1124 inquire
922 1097 1027 1124 pacem,

237 1142 263 1164 et
276 1145 440 1172 persequere
453 1144 512 1164 eam
528 1137 579 1163 ⁸⁸.)
596 1136 780 1171 Similiterque
798 1135 943 1162 Salomon:
958 1136 1029 1162 «Au-

237 1183 315 1216 dite,
353 1183 463 1218 inquit,
499 1183 564 1217 tilii,
588 1183 761 1218 disciplinam
790 1181 1028 1217 patri_s.|Donum

1083 211 1146 247 ἄχρι
1155 211 1261 243 τέλους,
1275 212 1400 246 στέργειν
1410 211 1437 239 δὲ
1450 212 1467 239 ἃ
1479 212 1531 248 χρὴ
1552 210 1675 247 στέργειν
1686 231 1694 243 ,
1715 211 1787 238 τοῦτ’
1806 213 1871 238 αὐτὸ

1082 257 1228 292 ἀποτεμὼν
1249 257 1287 293 τῷ
1310 258 1402 294 λόγῳ,
1426 259 1472 285 καὶ
1498 258 1622 285 παιδείαν
1649 258 1869 294 προσαγορεύων,

1083 303 1153 330 κατά
1180 311 1212 337 γε
1229 303 1279 339 τὴν
1297 304 1334 338 (8)
1361 304 1431 339 ἐμὴν
1453 304 1541 340 ὀρθῶς
1565 304 1598 331 ἂν
1615 304 1838 340 προσαγορεύοις,
1859 315 1867 331 ι

1082 349 1176 375 Ταῦτα
1185 349 1200 375 ὁ
1212 349 1337 377 Πλάτων,
1353 350 1498 386 Προλαὸὼν
1507 350 1535 377 δὲ
1546 350 1626 377 αὑτὸν
1635 351 1649 377 ὁ
1662 350 1744 377 Δαεὶδ
1757 351 1786 377 ὲν
1799 351 1871 378 Ψαλ-

1084 395 1209 431 μῳδίαις,
1231 398 1320 432 μισεῖν
1331 397 1349 424 ἃ
1369 396 1409 424 δεῖ
1425 398 1525 431 μισεῖν,
1546 397 1593 424 καὶ
1609 397 1733 433 στέργειν
1740 397 1870 424 διδάσκων

1082 443 1100 470 ἃ
1115 443 1155 470 δεῖ
1167 445 1302 480 περγείν,
1319 443 1382 472 τάδε
1399 444 1466 480 φησί
1476 453 1484 459 ⁸
1499 455 1509 470 ‹
1522 444 1614 478 Δεῦτε,
1627 444 1721 476 τέκνα,
1738 445 1870 472 ἀκούσατὲ

1084 498 1146 525 μου,
1160 490 1242 525 φόϐον
1258 490 1361 526 Κυρίου
1378 490 1476 523 διδάξω
1498 491 1581 527 ὑμᾶς.
1609 491 1656 524 Τίς
1675 492 1748 518 ἐστιν
1769 491 1873 527 ἀνορω-

1083 544 1133 567 πος
1151 537 1165 563 ὁ
1187 535 1271 563 θέλων
1295 536 1378 571 ζωὴν,
1394 537 1509 576 ἀγαπῶν
1529 537 1636 573 ἡμέρας
1656 537 1720 564 ἰδεῖν
1748 537 1872 572 ἀγαθάςς

1083 581 1190 608 Παῦσον
1202 582 1251 617 τὴν
1264 581 1390 616 γλῶσσάν
1406 591 1453 608 σου
1471 582 1526 609 ἀπὸ
1545 582 1643 614 κακοῦ,
1663 583 1710 609 καὶ
1728 583 1806 618 χείλη
1827 592 1872 609 σου

1081 627 1128 654 τοῦ
1146 627 1183 663 μὴ
1200 627 1316 663 λαλῆσαι
1346 627 1431 655 δόλον.
1452 628 1594 654 Ἕκκλινον
1616 629 1670 655 ἀπὸ
1701 629 1786 656 κακοῦ
1800 649 1808 659 ,
1826 629 1873 655 καὶ

1083 672 1195 708 ποίησον
1203 673 1303 707 ἀγαθόν
1312 681 1319 688 ·
1337 673 1454 710 ζήτησον
1465 674 1586 710 εἰρήνην,
1600 674 1646 701 καὶ
1654 674 1749 706 δίωξον
1758 675 1852 710 αὐτήν.
1861 684 1870 700 ι

1082 720 1136 747 Καὶ
1163 720 1178 746 ὁ
1203 720 1328 756 Σολομῶν
1357 721 1468 756 ὁμοίως
1491 729 1501 746 ι
1519 720 1674 754 Ἀκούσατε,
1704 722 1782 756 φησὶ,
1812 722 1873 747 παῖ-

1082 766 1137 798 δες,
1153 766 1278 793 παιδείαν
1298 766 1410 802 πατρός.
1436 767 1526 802 Δῶρον
1541 766 1595 802 γάρ
1615 766 1716 801 ἀγαθὸν
1735 767 1872 804 δωροῦμαι

1083 813 1162 848 ὑμῖν·
1180 812 1235 839 τῶν
1253 812 1328 848 ἐμῶν
1358 812 1448 848 νόμων
1471 812 1508 848 μὴ
1535 813 1761 848 ἐπιλανθάνησθε,
1787 823 1797 839 ι
1819 814 1873 840 Καὶ

1085 859 1175 886 πάλινθ
1193 869 1203 885 ε
1230 859 1339 894 Κτῆσαι
1360 859 1474 893 σοφίαν,
1503 859 1603 894 κτῆσαι
1622 859 1743 890 σύνεσιν,
1760 859 1798 894 μὴ
1813 860 1874 886 ἐπιο

1082 906 1161 942 λάθῃ.
1179 915 1189 932 ι
1204 905 1267 933 Καὶ·
1291 915 1301 932 ‹
1320 903 1403 932 Εἶπον
1414 906 1464 940 τὴν
1475 906 1570 940 σοφίαν
1582 905 1631 941 σὴν
1652 905 1768 941 ἀδελφὴν
1792 903 1873 938 εἶναι,

1082 952 1131 988 τὴν
1149 952 1177 979 δὲ
1203 953 1334 988 φρόνησιν
1360 951 1499 988 γνώριμον
1526 952 1703 988 περιποίησαι
1727 951 1842 987 σεαυτῷ.
1859 960 1872 978 ι

1083 999 1146 1026 Καί”
1165 1008 1174 1024 ε
1201 999 1292 1031 Ὁδοὺς
1313 998 1420 1026 ἀσεϐῶν
1440 998 1476 1033 μὴ
1504 998 1637 1034 ἐπέλθῃς,
1663 998 1730 1034 μηδὲ.
1749 998 1874 1034 ζηλώσῃς

1081 1047 1157 1078 ὁδοὺς
1182 1046 1358 1081 παρανόμων.
1382 1055 1391 1071 ι
1414 1045 1506 1081 Μυρία
1524 1044 1546 1071 δ’
1570 1044 1604 1071 ἂν
1626 1044 1717 1080 εῦροις
1740 1044 1807 1071 ἄλλα
1823 1053 1875 1071 τοι·

1083 1093 1152 1119 αὕτα
1172 1093 1200 1118 ὲν
1214 1093 1270 1123 τοῖς
1287 1091 1421 1126 Ἐϐραίων
1442 1091 1598 1127 γράμμασι,
1621 1090 1781 1116 παιδευτικά
1805 1090 1874 1126 πρὸς

1082 1138 1222 1170 εὐσεϐείας
1245 1137 1281 1173 (9)
1295 1138 1342 1164 καὶ
1359 1137 1491 1173 ἀνάληψιν
1508 1137 1620 1173 ἀρετῆς,
1641 1137 1711 1168 νέοις
1731 1136 1800 1172 όμοῦ
1827 1137 1874 1163 καὶ

1082 1182 1195 1214 τελείοις
1206 1182 1255 1218 τὴν
1270 1182 1379 1218 ἠλικίαν
1399 1184 1578 1218 προσήκοντα.

237 1229 309 1256 enim
336 1230 437 1257 bonum
461 1230 579 1257 tribuam
604 1229 681 1257 vobis
698 1239 704 1256 :
721 1229 806 1264 legem
825 1236 913 1256 meam
928 1237 962 1256 ue
979 1228 1176 1264 derelinquatis
1186 1229 1220 1256 “.
1241 1237 1251 1255 ι
1270 1229 1359 1264 Atque
1379 1229 1492 1262 iterum,
1524 1238 1534 1255 (
1562 1228 1675 1257 Posside
1697 1228 1872 1264 sapientiam,

237 1277 347 1311 posside
372 1278 560 1312 prudentiam;
584 1285 617 1305 ne
641 1277 813 1305 obliviscaris
826 1277 861 1304 ⁸⁷.
881 1286 890 1302 ι
908 1275 1050 1312 Itemque:
1072 1286 1082 1302 r
1100 1277 1146 1304 Dic
1176 1276 1338 1312 sapientiam
1354 1283 1476 1304 sororem
1491 1282 1566 1304 tuam
1586 1283 1647 1304 esse
1672 1285 1678 1303 :

1705 1280 1732 1303 et
1753 1275 1873 1311 pruden-

236 1326 301 1352 tiam
318 1324 477 1352 familiarem
494 1325 542 1352 tibi
556 1324 637 1352 redde
648 1325 698 1351 ⁸⁸.»
718 1323 761 1354 Et.
782 1334 791 1350 ι
806 1324 870 1352 Vias
887 1325 1032 1360 impiorum
1052 1331 1087 1352 ne
1106 1323 1230 1357 insistas,
1246 1331 1296 1352 nec
1309 1324 1357 1351 tibi
1374 1323 1499 1358 placeant
1512 1323 1647 1351 malorum
1659 1323 1709 1350 viae
1720 1322 1765 1350 "'.
1783 1331 1793 1348 ›
1810 1321 1874 1349 llaec

236 1371 344 1405 aliaque
366 1371 391 1398 id
417 1379 502 1406 genus
521 1371 697 1399 llebrtrorum
723 1371 749 1398 in
777 1371 875 1399 litteris
896 1372 1030 1405 invenias,
1049 1378 1111 1406 quae
1124 1371 1158 1398 ad
1172 1370 1312 1406 religionis
1329 1378 1361 1398 ac
1374 1370 1484 1398 virtutis
1497 1370 1587 1397 omnis
1596 1369 1684 1398 cilicia
1697 1370 1836 1402 erudiunt,

235 1425 285 1445 uec
301 1417 517 1445 adolescentibus
534 1418 625 1450 modo,
648 1417 695 1444 sed
718 1417 799 1444 etiam
822 1422 900 1445 aetate
912 1417 1028 1444 maturis
1047 1417 1170 1452 apprime
1186 1416 1363 1444 conveniunt.

525 1464 640 1492 CAPUT
661 1464 732 1492 XIX.

1344 1463 1539 1490 ΚΕΦΔΛΑΙΟΝ
1560 1463 1610 1489 ΙΘ¹.

237 1511 268 1538 lu
284 1520 314 1538 ea
326 1520 384 1537 cum
405 1510 523 1538 Ilebra'is
541 1511 671 1538 sententia
683 1511 823 1538 Platonem
839 1512 931 1545 fuisse,
945 1516 972 1538 ut
988 1520 1027 1539 res

1080 1509 1145 1536 Ὅτι
1166 1509 1386 1545 παραπλησίως
1413 1509 1555 1545 Ἑϐραίοις
1570 1507 1629 1545 Δκαὶ
1643 1508 1810 1545 minaretur
1828 1509 1871 1535 ει-

270 1547 409 1581 in/ariores
425 1547 586 1573 diviniorum
602 1547 729 1581 imagines
747 1555 802 1574 esse
817 1547 992 1574 existimaret.

272 1592 320 1620 llis
330 1593 394 1620 olim
406 1592 495 1620 verbis
503 1592 622 1628 Moysem
630 1593 771 1620 oraculum
779 1599 922 1621 monuerat
933 1603 954 1621 τι
963 1593 1028 1622 Vide

235 1644 265 1666 ut
279 1639 364 1666 facias
376 1639 468 1665 omnia
496 1639 647 1666 secundum
672 1639 823 1674 exemplar,
848 1641 920 1675 quod
937 1641 985 1668 tibi
1001 1642 1026 1668 in

235 1690 327 1713 monte
348 1689 529 1712 monstratum
546 1691 587 1712 est
602 1686 635 1712 ".
652 1695 661 1711 ι
689 1686 767 1719 Quod
782 1686 870 1720 ipsum
887 1687 1028 1715 illustratus

235 1730 396 1765 Apostolus:
416 1730 492 1763 «Qui
513 1730 659 1765 exemplari
676 1735 704 1758 et
724 1731 836 1764 umbrze,
857 1732 955 1768 inquit,
981 1733 1028 1760 dc-

235 1777 359 1804 serviunt
383 1776 534 1804 cmlcstium
549 1776 582 1803 °°.
601 1786 610 1801 ι
638 1776 744 1810 Quibus
766 1785 831 1805 sane
857 1778 959 1812 verbis,
984 1787 1028 1807 res

235 1823 296 1851 illas
321 1824 481 1856 diviniores,
501 1831 562 1859 qua:
583 1824 747 1859 spiritalium
773 1825 858 1860 gradu
881 1830 908 1853 et
931 1826 1027 1854 ordine

234 1870 420 1902 continentur,
438 1870 473 1897 iis
494 1878 556 1905 qua:
576 1871 647 1905 apud
663 1870 744 1906 593
760 1871 879 1907 Moysem
898 1873 1024 1908 legimus,

235 1921 364 1951 tanquam
383 1917 516 1952 symbolis
528 1917 691 1951 quibusdam
709 1925 741 1945 ac
755 1918 826 1945 notis
839 1918 950 1950 involvi,
967 1927 1025 1946 ma-

235 1962 332 1990 nifeste
349 1962 438 1990 docet.
465 1963 536 1990 Audi
557 1970 621 1990 vero
635 1970 717 1998 quant
735 1963 768 1991 iis
782 1963 873 1991 allinia
888 1963 965 1992 Plato
978 1973 1025 2000 ge-

234 2009 364 2044 minaque
382 2009 599 2044 philosophetur,
617 2009 682 2047 dum
695 2009 721 2036 in
737 2014 815 2037 sexto
828 2010 866 2037 De
880 2010 1024 2045 republica,

235 2055 307 2082 hunc
321 2055 346 2082 in
361 2055 472 2082 modum
486 2055 581 2082 scribit
607 2065 614 2082 :
643 2065 651 2080 ι
666 2054 849 2090 Philosophus
864 2057 965 2092 igitur,
984 2058 1025 2085 in-

234 2101 294 2135 quit
308 2100 363 2133 ille,
382 2104 411 2128 ut
423 2108 531 2128 summa
545 2100 592 2128 Dei
606 2108 638 2128 ac
652 2100 865 2135 pulchritudinis
884 2102 970 2138 ipsius
983 2103 1024 2130 fa-

233 2147 391 2174 miliaritate
413 2147 509 2179 utitur,
535 2147 571 2174 ita
586 2147 739 2174 divinitatis
755 2155 787 2175 ac
800 2148 1024 2183 pulchritudinis,

1150 1541 1225 1572 κόνᾶ
1239 1541 1393 1579 θειοτέρων
1412 1545 1447 1571 τὰ
1457 1541 1535 1578 ’τῇδε
1553 1541 1629 1571 εἶναι
1648 1543 1797 1576 ἐδόξαζέν.

1116 1601 1168 1628 Τοῦ
1184 1601 1257 1629 θείου
1272 1600 1397 1637 χρησμοῦ
1412 1602 1546 1637 φήσαντος
1562 1602 1676 1636 Μωῦσῇ,
1688 1611 1697 1626 ι
1708 1601 1779 1636 Ὅρα
1794 1601 1871 1636 ποιή-

1081 1656 1130 1685 σῃς
1144 1648 1233 1675 πάντα
1251 1649 1323 1675 κατὰ
1338 1649 1384 1674 τὸν
1399 1648 1484 1675 τύπον
1504 1649 1550 1675 τὸν
1568 1648 1707 1683 δειχθέντα
1722 1656 1763 1674 σοι
1783 1649 1813 1675 ὲν
1831 1647 1872 1684 τῷ

1079 1695 1137 1730 ὄρει
1149 1702 1157 1710 ⁸
1175 1704 1184 1721 ι
1199 1695 1244 1721 τοῦ
1254 1703 1282 1721 τε
1296 1695 1369 1731 ἱεροῦ
1385 1694 1464 1729 λόγου
1478 1695 1643 1731 σαφέστερον
1654 1695 1787 1726 εἰπόντος,
1803 1705 1811 1719 ι
1828 1695 1873 1720 Οἳ-

1079 1749 1150 1773 τινες
1165 1741 1344 1776 ὑποδείγματι
1365 1740 1412 1767 καὶ
1436 1741 1500 1776 σκιᾷ
1512 1740 1657 1776 ὲλάτρευον
1678 1740 1732 1766 τῶν
1751 1741 1872 1774 ἐπουρα-

1079 1788 1154 1819 νίων,
1172 1797 1181 1812 ι
1199 1787 1290 1814 εἰκόνα
1306 1795 1336 1813 τε
1345 1787 1474 1822 ἄντικρυς
1485 1787 1538 1813 τῶν
1553 1787 1582 1813 ἐν
1600 1787 1706 1822 νοητοῖς
1726 1786 1872 1821 θειοτέρων

1079 1833 1112 1860 τὰ
1125 1833 1199 1869 παρὰ
1209 1834 1312 1868 Μωῦσῇ
1329 1833 1360 1859 σύ
1365 1833 1450 1868 μϐολα
1467 1833 1604 1868 περιέχειν
1613 1831 1792 1862 διδάσκοντος
1803 1832 1871 1858 ἐπά-

1079 1888 1175 1907 κουσον
1186 1881 1260 1911 ὅπως
1279 1879 1327 1906 καὶ
1339 1881 1354 1906 ο
1370 1879 1482 1906 Πλάτων
1503 1878 1537 1905 τά
1557 1879 1636 1914 ὅμοια
1652 1878 1826 1913 διερμηνεύει
1842 1879 1872 1904 ὲν

1078 1925 1150 1960 ’ἑκτῳ
1165 1925 1215 1960 τῆς
1225 1925 1381 1958 Πολιτείας
1394 1922 1444 1952 ὦδε
1458 1926 1585 1961 γράφων·
1599 1934 1608 1950 ι
1623 1923 1683 1959 θεῷ
1697 1924 1729 1959 δὴ
1750 1924 1806 1958 (10)
1824 1924 1871 1950 καὶ

1078 1971 1173 2007 κόσμῳ
1187 1972 1241 2005 ὅγε
1259 1971 1402 2006 φιλόσοφος
1416 1971 1527 2007 ὁμιλῶν,
1546 1970 1658 2006 κόσμιός
1679 1978 1708 1996 τε
1729 1970 1776 1996 καὶ
1800 1969 1871 2000 θεῖος

1079 2018 1118 2048 εἰς
1132 2017 1162 2044 τὸ
1175 2017 1287 2044 δυνατὸν
1300 2017 1437 2052 ἀνθρώπῳ
1451 2017 1566 2051 γίνεται.
1577 2015 1692 2051 Διαϐολὴ
1707 2016 1734 2042 δὲ
1750 2016 1778 2041 ἐν
1804 2017 1871 2043 πᾶσι

1079 2063 1173 2098 πολλή.
1186 2079 1221 2084 —
1232 2064 1392 2090 Παντάπασι
1407 2064 1456 2098 μὲν
1470 2061 1526 2090 οὖν.
1540 2078 1573 2082 ——
1585 2063 1633 2089 'Av
1647 2060 1693 2089 οὖν
1711 2071 1763 2093 τις.
1783 2059 1869 2093 εἷπον,

1079 2109 1151 2144 αὑτῷ
1162 2109 1268 2144 ἀνάγκη
1278 2109 1391 2144 γένηται
1406 2109 1424 2136 ἃ
1443 2110 1501 2135 ἐκεῖ
1513 2109 1574 2144 ὁρᾷ,
1601 2107 1748 2143 μελετῆσαι
1769 2107 1809 2138 εἰς
1822 2107 1870 2132 άν-

1078 2154 1195 2190 θρὼπων
1208 2154 1272 2190 ἦοη,
1293 2156 1339 2182 καὶ
1356 2155 1408 2191 ἰδίᾳ
1431 2155 1478 2182 xui.
1497 2155 1614 2190 δημοσίᾳ.
1633 2153 1746 2184 τιθέναι,
1764 2153 1812 2179 καὶ
1832 2153 1868 2187 μὴ

233 2197 365 2228 quantum
386 2193 491 2220 homini
517 2193 558 2222 fas
583 2199 634 2226 est,
652 2195 789 2230 particeps
815 2195 941 2223 efﬁcitur.
972 2196 1025 2224 Sed

1080 2201 1160 2236 μόνον
1184 2201 1278 2228 ἑαυτὸν
1306 2201 1434 2228 πλάττειν
1447 2210 1453 2216 ·
1479 2199 1534 2237 ἄρα
1554 2201 1638 2227 κακὸν
1657 2199 1688 2236 δὴ
1703 2199 1869 2235 δημιουργὸν

233 2239 371 2266 calumnia
400 2239 525 2267 videlicet
548 2239 650 2276 ubique
679 2246 783 2276 regnat.
810 2256 844 2261 -—
873 2240 911 2268 lla
934 2241 1026 2276 profe—

235 2289 279 2311 cto
309 2288 360 2312 est.
390 2299 425 2304 —
454 2283 533 2312 Hunc
562 2289 591 2313 tu
620 2285 717 2321 igitur,
749 2286 880 2321 inquam,
911 2287 934 2314 si
966 2295 1028 2323 qua:

233 2330 289 2357 illic
317 2330 526 2366 contemplatur,
543 2331 577 2358 ad
600 2331 782 2359 instituendos
811 2332 952 2360 hominum
967 2341 1027 2361 mo-

234 2384 278 2403 res
305 2377 466 2404 necessitate
493 2377 610 2412 quadam
635 2385 773 2410 revocare,
796 2379 977 2416 privatimque
989 2381 1026 2409 si-

232 2422 289 2448 mul
306 2430 339 2450 ac
363 2423 472 2457 publice
493 2430 663 2458 proponere,
688 2432 738 2452 nec
762 2432 821 2452 sese
846 2431 951 2454 tantum
974 2428 1023 2454 tin-

233 2475 295 2502 gere
309 2468 536 2505 conformareque
556 2469 697 2502 debuerit;
721 2478 754 2497 an
777 2471 890 2499 stultum
905 2473 1024 2508 aliquem

235 2515 429 2549 temperantia},
443 2516 579 2552 mquitatis
591 2536 598 2550 ,
619 2517 763 2552 onmisque
777 2517 844 2545 adeo
860 2518 969 2547 virtutis
985 2521 1024 2548 ci-

1078 2247 1158 2273 αὐτὺν
1167 2247 1218 2274 οἴει
1227 2248 1291 2283 γενη
1296 2247 1389 2275 σεσοαι
1401 2247 1578 2284 σωφροσύνης
1589 2255 1618 2273 τε
1628 2247 1674 2273 καὶ
1683 2245 1867 2280 δικαιοσύνης,

1078 2293 1125 2319 καὶ
1148 2293 1293 2330 ξυμπάσης
1323 2294 1373 2329 τῆς
1399 2293 1548 2329 δημοτικῆς
1567 2292 1684 2329 ἀρετῆς;
1699 2307 1734 2311 -
1750 2290 1869 2318 Ἷῐκιστὰ

1079 2348 1121 2373 γε,
1131 2339 1149 2377 ἦ
1159 2340 1181 2367 δ’
1195 2341 1234 2372 ὃς.
1245 2340 1313 2366 ’Λλϊ
1324 2340 1372 2367 ἐὰν
1382 2340 1413 2376 δὴ
1422 2339 1568 2366 αἴσθωνται
1577 2340 1601 2366 οἱ
1613 2338 1714 2370 πολλοὶ,
1726 2339 1766 2364 ὅτι
1781 2337 1868 2373 ἀληθῆ

1081 2389 1145 2424 περὶ
1157 2387 1240 2414 αὑτοῦ
1251 2387 1380 2423 λέγομεν,
1394 2386 1576 2422 χαλεπανοῦσι
1589 2385 1622 2421 δὴ
1632 2386 1688 2416 τοῖς
1701 2384 1866 2420 φιλοσόφοις,

1080 2435 1128 2461 καὶ
1142 2434 1337 2468 ἀπιστήσουσιν
1353 2433 1418 2468 ἡμῖν
1431 2433 1564 2467 λέγουσιν,
1586 2431 1622 2463 ὡς
1637 2431 1688 2457 οὐκ
1701 2431 1734 2458 ἄν
1749 2438 1814 2457 ποτε
1826 2429 1868 2457 ἁλ-

1079 2480 1132 2512 λως
1150 2479 1352 2515 εὐδαιμονήσειε
1376 2478 1467 2510 πόλις,
1489 2479 1512 2504 εἱ
1538 2477 1575 2512 μὴ
1592 2475 1675 2512 αὐτὴν
1689 2475 1868 2511 διαγράψειαν

1080 2525 1103 2551 οἱ
1115 2523 1153 2559 τῷ
1165 2523 1230 2560 θείῳ
1250 2523 1452 2559 παραδείγματι
1463 2521 1597 2559 χρώμενοι
1614 2520 1754 2556 ζωγράφοι
1767 2529 1775 2554 ;
1786 2520 1867 2546 -Οὐ

268 2571 292 2613 :5
306 2570 379 2613 Psal.
394 2579 492 2613 χχχιιι,
507 2573 556 2613 {23‘
647 2573 670 2590 "
686 2573 766 2613 Prov.
782 2584 817 2609 tv,
833 2577 861 2610 l.
872 2577 900 2605 2.
935 2579 958 2594 ⁵⁷
975 2579 1027 2607 ibid

1081 2601 1088 2608 .
1127 2581 1149 2597 “
1170 2581 1249 2608 Prov.
1265 2589 1314 2613 vn,
1329 2581 1354 2608 lt.
1391 2581 1425 2596 ⁵⁸·
1442 2581 1513 2608 liceli
1528 2588 1566 2611 ιι.
1581 2578 1723 2612 22;Prov.
1756 2586 1793 2612 tv,
1823 2578 1866 2606 il.

233 2605 351 2633 "Exod.
371 2615 434 2640 xxv,
448 2607 493 2635 40.
535 2608 557 2624 ⁶⁰
570 2608 652 2636 llebr.
671 2617 730 2642 vttt,
751 2610 778 2638 5.

234 2652 394 2691 inrepserit,
420 2654 493 2691 quod
510 2654 546 2691 ibi
564 2660 684 2687 notatur,
703 2656 774 2691 apud
800 2656 938 2684 Platonem
964 2665 1025 2685 esse

233 2687 523 2728 τετραμμένονζ-ᾼρυιι
537 2690 614 2717 illum
626 2691 710 2728 enim,
721 2687 780 2728 tam
791 2692 818 2719 in
831 2691 928 2725 Ficini,
941 2701 1022 2727 quam

235 2724 261 2748 in
279 2724 542 2759 Serrauireditione,
558 2726 789 2759 quemadmodum
809 2734 836 2754 et
853 2728 880 2754 in
896 2724 1023 2756 omnibus

235 2764 373 2799 manuscr.
399 2758 513 2786 trahetur
533 2758 820 2799 fraepapttévovrblihi
845 2768 952 2795 tatnen,
977 2772 1022 2789 τε-

235 2796 391 2834 τραμμένον
411 2798 500 2834 anuus
516 2796 666 2834 videretur;
683 2798 748 2834 quid
764 2798 837 2834 enim
855 2803 897 2827 est
921 2799 950 2826 τὸ
973 2799 1022 2834 τῆς

235 2828 334 2862 αρετῆς
348 2828 533 2864 τεῠραμμὲνον
550 2832 611 2866 περὶ
628 2832 676 2864 τὰς
693 2828 799 2868 ἦδονάς.

1114 2659 1151 2694 (8)
1173 2659 1250 2687 Plato
1265 2659 1326 2686 add.
1341 2659 1430 2692 δόξαν,

1113 2697 1150 2730 (9)
1168 2696 1340 2727 Εὐσεϐείιις.
1361 2695 1515 2730 Legendum
1537 2695 1694 2727 εὑσέὃειαν,
1720 2699 1768 2722 aut
1792 2700 1868 2723 certe

1076 2731 1217 2761 εὐσεϐείας
1231 2731 1277 2766 καὶ
1295 2731 1395 2766 ἀρετῆς
1407 2730 1550 2765 ἀνάληψιν.

1111 2766 1165 2801 (ll);
1189 2765 1249 2799 Θεῷ
1268 2765 1426 2799 δήζΡΙιιιο,
1448 2775 1471 2793 vt
1493 2766 1529 2792 De
1544 2766 1661 2801 republ.,
1677 2774 1737 2801 pag.
1754 2766 1817 2799 475,
1830 2765 1865 2796 G.

1076 2802 1122 2830 ubi
1138 2802 1246 2838 legitur,
1262 2801 1328 2836 θείῳ
1346 2801 1378 2836 δὴ
1392 2802 1438 2828 καὶ
1452 2801 1566 2836 κοσμίῳ.
