2078 3207
150 178 204 207 985

733 177 895 206 ΡΒΛΕΡΑΠ.
916 177 1042 206 ΕῩΑΝΟ.
1063 177 1128 204 LlB.
1149 176 1205 204 XII.

1730 174 1782 204 986

148 234 361 271 χαλεπανοῦσιν,
375 231 394 270 ἦ
413 234 435 260 δ’
451 233 490 266 ὃς,
508 234 609 270 ἐάνπερ
626 234 784 262 αἴσθωνται.
812 234 890 261 Ἀλλὰ
908 234 940 270 δὴ

992 234 1052 262 vilis
1064 234 1196 261 artillcem
1223 233 1344 261 futurum
1360 232 1523 261 arbitraris?
1532 249 1568 254 —
1580 233 1690 261 Minime
1706 243 1781 265 vero,

148 283 211 309 τίνα
224 281 313 316 λέγεις
325 281 425 317 τρόπον
436 281 485 315 τῆς
500 281 653 316 διαγραφῆς
663 289 670 313 ;
680 279 867 313 -Λαὸόντες,
880 278 914 316 ἦν
923 278 945 307 δ’

148 329 219 364 ἐγὼ,
232 328 326 364 ὥσπερ
341 328 455 359 πίνακα,
481 327 558 354 πόλιν
571 335 604 353 τε
626 327 673 353 καὶ
698 326 751 362 ἤθη
772 325 923 362 ἀνθρώπων
937 346 945 360 ,

149 374 260 411 πρῶτον
278 374 327 409 μὲν
336 373 460 409 καθαρὰν
472 374 613 409 ποιήσειαν
628 373 671 406 ἂν,
692 373 706 399 ὂ
717 373 748 399 οὐ
762 373 831 400 πάνυ
845 372 943 409 ῥᾴδιον.

155 421 228 447 Ἀλλ’
243 418 289 447 οὖν
304 418 372 446 οἷσθ’
391 419 447 455 (11)
466 420 507 447 ὅτι
531 419 618 455 τούτῳ
640 418 673 446 ἂν
688 418 770 450 εὐθὺς
791 418 844 445 τῶν
857 418 944 445 ἄλλων

148 466 318 500 διενέγκαιεν
332 465 398 500 (12),
414 465 454 501 τῷ
470 465 538 501 μήτε
552 464 670 496 ἰδιώτου,
686 465 755 501 μήτε
769 465 873 496 πόλεως
886 464 944 491 ἐθε-

149 512 235 548 λῆσαι
251 512 284 538 ἂν
298 512 352 547 (15)
372 511 491 546 ἅψασθαι
502 532 509 543 ,
528 511 595 547 μηδέ
612 511 728 547 γράφειν
745 511 844 546 νόμους
857 531 864 542 ,
880 510 943 546 πρὶν

149 558 322 594 παραλαϐεῖν
334 557 468 593 καθαρὰν,
483 558 500 592 ῆ
511 558 588 584 αὐτοὶ
605 558 724 592 ποιῆσαι.
739 557 837 584 -Καὶ
856 557 943 592 ὀρθῶς

148 613 193 638 γε,
203 603 309 638 ἔφη.-
321 603 424 630 Οὐκοῦν
442 603 511 638 μετά
524 603 609 630 ταῦτα
619 602 669 629 οίει
690 602 898 638 ὑπογράψασθαι
911 602 943 628 ἂν

147 651 182 678 τὸ
194 651 287 686 σχῆμα
299 650 348 686 τῆς
358 649 511 682 πολιτείας;
524 648 596 675 -Τί
610 649 663 684 μήν
672 649 845 681 ;-Ἔπειτα,
854 645 941 680 οἶμαι,

148 695 371 733 ἀπεργαζόμενοι
383 716 390 728 ,
412 695 503 723 πυκνὰ.
520 695 552 722 ἂν
569 694 722 730 ἑκατέρωσε
752 694 940 726 ἀποϐλέποιεν,

150 744 222 778 πρὸς
240 752 271 770 τε
285 744 316 770 τὸ
331 743 410 778 φύσει
424 742 528 769 δίκαιον
548 741 594 768 καὶ
603 741 685 768 καλὸν
699 741 746 768 καὶ
762 741 879 776 σῶφρον,
895 740 942 767 καὶ

149 790 240 816 πάντα
253 790 287 817 τὰ
297 789 412 816 τοιαῦτα
423 797 428 803 ·
446 790 493 816 καὶ
510 789 578 824 πρὸς
589 789 678 815 ἐκεῖνο
691 786 736 820 αὖ,
749 788 762 814 ὃ
777 789 806 814 ἐν
822 790 877 819 τοῖς
894 787 941 814 ἀν-

149 835 273 871 θρώποις
282 837 430 871 ἐμποιοῖεν,
449 834 648 870 ξυμμιγνύντες
660 843 690 873 τε
705 835 751 861 καὶ
764 833 941 869 κεραννύντες

148 882 185 911 ἐκ
199 881 254 908 τῶν
270 881 502 918 ἐπιτηδευμάτων.
515 881 546 908 τδ
569 880 750 916 ἀνδρείκελον,
777 881 824 907 ἀπ’
837 880 940 906 ἐκείνου

149 928 374 965 τεκμαιρόμενοι,
395 928 409 955 ὃ
423 927 455 964 δὴ
474 928 530 963 (14)
557 927 604 955 καὶ
622 928 745 962 Ὅμηρος
768 927 896 953 ἐκάλεσεν
912 928 942 953 ὲν

149 974 208 1006 τοῖς
227 973 380 1009 ἀνθρώποις
395 974 587 1009 ἐγγιγνόμενον
611 973 725 1004 θεοειδές
746 981 776 999 τε
794 973 841 999 καὶ
858 972 942 999 θεοεί-

150 1018 284 1046 κελον.-
296 1018 407 1054 Ὀρθῶς,
421 1018 482 1053 ἐφη.
499 1032 532 1037 -
544 1018 598 1044 Καὶ
614 1017 644 1043 τὸ
660 1017 708 1052 μὲν
729 1016 772 1048 ἂν,
784 1015 869 1052 οἶμαι,
881 1017 943 1049 ἐξα-

149 1064 280 1098 λείφοιεν,
293 1064 359 1091 τὺδέ
376 1063 456 1090 πάλιν
466 1063 640 1098 ἐγγράφοιεν,
655 1062 707 1094 ἕως
722 1062 756 1089 ἃν
770 1063 810 1089 ὅτι
826 1061 942 1097 μάλιστα

148 1111 186 1138 τὰ
201 1111 358 1146 ἀνθρώπεια
370 1110 433 1146 ἤθη,
449 1111 489 1141 εἰς
505 1110 566 1136 ὅσον
578 1109 724 1144 ἐνδέχεται,
740 1108 851 1143 θεοφιλῆ
863 1109 941 1144 ποιή-

150 1166 238 1184 σειαν.
261 1167 270 1183 Ι

997 278 1094 314 inquit.
1108 293 1143 299 —-
1156 277 1189 305 Et
1204 278 1361 310 multitudo,
1376 279 1498 313 inquam,
1515 278 1538 306 si
1559 278 1644 307 semel
1658 287 1751 307 verum
1766 287 1781 306 a

996 325 1076 353 nobis
1087 325 1140 352 hoc
1151 325 1177 352 in
1192 331 1289 360 genere
1303 324 1357 352 dici
1374 324 1548 360 cognoverit,
1571 324 1678 351 ullrane
1691 324 1780 359 philo-

995 372 1088 407 sophis
1114 371 1296 404 succensebit,
1319 378 1351 399 ac
1374 370 1453 398 ﬁdem
1468 371 1548 399 nobis
1568 370 1702 402 detrahet,
1716 370 1781 398 dum

995 418 1191 454 rempublicam
1218 418 1297 445 aliter
1311 417 1416 445 felicem
1429 417 1547 445 futuram
1561 424 1703 452 negamus,
1728 417 1782 445 nisi

993 473 1060 494 eam.
1080 465 1197 500 pictores
1221 464 1260 492 illi
1286 464 1409 492 divinum
1434 463 1572 498 exemplar
1588 462 1723 490 intuetttes
1740 463 1783 490 in-

994 511 1190 539 formaverint?
1199 510 1378 546 —Nunquam
1395 511 1494 540 hercle.
1507 510 1534 537 id
1546 510 1570 538 si
1587 510 1668 537 modo
1682 516 1782 545 ccgno—

995 558 1072 585 verit.
1109 557 1180 591 Sed,
1205 557 1342 592 quodnam
1363 557 1448 588 istuc,
1466 557 1598 589 obsecro,
1617 556 1782 583 informandi

993 611 1079 639 genus
1096 603 1226 638 intelligis
1236 603 1285 630 ?—
1301 602 1412 638 Nempe,
1427 602 1573 635 civitatem,
1586 602 1707 638 inquam,
1723 609 1782 629 mo-

994 657 1091 684 resque
1102 649 1255 682 hominum,
1271 649 1350 684 quasi
1366 648 1486 676 tabu'am
1508 648 1627 683 aliquam
1643 648 1670 675 in
1684 655 1782 675 manus

993 700 1143 728 sumentes,
1159 695 1193 722 ab
1206 694 1281 722 omni
1304 694 1422 729 primum
1437 694 1497 721 labe
1512 694 1677 729 purgahunt.
1704 693 1782 726 Quod

993 740 1103 776 quidem
1116 749 1170 768 non
1187 741 1334 768 admodum
1348 739 1427 768 facile
1443 743 1495 767 est.
1523 739 1576 768 Sed
1589 740 1641 768 hoc
1653 741 1781 767 nitnirtttn

992 787 1076 822 probe
1092 787 1173 819 nosti,
1191 787 1233 814 Vel
1248 787 1300 814 hoc
1323 787 1442 814 maxime
1454 787 1566 822 reliquis
1581 787 1708 814 omnibus
1724 786 1783 821 phi-

992 833 1123 868 losophos
1135 834 1249 866 anteire,
1267 833 1340 867 quod
1355 841 1443 868 neque
1456 833 1592 868 privatum
1606 841 1782 869 quemquant,

992 884 1040 907 aut
1056 879 1251 914 rempublicam
1264 880 1346 907 ullam
1364 880 1507 914 attingere,
1521 887 1571 907 nec
1587 880 1658 915 leges
1670 879 1782 907 omnino

957 917 979 944 Β
994 926 1065 954 ferre
1082 926 1176 958 velint,
1193 926 1247 954 nisi
1263 931 1412 961 utrumque
1427 926 1502 961 prius
1517 926 1558 953 vel
1576 929 1720 961 purgatum
1737 933 1782 952 ac-

993 972 1126 1007 ceperint,
1140 972 1182 999 vel
1198 972 1305 1007 ipsimet
1319 971 1584 1008 purgaverint.-—Et
1597 972 1694 999 merito
1706 979 1781 1004 sane,

993 1018 1090 1053 inquit.
1104 1034 1140 1039 —
1154 1018 1251 1046 Postea
1269 1026 1343 1048 vero.
1359 1026 1415 1045 non
1433 1023 1460 1045 tn
1476 1025 1524 1046 eos
1548 1018 1677 1053 optimam
1692 1018 1783 1052 reipu-

992 1064 1069 1092 blicaz
1083 1063 1200 1091 fortnam
1214 1063 1401 1099 descripturos
1417 1065 1576 1092 existimas?
1587 1078 1620 1086 -—
1638 1065 1779 1099 Equidem.

992 1125 1026 1130 ——
1041 1109 1109 1137 Tum
1123 1117 1203 1143 vero,
1220 1110 1284 1137 dum
1303 1111 1329 1137 in
1344 1118 1414 1144 opus
1429 1111 1603 1143 incumbent,
1621 1117 1707 1145 saepe,
1724 1110 1782 1146 opi-

992 1163 1051 1188 nor,
1061 1155 1094 1182 ad
1111 1161 1256 1189 utrumque
1271 1155 1427 1190 respicieut,
1438 1156 1489 1183 hoc
1503 1159 1544 1183 est
1556 1155 1638 1183 modo
1653 1155 1686 1182 ad
1702 1155 1780 1187 illud,

150 1203 229 1237 quod
254 1206 351 1238 suapte
380 1208 477 1230 natura
493 1201 610 1237 justum,
623 1201 778 1236 pulchrum,
792 1200 960 1228 moderatum
980 1204 1031 1232 est,
1055 1204 1206 1235 caeteraque
1225 1200 1250 1228 id
1263 1208 1347 1235 genus
1362 1200 1471 1233 omnia;
1494 1200 1576 1227 modo
1592 1200 1624 1227 ad
1641 1200 1692 1227 hoc
1713 1200 1780 1227 alte-

149 1256 212 1276 rum
224 1269 230 1279 .
264 1248 336 1283 quod
354 1249 425 1276 inter
439 1249 564 1275 homines
592 1248 742 1279 elaborent,
778 1247 928 1274 humanum
963 1247 1138 1274 simulacrum
1154 1246 1191 1273 ita
1204 1246 1263 1274 suis
1278 1254 1310 1273 ex
1335 1246 1487 1274 studiorqu
1511 1246 1720 1281 ofﬁciorumque
1737 1253 1781 1273 ra-

149 1295 271 1322 tionibus
286 1295 429 1322 contlaudo
452 1300 534 1330 atque
548 1294 735 1329 temperando,
761 1299 791 1320 ut
823 1293 887 1320 illud
908 1301 1015 1328 Semper
1036 1293 1185 1325 imitentur,
1203 1293 1275 1328 quod
1304 1292 1437 1320 llomcrus
1460 1293 1518 1328 ipse
1536 1300 1645 1327 quoque
1668 1292 1778 1319 insitam

149 1342 368 1375 impressamque
391 1341 548 1368 hominibus
570 1341 689 1367 divinam
710 1339 827 1375 speciem
856 1343 883 1366 et
900 1338 1045 1374 imaginem
1059 1339 1214 1374 appellavit.
1240 1354 1275 1359 —-
1290 1339 1431 1372 Praeclare,
1448 1339 1546 1374 inquit.
1567 1354 1602 1359 -—
1618 1338 1651 1366 Et
1666 1338 1782 1367 subinde

148 1387 279 1422 quidem,
304 1387 421 1422 opinor,
451 1387 565 1414 deleturi
595 1387 694 1418 tnodo,
727 1387 807 1414 modo
831 1385 1004 1413 informaturi
1024 1390 1104 1420 sunt,
1126 1386 1214 1414 donec
1236 1386 1371 1414 humanos
1398 1386 1450 1421 ipsi
1475 1394 1584 1419 mores,
1612 1395 1694 1422 quam
1723 1396 1782 1415 ma-

149 1435 225 1462 xime
238 1433 302 1462 ﬁeri
324 1438 422 1469 potest,
449 1433 504 1460 Deo
523 1442 603 1461 caros
619 1438 800 1468 acceptosque
827 1432 1002 1459 reddiderint.
1018 1441 1028 1459 ι

415 1479 611 1506 ΚΕΦΑΛΔΙΟΝ
631 1479 674 1506 ις’.

1231 1478 1314 1514 594
1340 1478 1454 1506 CAPUT
1484 1479 1544 1507 xx.

146 1535 286 1581 ,οξίχρὴ
298 1535 379 1581 ξτιὲἰέςζ
391 1535 480 1581 νέους
492 1536 537 1581 ρι’
557 1537 749 1581 ἑκμᾳθήιῖειος
770 1537 871 1572 ὓμνων
894 1538 941 1572 ὁρ-

993 1543 1117 1572 Junwres
1131 1546 1245 1572 honestis
1264 1545 1423 1580 qutbusdnm
1445 1546 1547 1580 hymnis
1562 1547 1669 1581 odiaque
1686 1555 1781 1574 memo-

186 1569 304 1608 0&2?th
319 1570 404 1608 ᾠδῷν
420 1572 463 1608 εὶς
485 1569 597 1608 clpam-pg:
611 1569 767 1608 ἀνάληψιν
787 1569 943 1608 ’προπαρα-
956 1569 977 1598 C

186 1605 351 1636 σκευάζειν.
373 1606 440 1633 Ἀπὸ
458 1606 509 1633 τοῦ
528 1606 668 1641 δευτέρου
681 1605 740 1634 τῶν
755 1605 865 1643 Νόμων.

189 1673 199 1688 Ι
223 1664 302 1689 Δοκεῖ
327 1671 372 1697 μοι
392 1662 448 1698 (15)
469 1663 560 1699 τρίτον
577 1663 593 1699 ἢ
610 1663 739 1700 τέταρτον
767 1665 782 1690 ὁ
810 1663 888 1698 λόγος
902 1665 942 1696 είς

148 1709 486 1745 ταὺτδντπεριφερόμενος
513 1710 602 1745 ἥκειν,
618 1710 656 1742 ὠς
682 1711 736 1746 ἄρα
760 1711 869 1738 παιδεία
893 1711 942 1748 μὲν

149 1755 207 1782 ἔσθ’
220 1757 237 1791 ἠ
249 1755 352 1782 παίδων
367 1756 432 1790 ὁλκή
449 1764 478 1782 τε
496 1757 542 1782 καὶ
555 1757 649 1792 ἀγωγὴ
673 1757 740 1792 πρὸς
760 1757 806 1783 τὸν
822 1757 874 1784 ὑπὸ
894 1757 940 1784 τοῦ

148 1801 234 1836 νόμου
258 1800 336 1835 λόγον
354 1800 433 1836 ὀρθὸν
446 1801 600 1837 εἰρημένον,
631 1803 677 1828 καὶ
697 1803 753 1834 τοῖς
769 1803 941 1830 ἐπιεικεστά-

148 1854 207 1878 τοις
222 1846 270 1873 καὶ⁵
295 1846 494 1882 πρεσϐυτάτοις
516 1846 549 1873 δι’
565 1847 712 1883 ἐμπειρίαν
723 1848 940 1884 ξυνδεδογμένον,

149 1891 190 1923 ὥς
207 1891 292 1922 ὅντως
304 1891 383 1927 ὀρθός
395 1893 480 1919 ἐστιν.
498 1892 547 1918 ⁹¹1ν’
561 1889 607 1918 οἶν
616 1893 633 1928 ἡ
649 1892 720 1928 ψυχὴ
735 1893 781 1920 τοῦ
798 1894 889 1926 παιδὸς
903 1895 941 1930 μὴ

149 1937 259 1964 ἐναντία
272 1937 379 1973 χαίρειν
394 1938 441 1964 καὶ
454 1937 597 1964 λυπεῖσθαι
614 1938 737 1974 ἐθίζηται
749 1940 787 1972 τῷ
804 1940 878 1975 νόμῳ
895 1941 942 1967 κα)⁵

148 1983 207 2012 τοῖς
222 1981 273 2007 ὑπὸ
286 1981 332 2008 τοῦ
346 1981 428 2016 νόμου
443 1981 609 2018 τεθειμένοις
626 1983 698 2018 (16),
711 1983 778 2011 ἀλλὰ
795 1984 941 2020 ξυνέπηται

148 2027 284 2062 χαίρουσά
298 2036 328 2054 τε
344 2028 390 2055 καὶ
404 2028 559 2064 λυπουμένη
573 2031 628 2061 τοῖς
642 2030 743 2063 αὐτοῖς,
756 2028 853 2066 οἷσπερ
869 2032 883 2057 ὁ
896 2031 942 2065 γέ-

151 2082 207 2109 ρων
219 2081 226 2088 ·
247 2073 348 2100 τούτων
369 2074 449 2101 ἕνεκα
467 2075 501 2106 ἃς
518 2075 588 2110 ᾠδὰς
608 2075 744 2111 καλοῦμεν
765 2076 819 2112 (17)
841 2077 942 2112 (ὅντως

151 2121 203 2156 μὲν
218 2121 320 2156 ἐπῳδαὶ
339 2123 399 2153 ταῖς
421 2122 521 2157 ψυχαῖς
543 2118 623 2149 αὗται
639 2122 687 2149 νῦν
700 2123 858 2157 γεγονέναι,
874 2123 942 2159 πρὸς

148 2167 200 2202 τὴν
214 2167 341 2203 τοιαύτην
353 2187 360 2199 ,
380 2167 413 2202 ἣν
430 2167 544 2202 λέγομεν
560 2168 719 2203 συμφωνίαν
731 2189 739 2201 ,
755 2168 941 2204 ἐσπουδασμέ-

147 2220 212 2240 ναι·
236 2212 280 2239 διὰ
302 2213 330 2239 δὲ
341 2212 370 2239 τὺ
387 2213 502 2248 σπουδὴν
519 2213 555 2248 μὴ
572 2213 700 2240 δύνασθαι
714 2213 806 2248 φέρειν
823 2213 873 2245 τὰς
886 2213 941 2240 τῶν

148 2259 220 2286 νέων
230 2258 328 2294 ψυχὰς,
340 2258 444 2286 παιδιαί
459 2267 488 2285 τε
502 2259 548 2286 καὶ
559 2258 626 2294 ᾠδαὶ
641 2259 779 2287 καλεῖσθαι
794 2260 841 2286 καὶ
856 2260 941 2295 πράτ-
957 2252 978 2280 D

148 2304 267 2340 τεσθαι)’
295 2304 421 2340 καθάπερ
446 2306 502 2337 τοῖς
526 2305 659 2340 κάμνουσί
684 2314 715 2332 τε
748 2305 795 2333 καὶ
820 2305 941 2337 ἀσθενῶς

149 2351 242 2386 ἔχουσι
257 2351 291 2379 τὰ
313 2351 437 2387 σώματα,
457 2352 486 2377 ἐν
510 2351 583 2387 ἡδέσι
600 2352 631 2378 τὲ
651 2360 705 2379 τισι
721 2352 815 2384 σιτίοις
828 2352 876 2379 καὶ
893 2352 942 2378 πό-

189 2439 246 2474 (11)
272 2440 349 2467 Ἀλλ’
364 2438 421 2468 οὖν
435 2438 521 2468 οἷσθ’.
540 2439 602 2468 Haec
619 2440 730 2468 Ficinus
746 2448 808 2468 cum
824 2440 942 2468 interro-

170 2476 263 2502 atione
272 2475 423 2511 coniungit,
439 2477 539 2508 tniuns,
551 2475 786 2511 opinor,Piatonis
797 2484 830 2502 ex
846 2484 940 2504 sensu.

165 2511 227 2537 dem
247 2511 319 2537 enim
336 2510 391 2544 est,
419 2513 465 2546 qui
488 2519 549 2538 cum
572 2511 598 2537 id
621 2511 702 2545 paulo
722 2510 858 2538 difficilius
881 2519 942 2537 esse

150 2545 278 2579 dixisset,
295 2545 466 2581 philosophis
481 2551 571 2573 tamen
588 2546 668 2581 longe
682 2546 788 2573 facilius
803 2553 865 2573 esse
879 2554 942 2573 cott-

154 2581 257 2612 ﬁrmat.

190 2615 247 2650 (12)
266 2616 462 2651 Διενέτκαιεν.
492 2616 521 2644 Id
549 2616 641 2644 malim
669 2624 751 2651 quam
778 2616 941 2650 διενεγκεῖν,

190 2625 247 2650 με)
266 2625 349 2643 Διενε
369 2625 462 2645 καιεν.
492 2625 521 2644 tu
549 2625 641 2644 malim
669 2625 751 2651 quam
778 2625 941 2650 οιενεγκειν,

151 2651 324 2697 quotl‘ap'ttd
345 2625 486 2697 flatantem
503 2652 616 2697 leg‘i‘tur,
630 2651 751 2697 (ειιῐιμξτι1
763 2653 941 2697 ριξρορεεοτίι.

164 2686 247 2721 -(l5)
273 2686 432 2721 Ἐθελῆσαι
456 2687 505 2714 ἄν.
537 2688 655 2714 Omnino
681 2686 721 2714 sic
745 2687 886 2721 legendum
909 2695 942 2714 ex

151 2721 269 2784 {angue
294 2727 321 2749 et
344 2730 504 2757 ntanuscr.;
529 2723 627 2750 vitiosa
655 2721 727 2748 enim
753 2722 827 2756 prior
848 2722 941 2756 editio,

185 2765 197 2782 ε
235 2765 322 2784 σαιεν.

185 2765 322 2784 ελησαιεν.

190 2791 248 2828 (id)
272 2793 302 2818 ’Ὀ
327 2792 378 2826 δή.
402 2793 440 2820 ita
463 2796 534 2821 recte
551 2792 645 2826 Plato,
667 2799 720 2819 non
738 2791 768 2818 τὸ
787 2791 838 2828 δή,
862 2797 890 2820 ut
915 2793 942 2819 in

154 2827 240 2862 priori
261 2827 391 2856 editione.

154 2859 245 2925 ἐχῖἒὶ)
266 2863 353 2890 Δοκεῖ
369 2872 430 2898 μοι.
449 2862 543 2896 Plato,
565 2863 611 2891 lih.
627 2871 645 2891 ll
665 2859 739 2898 Lrg.,
755 2871 814 2898 pag.
835 2862 941 2895 578,E.

164 2905 200 2925 ἰς
213 2919 220 2925 .

164 2905 220 2925 ZICL

1031 1581 1079 1608 rite
1094 1580 1318 1613 commendandis,
1335 1583 1369 1607 ad
1390 1581 1570 1614 suscipiendos
1587 1580 1691 1609 virtutis
1706 1588 1780 1610 satus

1027 1616 1215 1650 praeparandos
1229 1624 1294 1643 esse.
1315 1615 1356 1643 Ea:
1369 1616 1482 1643 secundo
1494 1616 1606 1651 Legum.

1029 1682 1039 1697 ε
1057 1671 1117 1700 Jam
1132 1673 1196 1700 tuilti
1209 1673 1318 1700 tertium
1331 1678 1378 1700 aut
1393 1678 1534 1709 quartum,
1549 1674 1637 1708 inquit
1652 1674 1733 1705 idem,
1747 1682 1781 1701 co

990 1718 1069 1746 nobis
1087 1719 1208 1747 revoluta
1233 1719 1339 1746 videtur
1359 1720 1464 1752 oratio,
1481 1721 1692 1755 utdisciplinam
1708 1721 1780 1749 aliud

990 1764 1115 1792 dicamus
1133 1773 1194 1793 esse
1217 1766 1303 1799 nihil,
1319 1774 1401 1801 quam
1424 1775 1570 1801 puerorum
1593 1767 1780 1794 educatione!-

989 1811 1137 1846 ejusmodi,
1155 1819 1207 1846 qua
1223 1812 1257 1839 ad
1275 1820 1334 1839 cam
1361 1813 1423 1839 vita:
1448 1813 1579 1840 rationem
1600 1814 1780 1847 adducantur,

990 1857 1070 1892 cujus
1090 1857 1233 1892 integritas
1256 1863 1283 1885 et
1307 1859 1376 1894 legis
1392 1866 1440 1886 ore
1454 1860 1670 1891 commendetur,
1689 1867 1716 1887 et
1733 1861 1781 1887 ho-

991 1904 1094 1931 minutn
1114 1908 1168 1930 tam
1183 1904 1312 1939 aequitate
1326 1906 1523 1940 praestantium,
1536 1913 1617 1940 quam
1632 1911 1710 1933 aetate
1724 1915 1782 1933 ma-

991 1954 1115 1977 turorum
1140 1951 1303 1978 auctoritate
1329 1954 1411 1985 atque
1439 1951 1604 1986 experientia
1621 1952 1781 1986 comprobe-

991 1999 1045 2024 tur.
1057 1994 1093 2022 Ut
1102 2002 1167 2030 ergo
1175 1996 1251 2030 pueri
1267 1995 1375 2023 animus
1389 2003 1444 2023 tton
1460 1996 1520 2023 aliis
1534 1996 1568 2024 de
1583 1997 1684 2028 causis,
1699 2005 1780 2032 qnant

990 2048 1051 2076 quat
1065 2041 1116 2076 legi
1132 2041 1224 2072 simul,
1248 2046 1275 2068 et
1299 2041 1331 2069 iis
1358 2049 1419 2076 qua:
1435 2049 1450 2068 a
1467 2041 1525 2077 lege
1548 2042 1651 2069 sancita
1670 2041 1779 2072 fuerint,

990 2088 1164 2121 conveniant,
1187 2092 1234 2114 aut
1248 2087 1341 2116 dolere
1355 2092 1402 2115 aut
1421 2088 1506 2115 laetari
1528 2093 1680 2119 assuescat,
1698 2089 1781 2115 adeo-

991 2140 1044 2167 que
1054 2133 1171 2161 senioris
1184 2134 1297 2161 ductum
1312 2140 1444 2169 sequatur
1460 2135 1486 2162 in
1499 2135 1573 2161 omni
1588 2135 1705 2162 tristitia:
1716 2143 1781 2169 gau-

990 2180 1083 2214 diique
1098 2188 1180 2208 sensu
1204 2190 1211 2208 :
1230 2185 1383 2215 propterea,
1401 2188 1469 2215 quas
1484 2181 1585 2216 passim
1608 2180 1675 2208 odas
1698 2189 1780 2208 voca-

992 2234 1054 2254 mus
1066 2226 1184 2262 (tametsi
1208 2227 1280 2254 enim
1305 2228 1412 2255 animos
1433 2235 1496 2255 vere
1519 2228 1678 2254 cantionum
1695 2228 1781 2255 instar

993 2279 1065 2299 nunc
1078 2272 1187 2307 quidem
1203 2271 1330 2304 alliciant,
1345 2277 1436 2306 utpote
1447 2272 1480 2299 ad
1498 2280 1560 2299 cum
1574 2272 1607 2299 de
1622 2280 1677 2307 qtto
1690 2273 1780 2308 loqui-

992 2325 1053 2345 mur
1067 2323 1228 2345 concentum
1241 2318 1409 2346 eﬂiciendunt
1423 2319 1568 2346 elaborata:
1580 2328 1587 2351 ;
1602 2319 1673 2354 quod
1689 2324 1780 2346 tamen

989 2364 1130 2401 juniorum
1148 2365 1231 2392 animi
1241 2365 1341 2392 serium
1352 2365 1420 2392 nihil
1435 2369 1462 2392 et
1476 2370 1617 2392 actuosum
1635 2365 1705 2392 ferre
1718 2373 1782 2400 pus-

1028 2441 1082 2476 (16)
1107 2441 1295 2476 Τεθειμένοις.
1320 2441 1415 2473 Plato,
1433 2441 1644 2476 πεπεισμένοις,
1660 2441 1730 2475 quod
1749 2449 1781 2468 co

992 2476 1080 2510 magis
1105 2477 1273 2511 probandum
1291 2477 1376 2504 videri
1401 2477 1505 2511 possit,
1528 2477 1600 2511 quod
1620 2477 1699 2510 paulo
1721 2482 1781 2510 post

992 2509 1130 2548 sequatur,
1147 2509 1244 2548 οἷσπερ
1256 2513 1270 2548 δ
1282 2512 1381 2548 γέρων,
1399 2509 1476 2548 quasi
1496 2509 1565 2539 unus
1577 2511 1612 2538 sit
1621 2509 1666 2539 hic
1679 2509 1780 2544 senior,

992 2554 1025 2573 ex
1042 2546 1094 2582 illis
1111 2546 1164 2573 ὑπὸ
1178 2546 1225 2582 τοῦ
1241 2546 1323 2582 νόμον
1338 2547 1539 2582 πεπεισμένοις.

1029 2581 1084 2615 (1⁵1)
1107 2582 1154 2614 “Ac
1171 2581 1249 2614 ᾠδὰς
1274 2581 1445 2616 καλοῦμενζ
1467 2581 1562 2609 lliulca
1591 2582 1728 2616 pendens,
1753 2587 1781 2608 ct

993 2615 1092 2649 Attico,
1111 2617 1282 2651 maximeque
1299 2615 1440 2645 Platonico
1456 2624 1530 2644 more
1545 2615 1670 2644 intricata
1699 2618 1780 2644 simul

993 2651 1144 2687 ettrajccta
1160 2652 1258 2679 oratio.
1276 2651 1343 2679 Nam
1358 2652 1423 2679 illud
1440 2652 1566 2686 quidem,
1597 2652 1629 2684 ἃς
1643 2652 1714 2687 ᾠδὰς
1729 2661 1779 2678 κα-

992 2686 1101 2728 λοῦμεν,
1116 2687 1229 2728 ρηιιιίιιο
1243 2687 1360 2728 pendet._
1372 2687 1438 2728 Quae
1460 2693 1620 2728 sequuntur,
1643 2686 1729 2728 usque
1744 2688 1779 2728 ad

994 2721 1179 2757 πράττεσθαι,
1206 2723 1361 2756 parenthesi
1397 2722 1545 2749 claudenda
1572 2721 1716 2755 existimo,
1744 2724 1780 2750 ita

973 2757 1113 2798 :quidem,
1127 2761 1156 2784 ut
1173 2757 1321 2798 γεγρνέναι,
1332 2757 1484 2798 καλεῖσθαι,
1501 2757 1677 2798 πράττεσθαι,
1689 2758 1779 2798 posita

968 2792 1120 2829 1111611111Δῄ
1134 2800 1182 2826 pro
1192 2792 1309 2829 ’γένοιντ’
1329 2793 1372 2824 ἂν,
1391 2792 1534 2829 νκαλοῖντος
1553 2793 1722 2829 πράττοιντο,
1739 2794 1780 2829 vel

994 2827 1077 2865 (quod
1087 2826 1209 2865 Platoni,
1226 2827 1408 2865 Demostheni,
1422 2833 1449 2856 et
1462 2828 1521 2865 aliis
1533 2826 1725 2865 dteétxmépm;
1739 2828 1780 2855 fa—

995 2863 1210 2899 miliarissiuutm
1227 2863 1286 2899 est)
1302 2863 1351 2897 pro
1368 2863 1533 2898 impcrativis
1549 2863 1688 2899 usurpata.
1706 2864 1778 2892 Cou-

998 2899 1065 2930 sulc,
1082 2899 1104 2925 si
1120 2897 1219 2933 pluu‘l,
1233 2897 1317 2926 Vicini
1336 2897 1496 2926 \‘Cl‘alOlltlll.
