2078 3207
142 162 195 190 989

720 162 880 190 PIL-IiPAII.
902 161 1029 190 EVANG.
1047 161 1110 188 LIB.
1133 161 1187 189 XII.

1719 161 1771 190 990

142 218 334 252 αἰσθάνεσθαι,
359 220 405 246 καὶ
429 220 459 246 τὸ
479 221 607 256 παράπαν
635 221 694 256 ζῇν,
724 222 852 256 μέγιστον
880 222 930 258 μὲν

982 221 1071 248 omnis
1084 221 1210 248 cumulus
1224 220 1387 251 liabctur,ut
1400 220 1516 254 primum
1535 221 1592 248 haec
1602 221 1692 249 omnia
1707 230 1771 249 con-

142 266 226 293 m.be
238 266 284 293 τὸν
303 266 445 302 ξύμπαντα
462 267 556 303 χρόνον
571 267 704 293 ἀθάνατον
729 268 795 295 ὄντα
818 270 866 295 καὶ
889 278 934 296 κε-

141 313 279 348 κτημένον
298 313 385 340 πάντα
401 314 435 340 τὰ
445 314 578 350 λεγόμενα
594 314 694 348 ἀγαθὰ,
711 314 782 350 πλὴν
796 315 934 342 δικαιοσύ-

141 369 192 395 νης
208 369 238 386 τε
253 360 300 387 καὶ
312 361 413 396 ἀρετῆς
425 360 549 396 ἁπάειης⁸
564 361 673 387 ἔλαττον
687 361 727 392 δὲ,
739 361 787 388 ἐὰν
798 362 836 394 ὼς
847 362 933 397 ὀλίγι-

142 415 206 433 στον
221 407 236 433 ὸ
260 406 381 437 τοιοῦτος
409 407 505 442 χρόνον
521 406 636 443 ὲπιζῴῃ.
667 407 761 434 Ταῦτα
788 408 819 443 δὴ
844 408 933 442 λέγειν

141 449 219 488 οἶμαι
231 452 294 484 τοὺς
306 452 370 487 παρ’
385 452 448 487 ὑμῖν
460 453 583 488 ποιητὰς,
597 454 668 488 ἆπερ
682 453 749 488 ἐγὼ,
761 455 870 480 πείσετε
885 455 932 481 καὶ

140 497 312 531 ἀναγκάσετε
323 517 330 529 ,
350 497 390 524 ἐτι
405 497 509 530 τούτοις
534 498 684 534 ἑπομένους
705 499 826 535 ῥυθμούς
840 508 870 526 τε
885 500 934 528 καὶ

140 543 274 578 ἁρμονίας
289 543 446 575 ἀποδόντας,
460 544 596 571 παιδεύειν
606 543 677 571 οὕτω
684 545 749 576 τοὺς
759 547 835 577 νέους
844 546 931 581 ὑμῶν.

138 587 180 616 Ἦ
194 589 249 625 γὰρ
261 590 341 625 ὁρᾶτε
354 589 410 624 (25)
424 597 431 622 ;
453 589 523 623 Ἐγὼ
535 590 583 625 μὲν
607 589 662 626 γὰρ
678 590 752 625 λέγω
772 591 875 626 σαφῶς,
899 592 933 619 τὰ

141 635 193 670 μὲν
203 635 276 663 κακὰ
291 635 423 671 λεγόμενα
439 636 529 670 ἀγαθὰ
542 638 597 668 τοῖς
612 636 715 669 ἀδίκοις
729 634 798 664 εἶναι
809 658 816 670 ,
835 639 890 669 τοῖς
904 638 933 665 δὲ

138 681 256 713 δικαίοις
266 681 340 708 κακά
349 690 356 696 ·
371 681 406 708 τὰ
416 681 444 707 δὲ
459 681 559 715 ἀγαθὰ,
572 683 628 713 τοῖς
642 682 692 717 μὲν
715 682 827 716 ἀγαθοῖς
849 683 933 715 ὃντως

139 726 243 760 ἀγαθὰ,
260 728 315 758 τοῖς
328 727 356 753 δὲ
369 728 464 758 κακοῖς
478 727 558 753 κακά.
574 727 663 763 Ὅπερ
680 725 726 754 οὖν
745 729 862 764 ἠρόμην,
878 726 933 764 ἆρα

138 773 338 809 ξυμφωνοῦμεν
347 772 403 808 ἐγώ
415 783 445 800 τε
462 774 509 801 καὶ
521 775 609 809 ὑμεῖς,
636 774 654 809 ἢ
669 774 744 807 πῶς;
759 784 768 800 ι
786 775 823 802 Οὐ
838 775 933 810 πόρρω

138 819 226 846 ταῦτα
245 820 374 855 τυγχάνει
395 820 450 846 τῶν
462 820 509 846 τοῦ
524 820 605 847 Δαϐὶδ
617 820 753 856 Ψαλμῶν,
769 820 815 853 οὒς
830 820 932 857 προλα-

138 863 195 890 ϐὼν
207 863 273 900 θείῳ
285 864 419 900 πνεύματι
434 864 561 896 συνέταξε
573 864 606 890 δι’
617 864 697 899 ᾠδῶν
708 865 756 891 καὶ
770 865 874 901 ὓμνων,
890 866 932 898 τίς

139 910 192 945 μὲν
207 911 221 936 ὁ
245 909 353 946 ἀληθῶς
383 910 526 946 μακάριος,
545 910 587 941 τίς
613 910 642 936 δὲ
657 911 671 936 ὁ
695 909 783 946 τούτῳ
798 910 931 944 ὲναντίος,
950 907 970 935 Β

138 955 297 988 παιδεύσας.
327 955 466 982 Ἐντεῦθεν
486 955 551 990 γοῦν
570 955 645 990 αὐτῷ
662 957 710 983 καὶ
734 957 929 992 κατάρχεται-ὴ

139 1002 229 1037 βίϐλος
240 1002 356 1037 φήσαντι
369 1010 375 1016 '
388 1010 397 1027 ι
412 1002 555 1037 Μακάριος
569 1001 638 1037 ἀνὴρ
650 1002 679 1033 ὃς
687 1003 737 1029 οὐκ
752 1002 887 1038 ἐπορεύθη
903 1003 932 1029 ὲν

139 1048 222 1083 βουλῇ
237 1047 358 1075 ἀσεϐῶν
380 1057 390 1074 t
413 1048 459 1074 καὶ
483 1049 517 1075 τὰ
533 1049 622 1083 ὅμοια.
640 1048 675 1074 "A
688 1048 722 1084 δὴ
739 1048 899 1084 μεταϐαλὼν
916 1049 931 1074 ὁ

139 1094 263 1126 Πλάτων,
281 1094 347 1129 φησὶ
373 1093 428 1121 δεῖν
452 1094 514 1126 τοὺς
531 1093 647 1128 ποιητὰς
670 1093 771 1128 λέγειν,
801 1095 838 1127 ὡς
853 1096 867 1121 ὸ
882 1094 931 1130 μὲν

137 1139 241 1173 ἀγαθὸς
254 1139 334 1175 ἀνὴρ,
352 1139 467 1175 σώφρων
477 1140 514 1167 ὢν
531 1141 578 1167 καὶ
592 1140 708 1172 δίκαιος,
726 1140 862 1176 εὐδαίμων
873 1142 932 1167 ἐστι

137 1186 187 1213 καὶ
205 1186 355 1222 μακάριος⁵
379 1186 427 1212 ἐὰν
442 1186 470 1213 δὲ
498 1187 552 1222 ἄρα
579 1186 694 1223 πλουτῇ,
771 1187 799 1214 δὲ
828 1187 931 1219 ἄδικος,

137 1232 230 1265 ἄθλιός
249 1233 333 1259 ἐστιν.
354 1232 386 1259 '0
403 1233 450 1259 καὶ
467 1232 532 1259 αὐτὸ
558 1233 640 1260 πάλιν
660 1234 674 1259 ὁ
690 1233 772 1259 Δαϐὶδ
794 1230 845 1260 ὧδέ
873 1242 932 1265 πως

137 1278 253 1312 ἐξέδωκε
266 1279 310 1306 διὰ
323 1279 377 1306 τῶν
391 1279 514 1314 Ψαλμῶν
528 1278 613 1306 εἰπών
624 1287 631 1294 ·
649 1289 659 1305 ι
676 1279 794 1311 Πλοῦτος
807 1280 854 1307 ἐὰν
870 1279 929 1315 ῥέῃ,

138 1326 179 1362 μὴ
193 1325 370 1361 προστίθεσθε
387 1325 500 1361 καρδίαν
512 1333 518 1339 ·
539 1335 548 1351 ι
566 1326 612 1352 καὶ
623 1325 705 1352 πάλιν
718 1334 724 1341 ’
746 1335 754 1351 ι
771 1325 817 1361 Μὴ
834 1325 928 1360 φοϐοῦ,

136 1372 203 1401 ὅταν
217 1372 353 1407 πλουτήσῃ
366 1371 509 1406 ἄνθρωπος
521 1391 529 1403 ,
547 1372 564 1407 ἢ
582 1372 647 1398 ὅταν
665 1371 805 1407 πληθυνθῇ
828 1372 844 1406 ἡ
867 1371 932 1404 δόξα.

136 1419 185 1446 τοῦ
200 1419 272 1446 οῐκου
286 1418 378 1445 αὑτοῦ.
397 1427 406 1444 ι
432 1418 493 1444 Ἐπὶ
511 1418 608 1453 σχολῆς
623 1418 645 1444 δ’
667 1417 702 1444 ἂν
723 1416 814 1453 εὖροις
829 1417 932 1444 ἕκαστα

137 1466 193 1493 τῶν
206 1466 358 1501 εἰρημένων
371 1465 412 1501 τῷ
426 1465 573 1500 φιλοσόφῳ,
589 1465 657 1500 πρὸς
672 1463 746 1496 λέξιν
769 1464 884 1500 κείμενα
897 1464 930 1491 δι’

136 1512 203 1547 ὅλης
215 1512 266 1547 τῆς
276 1512 350 1548 ἱερᾶς
363 1512 417 1539 τῶν
432 1511 554 1546 Ψαλμῶν
566 1511 686 1546 γραφῆς.

985 272 1095 295 secutus
1119 267 1192 299 eris,
1218 266 1349 293 continuo
1375 266 1554 294 immortalem
1578 269 1700 295 evadere.
1737 269 1772 295 At

984 312 1119 347 ejusmodi
1142 319 1205 340 cum
1230 316 1330 344 vester,
1355 311 1463 346 opinor,
1486 316 1543 339 tum
1565 320 1645 340 meus
1662 321 1771 348 quoque

984 366 1082 386 sensus
1095 362 1146 390 est,
1156 358 1222 385 viris
1239 357 1349 393 quidem
1362 357 1443 392 justis
1457 365 1488 384 ac
1501 357 1552 392 piis
1567 359 1696 393 optimam
1710 366 1771 387 esse

983 413 1075 433 rerum
1093 405 1206 432 istarum
1223 403 1345 431 onmium
1363 403 1563 437 possessionem
1575 424 1583 437 ,
1599 409 1627 430 at
1641 405 1772 439 improbis

950 448 953 452 ’
984 451 1064 487 longe
1083 450 1242 486 pessimam,
1269 450 1346 477 initio
1360 450 1394 477 ab
1411 451 1526 484 ipsamet
1548 450 1664 478 sanitate
1677 451 1769 477 ducto.

983 497 1052 525 Nam
1066 494 1167 530 videre,
1192 497 1298 530 audire,
1317 497 1427 529 sentire,
1444 497 1610 531 omninoque
1625 497 1724 529 vivere,
1742 502 1772 525 ut

984 543 1133 570 maximum
1158 542 1183 569 ei
1203 541 1305 568 malum
1330 541 1420 573 fuerit,
1444 541 1491 576 qui
1513 541 1571 568 haec
1593 542 1696 573 omnia,
1711 549 1772 576 quze

983 589 1065 623 vulgo
1081 588 1152 616 bona
1165 587 1304 620 dicuntur,
1317 587 1482 622 sempiterno
1497 591 1617 622 tempore
1629 587 1772 614 immorta-

984 635 1018 662 lis
1033 634 1188 669 possideat,
1205 641 1221 660 a
1241 632 1347 668 justitia
1373 637 1400 660 et
1421 633 1519 660 virtute
1537 633 1675 667 sejuncta;
1692 634 1731 661 sic
1747 633 1772 660 ei

983 683 1064 718 longe
1081 682 1183 714 minus,
1201 682 1248 716 qui
1266 681 1326 708 talis
1351 688 1413 708 eum
1435 685 1518 714 esset,
1536 681 1645 708 nonnisi
1669 681 1772 708 brevis-

984 729 1055 757 simo
1072 733 1193 763 tempore
1207 727 1316 755 vixerit.
1351 726 1415 755 Haec
1430 727 1523 762 utique
1545 728 1628 755 vestri
1647 732 1676 755 ut
1688 733 1773 763 poeta:

984 779 1094 808 canant,
1101 774 1143 802 vel
1152 773 1389 809 impetrabitis,vel
1402 774 1609 809 extorquebitis,
1617 782 1729 802 necnon
1744 778 1773 801 ut

984 825 1076 856 aptum
1102 820 1136 848 iis
1151 824 1178 847 et
1201 819 1342 847 cohaarens
1367 826 1542 846 numerorum
1571 824 1773 853 concentusque

984 875 1069 903 genus
1094 866 1258 898 adhibeant,
1280 865 1353 900 quod
1377 865 1532 892 erudiendis
1556 865 1772 893 adolescentibus

985 914 1084 941 vestris
1101 918 1282 948 opportunum
1298 912 1334 940 sit
1348 911 1480 939 futurum.
1516 911 1611 939 Utrum
1634 920 1706 940 enim
1722 913 1773 940 hoc

984 958 1123 987 advertitis
1131 957 1311 993 ?——Equidem
1327 957 1354 984 id
1371 957 1442 984 clare
1453 958 1609 992 pronuntio,
1625 965 1685 992 qua:
1703 957 1772 984 mala

983 1005 1121 1036 dicuntur,
1131 1004 1241 1039 injustis
1254 1004 1415 1036 bona,mala
1426 1004 1509 1039 justis
1521 1011 1598 1035 esse;
1615 1012 1676 1039 quae
1691 1004 1772 1035 bona,

983 1051 1062 1078 bonis
1077 1058 1140 1077 vere
1155 1050 1235 1082 bona,
1247 1050 1326 1078 malis
1338 1055 1427 1078 autem
1442 1049 1663 1078 mala.—-Utrum
1680 1050 1772 1085 igitur,

983 1096 1010 1123 in
1023 1103 1055 1123 c0
1071 1095 1143 1130 quod
1158 1096 1297 1130 rogabant,
1328 1096 1398 1124 inter
1411 1103 1461 1123 nos
1476 1096 1663 1128 convenimus,
1679 1103 1712 1122 an
1730 1104 1773 1123 se-

983 1142 1050 1169 cus?
1066 1151 1075 1167 ›
1093 1142 1235 1169 Platonica
1259 1142 1312 1170 ista
1328 1150 1381 1169 non
1395 1142 1541 1169 admodum
1557 1149 1571 1168 a
1589 1141 1704 1169 Psalmis
1723 1142 1774 1169 Da-

982 1189 1053 1216 vidis
1066 1189 1184 1221 absunt,
1207 1196 1277 1223 quos
1293 1188 1403 1223 quidem
1418 1188 1475 1223 ipse
1491 1188 1584 1215 divino
1600 1187 1705 1215 amatus
1720 1187 1773 1214 Nu-

983 1236 1056 1264 mine
1071 1239 1146 1263 lanto
1169 1241 1231 1262 ante
1245 1243 1278 1263 ex
1293 1236 1420 1263 cantibus
1436 1233 1598 1271 hymnisque
1621 1236 1771 1267 contexuit,

983 1282 1111 1316 quisnam
1123 1289 1186 1309 vere
1199 1286 1246 1308 aut
1258 1281 1364 1312 beatus,
1378 1286 1425 1308 aut
1437 1281 1520 1308 miser
1532 1286 1771 1316 esset,exponens.

984 1327 1018 1354 Et
1029 1327 1138 1361 quidem
1155 1334 1234 1354 suum
1258 1327 1315 1361 ipse
1328 1326 1426 1353 librum
1439 1326 1502 1354 inde
1517 1326 1673 1360 auspicatur
1684 1347 1690 1358 ,
1707 1327 1772 1354 dum

983 1373 1042 1400 ait:
1061 1381 1070 1398 ι
1088 1372 1186 1400 Beatus
1203 1373 1254 1406 vir,
1278 1372 1325 1407 qui
1351 1380 1403 1399 non
1429 1372 1510 1407 596
1533 1372 1599 1399 abiit
1615 1373 1641 1399 in
1659 1374 1773 1400 consilio

984 1419 1129 1454 impiorum
1144 1419 1164 1434 θ’
1177 1428 1201 1451 ;»
1220 1425 1246 1446 et
1259 1419 1370 1451 similia,
1388 1419 1488 1453 quibus
1502 1419 1627 1446 nonnihil
1643 1421 1772 1446 immuta-

984 1465 1030 1498 tis,
1045 1464 1122 1492 Plato
1137 1465 1208 1492 hanc
1220 1464 1306 1500 poetis
1322 1465 1509 1492 necessitatem
1525 1465 1656 1500 imponit,
1681 1466 1718 1492 uti
1734 1466 1772 1492 vi-

986 1519 1046 1538 rum
1073 1511 1193 1544 bonum,
1221 1511 1260 1538 vel
1287 1511 1339 1537 hoc
1353 1511 1426 1543 ipso,
1445 1518 1499 1545 quo
1524 1511 1729 1545 temperantiam
1746 1515 1773 1538 et

137 1558 293 1592 aequitatem
316 1558 404 1590 colat,
421 1557 526 1585 felicem
548 1557 714 1592 beatutnque
729 1557 926 1592 pronuntient;
947 1557 1100 1592 improbum
1122 1562 1224 1590 autem,
1249 1562 1279 1585 ut
1298 1557 1400 1584 divitiis
1427 1557 1609 1590 circumﬂuat,
1641 1558 1770 1585 miserum

138 1604 294 1639 praedicent.
315 1603 392 1637 Quod
408 1604 496 1638 ipsum
524 1602 609 1630 David
626 1603 654 1630 in
671 1603 730 1631 suis
755 1611 865 1638 quoque
879 1603 996 1631 Psalmis
1011 1603 1155 1638 expressit,
1179 1604 1222 1631 his
1235 1604 1324 1631 verbis
1342 1613 1348 1630 :
1376 1614 1384 1630 ι
1402 1603 1506 1631 Divitize
1529 1604 1551 1630 si
1579 1604 1699 1635 allluant,
1723 1613 1772 1631 nu-

137 1650 186 1677 lite
205 1657 253 1677 cor
275 1657 408 1685 apponere
421 1649 454 1676 θ’.
472 1659 482 1675 ι
501 1650 588 1684 Atque
606 1650 717 1683 iterum,
734 1659 744 1675 ι
761 1649 799 1677 Ne
821 1650 928 1681 timeas,
949 1657 1011 1677 cum
1024 1651 1100 1678 dives
1114 1651 1203 1678 factus
1217 1651 1297 1678 fuerit
1314 1651 1406 1684 homo,
1429 1655 1477 1678 aut
1507 1659 1568 1678 cum
1596 1651 1771 1686 Illttlliplit'ala

137 1696 221 1724 fuerit
232 1696 318 1731 gloria
331 1695 429 1723 domus
446 1696 514 1730 ejus.
530 1696 563 1723 ⁸³.
582 1706 591 1722 ι
610 1695 681 1729 Quin
698 1697 779 1724 etiam
793 1697 926 1732 quidquid
946 1704 979 1724 eo
994 1697 1055 1724 loco
1070 1698 1171 1726 dictum
1188 1706 1203 1725 a
1224 1699 1387 1734 philosopho
1404 1703 1463 1732 est,
1490 1698 1516 1726 id
1546 1704 1573 1726 tu
1588 1707 1668 1727 etnne
1696 1700 1772 1734 Sigil-

137 1743 227 1775 Iatim,
251 1743 280 1770 in
300 1749 379 1770 sacro
394 1741 563 1768 Psalmorum
587 1743 744 1775 volumine,
763 1742 795 1769 ad
815 1743 926 1770 verbum
948 1751 1121 1778 expressum,
1139 1743 1242 1779 majore
1255 1745 1312 1771 otio
1325 1744 1454 1778 reperies.

393 1789 590 1826 KE‘I’AAAION
608 1789 671 1814 KB’.

1265 1789 1381 1817 CAPUT
1401 1789 1483 1816 XXII.

137 1835 201 1861 Ὅτι
216 1835 253 1861 οὐ
268 1833 388 1860 πάντων
402 1833 467 1870 ἐστὶ
485 1834 537 1865 τὰς
552 1833 640 1870 ὀρθὰς
654 1833 733 1865 ᾠδὰς
746 1833 794 1870 καὶ
807 1833 843 1870 τὰ
854 1833 932 1870 μέλη

985 1835 1047 1862 Νοη
1062 1835 1178 1870 cujusvis
1202 1843 1257 1862 esse
1280 1835 1426 1862 laudabiles
1447 1836 1513 1862 edas
1527 1840 1551 1862 et
1566 1837 1686 1864 carmina
1706 1838 1773 1864 scri-

173 1870 321 1896 ΰύνασθαι
337 1869 442 1902 ποιεῖν,
463 1869 531 1896 ἀλλ’
548 1869 567 1903 ἢ
588 1869 685 1903 μόνου
710 1868 795 1902 Θεοῦ,
812 1868 831 1902 ἢ
852 1869 933 1896 θείου

174 1904 257 1936 τινὸς
272 1904 391 1938 ἀνδρός.

178 1960 187 1975 ι
205 1949 386 1985 Νομοθετικὺν
400 1948 456 1985 (24)
468 1948 518 1984 μὲν
531 1945 577 1975 οὖν
585 1948 632 1975 καὶ
640 1948 779 1975 πολιτικὸν
792 1948 929 1984 ὑπερϐαλ-

138 1997 250 2028 λόντως.
269 1995 339 2023 Ἀλλ’
352 1996 434 2031 ἕτερα
450 1995 539 2030 φαῦλα
554 1995 587 2022 ἂν
612 1995 703 2031 εὕροις
719 1995 812 2022 αὐτόθι
826 2004 832 2010 ·
851 1995 930 2022 τοῦτο

137 2043 162 2070 δ’
180 2040 227 2069 οὖν
253 2041 284 2068 τὸ
305 2041 369 2077 περὶ
395 2041 526 2076 μουσικὴν
547 2040 646 2076 ἀληθές
665 2049 695 2066 τε
721 2041 768 2067 καὶ
797 2041 871 2072 ἄξιον
886 2041 929 2068 ὲν-

137 2090 231 2122 νοῐας·
245 2091 285 2116 ὅτι
300 2089 410 2116 δυνατὸν
424 2089 477 2124 ἄρα
498 2087 532 2124 ἦν
556 2089 620 2124 περ)¹
635 2087 690 2114 τῶν
705 2087 833 2114 τοιούτων
855 2097 930 2123 νομο-

139 2135 286 2168 θετεῖσθαι,
298 2134 413 2170 βεϐαίως
424 2135 587 2170 θαρροῦντα,
607 2133 674 2169 μέλη
688 2133 722 2160 τὰ
732 2133 781 2169 τὴν
797 2133 931 2169 ὀρθότητα

140 2181 222 2216 φύσει
240 2180 424 2216 παρεχόμενα.
442 2179 527 2205 Τοῦτο
546 2179 573 2205 δὲ
587 2178 655 2205 θεοῦ
675 2178 692 2214 ἢ
709 2178 780 2205 θείου
793 2178 865 2210 τινὸς
884 2179 931 2205 ἀν-

139 2228 204 2264 δρὸς
219 2227 253 2254 ἂν
267 2227 319 2262 εἴη.
336 2237 344 2252 ι
363 2226 481 2257 Εἰκότως
494 2225 547 2261 ἄρα
561 2225 607 2252 καὶ
621 2226 686 2261 παρ’
707 2224 842 2259 Ἑϐραίοις
857 2233 930 2251 νενο-

140 2273 285 2308 μοθὲτητο,
318 2273 384 2310 μηδὲ
403 2272 497 2303 ἄλλους
529 2271 630 2307 ὕμνους
647 2272 694 2298 καὶ
710 2271 781 2307 ᾠδὰς
812 2273 841 2298 ἐν
870 2273 929 2303 ταῖς

1018 1870 1094 1911 bere',
1111 1871 1156 1897 sed
1176 1870 1214 1897 vel
1236 1871 1313 1898 unius
1332 1870 1392 1904 Dei,
1408 1872 1446 1898 vel
1471 1871 1554 1898 divini
1570 1873 1709 1906 cujusdam
1726 1874 1772 1899 Itu-

1019 1914 1108 1932 mtms.

1021 1961 1030 1977 ι
1047 1953 1116 1985 lmo,
1130 1951 1201 1986 quod
1214 1952 1313 1979 summi
1327 1959 1439 1986 prorsus
1455 1952 1544 1987 inquit
1557 1952 1644 1985 Plato,
1667 1962 1727 1980 cum
1744 1954 1770 1980 in

982 1997 1087 2033 legibus
1102 1997 1232 2031 ferendis,
1242 2002 1298 2025 tum
1317 1998 1344 2024 in
1358 1998 1549 2025 constituenda
1562 1999 1698 2033 republica
1714 2007 1772 2025 Illn-

983 2044 1067 2071 menti
1084 2043 1129 2071 sit.
1150 2042 1217 2070 Nam
1233 2043 1328 2070 utalia
1339 2044 1462 2078 quaedam
1478 2046 1548 2078 apud
1561 2051 1609 2071 eos
1623 2044 1770 2071 leviusrula

982 2089 1118 2124 reperias;
1135 2089 1187 2116 hoc
1203 2096 1269 2116 sane
1283 2089 1355 2124 quod
1371 2090 1397 2115 in
1411 2089 1516 2116 musica
1540 2094 1672 2119 statuunt.
1688 2094 1714 2116 et
1726 2097 1771 2115 vc-

981 2143 1053 2168 rum,
1063 2139 1090 2162 et
1105 2135 1296 2162 observatione
1308 2135 1419 2170 dignum
1432 2140 1473 2162 est
1489 2144 1495 2161 :
1511 2136 1567 2162 ﬁeri
1581 2136 1706 2162 nimirum
1723 2145 1771 2170 μυ-

981 2182 1084 2214 tuisse,
1100 2186 1130 2208 ut
1154 2182 1206 2209 hoc
1226 2182 1308 2209 etiam
1334 2183 1361 2209 in
1384 2190 1482 2217 genere
1499 2182 1648 2217 legislator,
1666 2183 1689 2209 si
1705 2191 1770 2209 cott-

983 2232 1086 2254 stanter
1102 2227 1215 2255 auderet
1231 2228 1321 2261 modo,
1344 2232 1496 2255 concentus
1507 2236 1555 2255 eos
1570 2228 1627 2263 lege
1640 2229 1767 2258 sanciret.

981 2272 1027 2307 qui
1042 2280 1088 2307 per
1102 2280 1162 2300 sese
1176 2273 1346 2301 honestatem
1368 2278 1472 2300 natura:
1492 2281 1523 2301 ac
1543 2274 1703 2308 probitatem
1720 2273 1767 2299 ad-

139 2319 226 2350 θείαις
240 2319 422 2350 διδασκαλίαις
439 2318 617 2354 ἀποδέχεσθαι
633 2318 650 2353 ἢ
663 2318 712 2349 τὰς
725 2318 777 2344 ὑπὸ
793 2318 839 2344 τοῦ
856 2318 928 2345 θείου

982 2318 1134 2353 iungerent.
1153 2318 1287 2346 Caeterum
1303 2319 1331 2346 id
1344 2320 1384 2347 vel
1399 2320 1457 2354 Dei,
1474 2321 1515 2347 vel
1530 2320 1612 2347 divini
1628 2319 1767 2354 cttjusdant

139 2365 299 2400 Πνεύματος
330 2364 373 2391 διὰ
388 2364 441 2390 τῶν
456 2363 535 2390 θείων
561 2364 608 2391 καὶ
632 2363 808 2399 προφητικῶν
822 2363 927 2399 ἀνδρῶν

139 2411 338 2447 πεποιημένας,
365 2411 401 2437 τά
429 2419 458 2437 τε
479 2409 583 2441 τούτοις
613 2409 768 2444 κατάλληλα
793 2408 870 2444 μέλη,
888 2408 927 2444 τῷ

139 2455 253 2490 συνήθει
268 2457 332 2492 παρ’
349 2456 439 2487 αὐτοῖς
454 2454 571 2490 ᾀδόμενα
581 2453 684 2489 τρόπῳ.

981 2363 1100 2391 hominis
1115 2365 1254 2398 proprium
1271 2365 1365 2391 fuerit.
1385 2375 1394 2390 ι
1414 2365 1480 2392 Jure
1491 2374 1555 2401 ergo
1570 2370 1679 2392 cautum
1697 2366 1768 2400 apud

980 2407 1106 2435 Hebraeos
1120 2408 1188 2441 fuit,
1207 2415 1237 2436 ut
1250 2417 1284 2436 ne
1299 2409 1345 2436 alii
1360 2409 1459 2437 divinis
1480 2410 1506 2436 in
1527 2410 1658 2437 doctrinis
1676 2409 1767 2443 hymni

979 2458 1131 2488 cantusque
1147 2454 1238 2481 locum
1253 2455 1396 2488 haberent,
1409 2463 1490 2490 quam
1503 2463 1572 2489 quos
1590 2455 1698 2482 divinus
1712 2454 1768 2488 ipse

139 2503 261 2538 Spiritus
288 2503 442 2530 divinorum
472 2510 504 2529 ac
534 2501 754 2536 propheticorum
786 2499 928 2527 hominum
957 2507 1005 2527 ore
1035 2500 1160 2534 fudisset,
1187 2509 1274 2536 eoque
1298 2507 1429 2537 praeterea
1454 2502 1625 2529 modulorum
1658 2508 1767 2536 genere,

137 2550 214 2586 quod
227 2557 254 2578 et
268 2557 331 2577 cum
354 2549 421 2584 ipsis
444 2549 602 2580 cohaereret,
624 2551 650 2574 et
669 2546 783 2574 solemni
797 2547 866 2582 apud
883 2554 931 2574 eos
949 2551 1114 2583 receptoque
1125 2555 1202 2575 more
1215 2553 1369 2575 caneretur.

393 2593 591 2621 ΚΕΦΑΛΑΙΟΝ
607 2593 671 2620 Kl".

137 2642 210 2677 Περὶ
225 2641 284 2668 τῶν
300 2640 466 2675 δοκιμάζειν
477 2640 548 2677 οζων
563 2647 595 2677 te
609 2638 663 2677 fde
687 2638 762 2665 κατὰ
786 2637 861 2665 Θεὸν
875 2644 928 2665 πε-

402 2675 566 2710 ποιημένας
580 2674 668 2707 ᾠδάς.

179 2733 189 2749 ί
204 2721 342 2758 Συγχωρῶ
363 2721 418 2757 (25)
432 2730 464 2756 γε
477 2721 507 2748 τό
522 2729 554 2755 γε
570 2720 695 2747 τοσοῦτον
720 2720 767 2746 καὶ
794 2719 849 2754 ἐγὼ
873 2721 928 2752 τοῖς

176 2770 198 2786 ⁶¹
217 2770 290 2797 Psal.
310 2777 330 2801 ι,
347 2769 372 2796 I.
414 2769 435 2784 "
449 2768 522 2796 Psal.
540 2776 597 2801 Lxr,
614 2768 656 2795 ll.

176 2816 233 2850 (‘25)
253 2814 290 2844 Ἦ
305 2816 360 2851 γὰρ
374 2815 471 2850 ὁρᾶτε.
489 2815 660 2846 Familiaris.
686 2819 716 2841 ut
746 2815 772 2842 in
795 2815 928 2851 dialogis.

139 2850 325 2887 cdmpellalio,
340 2859 389 2879 nec
409 2851 560 2887 vernacula:
574 2855 677 2887 nostrae
687 2851 829 2887 dissimilis
840 2869 848 2883 ,
864 2850 927 2884 (lar,

140 2885 300 2922 rvyrst'ous
322 2887 390 2914 hic".
408 2886 488 2919 Mais,
504 2894 655 2920 t'nycz—t'oua
670 2885 737 2913 (νίυη.

697 2767 719 2783 ⁸³
732 2767 805 2795 Psal.
818 2775 913 2799 xum,
933 2767 975 2794 17.

1262 2594 1376 2622 CAPUT
1394 2595 1487 2622 XXIII.

1024 2638 1063 2665 De
1078 2639 1111 2666 iis
1127 2640 1171 2674 qui
1185 2640 1288 2667 divinos
1303 2641 1364 2668 illos
1381 2646 1474 2668 cantus
1486 2641 1597 2676 probare
1612 2642 1722 2675 possint.

1019 2727 1028 2744 ι
1046 2719 1102 2754 Ego
1119 2727 1194 2753 vero,
1211 2720 1300 2755 inquit
1320 2719 1408 2753 Plato,
1434 2721 1459 2748 id
1484 2721 1650 2748 multitudini
1667 2729 1764 2748 conce-

979 2814 1298 2884 ωβιίὲἹΙξοιῦοθετικόν.
1331 2815 1424 2849 Plato,
1451 2816 1545 2844 eodem
1574 2817 1621 2845 lib.
1647 2825 1666 2845 ιι
1689 2817 1765 2853 ch.,

997 2859 1038 2884 ‘g.
1113 2871 1120 2883 ν
1163 2871 1170 2877 ι

1013 2859 1249 2921 ῗὲδῗέυξῗέωμῡ.
1266 2886 1302 2914 ld.
1322 2887 1398 2920 εδει,
1412 2895 1471 2923 pag.
1489 2886 1551 2920 578,
1564 2887 1596 2914 c.
