2078 3207
328 175 378 206 991

644 173 780 202 EUSEBll
799 172 1040 202 CIESABIENSIS
1058 167 1130 201 OPP.
1157 172 1247 200 PARS
1262 172 1295 201 ll.
1313 189 1349 194 —
1367 173 1616 202 APOLOGETICA.

1893 173 1943 203 999

329 235 391 262 dam
407 234 464 269 ipse
477 240 603 268 quoque,
620 233 752 260 musicam
775 232 912 267 voluptate
927 231 1014 259 metiri
1030 239 1112 267 opor-

1172 232 1280 264 πολλοῖς,
1295 232 1351 259 δεῖν
1363 232 1412 268 τὴν
1428 232 1560 268 μουσικὴν
1571 232 1653 268 ἡδονῇ
1659 231 1797 267 κρίνεσθαι
1807 239 1816 247 ·
1832 232 1870 268 μὴ
1882 228 1943 268 μὲν-

330 284 404 313 tere,
429 279 468 307 sic
495 283 602 311 tamen,
619 282 648 305 ut
664 286 717 305 non
735 278 764 305 iu
779 278 946 313 plebeiorum
970 278 1110 306 hominum

329 325 465 359 voluptate
485 324 703 358 acquiescamus,
723 323 771 351 sed
788 323 919 358 optimam
934 323 990 351 fere
1007 331 1112 351 musam

330 370 403 397 illam
427 377 487 398 esse
509 374 679 403 statuamus,
707 376 769 404 quae
792 368 910 404 optimos
938 373 1018 404 atque
1033 369 1113 405 597

329 414 430 449 optime
443 414 595 446 institutos,
612 414 730 441 maxime
743 421 807 442 vero
826 421 887 449 quae
902 422 985 442 unum
997 415 1113 450 aliquem

330 459 429 487 virtute
451 459 629 495 doctrinaque
650 464 824 496 praestantem
842 460 997 488 delectabit.
1025 461 1114 494 Quare

328 505 457 534 virtutem
473 505 501 533 in
516 507 612 541 primis
626 506 780 534 carminum
795 507 902 534 illorum
914 506 1051 542 judicibus
1068 515 1116 534 ne—

329 552 476 581 cessariam
499 559 558 580 esse
580 552 762 585 defendimus,
780 560 842 580 cum
862 553 881 580 ii
899 560 954 580 non
972 553 1114 588 prudentia

329 599 421 629 modo.
432 606 526 626 verum
540 598 621 626 etiam
635 599 789 626 constantia
797 599 903 634 praediti
916 606 977 627 esse
989 599 1113 626 debeant.

330 643 385 671 Nec
401 644 473 670 enim
497 643 619 678 profecto
632 644 735 677 deceat,
754 648 784 671 ut
803 651 899 679 aequus
917 651 1053 680 verosque
1069 644 1116 679 ju-

330 689 392 721 dex,
405 694 452 716 aut
466 688 500 716 ab
514 689 631 724 ipsomet
643 687 751 717 theatro
760 691 884 724 edoctus,
897 694 923 718 et
935 691 1032 725 partim
1046 691 1117 718 mul-

330 735 454 763 titudinis
471 736 597 771 strepitu,
615 736 714 771 partim
732 736 846 764 stultitia
861 737 971 771 propria
994 736 1117 771 stupefa-

330 785 390 808 ctus
401 781 534 815 judicium
553 781 637 815 ferat;
655 787 701 809 aut
717 782 781 810 dum
795 783 878 810 etiam
900 783 958 818 ipse
977 784 1117 811 veritatem

330 827 470 862 agnoscit,
490 827 596 862 ignavia
621 831 712 855 tamen
737 828 893 856 debilitatus
913 837 945 857 ac
969 834 1054 862 metu,
1072 829 1118 857 illo

330 871 390 905 ipso
402 879 460 905 ore,
477 880 533 906 quo
545 873 626 906 paulo
641 877 705 900 ante
718 880 781 901 cum
799 874 832 901 ad
845 874 1022 908 iudicandum
1039 883 1118 903 acce-

1163 287 1205 305 τοι
1227 278 1282 305 τῶν
1294 286 1326 313 γε
1339 279 1529 313 ἐπιτυχόντων,
1550 277 1618 304 ἀλλὰ
1640 277 1731 312 σχεδὸν
1743 277 1852 313 ἐκείνην
1879 275 1944 305 εἶναι

1165 322 1276 350 Μοῦσαν
1292 322 1446 357 καλλίστην,
1461 324 1521 358 ἥτις
1535 323 1597 354 τοὺς
1611 322 1764 357 βελτίστους
1780 323 1827 349 καί
1849 323 1945 355 ἱκανῶς

1166 368 1397 404 πεπαιδευμένους
1421 369 1534 404 τέρπει,
1565 368 1680 404 μάλιστα
1700 368 1728 395 δὲ
1755 369 1815 404 ἥτις
1839 368 1888 396 ἕνα
1902 369 1946 395 τᾶν

1165 415 1250 450 ἀρετῇ
1267 423 1297 441 τε
1308 415 1354 441 καὶ
1370 415 1478 450 παιδείᾳ.
1495 414 1665 450 διαφέροντα.
1680 414 1729 441 Διὰ
1742 414 1827 441 ταῦτα
1839 415 1868 441 δὲ
1882 416 1946 450 ἀρε-

1166 462 1216 497 τῆς
1230 470 1318 497 φαμεν
1330 461 1430 488 δεῖσθαι
1447 462 1509 493 τοὺς
1530 461 1630 489 τούτων
1647 462 1754 497 κριτὰς,
1777 462 1818 489 ὅτι
1841 462 1894 497 τῆς
1918 471 1947 488 τε

1167 507 1249 543 ἄλλης
1267 507 1395 542 μετόχους
1405 507 1503 538 αὐτοὺς
1515 505 1583 534 είναι
1599 507 1640 534 δεῖ
1659 509 1831 543 φρονήσεως,
1854 508 1902 534 καὶ
1917 508 1947 543 δὴ

1167 553 1273 587 καὶτῆς
1289 552 1422 588 ἀνδρείας.
1438 552 1506 579 Οὔτε
1518 552 1572 588 γὰρ
1595 553 1670 588 παρὰ
1695 553 1807 589 θατέρου
1832 553 1888 588 (26)
1910 553 1948 580 δεῖ

1167 598 1212 625 τόν
1223 607 1254 632 γε
1268 598 1354 633 ἀληθῆ
1363 599 1458 634 κριτὴν
1470 598 1572 634 κρίνειν
1588 599 1766 634 μανθάνοντα,
1776 599 1824 626 καὶ
1834 599 1949 634 ἐκπλητ-

1167 645 1280 680 τόμενον
1295 644 1347 671 ὑπὸ
1359 644 1405 671 τοῦ
1420 643 1533 680 θορύϐου
1547 645 1600 672 τῶν
1613 645 1725 678 πολλῶν,
1741 646 1788 672 καὶ
1803 646 1853 681 τῆς
1870 645 1950 672 αὑτοῦ

1169 690 1362 722 ἀπαιδευσίας,
1388 690 1443 717 οὔτ’
1457 688 1490 718 αὖ
1510 690 1704 725 γιγνώσκοντα,
1732 691 1765 718 δι’
1793 691 1950 726 ἀνανδρείαν

1169 736 1217 763 καὶ
1232 735 1340 768 δειλίαν,
1356 737 1388 762 ἐκ
1399 736 1444 762 τοῦ
1455 736 1535 763 αὐτοῦ
1548 737 1692 772 στόματος,
1704 733 1789 773 οὗπερ
1799 737 1862 769 τοὺς
1877 737 1951 768 θεοὺς

1170 781 1362 813 ἐπεκαλέσατο,
1378 781 1480 816 μέλλων
1493 781 1606 817 κρίνειν,
1626 782 1658 808 ὲκ
1676 781 1770 808 τούτου
1791 781 1951 816 ψευδόμενον

1171 827 1366 862 ἀποφαίνεσθαι
1384 827 1512 863 ῥαθύμως
1522 828 1571 863 τὴν
1585 827 1684 863 κρίσιν.
1700 828 1738 854 Οὺ
1751 828 1806 863 γὰρ
1819 827 1952 863 μαθητὴς,

1171 874 1239 901 ἀλλὰ
1251 873 1419 906 διδάσκαλος,
1438 874 1466 906 ὅς
1483 874 1539 909 (27)
1554 882 1586 908 γε
1602 874 1633 901 τὸ
1647 873 1757 906 δίκαιον,
1773 873 1876 900 θεατῶν
1889 874 1954 908 μᾶλ-

331 917 416 949 deret,
434 922 518 945 testes
533 918 678 953 appellavit
689 919 765 951 deos,
782 919 878 947 falsam
894 927 1046 956 vanamque
1059 929 1121 949 sen-

1172 919 1216 946 λον
1230 919 1244 944 ὁ
1259 918 1355 954 κριτὴς
1380 918 1494 951 καθίζει,
1517 919 1563 945 καὶ
1580 919 1805 954 ἐναντιωσόμενος
1829 920 1886 950 τοῖς
1908 919 1954 954 τὴν

331 964 443 990 tentiam
461 964 570 1000 indigne
585 965 750 999 pronuntiet.
767 964 821 993 Nec
835 967 906 993 enim
920 967 978 1001 ipse
990 972 1119 1003 tanquam

332 1009 494 1044 discipulus,
515 1011 563 1038 sed
586 1016 714 1046 tanquam
738 1017 937 1048 spectatorum,
953 1014 992 1040 uti
1006 1022 1055 1049 par
1067 1019 1118 1048 est,

333 1056 463 1090 magister
482 1056 602 1089 futurus,
618 1058 725 1093 illisque
741 1059 819 1092 adeo,
840 1060 863 1087 si
879 1060 1045 1094 voluptatem
1060 1068 1121 1096 per-

332 1108 425 1136 peram
443 1106 470 1128 et
486 1103 576 1130 alieno
593 1103 653 1131 loco
670 1111 726 1138 prae
743 1111 772 1132 se
787 1104 892 1137 ferent,
908 1109 1065 1132 constanter
1078 1112 1122 1132 re—

333 1152 504 1181 pugnaturus
516 1149 602 1176 sedet.
619 1159 628 1175 ι
651 1149 752 1177 Eodem
780 1150 859 1185 plane
885 1150 983 1183 modo,
1005 1158 1059 1177 non
1081 1150 1122 1177 in-

333 1193 404 1220 fimae
416 1194 553 1228 quondam
570 1195 641 1230 apud
654 1194 781 1223 Hebraeos
794 1195 978 1224 multitudinis
992 1201 1060 1229 erat,
1075 1201 1122 1224 aut

332 1239 367 1266 de
390 1239 422 1267 iis
439 1240 485 1275 qui
506 1245 635 1276 tanquam
656 1241 749 1269 divino
765 1241 866 1277 Spiritu
881 1242 963 1269 aﬂlati
986 1243 1120 1277 produce-

333 1289 437 1317 rentur,
454 1289 502 1312 uut
521 1286 555 1313 de
578 1287 678 1315 divinis
702 1288 768 1322 ipsis
792 1288 958 1316 carminibus
974 1292 1093 1315 saluere
1112 1298 1119 1316 :

1173 965 1268 1001 ἡδονὴν
1282 964 1318 1000 μὴ
1333 965 1524 1000 προσηκόντως
1543 965 1610 1000 μηδὲ
1627 964 1712 1000 ὀρθῶς
1725 964 1879 992 ἀποδιδοῦσι
1895 964 1956 991 θεα-

1171 1011 1241 1043 ταῖς.
1260 1021 1270 1036 ι
1287 1011 1343 1038 Καὶ
1367 1012 1430 1046 παρ’
1453 1011 1587 1047 Ἑϐραίοις
1600 1011 1631 1037 τδ
1653 1011 1768 1038 παλαιὸν
1780 1011 1810 1038 οὐ
1827 1011 1877 1037 τοῦ
1890 1011 1956 1046 πλή-

1173 1057 1235 1090 θους
1245 1055 1279 1093 ἦν
1294 1058 1325 1084 τὸ
1338 1057 1440 1094 κρίνειν
1456 1058 1519 1089 τοὺς
1535 1059 1567 1085 ὲκ
1589 1057 1659 1084 θείου
1677 1057 1834 1093 Πνεύματος
1854 1066 1955 1093 προφε-

1173 1105 1313 1141 ρομένους,
1329 1105 1375 1131 καὶ
1386 1105 1435 1136 τὰς
1448 1104 1556 1136 ἐνθέους
1569 1104 1641 1140 ᾠδὰς
1650 1125 1658 1137 ,
1679 1104 1736 1131 ἀλλ’
1749 1102 1820 1140 ἦσαν
1847 1104 1957 1140 βραχεῖς

1173 1151 1220 1178 καὶ
1235 1151 1342 1177 σπάνιοι
1355 1151 1462 1186 μέτοχοι
1477 1151 1523 1178 καὶ
1545 1151 1621 1177 αὐτοὶ
1642 1150 1713 1177 θείου
1731 1151 1890 1186 Πνεύματος
1902 1150 1957 1176 δια-

1174 1198 1297 1234 κριτικοῦ
1311 1198 1365 1224 τῶν
1379 1199 1542 1234 λεγομένων,
1557 1195 1597 1230 οἷς
1612 1198 1659 1225 καὶ
1672 1198 1761 1233 μόνοις
1781 1197 1845 1232 ἐξῆν
1863 1198 1957 1232 ἐγκρί-

1174 1251 1240 1275 νειν,
1255 1243 1302 1270 καὶ
1318 1243 1350 1279 δὴ
1366 1243 1494 1279 ἀφιεροῦν
1507 1243 1556 1275 τὰς
1572 1243 1720 1279 προφητῶν
1735 1243 1854 1278 βίϐλους,
1870 1242 1920 1274 τὰς
1931 1242 1958 1269 δὲ

1174 1289 1227 1316 τῶν
1243 1288 1280 1324 μὴ
1295 1288 1421 1315 τοιούτων
1434 1288 1653 1324 ἀποδοκιμάζειν.
1689 1296 1696 1304 ⁸

333 1330 380 1357 sed
394 1332 471 1366 pauci
485 1337 579 1365 erant,
597 1333 690 1362 divino
711 1334 812 1370 Spiritu
825 1354 833 1366 ,
852 1334 931 1369 cujus
953 1335 1060 1369 propria
1075 1335 1119 1362 illa
1138 1335 1308 1363 describeudi
1326 1336 1367 1363 vis
1383 1341 1434 1369 est,
1455 1336 1535 1363 adlati
1550 1336 1599 1371 ipsi
1629 1343 1738 1371 quoque
1758 1336 1860 1371 quibus
1877 1335 1957 1362 etiam

335 1377 396 1405 nnis
414 1386 445 1406 ea
460 1379 493 1406 de
507 1387 536 1407 re
548 1385 679 1414 statuere,
697 1382 825 1417 ipsosmie
839 1383 907 1410 adeo
929 1381 1123 1418 prophetarum
1143 1383 1228 1411 libros
1252 1391 1424 1416 consecrare,
1456 1389 1568 1412 caeteros
1591 1391 1656 1411 vero
1675 1388 1803 1418 tanquam
1827 1383 1959 1410 a.!ulteri-

334 1431 385 1451 nos
401 1433 433 1452 ac
447 1426 556 1460 spurios
574 1428 732 1462 abjudicare
747 1429 848 1457 liceret.

615 1477 728 1505 CAPUT
747 1478 842 1506 XXIV.

335 1528 436 1556 Cautus
457 1532 540 1570 etiam_
553 1533 580 1559 in
595 1534 717 1570 conviviis
727 1554 734 1563 .
749 1538 874 1569 tanquam
888 1534 1033 1562 convivales
1047 1543 1123 1570 quas-

523 1567 585 1594 dam
598 1568 674 1602 leges,
692 1567 852 1603 recipiendo:
864 1578 928 1597 esse.

374 1622 383 1638 ι
398 1613 544 1645 Cteterum,
563 1614 650 1649 inquit
672 1614 759 1647 Plato,
784 1616 855 1650 quod
873 1625 887 1643 a
900 1617 979 1644 nobis
999 1622 1123 1652 suscepta

336 1659 454 1692 primum
480 1659 631 1694 disputatio
648 1661 822 1696 sequebatur,
842 1667 871 1689 ut
892 1664 952 1697 opis
971 1664 1072 1698 aliquid
1090 1664 1124 1691 ad

337 1703 435 1731 Bacchi
447 1706 560 1732 chorum
577 1708 660 1740 probe
673 1708 870 1735 instituendum
885 1709 1003 1741 atl‘crret,
1020 1710 1046 1736 id
1060 1711 1125 1737 liac-

338 1755 417 1778 tenus
442 1759 491 1786 pro
510 1752 638 1780 facultate
656 1758 748 1780 nostra
765 1755 955 1782 disseruimus.
972 1755 1048 1782 Nunc
1060 1764 1124 1790 ergo

339 1800 479 1828 videamus
496 1806 588 1828 utrum
601 1809 616 1828 a
632 1801 712 1828 nobis
728 1801 877 1837 perfectum
894 1802 919 1830 id
934 1802 1027 1829 fuerit.
1054 1803 1125 1831 Sane

338 1850 499 1873 conventum
513 1846 646 1880 ejusmodi
661 1855 773 1875 necesse
782 1848 984 1882 quodammodo
993 1853 1044 1880 est,
1059 1849 1123 1876 dum

339 1892 505 1927 compotatio
517 1892 604 1928 magis
621 1901 729 1928 semper
745 1894 886 1929 magisque
904 1894 999 1928 fervet,
1027 1896 1124 1923 turbu-

338 1938 480 1966 lentiorem
497 1939 627 1972 evadere;
645 1939 717 1974 quod
736 1941 816 1967 etiam
837 1940 871 1967 ab
891 1941 968 1967 initio
985 1941 1027 1970 his
1043 1942 1068 1968 in
1083 1950 1125 1968 re-

339 1983 407 2017 bus,
425 1984 459 2012 de
474 1985 574 2020 quibus
597 1993 670 2012 nunc
693 1986 800 2020 agitur,
825 1987 985 2014 necessitate
1007 1988 1124 2022 quadam

337 2031 446 2058 evenire
463 2031 615 2065 posuimus.
632 2047 667 2051 —-
685 2032 801 2060 Necesse
825 2033 850 2060 id
875 2033 994 2068 quidem.
1009 2049 1042 2053 —
1057 2033 1123 2061 Tum

340 2084 403 2104 vero
419 2077 535 2112 quisque
555 2077 636 2104 solito
659 2078 745 2105 levior
763 2079 885 2113 indulget
899 2080 962 2112 sibi,
979 2088 1011 2107 ac
1033 2080 1124 2108 lietitia

340 2122 445 2150 solutus
463 2127 492 2149 ut
515 2123 627 2150 liberius
641 2123 810 2158 eﬂ‘usiusque
831 2125 962 2159 loquitur,
986 2125 1021 2152 ita
1038 2126 1125 2152 nemi-

322 2189 326 2193 .
340 2176 401 2196 nem
417 2169 524 2196 interim
536 2177 567 2196 ex
579 2169 675 2196 vicinis
689 2170 828 2201 audit,sed
843 2171 934 2204 potius
949 2171 1063 2199 idoneus
1074 2172 1124 2199 sibi

340 2214 461 2248 quidam,
486 2215 577 2247 ctsui,
598 2219 625 2242 et
638 2220 799 2243 creterorum
823 2217 945 2243 omnium
971 2217 1126 2244 moderator

340 2260 455 2287 videtur.
471 2258 630 2295 —-Quippe.
642 2274 677 2278 ——
689 2259 744 2288 Nos
764 2269 827 2288 vero
847 2261 979 2294 diximus,
1003 2263 1048 2289 ubi
1069 2263 1126 2290 lucc

339 2305 479 2338 eveniunt,
487 2306 636 2333 bibentium
647 2307 763 2337 animos,
775 2311 950 2342 posteaquam
961 2308 1049 2343 ignem
1059 2307 1124 2335 ferri

340 2359 415 2388 more
432 2351 613 2386 conceperint,
621 2351 703 2387 598
713 2352 851 2381 molliores
866 2361 898 2381 ac
910 2354 1034 2388 juniorcs
1047 2354 1103 2380 fieri
1117 2363 1124 2387 ;

340 2396 488 2430 utpcrinde
504 2397 616 2424 omnino
632 2405 663 2424 ac
674 2398 739 2424 dum
755 2399 903 2426 teneriores
919 2399 1007 2426 adhuc
1024 2403 1124 2432 essent,

340 2440 364 2467 ei
381 2441 427 2475 qui
443 2441 510 2468 alios
524 2442 632 2469 erudire
649 2451 681 2470 ac
695 2443 794 2478 ﬁngere
810 2444 896 2478 possit
908 2452 940 2472 ac
956 2445 1071 2476 noverit,
1090 2445 1127 2472 fa-

341 2486 449 2513 ciliores
461 2495 521 2514 sese
537 2491 594 2514 tum
607 2496 638 2515 ac
655 2488 853 2516 tractabiliores
870 2489 1015 2524 praebeant.
1034 2489 1124 2516 Ficto-

344 2541 398 2560 rem
415 2541 495 2568 porro
510 2536 656 2562 statuimus
681 2535 758 2563 illum
783 2536 882 2570 ipsum,
897 2537 943 2570 qui
967 2542 1024 2563 tum
1038 2537 1126 2564 bonus

343 2579 424 2606 etiam
439 2580 519 2607 nobis
533 2580 672 2616 lcgislutor
689 2587 757 2610 erat.
785 2581 834 2609 llic
850 2583 1005 2609 convivales
1017 2590 1127 2617 quoque

343 2624 415 2659 leges
428 2626 573 2660 describet,
591 2628 692 2662 quibus
708 2628 873 2663 petulantior
897 2628 950 2656 ista
965 2629 1126 2656 confiilentis

343 2676 370 2697 et
382 2671 507 2699 audaculi
523 2673 651 2707 hominis,
669 2674 715 2708 qui
730 2674 834 2700 nullum
845 2673 901 2708 jam
917 2674 1051 2705 ordinem,
1064 2673 1125 2699 nul-

345 2717 384 2744 las
399 2717 495 2744 silendi
509 2725 541 2744 ac
555 2717 694 2753 loquendi.
717 2720 805 2747 nullas
829 2719 936 2746 bibendi
957 2719 1127 2754 canendique

380 2783 436 2818 (‘20)
457 2784 596 2818 Θιιτέῃου.
612 2785 649 2812 lta
665 2787 746 2814 etiam
768 2785 861 2818 Plato;
888 2785 935 2813 sed
955 2785 1067 2813 omnino
1083 2791 1126 2812 rc-

347 2819 497 2856 ῙὶυηιἹιιίΨΙΙ
516 2819 638 2856 θεάτρου.
651 2830 683 2848 ex
702 2822 748 2849 alt.
765 2828 902 2849 mulluscr.

381 2854 436 2887 (27)
457 2854 532 2881 Plato
545 2861 570 2881 et
582 2854 645 2886 ins.,
660 2856 707 2888 ὥς.

382 2890 437 2924 (2e)
458 2890 511 2922 lt‘ui
528 2890 608 2925 ὅπερ.
627 2891 703 2926 ιωα..
722 2899 782 2926 pag.
800 2891 862 2924 583,
877 2891 908 2918 C.

1425 1477 1621 1504 ΚΕΦΑΛΛῙΟΝ
1640 1478 1702 1504 KA'.

1177 1535 1237 1562 Ὅτι
1262 1535 1311 1561 καὶ
1329 1535 1363 1561 ἐν
1391 1535 1452 1568 τοῖς
1475 1535 1656 1568 συμποσίοις
1677 1533 1891 1567 παραληπτέον
1908 1534 1960 1567 τὰς

1236 1570 1324 1604 ᾠδὰς,
1336 1570 1436 1604 ὥσπερ
1453 1571 1535 1602 τινὰς
1550 1571 1661 1604 νόμους
1678 1570 1892 1604 συμποτικούς.

1213 1627 1222 1643 ι
1243 1617 1298 1644 Καὶ
1313 1617 1381 1652 ὅπερ
1396 1617 1451 1652 (28)
1468 1617 1481 1642 ὁ
1497 1617 1574 1651 λόγος
1589 1617 1618 1642 ὲν
1633 1617 1730 1652 ἀρχαῖς
1746 1617 1894 1651 ἐϐουλήθη,
1911 1616 1959 1651 τὴν

1174 1663 1212 1698 τῷ
1225 1663 1270 1690 τοῦ
1286 1663 1412 1690 Διονύσου
1425 1662 1498 1698 χορῷ
1515 1662 1638 1698 βοήθειαν
1654 1662 1786 1694 ἐπιδεῖξαι
1808 1662 1899 1693 καλῶς
1918 1662 1960 1688 λε-

1174 1709 1302 1745 γομένην,
1318 1710 1357 1741 είς
1371 1709 1483 1745 δύναμιν
1494 1708 1598 1744 εἴρηκε.
1618 1708 1786 1743 Σκοπώμεθα
1798 1708 1830 1743 δὴ
1848 1710 1873 1734 εἱ
1887 1708 1959 1734 τοῦθ’

1174 1755 1244 1782 οὕτω
1257 1755 1361 1789 γέγονε,
1373 1754 1525 1790 θορυϐώδης
1541 1754 1588 1789 μέν
1602 1763 1651 1780 που
1667 1756 1681 1781 ὁ
1697 1754 1822 1788 ξύλλογος
1837 1756 1852 1781 ό
1872 1754 1959 1781 τοιοῦ-

1175 1811 1220 1833 τος
1245 1801 1274 1833 ἐξ
1298 1801 1439 1835 ἀνάγκης,
1456 1800 1602 1835 προϊούσης
1626 1801 1673 1834 τῆς
1699 1800 1803 1831 πόσεως
1827 1800 1866 1826 ἔτι
1891 1800 1959 1835 μᾶλ-

1175 1848 1220 1874 λον
1237 1847 1292 1882 (29)
1309 1848 1352 1874 ἀεὶ
1366 1847 1432 1883 (50),
1451 1846 1593 1881 ξυμσαίνει
1605 1846 1757 1880 γενόμενος,
1776 1847 1843 1882 ὅπερ
1861 1846 1958 1872 ὑπεθέ-

1177 1893 1244 1929 μεθα
1259 1894 1318 1920 κατ’
1334 1893 1420 1928 ἀρχὰς
1434 1893 1579 1926 ἀναγκαῖον
1596 1891 1663 1918 εἶναι
1684 1892 1805 1926 γίνεσθαι
1822 1892 1888 1927 περὶ
1907 1892 1961 1919 τῶν

1175 1939 1222 1966 νῦν
1237 1939 1387 1974 λεγομένων
1400 1938 1508 1973 ('51).-—-
1523 1938 1650 1972 Ἀνάγκη.
1665 1953 1699 1957 -
1717 1938 1773 1969 Πᾶς
1789 1937 1817 1964 δέ
1834 1946 1866 1970 γε
1880 1938 1961 1969 αὐτὸς

1175 1985 1257 2012 αὑτοῦ
1275 1985 1435 2020 κουφότερος
1447 1985 1561 2021 αἴρεται,
1571 1985 1616 2011 καὶ
1631 1983 1729 2018 γέγηθέ
1739 1992 1768 2009 τε
1788 1983 1834 2010 καὶ
1853 1985 1961 2019 παῤῥη-

1177 2032 1236 2064 σίας
1264 2032 1464 2067 ἐμπίμπλαται,
1490 2032 1536 2058 καὶ
1550 2030 1729 2066 ἀνηκουστίας
1744 2031 1772 2056 ἐν
1788 2030 1828 2065 τῷ
1847 2030 1962 2065 τοιούτῳ

1175 2078 1229 2105 τῶν
1248 2079 1339 2110 πέλας,
1352 2079 1442 2113 ἅρχων
1453 2078 1474 2104 δ’
1491 2077 1580 2108 ἱκανὸς
1595 2076 1664 2109 ἀξιοῖ
1685 2076 1766 2103 αὐτοῦ
1790 2085 1818 2102 τε
1845 2076 1892 2103 καὶ
1908 2077 1961 2102 τῶν

1176 2125 1263 2151 ἄλλων
1277 2125 1425 2159 γεγονέναι.
1440 2139 1473 2144 -
1483 2123 1515 2150 Τί
1528 2124 1581 2158 μήν
1593 2132 1600 2155 ;
1617 2138 1651 2142 —-
1664 2122 1767 2149 Οὐκοῦν
1781 2122 1886 2157 ἔφαμεν
1898 2122 1961 2148 ὅταν

1176 2171 1283 2206 γίνηται
1297 2170 1392 2201 ταῦτα,
1403 2169 1528 2204 καθάπερ
1541 2168 1601 2196 τινὰ
1615 2168 1730 2203 σίδηρον,
1744 2168 1792 2200 τὰς
1803 2168 1892 2203 ψυχὰς
1907 2168 1960 2194 τῶν

1178 2215 1307 2242 πινόντων
1334 2214 1480 2250 διαπύρους
1506 2215 1664 2250 γενομένας,
1694 2214 1890 2248 μαλακωτέρας
1906 2213 1959 2247 (5-3)

1177 2260 1298 2295 γίνεσθαι
1313 2261 1358 2287 καὶ
1366 2261 1446 2286 νεωτέ
1452 2269 1509 2296 ρας,
1518 2260 1581 2286 ὥστ’
1590 2259 1745 2293 εὐαγώγους
1757 2259 1916 2293 ξυμῦαὶνειν
1924 2259 1960 2294 τῷ

1176 2306 1316 2341 δυναμένῳ
1329 2314 1358 2332 τε
1372 2306 1418 2332 καὶ
1435 2305 1606 2340 ἐπισταμένῳ
1618 2305 1752 2331 παιδεύειν
1767 2313 1797 2330 τε
1816 2306 1862 2331 καὶ
1876 2305 1959 2330 πλάτ-

1175 2361 1241 2384 τειν,
1259 2352 1383 2388 καθάπερ
1394 2353 1430 2378 ὅτ’
1447 2350 1515 2387 ἦσαν
1530 2352 1601 2378 νέαι·
1613 2351 1705 2377 τοῦτον
1719 2351 1746 2377 δὲ
1758 2349 1828 2377 εἶναι
1841 2351 1885 2377 τὸν
1899 2351 1960 2377 πλά-

1177 2407 1241 2433 στην
1254 2398 1299 2424 τὸν
1312 2399 1402 2430 αὐτὸν,
1416 2399 1499 2433 ὅνπερ
1514 2398 1573 2424 τότε
1599 2397 1644 2424 τὸν
1667 2397 1766 2430 ἀγαθὸν
1794 2397 1958 2432 νομοθέτην

1175 2440 1205 2470 οὗ
1226 2443 1324 2478 νόμους
1347 2442 1416 2470 εἶναι
1440 2443 1481 2469 δεῖ
1505 2443 1698 2477 συμποτικοὺς,
1723 2443 1889 2477 δυναμένους
1915 2443 1959 2468 τ’ί)

1176 2489 1283 2516 εὔελπιν
1300 2489 1346 2515 καὶ
1363 2489 1510 2525 θαρραλέον
1525 2490 1625 2515 ἐκεῖνον
1640 2489 1780 2523 γινόμενον
1790 2508 1798 2520 ,
1814 2490 1861 2515 καὶ
1885 2490 1959 2516 ἀναι-

1177 2536 1352 2572 σχυντότερον
1365 2535 1413 2562 τοῦ
1426 2535 1541 2567 δέοντος,
1555 2535 1601 2561 καὶ
1615 2535 1645 2561 οὐ
1658 2535 1768 2561 θέλοντα
1789 2535 1866 2568 τάξιν
1878 2555 1884 2564 ,
1914 2535 1958 2560 καὶ

1175 2580 1205 2607 τὸ
1222 2581 1290 2607 κατὰ
1306 2580 1387 2616 μέρος
1400 2580 1478 2614 σιγῆς
1491 2580 1537 2606 καὶ
1549 2579 1638 2613 λόγου,
1655 2580 1701 2605 καὶ
1717 2580 1822 2610 πόσεως
1835 2580 1883 2605 καὶ
1898 2579 1954 2614 μοὰ

1177 2634 1226 2661 σης
1243 2626 1396 2661 ὑπομένειν,
1413 2625 1514 2652 ἐθέλειν
1530 2627 1614 2652 ποιεῖν
1631 2625 1718 2651 πάντα
1740 2625 1844 2656 τούτοις
1865 2626 1959 2652 τάνανα

1176 2673 1233 2699 τία·
1249 2673 1295 2698 καὶ
1309 2672 1417 2698 εἰσιόντι
1432 2671 1470 2706 τῷ
1489 2671 1525 2707 μὴ
1546 2670 1621 2706 καλῷ
1636 2671 1730 2706 θὰῥρει
1748 2671 1793 2698 τὸν
1818 2672 1958 2699 κάλλιστον

1176 2718 1372 2754 διαμαχόμενον
1389 2718 1469 2753 φόϐον
1483 2717 1655 2753 εἰσπέμπειν,
1667 2717 1738 2749 οἴους
1756 2726 1785 2743 τε
1799 2716 1869 2744 εἶναι
1893 2717 1959 2753 μετὰ

1729 2783 1825 2814 ἄλλον.
1842 2792 1874 2810 ex
1892 2783 1957 2810 Plat.

1723 2819 1853 2846 latonem.

1223 2785 1268 2820 ‘29)
1290 2785 1353 2812 Ἔτι
1370 2784 1496 2818 μᾶλλον.
1512 2783 1620 2810 Praestat
1643 2783 1689 2809 ἐπ).

1222 2819 1266 2854 5o)
1294 2820 1356 2847 'Asf.
1373 2820 1468 2846 Melius
1481 2827 1562 2852 quam
1577 2820 1601 2844 εἰ
1617 2819 1685 2853 apud

1213 2856 1268 2889 (5|)
1289 2854 1374 2888 Plato,
1389 2854 1564 2889 γιγνομένων.

1214 2889 1268 2926 (52)
1290 2891 1375 2923 Plato,
1393 2889 1614 2926 μαλθακωτέρας.
