2078 3207
112 196 165 224 995

704 192 864 220 ΡιίᾹΞΡΛῐῖ.
886 191 1010 220 EVANG.
1034 191 1096 218 LIB.
1117 191 1172 219 ΧΠ.

1689 197 1742 226 994

113 253 204 288 δίκης,
219 251 250 278 ὃν
265 250 332 278 αἰδῶ
342 259 372 277 τε
389 251 436 277 καὶ
461 250 592 286 αἰσχύνην
606 250 675 278 θεῖον
692 251 774 286 φόϐον
794 251 903 288 ὠνομά-

958 252 1028 279 vices
1052 251 1124 279 ferre
1146 251 1242 287 possit,
1261 251 1427 286 impudentia
1446 253 1479 280 ad
1500 255 1645 282 contraria:-
1660 256 1744 284 hone-

113 306 215 333 καμεν.
224 311 257 316 -
267 297 344 322 ’Ἐστι
354 296 598 323 ταῦτα.-Τούτων
603 297 630 323 δέ
640 305 671 330 γε
679 297 732 324 τῶν
740 298 829 333 νόμων
835 296 903 325 εἶναι

113 343 305 380 νομοφύλακας
318 343 364 369 καὶ
380 343 608 379 συνδημιουργοὺς
618 344 709 375 αὐτοῖς
720 344 782 376 τοὺς
803 343 904 380 ἀθορύο

115 390 181 421 6ους
209 389 255 416 καὶ
282 391 425 424 νήφοντας,
445 399 454 415 ι
470 390 589 421 Εἰκότως
611 389 756 425 τοιγαροῦν
778 390 825 416 καὶ
838 391 904 426 ἡμῖν

114 437 207 468 αὐτοῖς
222 437 250 462 ὲν
267 438 322 467 τοῖς
344 436 504 471 συμποσίοις
519 436 592 472 ᾠδὰς
604 437 649 463 κα)¹
661 436 760 472 ὕμνους
782 437 821 468 εἰς
838 436 904 463 Θεὸν

115 484 320 520 πεποιημένους
337 484 409 519 ᾅδειν
428 483 626 519 παραδέδοται,
647 483 693 509 τοῦ
719 483 904 518 προσήκοντος

114 531 219 567 κόσμου
230 531 285 557 τῶν
297 531 361 566 παρ’
377 531 443 566 ἡμῖν
459 529 585 564 φυλάκων
602 529 815 564 ἐπιμελομένων.

114 577 171 604 illis
185 584 296 611 operam
315 580 446 603 navareut
456 594 463 606 ,
488 574 597 610 quietos
614 575 738 601 homines
753 582 785 603 ac
800 573 906 602 sobrios

114 624 199 651 etiam
222 623 250 650 in
272 622 414 654 conviviis,
439 621 505 648 odas
519 626 545 648 et
559 622 675 656 hymnos
687 621 713 647 in
732 620 777 647 Dei
795 620 902 647 laudem

113 678 148 697 ac
165 668 304 696 modestiae
326 667 411 694 nostri
428 674 538 701 quoque
558 666 745 694 moderatores
762 665 902 701 invigilant

372 713 570 740 ΚΕΦΑΛΛΙΟΝ
589 713 652 739 KE’.

115 785 177 812 Ὅτι
190 785 227 811 οὐ
241 783 335 811 πᾶσιν
346 782 538 816 ἐπιτρεπτέον
555 782 612 816 τὴν
627 781 680 809 τοῦ
699 782 783 808 οἴνου
803 781 903 808 πόσιν.

155 851 165 867 ‹
186 842 217 867 Εἰ
230 840 280 876 μέν
294 848 335 871 τις
356 839 412 875 (55)
439 838 532 870 πόλις,
550 838 587 870 ὡς
603 837 686 874 οὔσης
712 838 840 873 σπουδῆς,
866 837 905 873 τῷ

114 887 312 923 ἐπιτηδεύματι
329 885 368 920 τῷ
380 884 428 911 νῦν
437 884 574 920 εἰρημένῳ
586 885 715 920 χρήσεται
734 884 802 919 μετὰ
816 885 904 919 νόμων

114 937 165 963 καὶ
183 935 297 967 τάξεως,
309 934 347 964 ὡς
359 932 405 959 τοῦ
418 933 565 967 σωφρονεῖν
577 932 631 967 (54)
644 931 736 958 εἵνεκα
746 931 843 968 μελέτῃ
851 932 905 967 (35)

114 964 258 1019 χρωμένή,
274 964 320 1008 ἆςᾴι
336 979 390 1006 τῶν
405 964 491 1006 suo;
507 964 609 1014 ἡδονῶν
622 964 659 1013 μὴ
673 964 802 1012 ἀφέξεται
816 964 907 1004 ego;
922 964 943 991 Β

114 1037 172 1060 τως
189 1029 235 1055 καὶ
256 1027 325 1054 κατὰ
342 1027 387 1053 τὸν
407 1025 487 1052 αὑτὸν
504 1025 592 1058 λόγον,
619 1024 665 1050 τοῦ
690 1024 800 1059 κρατεῖν
819 1023 907 1049 αὐτῶν

114 1074 200 1101 ἓνεκα
218 1073 399 1109 μηχανωμένη
411 1091 418 1103 ,
434 1071 526 1098 τοῦτον
545 1070 595 1105 μὲν
625 1069 670 1096 τὸν
696 1070 797 1105 τρόπον
822 1069 907 1096 ἅπασι

114 1120 223 1150 τούτοις
238 1119 368 1154 χρηστέον
378 1127 384 1133 ·
397 1119 420 1144 εἰ
433 1117 455 1144 δ’
468 1117 506 1148 ὡς
519 1115 612 1151 παιδιᾷ
625 1124 654 1142 τε
674 1116 721 1142 καὶ
739 1115 846 1147 ἐξέσται
869 1114 908 1150 τῷ

117 1166 284 1202 βουλομένῳ,
300 1165 346 1190 καὶ
361 1164 424 1190 ὅταν
443 1162 581 1198 βούληται,
595 1162 642 1187 καὶ
661 1160 719 1196 μεθ’
741 1158 778 1187 ὧν
798 1160 831 1187 ἂν
848 1159 909 1195 βού-

115 1213 209 1248 ληται,
226 1212 313 1238 πίνειν
329 1210 387 1246 μετ’
400 1208 623 1244 ἐπιτηδευμάτων
633 1206 800 1234 ὡντινωνοῦν
811 1206 906 1234 mw

115 1260 169 1286 οὐκ
183 1259 216 1285 ἂν
229 1257 351 1292 τιθείμην
365 1255 465 1290 ταύτην
479 1254 527 1289 τὴν
540 1253 639 1288 ψῆφον,
654 1253 691 1284 ὡς
703 1252 743 1278 δεῖ
757 1260 821 1278 ποτε
839 1251 908 1288 μέθῃ

116 1305 237 1341 χρῆσθαι
256 1303 358 1338 ταύτην
373 1301 423 1337 τὴν
436 1300 512 1327 πόλιν
529 1300 546 1335 ἢ
563 1299 656 1326 τοῦτον
667 1299 712 1325 τὸν
731 1298 825 1333 ἄνδρα,
850 1298 908 1324 ἀλλ’

116 1353 159 1378 ἔτι
179 1351 277 1386 μᾶλλον
292 1349 342 1384 τῆς
361 1347 478 1383 Κρητῶν
502 1346 549 1373 καὶ
571 1344 790 1380 Λακεδαιμονίων
815 1343 909 1380 χρείας

117 1397 289 1434 προσθείμην
301 1395 333 1422 ἂν
349 1395 388 1430 τῷ
396 1391 588 1429 Καρχηδονίων
606 1391 695 1427 νόμῳ,
711 1391 844 1427 μηδέποτε
859 1399 910 1426 μη-

116 1444 182 1470 δὲνα
194 1443 240 1468 ἐπὶ
254 1440 434 1478 στρατοπέδου
451 1437 580 1472 γεύεσθαι
599 1437 693 1464 τούτου
710 1437 756 1463 τοῦ
778 1437 908 1472 πόματος,

117 1490 177 1518 ἀλλ’
203 1487 375 1524 ὑδροποσίαις
406 1485 578 1520 συγγίνεσθαι
612 1483 706 1510 τοῦτον
740 1483 785 1509 τὸν
815 1482 910 1518 χρόνον

118 1538 243 1564 ᾶπαντα·
266 1533 399 1562 καὶκατὰ
422 1533 510 1566 πόλιν,
526 1532 595 1568 μήτε
614 1530 705 1557 δοῦλον
731 1530 799 1565 μήτε
814 1528 910 1563 δούλην

116 1581 249 1616 γεύεσθαι
265 1579 408 1616 μηδέποτε,
423 1578 489 1614 μηδὲ
501 1578 633 1613 ἄρχοντας
647 1575 740 1602 τοῦτον
755 1574 800 1600 τὸν
821 1574 910 1600 ὲνιαυ-

955 298 1032 324 slatis
1046 303 1073 324 et
1085 297 1224 325 modestia:
1240 296 1327 324 oﬂicia
1342 303 1486 326 revocetur
1501 308 1508 326 :
1525 305 1606 335 atque
1620 301 1656 328 ila
1674 303 1741 329 snh-

955 343 1028 370 eunti
1052 343 1180 378 paulatim
1197 343 1377 379 gliscentique
1399 345 1552 379 proterviae,
1569 346 1743 376 adversarius

956 395 1109 423 opponatur
1127 389 1339 417 honestissimus
1363 390 1408 417 ille
1426 396 1525 424 metus,
1542 392 1668 428 idemque
1681 402 1743 422 cum

956 436 1083 471 aequitate
1111 437 1286 471 conjunctus,
1311 445 1392 472 quem
1420 440 1552 473 pudorem
1568 447 1600 467 ac
1612 448 1744 469 verecun-

957 483 1041 515 diam,
1056 482 1179 509 divinum
1193 483 1288 518 utique
1300 488 1412 517 metum,
1428 485 1635 519 appellavimus.
1650 502 1683 507 —
1700 486 1746 515 Sic

957 534 1009 557 est.
1024 544 1058 549 —
1074 528 1176 556 llarum
1192 534 1322 564 praeterea
1339 530 1430 566 legum
1444 532 1581 564 custodes,
1604 533 1650 568 qui
1667 541 1744 561 suam

925 582 986 602 esse
1014 574 1160 602 voluimus.
1179 584 1187 600 ι
1208 575 1271 602 Haec
1285 575 1339 603 ille.
1363 575 1429 604 Jure
1441 576 1522 612 igitur
1542 578 1587 606 hic
1610 580 1682 613 apud
1696 587 1746 608 nos

921 620 1036 647 canendi
1063 625 1189 655 receptus
1204 628 1264 648 mos
1279 626 1322 649 est
1337 631 1346 650 :
1363 631 1419 658 quo
1436 623 1462 650 in
1477 632 1586 659 genere,
1611 626 1746 655 honestati

921 671 1003 701 atque
1017 667 1196 702 prospiciunt.

1246 714 1360 742 CAPUT
1377 714 1461 742 XXV.

1027 760 1089 788 Vini
1101 761 1207 788 bibendi
1218 762 1321 798 copiam
1343 770 1395 788 non
1408 763 1528 790 omnibus
1541 766 1688 798 promiscue

1240 797 1389 832 faciendam
1404 806 1469 825 esse.

996 852 1006 868 ς
1027 843 1056 870 Si
1070 851 1131 878 qua:
1146 843 1253 877 civitas,
1269 843 1358 879 inquit
1370 844 1457 877 Plato,
1472 850 1502 872 ut
1517 845 1543 872 in
1560 853 1588 872 re
1604 847 1673 874 seria
1690 847 1748 875 ﬁeri

959 888 1037 922 solet,
1064 889 1137 916 hunc
1162 897 1278 922 morem,
1295 895 1377 924 prout
1398 890 1486 925 legum
1503 891 1662 926 ordinisque
1679 893 1748 921 ratio

959 934 1115 969 postulabit,
1136 942 1269 970 usurpare
1292 936 1373 968 volet,
1401 936 1513 971 perinde
1531 944 1563 963 ac
1582 937 1604 965 si
1622 939 1748 972 paranda:

959 981 1145 1016 temperantiae
1159 981 1255 1017 gratia,
1271 982 1465 1010 exercitatione
1476 983 1593 1018 quadam
1607 989 1747 1012 uteretur:

958 1025 1079 1060 itemque
1105 1026 1127 1054 si
1144 1027 1179 1054 ab
1198 1027 1259 1055 aliis
1276 1027 1402 1055 similiter
1427 1028 1623 1064 voluptatibus,
1649 1031 1747 1058 eodem

958 1072 1084 1105 consilio,
1099 1079 1154 1099 non
1171 1072 1328 1106 abstinebit,
1344 1078 1373 1101 ut
1389 1081 1484 1101 earum
1501 1075 1553 1102 hac
1567 1076 1674 1103 laudent
1690 1082 1749 1104 arte

958 1117 1055 1144 victrix
1073 1125 1134 1145 esse
1152 1123 1234 1152 queat
1248 1128 1255 1145 τ
1273 1119 1323 1147 hoc
1338 1127 1405 1147 sane
1416 1121 1497 1147 modo
1512 1121 1594 1148 rebus
1610 1122 1644 1149 iis
1660 1123 1749 1150 omni—

958 1163 1009 1190 bus
1023 1171 1071 1198 per
1086 1171 1129 1191 me
1144 1168 1236 1192 utatur
1250 1165 1323 1192 licet.
1341 1164 1389 1193 Sin
1409 1170 1500 1193 autem
1522 1166 1548 1194 id
1567 1172 1653 1195 totum
1669 1168 1750 1196 ludus

958 1210 1072 1243 quidam
1086 1211 1148 1243 erit,
1175 1211 1199 1239 si
1222 1215 1250 1238 et
1272 1212 1374 1239 volenti
1389 1213 1509 1246 cuilibet,
1527 1218 1553 1241 ct
1566 1214 1623 1245 ubi,
1640 1222 1672 1242 ac
1687 1216 1749 1250 qui-

959 1257 1074 1284 buscum
1094 1257 1152 1292 ipse
1175 1257 1303 1290 voluerit,
1331 1258 1366 1285 ita
1392 1258 1485 1286 bibere
1514 1259 1695 1294 permittetur,
1720 1265 1750 1288 ut

959 1310 1008 1338 pro
1032 1302 1146 1330 arbitrio
1175 1303 1248 1330 aliud
1274 1303 1357 1330 simul
1381 1303 1521 1338 quodlibet
1546 1306 1751 1333 exercitationis

959 1356 1045 1384 genus
1062 1348 1211 1384 adjungat;
1234 1357 1372 1384 nunquam
1389 1350 1514 1384 equidem
1529 1355 1624 1378 auctor
1639 1350 1748 1385 fuerim,

960 1401 991 1423 ut
1006 1396 1140 1431 ejusmodi
1163 1396 1204 1423 vel
1224 1396 1292 1430 reip.
1309 1396 1350 1423 vel
1367 1395 1471 1423 homini
1487 1396 1651 1431 largioribus
1665 1405 1751 1432 pocu-

960 1443 994 1470 li’s
1016 1442 1156 1476 indulgere
1180 1442 1271 1469 liceat.
1288 1441 1358 1469 Tum
1381 1442 1521 1469 enimvero
1542 1442 1750 1478 Carthaginiem

961 1489 1031 1516 sium
1052 1489 1137 1524 legem
1159 1488 1246 1516 multo
1270 1488 1368 1523 magis,
1394 1495 1476 1522 quam
1494 1493 1541 1515 aut
1565 1487 1748 1521 Cretensium,

961 1540 1007 1562 aut
1022 1534 1290 1562 Lacedaemoniorum
1306 1534 1530 1562 consuetudinem
1547 1534 1696 1568 probarim,
1710 1535 1750 1562 uti

961 1589 1042 1609 nemo
1073 1589 1193 1617 unquam
1220 1581 1246 1609 in
1272 1582 1393 1609 exercitu
1420 1588 1506 1616 genus
1537 1580 1589 1608 hoc
1613 1581 1749 1616 poculenti

117 1630 166 1656 τὸν
179 1629 208 1654 ὂν
225 1628 257 1654 ἂν
274 1627 387 1663 ἄρχωσι,
404 1625 465 1661 μηδ’
476 1623 509 1651 αὖ
530 1623 700 1659 κυϐερνήτας
713 1642 720 1653 ,
749 1620 815 1657 μηδὲ
835 1620 909 1646 δικα-

962 1633 1061 1665 gustet.
1093 1628 1140 1656 sed
1166 1632 1225 1655 toto
1250 1627 1354 1655 militias
1384 1631 1505 1662 tempore
1531 1634 1630 1661 aquam
1657 1627 1752 1655 bibere

118 1676 188 1707 στὰς
203 1675 330 1710 ἐνεργοὺς
350 1673 429 1704 ὄντας
440 1692 448 1704 ,
464 1671 535 1699 οἴνου
558 1669 684 1704 γεύεσθαι
709 1668 738 1695 τὸ
760 1667 888 1702 παράπαν
901 1674 907 1680 ·

119 1721 191 1757 μηδὲ
207 1721 279 1751 ὅστις
294 1718 502 1755 βουλευσόμενος
526 1718 566 1749 εἰς
583 1715 680 1752 βουλὴν
699 1714 775 1746 ἀξίαν
790 1712 851 1740 τινὰ
867 1711 910 1738 λό-

117 1775 171 1802 γου
190 1766 362 1802 συνέρχεται’
379 1765 445 1800 μηδέ
460 1772 490 1799 γε
508 1763 565 1799 μεθ’
577 1763 683 1798 ἡμέραν
699 1760 798 1796 μηδένα
810 1759 840 1785 τὸ
858 1766 911 1784 πα-

119 1813 224 1850 ρᾶπαν,
236 1813 260 1838 εἰ
275 1812 312 1848 μὴ
328 1810 487 1846 σωμασκίας
501 1810 518 1845 ἢ
530 1809 614 1836 νόσων
627 1809 718 1834 ἓνεκα’
735 1806 796 1842 μηδ’
820 1803 853 1832 αὖ
866 1804 911 1832 νύ-

119 1868 198 1895 κτωρ
223 1859 285 1886 ὅταν
307 1859 399 1893 ἐπινοῇ
416 1866 458 1888 τις
481 1856 577 1888 παῖδας
591 1853 724 1881 ποιεῖσθαι
741 1853 810 1888 ἀνὴρ
826 1852 843 1887 ἦ
864 1850 911 1878 καὶ

118 1907 203 1942 γυνή.
221 1906 275 1932 Καὶ
291 1905 358 1932 ἄλλα
371 1905 398 1931 δὲ
414 1903 560 1939 πάμπολλα
577 1902 608 1928 ἄν
631 1909 672 1933 τις
694 1900 778 1934 λέγοι,
801 1899 838 1931 ὡς
855 1899 911 1930 τοῖς

119 1953 185 1979 νοῦν
204 1961 233 1978 τε
245 1952 291 1978 καὶ
315 1951 396 1986 νόμον
418 1950 524 1985 ἔχουσιν
555 1948 633 1984 ὀρθὸν
660 1947 690 1974 οὐ
706 1945 802 1976 ποτέος
829 1942 910 1975 οἶνος.

119 1999 206 2025 Ὢπε
232 1997 301 2024 κατὰ
317 1997 361 2023 τὸν
377 1996 455 2031 λόγον
478 1995 571 2022 τοῦτον
602 1994 655 2021 οὐδ’
684 1990 851 2028 ἀμπελώνων
878 1989 911 2015 ἂν

119 2044 229 2071 πολλῶν
240 2044 292 2070 δέοι
308 2044 336 2070 οὺ
350 2043 382 2079 δή
395 2051 447 2069 τινι
458 2041 514 2077 (56)
528 2040 620 2067 πόλει·
637 2037 724 2065 τακτὰ
738 2037 766 2064 δὲ
782 2035 864 2063 τᾶλλα
878 2035 911 2062 ἂν

119 2091 166 2126 εἴη
183 2091 378 2126 γεωργήματα,
392 2089 439 2115 καὶ
453 2088 555 2122 πᾶσαή
570 2086 667 2113 δίαιτα.
688 2094 697 2109 ι
720 2083 776 2110 Καὶ
791 2081 910 2116 Μωΰσῆς

119 2138 162 2168 δὲ,
181 2135 322 2172 προλαϐὼν
343 2135 380 2171 μὴ
396 2135 450 2161 δεῖν
463 2134 527 2165 τοὺς
538 2132 628 2168 ἱερέας
644 2130 715 2158 οἴνου
729 2127 911 2164 ἀπογεύεσθαι

70 2216 73 2219 ¹
120 2183 196 2209 κατὰ
209 2182 255 2208 τὸν
268 2181 318 2216 τῆς
333 2179 486 2216 ἱερουργίας
509 2178 604 2213 καιρὸν
622 2176 762 2212 νομοθετεῖ
782 2175 910 2209 φάσκων

124 2239 136 2255 ε
152 2229 207 2255 Καὶ
219 2227 332 2263 ὲλάλησε
345 2227 446 2262 Κύριος
458 2225 497 2261 τῷ
514 2224 619 2261 Ἀαρὼν
631 2245 639 2257 ,
655 2223 742 2257 λέγων
752 2230 758 2237 ·
774 2219 844 2248 οἶνον
865 2219 912 2246 καὶ

122 2275 221 2310 σίκερα
232 2274 262 2300 οὺ
278 2272 384 2300 πίεσθαι
396 2273 428 2300 σὺ
441 2273 489 2299 καὶ¹
503 2272 528 2298 οἱ
544 2271 596 2298 υἱοί
609 2278 655 2297 σου
669 2268 737 2305 μετὰ
757 2267 815 2298 σοῦ⁷
831 2266 913 2302 ἡνίκα

120 2321 158 2348 ἂν
185 2307 373 2356 εἰσπορεὸησθ’
390 2320 429 2351 εἰς
447 2319 496 2354 τὴν
518 2318 620 2353 σκηνὴν
638 2315 685 2342 τοῦ
704 2314 864 2351 μαρτυρίου,
892 2311 909 2348 ἢ
926 2307 948 2335 Ι)

123 2366 385 2402 προσ-πορευομένων
407 2364 483 2400 ὑμῶν
496 2363 565 2400 πρὸς
585 2363 616 2389 τὸ
632 2361 823 2396 θυσιαστήριον
834 2380 842 2392 ,
864 2358 911 2385 καὶ

122 2414 154 2440 οὐ
183 2413 219 2449 μὴ
246 2412 398 2447 ἀποθάνητε
411 2420 418 2428 ’
435 2411 549 2446 νόμιμον
572 2409 679 2436 αἰώνιον
696 2409 735 2439 εἰς
751 2406 800 2438 τὰς
815 2405 911 2440 γενεὰς

123 2459 212 2495 ὑμῶν.
232 2469 241 2484 ι
266 2459 294 2485 ὐ
306 2459 334 2485 δὲ
353 2458 433 2489 αὐτὸς
449 2457 565 2487 καὶτοῖς
587 2455 668 2490 εὐχὴν
687 2453 843 2488 εὐχομένοις
867 2460 911 2478 νο-

124 2506 234 2542 μοθετεῖ
249 2506 334 2539 λέγων
344 2513 351 2521 ⁸
373 2514 382 2530 ι
405 2503 486 2540 Ἀνὴρ
499 2503 516 2538 ἢ
528 2502 606 2538 γυνὴ,
624 2501 653 2533 ὃς
672 2500 705 2527 ἂν
729 2498 853 2535 μεγάλως
868 2496 912 2524 εὖ·

123 2553 203 2587 ξηται
216 2551 308 2587 εὐχὴν,
325 2549 524 2585 ἀφαγνίσασθαι
537 2547 646 2582 ἁγνείαν
657 2546 763 2582 Κυρίῳ,
774 2543 828 2571 ἀπὸ
840 2543 911 2570 οῐνου

123 2599 172 2626 καὶ
185 2599 282 2634 σίκερα
297 2597 505 2632 ἁγνισθήσεται·
519 2595 567 2622 καὶ
585 2593 645 2626 ὅξος
660 2592 689 2625 ἐξ
699 2592 769 2618 οῐνου
786 2590 834 2617 καὶ
852 2589 912 2622 ὅξος

124 2646 157 2671 ὲκ
174 2645 270 2680 σίκερα
286 2645 316 2670 οὐ
330 2644 432 2670 πίεται.
451 2652 460 2667 ι
482 2641 561 2668 Ἀλλὰ
572 2639 619 2667 καὶ
633 2637 756 2673 Σολομὼν
777 2637 839 2668 τοὺς
861 2635 910 2671 ἆρ-

124 2700 222 2728 χεν-τας
236 2691 283 2718 καὶ
301 2691 363 2722 τοὺς
372 2688 501 2720 δικαστὰς
511 2686 655 2723 είργειτῆς
669 2685 803 2721 χρήσεως,
813 2682 909 2728 λέγων·

126 2747 136 2764 ‹
157 2738 234 2765 Μετὰ
252 2736 348 2772 βουλῆς
364 2736 452 2762 πάντα
468 2734 549 2765 ποίει,
564 2732 632 2769 μετὰ
650 2731 746 2767 βουλῆς
767 2727 910 2755 οἱνοπότει.

124 2784 156 2811 Οἱ
188 2784 317 2810 δυνάσται
337 2781 469 2817 θυμώδεις
491 2780 569 2813 εἰσὶν,
593 2775 664 2806 οἶνον
681 2777 718 2812 μὴ
749 2775 910 2807 πινέτωσαν,

159 2839 182 2855 ⁸⁸
197 2838 284 2866 Levit.
302 2846 330 2868 ι.
347 2837 376 2865 9.

159 2886 216 2919 (53)
234 2886 270 2912 El
281 2883 339 2919 μέν
354 2892 409 2916 τις.
426 2883 555 2919 Platohit
571 2880 645 2916 Leg.,
660 2878 765 2919 όκζὶβᾶ,
781 2877 812 2904 D.
894 2911 907 2916 _

158 2914 215 2954 (Si)
240 2914 296 2948 Τοῧ
311 2914 486 2954 σωφρονεῖν.
507 2917 574 2945 Male
596 2914 666 2952 apud
693 2914 851 2945 Platonem,
873 2914 912 2947 τῷ

124 2965 210 2992 σωςρ.

960 1678 1145 1702 consnescat:
1163 1673 1238 1702 domi
1264 1681 1339 1706 vero,
1357 1680 1393 1700 ne
1416 1679 1512 1700 servus
1531 1672 1676 1707 quisquam
1704 1676 1751 1699 aut

961 1721 1057 1748 ancilla
1069 1721 1162 1748 vinum
1177 1720 1291 1755 attingat
1301 1727 1423 1755 unquam
1437 1728 1443 1747 :
1455 1726 1490 1746 ne
1502 1719 1676 1753 magistratus
1694 1723 1752 1745 toto

962 1766 1009 1794 illo
1029 1774 1175 1802 anno,quo
1191 1766 1385 1802 rempublicam
1401 1769 1504 1801 gerent,
1518 1773 1552 1792 ne
1566 1765 1753 1793 moderatores

962 1817 1008 1840 aut
1019 1812 1136 1847 judices.
1152 1812 1234 1848 599
1249 1812 1372 1848 quandiu
1386 1811 1490 1847 judicia
1505 1812 1680 1843 exercehunt,
1697 1818 1750 1838 neu

961 1859 1106 1895 quisquam
1131 1860 1165 1886 de
1183 1867 1211 1886 re
1235 1859 1352 1894 alicujus
1375 1858 1506 1885 momenti
1530 1857 1694 1886 sententiam
1721 1857 1749 1884 in

962 1907 1079 1935 concilio
1093 1906 1216 1934 dicturus
1230 1915 1237 1939 ;
1253 1906 1308 1933 imo
1321 1905 1402 1933 etiam
1416 1904 1519 1932 nemini
1538 1911 1652 1939 prorsus
1667 1904 1752 1932 inter-

961 1954 1020 1986 diu,
1033 1953 1098 1980 vino
1119 1952 1158 1979 uti
1172 1952 1365 1984 concesserim,
1381 1951 1435 1979 nisi
1459 1951 1501 1978 vel
1516 1951 1673 1978 exercitatio
1689 1959 1753 1979 cor-

961 1999 1046 2034 poris,
1060 1999 1102 2026 vel
1115 1993 1203 2026 morbi
1219 1997 1289 2025 ratio
1305 1996 1474 2032 postulabit;
1487 2004 1576 2031 neque
1592 2001 1685 2030 noctu,
1701 2004 1750 2024 seu

961 2046 1014 2079 vir,
1035 2053 1084 2073 seu
1099 2045 1197 2073 mulier
1212 2044 1304 2076 fuerit,
1322 2044 1346 2072 si
1360 2050 1471 2078 operam
1488 2043 1579 2071 liberis
1595 2043 1660 2070 dare
1674 2043 1753 2078 cogi-

963 2092 1041 2119 tabit.
1061 2091 1124 2119 llaac
1140 2095 1166 2119 et
1185 2091 1239 2118 alia
1259 2090 1389 2126 pleraque
1405 2089 1496 2116 aﬂ'erri
1519 2089 1635 2124 possint,
1652 2097 1749 2124 qnam~

962 2137 1057 2165 obrem
1070 2137 1134 2164 vino
1149 2136 1286 2164 abstinere
1299 2135 1426 2168 debeant,
1441 2135 1489 2170 qui
1502 2139 1530 2162 et
1543 2134 1748 2170 maturijudicii

962 2191 989 2212 et
1005 2188 1085 2211 rectae
1103 2183 1171 2218 legis
1193 2182 1304 2210 ductum
1326 2185 1486 2216 sequantur.
1504 2180 1544 2208 Ex
1560 2189 1614 2216 quo
1639 2188 1704 2209 sane
1723 2181 1750 2208 id

962 2230 1094 2264 ellicitur,
1111 2229 1186 2257 nulla
1208 2233 1238 2256 ut
1257 2228 1353 2256 civitas
1377 2227 1471 2255 multis
1495 2226 1641 2255 admodum
1665 2227 1752 2255 vineis

963 2277 1082 2312 indigeat
1093 2284 1105 2314 ηε
1125 2275 1171 2304 sed
1187 2275 1288 2310 potius,
1302 2279 1332 2302 ut
1342 2282 1404 2302 cum
1424 2273 1546 2309 reliquus
1559 2273 1649 2300 omnis
1669 2280 1750 2308 agro-

963 2331 1023 2350 rum
1037 2322 1142 2355 cultus,
1166 2326 1224 2349 tum
1249 2321 1331 2349 etiam
1347 2319 1417 2347 ratio
1437 2319 1526 2347 victus
1547 2318 1674 2346 universa
1693 2326 1751 2346 mo-

961 2367 1030 2395 dicis
1043 2367 1156 2394 omnino
1177 2366 1276 2394 ﬁnibus
1292 2365 1457 2393 includatur.
1475 2374 1485 2391 ι
1503 2364 1540 2392 Ita
1558 2363 1645 2391 Plato.
1663 2362 1749 2396 Quem

961 2419 1023 2440 ante
1032 2413 1088 2447 jam
1100 2412 1206 2448 Moyses
1215 2416 1403 2448 occupaverat,
1413 2418 1474 2438 cum
1487 2409 1683 2442 sacerdotibus,
1695 2417 1750 2444 quo

962 2462 1083 2492 tempore
1107 2458 1193 2485 sacris
1208 2457 1377 2492 operandum
1395 2460 1464 2489 erat,
1480 2456 1545 2483 vino
1566 2455 1748 2487 interdiceret,

962 2503 1005 2531 his
1016 2503 1124 2530 verbis:
1142 2512 1151 2529 ι
1168 2502 1241 2530 Dixit
1257 2510 1367 2538 quoque
1379 2501 1512 2529 Dominus
1531 2500 1564 2528 ad
1577 2499 1687 2527 Aaron:
1701 2499 1751 2527 Vi-

962 2558 1028 2578 num
1043 2556 1070 2578 et
1078 2557 1159 2578 omne
1172 2550 1245 2585 quod
1265 2550 1401 2577 inebriare
1415 2554 1512 2584 potest,
1527 2555 1581 2576 non
1597 2547 1704 2580 bibetis,
1720 2552 1750 2575 tu

962 2601 989 2625 et
1012 2596 1059 2623 ﬁlii
1072 2596 1111 2623 tui
1131 2600 1231 2627 tecum,
1247 2595 1357 2631 quando
1374 2594 1482 2622 intratis
1497 2595 1525 2622 in
1542 2594 1749 2621 tabernaculum

962 2642 1120 2676 testimonii,
1137 2646 1262 2670 autcum
1283 2642 1413 2670 acceditis
1428 2641 1461 2669 ad
1481 2641 1576 2674 altare,
1597 2648 1631 2667 ne
1649 2640 1751 2667 moria-

963 2689 1029 2717 miui
1045 2697 1052 2716 :
1070 2688 1219 2723 legitimum
1241 2688 1437 2723 sempiternum
1452 2688 1480 2714 in
1500 2686 1689 2722 generationes
1705 2693 1750 2712 ve-

963 2740 1034 2763 stras
1049 2735 1081 2761 “.
1104 2744 1112 2760 ι
1138 2734 1210 2762 idem
1234 2734 1300 2761 viris
1325 2734 1426 2769 pariter
1448 2741 1480 2760 ac
1504 2731 1662 2759 mulieribus
1685 2734 1748 2757 vota

963 2782 1194 2817 nuncupantibus,
1204 2781 1273 2808 hanc
1289 2781 1372 2816 legem
1386 2779 1451 2806 dicit
1463 2787 1469 2805 :
1485 2788 1493 2803 ι
1505 2777 1562 2810 Vir,
1573 2777 1628 2805 sive
1640 2777 1749 2808 mulier,

999 2872 1054 2907 (55)
1074 2871 1202 2904 Μελέτῃ.
1229 2869 1266 2896 Ita
1282 2868 1454 2907 reposuimus
1465 2875 1502 2907 ex
1518 2874 1668 2899 manuscr.,
1685 2865 1750 2893 licet

963 2903 1126 2941 etialn'apud
1141 2907 1278 2941 Platonem
1295 2904 1408 2940 μελέτης
1429 2903 1582 2931 haberetur.

1000 2944 1055 2979 (36)
1076 2938 1162 2976 Nato,
1177 2939 1196 2978 ἦ
1214 2941 1235 2967 δ’
1251 2938 1281 2968 οἶ)
1296 2938 1369 2977 τινι.¹
