2078 3207
172 173 228 200 997
588 168 591 171 λ
756 170 917 198 ΡΒᾹΞΡΛΒ.
940 171 992 198 Ενι

989 170 1066 198 ANG.
1087 171 1150 198 LIB.
1172 171 1226 198 XII.
1759 176 1809 204 Ωμκ

173 223 287 259 ἄμεινον
311 221 440 257 ἢχηῖρον,
460 220 500 252 ὃς,
516 220 662 255 γενόμενος
681 219 768 255 δόγμα
791 220 894 250 πόλεως
914 224 993 250 χοι-Λ

988 224 1007 250 Α
1021 219 1165 254 opiniones
1192 219 1326 254 adjuncta:
1349 220 1425 252 ditat,
1450 229 1511 256 quae
1533 229 1678 250 commune
1702 223 1808 258 quidem

174 269 232 300 νὺν,
244 268 325 303 νόμος
338 267 540 301 ἐπωνόμασται.
562 276 570 291 ι
595 266 649 292 Καὶ
664 266 726 300 ἑξῆς
751 274 847 300 φησιν’
869 276 878 290 ι
901 265 965 292 Τόδε

1019 266 1077 300 spei
1096 273 1193 292 nomen
1208 266 1311 292 sortitae
1324 271 1405 300 sunt;
1430 267 1477 294 sed
1492 272 1581 295 tamen
1606 277 1668 304 spes
1689 270 1732 297 illa
1750 279 1809 306 qua:

173 316 199 342 δ’
215 316 304 350 ἴσμεν,
322 315 362 341 δτι
376 314 462 340 ταῦτα
481 313 514 340 τὰ
533 313 605 347 τιάοη
629 314 657 338 ἐν
671 313 753 347 ἡμῖν,
777 309 832 338 οἷον
847 312 930 348 νεῦρα
949 311 967 348 ἢ

1019 311 1142 338 dolorem
1161 313 1357 348 antegreditur,
1379 317 1468 340 metus
1483 323 1490 339 :
1508 321 1570 349 qua:
1582 316 1746 344 contrariam
1762 325 1809 344 vo-

177 360 304 396 μήρινῦοί
314 368 385 390 τινες
403 359 520 391 ἐνοῦσαι,
536 358 623 384 σπῶσί
639 367 668 384 τε
685 358 758 393 ἡμᾶς
775 357 822 384 καὶ
839 357 968 393 ἀλλήλαις

1019 357 1152 392 Iuptatem
1169 359 1314 390 antecedit,
1330 359 1428 386 ﬁducia
1447 359 1556 394 proprie
1571 361 1737 389 nominatur.
1761 361 1809 390 llis

175 406 352 434 ἀνθέλκουσιν
369 405 487 432 ἐναντίαι
502 403 579 431 οὖσαι
596 405 639 431 ἐπ’
655 404 779 435 ἐναντίας
800 403 923 440 πράξεις,
936 399 967 430 οὗ

1020 403 1148 430 omnibus
1165 404 1281 431 rationis
1297 408 1393 439 przeest
1405 404 1562 437 consilium,
1580 413 1636 441 quo
1649 407 1713 441 quid
1729 408 1808 435 exiis

174 455 209 489 δὴ
223 454 278 488 (45)
289 452 453 488 διωρισμένη
471 451 555 486 ἀρετὴ
566 450 712 483 καὶκακία
727 451 824 477 κεῖται.
841 450 898 484 Μιᾷ
914 449 967 484 γάρ

1020 449 1062 475 vel
1078 449 1175 491 melius
1190 450 1234 481 sit,
1244 450 1285 476 vel
1302 450 1422 478 deterius
1435 451 1606 486 exploratur;
1623 453 1749 488 quodque
1763 454 1807 481 ubi

175 508 259 534 φησιν
275 499 288 525 ὁ
299 499 377 532 λόγος
385 498 439 523 δεῖν
453 496 507 523 τῶν
524 496 621 529 ἕλξεων
642 495 820 530 ξυνεπόμενον
837 495 891 526 ἀεὶ,
922 495 968 520 καὶ

1020 502 1165 521 commune
1190 495 1273 522 totius
1295 495 1362 530 reip.
1387 496 1526 524 decretum
1550 496 1648 529 fuerit,
1670 504 1727 526 tum
1745 507 1808 527 vero

177 546 290 582 μηδαμῆ
307 543 520 578 ἀπολειπόμενον
531 543 649 577 ἐκείνης.
661 542 799 568 ἀνθέλκειν
810 542 864 573 τοῖς
878 540 968 572 ἄλλοις

1020 541 1063 568 lex
1077 542 1205 576 appellari
1221 541 1301 570 solet.
1324 553 1334 568 ›
1352 542 1383 570 Ει
1400 543 1481 578 paulo
1502 549 1562 578 post
1578 553 1585 571 :
1599 554 1608 569 ‹
1627 544 1692 576 Hoc,
1709 545 1806 579 inquit,

175 588 283 623 νεύροις
296 588 410 614 ἕκαστον
423 595 430 602 ·
449 586 551 621 ταύτην
571 586 592 612 δ’
610 583 679 612 εἶναι
702 585 750 621 τὴν
769 584 815 612 τοῦ
837 584 966 620 λογισμοῦ

1022 590 1209 624 intelligimus,
1223 591 1442 625 perturbationes
1464 591 1534 624 illas,
1554 600 1698 620 nervorum
1716 594 1741 620 in
1758 602 1807 622 no-

175 634 289 670 ἀγωγὴν
301 633 403 670 χρυσῆν
420 633 466 660 καὶ
482 633 568 668 ἱερὰν,
592 633 640 668 τῆς
660 632 763 663 πόλεως
783 632 871 673 κοινὸν
887 631 967 666 νόμον

1021 636 1063 663 bis
1079 643 1110 663 ac
1124 634 1229 664 iunium
1242 637 1422 676 quorumdam
1437 638 1524 665 instar
1535 646 1607 671 esse,
1623 647 1638 666 a
1653 639 1764 674 quibus,
1779 645 1808 668 ut

175 680 406 714 ἐπικαλουμένην,
430 679 512 709 ἄλλας
526 679 553 704 δὲ
572 677 690 714 σκληρὰς
706 678 753 703 καὶ
767 678 888 713 σιδηρᾶς,
919 678 967 713 τὴν

1021 683 1082 710 aliis
1097 683 1142 710 alii
1157 683 1288 709 contrarii
1302 686 1377 713 sunt,
1395 682 1431 709 ita
1452 684 1586 711 contraria
1603 684 1628 710 in
1650 685 1737 712 studia
1753 691 1807 712 tra-

175 726 206 753 δὲ
222 726 345 761 μαλακὴν
361 725 452 751 ἄνεσιν
469 725 571 760 χρυσῆν
584 723 676 750 οὖσαν·
690 724 739 755 τὰς
757 724 784 749 δὲ
804 724 885 756 ἄλλοις
901 732 968 750 παν-

1022 728 1122 759 himur,
1138 727 1182 754 ubi
1202 727 1290 754 virtus
1313 732 1341 754 et
1364 727 1470 760 vitium,
1494 729 1552 756 suis
1567 729 1646 756 ambo
1664 729 1763 758 ﬁnibus
1776 739 1808 758 ac

175 772 304 802 τοδαποῐς
316 770 412 797 εἴδεσιν
428 770 523 805 ὁμοίας
536 770 599 804 (χιιιγ
610 770 664 796 δεῖν
675 770 703 796 δὲ
715 772 747 806 τῇ
763 770 893 807 καλλίστῃ
901 771 969 805 ἀγω-

1021 774 1180 807 regionibus
1202 773 1411 807 circumscripta
1432 779 1587 802 versantur.
1610 775 1689 802 Ratio
1709 777 1807 811 quippe

176 819 212 852 γῇ
230 816 276 843 τοῦ
289 817 369 851 νόμου
387 816 431 842 ἀεὶ
447 816 662 851 ξυλλαμϐάνειν
684 816 730 842 ἅτε
749 816 802 851 γὰρ
821 816 868 842 τοῦ
894 816 967 851 λογι-

1021 819 1111 851 docet,
1127 819 1213 846 motui
1227 819 1360 846 duntaxat
1378 820 1454 847 alteri
1472 819 1512 848 sic
1529 821 1732 856 obsequendum
1750 824 1807 850 cui--

177 863 248 899 σμοῦ
262 863 344 889 καλοῦ
362 863 411 898 μὲν
423 862 498 893 ὗντος
511 882 518 893 ,
539 862 626 897 πρᾴου
641 871 670 888 τε
683 863 728 888 καὶ
752 863 782 888 οὑ
801 863 898 897 βιαίου,
914 863 968 889 δεῖ-

1021 874 1074 900 que
1087 870 1228 900 perpetuo,
1245 870 1274 892 ut
1290 873 1430 901 nunquam
1453 866 1487 893 ab
1502 874 1534 894 eo
1549 867 1702 900 discedens,
1721 877 1805 905 oppo-

177 909 240 935 σθαι
255 908 398 943 ὑπηρετῶν
414 907 494 934 αὑτοῦ
506 907 554 942 τὴν
570 907 696 943 ἀγωγὴν,
715 909 788 940 ὅπως
803 908 835 934 ἂν
853 909 881 934 ἐν
901 909 965 944 ἡμῖν
982 907 997 934 Ι]

986 907 1003 934 Β
1017 912 1078 939 sitis
1095 911 1206 938 funibus
1233 915 1390 938 constanter
1410 912 1554 939 renitatur.
1570 913 1658 948 Atque
1672 914 1743 941 hunc
1760 923 1806 942 sa-

175 954 207 981 τὸ
221 954 337 990 χρυσοῦν
350 953 427 987 γένος
435 954 497 989 νικᾷ
510 953 544 979 τὰ
553 954 620 981 ἄλλα
633 954 710 989 γένη.
721 954 775 980 Καὶ
785 954 855 980 οὕτω
868 954 899 989 δὴ
911 954 966 989 (45)

1020 956 1118 990 pientis
1142 955 1250 982 consilii
1276 962 1388 983 aureum
1412 964 1472 984 esse
1497 964 1661 992 sacrumque
1682 959 1804 991 ductum,

175 1000 244 1035 περὶ
256 1000 401 1034 ϐαυμάτων
418 1000 455 1031 ὼς
467 999 552 1025 ὅντων
571 1000 587 1034 ἡ
593 998 650 1034 μῶν
671 999 685 1024 ὁ
703 999 786 1034 μῦθος
808 999 908 1034 ἀρετῆς
925 1008 968 1025 σε-

1019 1009 1100 1036 quam
1117 1001 1252 1036 publicam
1266 1006 1293 1028 et
1306 1009 1479 1029 communem
1491 1003 1609 1031 civitatis
1627 1004 1711 1038 legem
1725 1005 1802 1040 θοι

176 1045 318 1081 σωσμένος
333 1045 366 1072 ἂν
386 1045 428 1081 εἴη
439 1066 446 1077 ,
462 1047 508 1072 καὶ
522 1045 551 1071 τὸ
576 1045 692 1081 κρείττω
709 1044 805 1071 ἑαυτοῦ
823 1046 870 1071 καὶ
895 1045 968 1080 ἥττω

1019 1047 1187 1082 appellamus
1201 1055 1208 1073 ε
1223 1047 1343 1081 reliquos
1360 1047 1432 1074 enim
1447 1052 1548 1081 motus,
1564 1048 1688 1076 duriores
1705 1057 1737 1076 ac
1752 1050 1805 1077 fer-

176 1090 246 1119 εἷναι
265 1093 365 1129 τρόπον
375 1092 435 1119 τινὰ
449 1093 564 1128 φανερὸν
580 1092 613 1118 ἃν
628 1092 733 1126 γένοιτο
750 1091 848 1126 μᾶλλον
866 1091 880 1117 ὅ
898 1093 965 1118 νοεῖ’

1019 1101 1092 1123 reos,
1107 1093 1218 1120 ductum
1234 1092 1307 1119 hunc
1320 1100 1416 1124 unum,
1433 1093 1506 1128 quod
1523 1102 1623 1122 aureus
1637 1095 1683 1127 sit,
1697 1095 1802 1123 facilem

175 1141 226 1166 καὶ
241 1139 282 1165 ὅτι
294 1139 370 1165 πόλιν
383 1139 429 1166 καὶ
442 1138 560 1173 ἰδιώτην,
576 1138 621 1164 τὸν
643 1138 692 1173 μὲν
707 1138 786 1172 λόγον
812 1137 898 1173 ἀληοῆ
921 1137 967 1164 λα-

1017 1139 1098 1166 ctiam
1123 1146 1155 1166 ac
1168 1146 1277 1166 suavem
1300 1145 1376 1170 esse;
1393 1146 1509 1173 cumque
1527 1141 1616 1167 caeteri
1637 1148 1732 1169 omnes
1749 1147 1803 1170 tam

174 1183 259 1210 δόντα
275 1184 303 1210 ὲν
318 1183 406 1218 ἐαυτῷ
417 1184 481 1219 περὶ
492 1183 545 1209 τῶν
559 1182 666 1215 ἕλξεων,
681 1182 768 1217 τούτῳ
782 1183 914 1217 ἑπόμενον
929 1183 968 1209 δεῖ

1018 1184 1085 1210 varii
1100 1183 1154 1211 sint
1170 1188 1280 1218 tamque
1297 1183 1472 1218 multiplices,
1489 1185 1561 1213 hunc
1575 1186 1681 1214 vultum
1697 1196 1803 1223 semper

175 1230 238 1266 ζῇν,
253 1230 329 1257 πόλιν
339 1230 367 1256 δὲ
382 1230 398 1265 ἢ
416 1230 491 1265 παρὰ
505 1229 572 1256 Θεῶν
585 1237 656 1260 τινος
669 1229 685 1264 ἢ
701 1229 765 1263 παρ’
776 1228 857 1255 αὐτοῦ
872 1229 966 1256 τούτου

1019 1237 1102 1257 unum
1121 1230 1299 1264 eamdemque
1315 1229 1429 1256 formam
1443 1230 1604 1258 retinerc.Et
1619 1240 1682 1260 vero
1693 1233 1803 1261 ductum

176 1277 288 1310 γνόντος
303 1275 388 1303 ταῦτα
407 1276 486 1310 λόγον
500 1274 721 1311 παραλαϐοῦσαν,
735 1275 815 1309 νόμον
839 1274 965 1310 οεμένην,

1019 1275 1092 1302 hunc
1107 1275 1173 1310 legis
1188 1279 1316 1309 tanquam
1332 1276 1476 1310 optimum,
1491 1284 1598 1311 semper
1609 1278 1688 1305 nobis
1703 1287 1734 1306 ac
1748 1285 1805 1307 stu-

177 1321 248 1355 αὺτῇ
263 1328 292 1346 τε
305 1319 409 1355 ὁμιλεῖν
423 1320 469 1346 καὶ
479 1321 539 1350 ταῖς
556 1319 649 1351 ἄλλαις
662 1318 780 1345 πόλεσιν.
794 1318 871 1345 Οὕτω
884 1319 967 1346 κακία

1018 1320 1095 1347 diose
1115 1321 1330 1354 promovendum
1354 1328 1424 1348 esse.
1441 1319 1508 1348 Nam
1525 1330 1587 1349 cum
1612 1324 1677 1351 illud
1691 1325 1805 1353 rationis

175 1365 210 1400 δὴ
225 1364 273 1391 καὶ
282 1364 366 1400 ἀρετὴ
378 1364 543 1400 σαφέστερον
557 1365 620 1399 ἡμῖν
637 1363 839 1400 διηρθρωμένον
851 1364 883 1390 ἂν
894 1365 963 1399 εἴη.»

1018 1367 1164 1393 consilium
1179 1366 1214 1393 ita
1229 1366 1330 1393 bonum
1348 1371 1429 1401 atque
1449 1367 1593 1396 honestum
1610 1370 1655 1402 sit,
1670 1375 1700 1398 ut
1714 1376 1804 1399 tamen

177 1411 234 1437 Καὶ
248 1411 312 1446 παρ’
326 1411 391 1446 ἡμῖν
404 1412 418 1436 ὁ
432 1410 501 1441 θεῖος
510 1411 544 1437 τὰ
562 1412 642 1445 ὃμοια.
661 1410 780 1436 διδάσκει
800 1410 878 1444 λόγος
891 1431 898 1443 ,
913 1410 967 1445 φά-

1019 1412 1152 1442 suavitate
1166 1411 1257 1443 ducat,
1274 1419 1327 1438 non
1345 1411 1369 1438 vi
1387 1416 1484 1446 cogat;
1504 1413 1576 1440 hunc
1594 1415 1679 1448 ipsius
1693 1416 1803 1443 ductum

177 1464 267 1482 σκων·
288 1465 296 1480 ε
316 1456 468 1492 Συνηδομαι
484 1455 522 1490 τῷ
537 1455 610 1490 νόμῳ
623 1455 669 1482 τοῦ
683 1454 751 1481 Θεοῦ
767 1455 836 1481 κατὰ
853 1454 898 1482 τὸν
913 1455 967 1482 ἔσω

1018 1457 1238 1485 administrorum
1265 1459 1445 1492 quorumdam
1472 1467 1553 1494 opera
1579 1461 1698 1495 indigere
1721 1467 1750 1489 ut
1778 1464 1805 1490 in

176 1501 334 1537 ἄνθρωπον
352 1501 442 1535 βλέπω
455 1501 483 1527 δὲ
499 1501 591 1535 ἕτερον
604 1500 686 1535 νόμον
700 1501 729 1526 ὲν
741 1501 796 1531 τοῖς
809 1499 901 1534 μέλεσί
915 1509 966 1535 μου

1019 1503 1098 1530 nobis
1115 1510 1227 1530 aureum
1245 1503 1328 1530 hocce
1352 1511 1447 1538 genus,
1471 1510 1596 1532 caeteram
1621 1505 1694 1534 illam
1718 1509 1804 1535 natio-

175 1548 450 1583 ἀντιστρατευόμενον
475 1547 514 1581 τῷ
539 1547 613 1582 νόμῳ
638 1546 685 1572 τοῦ
709 1546 767 1577 νοός
801 1554 868 1581 μου·
887 1555 896 1571 ι
911 1546 995 1587 Καὶη

981 1576 999 1587 η
1018 1557 1079 1576 nem
1097 1549 1257 1584 turbamque
1280 1550 1390 1578 domare
1410 1553 1508 1586 possit.
1526 1551 1614 1587 Atque
1637 1553 1671 1580 ita
1694 1553 1801 1582 demum

176 1592 258 1619 πάλιν
271 1576 281 1608 ἰ
294 1602 303 1618 ί
316 1576 425 1625 Μεταξὺ
437 1576 559 1627 ἀλλήλων
637 1576 773 1626 λογισμῶν
782 1576 965 1626 κατηγοροὺν-
979 1576 996 1605 C

982 1576 999 1605 ε
1018 1594 1127 1620 virtutis
1141 1594 1196 1625 illa,
1213 1602 1273 1628 quae
1287 1594 1320 1622 de
1335 1576 1557 1631 nobisrtanquam
1569 1576 1702 1626 lmiraculi
1725 1600 1802 1627 simi-

174 1638 272 1674 των,ἣ
291 1639 337 1666 καὶ
353 1638 593 1673 ἀπολογουμένων·
615 1647 624 1663 ι
642 1638 692 1664 ὅσα
715 1645 745 1663 τε
772 1637 839 1664 ἄλλα
861 1637 965 1669 τούτοις

1019 1639 1090 1667 libus
1107 1640 1260 1667 celebratur
1278 1640 1380 1674 fabula,
1397 1642 1525 1676 explicari
1550 1643 1628 1672 iacile
1643 1644 1803 1680 defendique

176 1684 367 1720 παραπλήσια,
1019 1685 1134 1719 poterit;
1150 1689 1207 1712 tum
1231 1685 1333 1712 clarius
1349 1685 1431 1712 simul
1453 1686 1640 1722 illustriusque
1657 1690 1801 1723 constabit,

175 1737 233 1757 non
251 1730 332 1758 modo
347 1731 411 1765 quid
429 1730 493 1757 illud
508 1729 651 1764 signiﬁcet,
665 1729 802 1756 hominem
829 1729 919 1764 seipso
936 1737 1031 1762 unum,
1048 1730 1128 1757 modo
1152 1730 1330 1765 superiorem,
1347 1731 1428 1759 modo
1445 1731 1599 1760 inferiorem
1612 1742 1672 1762 esse
1687 1745 1693 1761 :
1710 1743 1802 1764 verum

174 1769 261 1805 etiam
277 1778 411 1813 ejusmodi
426 1786 486 1805 cum
506 1778 610 1812 privato
624 1778 734 1811 cuique,
748 1782 805 1804 tum
821 1777 872 1812 ipsi
886 1784 995 1812 quoque
1018 1777 1085 1812 reip.
1104 1778 1258 1805 cautionem
1274 1785 1336 1805 esse
1351 1779 1544 1810 necessariam,
1563 1784 1592 1806 ut
1604 1781 1726 1814 privatus
1741 1790 1803 1809 ver:

175 1830 205 1852 et
218 1825 328 1860 propria
347 1831 468 1852 motuum
486 1825 594 1852 illorum
609 1826 635 1852 in
651 1833 711 1853 sese
728 1826 833 1853 ratione
849 1830 988 1861 perspecta
999 1847 1006 1859 ,
1022 1826 1105 1853 vitam
1122 1826 1166 1853 illa
1190 1826 1330 1862 diligenter
1346 1827 1487 1861 instituat;
1503 1830 1608 1861 civitas,
1626 1837 1803 1868 posteaquam

175 1874 220 1901 vel
235 1873 271 1901 ab
283 1874 373 1909 aliquo
393 1876 513 1907 numine,
534 1875 575 1901 vel
588 1879 660 1902 certe
677 1875 711 1901 ab
725 1882 757 1902 eo
777 1875 832 1910 jam
849 1876 987 1910 explorata
1002 1875 1048 1902 illa
1063 1875 1128 1906 sint,
1142 1874 1264 1902 eamdem
1279 1874 1461 1910 cognitionem
1479 1875 1609 1908 hauserit,
1627 1877 1700 1904 illam
1715 1878 1803 1913 ipsam

176 1920 247 1955 legis
268 1920 329 1948 loco
344 1920 435 1947 haberi
452 1921 555 1955 iubeat,
571 1929 652 1956 quam
673 1922 809 1956 deinceps,
826 1926 853 1949 et
868 1930 960 1950 secum
984 1923 1043 1958 ipsa
1057 1927 1085 1950 et
1105 1930 1167 1949 cum
1190 1922 1250 1950 aliis
1266 1923 1421 1950 civitatibus
1438 1924 1542 1958 agendo
1557 1930 1696 1960 sequatur.
1714 1926 1803 1961 Atque

175 1967 215 1994 ita
234 1967 342 2002 planius
361 1974 442 2003 atque
465 1969 621 1996 distinctius
643 1969 699 1996 vitii
716 1969 877 2005 virtutisque
899 1971 1018 1998 rationes
1042 1977 1250 2006 cognoscemus.
1275 1979 1283 1996 ι
1308 1969 1443 1998 Hactenus
1460 1969 1546 1997 Plato.
1569 1969 1618 1997 Cui
1637 1979 1703 1998 sane
1717 1979 1800 2006 quam

176 2013 380 2042 alfmialitterae
393 2024 445 2043 nos
461 2016 559 2044 divinae
572 2018 679 2044 docent.
698 2019 738 2044 lta
758 2017 829 2045 enim
845 2019 990 2053 Apostolus
1005 2029 1012 2046 :
1027 2029 1037 2045 ί
1054 2018 1242 2050 Condelector,
1263 2018 1361 2053 inquit,
1381 2018 1433 2053 legi
1458 2018 1503 2046 Dei
1520 2019 1671 2046 secundum
1690 2019 1802 2047 interioo

175 2068 236 2088 rem
254 2061 390 2089 homian
408 2071 414 2088 :
435 2063 513 2090 video
530 2070 620 2091 autem
633 2065 712 2092 aliam
728 2065 813 2100 legem
827 2066 853 2093 in
869 2067 998 2094 membris
1016 2067 1094 2099 meis,
1105 2072 1298 2102 repugnantem
1311 2067 1361 2102 legi
1377 2066 1478 2094 mentis
1494 2073 1560 2093 mea:
1575 2066 1607 2092 ⁸⁵.
1629 2075 1639 2091 ι
1660 2065 1779 2101 Itemque
1793 2076 1800 2094 :

178 2116 190 2133 ι
212 2106 284 2134 Inter
297 2115 357 2135 sese
371 2108 484 2136 invicem
501 2111 711 2143 cogitationibus
724 2112 927 2144 accusantibus,
941 2118 988 2140 aut
1002 2114 1084 2140 etiam
1098 2112 1304 2140 defendentibus
1319 2113 1348 2139 °’.
1369 2123 1378 2139 ›
1395 2113 1427 2140 Et
1441 2117 1538 2140 caetera
1551 2112 1578 2139 id
1591 2119 1687 2146 genus.

423 2155 620 2182 ΚΕΦΑΛΔΙΟΝ
646 2157 714 2185 κη’.

1282 2159 1395 2187 CAPUT
1420 2158 1537 2186 XXVIII.

175 2199 239 2227 Ὅτι
253 2201 288 2227 οὺ
302 2200 334 2226 τὸ
344 2199 441 2240 οἰξμαΥ
535 2203 553 2240 ἡ
565 2202 650 2237 ψυχὴ
663 2203 745 2240 ιιι-ι’ία⁸
755 2203 893 2238 τυγχάνει
905 2203 963 2230 τῶν

1019 2204 1079 2232 Non
1094 2205 1122 2232 in
1143 2214 1236 2240 corpus
1246 2227 1254 2240 ,
1272 2206 1316 2233 sed
1331 2206 1358 2232 in
1377 2206 1506 2236 animum,
1520 2204 1628 2240 culpant
1638 2211 1728 2230 eorum
1744 2212 1802 2238 quo:

313 2237 411 2268 κακῶς
427 2237 476 2270 ὑφ’
496 2237 580 2271 ἡμῶν
598 2237 825 2272 πραττομένωτῖ
978 2243 999 2270 D
1128 2252 1133 2268 ι

978 2243 999 2270 Ι)
1128 2249 1144 2268 a
1162 2237 1236 2269 nobis
1247 2237 1403 2276 peccantur,
1420 2248 1474 2267 esse
1491 2237 1683 2273 conferendam.

215 2293 225 2308 ι
242 2283 412 2318 Μεμνήμεθὰ
435 2282 490 2317 (46)
510 2291 541 2317 γε
558 2284 610 2320 μὴν
630 2285 845 2320 ὁμολογήσαντες
859 2286 888 2311 ἐν
909 2286 966 2317 τοῖς

1053 2296 1062 2312 ι
1082 2286 1141 2314 Jam
1157 2295 1220 2314 vero
1232 2286 1417 2317 meminimus,
1431 2285 1518 2320 inquit
1532 2284 1617 2317 l‘lato,
1633 2284 1684 2311 hoc
1694 2291 1708 2311 a
1722 2284 1801 2312 nobis

175 2329 306 2364 πρόσθεν,
318 2329 366 2360 ὡς,
377 2329 400 2354 εἰ
410 2328 482 2363 ψυχὴ
496 2329 592 2364 φανείη
604 2330 775 2366 πρεσὸυτέρα
785 2330 831 2356 τοῦ
841 2330 966 2366 σώματος

1018 2333 1143 2367 superius
1166 2340 1227 2360 esse
1246 2340 1417 2363 concessum,
1442 2332 1464 2358 si
1483 2338 1595 2365 corpore
1620 2329 1801 2364 antiquiorem

175 2373 256 2406 οὖσα,
273 2375 319 2401 καὶ
333 2374 369 2400 τὰ
384 2373 471 2409 ψυχῆς
485 2373 538 2400 τῶν
553 2375 599 2401 τοῦ
611 2375 735 2411 σώματος
749 2376 834 2402 ἔσοιτο
847 2375 966 2411 πρεσϐύ-

1017 2379 1137 2406 animum
1153 2386 1213 2406 esse
1224 2383 1370 2410 constaret,
1395 2377 1526 2412 quidquid
1547 2378 1627 2404 etiam
1641 2375 1724 2402 animi
1739 2383 1801 2410 pro-

175 2429 255 2456 τερα.
278 2435 310 2440 —-
326 2421 398 2447 Πάνυ
417 2419 466 2454 μὲν
482 2417 538 2446 οὖν.
561 2421 702 2457 -Τρόποι
728 2422 755 2448 δὲ
774 2422 818 2448 καὶ
835 2421 897 2456 ῆοη.
920 2422 967 2448 καὶ

1017 2425 1106 2459 prium
1128 2429 1216 2457 esset,
1237 2425 1263 2452 id
1279 2433 1359 2452 omne
1377 2425 1456 2451 rebus
1475 2423 1509 2450 ad
1529 2422 1652 2456 corporis
1674 2425 1800 2448 naturam

176 2467 329 2502 βουλήσεις,
347 2467 393 2494 καὶ
404 2466 537 2504 λογισμοὶ,
563 2468 609 2494 καὶ
636 2467 709 2501 δόξαι
733 2467 852 2502 ἀληθεῖς,
870 2467 966 2502 ἐπιμέ-

1017 2470 1213 2504 pertinentibus
1227 2470 1367 2505 antiquius
1391 2469 1522 2497 futurum.
1534 2483 1569 2488 —
1582 2467 1663 2501 Sane,
1676 2468 1799 2495 memini-

215 2512 238 2528 “
254 2512 332 2539 Rom.
355 2521 401 2542 vn.
424 2514 520 2541 22-25.
559 2513 581 2529 "
596 2512 674 2540 Rom.
688 2521 718 2544 it,
737 2512 779 2538 15.

215 2557 272 2592 (45)
293 2556 335 2586 Οὗ
354 2558 402 2592 δή.
421 2559 459 2586 Ita
481 2559 652 2593 reposuimus
673 2566 705 2585 ex
724 2557 837 2584 Platone
860 2561 888 2584 et
908 2564 965 2585 ma—
1017 2561 1095 2593 gruat
1119 2557 1325 2593 interpretatio:
1341 2558 1374 2585 Et
1394 2558 1431 2585 sic
1453 2557 1561 2592 fabula,
1578 2557 1640 2593 quia
1655 2557 1724 2593 mira
1740 2565 1797 2589 res,

178 2600 274 2629 nuscr.
292 2601 341 2628 pro
354 2594 383 2620 οὺ
397 2595 444 2629 δή,
460 2591 533 2629 quod
548 2593 675 2621 vitiosum
691 2598 757 2620 erat.
774 2628 777 2629 ν
861 2627 866 2629 _
1016 2591 1092 2629 homo
1102 2591 1306 2629 exseritur-retur,
1319 2594 1413 2620 virtute
1423 2591 1580 2629 servabitur.
1595 2591 1725 2629 Equidem
1741 2593 1799 2619 hzec

217 2628 273 2662 (Η)
293 2627 541 2663 Εἵδεσινόμὸίας.
556 2629 631 2656 Plato
644 2633 704 2663 post
716 2628 812 2662 ὁμοίας
831 2627 965 2654 minorem
1016 2635 1037 2653 nl

1016 2635 1069 2663 non
1084 2628 1213 2662 intelligo.
1227 2627 1304 2661 Vult,
1318 2629 1424 2662 opinor,
1439 2627 1615 2662 philosophus
1625 2647 1631 2658 ,
1645 2635 1677 2663 ea
1687 2627 1796 2654 demum

178 2663 381 2691 distinctionem
401 2662 527 2695 adhibet,
548 2665 612 2691 dum
633 2662 710 2698 legit,
733 2663 787 2689 δεῖν
813 2663 845 2698 τῇ
871 2663 965 2689 καλλι-
1016 2662 1139 2698 ratione,
1156 2671 1237 2698 quam
1264 2664 1431 2697 prmscribit,
1459 2662 1620 2698 intellectum
1647 2662 1797 2698 it‘i,rquord

178 2706 230 2734 στῃ
241 2719 249 2727 .
263 2703 327 2731 etc.,
337 2700 395 2726 sine
406 2700 444 2726 δέ.
458 2699 513 2734 Ego
525 2697 670 2726 Eusebium
684 2699 760 2733 sequi
772 2698 853 2734 malo,
870 2698 964 2725 vellem
1015 2697 1151 2734 plerisque
1179 2698 1332 2726 fabulosum
1362 2699 1486 2725 videatur
1499 2718 1505 2729 ,
1537 2697 1661 2724 homines
1688 2697 1797 2734 virtutis

179 2732 273 2760 tamen
294 2739 356 2761 ante
380 2735 429 2766 τὰς
450 2732 581 2769 δῖἄλλας
605 2734 706 2769 aliquid
725 2732 848 2768 prmmii,
885 2741 911 2769 v.
927 2741 964 2766 e.,
1016 2733 1154 2769 studiosos
1178 2734 1300 2761 miraculi
1322 2734 1424 2761 similes
1439 2741 1499 2760 esse
1514 2741 1520 2758 :
1535 2740 1646 2767 prorsus
1661 2732 1733 2759 enim
1749 2732 1797 2759 ad-

178 2769 228 2795 καὶ
242 2769 290 2804 τὴν
307 2770 355 2804 μὲν
371 2769 493 2805 μονοειδῆ
515 2768 601 2802 εἶναι,
626 2768 657 2796 ut
679 2769 771 2805 magis
790 2768 965 2805 sequentibus

1016 2768 1139 2805 mirabile
1156 2769 1283 2802 quiddam
1298 2774 1356 2802 est,
1384 2769 1411 2795 in
1427 2769 1624 2805 hominemne,
1641 2772 1742 2805 tantam
1763 2774 1795 2805 ac

179 2802 377 2838 opponeretur,
392 2813 460 2840 quas
477 2802 514 2831 ait
537 2805 715 2836 παντοδαποῖς
726 2802 833 2840 θεῖδεσιν
850 2803 945 2840 ὁμοίας
956 2822 964 2834 ,

1016 2803 1152 2840 assiduam
1168 2811 1228 2830 esse
1245 2812 1306 2830 eum
1325 2805 1395 2831 vitiis
1415 2808 1442 2830 et
1465 2803 1656 2840 cupiditatibus
1681 2802 1793 2840 rationis

179 2838 410 2875 quemadmodum
427 2841 495 2867 alias
509 2841 617 2874 quidem
635 2840 754 2875 σκληρὰς
775 2839 821 2865 καὶ
836 2838 946 2874 σιδηρᾶς
956 2858 963 2870 ,

1015 2838 1175 2875 virtutisque
1191 2846 1324 2873 pugnam,
1351 2839 1377 2866 in
1397 2847 1450 2874 qua
1467 2839 1555 2865 vincat
1571 2838 1669 2873 saepius
1699 2838 1794 2864 trium-

180 2873 327 2912 liancvero
341 2876 465 2912 μαλακὴν
478 2873 524 2912 καῖ
536 2873 711 2912 χρυσῆνγοεεό
727 2875 848 2912 dixerint.
873 2909 878 2912 _

422 2876 465 2911 ιὴν
478 2873 524 2912 καῖ
536 2873 711 2912 χρυσῆνγοεεό
727 2875 848 2912 όὶχεξιξινι.Δ
873 2909 878 2912 _
1015 2873 1242 2912 phetque‘virtus.

218 2909 274 2944 {fx-‘5)
295 2906 348 2937 Kal
372 2906 450 2938 οὕτώ
477 2909 513 2942 δή
525 2906 601 2942 ,"etc.
616 2906 693 2938 ’νίας
710 2918 773 2938 num
794 2909 880 2937 Ficini
897 2916 963 2936 con-
1016 2906 1024 2908 “
1051 2908 1106 2943 (46)
1126 2908 1311 2944 Μεμνιξμεθα.
1328 2908 1414 2942 Plato,
1430 2909 1476 2937 lib.
1493 2919 1508 2937 ι
1521 2909 1593 2944 Lrg,
1610 2906 1743 2944 pag.t§l-),
1757 2911 1792 2934 Ds
