  <div class='ocr_page' id='page_1' title='image "/cluster/home/n/w/nwhite01/storage/ocr_20150623/21/njp.32101077772489/541.png"; bbox 0 0 2078 3207; ppageno 0'>
   <div class='ocr_carea' id='block_1_1' title="bbox 315 183 367 212">
    <p class='ocr_par' dir='ltr' id='par_1_1' title="bbox 315 183 367 212">
     <span class='ocr_line' id='line_1_1' title="bbox 315 183 367 212; baseline 0 -1"><span class='ocrx_word' id='word_1_1' title='bbox 315 183 367 212; x_wconf 81' lang='lat'><strong>999</strong></span> 
     </span>
    </p>
   </div>
   <div class='ocr_carea' id='block_1_2' title="bbox 633 159 1612 230">
    <p class='ocr_par' dir='ltr' id='par_1_2' title="bbox 633 159 1612 230">
     <span class='ocr_line' id='line_1_2' title="bbox 633 159 1612 230; baseline 0.001 -19"><span class='ocrx_word' id='word_1_2' title='bbox 633 181 1032 230; x_wconf 39' lang='lat' dir='ltr'><strong>EUSEBIIICIESARIENSlS</strong></span> <span class='ocrx_word' id='word_1_3' title='bbox 1053 182 1127 210; x_wconf 80' lang='lat' dir='ltr'><strong>OPP.</strong></span> <span class='ocrx_word' id='word_1_4' title='bbox 1147 159 1241 210; x_wconf 29' lang='lat' dir='ltr'><strong>PARS]</strong></span> <span class='ocrx_word' id='word_1_5' title='bbox 1256 183 1287 210; x_wconf 90' lang='lat' dir='ltr'><strong>ll.</strong></span> <span class='ocrx_word' id='word_1_6' title='bbox 1310 198 1344 203; x_wconf 95' lang='lat'><strong><em>—</em></strong></span> <span class='ocrx_word' id='word_1_7' title='bbox 1363 175 1612 212; x_wconf 66' lang='lat' dir='ltr'><strong>APOLOGETlCA.</strong></span> 
     </span>
    </p>
   </div>
   <div class='ocr_carea' id='block_1_3' title="bbox 1863 188 1935 216">
    <p class='ocr_par' dir='ltr' id='par_1_3' title="bbox 1863 188 1935 216">
     <span class='ocr_line' id='line_1_3' title="bbox 1863 188 1935 216; baseline 0.014 -2"><span class='ocrx_word' id='word_1_8' title='bbox 1863 188 1935 216; x_wconf 76' lang='grc'><strong>1000</strong></span> 
     </span>
    </p>
   </div>
   <div class='ocr_carea' id='block_1_4' title="bbox 311 241 1094 281">
    <p class='ocr_par' dir='ltr' id='par_1_4' title="bbox 311 241 1094 276">
     <span class='ocr_line' id='line_1_4' title="bbox 311 241 1094 276; baseline 0.001 -8"><span class='ocrx_word' id='word_1_9' title='bbox 311 249 383 269; x_wconf 82' lang='lat' dir='ltr'><strong>mus.</strong></span> <span class='ocrx_word' id='word_1_10' title='bbox 397 255 431 260; x_wconf 97' lang='lat'><strong>—</strong></span> <span class='ocrx_word' id='word_1_11' title='bbox 446 241 534 269; x_wconf 85' lang='lat' dir='ltr'><strong>Mores</strong></span> <span class='ocrx_word' id='word_1_12' title='bbox 556 241 648 276; x_wconf 79' lang='lat' dir='ltr'><strong>igitur,</strong></span> <span class='ocrx_word' id='word_1_13' title='bbox 663 241 829 275; x_wconf 70' lang='lat' dir='ltr'><strong>affectiones,</strong></span> <span class='ocrx_word' id='word_1_14' title='bbox 844 242 1008 274; x_wconf 69' lang='lat' dir='ltr'><strong>voluntates,</strong></span> <span class='ocrx_word' id='word_1_15' title='bbox 1024 242 1094 276; x_wconf 85' lang='lat' dir='ltr'><strong>judi-</strong></span> 
     </span>
    </p>
   </div>
   <div class='ocr_carea' id='block_1_5' title="bbox 1144 241 1939 281">
    <p class='ocr_par' dir='ltr' id='par_1_5' title="bbox 1147 243 1939 281">
     <span class='ocr_line' id='line_1_5' title="bbox 1147 243 1939 281; baseline 0.008 -13"><span class='ocrx_word' id='word_1_16' title='bbox 1147 243 1217 269; x_wconf 80' lang='grc' dir='ltr'>λειαί</span> <span class='ocrx_word' id='word_1_17' title='bbox 1227 251 1256 269; x_wconf 89' lang='grc' dir='ltr'><strong>τε</strong></span> <span class='ocrx_word' id='word_1_18' title='bbox 1272 244 1317 269; x_wconf 73' lang='grc' dir='ltr'><strong>καὶ</strong></span> <span class='ocrx_word' id='word_1_19' title='bbox 1334 243 1450 278; x_wconf 81' lang='grc' dir='ltr'>μνῆμαι,</span> <span class='ocrx_word' id='word_1_20' title='bbox 1471 244 1590 280; x_wconf 80' lang='grc' dir='ltr'>πρότερα</span> <span class='ocrx_word' id='word_1_21' title='bbox 1605 245 1708 280; x_wconf 82' lang='grc' dir='ltr'><strong>μήκους</strong></span> <span class='ocrx_word' id='word_1_22' title='bbox 1723 245 1857 281; x_wconf 84' lang='grc' dir='ltr'>σωμάτων</span> <span class='ocrx_word' id='word_1_23' title='bbox 1869 267 1877 277; x_wconf 93' lang='grc'><strong>,</strong></span> <span class='ocrx_word' id='word_1_24' title='bbox 1893 249 1939 274; x_wconf 77' lang='grc' dir='ltr'><strong>καὶ</strong></span> 
     </span>
    </p>
   </div>
   <div class='ocr_carea' id='block_1_6' title="bbox 311 288 1099 323">
    <p class='ocr_par' dir='ltr' id='par_1_6' title="bbox 311 288 1099 323">
     <span class='ocr_line' id='line_1_6' title="bbox 311 288 1099 323; baseline -0.001 -7"><span class='ocrx_word' id='word_1_25' title='bbox 311 289 364 320; x_wconf 88' lang='lat' dir='ltr'><strong>cia,</strong></span> <span class='ocrx_word' id='word_1_26' title='bbox 382 295 453 315; x_wconf 75' lang='lat' dir='ltr'><strong>verae</strong></span> <span class='ocrx_word' id='word_1_27' title='bbox 468 288 620 323; x_wconf 79' lang='lat' dir='ltr'><strong>opiniones,</strong></span> <span class='ocrx_word' id='word_1_28' title='bbox 636 295 726 320; x_wconf 76' lang='lat' dir='ltr'><strong>eurze,</strong></span> <span class='ocrx_word' id='word_1_29' title='bbox 748 289 959 320; x_wconf 79' lang='lat' dir='ltr'><strong>recordationes,</strong></span> <span class='ocrx_word' id='word_1_30' title='bbox 977 289 1099 321; x_wconf 77' lang='lat' dir='ltr'><strong>proceri-~</strong></span> 
     </span>
    </p>
   </div>
   <div class='ocr_carea' id='block_1_7' title="bbox 310 334 1098 370">
    <p class='ocr_par' dir='ltr' id='par_1_7' title="bbox 310 334 1098 370">
     <span class='ocr_line' id='line_1_7' title="bbox 310 334 1098 370; baseline 0.001 -9"><span class='ocrx_word' id='word_1_31' title='bbox 310 339 374 366; x_wconf 81' lang='lat' dir='ltr'><strong>tate,</strong></span> <span class='ocrx_word' id='word_1_32' title='bbox 397 334 548 366; x_wconf 82' lang='lat' dir='ltr'><strong>latitudine,</strong></span> <span class='ocrx_word' id='word_1_33' title='bbox 572 334 653 367; x_wconf 78' lang='lat' dir='ltr'><strong>mole,</strong></span> <span class='ocrx_word' id='word_1_34' title='bbox 674 334 832 370; x_wconf 84' lang='lat' dir='ltr'><strong>viribusque</strong></span> <span class='ocrx_word' id='word_1_35' title='bbox 849 335 971 369; x_wconf 89' lang='lat' dir='ltr'><strong>corporis</strong></span> <span class='ocrx_word' id='word_1_36' title='bbox 993 335 1098 369; x_wconf 85' lang='lat' dir='ltr'><strong>priores</strong></span> 
     </span>
    </p>
   </div>
   <div class='ocr_carea' id='block_1_8' title="bbox 311 380 1099 415">
    <p class='ocr_par' dir='ltr' id='par_1_8' title="bbox 311 380 1099 415">
     <span class='ocr_line' id='line_1_8' title="bbox 311 380 1099 415; baseline 0.003 -9"><span class='ocrx_word' id='word_1_37' title='bbox 311 380 375 413; x_wconf 91' lang='lat' dir='ltr'><strong>sint,</strong></span> <span class='ocrx_word' id='word_1_38' title='bbox 398 388 508 407; x_wconf 86' lang='lat' dir='ltr'><strong>necesse</strong></span> <span class='ocrx_word' id='word_1_39' title='bbox 527 384 577 412; x_wconf 87' lang='lat' dir='ltr'><strong>est,</strong></span> <span class='ocrx_word' id='word_1_40' title='bbox 595 380 617 407; x_wconf 89' lang='lat' dir='ltr'><strong>si</strong></span> <span class='ocrx_word' id='word_1_41' title='bbox 632 381 753 407; x_wconf 89' lang='lat' dir='ltr'><strong>animum</strong></span> <span class='ocrx_word' id='word_1_42' title='bbox 773 388 886 415; x_wconf 82' lang='lat' dir='ltr'><strong>corpore</strong></span> <span class='ocrx_word' id='word_1_43' title='bbox 903 380 1020 415; x_wconf 84' lang='lat' dir='ltr'><strong>priorem</strong></span> <span class='ocrx_word' id='word_1_44' title='bbox 1038 388 1099 410; x_wconf 85' lang='lat' dir='ltr'><strong>esse</strong></span> 
     </span>
    </p>
   </div>
   <div class='ocr_carea' id='block_1_9' title="bbox 309 426 1097 462">
    <p class='ocr_par' dir='ltr' id='par_1_9' title="bbox 309 426 1097 462">
     <span class='ocr_line' id='line_1_9' title="bbox 309 426 1097 462; baseline -0.001 -8"><span class='ocrx_word' id='word_1_45' title='bbox 309 427 495 454; x_wconf 84' lang='lat' dir='ltr'><strong>concedimus.</strong></span> <span class='ocrx_word' id='word_1_46' title='bbox 510 441 545 447; x_wconf 94' lang='lat'><strong>—-</strong></span> <span class='ocrx_word' id='word_1_47' title='bbox 562 426 677 454; x_wconf 78' lang='lat' dir='ltr'><strong>Necesse</strong></span> <span class='ocrx_word' id='word_1_48' title='bbox 692 426 718 453; x_wconf 89' lang='lat' dir='ltr'><strong>id</strong></span> <span class='ocrx_word' id='word_1_49' title='bbox 733 427 853 462; x_wconf 83' lang='lat' dir='ltr'><strong>quidem.</strong></span> <span class='ocrx_word' id='word_1_50' title='bbox 868 442 903 446; x_wconf 84' lang='lat'><strong>——</strong></span> <span class='ocrx_word' id='word_1_51' title='bbox 915 427 994 462; x_wconf 76' lang='lat'><strong>602</strong></span> <span class='ocrx_word' id='word_1_52' title='bbox 1015 426 1097 462; x_wconf 79' lang='lat' dir='ltr'><strong>Ergo,</strong></span> 
     </span>
    </p>
   </div>
   <div class='ocr_carea' id='block_1_10' title="bbox 309 473 1098 508">
    <p class='ocr_par' dir='ltr' id='par_1_10' title="bbox 309 473 1098 508">
     <span class='ocr_line' id='line_1_10' title="bbox 309 473 1098 508; baseline 0.003 -9"><span class='ocrx_word' id='word_1_53' title='bbox 309 473 382 508; x_wconf 81' lang='lat' dir='ltr'><strong>quod</strong></span> <span class='ocrx_word' id='word_1_54' title='bbox 408 473 526 499; x_wconf 88' lang='lat' dir='ltr'><strong>indidem</strong></span> <span class='ocrx_word' id='word_1_55' title='bbox 552 473 690 507; x_wconf 81' lang='lat' dir='ltr'><strong>sequitur,</strong></span> <span class='ocrx_word' id='word_1_56' title='bbox 714 481 768 500; x_wconf 92' lang='lat' dir='ltr'><strong>non</strong></span> <span class='ocrx_word' id='word_1_57' title='bbox 789 473 815 500; x_wconf 88' lang='lat' dir='ltr'><strong>id</strong></span> <span class='ocrx_word' id='word_1_58' title='bbox 842 473 923 500; x_wconf 90' lang='lat' dir='ltr'><strong>etiam</strong></span> <span class='ocrx_word' id='word_1_59' title='bbox 947 473 1098 502; x_wconf 82' lang='lat' dir='ltr'><strong>fateri-nos</strong></span> 
     </span>
    </p>
   </div>
   <div class='ocr_carea' id='block_1_11' title="bbox 309 519 1096 554">
    <p class='ocr_par' dir='ltr' id='par_1_11' title="bbox 309 519 1096 554">
     <span class='ocr_line' id='line_1_11' title="bbox 309 519 1096 554; baseline -0.001 -8"><span class='ocrx_word' id='word_1_60' title='bbox 309 523 431 554; x_wconf 89' lang='lat' dir='ltr'><strong>oportet,</strong></span> <span class='ocrx_word' id='word_1_61' title='bbox 455 519 598 550; x_wconf 84' lang='lat' dir='ltr'><strong>bonorum,</strong></span> <span class='ocrx_word' id='word_1_62' title='bbox 615 519 696 545; x_wconf 89' lang='lat' dir='ltr'><strong>simul</strong></span> <span class='ocrx_word' id='word_1_63' title='bbox 716 523 744 545; x_wconf 88' lang='lat' dir='ltr'><strong>et</strong></span> <span class='ocrx_word' id='word_1_64' title='bbox 765 519 898 546; x_wconf 84' lang='lat' dir='ltr'><strong>malorum</strong></span> <span class='ocrx_word' id='word_1_65' title='bbox 920 519 1096 546; x_wconf 88' lang='lat' dir='ltr'><strong>honestorum</strong></span> 
     </span>
    </p>
   </div>
   <div class='ocr_carea' id='block_1_12' title="bbox 309 563 1098 598">
    <p class='ocr_par' dir='ltr' id='par_1_12' title="bbox 309 563 1098 598">
     <span class='ocr_line' id='line_1_12' title="bbox 309 563 1098 598; baseline 0 -8"><span class='ocrx_word' id='word_1_66' title='bbox 309 564 372 590; x_wconf 83' lang='lat' dir='ltr'><strong>item</strong></span> <span class='ocrx_word' id='word_1_67' title='bbox 390 572 422 591; x_wconf 85' lang='lat' dir='ltr'><strong>ac</strong></span> <span class='ocrx_word' id='word_1_68' title='bbox 444 563 573 598; x_wconf 86' lang='lat' dir='ltr'><strong>turpium,</strong></span> <span class='ocrx_word' id='word_1_69' title='bbox 585 564 721 598; x_wconf 82' lang='lat' dir='ltr'><strong>justorum</strong></span> <span class='ocrx_word' id='word_1_70' title='bbox 738 568 765 590; x_wconf 87' lang='lat' dir='ltr'><strong>et</strong></span> <span class='ocrx_word' id='word_1_71' title='bbox 784 564 960 598; x_wconf 84' lang='lat' dir='ltr'><strong>injustorum,</strong></span> <span class='ocrx_word' id='word_1_72' title='bbox 975 563 1098 598; x_wconf 84' lang='lat' dir='ltr'><strong>adeoque</strong></span> 
     </span>
    </p>
   </div>
   <div class='ocr_carea' id='block_1_13' title="bbox 309 611 1097 643">
    <p class='ocr_par' dir='ltr' id='par_1_13' title="bbox 309 611 1097 643">
     <span class='ocr_line' id='line_1_13' title="bbox 309 611 1097 643; baseline -0.001 -6"><span class='ocrx_word' id='word_1_73' title='bbox 309 611 508 637; x_wconf 78' lang='lat' dir='ltr'><strong>contrariorum</strong></span> <span class='ocrx_word' id='word_1_74' title='bbox 531 611 654 637; x_wconf 83' lang='lat' dir='ltr'><strong>omnium</strong></span> <span class='ocrx_word' id='word_1_75' title='bbox 678 617 789 637; x_wconf 83' lang='lat' dir='ltr'><strong>causam</strong></span> <span class='ocrx_word' id='word_1_76' title='bbox 814 611 935 637; x_wconf 89' lang='lat' dir='ltr'><strong>animum</strong></span> <span class='ocrx_word' id='word_1_77' title='bbox 957 617 1037 643; x_wconf 84' lang='lat' dir='ltr'><strong>esse;</strong></span> <span class='ocrx_word' id='word_1_78' title='bbox 1059 611 1097 638; x_wconf 87' lang='lat' dir='ltr'><strong>sl-</strong></span> 
     </span>
    </p>
   </div>
   <div class='ocr_carea' id='block_1_14' title="bbox 308 655 1093 692">
    <p class='ocr_par' dir='ltr' id='par_1_14' title="bbox 308 655 1093 692">
     <span class='ocr_line' id='line_1_14' title="bbox 308 655 1093 692; baseline 0.003 -11"><span class='ocrx_word' id='word_1_79' title='bbox 308 656 415 690; x_wconf 73' lang='lat' dir='ltr'><strong>qnidem</strong></span> <span class='ocrx_word' id='word_1_80' title='bbox 431 656 481 690; x_wconf 89' lang='lat' dir='ltr'><strong>ipsi</strong></span> <span class='ocrx_word' id='word_1_81' title='bbox 497 656 618 683; x_wconf 84' lang='lat' dir='ltr'><strong>omnium</strong></span> <span class='ocrx_word' id='word_1_82' title='bbox 637 655 750 683; x_wconf 90' lang='lat' dir='ltr'><strong>omnino</strong></span> <span class='ocrx_word' id='word_1_83' title='bbox 772 664 883 683; x_wconf 83' lang='lat' dir='ltr'><strong>causam</strong></span> <span class='ocrx_word' id='word_1_84' title='bbox 902 655 1093 692; x_wconf 81' lang='lat' dir='ltr'><strong>assignandam</strong></span> 
     </span>
    </p>
   </div>
   <div class='ocr_carea' id='block_1_15' title="bbox 304 700 1095 737">
    <p class='ocr_par' dir='ltr' id='par_1_15' title="bbox 304 700 1095 737">
     <span class='ocr_line' id='line_1_15' title="bbox 304 700 1095 737; baseline 0 -10"><span class='ocrx_word' id='word_1_85' title='bbox 304 709 367 729; x_wconf 80' lang='lat' dir='ltr'><strong>esse</strong></span> <span class='ocrx_word' id='word_1_86' title='bbox 383 702 523 729; x_wconf 85' lang='lat' dir='ltr'><strong>volumus?</strong></span> <span class='ocrx_word' id='word_1_87' title='bbox 539 711 548 727; x_wconf 69' lang='grc' dir='ltr'><strong>ι</strong></span> <span class='ocrx_word' id='word_1_88' title='bbox 563 701 650 736; x_wconf 82' lang='lat' dir='ltr'><strong>Atque</strong></span> <span class='ocrx_word' id='word_1_89' title='bbox 669 702 726 729; x_wconf 66' lang='lat' dir='ltr'><strong>haec</strong></span> <span class='ocrx_word' id='word_1_90' title='bbox 737 709 769 729; x_wconf 78' lang='lat' dir='ltr'><strong>ex</strong></span> <span class='ocrx_word' id='word_1_91' title='bbox 784 701 882 737; x_wconf 80' lang='lat' dir='ltr'><strong>Legum</strong></span> <span class='ocrx_word' id='word_1_92' title='bbox 898 701 1014 728; x_wconf 87' lang='lat' dir='ltr'><strong>decimo.</strong></span> <span class='ocrx_word' id='word_1_93' title='bbox 1027 700 1095 734; x_wconf 86' lang='lat' dir='ltr'><strong>Qui—</strong></span> 
     </span>
    </p>
   </div>
   <div class='ocr_carea' id='block_1_16' title="bbox 306 747 1095 783">
    <p class='ocr_par' dir='ltr' id='par_1_16' title="bbox 306 747 1095 783">
     <span class='ocr_line' id='line_1_16' title="bbox 306 747 1095 783; baseline 0 -9"><span class='ocrx_word' id='word_1_94' title='bbox 306 747 357 774; x_wconf 68' lang='lat' dir='ltr'><strong>bus</strong></span> <span class='ocrx_word' id='word_1_95' title='bbox 372 747 477 783; x_wconf 76' lang='lat' dir='ltr'><strong>Moyses</strong></span> <span class='ocrx_word' id='word_1_96' title='bbox 492 752 673 774; x_wconf 83' lang='lat' dir='ltr'><strong>consentance</strong></span> <span class='ocrx_word' id='word_1_97' title='bbox 689 747 818 782; x_wconf 83' lang='lat' dir='ltr'><strong>loquitur,</strong></span> <span class='ocrx_word' id='word_1_98' title='bbox 832 748 896 775; x_wconf 94' lang='lat' dir='ltr'><strong>dum</strong></span> <span class='ocrx_word' id='word_1_99' title='bbox 917 747 981 775; x_wconf 94' lang='lat' dir='ltr'><strong>illud</strong></span> <span class='ocrx_word' id='word_1_100' title='bbox 997 748 1055 775; x_wconf 89' lang='lat' dir='ltr'><strong>suis</strong></span> <span class='ocrx_word' id='word_1_101' title='bbox 1068 747 1095 774; x_wconf 92' lang='lat' dir='ltr'><strong>in</strong></span> 
     </span>
    </p>
   </div>
   <div class='ocr_carea' id='block_1_17' title="bbox 1150 289 1939 327">
    <p class='ocr_par' dir='ltr' id='par_1_17' title="bbox 1150 289 1939 327">
     <span class='ocr_line' id='line_1_17' title="bbox 1150 289 1939 327; baseline 0.008 -12"><span class='ocrx_word' id='word_1_102' title='bbox 1150 289 1278 321; x_wconf 78' lang='grc' dir='ltr'><strong>πλάτους,</strong></span> <span class='ocrx_word' id='word_1_103' title='bbox 1304 289 1352 316; x_wconf 78' lang='grc' dir='ltr'><strong>καὶ</strong></span> <span class='ocrx_word' id='word_1_104' title='bbox 1369 289 1476 324; x_wconf 78' lang='grc' dir='ltr'><strong>βάθους,</strong></span> <span class='ocrx_word' id='word_1_105' title='bbox 1499 291 1546 317; x_wconf 77' lang='grc' dir='ltr'>καὶ</span> <span class='ocrx_word' id='word_1_106' title='bbox 1571 289 1667 326; x_wconf 82' lang='grc' dir='ltr'><strong>ῥώμης</strong></span> <span class='ocrx_word' id='word_1_107' title='bbox 1683 291 1724 327; x_wconf 71' lang='grc' dir='ltr'>εἵη</span> <span class='ocrx_word' id='word_1_108' title='bbox 1749 292 1880 326; x_wconf 80' lang='grc' dir='ltr'>γεγονότα</span> <span class='ocrx_word' id='word_1_109' title='bbox 1895 293 1939 326; x_wconf 83' lang='grc' dir='ltr'><strong>ἂν,</strong></span> 
     </span>
    </p>
   </div>
   <div class='ocr_carea' id='block_1_18' title="bbox 1150 334 1940 374">
    <p class='ocr_par' dir='ltr' id='par_1_18' title="bbox 1150 334 1940 374">
     <span class='ocr_line' id='line_1_18' title="bbox 1150 334 1940 374; baseline 0.008 -13"><span class='ocrx_word' id='word_1_110' title='bbox 1150 335 1230 370; x_wconf 82' lang='grc' dir='ltr'>εἴπερ</span> <span class='ocrx_word' id='word_1_111' title='bbox 1243 335 1290 361; x_wconf 81' lang='grc' dir='ltr'>καὶ</span> <span class='ocrx_word' id='word_1_112' title='bbox 1304 334 1376 370; x_wconf 76' lang='grc' dir='ltr'>ψυχὴ</span> <span class='ocrx_word' id='word_1_113' title='bbox 1391 335 1525 370; x_wconf 83' lang='grc' dir='ltr'>σώματος.</span> <span class='ocrx_word' id='word_1_114' title='bbox 1536 351 1571 356; x_wconf 92' lang='grc'><strong><em>-</em></strong></span> <span class='ocrx_word' id='word_1_115' title='bbox 1588 336 1718 372; x_wconf 85' lang='grc' dir='ltr'>Ἀνάγκη,</span> <span class='ocrx_word' id='word_1_116' title='bbox 1729 335 1826 374; x_wconf 73' lang='grc' dir='ltr'><strong>-Ἃρ“</strong></span> <span class='ocrx_word' id='word_1_117' title='bbox 1839 337 1888 366; x_wconf 82' lang='grc' dir='ltr'>οὖν</span> <span class='ocrx_word' id='word_1_118' title='bbox 1909 341 1940 367; x_wconf 79' lang='grc' dir='ltr'>τὸ</span> 
     </span>
    </p>
   </div>
   <div class='ocr_carea' id='block_1_19' title="bbox 1152 380 1940 419">
    <p class='ocr_par' dir='ltr' id='par_1_19' title="bbox 1152 380 1940 419">
     <span class='ocr_line' id='line_1_19' title="bbox 1152 380 1940 419; baseline 0.009 -14"><span class='ocrx_word' id='word_1_119' title='bbox 1152 380 1221 415; x_wconf 77' lang='grc' dir='ltr'>μετὰ</span> <span class='ocrx_word' id='word_1_120' title='bbox 1250 380 1329 406; x_wconf 78' lang='grc' dir='ltr'>τοῦτο</span> <span class='ocrx_word' id='word_1_121' title='bbox 1351 380 1491 415; x_wconf 72' lang='grc' dir='ltr'><strong>ὁμολογεῖν</strong></span> <span class='ocrx_word' id='word_1_122' title='bbox 1518 382 1678 416; x_wconf 85' lang='grc' dir='ltr'>ἀναγκαῖον,</span> <span class='ocrx_word' id='word_1_123' title='bbox 1705 382 1759 409; x_wconf 86' lang='grc' dir='ltr'><strong>τῶν</strong></span> <span class='ocrx_word' id='word_1_124' title='bbox 1773 391 1804 409; x_wconf 87' lang='grc' dir='ltr'><strong>τε</strong></span> <span class='ocrx_word' id='word_1_125' title='bbox 1829 384 1940 419; x_wconf 81' lang='grc' dir='ltr'>ἀγαθῶν</span> 
     </span>
    </p>
   </div>
   <div class='ocr_carea' id='block_1_20' title="bbox 1149 418 1939 462">
    <p class='ocr_par' dir='ltr' id='par_1_20' title="bbox 1149 423 1939 462">
     <span class='ocr_line' id='line_1_20' title="bbox 1149 423 1939 462; baseline 0.008 -10"><span class='ocrx_word' id='word_1_126' title='bbox 1149 426 1239 453; x_wconf 82' lang='grc' dir='ltr'><strong>αἰτίαν</strong></span> <span class='ocrx_word' id='word_1_127' title='bbox 1253 423 1322 452; x_wconf 82' lang='grc' dir='ltr'>εἶναι</span> <span class='ocrx_word' id='word_1_128' title='bbox 1336 426 1425 462; x_wconf 80' lang='grc' dir='ltr'>ψυχὴν</span> <span class='ocrx_word' id='word_1_129' title='bbox 1441 427 1487 454; x_wconf 83' lang='grc' dir='ltr'>καὶ</span> <span class='ocrx_word' id='word_1_130' title='bbox 1503 427 1558 454; x_wconf 81' lang='grc' dir='ltr'><strong>τῶν</strong></span> <span class='ocrx_word' id='word_1_131' title='bbox 1574 428 1677 460; x_wconf 78' lang='grc' dir='ltr'>κακῶν,</span> <span class='ocrx_word' id='word_1_132' title='bbox 1698 428 1745 454; x_wconf 78' lang='grc' dir='ltr'>καὶ</span> <span class='ocrx_word' id='word_1_133' title='bbox 1765 429 1866 462; x_wconf 81' lang='grc' dir='ltr'>καλῶν,</span> <span class='ocrx_word' id='word_1_134' title='bbox 1892 432 1939 458; x_wconf 68' lang='grc' dir='ltr'><strong>καὶ</strong></span> 
     </span>
    </p>
   </div>
   <div class='ocr_carea' id='block_1_21' title="bbox 1149 471 1940 509">
    <p class='ocr_par' dir='ltr' id='par_1_21' title="bbox 1149 471 1940 509">
     <span class='ocr_line' id='line_1_21' title="bbox 1149 471 1940 509; baseline 0.008 -11"><span class='ocrx_word' id='word_1_135' title='bbox 1149 471 1270 509; x_wconf 80' lang='grc' dir='ltr'><strong>αἰσχρῶν</strong></span> <span class='ocrx_word' id='word_1_136' title='bbox 1281 493 1290 506; x_wconf 86' lang='grc'><strong>,</strong></span> <span class='ocrx_word' id='word_1_137' title='bbox 1313 472 1425 499; x_wconf 83' lang='grc' dir='ltr'>δικαίων</span> <span class='ocrx_word' id='word_1_138' title='bbox 1452 480 1480 499; x_wconf 86' lang='grc' dir='ltr'><strong>τε</strong></span> <span class='ocrx_word' id='word_1_139' title='bbox 1494 473 1541 499; x_wconf 72' lang='grc' dir='ltr'>καὶ</span> <span class='ocrx_word' id='word_1_140' title='bbox 1556 473 1666 507; x_wconf 83' lang='grc' dir='ltr'>ἀδίκων,</span> <span class='ocrx_word' id='word_1_141' title='bbox 1695 475 1742 501; x_wconf 80' lang='grc' dir='ltr'><strong>καὶ</strong></span> <span class='ocrx_word' id='word_1_142' title='bbox 1755 475 1864 503; x_wconf 82' lang='grc' dir='ltr'>πάντων</span> <span class='ocrx_word' id='word_1_143' title='bbox 1887 477 1940 504; x_wconf 82' lang='grc' dir='ltr'><strong>τῶν</strong></span> 
     </span>
    </p>
   </div>
   <div class='ocr_carea' id='block_1_22' title="bbox 1148 518 1941 558">
    <p class='ocr_par' dir='ltr' id='par_1_22' title="bbox 1148 518 1941 558">
     <span class='ocr_line' id='line_1_22' title="bbox 1148 518 1941 558; baseline 0.006 -14"><span class='ocrx_word' id='word_1_144' title='bbox 1148 519 1288 550; x_wconf 73' lang='grc' dir='ltr'>ἐναντίων,</span> <span class='ocrx_word' id='word_1_145' title='bbox 1300 518 1379 554; x_wconf 75' lang='grc' dir='ltr'>εἴπερ</span> <span class='ocrx_word' id='word_1_146' title='bbox 1395 518 1449 545; x_wconf 87' lang='grc' dir='ltr'><strong>τῶν</strong></span> <span class='ocrx_word' id='word_1_147' title='bbox 1476 519 1585 546; x_wconf 82' lang='grc' dir='ltr'>πάντων</span> <span class='ocrx_word' id='word_1_148' title='bbox 1602 528 1633 554; x_wconf 91' lang='grc' dir='ltr'><strong>γε</strong></span> <span class='ocrx_word' id='word_1_149' title='bbox 1656 521 1741 557; x_wconf 80' lang='grc' dir='ltr'>αὐτὴν</span> <span class='ocrx_word' id='word_1_150' title='bbox 1760 521 1879 558; x_wconf 78' lang='grc' dir='ltr'>θήσομεν</span> <span class='ocrx_word' id='word_1_151' title='bbox 1899 523 1941 549; x_wconf 81' lang='grc' dir='ltr'><strong>αι-</strong></span> 
     </span>
    </p>
   </div>
   <div class='ocr_carea' id='block_1_23' title="bbox 1147 563 1942 603">
    <p class='ocr_par' dir='ltr' id='par_1_23' title="bbox 1147 563 1942 603">
     <span class='ocr_line' id='line_1_23' title="bbox 1147 563 1942 603; baseline 0.006 -13"><span class='ocrx_word' id='word_1_152' title='bbox 1147 563 1225 596; x_wconf 86' lang='grc' dir='ltr'>τίαν;</span> <span class='ocrx_word' id='word_1_153' title='bbox 1241 574 1249 590; x_wconf 78' lang='grc' dir='ltr'><strong>ι</strong></span> <span class='ocrx_word' id='word_1_154' title='bbox 1275 565 1329 590; x_wconf 75' lang='grc' dir='ltr'><strong>Καὶ</strong></span> <span class='ocrx_word' id='word_1_155' title='bbox 1352 563 1438 591; x_wconf 74' lang='grc' dir='ltr'>ταῦτα</span> <span class='ocrx_word' id='word_1_156' title='bbox 1451 564 1479 591; x_wconf 76' lang='grc' dir='ltr'>δὲ</span> <span class='ocrx_word' id='word_1_157' title='bbox 1493 564 1547 591; x_wconf 79' lang='grc' dir='ltr'><strong>άπὸ</strong></span> <span class='ocrx_word' id='word_1_158' title='bbox 1567 565 1612 591; x_wconf 76' lang='grc' dir='ltr'>τοῦ</span> <span class='ocrx_word' id='word_1_159' title='bbox 1637 566 1750 593; x_wconf 83' lang='grc' dir='ltr'>δεκάτου</span> <span class='ocrx_word' id='word_1_160' title='bbox 1765 567 1821 594; x_wconf 86' lang='grc' dir='ltr'><strong>τῶν</strong></span> <span class='ocrx_word' id='word_1_161' title='bbox 1835 569 1942 603; x_wconf 81' lang='grc' dir='ltr'><em>Νόμων</em></span> 
     </span>
    </p>
   </div>
   <div class='ocr_carea' id='block_1_24' title="bbox 1147 610 1941 647">
    <p class='ocr_par' dir='ltr' id='par_1_24' title="bbox 1147 610 1941 647">
     <span class='ocr_line' id='line_1_24' title="bbox 1147 610 1941 647; baseline 0.005 -11"><span class='ocrx_word' id='word_1_162' title='bbox 1147 610 1311 646; x_wconf 75' lang='grc' dir='ltr'><strong>προκείσθω.</strong></span> <span class='ocrx_word' id='word_1_163' title='bbox 1328 610 1439 645; x_wconf 82' lang='grc' dir='ltr'>Συνᾴδει</span> <span class='ocrx_word' id='word_1_164' title='bbox 1457 610 1486 638; x_wconf 74' lang='grc' dir='ltr'>δὲ</span> <span class='ocrx_word' id='word_1_165' title='bbox 1499 611 1592 642; x_wconf 82' lang='grc' dir='ltr'>αὐτοῖς</span> <span class='ocrx_word' id='word_1_166' title='bbox 1608 612 1622 638; x_wconf 85' lang='grc' dir='ltr'>ὁ</span> <span class='ocrx_word' id='word_1_167' title='bbox 1635 612 1755 647; x_wconf 82' lang='grc' dir='ltr'><strong>Μωῡσῆς</strong></span> <span class='ocrx_word' id='word_1_168' title='bbox 1768 613 1899 645; x_wconf 83' lang='grc' dir='ltr'><strong>πολλάκις</strong></span> <span class='ocrx_word' id='word_1_169' title='bbox 1914 615 1941 640; x_wconf 84' lang='grc' dir='ltr'>ὲν</span> 
     </span>
    </p>
   </div>
   <div class='ocr_carea' id='block_1_25' title="bbox 1148 655 1941 696">
    <p class='ocr_par' dir='ltr' id='par_1_25' title="bbox 1148 655 1941 696">
     <span class='ocr_line' id='line_1_25' title="bbox 1148 655 1941 696; baseline 0.004 -13"><span class='ocrx_word' id='word_1_170' title='bbox 1148 657 1204 688; x_wconf 82' lang='grc' dir='ltr'>τοῖς</span> <span class='ocrx_word' id='word_1_171' title='bbox 1225 656 1317 692; x_wconf 76' lang='grc' dir='ltr'>νόμοις</span> <span class='ocrx_word' id='word_1_172' title='bbox 1343 655 1444 689; x_wconf 75' lang='grc' dir='ltr'>εἰπὼν,</span> <span class='ocrx_word' id='word_1_173' title='bbox 1467 666 1476 682; x_wconf 75' lang='grc' dir='ltr'><strong>ε</strong></span> <span class='ocrx_word' id='word_1_174' title='bbox 1496 657 1550 683; x_wconf 80' lang='grc' dir='ltr'><strong>Καὶ</strong></span> <span class='ocrx_word' id='word_1_175' title='bbox 1585 657 1632 684; x_wconf 77' lang='grc' dir='ltr'><strong>ἐὰν</strong></span> <span class='ocrx_word' id='word_1_176' title='bbox 1651 657 1724 693; x_wconf 81' lang='grc' dir='ltr'>ψυχὴ</span> <span class='ocrx_word' id='word_1_177' title='bbox 1755 659 1866 696; x_wconf 84' lang='grc' dir='ltr'>ἁμάρτῃ</span> <span class='ocrx_word' id='word_1_178' title='bbox 1895 660 1941 686; x_wconf 73' lang='grc' dir='ltr'><strong>καὶ</strong></span> 
     </span>
    </p>
   </div>
   <div class='ocr_carea' id='block_1_26' title="bbox 1148 702 1941 741">
    <p class='ocr_par' dir='ltr' id='par_1_26' title="bbox 1148 702 1941 741">
     <span class='ocr_line' id='line_1_26' title="bbox 1148 702 1941 741; baseline 0.004 -13"><span class='ocrx_word' id='word_1_179' title='bbox 1148 702 1249 739; x_wconf 78' lang='grc' dir='ltr'><strong>ποιήσῃ</strong></span> <span class='ocrx_word' id='word_1_180' title='bbox 1279 702 1484 738; x_wconf 72' lang='grc' dir='ltr'><strong>πλημμέλημα*</strong></span> <span class='ocrx_word' id='word_1_181' title='bbox 1507 711 1517 728; x_wconf 73' lang='grc' dir='ltr'><strong>ι</strong></span> <span class='ocrx_word' id='word_1_182' title='bbox 1545 703 1592 730; x_wconf 81' lang='grc' dir='ltr'><strong>καὶ</strong></span> <span class='ocrx_word' id='word_1_183' title='bbox 1607 703 1657 729; x_wconf 80' lang='grc' dir='ltr'><strong>ὅσα</strong></span> <span class='ocrx_word' id='word_1_184' title='bbox 1682 704 1786 736; x_wconf 75' lang='grc' dir='ltr'><strong>τούτοις</strong></span> <span class='ocrx_word' id='word_1_185' title='bbox 1812 705 1941 741; x_wconf 73' lang='grc' dir='ltr'>ἐμφερῶς</span> 
     </span>
    </p>
   </div>
   <div class='ocr_carea' id='block_1_27' title="bbox 1143 747 1428 783">
    <p class='ocr_par' dir='ltr' id='par_1_27' title="bbox 1143 747 1428 783">
     <span class='ocr_line' id='line_1_27' title="bbox 1143 747 1428 783; baseline 0.004 -11"><span class='ocrx_word' id='word_1_186' title='bbox 1143 747 1254 782; x_wconf 30' lang='grc' dir='ltr'>,εἴρηται</span> <span class='ocrx_word' id='word_1_187' title='bbox 1268 747 1333 783; x_wconf 74' lang='grc' dir='ltr'>παρ’</span> <span class='ocrx_word' id='word_1_188' title='bbox 1345 747 1428 782; x_wconf 80' lang='grc' dir='ltr'>αὐτῷ.</span> 
     </span>
    </p>
   </div>
   <div class='ocr_carea' id='block_1_28' title="bbox 306 792 1939 831">
    <p class='ocr_par' dir='ltr' id='par_1_28' title="bbox 306 792 1939 831">
     <span class='ocr_line' id='line_1_28' title="bbox 306 792 1939 831; baseline 0.002 -10"><span class='ocrx_word' id='word_1_189' title='bbox 306 795 411 829; x_wconf 68' lang='lat' dir='ltr'><strong>legibus</strong></span> <span class='ocrx_word' id='word_1_190' title='bbox 427 794 581 830; x_wconf 77' lang='lat' dir='ltr'><strong>frequenter</strong></span> <span class='ocrx_word' id='word_1_191' title='bbox 594 795 731 822; x_wconf 78' lang='lat' dir='ltr'><strong>inculcat:</strong></span> <span class='ocrx_word' id='word_1_192' title='bbox 752 804 760 820; x_wconf 79' lang='grc' dir='ltr'><strong>ι</strong></span> <span class='ocrx_word' id='word_1_193' title='bbox 777 793 806 820; x_wconf 89' lang='lat' dir='ltr'><strong>Si</strong></span> <span class='ocrx_word' id='word_1_194' title='bbox 822 793 912 821; x_wconf 85' lang='lat' dir='ltr'><strong>anima</strong></span> <span class='ocrx_word' id='word_1_195' title='bbox 930 793 1092 829; x_wconf 86' lang='lat' dir='ltr'><strong>peccaverit,</strong></span> <span class='ocrx_word' id='word_1_196' title='bbox 1110 797 1138 820; x_wconf 89' lang='lat' dir='ltr'><strong>et</strong></span> <span class='ocrx_word' id='word_1_197' title='bbox 1155 792 1250 821; x_wconf 83' lang='lat' dir='ltr'><strong>fecerit</strong></span> <span class='ocrx_word' id='word_1_198' title='bbox 1261 793 1443 829; x_wconf 83' lang='lat' dir='ltr'><strong>iniquitatem,</strong></span> <span class='ocrx_word' id='word_1_199' title='bbox 1462 803 1471 820; x_wconf 76' lang='grc' dir='ltr'><strong>ι</strong></span> <span class='ocrx_word' id='word_1_200' title='bbox 1485 797 1512 820; x_wconf 88' lang='lat' dir='ltr'><strong>et</strong></span> <span class='ocrx_word' id='word_1_201' title='bbox 1539 797 1635 821; x_wconf 65' lang='lat' dir='ltr'><strong>uetera</strong></span> <span class='ocrx_word' id='word_1_202' title='bbox 1650 802 1711 830; x_wconf 63' lang='lat' dir='ltr'><strong>quae</strong></span> <span class='ocrx_word' id='word_1_203' title='bbox 1730 795 1822 823; x_wconf 81' lang='lat' dir='ltr'><strong>abillo</strong></span> <span class='ocrx_word' id='word_1_204' title='bbox 1836 797 1939 831; x_wconf 81' lang='lat' dir='ltr'><strong>passim</strong></span> 
     </span>
    </p>
   </div>
   <div class='ocr_carea' id='block_1_29' title="bbox 304 839 825 867">
    <p class='ocr_par' dir='ltr' id='par_1_29' title="bbox 304 839 825 867">
     <span class='ocr_line' id='line_1_29' title="bbox 304 839 825 867; baseline -0.002 -1"><span class='ocrx_word' id='word_1_205' title='bbox 304 839 429 867; x_wconf 80' lang='lat' dir='ltr'><strong>eamdem</strong></span> <span class='ocrx_word' id='word_1_206' title='bbox 446 839 473 866; x_wconf 93' lang='lat' dir='ltr'><strong>in</strong></span> <span class='ocrx_word' id='word_1_207' title='bbox 489 839 650 867; x_wconf 84' lang='lat' dir='ltr'><strong>sententiam</strong></span> <span class='ocrx_word' id='word_1_208' title='bbox 667 839 825 866; x_wconf 69' lang='lat' dir='ltr'><strong>afferuntur.</strong></span> 
     </span>
    </p>
   </div>
   <div class='ocr_carea' id='block_1_30' title="bbox 583 883 818 912">
    <p class='ocr_par' dir='ltr' id='par_1_30' title="bbox 583 883 818 912">
     <span class='ocr_line' id='line_1_30' title="bbox 583 883 818 912; baseline -0.004 0"><span class='ocrx_word' id='word_1_209' title='bbox 583 884 700 912; x_wconf 81' lang='lat' dir='ltr'><strong>CAPUT</strong></span> <span class='ocrx_word' id='word_1_210' title='bbox 721 883 818 911; x_wconf 82' lang='lat' dir='ltr'><strong>XXIX.</strong></span> 
     </span>
    </p>
   </div>
   <div class='ocr_carea' id='block_1_31' title="bbox 1408 881 1685 908">
    <p class='ocr_par' dir='ltr' id='par_1_31' title="bbox 1408 881 1685 908">
     <span class='ocr_line' id='line_1_31' title="bbox 1408 881 1685 908; baseline 0.004 -1"><span class='ocrx_word' id='word_1_211' title='bbox 1408 881 1605 908; x_wconf 76' lang='grc' dir='ltr'><strong>ΚΕΦΑΛΑΙΟΝ</strong></span> <span class='ocrx_word' id='word_1_212' title='bbox 1621 881 1685 908; x_wconf 75' lang='grc' dir='ltr'><strong>ΚΘ.</strong></span> 
     </span>
    </p>
   </div>
   <div class='ocr_carea' id='block_1_32' title="bbox 346 923 1094 976">
    <p class='ocr_par' dir='ltr' id='par_1_32' title="bbox 346 939 1061 976">
     <span class='ocr_line' id='line_1_32' title="bbox 346 939 1061 976; baseline 0.001 -10"><span class='ocrx_word' id='word_1_213' title='bbox 346 940 385 967; x_wconf 87' lang='lat' dir='ltr'><strong>De</strong></span> <span class='ocrx_word' id='word_1_214' title='bbox 406 948 436 967; x_wconf 85' lang='lat' dir='ltr'><strong>eo</strong></span> <span class='ocrx_word' id='word_1_215' title='bbox 451 939 495 975; x_wconf 79' lang='lat' dir='ltr'><strong>qui</strong></span> <span class='ocrx_word' id='word_1_216' title='bbox 511 940 609 967; x_wconf 72' lang='lat' dir='ltr'><strong>sincere</strong></span> <span class='ocrx_word' id='word_1_217' title='bbox 628 940 777 976; x_wconf 60' lang='lat' dir='ltr'><strong>integreque</strong></span> <span class='ocrx_word' id='word_1_218' title='bbox 792 940 997 976; x_wconf 69' lang='lat' dir='ltr'><strong>philosophetur.</strong></span> <span class='ocrx_word' id='word_1_219' title='bbox 1019 939 1061 966; x_wconf 69' lang='lat' dir='ltr'><strong>Ex</strong></span> 
     </span>
    </p>
   </div>
   <div class='ocr_carea' id='block_1_33' title="bbox 1144 923 1941 976">
    <p class='ocr_par' dir='ltr' id='par_1_33' title="bbox 1147 937 1941 976">
     <span class='ocr_line' id='line_1_33' title="bbox 1147 937 1941 976; baseline 0.003 -11"><span class='ocrx_word' id='word_1_220' title='bbox 1147 938 1216 974; x_wconf 73' lang='grc' dir='ltr'>Περὶ</span> <span class='ocrx_word' id='word_1_221' title='bbox 1247 938 1300 966; x_wconf 80' lang='grc' dir='ltr'>τοῦ</span> <span class='ocrx_word' id='word_1_222' title='bbox 1330 937 1743 976; x_wconf 35' lang='grc' dir='ltr'>καθαρῶςᾼφιλοσοροῦντος.</span> <span class='ocrx_word' id='word_1_223' title='bbox 1782 940 1849 967; x_wconf 77' lang='grc' dir='ltr'><strong>Ἀπὸ</strong></span> <span class='ocrx_word' id='word_1_224' title='bbox 1886 937 1941 970; x_wconf 73' lang='grc' dir='ltr'>τοῦ</span> 
     </span>
    </p>
   </div>
   <div class='ocr_carea' id='block_1_34' title="bbox 627 974 773 1002">
    <p class='ocr_par' dir='ltr' id='par_1_34' title="bbox 627 974 773 1002">
     <span class='ocr_line' id='line_1_34' title="bbox 627 974 773 1002; baseline 0 0"><span class='ocrx_word' id='word_1_225' title='bbox 627 974 773 1002; x_wconf 63' lang='grc' dir='ltr'>Τιιοξηιεῐο.</span> 
     </span>
    </p>
   </div>
   <div class='ocr_carea' id='block_1_35' title="bbox 344 1021 1096 1057">
    <p class='ocr_par' dir='ltr' id='par_1_35' title="bbox 344 1021 1096 1057">
     <span class='ocr_line' id='line_1_35' title="bbox 344 1021 1096 1057; baseline -0.001 -9"><span class='ocrx_word' id='word_1_226' title='bbox 344 1021 464 1050; x_wconf 59' lang='lat' dir='ltr'><strong>Hebraea:</strong></span> <span class='ocrx_word' id='word_1_227' title='bbox 479 1022 575 1049; x_wconf 68' lang='lat' dir='ltr'><strong>littera:</strong></span> <span class='ocrx_word' id='word_1_228' title='bbox 589 1022 622 1048; x_wconf 92' lang='lat' dir='ltr'><strong>de</strong></span> <span class='ocrx_word' id='word_1_229' title='bbox 637 1029 668 1048; x_wconf 84' lang='lat' dir='ltr'><strong>eo</strong></span> <span class='ocrx_word' id='word_1_230' title='bbox 690 1021 736 1056; x_wconf 90' lang='lat' dir='ltr'><strong>qui</strong></span> <span class='ocrx_word' id='word_1_231' title='bbox 755 1023 827 1049; x_wconf 83' lang='lat' dir='ltr'><strong>serio</strong></span> <span class='ocrx_word' id='word_1_232' title='bbox 841 1029 958 1056; x_wconf 76' lang='lat' dir='ltr'><strong>vereque</strong></span> <span class='ocrx_word' id='word_1_233' title='bbox 973 1021 1096 1057; x_wconf 82' lang='lat' dir='ltr'><strong>philoso-</strong></span> 
     </span>
    </p>
   </div>
   <div class='ocr_carea' id='block_1_36' title="bbox 306 1067 1094 1103">
    <p class='ocr_par' dir='ltr' id='par_1_36' title="bbox 306 1067 1094 1103">
     <span class='ocr_line' id='line_1_36' title="bbox 306 1067 1094 1103; baseline 0 -9"><span class='ocrx_word' id='word_1_234' title='bbox 306 1067 415 1103; x_wconf 86' lang='lat' dir='ltr'><strong>phetur,</strong></span> <span class='ocrx_word' id='word_1_235' title='bbox 441 1068 477 1095; x_wconf 89' lang='lat' dir='ltr'><strong>ita</strong></span> <span class='ocrx_word' id='word_1_236' title='bbox 497 1067 697 1102; x_wconf 74' lang='lat' dir='ltr'><strong>praenuntiant,</strong></span> <span class='ocrx_word' id='word_1_237' title='bbox 717 1076 726 1092; x_wconf 74' lang='grc' dir='ltr'><strong>ι</strong></span> <span class='ocrx_word' id='word_1_238' title='bbox 751 1067 857 1095; x_wconf 88' lang='lat' dir='ltr'><strong>Bonum</strong></span> <span class='ocrx_word' id='word_1_239' title='bbox 880 1072 922 1095; x_wconf 90' lang='lat' dir='ltr'><strong>est</strong></span> <span class='ocrx_word' id='word_1_240' title='bbox 940 1068 1012 1100; x_wconf 83' lang='lat' dir='ltr'><strong>viro,</strong></span> <span class='ocrx_word' id='word_1_241' title='bbox 1032 1074 1094 1094; x_wconf 90' lang='lat' dir='ltr'><strong>cum</strong></span> 
     </span>
    </p>
   </div>
   <div class='ocr_carea' id='block_1_37' title="bbox 307 1109 1096 1149">
    <p class='ocr_par' dir='ltr' id='par_1_37' title="bbox 307 1109 1096 1149">
     <span class='ocr_line' id='line_1_37' title="bbox 307 1109 1096 1149; baseline -0.003 -8"><span class='ocrx_word' id='word_1_242' title='bbox 307 1114 454 1149; x_wconf 84' lang='lat' dir='ltr'><strong>portaverit</strong></span> <span class='ocrx_word' id='word_1_243' title='bbox 464 1114 559 1149; x_wconf 76' lang='lat' dir='ltr'><strong>jugum</strong></span> <span class='ocrx_word' id='word_1_244' title='bbox 574 1113 609 1140; x_wconf 86' lang='lat' dir='ltr'><strong>ab</strong></span> <span class='ocrx_word' id='word_1_245' title='bbox 624 1113 805 1140; x_wconf 87' lang='lat' dir='ltr'><strong>adolescentia</strong></span> <span class='ocrx_word' id='word_1_246' title='bbox 818 1121 867 1141; x_wconf 91' lang='lat' dir='ltr'><strong>sua</strong></span> <span class='ocrx_word' id='word_1_247' title='bbox 887 1122 893 1140; x_wconf 94' lang='lat'>:</span> <span class='ocrx_word' id='word_1_248' title='bbox 909 1109 1015 1140; x_wconf 75' lang='lat' dir='ltr'><strong>sedebit</strong></span> <span class='ocrx_word' id='word_1_249' title='bbox 1029 1112 1096 1140; x_wconf 83' lang='lat' dir='ltr'><strong>soli-</strong></span> 
     </span>
    </p>
   </div>
   <div class='ocr_carea' id='block_1_38' title="bbox 307 1154 1096 1195">
    <p class='ocr_par' dir='ltr' id='par_1_38' title="bbox 307 1154 1096 1195">
     <span class='ocr_line' id='line_1_38' title="bbox 307 1154 1096 1195; baseline 0 -9"><span class='ocrx_word' id='word_1_250' title='bbox 307 1160 402 1191; x_wconf 86' lang='lat' dir='ltr'><strong>larius,</strong></span> <span class='ocrx_word' id='word_1_251' title='bbox 412 1164 439 1187; x_wconf 91' lang='lat' dir='ltr'><strong>et</strong></span> <span class='ocrx_word' id='word_1_252' title='bbox 450 1160 557 1191; x_wconf 83' lang='lat' dir='ltr'><strong>tacebit,</strong></span> <span class='ocrx_word' id='word_1_253' title='bbox 572 1159 634 1194; x_wconf 85' lang='lat' dir='ltr'><strong>quia</strong></span> <span class='ocrx_word' id='word_1_254' title='bbox 650 1159 749 1186; x_wconf 87' lang='lat' dir='ltr'><strong>levavit</strong></span> <span class='ocrx_word' id='word_1_255' title='bbox 763 1167 844 1195; x_wconf 89' lang='lat' dir='ltr'><strong>super</strong></span> <span class='ocrx_word' id='word_1_256' title='bbox 858 1167 887 1186; x_wconf 88' lang='lat' dir='ltr'><strong>se</strong></span> <span class='ocrx_word' id='word_1_257' title='bbox 897 1160 930 1187; x_wconf 76' lang='grc' dir='ltr'><strong>⁷ο,</strong></span> <span class='ocrx_word' id='word_1_258' title='bbox 949 1169 957 1185; x_wconf 75' lang='grc' dir='ltr'><strong>ι</strong></span> <span class='ocrx_word' id='word_1_259' title='bbox 975 1154 1096 1194; x_wconf 81' lang='lat' dir='ltr'><strong>Itemque</strong></span> 
     </span>
    </p>
   </div>
   <div class='ocr_carea' id='block_1_39' title="bbox 305 1204 1095 1240">
    <p class='ocr_par' dir='ltr' id='par_1_39' title="bbox 305 1204 1095 1240">
     <span class='ocr_line' id='line_1_39' title="bbox 305 1204 1095 1240; baseline -0.001 -8"><span class='ocrx_word' id='word_1_260' title='bbox 305 1205 339 1232; x_wconf 87' lang='lat' dir='ltr'><strong>de</strong></span> <span class='ocrx_word' id='word_1_261' title='bbox 358 1204 496 1240; x_wconf 80' lang='lat' dir='ltr'><strong>prophetis</strong></span> <span class='ocrx_word' id='word_1_262' title='bbox 512 1205 567 1232; x_wconf 87' lang='lat' dir='ltr'><strong>Deo</strong></span> <span class='ocrx_word' id='word_1_263' title='bbox 589 1204 768 1238; x_wconf 83' lang='lat' dir='ltr'><strong>charissimis,</strong></span> <span class='ocrx_word' id='word_1_264' title='bbox 786 1212 832 1233; x_wconf 87' lang='lat' dir='ltr'><strong>eos</strong></span> <span class='ocrx_word' id='word_1_265' title='bbox 855 1209 884 1233; x_wconf 92' lang='lat' dir='ltr'><strong>ut</strong></span> <span class='ocrx_word' id='word_1_266' title='bbox 907 1212 1043 1232; x_wconf 91' lang='lat' dir='ltr'><strong>summum</strong></span> <span class='ocrx_word' id='word_1_267' title='bbox 1061 1204 1095 1232; x_wconf 88' lang='lat' dir='ltr'><strong>ad</strong></span> 
     </span>
    </p>
   </div>
   <div class='ocr_carea' id='block_1_40' title="bbox 306 1251 1093 1286">
    <p class='ocr_par' dir='ltr' id='par_1_40' title="bbox 306 1251 1093 1286">
     <span class='ocr_line' id='line_1_40' title="bbox 306 1251 1093 1286; baseline 0 -9"><span class='ocrx_word' id='word_1_268' title='bbox 306 1251 484 1286; x_wconf 72' lang='lat' dir='ltr'><strong>philosophia:</strong></span> <span class='ocrx_word' id='word_1_269' title='bbox 505 1251 611 1278; x_wconf 87' lang='lat' dir='ltr'><strong>culmen</strong></span> <span class='ocrx_word' id='word_1_270' title='bbox 635 1251 805 1286; x_wconf 84' lang='lat' dir='ltr'><strong>aspirarent,</strong></span> <span class='ocrx_word' id='word_1_271' title='bbox 834 1251 863 1279; x_wconf 95' lang='lat' dir='ltr'><strong>in</strong></span> <span class='ocrx_word' id='word_1_272' title='bbox 891 1251 1093 1283; x_wconf 78' lang='lat' dir='ltr'><strong>solitudinibus,</strong></span> 
     </span>
    </p>
   </div>
   <div class='ocr_carea' id='block_1_41' title="bbox 306 1297 1094 1332">
    <p class='ocr_par' dir='ltr' id='par_1_41' title="bbox 306 1297 1094 1332">
     <span class='ocr_line' id='line_1_41' title="bbox 306 1297 1094 1332; baseline 0.001 -8"><span class='ocrx_word' id='word_1_273' title='bbox 306 1298 444 1324; x_wconf 81' lang='lat' dir='ltr'><strong>montibus</strong></span> <span class='ocrx_word' id='word_1_274' title='bbox 469 1305 500 1325; x_wconf 90' lang='lat' dir='ltr'><strong>ac</strong></span> <span class='ocrx_word' id='word_1_275' title='bbox 522 1297 658 1332; x_wconf 83' lang='lat' dir='ltr'><strong>speluncis</strong></span> <span class='ocrx_word' id='word_1_276' title='bbox 679 1301 800 1325; x_wconf 87' lang='lat' dir='ltr'><strong>versatos</strong></span> <span class='ocrx_word' id='word_1_277' title='bbox 831 1305 892 1325; x_wconf 87' lang='lat' dir='ltr'><strong>esse</strong></span> <span class='ocrx_word' id='word_1_278' title='bbox 924 1297 1020 1330; x_wconf 87' lang='lat' dir='ltr'><strong>docet,</strong></span> <span class='ocrx_word' id='word_1_279' title='bbox 1047 1297 1094 1325; x_wconf 90' lang='lat' dir='ltr'><strong>ubi</strong></span> 
     </span>
    </p>
   </div>
   <div class='ocr_carea' id='block_1_42' title="bbox 306 1341 1091 1378">
    <p class='ocr_par' dir='ltr' id='par_1_42' title="bbox 306 1341 1091 1378">
     <span class='ocr_line' id='line_1_42' title="bbox 306 1341 1091 1378; baseline 0.004 -11"><span class='ocrx_word' id='word_1_280' title='bbox 306 1346 424 1368; x_wconf 87' lang='lat' dir='ltr'><strong>mentem</strong></span> <span class='ocrx_word' id='word_1_281' title='bbox 441 1341 572 1368; x_wconf 86' lang='lat' dir='ltr'><strong>haberent</strong></span> <span class='ocrx_word' id='word_1_282' title='bbox 586 1341 613 1368; x_wconf 92' lang='lat' dir='ltr'><strong>in</strong></span> <span class='ocrx_word' id='word_1_283' title='bbox 632 1342 714 1369; x_wconf 91' lang='lat' dir='ltr'><strong>unius</strong></span> <span class='ocrx_word' id='word_1_284' title='bbox 726 1341 773 1369; x_wconf 88' lang='lat' dir='ltr'><strong>Dei</strong></span> <span class='ocrx_word' id='word_1_285' title='bbox 788 1342 952 1378; x_wconf 77' lang='lat' dir='ltr'><strong>cogitatione</strong></span> <span class='ocrx_word' id='word_1_286' title='bbox 966 1342 1091 1370; x_wconf 82' lang='lat' dir='ltr'><strong>deﬁxam.</strong></span> 
     </span>
    </p>
   </div>
   <div class='ocr_carea' id='block_1_43' title="bbox 305 1385 1094 1422">
    <p class='ocr_par' dir='ltr' id='par_1_43' title="bbox 305 1385 1094 1422">
     <span class='ocr_line' id='line_1_43' title="bbox 305 1385 1094 1422; baseline 0.004 -10"><span class='ocrx_word' id='word_1_287' title='bbox 305 1385 375 1412; x_wconf 77' lang='lat' dir='ltr'><strong>Audi</strong></span> <span class='ocrx_word' id='word_1_288' title='bbox 389 1390 417 1413; x_wconf 90' lang='lat' dir='ltr'><strong>tu</strong></span> <span class='ocrx_word' id='word_1_289' title='bbox 433 1393 508 1419; x_wconf 91' lang='lat' dir='ltr'><strong>vero,</strong></span> <span class='ocrx_word' id='word_1_290' title='bbox 522 1386 750 1422; x_wconf 76' lang='lat' dir='ltr'><strong>quemadmodum</strong></span> <span class='ocrx_word' id='word_1_291' title='bbox 764 1395 849 1422; x_wconf 76' lang='lat' dir='ltr'><strong>genus</strong></span> <span class='ocrx_word' id='word_1_292' title='bbox 863 1387 927 1414; x_wconf 90' lang='lat' dir='ltr'><strong>illud</strong></span> <span class='ocrx_word' id='word_1_293' title='bbox 943 1387 1005 1415; x_wconf 82' lang='lat' dir='ltr'><strong>vitae</strong></span> <span class='ocrx_word' id='word_1_294' title='bbox 1017 1387 1094 1415; x_wconf 85' lang='lat' dir='ltr'><strong>Plato</strong></span> 
     </span>
    </p>
   </div>
   <div class='ocr_carea' id='block_1_44' title="bbox 305 1429 1093 1468">
    <p class='ocr_par' dir='ltr' id='par_1_44' title="bbox 305 1429 1093 1468">
     <span class='ocr_line' id='line_1_44' title="bbox 305 1429 1093 1468; baseline 0.006 -13"><span class='ocrx_word' id='word_1_295' title='bbox 305 1429 404 1456; x_wconf 78' lang='lat' dir='ltr'><strong>divinis</strong></span> <span class='ocrx_word' id='word_1_296' title='bbox 429 1438 538 1465; x_wconf 87' lang='lat' dir='ltr'><strong>quoque</strong></span> <span class='ocrx_word' id='word_1_297' title='bbox 562 1431 688 1459; x_wconf 89' lang='lat' dir='ltr'><strong>laudibus</strong></span> <span class='ocrx_word' id='word_1_298' title='bbox 714 1432 855 1466; x_wconf 77' lang='lat' dir='ltr'><strong>extulerit,</strong></span> <span class='ocrx_word' id='word_1_299' title='bbox 874 1432 919 1459; x_wconf 92' lang='lat' dir='ltr'><strong>ubi</strong></span> <span class='ocrx_word' id='word_1_300' title='bbox 942 1432 976 1460; x_wconf 91' lang='lat' dir='ltr'><strong>de</strong></span> <span class='ocrx_word' id='word_1_301' title='bbox 997 1440 1030 1461; x_wconf 89' lang='lat' dir='ltr'><strong>eo</strong></span> <span class='ocrx_word' id='word_1_302' title='bbox 1047 1433 1093 1468; x_wconf 91' lang='lat' dir='ltr'><strong>qui</strong></span> 
     </span>
    </p>
   </div>
   <div class='ocr_carea' id='block_1_45' title="bbox 306 1477 1092 1514">
    <p class='ocr_par' dir='ltr' id='par_1_45' title="bbox 306 1477 1092 1514">
     <span class='ocr_line' id='line_1_45' title="bbox 306 1477 1092 1514; baseline 0.005 -12"><span class='ocrx_word' id='word_1_303' title='bbox 306 1483 441 1503; x_wconf 87' lang='lat' dir='ltr'><strong>summam</strong></span> <span class='ocrx_word' id='word_1_304' title='bbox 471 1477 543 1504; x_wconf 87' lang='lat' dir='ltr'><strong>illam</strong></span> <span class='ocrx_word' id='word_1_305' title='bbox 579 1477 788 1513; x_wconf 84' lang='lat' dir='ltr'><strong>philosophandi</strong></span> <span class='ocrx_word' id='word_1_306' title='bbox 817 1478 924 1506; x_wconf 88' lang='lat' dir='ltr'><strong>laudem</strong></span> <span class='ocrx_word' id='word_1_307' title='bbox 952 1484 1092 1514; x_wconf 88' lang='lat' dir='ltr'><strong>seqttatur,</strong></span> 
     </span>
    </p>
   </div>
   <div class='ocr_carea' id='block_1_46' title="bbox 305 1521 1091 1559">
    <p class='ocr_par' dir='ltr' id='par_1_46' title="bbox 305 1521 1091 1559">
     <span class='ocr_line' id='line_1_46' title="bbox 305 1521 1091 1559; baseline 0.005 -12"><span class='ocrx_word' id='word_1_308' title='bbox 305 1521 363 1548; x_wconf 63' lang='lat' dir='ltr'><strong>haec</strong></span> <span class='ocrx_word' id='word_1_309' title='bbox 381 1521 460 1548; x_wconf 80' lang='lat' dir='ltr'><strong>habet</strong></span> <span class='ocrx_word' id='word_1_310' title='bbox 481 1531 488 1548; x_wconf 88' lang='lat'><strong>:</strong></span> <span class='ocrx_word' id='word_1_311' title='bbox 507 1531 517 1547; x_wconf 75' lang='grc' dir='ltr'><strong>ι</strong></span> <span class='ocrx_word' id='word_1_312' title='bbox 536 1521 665 1550; x_wconf 83' lang='lat' dir='ltr'><strong>Dicamus</strong></span> <span class='ocrx_word' id='word_1_313' title='bbox 683 1523 775 1558; x_wconf 84' lang='lat' dir='ltr'><strong>igitur,</strong></span> <span class='ocrx_word' id='word_1_314' title='bbox 799 1523 897 1558; x_wconf 87' lang='lat' dir='ltr'><strong>inquit,</strong></span> <span class='ocrx_word' id='word_1_315' title='bbox 914 1523 954 1551; x_wconf 92' lang='lat' dir='ltr'><strong>uti</strong></span> <span class='ocrx_word' id='word_1_316' title='bbox 975 1532 1024 1559; x_wconf 84' lang='lat' dir='ltr'><strong>par</strong></span> <span class='ocrx_word' id='word_1_317' title='bbox 1041 1529 1091 1558; x_wconf 90' lang='lat' dir='ltr'><strong>est,</strong></span> 
     </span>
    </p>
   </div>
   <div class='ocr_carea' id='block_1_47' title="bbox 304 1567 1092 1604">
    <p class='ocr_par' dir='ltr' id='par_1_47' title="bbox 304 1567 1092 1604">
     <span class='ocr_line' id='line_1_47' title="bbox 304 1567 1092 1604; baseline 0.005 -11"><span class='ocrx_word' id='word_1_318' title='bbox 304 1567 414 1602; x_wconf 88' lang='lat' dir='ltr'><strong>quando</strong></span> <span class='ocrx_word' id='word_1_319' title='bbox 435 1567 471 1594; x_wconf 86' lang='lat' dir='ltr'><strong>ita</strong></span> <span class='ocrx_word' id='word_1_320' title='bbox 496 1567 542 1594; x_wconf 90' lang='lat' dir='ltr'><strong>tibi</strong></span> <span class='ocrx_word' id='word_1_321' title='bbox 567 1567 688 1600; x_wconf 82' lang='lat' dir='ltr'><strong>videtur.</strong></span> <span class='ocrx_word' id='word_1_322' title='bbox 708 1569 741 1596; x_wconf 91' lang='lat' dir='ltr'><strong>de</strong></span> <span class='ocrx_word' id='word_1_323' title='bbox 762 1569 877 1596; x_wconf 85' lang='lat' dir='ltr'><strong>summis</strong></span> <span class='ocrx_word' id='word_1_324' title='bbox 896 1569 950 1597; x_wconf 88' lang='lat' dir='ltr'><strong>illis</strong></span> <span class='ocrx_word' id='word_1_325' title='bbox 970 1570 1092 1604; x_wconf 88' lang='lat' dir='ltr'><strong>philoso-</strong></span> 
     </span>
    </p>
   </div>
   <div class='ocr_carea' id='block_1_48' title="bbox 305 1601 1128 1652">
    <p class='ocr_par' dir='ltr' id='par_1_48' title="bbox 305 1601 1128 1652">
     <span class='ocr_line' id='line_1_48' title="bbox 305 1601 1128 1652; baseline 0.006 -14"><span class='ocrx_word' id='word_1_326' title='bbox 305 1612 405 1647; x_wconf 85' lang='lat' dir='ltr'><strong>phandi</strong></span> <span class='ocrx_word' id='word_1_327' title='bbox 427 1612 612 1648; x_wconf 86' lang='lat' dir='ltr'><strong>principibus:</strong></span> <span class='ocrx_word' id='word_1_328' title='bbox 627 1613 701 1649; x_wconf 91' lang='lat' dir='ltr'><strong>(quid</strong></span> <span class='ocrx_word' id='word_1_329' title='bbox 719 1614 790 1641; x_wconf 92' lang='lat' dir='ltr'><strong>enim</strong></span> <span class='ocrx_word' id='word_1_330' title='bbox 804 1622 852 1642; x_wconf 88' lang='lat' dir='ltr'><strong>eos</strong></span> <span class='ocrx_word' id='word_1_331' title='bbox 875 1601 1023 1648; x_wconf 76' lang='lat' dir='ltr'><strong>moremur,</strong></span> <span class='ocrx_word' id='word_1_332' title='bbox 1045 1617 1092 1652; x_wconf 89' lang='lat' dir='ltr'><strong>qui</strong></span> <span class='ocrx_word' id='word_1_333' title='bbox 1107 1601 1128 1630; x_wconf 67' lang='grc' dir='ltr'>Ο</span> 
     </span>
    </p>
   </div>
   <div class='ocr_carea' id='block_1_49' title="bbox 304 1658 1093 1696">
    <p class='ocr_par' dir='ltr' id='par_1_49' title="bbox 304 1658 1093 1696">
     <span class='ocr_line' id='line_1_49' title="bbox 304 1658 1093 1696; baseline 0.008 -12"><span class='ocrx_word' id='word_1_334' title='bbox 304 1658 484 1693; x_wconf 69' lang='lat' dir='ltr'><strong>philosophiae</strong></span> <span class='ocrx_word' id='word_1_335' title='bbox 498 1659 587 1686; x_wconf 81' lang='lat' dir='ltr'><strong>studio</strong></span> <span class='ocrx_word' id='word_1_336' title='bbox 599 1667 741 1694; x_wconf 78' lang='lat' dir='ltr'><strong>perperam</strong></span> <span class='ocrx_word' id='word_1_337' title='bbox 757 1661 935 1696; x_wconf 86' lang='lat' dir='ltr'><strong>abutuntur?)</strong></span> <span class='ocrx_word' id='word_1_338' title='bbox 963 1661 1002 1689; x_wconf 88' lang='lat' dir='ltr'><strong>Illi</strong></span> <span class='ocrx_word' id='word_1_339' title='bbox 1020 1662 1093 1690; x_wconf 87' lang='lat' dir='ltr'><strong>vide-</strong></span> 
     </span>
    </p>
   </div>
   <div class='ocr_carea' id='block_1_50' title="bbox 305 1705 1091 1742">
    <p class='ocr_par' dir='ltr' id='par_1_50' title="bbox 305 1705 1091 1742">
     <span class='ocr_line' id='line_1_50' title="bbox 305 1705 1091 1742; baseline 0.003 -9"><span class='ocrx_word' id='word_1_340' title='bbox 305 1705 368 1734; x_wconf 85' lang='lat' dir='ltr'><strong>licet</strong></span> <span class='ocrx_word' id='word_1_341' title='bbox 379 1705 435 1740; x_wconf 86' lang='lat' dir='ltr'><strong>jam</strong></span> <span class='ocrx_word' id='word_1_342' title='bbox 447 1713 533 1740; x_wconf 87' lang='lat' dir='ltr'><strong>usque</strong></span> <span class='ocrx_word' id='word_1_343' title='bbox 544 1705 578 1732; x_wconf 87' lang='lat' dir='ltr'><strong>ab</strong></span> <span class='ocrx_word' id='word_1_344' title='bbox 589 1705 781 1738; x_wconf 87' lang='lat' dir='ltr'><strong>adolescentia,</strong></span> <span class='ocrx_word' id='word_1_345' title='bbox 797 1706 867 1734; x_wconf 87' lang='lat' dir='ltr'><strong>viam</strong></span> <span class='ocrx_word' id='word_1_346' title='bbox 884 1715 945 1742; x_wconf 65' lang='lat' dir='ltr'><strong>qum</strong></span> <span class='ocrx_word' id='word_1_347' title='bbox 960 1707 986 1734; x_wconf 92' lang='lat' dir='ltr'><strong>in</strong></span> <span class='ocrx_word' id='word_1_348' title='bbox 1002 1707 1091 1736; x_wconf 79' lang='lat' dir='ltr'><strong>forum</strong></span> 
     </span>
    </p>
   </div>
   <div class='ocr_carea' id='block_1_51' title="bbox 304 1751 1092 1788">
    <p class='ocr_par' dir='ltr' id='par_1_51' title="bbox 304 1751 1092 1788">
     <span class='ocr_line' id='line_1_51' title="bbox 304 1751 1092 1788; baseline 0.003 -9"><span class='ocrx_word' id='word_1_349' title='bbox 304 1752 386 1779; x_wconf 84' lang='lat' dir='ltr'><strong>ducat</strong></span> <span class='ocrx_word' id='word_1_350' title='bbox 410 1752 535 1786; x_wconf 76' lang='lat' dir='ltr'><strong>ignorant</strong></span> <span class='ocrx_word' id='word_1_351' title='bbox 557 1760 564 1778; x_wconf 86' lang='lat'>:</span> <span class='ocrx_word' id='word_1_352' title='bbox 583 1751 629 1778; x_wconf 90' lang='lat' dir='ltr'><strong>ubi</strong></span> <span class='ocrx_word' id='word_1_353' title='bbox 655 1751 698 1778; x_wconf 90' lang='lat' dir='ltr'><strong>vel</strong></span> <span class='ocrx_word' id='word_1_354' title='bbox 721 1757 900 1780; x_wconf 85' lang='lat' dir='ltr'><strong>exerceantur</strong></span> <span class='ocrx_word' id='word_1_355' title='bbox 913 1753 1033 1788; x_wconf 84' lang='lat' dir='ltr'><strong>judicia,</strong></span> <span class='ocrx_word' id='word_1_356' title='bbox 1049 1754 1092 1781; x_wconf 88' lang='lat' dir='ltr'><strong>vel</strong></span> 
     </span>
    </p>
   </div>
   <div class='ocr_carea' id='block_1_52' title="bbox 304 1796 1092 1832">
    <p class='ocr_par' dir='ltr' id='par_1_52' title="bbox 304 1796 1092 1832">
     <span class='ocr_line' id='line_1_52' title="bbox 304 1796 1092 1832; baseline 0 -6"><span class='ocrx_word' id='word_1_357' title='bbox 304 1803 426 1830; x_wconf 82' lang='lat' dir='ltr'><strong>senatus,</strong></span> <span class='ocrx_word' id='word_1_358' title='bbox 444 1797 485 1825; x_wconf 84' lang='lat' dir='ltr'><strong>vel</strong></span> <span class='ocrx_word' id='word_1_359' title='bbox 500 1797 639 1832; x_wconf 88' lang='lat' dir='ltr'><strong>publicum</strong></span> <span class='ocrx_word' id='word_1_360' title='bbox 659 1798 732 1825; x_wconf 89' lang='lat' dir='ltr'><strong>aliud</strong></span> <span class='ocrx_word' id='word_1_361' title='bbox 748 1798 864 1826; x_wconf 90' lang='lat' dir='ltr'><strong>civitatis</strong></span> <span class='ocrx_word' id='word_1_362' title='bbox 881 1796 1027 1827; x_wconf 82' lang='lat' dir='ltr'><strong>concilium</strong></span> <span class='ocrx_word' id='word_1_363' title='bbox 1044 1799 1092 1827; x_wconf 87' lang='lat' dir='ltr'><strong>ha-</strong></span> 
     </span>
    </p>
   </div>
   <div class='ocr_carea' id='block_1_53' title="bbox 304 1843 1091 1880">
    <p class='ocr_par' dir='ltr' id='par_1_53' title="bbox 304 1843 1091 1880">
     <span class='ocr_line' id='line_1_53' title="bbox 304 1843 1091 1880; baseline 0.003 -9"><span class='ocrx_word' id='word_1_364' title='bbox 304 1844 409 1875; x_wconf 81' lang='lat' dir='ltr'><strong>beatur,</strong></span> <span class='ocrx_word' id='word_1_365' title='bbox 428 1844 552 1871; x_wconf 89' lang='lat' dir='ltr'><strong>nesciunt</strong></span> <span class='ocrx_word' id='word_1_366' title='bbox 570 1853 576 1871; x_wconf 87' lang='lat'>:</span> <span class='ocrx_word' id='word_1_367' title='bbox 595 1843 668 1879; x_wconf 81' lang='lat' dir='ltr'><strong>leges</strong></span> <span class='ocrx_word' id='word_1_368' title='bbox 689 1852 720 1872; x_wconf 90' lang='lat' dir='ltr'><strong>ac</strong></span> <span class='ocrx_word' id='word_1_369' title='bbox 743 1844 900 1880; x_wconf 81' lang='lat' dir='ltr'><strong>plebiscita,</strong></span> <span class='ocrx_word' id='word_1_370' title='bbox 917 1852 1005 1880; x_wconf 89' lang='lat' dir='ltr'><strong>neque</strong></span> <span class='ocrx_word' id='word_1_371' title='bbox 1026 1845 1091 1873; x_wconf 90' lang='lat' dir='ltr'><strong>dum</strong></span> 
     </span>
    </p>
   </div>
   <div class='ocr_carea' id='block_1_54' title="bbox 304 1890 1090 1927">
    <p class='ocr_par' dir='ltr' id='par_1_54' title="bbox 304 1890 1090 1927">
     <span class='ocr_line' id='line_1_54' title="bbox 304 1890 1090 1927; baseline 0.003 -10"><span class='ocrx_word' id='word_1_372' title='bbox 304 1890 511 1926; x_wconf 79' lang='lat' dir='ltr'><strong>promulgantur</strong></span> <span class='ocrx_word' id='word_1_373' title='bbox 534 1890 658 1923; x_wconf 86' lang='lat' dir='ltr'><strong>audiunt,</strong></span> <span class='ocrx_word' id='word_1_374' title='bbox 675 1898 763 1925; x_wconf 76' lang='lat' dir='ltr'><strong>neque</strong></span> <span class='ocrx_word' id='word_1_375' title='bbox 778 1891 928 1927; x_wconf 86' lang='lat' dir='ltr'><strong>perscripta</strong></span> <span class='ocrx_word' id='word_1_376' title='bbox 953 1899 1014 1919; x_wconf 90' lang='lat' dir='ltr'><strong>cum</strong></span> <span class='ocrx_word' id='word_1_377' title='bbox 1031 1891 1090 1919; x_wconf 79' lang='lat' dir='ltr'><strong>fue-</strong></span> 
     </span>
    </p>
   </div>
   <div class='ocr_carea' id='block_1_55' title="bbox 304 1935 1090 1972">
    <p class='ocr_par' dir='ltr' id='par_1_55' title="bbox 304 1935 1090 1972">
     <span class='ocr_line' id='line_1_55' title="bbox 304 1935 1090 1972; baseline 0.003 -10"><span class='ocrx_word' id='word_1_378' title='bbox 304 1936 359 1962; x_wconf 89' lang='lat' dir='ltr'><strong>rint</strong></span> <span class='ocrx_word' id='word_1_379' title='bbox 376 1935 487 1962; x_wconf 90' lang='lat' dir='ltr'><strong>omnino</strong></span> <span class='ocrx_word' id='word_1_380' title='bbox 511 1935 613 1963; x_wconf 88' lang='lat' dir='ltr'><strong>vident.</strong></span> <span class='ocrx_word' id='word_1_381' title='bbox 641 1935 834 1963; x_wconf 86' lang='lat' dir='ltr'><strong>Sodalitiorum</strong></span> <span class='ocrx_word' id='word_1_382' title='bbox 858 1937 891 1963; x_wconf 91' lang='lat' dir='ltr'><strong>ad</strong></span> <span class='ocrx_word' id='word_1_383' title='bbox 915 1937 1090 1972; x_wconf 82' lang='lat' dir='ltr'><strong>magistratus</strong></span> 
     </span>
    </p>
   </div>
   <div class='ocr_carea' id='block_1_56' title="bbox 303 1981 1091 2016">
    <p class='ocr_par' dir='ltr' id='par_1_56' title="bbox 303 1981 1091 2016">
     <span class='ocr_line' id='line_1_56' title="bbox 303 1981 1091 2016; baseline 0.003 -8"><span class='ocrx_word' id='word_1_384' title='bbox 303 1982 446 2014; x_wconf 80' lang='lat' dir='ltr'><strong>creandos,</strong></span> <span class='ocrx_word' id='word_1_385' title='bbox 462 1981 604 2015; x_wconf 84' lang='lat' dir='ltr'><strong>factiones,</strong></span> <span class='ocrx_word' id='word_1_386' title='bbox 622 1987 782 2016; x_wconf 88' lang='lat' dir='ltr'><strong>conventus,</strong></span> <span class='ocrx_word' id='word_1_387' title='bbox 804 1990 898 2015; x_wconf 70' lang='lat' dir='ltr'><strong>cmnae,</strong></span> <span class='ocrx_word' id='word_1_388' title='bbox 913 1983 1091 2011; x_wconf 82' lang='lat' dir='ltr'><strong>comessatio-</strong></span> 
     </span>
    </p>
   </div>
   <div class='ocr_carea' id='block_1_57' title="bbox 304 2027 1088 2064">
    <p class='ocr_par' dir='ltr' id='par_1_57' title="bbox 304 2027 1088 2064">
     <span class='ocr_line' id='line_1_57' title="bbox 304 2027 1088 2064; baseline 0.001 -9"><span class='ocrx_word' id='word_1_389' title='bbox 304 2036 352 2055; x_wconf 86' lang='lat' dir='ltr'><strong>nes</strong></span> <span class='ocrx_word' id='word_1_390' title='bbox 369 2036 430 2055; x_wconf 89' lang='lat' dir='ltr'><strong>cum</strong></span> <span class='ocrx_word' id='word_1_391' title='bbox 449 2027 578 2060; x_wconf 83' lang='lat' dir='ltr'><strong>tibicinis,</strong></span> <span class='ocrx_word' id='word_1_392' title='bbox 592 2028 689 2056; x_wconf 89' lang='lat' dir='ltr'><strong>horum</strong></span> <span class='ocrx_word' id='word_1_393' title='bbox 705 2029 771 2064; x_wconf 87' lang='lat' dir='ltr'><strong>ipsis</strong></span> <span class='ocrx_word' id='word_1_394' title='bbox 786 2028 935 2064; x_wconf 88' lang='lat' dir='ltr'><strong>quidquam</strong></span> <span class='ocrx_word' id='word_1_395' title='bbox 953 2028 1088 2061; x_wconf 82' lang='lat' dir='ltr'><strong>factitare,</strong></span> 
     </span>
    </p>
   </div>
   <div class='ocr_carea' id='block_1_58' title="bbox 303 2074 1088 2110">
    <p class='ocr_par' dir='ltr' id='par_1_58' title="bbox 303 2074 1088 2110">
     <span class='ocr_line' id='line_1_58' title="bbox 303 2074 1088 2110; baseline 0.003 -9"><span class='ocrx_word' id='word_1_396' title='bbox 303 2083 337 2102; x_wconf 91' lang='lat' dir='ltr'><strong>ne</strong></span> <span class='ocrx_word' id='word_1_397' title='bbox 358 2083 406 2110; x_wconf 88' lang='lat' dir='ltr'><strong>per</strong></span> <span class='ocrx_word' id='word_1_398' title='bbox 430 2075 567 2102; x_wconf 87' lang='lat' dir='ltr'><strong>somnium</strong></span> <span class='ocrx_word' id='word_1_399' title='bbox 584 2075 693 2110; x_wconf 87' lang='lat' dir='ltr'><strong>quidem</strong></span> <span class='ocrx_word' id='word_1_400' title='bbox 713 2075 741 2102; x_wconf 90' lang='lat' dir='ltr'><strong>in</strong></span> <span class='ocrx_word' id='word_1_401' title='bbox 758 2079 875 2103; x_wconf 85' lang='lat' dir='ltr'><strong>mentem</strong></span> <span class='ocrx_word' id='word_1_402' title='bbox 892 2075 977 2103; x_wconf 84' lang='lat' dir='ltr'><strong>venit.</strong></span> <span class='ocrx_word' id='word_1_403' title='bbox 991 2074 1088 2103; x_wconf 46' lang='lat' dir='ltr'><strong>Recte-</strong></span> 
     </span>
    </p>
   </div>
   <div class='ocr_carea' id='block_1_59' title="bbox 303 2119 1088 2156">
    <p class='ocr_par' dir='ltr' id='par_1_59' title="bbox 303 2119 1088 2156">
     <span class='ocr_line' id='line_1_59' title="bbox 303 2119 1088 2156; baseline 0.001 -9"><span class='ocrx_word' id='word_1_404' title='bbox 303 2129 338 2148; x_wconf 85' lang='lat' dir='ltr'><strong>ne</strong></span> <span class='ocrx_word' id='word_1_405' title='bbox 358 2128 392 2147; x_wconf 90' lang='lat' dir='ltr'><strong>an</strong></span> <span class='ocrx_word' id='word_1_406' title='bbox 408 2128 486 2148; x_wconf 85' lang='lat' dir='ltr'><strong>secus</strong></span> <span class='ocrx_word' id='word_1_407' title='bbox 501 2119 604 2148; x_wconf 82' lang='lat' dir='ltr'><strong>factum</strong></span> <span class='ocrx_word' id='word_1_408' title='bbox 626 2120 653 2148; x_wconf 93' lang='lat' dir='ltr'><strong>in</strong></span> <span class='ocrx_word' id='word_1_409' title='bbox 676 2121 785 2148; x_wconf 85' lang='lat' dir='ltr'><strong>civitate</strong></span> <span class='ocrx_word' id='word_1_410' title='bbox 808 2121 874 2156; x_wconf 86' lang='lat' dir='ltr'><strong>quid</strong></span> <span class='ocrx_word' id='word_1_411' title='bbox 897 2120 997 2154; x_wconf 83' lang='lat' dir='ltr'><strong>fuerit;</strong></span> <span class='ocrx_word' id='word_1_412' title='bbox 1023 2128 1088 2148; x_wconf 89' lang='lat' dir='ltr'><strong>num</strong></span> 
     </span>
    </p>
   </div>
   <div class='ocr_carea' id='block_1_60' title="bbox 303 2166 1088 2202">
    <p class='ocr_par' dir='ltr' id='par_1_60' title="bbox 303 2166 1088 2202">
     <span class='ocr_line' id='line_1_60' title="bbox 303 2166 1088 2202; baseline 0.001 -8"><span class='ocrx_word' id='word_1_413' title='bbox 303 2167 420 2202; x_wconf 88' lang='lat' dir='ltr'><strong>cuipiam</strong></span> <span class='ocrx_word' id='word_1_414' title='bbox 438 2175 454 2194; x_wconf 77' lang='grc' dir='ltr'><strong>ιι</strong></span> <span class='ocrx_word' id='word_1_415' title='bbox 469 2166 634 2202; x_wconf 83' lang='lat' dir='ltr'><strong>majoribus,</strong></span> <span class='ocrx_word' id='word_1_416' title='bbox 651 2174 699 2194; x_wconf 89' lang='lat' dir='ltr'><strong>seu</strong></span> <span class='ocrx_word' id='word_1_417' title='bbox 719 2171 832 2202; x_wconf 88' lang='lat' dir='ltr'><strong>paterno</strong></span> <span class='ocrx_word' id='word_1_418' title='bbox 854 2174 902 2194; x_wconf 87' lang='lat' dir='ltr'><strong>seu</strong></span> <span class='ocrx_word' id='word_1_419' title='bbox 918 2171 1042 2195; x_wconf 88' lang='lat' dir='ltr'><strong>materno</strong></span> <span class='ocrx_word' id='word_1_420' title='bbox 1055 2175 1088 2195; x_wconf 80' lang='lat' dir='ltr'><strong>ex</strong></span> 
     </span>
    </p>
   </div>
   <div class='ocr_carea' id='block_1_61' title="bbox 303 2212 1086 2248">
    <p class='ocr_par' dir='ltr' id='par_1_61' title="bbox 303 2212 1086 2248">
     <span class='ocr_line' id='line_1_61' title="bbox 303 2212 1086 2248; baseline 0.003 -9"><span class='ocrx_word' id='word_1_421' title='bbox 303 2220 416 2248; x_wconf 71' lang='lat' dir='ltr'><strong>genere,</strong></span> <span class='ocrx_word' id='word_1_422' title='bbox 443 2212 506 2239; x_wconf 85' lang='lat' dir='ltr'><strong>mali</strong></span> <span class='ocrx_word' id='word_1_423' title='bbox 530 2212 596 2247; x_wconf 90' lang='lat' dir='ltr'><strong>quid</strong></span> <span class='ocrx_word' id='word_1_424' title='bbox 621 2213 777 2246; x_wconf 83' lang='lat' dir='ltr'><strong>obvenerit,</strong></span> <span class='ocrx_word' id='word_1_425' title='bbox 801 2212 889 2248; x_wconf 79' lang='lat' dir='ltr'><strong>magis</strong></span> <span class='ocrx_word' id='word_1_426' title='bbox 915 2213 989 2248; x_wconf 85' lang='lat' dir='ltr'><strong>ipsos</strong></span> <span class='ocrx_word' id='word_1_427' title='bbox 1011 2213 1086 2245; x_wconf 82' lang='lat' dir='ltr'><strong>latet,</strong></span> 
     </span>
    </p>
   </div>
   <div class='ocr_carea' id='block_1_62' title="bbox 302 2257 1127 2310">
    <p class='ocr_par' dir='ltr' id='par_1_62' title="bbox 302 2257 1127 2310">
     <span class='ocr_line' id='line_1_62' title="bbox 302 2257 1127 2310; baseline 0.001 -25"><span class='ocrx_word' id='word_1_428' title='bbox 302 2267 384 2295; x_wconf 85' lang='lat' dir='ltr'><strong>quam</strong></span> <span class='ocrx_word' id='word_1_429' title='bbox 400 2265 541 2290; x_wconf 88' lang='lat' dir='ltr'><strong>numerus,</strong></span> <span class='ocrx_word' id='word_1_430' title='bbox 557 2258 630 2293; x_wconf 89' lang='lat' dir='ltr'><strong>quod</strong></span> <span class='ocrx_word' id='word_1_431' title='bbox 645 2259 733 2292; x_wconf 90' lang='lat' dir='ltr'><strong>aiunt,</strong></span> <span class='ocrx_word' id='word_1_432' title='bbox 751 2265 907 2286; x_wconf 81' lang='lat' dir='ltr'><strong>arenarum.</strong></span> <span class='ocrx_word' id='word_1_433' title='bbox 929 2257 1017 2294; x_wconf 81' lang='lat' dir='ltr'><strong>Atque</strong></span> <span class='ocrx_word' id='word_1_434' title='bbox 1032 2259 1090 2287; x_wconf 67' lang='lat' dir='ltr'><strong>hzec</strong></span> <span class='ocrx_word' id='word_1_435' title='bbox 1106 2283 1127 2310; x_wconf 67' lang='grc' dir='ltr'>ο</span> 
     </span>
    </p>
   </div>
   <div class='ocr_carea' id='block_1_63' title="bbox 303 2303 1089 2340">
    <p class='ocr_par' dir='ltr' id='par_1_63' title="bbox 303 2303 1089 2340">
     <span class='ocr_line' id='line_1_63' title="bbox 303 2303 1089 2340; baseline -0.001 -8"><span class='ocrx_word' id='word_1_436' title='bbox 303 2305 348 2332; x_wconf 89' lang='lat' dir='ltr'><strong>ille</strong></span> <span class='ocrx_word' id='word_1_437' title='bbox 364 2304 454 2332; x_wconf 86' lang='lat' dir='ltr'><strong>omnia</strong></span> <span class='ocrx_word' id='word_1_438' title='bbox 470 2304 510 2331; x_wconf 84' lang='lat' dir='ltr'><strong>sic</strong></span> <span class='ocrx_word' id='word_1_439' title='bbox 527 2304 644 2339; x_wconf 76' lang='lat' dir='ltr'><strong>ignorat,</strong></span> <span class='ocrx_word' id='word_1_440' title='bbox 658 2309 688 2331; x_wconf 88' lang='lat' dir='ltr'><strong>ut</strong></span> <span class='ocrx_word' id='word_1_441' title='bbox 707 2305 801 2332; x_wconf 90' lang='lat' dir='ltr'><strong>eadem</strong></span> <span class='ocrx_word' id='word_1_442' title='bbox 823 2304 872 2332; x_wconf 89' lang='lat' dir='ltr'><strong>abs</strong></span> <span class='ocrx_word' id='word_1_443' title='bbox 892 2311 953 2332; x_wconf 86' lang='lat' dir='ltr'><strong>sese</strong></span> <span class='ocrx_word' id='word_1_444' title='bbox 970 2303 1089 2340; x_wconf 80' lang='lat' dir='ltr'><strong>ignorari</strong></span> 
     </span>
    </p>
   </div>
   <div class='ocr_carea' id='block_1_64' title="bbox 303 2349 1089 2386">
    <p class='ocr_par' dir='ltr' id='par_1_64' title="bbox 303 2349 1089 2386">
     <span class='ocr_line' id='line_1_64' title="bbox 303 2349 1089 2386; baseline 0 -8"><span class='ocrx_word' id='word_1_445' title='bbox 303 2351 416 2378; x_wconf 84' lang='lat' dir='ltr'><strong>nesciat.</strong></span> <span class='ocrx_word' id='word_1_446' title='bbox 432 2349 536 2386; x_wconf 89' lang='lat' dir='ltr'><strong>Quippe</strong></span> <span class='ocrx_word' id='word_1_447' title='bbox 553 2357 604 2378; x_wconf 89' lang='lat' dir='ltr'><strong>nec</strong></span> <span class='ocrx_word' id='word_1_448' title='bbox 618 2350 691 2378; x_wconf 88' lang='lat' dir='ltr'><strong>enim</strong></span> <span class='ocrx_word' id='word_1_449' title='bbox 712 2350 801 2378; x_wconf 91' lang='lat' dir='ltr'><strong>laudis</strong></span> <span class='ocrx_word' id='word_1_450' title='bbox 824 2350 991 2386; x_wconf 72' lang='lat' dir='ltr'><strong>aucupandre</strong></span> <span class='ocrx_word' id='word_1_451' title='bbox 1007 2358 1089 2379; x_wconf 87' lang='lat' dir='ltr'><strong>causa</strong></span> 
     </span>
    </p>
   </div>
   <div class='ocr_carea' id='block_1_65' title="bbox 303 2396 1089 2432">
    <p class='ocr_par' dir='ltr' id='par_1_65' title="bbox 303 2396 1089 2432">
     <span class='ocr_line' id='line_1_65' title="bbox 303 2396 1089 2432; baseline 0 -8"><span class='ocrx_word' id='word_1_452' title='bbox 303 2397 339 2424; x_wconf 88' lang='lat' dir='ltr'><strong>ab</strong></span> <span class='ocrx_word' id='word_1_453' title='bbox 354 2405 447 2424; x_wconf 87' lang='lat' dir='ltr'><strong>earum</strong></span> <span class='ocrx_word' id='word_1_454' title='bbox 471 2404 532 2424; x_wconf 87' lang='lat' dir='ltr'><strong>sese</strong></span> <span class='ocrx_word' id='word_1_455' title='bbox 549 2403 641 2424; x_wconf 90' lang='lat' dir='ltr'><strong>rerum</strong></span> <span class='ocrx_word' id='word_1_456' title='bbox 662 2396 854 2424; x_wconf 86' lang='lat' dir='ltr'><strong>communione</strong></span> <span class='ocrx_word' id='word_1_457' title='bbox 875 2400 998 2432; x_wconf 77' lang='lat' dir='ltr'><strong>segregat</strong></span> <span class='ocrx_word' id='word_1_458' title='bbox 1015 2405 1022 2423; x_wconf 92' lang='lat'><strong>:</strong></span> <span class='ocrx_word' id='word_1_459' title='bbox 1043 2397 1089 2424; x_wconf 90' lang='lat' dir='ltr'><strong>sed</strong></span> 
     </span>
    </p>
   </div>
   <div class='ocr_carea' id='block_1_66' title="bbox 305 2441 1091 2477">
    <p class='ocr_par' dir='ltr' id='par_1_66' title="bbox 305 2441 1091 2477">
     <span class='ocr_line' id='line_1_66' title="bbox 305 2441 1091 2477; baseline -0.001 -7"><span class='ocrx_word' id='word_1_460' title='bbox 305 2450 396 2470; x_wconf 86' lang='lat' dir='ltr'><strong>revera</strong></span> <span class='ocrx_word' id='word_1_461' title='bbox 418 2442 506 2470; x_wconf 87' lang='lat' dir='ltr'><strong>solum</strong></span> <span class='ocrx_word' id='word_1_462' title='bbox 534 2442 593 2477; x_wconf 85' lang='lat' dir='ltr'><strong>ejus</strong></span> <span class='ocrx_word' id='word_1_463' title='bbox 615 2449 713 2477; x_wconf 87' lang='lat' dir='ltr'><strong>corpus</strong></span> <span class='ocrx_word' id='word_1_464' title='bbox 732 2442 759 2469; x_wconf 92' lang='lat' dir='ltr'><strong>in</strong></span> <span class='ocrx_word' id='word_1_465' title='bbox 785 2441 892 2470; x_wconf 86' lang='lat' dir='ltr'><strong>civitate</strong></span> <span class='ocrx_word' id='word_1_466' title='bbox 918 2445 1042 2470; x_wconf 87' lang='lat' dir='ltr'><strong>versatur</strong></span> <span class='ocrx_word' id='word_1_467' title='bbox 1063 2445 1091 2470; x_wconf 87' lang='lat' dir='ltr'><strong>et</strong></span> 
     </span>
    </p>
   </div>
   <div class='ocr_carea' id='block_1_67' title="bbox 304 2487 1090 2520">
    <p class='ocr_par' dir='ltr' id='par_1_67' title="bbox 304 2487 1090 2520">
     <span class='ocr_line' id='line_1_67' title="bbox 304 2487 1090 2520; baseline 0 -5"><span class='ocrx_word' id='word_1_468' title='bbox 304 2487 423 2520; x_wconf 81' lang='lat' dir='ltr'><strong>habitat;</strong></span> <span class='ocrx_word' id='word_1_469' title='bbox 447 2496 524 2516; x_wconf 89' lang='lat' dir='ltr'><strong>mens</strong></span> <span class='ocrx_word' id='word_1_470' title='bbox 547 2495 612 2516; x_wconf 88' lang='lat' dir='ltr'><strong>vero</strong></span> <span class='ocrx_word' id='word_1_471' title='bbox 634 2488 699 2516; x_wconf 91' lang='lat' dir='ltr'><strong>dum</strong></span> <span class='ocrx_word' id='word_1_472' title='bbox 722 2488 847 2516; x_wconf 87' lang='lat' dir='ltr'><strong>universa</strong></span> <span class='ocrx_word' id='word_1_473' title='bbox 869 2488 920 2516; x_wconf 85' lang='lat' dir='ltr'><strong>ista</strong></span> <span class='ocrx_word' id='word_1_474' title='bbox 945 2489 1090 2516; x_wconf 86' lang='lat' dir='ltr'><strong>humiliora</strong></span> 
     </span>
    </p>
   </div>
   <div class='ocr_carea' id='block_1_68' title="bbox 303 2533 1091 2569">
    <p class='ocr_par' dir='ltr' id='par_1_68' title="bbox 303 2533 1091 2569">
     <span class='ocr_line' id='line_1_68' title="bbox 303 2533 1091 2569; baseline 0.001 -9"><span class='ocrx_word' id='word_1_475' title='bbox 303 2533 452 2564; x_wconf 77' lang='lat' dir='ltr'><strong>existimat.</strong></span> <span class='ocrx_word' id='word_1_476' title='bbox 468 2533 589 2568; x_wconf 90' lang='lat' dir='ltr'><strong>nihilque</strong></span> <span class='ocrx_word' id='word_1_477' title='bbox 602 2533 678 2562; x_wconf 77' lang='lat' dir='ltr'><strong>facit.</strong></span> <span class='ocrx_word' id='word_1_478' title='bbox 695 2533 796 2569; x_wconf 84' lang='lat' dir='ltr'><strong>passim</strong></span> <span class='ocrx_word' id='word_1_479' title='bbox 814 2533 917 2562; x_wconf 87' lang='lat' dir='ltr'><strong>interea</strong></span> <span class='ocrx_word' id='word_1_480' title='bbox 940 2534 1034 2562; x_wconf 88' lang='lat' dir='ltr'><strong>volitat</strong></span> <span class='ocrx_word' id='word_1_481' title='bbox 1049 2535 1091 2569; x_wconf 90' lang='lat' dir='ltr'><strong>(ut</strong></span> 
     </span>
    </p>
   </div>
   <div class='ocr_carea' id='block_1_69' title="bbox 304 2578 1092 2616">
    <p class='ocr_par' dir='ltr' id='par_1_69' title="bbox 304 2578 1092 2616">
     <span class='ocr_line' id='line_1_69' title="bbox 304 2578 1092 2616; baseline 0.004 -11"><span class='ocrx_word' id='word_1_482' title='bbox 304 2579 404 2606; x_wconf 89' lang='lat' dir='ltr'><strong>cecinit</strong></span> <span class='ocrx_word' id='word_1_483' title='bbox 426 2578 588 2615; x_wconf 84' lang='lat' dir='ltr'><strong>Pindarus),</strong></span> <span class='ocrx_word' id='word_1_484' title='bbox 607 2579 688 2616; x_wconf 76' lang='lat'><strong>603</strong></span> <span class='ocrx_word' id='word_1_485' title='bbox 707 2587 768 2615; x_wconf 62' lang='lat' dir='ltr'><strong>qua!</strong></span> <span class='ocrx_word' id='word_1_486' title='bbox 788 2580 838 2608; x_wconf 89' lang='lat' dir='ltr'><strong>sub</strong></span> <span class='ocrx_word' id='word_1_487' title='bbox 864 2580 955 2612; x_wconf 79' lang='lat' dir='ltr'><strong>terris,</strong></span> <span class='ocrx_word' id='word_1_488' title='bbox 977 2588 1092 2616; x_wconf 72' lang='lat' dir='ltr'><strong>quaeque</strong></span> 
     </span>
    </p>
   </div>
   <div class='ocr_carea' id='block_1_70' title="bbox 305 2625 1091 2661">
    <p class='ocr_par' dir='ltr' id='par_1_70' title="bbox 305 2625 1091 2661">
     <span class='ocr_line' id='line_1_70' title="bbox 305 2625 1091 2661; baseline 0.001 -9"><span class='ocrx_word' id='word_1_489' title='bbox 305 2632 388 2659; x_wconf 88' lang='lat' dir='ltr'><strong>supra</strong></span> <span class='ocrx_word' id='word_1_490' title='bbox 403 2629 488 2654; x_wconf 84' lang='lat' dir='ltr'><strong>terras</strong></span> <span class='ocrx_word' id='word_1_491' title='bbox 506 2625 661 2659; x_wconf 80' lang='lat' dir='ltr'><strong>dimetiens,</strong></span> <span class='ocrx_word' id='word_1_492' title='bbox 677 2633 822 2661; x_wconf 90' lang='lat' dir='ltr'><strong>rerumque</strong></span> <span class='ocrx_word' id='word_1_493' title='bbox 837 2626 988 2654; x_wconf 71' lang='lat' dir='ltr'><strong>cmlestium</strong></span> <span class='ocrx_word' id='word_1_494' title='bbox 1007 2626 1091 2653; x_wconf 89' lang='lat' dir='ltr'><strong>ratio-</strong></span> 
     </span>
    </p>
   </div>
   <div class='ocr_carea' id='block_1_71' title="bbox 264 2672 1091 2708">
    <p class='ocr_par' dir='ltr' id='par_1_71' title="bbox 264 2672 1091 2708">
     <span class='ocr_line' id='line_1_71' title="bbox 264 2672 1091 2708; baseline 0.002 -11"><span class='ocrx_word' id='word_1_495' title='bbox 264 2698 268 2700; x_wconf 17' lang='lat'><strong>,</strong></span> <span class='ocrx_word' id='word_1_496' title='bbox 307 2677 356 2698; x_wconf 88' lang='lat' dir='ltr'><strong>nes</strong></span> <span class='ocrx_word' id='word_1_497' title='bbox 380 2673 553 2700; x_wconf 70' lang='lat' dir='ltr'><strong>astronomiae</strong></span> <span class='ocrx_word' id='word_1_498' title='bbox 576 2672 602 2699; x_wconf 89' lang='lat' dir='ltr'><strong>vi</strong></span> <span class='ocrx_word' id='word_1_499' title='bbox 630 2672 792 2704; x_wconf 83' lang='lat' dir='ltr'><strong>enucleans,</strong></span> <span class='ocrx_word' id='word_1_500' title='bbox 815 2677 955 2708; x_wconf 88' lang='lat' dir='ltr'><strong>totamque</strong></span> <span class='ocrx_word' id='word_1_501' title='bbox 979 2672 1091 2700; x_wconf 91' lang='lat' dir='ltr'><strong>omnino</strong></span> 
     </span>
    </p>
   </div>
   <div class='ocr_carea' id='block_1_72' title="bbox 343 2724 668 2760">
    <p class='ocr_par' dir='ltr' id='par_1_72' title="bbox 343 2724 668 2760">
     <span class='ocr_line' id='line_1_72' title="bbox 343 2724 668 2760; baseline 0.003 -7"><span class='ocrx_word' id='word_1_502' title='bbox 343 2727 365 2742; x_wconf 93' lang='lat'><strong>&quot;°</strong></span> <span class='ocrx_word' id='word_1_503' title='bbox 381 2724 482 2754; x_wconf 88' lang='lat' dir='ltr'><strong>Thren.</strong></span> <span class='ocrx_word' id='word_1_504' title='bbox 500 2735 542 2759; x_wconf 89' lang='lat' dir='ltr'><strong>Ill,</strong></span> <span class='ocrx_word' id='word_1_505' title='bbox 561 2728 607 2760; x_wconf 78' lang='grc'><strong>27,</strong></span> <span class='ocrx_word' id='word_1_506' title='bbox 623 2727 668 2755; x_wconf 73' lang='lat'><strong>28.</strong></span> 
     </span>
    </p>
   </div>
   <div class='ocr_carea' id='block_1_73' title="bbox 344 2770 1086 2808">
    <p class='ocr_par' dir='ltr' id='par_1_73' title="bbox 344 2770 1086 2808">
     <span class='ocr_line' id='line_1_73' title="bbox 344 2770 1086 2808; baseline -0.004 -8"><span class='ocrx_word' id='word_1_507' title='bbox 344 2773 399 2808; x_wconf 68' lang='grc' dir='ltr'>(Π)</span> <span class='ocrx_word' id='word_1_508' title='bbox 408 2773 543 2807; x_wconf 74' lang='grc' dir='ltr'>Λέγωμεν</span> <span class='ocrx_word' id='word_1_509' title='bbox 551 2772 735 2807; x_wconf 64' lang='grc' dir='ltr'><strong>δή,28.ῐ³13ιο</strong></span> <span class='ocrx_word' id='word_1_510' title='bbox 752 2771 779 2799; x_wconf 90' lang='lat' dir='ltr'><strong>in</strong></span> <span class='ocrx_word' id='word_1_511' title='bbox 793 2771 932 2803; x_wconf 77' lang='lat' dir='ltr'><strong>Thewteto.</strong></span> <span class='ocrx_word' id='word_1_512' title='bbox 945 2779 972 2806; x_wconf 89' lang='lat' dir='ltr'><strong>p.</strong></span> <span class='ocrx_word' id='word_1_513' title='bbox 983 2770 1044 2802; x_wconf 73' lang='grc'><strong>127,</strong></span> <span class='ocrx_word' id='word_1_514' title='bbox 1055 2770 1086 2798; x_wconf 85' lang='grc' dir='ltr'><strong>Ε.</strong></span> 
     </span>
    </p>
   </div>
   <div class='ocr_carea' id='block_1_74' title="bbox 309 2807 1031 2845">
    <p class='ocr_par' dir='ltr' id='par_1_74' title="bbox 309 2807 1031 2845">
     <span class='ocr_line' id='line_1_74' title="bbox 309 2807 1031 2845; baseline -0.001 -11"><span class='ocrx_word' id='word_1_515' title='bbox 309 2807 454 2845; x_wconf 38' lang='lat' dir='ltr'><strong>Qu‘iloeus</strong></span> <span class='ocrx_word' id='word_1_516' title='bbox 465 2810 543 2845; x_wconf 79' lang='lat' dir='ltr'><strong>plane</strong></span> <span class='ocrx_word' id='word_1_517' title='bbox 556 2809 668 2845; x_wconf 80' lang='lat' dir='ltr'><strong>insignis</strong></span> <span class='ocrx_word' id='word_1_518' title='bbox 680 2815 706 2835; x_wconf 87' lang='lat' dir='ltr'><strong>et</strong></span> <span class='ocrx_word' id='word_1_519' title='bbox 717 2808 834 2845; x_wconf 51' lang='lat' dir='ltr'><strong>eximius</strong></span> <span class='ocrx_word' id='word_1_520' title='bbox 849 2812 899 2845; x_wconf 76' lang='lat' dir='ltr'><strong>est.</strong></span> <span class='ocrx_word' id='word_1_521' title='bbox 920 2841 925 2845; x_wconf 35' lang='grc' dir='ltr'>ι</span> <span class='ocrx_word' id='word_1_522' title='bbox 1018 2840 1031 2845; x_wconf 79' lang='lat'><strong><em>_</em></strong></span> 
     </span>
    </p>
   </div>
   <div class='ocr_carea' id='block_1_75' title="bbox 345 2841 1086 2879">
    <p class='ocr_par' dir='ltr' id='par_1_75' title="bbox 345 2841 1086 2879">
     <span class='ocr_line' id='line_1_75' title="bbox 345 2841 1086 2879; baseline -0.005 -9"><span class='ocrx_word' id='word_1_523' title='bbox 345 2842 400 2879; x_wconf 63' lang='lat'><strong>(‘8)</strong></span> <span class='ocrx_word' id='word_1_524' title='bbox 421 2841 495 2870; x_wconf 79' lang='grc' dir='ltr'><strong>οὐδὲ</strong></span> <span class='ocrx_word' id='word_1_525' title='bbox 509 2843 580 2877; x_wconf 75' lang='grc' dir='ltr'>ὄναρ</span> <span class='ocrx_word' id='word_1_526' title='bbox 593 2841 747 2879; x_wconf 37' lang='grc' dir='ltr'>πξράττειν,</span> <span class='ocrx_word' id='word_1_527' title='bbox 760 2842 879 2870; x_wconf 79' lang='lat' dir='ltr'><strong>Subaudi</strong></span> <span class='ocrx_word' id='word_1_528' title='bbox 889 2841 934 2879; x_wconf 67' lang='grc' dir='ltr'><strong>¹τά</strong></span> <span class='ocrx_word' id='word_1_529' title='bbox 955 2841 1067 2867; x_wconf 80' lang='grc' dir='ltr'>τοιαῦτα</span> <span class='ocrx_word' id='word_1_530' title='bbox 1078 2861 1086 2871; x_wconf 84' lang='grc'><strong>,</strong></span> 
     </span>
    </p>
   </div>
   <div class='ocr_carea' id='block_1_76' title="bbox 310 2877 1085 2912">
    <p class='ocr_par' dir='ltr' id='par_1_76' title="bbox 310 2877 1085 2912">
     <span class='ocr_line' id='line_1_76' title="bbox 310 2877 1085 2912; baseline -0.005 -7"><span class='ocrx_word' id='word_1_531' title='bbox 310 2877 447 2912; x_wconf 85' lang='lat' dir='ltr'><strong>superiora</strong></span> <span class='ocrx_word' id='word_1_532' title='bbox 463 2879 533 2905; x_wconf 87' lang='lat' dir='ltr'><strong>enitn</strong></span> <span class='ocrx_word' id='word_1_533' title='bbox 552 2879 577 2904; x_wconf 90' lang='lat' dir='ltr'><strong>in</strong></span> <span class='ocrx_word' id='word_1_534' title='bbox 594 2878 750 2905; x_wconf 86' lang='lat' dir='ltr'><strong>nominandi</strong></span> <span class='ocrx_word' id='word_1_535' title='bbox 773 2885 837 2904; x_wconf 77' lang='lat' dir='ltr'><strong>casu</strong></span> <span class='ocrx_word' id='word_1_536' title='bbox 848 2897 855 2908; x_wconf 88' lang='lat'><strong>,</strong></span> <span class='ocrx_word' id='word_1_537' title='bbox 881 2877 970 2912; x_wconf 74' lang='lat' dir='ltr'><strong>Attico</strong></span> <span class='ocrx_word' id='word_1_538' title='bbox 983 2883 1085 2912; x_wconf 3' lang='lat' dir='ltr'><strong>putore,</strong></span> 
     </span>
    </p>
   </div>
   <div class='ocr_carea' id='block_1_77' title="bbox 311 2911 1086 2948">
    <p class='ocr_par' dir='ltr' id='par_1_77' title="bbox 311 2911 1086 2948">
     <span class='ocr_line' id='line_1_77' title="bbox 311 2911 1086 2948; baseline -0.004 -8"><span class='ocrx_word' id='word_1_539' title='bbox 311 2911 436 2947; x_wconf 67' lang='lat' dir='ltr'><strong>pendent.</strong></span> <span class='ocrx_word' id='word_1_540' title='bbox 459 2913 496 2941; x_wconf 82' lang='lat' dir='ltr'><strong>Ita</strong></span> <span class='ocrx_word' id='word_1_541' title='bbox 521 2914 600 2941; x_wconf 85' lang='lat' dir='ltr'><strong>etiam</strong></span> <span class='ocrx_word' id='word_1_542' title='bbox 618 2914 696 2948; x_wconf 74' lang='lat' dir='ltr'><strong>vulgo</strong></span> <span class='ocrx_word' id='word_1_543' title='bbox 712 2913 862 2941; x_wconf 87' lang='lat' dir='ltr'><strong>diceremus</strong></span> <span class='ocrx_word' id='word_1_544' title='bbox 874 2932 880 2944; x_wconf 94' lang='lat'><strong>,</strong></span> <span class='ocrx_word' id='word_1_545' title='bbox 909 2911 962 2939; x_wconf 81' lang='lat' dir='ltr'><strong>Car</strong></span> <span class='ocrx_word' id='word_1_546' title='bbox 979 2911 1014 2938; x_wconf 79' lang='lat' dir='ltr'><strong>tcs</strong></span> <span class='ocrx_word' id='word_1_547' title='bbox 1033 2911 1086 2937; x_wconf 61' lang='grc' dir='ltr'>ἁνία</span> 
     </span>
    </p>
   </div>
   <div class='ocr_carea' id='block_1_78' title="bbox 1470 973 1630 1008">
    <p class='ocr_par' dir='ltr' id='par_1_78' title="bbox 1470 973 1630 1008">
     <span class='ocr_line' id='line_1_78' title="bbox 1470 973 1630 1008; baseline 0.006 -9"><span class='ocrx_word' id='word_1_548' title='bbox 1470 973 1630 1008; x_wconf 82' lang='grc' dir='ltr'><strong>Θεαιτήτου.</strong></span> 
     </span>
    </p>
   </div>
   <div class='ocr_carea' id='block_1_79' title="bbox 1183 1018 1938 1056">
    <p class='ocr_par' dir='ltr' id='par_1_79' title="bbox 1183 1018 1938 1056">
     <span class='ocr_line' id='line_1_79' title="bbox 1183 1018 1938 1056; baseline 0.003 -11"><span class='ocrx_word' id='word_1_549' title='bbox 1183 1019 1239 1054; x_wconf 82' lang='grc' dir='ltr'>Τῆς</span> <span class='ocrx_word' id='word_1_550' title='bbox 1265 1019 1331 1055; x_wconf 78' lang='grc' dir='ltr'>παρ’</span> <span class='ocrx_word' id='word_1_551' title='bbox 1371 1018 1508 1055; x_wconf 76' lang='grc' dir='ltr'>Ἑϐραίοις</span> <span class='ocrx_word' id='word_1_552' title='bbox 1537 1019 1647 1054; x_wconf 74' lang='grc' dir='ltr'>γραφῆς</span> <span class='ocrx_word' id='word_1_553' title='bbox 1671 1020 1736 1055; x_wconf 82' lang='grc' dir='ltr'>περὶ</span> <span class='ocrx_word' id='word_1_554' title='bbox 1762 1019 1809 1046; x_wconf 82' lang='grc' dir='ltr'>τοῦ</span> <span class='ocrx_word' id='word_1_555' title='bbox 1836 1021 1938 1056; x_wconf 75' lang='grc' dir='ltr'>σπουδῇ</span> 
     </span>
    </p>
   </div>
   <div class='ocr_carea' id='block_1_80' title="bbox 1146 1064 1939 1103">
    <p class='ocr_par' dir='ltr' id='par_1_80' title="bbox 1146 1064 1939 1103">
     <span class='ocr_line' id='line_1_80' title="bbox 1146 1064 1939 1103; baseline 0.003 -12"><span class='ocrx_word' id='word_1_556' title='bbox 1146 1064 1355 1100; x_wconf 75' lang='grc' dir='ltr'>φιλοσοφοῦντος</span> <span class='ocrx_word' id='word_1_557' title='bbox 1368 1064 1537 1100; x_wconf 81' lang='grc' dir='ltr'>φασκούσης,</span> <span class='ocrx_word' id='word_1_558' title='bbox 1553 1075 1561 1090; x_wconf 80' lang='grc'><strong>1</strong></span> <span class='ocrx_word' id='word_1_559' title='bbox 1582 1064 1695 1099; x_wconf 81' lang='grc' dir='ltr'>Ἀγαθὸν</span> <span class='ocrx_word' id='word_1_560' title='bbox 1708 1065 1795 1101; x_wconf 69' lang='grc' dir='ltr'>ἀνδρὶ,</span> <span class='ocrx_word' id='word_1_561' title='bbox 1808 1066 1874 1092; x_wconf 80' lang='grc' dir='ltr'>ὅταν</span> <span class='ocrx_word' id='word_1_562' title='bbox 1885 1067 1939 1103; x_wconf 77' lang='grc' dir='ltr'>ἄρῃ</span> 
     </span>
    </p>
   </div>
   <div class='ocr_carea' id='block_1_81' title="bbox 1146 1110 1937 1147">
    <p class='ocr_par' dir='ltr' id='par_1_81' title="bbox 1146 1110 1937 1147">
     <span class='ocr_line' id='line_1_81' title="bbox 1146 1110 1937 1147; baseline 0.004 -11"><span class='ocrx_word' id='word_1_563' title='bbox 1146 1110 1229 1145; x_wconf 78' lang='grc' dir='ltr'>ζυγὸν</span> <span class='ocrx_word' id='word_1_564' title='bbox 1254 1112 1286 1137; x_wconf 82' lang='grc' dir='ltr'>ὲκ</span> <span class='ocrx_word' id='word_1_565' title='bbox 1316 1110 1444 1145; x_wconf 84' lang='grc' dir='ltr'>νεότητος</span> <span class='ocrx_word' id='word_1_566' title='bbox 1462 1110 1559 1137; x_wconf 77' lang='grc' dir='ltr'>αὐτοῦ’</span> <span class='ocrx_word' id='word_1_567' title='bbox 1593 1111 1741 1147; x_wconf 80' lang='grc' dir='ltr'>καθήσεται</span> <span class='ocrx_word' id='word_1_568' title='bbox 1770 1113 1937 1147; x_wconf 83' lang='grc' dir='ltr'>καταμόνας,</span> 
     </span>
    </p>
   </div>
   <div class='ocr_carea' id='block_1_82' title="bbox 1145 1154 1938 1194">
    <p class='ocr_par' dir='ltr' id='par_1_82' title="bbox 1145 1154 1938 1194">
     <span class='ocr_line' id='line_1_82' title="bbox 1145 1154 1938 1194; baseline 0.004 -12"><span class='ocrx_word' id='word_1_569' title='bbox 1145 1156 1193 1183; x_wconf 76' lang='grc' dir='ltr'>καὶ</span> <span class='ocrx_word' id='word_1_570' title='bbox 1208 1156 1385 1191; x_wconf 82' lang='grc' dir='ltr'><strong>σιωπήσεται,</strong></span> <span class='ocrx_word' id='word_1_571' title='bbox 1402 1156 1443 1183; x_wconf 83' lang='grc' dir='ltr'><strong>ὅτι</strong></span> <span class='ocrx_word' id='word_1_572' title='bbox 1466 1154 1534 1192; x_wconf 78' lang='grc' dir='ltr'>ἦρεν</span> <span class='ocrx_word' id='word_1_573' title='bbox 1547 1157 1589 1191; x_wconf 70' lang='grc' dir='ltr'><strong>ἐφ’</strong></span> <span class='ocrx_word' id='word_1_574' title='bbox 1605 1157 1704 1192; x_wconf 79' lang='grc' dir='ltr'>ἑαυτῷ,</span> <span class='ocrx_word' id='word_1_575' title='bbox 1719 1167 1729 1183; x_wconf 77' lang='grc' dir='ltr'><strong>ι</strong></span> <span class='ocrx_word' id='word_1_576' title='bbox 1747 1159 1794 1185; x_wconf 79' lang='grc' dir='ltr'>καὶ</span> <span class='ocrx_word' id='word_1_577' title='bbox 1807 1159 1938 1194; x_wconf 76' lang='grc' dir='ltr'>περὶτῶν</span> 
     </span>
    </p>
   </div>
   <div class='ocr_carea' id='block_1_83' title="bbox 1146 1201 1937 1240">
    <p class='ocr_par' dir='ltr' id='par_1_83' title="bbox 1146 1201 1937 1240">
     <span class='ocr_line' id='line_1_83' title="bbox 1146 1201 1937 1240; baseline 0.004 -12"><span class='ocrx_word' id='word_1_578' title='bbox 1146 1201 1277 1238; x_wconf 82' lang='grc' dir='ltr'>θεοφιλῶν</span> <span class='ocrx_word' id='word_1_579' title='bbox 1293 1202 1450 1237; x_wconf 78' lang='grc' dir='ltr'>προφητῶν,</span> <span class='ocrx_word' id='word_1_580' title='bbox 1465 1202 1502 1234; x_wconf 81' lang='grc' dir='ltr'>ὡς</span> <span class='ocrx_word' id='word_1_581' title='bbox 1511 1202 1565 1238; x_wconf 77' lang='grc' dir='ltr'><strong>ἄρα</strong></span> <span class='ocrx_word' id='word_1_582' title='bbox 1576 1203 1610 1229; x_wconf 86' lang='grc' dir='ltr'>δι’</span> <span class='ocrx_word' id='word_1_583' title='bbox 1624 1203 1762 1239; x_wconf 61' lang='grc' dir='ltr'>ἀκρόητα</span> <span class='ocrx_word' id='word_1_584' title='bbox 1777 1205 1937 1240; x_wconf 79' lang='grc' dir='ltr'>φιλοσοφίας</span> 
     </span>
    </p>
   </div>
   <div class='ocr_carea' id='block_1_84' title="bbox 1145 1248 1938 1287">
    <p class='ocr_par' dir='ltr' id='par_1_84' title="bbox 1145 1248 1938 1287">
     <span class='ocr_line' id='line_1_84' title="bbox 1145 1248 1938 1287; baseline 0.005 -13"><span class='ocrx_word' id='word_1_585' title='bbox 1145 1248 1175 1274; x_wconf 82' lang='grc' dir='ltr'><strong>ὲν</strong></span> <span class='ocrx_word' id='word_1_586' title='bbox 1190 1248 1333 1284; x_wconf 78' lang='grc' dir='ltr'>ἐρημίαις,</span> <span class='ocrx_word' id='word_1_587' title='bbox 1347 1248 1394 1275; x_wconf 81' lang='grc' dir='ltr'><strong>καὶ</strong></span> <span class='ocrx_word' id='word_1_588' title='bbox 1408 1248 1494 1283; x_wconf 70' lang='grc' dir='ltr'>ὄρεσι,</span> <span class='ocrx_word' id='word_1_589' title='bbox 1511 1249 1557 1275; x_wconf 77' lang='grc' dir='ltr'>καὶ</span> <span class='ocrx_word' id='word_1_590' title='bbox 1575 1248 1717 1285; x_wconf 84' lang='grc' dir='ltr'>σπηλαίοις</span> <span class='ocrx_word' id='word_1_591' title='bbox 1733 1250 1837 1285; x_wconf 81' lang='grc' dir='ltr'><strong>διῆγον,</strong></span> <span class='ocrx_word' id='word_1_592' title='bbox 1870 1252 1938 1287; x_wconf 78' lang='grc' dir='ltr'>πρὸς</span> 
     </span>
    </p>
   </div>
   <div class='ocr_carea' id='block_1_85' title="bbox 1147 1294 1936 1330">
    <p class='ocr_par' dir='ltr' id='par_1_85' title="bbox 1147 1294 1936 1330">
     <span class='ocr_line' id='line_1_85' title="bbox 1147 1294 1936 1330; baseline 0.004 -10"><span class='ocrx_word' id='word_1_593' title='bbox 1147 1294 1221 1330; x_wconf 83' lang='grc' dir='ltr'><strong>μόνῳ</strong></span> <span class='ocrx_word' id='word_1_594' title='bbox 1231 1294 1271 1330; x_wconf 82' lang='grc' dir='ltr'><strong>τῷ</strong></span> <span class='ocrx_word' id='word_1_595' title='bbox 1285 1294 1343 1329; x_wconf 88' lang='grc' dir='ltr'><strong>Θεῷ</strong></span> <span class='ocrx_word' id='word_1_596' title='bbox 1355 1294 1404 1330; x_wconf 81' lang='grc' dir='ltr'><strong>τὴν</strong></span> <span class='ocrx_word' id='word_1_597' title='bbox 1431 1294 1551 1321; x_wconf 86' lang='grc' dir='ltr'>διάνοιαν</span> <span class='ocrx_word' id='word_1_598' title='bbox 1569 1294 1677 1330; x_wconf 74' lang='grc' dir='ltr'>ἔχοντες</span> <span class='ocrx_word' id='word_1_599' title='bbox 1689 1304 1696 1310; x_wconf 91' lang='grc'><strong>·</strong></span> <span class='ocrx_word' id='word_1_600' title='bbox 1717 1296 1870 1323; x_wconf 78' lang='grc' dir='ltr'><strong>ἐπάκουσον</strong></span> <span class='ocrx_word' id='word_1_601' title='bbox 1890 1297 1936 1323; x_wconf 75' lang='grc' dir='ltr'>τοῦ</span> 
     </span>
    </p>
   </div>
   <div class='ocr_carea' id='block_1_86' title="bbox 1145 1340 1938 1379">
    <p class='ocr_par' dir='ltr' id='par_1_86' title="bbox 1145 1340 1938 1379">
     <span class='ocr_line' id='line_1_86' title="bbox 1145 1340 1938 1379; baseline 0.004 -13"><span class='ocrx_word' id='word_1_602' title='bbox 1145 1340 1298 1372; x_wconf 84' lang='grc' dir='ltr'>Πλάτωνος,</span> <span class='ocrx_word' id='word_1_603' title='bbox 1314 1341 1388 1371; x_wconf 82' lang='grc' dir='ltr'>ὅπως</span> <span class='ocrx_word' id='word_1_604' title='bbox 1404 1340 1450 1366; x_wconf 81' lang='grc' dir='ltr'>καὶ</span> <span class='ocrx_word' id='word_1_605' title='bbox 1464 1340 1545 1372; x_wconf 78' lang='grc' dir='ltr'>αὐτὸς</span> <span class='ocrx_word' id='word_1_606' title='bbox 1561 1340 1607 1367; x_wconf 81' lang='grc' dir='ltr'>τὸν</span> <span class='ocrx_word' id='word_1_607' title='bbox 1622 1341 1722 1368; x_wconf 85' lang='grc' dir='ltr'>τοιόνδε</span> <span class='ocrx_word' id='word_1_608' title='bbox 1733 1342 1780 1368; x_wconf 79' lang='grc' dir='ltr'>τοῦ</span> <span class='ocrx_word' id='word_1_609' title='bbox 1798 1342 1856 1377; x_wconf 84' lang='grc' dir='ltr'>βίου</span> <span class='ocrx_word' id='word_1_610' title='bbox 1876 1344 1938 1379; x_wconf 84' lang='grc' dir='ltr'>τρό-</span> 
     </span>
    </p>
   </div>
   <div class='ocr_carea' id='block_1_87' title="bbox 1145 1382 1937 1423">
    <p class='ocr_par' dir='ltr' id='par_1_87' title="bbox 1145 1382 1937 1423">
     <span class='ocr_line' id='line_1_87' title="bbox 1145 1382 1937 1423; baseline 0.004 -11"><span class='ocrx_word' id='word_1_611' title='bbox 1145 1394 1195 1412; x_wconf 88' lang='grc' dir='ltr'><strong>πον</strong></span> <span class='ocrx_word' id='word_1_612' title='bbox 1207 1385 1351 1418; x_wconf 80' lang='grc' dir='ltr'>ὲκθειάζει,</span> <span class='ocrx_word' id='word_1_613' title='bbox 1365 1382 1416 1412; x_wconf 83' lang='grc' dir='ltr'>ὧδέ</span> <span class='ocrx_word' id='word_1_614' title='bbox 1431 1393 1469 1421; x_wconf 86' lang='grc' dir='ltr'><strong>πη</strong></span> <span class='ocrx_word' id='word_1_615' title='bbox 1482 1386 1545 1422; x_wconf 80' lang='grc' dir='ltr'>περὶ</span> <span class='ocrx_word' id='word_1_616' title='bbox 1558 1386 1605 1412; x_wconf 83' lang='grc' dir='ltr'>τοῦ</span> <span class='ocrx_word' id='word_1_617' title='bbox 1624 1387 1716 1423; x_wconf 79' lang='grc' dir='ltr'>ἄκρως</span> <span class='ocrx_word' id='word_1_618' title='bbox 1728 1388 1937 1423; x_wconf 73' lang='grc' dir='ltr'>φιλοσοφοῦντος</span> 
     </span>
    </p>
   </div>
   <div class='ocr_carea' id='block_1_88' title="bbox 1143 1431 1935 1469">
    <p class='ocr_par' dir='ltr' id='par_1_88' title="bbox 1143 1431 1935 1469">
     <span class='ocr_line' id='line_1_88' title="bbox 1143 1431 1935 1469; baseline 0.004 -11"><span class='ocrx_word' id='word_1_619' title='bbox 1143 1431 1261 1464; x_wconf 78' lang='grc' dir='ltr'>διεξιών·</span> <span class='ocrx_word' id='word_1_620' title='bbox 1282 1441 1291 1458; x_wconf 88' lang='grc'><strong><em>‹</em></strong></span> <span class='ocrx_word' id='word_1_621' title='bbox 1310 1432 1442 1467; x_wconf 80' lang='grc' dir='ltr'>Λέγωμεν</span> <span class='ocrx_word' id='word_1_622' title='bbox 1455 1432 1487 1467; x_wconf 82' lang='grc' dir='ltr'><strong>δὴ</strong></span> <span class='ocrx_word' id='word_1_623' title='bbox 1503 1432 1571 1467; x_wconf 70' lang='grc'>(47),</span> <span class='ocrx_word' id='word_1_624' title='bbox 1588 1432 1626 1464; x_wconf 82' lang='grc' dir='ltr'>ὡς</span> <span class='ocrx_word' id='word_1_625' title='bbox 1645 1433 1750 1466; x_wconf 78' lang='grc' dir='ltr'>ἔοικεν,</span> <span class='ocrx_word' id='word_1_626' title='bbox 1768 1434 1828 1460; x_wconf 73' lang='grc' dir='ltr'>ἐπεί</span> <span class='ocrx_word' id='word_1_627' title='bbox 1847 1434 1889 1461; x_wconf 90' lang='grc' dir='ltr'><strong>σοί</strong></span> <span class='ocrx_word' id='word_1_628' title='bbox 1903 1443 1935 1469; x_wconf 90' lang='grc' dir='ltr'><strong>γε</strong></span> 
     </span>
    </p>
   </div>
   <div class='ocr_carea' id='block_1_89' title="bbox 1144 1476 1935 1514">
    <p class='ocr_par' dir='ltr' id='par_1_89' title="bbox 1144 1476 1935 1514">
     <span class='ocr_line' id='line_1_89' title="bbox 1144 1476 1935 1514; baseline 0.003 -11"><span class='ocrx_word' id='word_1_629' title='bbox 1144 1477 1227 1508; x_wconf 81' lang='grc' dir='ltr'>δοκεῖ,</span> <span class='ocrx_word' id='word_1_630' title='bbox 1243 1478 1307 1513; x_wconf 77' lang='grc' dir='ltr'>περὶ</span> <span class='ocrx_word' id='word_1_631' title='bbox 1320 1476 1375 1503; x_wconf 86' lang='grc' dir='ltr'><strong>τῶν</strong></span> <span class='ocrx_word' id='word_1_632' title='bbox 1390 1476 1546 1512; x_wconf 79' lang='grc' dir='ltr'>κορυφαίων</span> <span class='ocrx_word' id='word_1_633' title='bbox 1558 1485 1565 1492; x_wconf 87' lang='grc'>·</span> <span class='ocrx_word' id='word_1_634' title='bbox 1579 1477 1622 1512; x_wconf 82' lang='grc' dir='ltr'>(τί</span> <span class='ocrx_word' id='word_1_635' title='bbox 1634 1478 1688 1514; x_wconf 77' lang='grc' dir='ltr'>γὰρ</span> <span class='ocrx_word' id='word_1_636' title='bbox 1706 1478 1738 1505; x_wconf 73' lang='grc' dir='ltr'><strong>ἄν</strong></span> <span class='ocrx_word' id='word_1_637' title='bbox 1763 1487 1806 1510; x_wconf 83' lang='grc' dir='ltr'><strong>τις</strong></span> <span class='ocrx_word' id='word_1_638' title='bbox 1823 1478 1888 1511; x_wconf 76' lang='grc' dir='ltr'>τούς</span> <span class='ocrx_word' id='word_1_639' title='bbox 1903 1488 1935 1514; x_wconf 81' lang='grc' dir='ltr'><strong>γε</strong></span> 
     </span>
    </p>
   </div>
   <div class='ocr_carea' id='block_1_90' title="bbox 1145 1521 1934 1559">
    <p class='ocr_par' dir='ltr' id='par_1_90' title="bbox 1145 1521 1934 1559">
     <span class='ocr_line' id='line_1_90' title="bbox 1145 1521 1934 1559; baseline 0.003 -10"><span class='ocrx_word' id='word_1_640' title='bbox 1145 1523 1252 1558; x_wconf 79' lang='grc' dir='ltr'>φαύλως</span> <span class='ocrx_word' id='word_1_641' title='bbox 1263 1523 1450 1559; x_wconf 78' lang='grc' dir='ltr'>διατρίϐοντας</span> <span class='ocrx_word' id='word_1_642' title='bbox 1465 1524 1494 1549; x_wconf 84' lang='grc' dir='ltr'>ὲν</span> <span class='ocrx_word' id='word_1_643' title='bbox 1507 1522 1652 1559; x_wconf 70' lang='grc' dir='ltr'>φιλοσοφίᾳ</span> <span class='ocrx_word' id='word_1_644' title='bbox 1675 1524 1748 1558; x_wconf 82' lang='grc' dir='ltr'>λέγοι</span> <span class='ocrx_word' id='word_1_645' title='bbox 1759 1532 1765 1556; x_wconf 91' lang='lat'>;</span> <span class='ocrx_word' id='word_1_646' title='bbox 1778 1524 1786 1559; x_wconf 91' lang='lat'>)</span> <span class='ocrx_word' id='word_1_647' title='bbox 1811 1521 1886 1550; x_wconf 73' lang='grc' dir='ltr'>οὗτοι</span> <span class='ocrx_word' id='word_1_648' title='bbox 1906 1524 1934 1551; x_wconf 84' lang='grc' dir='ltr'><em>δέ</em></span> 
     </span>
    </p>
   </div>
   <div class='ocr_carea' id='block_1_91' title="bbox 1145 1569 1934 1607">
    <p class='ocr_par' dir='ltr' id='par_1_91' title="bbox 1145 1569 1934 1607">
     <span class='ocr_line' id='line_1_91' title="bbox 1145 1569 1934 1607; baseline 0.001 -11"><span class='ocrx_word' id='word_1_649' title='bbox 1145 1578 1195 1596; x_wconf 82' lang='grc' dir='ltr'><strong>που</strong></span> <span class='ocrx_word' id='word_1_650' title='bbox 1215 1570 1247 1596; x_wconf 80' lang='grc' dir='ltr'>ὲκ</span> <span class='ocrx_word' id='word_1_651' title='bbox 1271 1569 1338 1596; x_wconf 88' lang='grc' dir='ltr'>νέων</span> <span class='ocrx_word' id='word_1_652' title='bbox 1362 1569 1470 1605; x_wconf 83' lang='grc' dir='ltr'>πρῶτον</span> <span class='ocrx_word' id='word_1_653' title='bbox 1486 1569 1535 1605; x_wconf 77' lang='grc' dir='ltr'><strong>μὲν</strong></span> <span class='ocrx_word' id='word_1_654' title='bbox 1551 1569 1590 1601; x_wconf 78' lang='grc' dir='ltr'><strong>είς</strong></span> <span class='ocrx_word' id='word_1_655' title='bbox 1615 1569 1719 1606; x_wconf 87' lang='grc' dir='ltr'>άγορὰν</span> <span class='ocrx_word' id='word_1_656' title='bbox 1732 1570 1782 1596; x_wconf 83' lang='grc' dir='ltr'>οὐκ</span> <span class='ocrx_word' id='word_1_657' title='bbox 1797 1570 1871 1597; x_wconf 78' lang='grc' dir='ltr'>ἴσασι</span> <span class='ocrx_word' id='word_1_658' title='bbox 1884 1571 1934 1607; x_wconf 77' lang='grc' dir='ltr'>τὴν</span> 
     </span>
    </p>
   </div>
   <div class='ocr_carea' id='block_1_92' title="bbox 1145 1615 1935 1652">
    <p class='ocr_par' dir='ltr' id='par_1_92' title="bbox 1145 1615 1935 1652">
     <span class='ocr_line' id='line_1_92' title="bbox 1145 1615 1935 1652; baseline 0.001 -10"><span class='ocrx_word' id='word_1_659' title='bbox 1145 1615 1214 1648; x_wconf 82' lang='grc' dir='ltr'>ὁδὸν,</span> <span class='ocrx_word' id='word_1_660' title='bbox 1240 1615 1299 1642; x_wconf 76' lang='grc' dir='ltr'>οὐδὲ</span> <span class='ocrx_word' id='word_1_661' title='bbox 1328 1616 1394 1642; x_wconf 84' lang='grc' dir='ltr'>ὅπου</span> <span class='ocrx_word' id='word_1_662' title='bbox 1414 1615 1597 1650; x_wconf 69' lang='grc' dir='ltr'>δικαστήριον,</span> <span class='ocrx_word' id='word_1_663' title='bbox 1621 1615 1853 1652; x_wconf 81' lang='grc' dir='ltr'>ἢβουλευτήριον,</span> <span class='ocrx_word' id='word_1_664' title='bbox 1875 1617 1891 1652; x_wconf 76' lang='grc' dir='ltr'><strong>ἧ</strong></span> <span class='ocrx_word' id='word_1_665' title='bbox 1909 1625 1935 1644; x_wconf 88' lang='grc' dir='ltr'><strong>τι</strong></span> 
     </span>
    </p>
   </div>
   <div class='ocr_carea' id='block_1_93' title="bbox 1146 1661 1936 1697">
    <p class='ocr_par' dir='ltr' id='par_1_93' title="bbox 1146 1661 1936 1697">
     <span class='ocr_line' id='line_1_93' title="bbox 1146 1661 1936 1697; baseline 0.001 -9"><span class='ocrx_word' id='word_1_666' title='bbox 1146 1661 1232 1688; x_wconf 72' lang='grc' dir='ltr'>κοινὸν</span> <span class='ocrx_word' id='word_1_667' title='bbox 1257 1661 1321 1688; x_wconf 83' lang='grc' dir='ltr'>ἄλλο</span> <span class='ocrx_word' id='word_1_668' title='bbox 1335 1661 1384 1696; x_wconf 83' lang='grc' dir='ltr'><strong>τῆς</strong></span> <span class='ocrx_word' id='word_1_669' title='bbox 1400 1661 1504 1693; x_wconf 81' lang='grc' dir='ltr'>πόλεως</span> <span class='ocrx_word' id='word_1_670' title='bbox 1528 1661 1679 1697; x_wconf 80' lang='grc' dir='ltr'>συνέδριον·</span> <span class='ocrx_word' id='word_1_671' title='bbox 1709 1661 1810 1697; x_wconf 84' lang='grc' dir='ltr'>νόμους</span> <span class='ocrx_word' id='word_1_672' title='bbox 1833 1662 1862 1688; x_wconf 85' lang='grc' dir='ltr'>δὲ</span> <span class='ocrx_word' id='word_1_673' title='bbox 1887 1663 1936 1689; x_wconf 74' lang='grc' dir='ltr'><strong>καὶ</strong></span> 
     </span>
    </p>
   </div>
   <div class='ocr_carea' id='block_1_94' title="bbox 1145 1707 1934 1743">
    <p class='ocr_par' dir='ltr' id='par_1_94' title="bbox 1145 1707 1934 1743">
     <span class='ocr_line' id='line_1_94' title="bbox 1145 1707 1934 1743; baseline 0.001 -10"><span class='ocrx_word' id='word_1_674' title='bbox 1145 1707 1305 1743; x_wconf 82' lang='grc' dir='ltr'>ψηφίσματα</span> <span class='ocrx_word' id='word_1_675' title='bbox 1335 1707 1480 1742; x_wconf 75' lang='grc' dir='ltr'>λεγόμενα,</span> <span class='ocrx_word' id='word_1_676' title='bbox 1499 1707 1516 1743; x_wconf 84' lang='grc' dir='ltr'>ἢ</span> <span class='ocrx_word' id='word_1_677' title='bbox 1538 1707 1783 1743; x_wconf 63' lang='grc' dir='ltr'>γεγραμμέναοῖὠ*</span> <span class='ocrx_word' id='word_1_678' title='bbox 1813 1707 1934 1743; x_wconf 79' lang='grc' dir='ltr'>ὁρῶσιν,</span> 
     </span>
    </p>
   </div>
   <div class='ocr_carea' id='block_1_95' title="bbox 1145 1752 1934 1789">
    <p class='ocr_par' dir='ltr' id='par_1_95' title="bbox 1145 1752 1934 1789">
     <span class='ocr_line' id='line_1_95' title="bbox 1145 1752 1934 1789; baseline 0 -9"><span class='ocrx_word' id='word_1_679' title='bbox 1145 1753 1200 1780; x_wconf 78' lang='grc' dir='ltr'>οὔτ’</span> <span class='ocrx_word' id='word_1_680' title='bbox 1217 1753 1357 1780; x_wconf 80' lang='grc' dir='ltr'>ἀκούουσι.</span> <span class='ocrx_word' id='word_1_681' title='bbox 1379 1753 1497 1780; x_wconf 78' lang='grc' dir='ltr'>Σπουδαὶ</span> <span class='ocrx_word' id='word_1_682' title='bbox 1515 1753 1543 1779; x_wconf 75' lang='grc' dir='ltr'>δὲ</span> <span class='ocrx_word' id='word_1_683' title='bbox 1563 1752 1690 1789; x_wconf 80' lang='grc' dir='ltr'>ἑταιριῶν</span> <span class='ocrx_word' id='word_1_684' title='bbox 1707 1753 1750 1779; x_wconf 79' lang='grc' dir='ltr'>ἐπ’</span> <span class='ocrx_word' id='word_1_685' title='bbox 1766 1753 1864 1788; x_wconf 82' lang='grc' dir='ltr'>ἀρχὰς,</span> <span class='ocrx_word' id='word_1_686' title='bbox 1886 1754 1934 1780; x_wconf 73' lang='grc' dir='ltr'><strong>καὶ</strong></span> 
     </span>
    </p>
   </div>
   <div class='ocr_carea' id='block_1_96' title="bbox 1147 1799 1933 1834">
    <p class='ocr_par' dir='ltr' id='par_1_96' title="bbox 1147 1799 1933 1834">
     <span class='ocr_line' id='line_1_96' title="bbox 1147 1799 1933 1834; baseline 0 -8"><span class='ocrx_word' id='word_1_687' title='bbox 1147 1799 1259 1830; x_wconf 82' lang='grc' dir='ltr'>σύνοδοι,</span> <span class='ocrx_word' id='word_1_688' title='bbox 1271 1800 1318 1826; x_wconf 75' lang='grc' dir='ltr'>καὶ</span> <span class='ocrx_word' id='word_1_689' title='bbox 1327 1800 1432 1832; x_wconf 86' lang='grc' dir='ltr'>δεῖπνα,</span> <span class='ocrx_word' id='word_1_690' title='bbox 1443 1799 1491 1826; x_wconf 77' lang='grc' dir='ltr'><strong>καὶ</strong></span> <span class='ocrx_word' id='word_1_691' title='bbox 1511 1800 1559 1826; x_wconf 79' lang='grc' dir='ltr'>σὺν</span> <span class='ocrx_word' id='word_1_692' title='bbox 1581 1799 1724 1834; x_wconf 77' lang='grc' dir='ltr'>αὐλητρίσι</span> <span class='ocrx_word' id='word_1_693' title='bbox 1747 1799 1846 1834; x_wconf 81' lang='grc' dir='ltr'>κῶμοι,</span> <span class='ocrx_word' id='word_1_694' title='bbox 1873 1799 1933 1826; x_wconf 72' lang='grc' dir='ltr'>οὐδὲ</span> 
     </span>
    </p>
   </div>
   <div class='ocr_carea' id='block_1_97' title="bbox 1144 1843 1934 1882">
    <p class='ocr_par' dir='ltr' id='par_1_97' title="bbox 1144 1843 1934 1882">
     <span class='ocr_line' id='line_1_97' title="bbox 1144 1843 1934 1882; baseline -0.001 -9"><span class='ocrx_word' id='word_1_695' title='bbox 1144 1846 1210 1882; x_wconf 76' lang='grc' dir='ltr'>ὄναρ</span> <span class='ocrx_word' id='word_1_696' title='bbox 1225 1845 1354 1881; x_wconf 76' lang='grc' dir='ltr'>πράττειν</span> <span class='ocrx_word' id='word_1_697' title='bbox 1370 1845 1425 1881; x_wconf 66' lang='lat' dir='ltr'><strong>(l8)</strong></span> <span class='ocrx_word' id='word_1_698' title='bbox 1440 1845 1619 1881; x_wconf 69' lang='grc' dir='ltr'>προσίσταται</span> <span class='ocrx_word' id='word_1_699' title='bbox 1635 1846 1736 1877; x_wconf 82' lang='grc' dir='ltr'>αὐτοῖς.</span> <span class='ocrx_word' id='word_1_700' title='bbox 1756 1843 1792 1871; x_wconf 78' lang='grc' dir='ltr'><strong>Εὖ</strong></span> <span class='ocrx_word' id='word_1_701' title='bbox 1809 1846 1838 1872; x_wconf 82' lang='grc' dir='ltr'><strong>δὲ</strong></span> <span class='ocrx_word' id='word_1_702' title='bbox 1851 1846 1869 1881; x_wconf 83' lang='grc' dir='ltr'>ἢ</span> <span class='ocrx_word' id='word_1_703' title='bbox 1884 1855 1934 1872; x_wconf 76' lang='grc' dir='ltr'>κα-</span> 
     </span>
    </p>
   </div>
   <div class='ocr_carea' id='block_1_98' title="bbox 1144 1891 1933 1927">
    <p class='ocr_par' dir='ltr' id='par_1_98' title="bbox 1144 1891 1933 1927">
     <span class='ocr_line' id='line_1_98' title="bbox 1144 1891 1933 1927; baseline -0.003 -8"><span class='ocrx_word' id='word_1_704' title='bbox 1144 1893 1200 1924; x_wconf 82' lang='grc' dir='ltr'><strong>κῶς</strong></span> <span class='ocrx_word' id='word_1_705' title='bbox 1211 1901 1236 1919; x_wconf 88' lang='grc' dir='ltr'><strong>τι</strong></span> <span class='ocrx_word' id='word_1_706' title='bbox 1248 1892 1358 1926; x_wconf 85' lang='grc' dir='ltr'>γέγονεν</span> <span class='ocrx_word' id='word_1_707' title='bbox 1369 1892 1398 1918; x_wconf 82' lang='grc' dir='ltr'><strong>ὲν</strong></span> <span class='ocrx_word' id='word_1_708' title='bbox 1413 1891 1500 1924; x_wconf 84' lang='grc' dir='ltr'>πόλει,</span> <span class='ocrx_word' id='word_1_709' title='bbox 1520 1891 1535 1926; x_wconf 81' lang='grc' dir='ltr'>ἢ</span> <span class='ocrx_word' id='word_1_710' title='bbox 1548 1891 1574 1918; x_wconf 89' lang='grc' dir='ltr'><strong>τί</strong></span> <span class='ocrx_word' id='word_1_711' title='bbox 1590 1900 1628 1927; x_wconf 83' lang='grc' dir='ltr'>τῳ</span> <span class='ocrx_word' id='word_1_712' title='bbox 1641 1892 1723 1918; x_wconf 78' lang='grc' dir='ltr'>κακόν</span> <span class='ocrx_word' id='word_1_713' title='bbox 1733 1892 1806 1918; x_wconf 77' lang='grc' dir='ltr'>ἐστιν</span> <span class='ocrx_word' id='word_1_714' title='bbox 1824 1891 1857 1918; x_wconf 82' lang='grc' dir='ltr'>ἐκ</span> <span class='ocrx_word' id='word_1_715' title='bbox 1866 1899 1933 1926; x_wconf 78' lang='grc' dir='ltr'>προ-</span> 
     </span>
    </p>
   </div>
   <div class='ocr_carea' id='block_1_99' title="bbox 1143 1937 1933 1973">
    <p class='ocr_par' dir='ltr' id='par_1_99' title="bbox 1143 1937 1933 1973">
     <span class='ocr_line' id='line_1_99' title="bbox 1143 1937 1933 1973; baseline -0.001 -8"><span class='ocrx_word' id='word_1_716' title='bbox 1143 1938 1229 1973; x_wconf 89' lang='grc' dir='ltr'>γόνων</span> <span class='ocrx_word' id='word_1_717' title='bbox 1242 1938 1362 1972; x_wconf 78' lang='grc' dir='ltr'>γεγονὸς,</span> <span class='ocrx_word' id='word_1_718' title='bbox 1374 1937 1391 1973; x_wconf 83' lang='grc' dir='ltr'>ἤ</span> <span class='ocrx_word' id='word_1_719' title='bbox 1404 1937 1471 1972; x_wconf 76' lang='grc' dir='ltr'>πρὸς</span> <span class='ocrx_word' id='word_1_720' title='bbox 1491 1937 1604 1972; x_wconf 83' lang='grc' dir='ltr'>ἀνδρῶν,</span> <span class='ocrx_word' id='word_1_721' title='bbox 1622 1937 1638 1972; x_wconf 84' lang='grc' dir='ltr'>ἢ</span> <span class='ocrx_word' id='word_1_722' title='bbox 1661 1937 1810 1971; x_wconf 70' lang='grc' dir='ltr'>γυναικῶν,</span> <span class='ocrx_word' id='word_1_723' title='bbox 1829 1937 1933 1973; x_wconf 80' lang='grc' dir='ltr'>μᾶλλον</span> 
     </span>
    </p>
   </div>
   <div class='ocr_carea' id='block_1_100' title="bbox 1143 1983 1931 2020">
    <p class='ocr_par' dir='ltr' id='par_1_100' title="bbox 1143 1983 1931 2020">
     <span class='ocr_line' id='line_1_100' title="bbox 1143 1983 1931 2020; baseline -0.001 -8"><span class='ocrx_word' id='word_1_724' title='bbox 1143 1985 1224 2012; x_wconf 75' lang='grc' dir='ltr'>αὑτὸν</span> <span class='ocrx_word' id='word_1_725' title='bbox 1236 1985 1290 2020; x_wconf 76' lang='grc'>(49)</span> <span class='ocrx_word' id='word_1_726' title='bbox 1299 1983 1421 2019; x_wconf 82' lang='grc' dir='ltr'>λέληθεν,</span> <span class='ocrx_word' id='word_1_727' title='bbox 1433 1983 1449 2020; x_wconf 81' lang='grc' dir='ltr'>ἢ</span> <span class='ocrx_word' id='word_1_728' title='bbox 1462 1984 1540 2018; x_wconf 82' lang='grc' dir='ltr'>οἱτῆς</span> <span class='ocrx_word' id='word_1_729' title='bbox 1551 1983 1689 2018; x_wconf 77' lang='grc' dir='ltr'>θαλάσσης</span> <span class='ocrx_word' id='word_1_730' title='bbox 1697 1983 1838 2018; x_wconf 78' lang='grc' dir='ltr'>λεγόμενοι</span> <span class='ocrx_word' id='word_1_731' title='bbox 1858 1984 1931 2018; x_wconf 77' lang='grc' dir='ltr'>χόες.</span> 
     </span>
    </p>
   </div>
   <div class='ocr_carea' id='block_1_101' title="bbox 1143 2027 1934 2065">
    <p class='ocr_par' dir='ltr' id='par_1_101' title="bbox 1143 2027 1934 2065">
     <span class='ocr_line' id='line_1_101' title="bbox 1143 2027 1934 2065; baseline -0.003 -7"><span class='ocrx_word' id='word_1_732' title='bbox 1143 2031 1198 2058; x_wconf 71' lang='grc' dir='ltr'>Καὶ</span> <span class='ocrx_word' id='word_1_733' title='bbox 1217 2030 1303 2057; x_wconf 80' lang='grc' dir='ltr'>ταῦτα</span> <span class='ocrx_word' id='word_1_734' title='bbox 1322 2030 1410 2057; x_wconf 88' lang='grc' dir='ltr'>πάντα</span> <span class='ocrx_word' id='word_1_735' title='bbox 1423 2029 1475 2056; x_wconf 75' lang='grc' dir='ltr'>οὐδ’</span> <span class='ocrx_word' id='word_1_736' title='bbox 1493 2030 1533 2056; x_wconf 81' lang='grc' dir='ltr'>ὅτι</span> <span class='ocrx_word' id='word_1_737' title='bbox 1545 2029 1594 2055; x_wconf 83' lang='grc' dir='ltr'>οὐκ</span> <span class='ocrx_word' id='word_1_738' title='bbox 1606 2027 1684 2061; x_wconf 79' lang='grc' dir='ltr'>οἶδεν,</span> <span class='ocrx_word' id='word_1_739' title='bbox 1701 2027 1781 2056; x_wconf 79' lang='grc' dir='ltr'>οἶδεν.</span> <span class='ocrx_word' id='word_1_740' title='bbox 1801 2029 1870 2056; x_wconf 69' lang='grc' dir='ltr'><strong>Οὐδὲ</strong></span> <span class='ocrx_word' id='word_1_741' title='bbox 1878 2029 1934 2065; x_wconf 69' lang='grc' dir='ltr'>γὰρ</span> 
     </span>
    </p>
   </div>
   <div class='ocr_carea' id='block_1_102' title="bbox 1143 2074 1932 2111">
    <p class='ocr_par' dir='ltr' id='par_1_102' title="bbox 1143 2074 1932 2111">
     <span class='ocr_line' id='line_1_102' title="bbox 1143 2074 1932 2111; baseline -0.001 -8"><span class='ocrx_word' id='word_1_742' title='bbox 1143 2076 1232 2103; x_wconf 78' lang='grc' dir='ltr'>αὐτῶν</span> <span class='ocrx_word' id='word_1_743' title='bbox 1247 2075 1378 2111; x_wconf 77' lang='grc' dir='ltr'>ἀπέχεται</span> <span class='ocrx_word' id='word_1_744' title='bbox 1396 2074 1442 2101; x_wconf 81' lang='grc' dir='ltr'>τοῦ</span> <span class='ocrx_word' id='word_1_745' title='bbox 1458 2074 1610 2110; x_wconf 81' lang='grc' dir='ltr'>εὐδοκιμεῖν</span> <span class='ocrx_word' id='word_1_746' title='bbox 1622 2075 1719 2109; x_wconf 85' lang='grc' dir='ltr'>χάριν·</span> <span class='ocrx_word' id='word_1_747' title='bbox 1736 2074 1803 2101; x_wconf 82' lang='grc' dir='ltr'>ἀλλὰ</span> <span class='ocrx_word' id='word_1_748' title='bbox 1820 2075 1860 2109; x_wconf 80' lang='grc' dir='ltr'>τῷ</span> <span class='ocrx_word' id='word_1_749' title='bbox 1875 2075 1932 2102; x_wconf 72' lang='lat' dir='ltr'><strong>lim</strong></span> 
     </span>
    </p>
   </div>
   <div class='ocr_carea' id='block_1_103' title="bbox 1142 2120 1932 2158">
    <p class='ocr_par' dir='ltr' id='par_1_103' title="bbox 1142 2120 1932 2158">
     <span class='ocr_line' id='line_1_103' title="bbox 1142 2120 1932 2158; baseline -0.005 -8"><span class='ocrx_word' id='word_1_750' title='bbox 1142 2123 1172 2150; x_wconf 81' lang='grc' dir='ltr'>τὸ</span> <span class='ocrx_word' id='word_1_751' title='bbox 1188 2122 1268 2158; x_wconf 78' lang='grc' dir='ltr'>σῶμα</span> <span class='ocrx_word' id='word_1_752' title='bbox 1285 2122 1364 2157; x_wconf 87' lang='grc' dir='ltr'>μόνον</span> <span class='ocrx_word' id='word_1_753' title='bbox 1379 2122 1408 2148; x_wconf 81' lang='grc' dir='ltr'><strong>ὲν</strong></span> <span class='ocrx_word' id='word_1_754' title='bbox 1420 2122 1453 2156; x_wconf 86' lang='grc' dir='ltr'>τῇ</span> <span class='ocrx_word' id='word_1_755' title='bbox 1469 2121 1544 2147; x_wconf 75' lang='grc' dir='ltr'>πόλει</span> <span class='ocrx_word' id='word_1_756' title='bbox 1560 2122 1646 2147; x_wconf 86' lang='grc' dir='ltr'>κεῖται</span> <span class='ocrx_word' id='word_1_757' title='bbox 1659 2120 1752 2152; x_wconf 76' lang='grc' dir='ltr'>αὑτοῦ,</span> <span class='ocrx_word' id='word_1_758' title='bbox 1770 2121 1817 2147; x_wconf 81' lang='grc' dir='ltr'>καὶ</span> <span class='ocrx_word' id='word_1_759' title='bbox 1837 2121 1932 2155; x_wconf 74' lang='grc' dir='ltr'>ἐπιδη-</span> 
     </span>
    </p>
   </div>
   <div class='ocr_carea' id='block_1_104' title="bbox 1144 2166 1930 2204">
    <p class='ocr_par' dir='ltr' id='par_1_104' title="bbox 1144 2166 1930 2204">
     <span class='ocr_line' id='line_1_104' title="bbox 1144 2166 1930 2204; baseline -0.003 -9"><span class='ocrx_word' id='word_1_760' title='bbox 1144 2170 1204 2204; x_wconf 81' lang='grc' dir='ltr'>μεῖ·</span> <span class='ocrx_word' id='word_1_761' title='bbox 1224 2170 1240 2204; x_wconf 85' lang='grc' dir='ltr'>ὴ</span> <span class='ocrx_word' id='word_1_762' title='bbox 1257 2168 1286 2194; x_wconf 84' lang='grc' dir='ltr'><strong>δὲ</strong></span> <span class='ocrx_word' id='word_1_763' title='bbox 1302 2167 1415 2199; x_wconf 75' lang='grc' dir='ltr'>διάνοια,</span> <span class='ocrx_word' id='word_1_764' title='bbox 1426 2167 1511 2194; x_wconf 75' lang='grc' dir='ltr'>ταῦτα</span> <span class='ocrx_word' id='word_1_765' title='bbox 1527 2166 1617 2193; x_wconf 78' lang='grc' dir='ltr'>πάντα</span> <span class='ocrx_word' id='word_1_766' title='bbox 1628 2166 1790 2202; x_wconf 80' lang='grc' dir='ltr'>ἡγησαμένη</span> <span class='ocrx_word' id='word_1_767' title='bbox 1814 2167 1930 2202; x_wconf 77' lang='grc' dir='ltr'>σμικρὰ,</span> 
     </span>
    </p>
   </div>
   <div class='ocr_carea' id='block_1_105' title="bbox 1142 2211 1932 2247">
    <p class='ocr_par' dir='ltr' id='par_1_105' title="bbox 1142 2211 1932 2247">
     <span class='ocr_line' id='line_1_105' title="bbox 1142 2211 1932 2247; baseline -0.004 -7"><span class='ocrx_word' id='word_1_768' title='bbox 1142 2213 1189 2240; x_wconf 73' lang='grc' dir='ltr'><strong>καὶ</strong></span> <span class='ocrx_word' id='word_1_769' title='bbox 1204 2212 1281 2239; x_wconf 71' lang='grc' dir='ltr'>οὐδὲν</span> <span class='ocrx_word' id='word_1_770' title='bbox 1293 2212 1460 2247; x_wconf 80' lang='grc' dir='ltr'>ἀτιμάσασα,</span> <span class='ocrx_word' id='word_1_771' title='bbox 1473 2211 1596 2246; x_wconf 83' lang='grc' dir='ltr'>πανταχῆ</span> <span class='ocrx_word' id='word_1_772' title='bbox 1612 2211 1736 2243; x_wconf 84' lang='grc' dir='ltr'>πέταται,</span> <span class='ocrx_word' id='word_1_773' title='bbox 1748 2211 1818 2238; x_wconf 83' lang='grc' dir='ltr'>κατὰ</span> <span class='ocrx_word' id='word_1_774' title='bbox 1836 2212 1932 2238; x_wconf 82' lang='grc' dir='ltr'>Πινδα-</span> 
     </span>
    </p>
   </div>
   <div class='ocr_carea' id='block_1_106' title="bbox 1144 2256 1932 2296">
    <p class='ocr_par' dir='ltr' id='par_1_106' title="bbox 1144 2256 1932 2296">
     <span class='ocr_line' id='line_1_106' title="bbox 1144 2256 1932 2296; baseline -0.003 -11"><span class='ocrx_word' id='word_1_775' title='bbox 1144 2268 1200 2296; x_wconf 86' lang='grc' dir='ltr'>ρον,</span> <span class='ocrx_word' id='word_1_776' title='bbox 1217 2259 1252 2286; x_wconf 89' lang='grc' dir='ltr'><strong>τά</strong></span> <span class='ocrx_word' id='word_1_777' title='bbox 1267 2267 1296 2285; x_wconf 87' lang='grc' dir='ltr'><strong>τε</strong></span> <span class='ocrx_word' id='word_1_778' title='bbox 1316 2259 1368 2293; x_wconf 81' lang='grc' dir='ltr'>γᾶς</span> <span class='ocrx_word' id='word_1_779' title='bbox 1383 2257 1524 2294; x_wconf 80' lang='grc' dir='ltr'>ὑπένερθε,</span> <span class='ocrx_word' id='word_1_780' title='bbox 1545 2257 1592 2284; x_wconf 73' lang='grc' dir='ltr'><strong>καὶ</strong></span> <span class='ocrx_word' id='word_1_781' title='bbox 1606 2256 1640 2283; x_wconf 79' lang='grc' dir='ltr'><strong>τά</strong></span> <span class='ocrx_word' id='word_1_782' title='bbox 1657 2256 1803 2292; x_wconf 80' lang='grc' dir='ltr'>ὲπίπερθεν</span> <span class='ocrx_word' id='word_1_783' title='bbox 1825 2265 1932 2292; x_wconf 83' lang='grc' dir='ltr'>γεωμε-</span> 
     </span>
    </p>
   </div>
   <div class='ocr_carea' id='block_1_107' title="bbox 1141 2302 1931 2341">
    <p class='ocr_par' dir='ltr' id='par_1_107' title="bbox 1141 2302 1931 2341">
     <span class='ocr_line' id='line_1_107' title="bbox 1141 2302 1931 2341; baseline -0.004 -9"><span class='ocrx_word' id='word_1_784' title='bbox 1141 2304 1254 2341; x_wconf 83' lang='grc' dir='ltr'>τροῦσα,</span> <span class='ocrx_word' id='word_1_785' title='bbox 1271 2303 1389 2340; x_wconf 75' lang='grc' dir='ltr'>οὐρανοῦ</span> <span class='ocrx_word' id='word_1_786' title='bbox 1401 2312 1431 2330; x_wconf 88' lang='grc' dir='ltr'><strong>τε</strong></span> <span class='ocrx_word' id='word_1_787' title='bbox 1452 2303 1522 2339; x_wconf 79' lang='grc' dir='ltr'>ὓπερ</span> <span class='ocrx_word' id='word_1_788' title='bbox 1537 2302 1758 2339; x_wconf 81' lang='grc' dir='ltr'>ἀστρονομοῠσα,</span> <span class='ocrx_word' id='word_1_789' title='bbox 1775 2303 1823 2329; x_wconf 79' lang='grc' dir='ltr'>καὶ</span> <span class='ocrx_word' id='word_1_790' title='bbox 1840 2304 1931 2329; x_wconf 82' lang='grc' dir='ltr'>πᾶσαν</span> 
     </span>
    </p>
   </div>
   <div class='ocr_carea' id='block_1_108' title="bbox 1144 2348 1928 2386">
    <p class='ocr_par' dir='ltr' id='par_1_108' title="bbox 1144 2348 1928 2386">
     <span class='ocr_line' id='line_1_108' title="bbox 1144 2348 1928 2386; baseline -0.001 -10"><span class='ocrx_word' id='word_1_791' title='bbox 1144 2350 1230 2386; x_wconf 84' lang='grc' dir='ltr'>πάντη</span> <span class='ocrx_word' id='word_1_792' title='bbox 1246 2349 1325 2384; x_wconf 87' lang='grc' dir='ltr'>φύσιν</span> <span class='ocrx_word' id='word_1_793' title='bbox 1347 2349 1518 2385; x_wconf 77' lang='grc' dir='ltr'>ὲρευνωμὲνη</span> <span class='ocrx_word' id='word_1_794' title='bbox 1535 2348 1589 2375; x_wconf 86' lang='grc' dir='ltr'><strong>τῶν</strong></span> <span class='ocrx_word' id='word_1_795' title='bbox 1614 2348 1698 2375; x_wconf 69' lang='grc' dir='ltr'>ὅντων</span> <span class='ocrx_word' id='word_1_796' title='bbox 1713 2349 1828 2375; x_wconf 78' lang='grc' dir='ltr'>ἑκάστου</span> <span class='ocrx_word' id='word_1_797' title='bbox 1855 2349 1928 2381; x_wconf 83' lang='grc' dir='ltr'>ὅλου,</span> 
     </span>
    </p>
   </div>
   <div class='ocr_carea' id='block_1_109' title="bbox 1142 2393 1930 2430">
    <p class='ocr_par' dir='ltr' id='par_1_109' title="bbox 1142 2393 1930 2430">
     <span class='ocr_line' id='line_1_109' title="bbox 1142 2393 1930 2430; baseline -0.003 -8"><span class='ocrx_word' id='word_1_798' title='bbox 1142 2397 1183 2428; x_wconf 76' lang='grc' dir='ltr'><strong>εἷς</strong></span> <span class='ocrx_word' id='word_1_799' title='bbox 1201 2405 1228 2422; x_wconf 85' lang='grc' dir='ltr'><strong>τι</strong></span> <span class='ocrx_word' id='word_1_800' title='bbox 1242 2396 1295 2423; x_wconf 84' lang='grc' dir='ltr'><strong>τῶν</strong></span> <span class='ocrx_word' id='word_1_801' title='bbox 1314 2396 1397 2430; x_wconf 73' lang='grc' dir='ltr'>ἐγγὺς</span> <span class='ocrx_word' id='word_1_802' title='bbox 1416 2395 1491 2421; x_wconf 83' lang='grc' dir='ltr'>οὐδὲν</span> <span class='ocrx_word' id='word_1_803' title='bbox 1502 2393 1600 2430; x_wconf 76' lang='grc' dir='ltr'>ἑαυτὴν</span> <span class='ocrx_word' id='word_1_804' title='bbox 1612 2393 1799 2428; x_wconf 82' lang='grc' dir='ltr'>συγκαθιεῑσα.</span> <span class='ocrx_word' id='word_1_805' title='bbox 1818 2408 1853 2414; x_wconf 92' lang='grc'><strong><em>-</em></strong></span> <span class='ocrx_word' id='word_1_806' title='bbox 1868 2395 1930 2426; x_wconf 74' lang='grc' dir='ltr'>Πῶς</span> 
     </span>
    </p>
   </div>
   <div class='ocr_carea' id='block_1_110' title="bbox 1142 2438 1929 2477">
    <p class='ocr_par' dir='ltr' id='par_1_110' title="bbox 1142 2438 1929 2477">
     <span class='ocr_line' id='line_1_110' title="bbox 1142 2438 1929 2477; baseline -0.005 -7"><span class='ocrx_word' id='word_1_807' title='bbox 1142 2443 1220 2470; x_wconf 83' lang='grc' dir='ltr'>τοῦτο</span> <span class='ocrx_word' id='word_1_808' title='bbox 1243 2442 1333 2477; x_wconf 77' lang='grc' dir='ltr'>λέγεις</span> <span class='ocrx_word' id='word_1_809' title='bbox 1346 2461 1353 2474; x_wconf 87' lang='grc'><strong>,</strong></span> <span class='ocrx_word' id='word_1_810' title='bbox 1381 2438 1403 2468; x_wconf 86' lang='grc' dir='ltr'>ὧ</span> <span class='ocrx_word' id='word_1_811' title='bbox 1423 2440 1581 2476; x_wconf 84' lang='grc' dir='ltr'>Σώκρατες;</span> <span class='ocrx_word' id='word_1_812' title='bbox 1599 2440 1746 2475; x_wconf 84' lang='grc' dir='ltr'>--Ὦσπερ</span> <span class='ocrx_word' id='word_1_813' title='bbox 1767 2440 1816 2466; x_wconf 75' lang='grc' dir='ltr'>καὶ</span> <span class='ocrx_word' id='word_1_814' title='bbox 1840 2440 1929 2475; x_wconf 83' lang='grc' dir='ltr'>Θαλῆν</span> 
     </span>
    </p>
   </div>
   <div class='ocr_carea' id='block_1_111' title="bbox 1144 2484 1928 2524">
    <p class='ocr_par' dir='ltr' id='par_1_111' title="bbox 1144 2484 1928 2524">
     <span class='ocr_line' id='line_1_111' title="bbox 1144 2484 1928 2524; baseline -0.004 -8"><span class='ocrx_word' id='word_1_815' title='bbox 1144 2487 1372 2524; x_wconf 81' lang='grc' dir='ltr'>άστρονομοῦντα,</span> <span class='ocrx_word' id='word_1_816' title='bbox 1383 2484 1405 2513; x_wconf 79' lang='grc' dir='ltr'>ὧ</span> <span class='ocrx_word' id='word_1_817' title='bbox 1421 2486 1551 2522; x_wconf 78' lang='grc' dir='ltr'>Θεόδωρε,</span> <span class='ocrx_word' id='word_1_818' title='bbox 1574 2486 1621 2512; x_wconf 75' lang='grc' dir='ltr'>καὶ</span> <span class='ocrx_word' id='word_1_819' title='bbox 1637 2485 1693 2513; x_wconf 76' lang='grc' dir='ltr'><strong>ἄνω</strong></span> <span class='ocrx_word' id='word_1_820' title='bbox 1707 2485 1840 2521; x_wconf 83' lang='grc' dir='ltr'>βλέποντα</span> <span class='ocrx_word' id='word_1_821' title='bbox 1850 2506 1857 2518; x_wconf 84' lang='grc'><strong>,</strong></span> <span class='ocrx_word' id='word_1_822' title='bbox 1881 2494 1928 2513; x_wconf 82' lang='grc' dir='ltr'>πε-</span> 
     </span>
    </p>
   </div>
   <div class='ocr_carea' id='block_1_112' title="bbox 1142 2531 1927 2569">
    <p class='ocr_par' dir='ltr' id='par_1_112' title="bbox 1142 2531 1927 2569">
     <span class='ocr_line' id='line_1_112' title="bbox 1142 2531 1927 2569; baseline -0.005 -8"><span class='ocrx_word' id='word_1_823' title='bbox 1142 2534 1223 2561; x_wconf 81' lang='grc' dir='ltr'>σόντα</span> <span class='ocrx_word' id='word_1_824' title='bbox 1242 2535 1282 2566; x_wconf 82' lang='grc' dir='ltr'><strong>εις</strong></span> <span class='ocrx_word' id='word_1_825' title='bbox 1290 2534 1377 2569; x_wconf 80' lang='grc' dir='ltr'>φρέαρ</span> <span class='ocrx_word' id='word_1_826' title='bbox 1391 2532 1500 2569; x_wconf 84' lang='grc' dir='ltr'>Θρᾷττά</span> <span class='ocrx_word' id='word_1_827' title='bbox 1522 2541 1564 2564; x_wconf 87' lang='grc' dir='ltr'><strong>τις</strong></span> <span class='ocrx_word' id='word_1_828' title='bbox 1579 2532 1700 2568; x_wconf 75' lang='grc' dir='ltr'>ἐμμελὴς</span> <span class='ocrx_word' id='word_1_829' title='bbox 1726 2531 1773 2558; x_wconf 83' lang='grc' dir='ltr'><strong>καὶ</strong></span> <span class='ocrx_word' id='word_1_830' title='bbox 1793 2531 1927 2568; x_wconf 74' lang='grc' dir='ltr'>χαρίεσσα</span> 
     </span>
    </p>
   </div>
   <div class='ocr_carea' id='block_1_113' title="bbox 1142 2576 1928 2616">
    <p class='ocr_par' dir='ltr' id='par_1_113' title="bbox 1142 2576 1928 2616">
     <span class='ocr_line' id='line_1_113' title="bbox 1142 2576 1928 2616; baseline -0.006 -9"><span class='ocrx_word' id='word_1_831' title='bbox 1142 2579 1300 2616; x_wconf 74' lang='grc' dir='ltr'>θεραπαινὶς</span> <span class='ocrx_word' id='word_1_832' title='bbox 1312 2578 1475 2613; x_wconf 76' lang='grc' dir='ltr'>ἀποσκὼψαι</span> <span class='ocrx_word' id='word_1_833' title='bbox 1487 2578 1606 2612; x_wconf 78' lang='grc' dir='ltr'>λέγεται,</span> <span class='ocrx_word' id='word_1_834' title='bbox 1615 2577 1653 2609; x_wconf 86' lang='grc' dir='ltr'>ὡς</span> <span class='ocrx_word' id='word_1_835' title='bbox 1666 2578 1699 2603; x_wconf 80' lang='grc' dir='ltr'><strong>τά</strong></span> <span class='ocrx_word' id='word_1_836' title='bbox 1714 2577 1763 2612; x_wconf 83' lang='grc' dir='ltr'><strong>μὲν</strong></span> <span class='ocrx_word' id='word_1_837' title='bbox 1776 2578 1805 2603; x_wconf 80' lang='grc' dir='ltr'><strong>έν</strong></span> <span class='ocrx_word' id='word_1_838' title='bbox 1820 2576 1928 2612; x_wconf 76' lang='grc' dir='ltr'>οὐρανῷ</span> 
     </span>
    </p>
   </div>
   <div class='ocr_carea' id='block_1_114' title="bbox 1142 2621 1927 2661">
    <p class='ocr_par' dir='ltr' id='par_1_114' title="bbox 1142 2621 1927 2661">
     <span class='ocr_line' id='line_1_114' title="bbox 1142 2621 1927 2661; baseline -0.006 -9"><span class='ocrx_word' id='word_1_839' title='bbox 1142 2625 1310 2661; x_wconf 79' lang='grc' dir='ltr'>προθυμοῖτο</span> <span class='ocrx_word' id='word_1_840' title='bbox 1325 2624 1433 2656; x_wconf 78' lang='grc' dir='ltr'>εἰδέναι,</span> <span class='ocrx_word' id='word_1_841' title='bbox 1453 2623 1487 2650; x_wconf 83' lang='grc' dir='ltr'>τὰ</span> <span class='ocrx_word' id='word_1_842' title='bbox 1498 2623 1526 2650; x_wconf 83' lang='grc' dir='ltr'><strong>δὲ</strong></span> <span class='ocrx_word' id='word_1_843' title='bbox 1536 2622 1688 2658; x_wconf 71' lang='grc' dir='ltr'>ἔμπροσθεν</span> <span class='ocrx_word' id='word_1_844' title='bbox 1696 2621 1778 2648; x_wconf 81' lang='grc' dir='ltr'>αὑτοῦ</span> <span class='ocrx_word' id='word_1_845' title='bbox 1790 2622 1837 2648; x_wconf 77' lang='grc' dir='ltr'>καὶ</span> <span class='ocrx_word' id='word_1_846' title='bbox 1854 2622 1927 2657; x_wconf 72' lang='grc' dir='ltr'>παρὰ</span> 
     </span>
    </p>
   </div>
   <div class='ocr_carea' id='block_1_115' title="bbox 1143 2667 1927 2704">
    <p class='ocr_par' dir='ltr' id='par_1_115' title="bbox 1143 2667 1927 2704">
     <span class='ocr_line' id='line_1_115' title="bbox 1143 2667 1927 2704; baseline -0.005 -7"><span class='ocrx_word' id='word_1_847' title='bbox 1143 2671 1226 2703; x_wconf 81' lang='grc' dir='ltr'>πόδας</span> <span class='ocrx_word' id='word_1_848' title='bbox 1236 2671 1362 2699; x_wconf 88' lang='grc' dir='ltr'>λανθάνοι</span> <span class='ocrx_word' id='word_1_849' title='bbox 1377 2670 1468 2698; x_wconf 75' lang='grc' dir='ltr'>αὐτόν.</span> <span class='ocrx_word' id='word_1_850' title='bbox 1490 2669 1592 2697; x_wconf 81' lang='grc' dir='ltr'>Ταὺτὸν</span> <span class='ocrx_word' id='word_1_851' title='bbox 1609 2669 1636 2695; x_wconf 73' lang='grc' dir='ltr'>δὲ</span> <span class='ocrx_word' id='word_1_852' title='bbox 1652 2669 1731 2704; x_wconf 83' lang='grc' dir='ltr'>άρχεί</span> <span class='ocrx_word' id='word_1_853' title='bbox 1745 2668 1866 2703; x_wconf 79' lang='grc' dir='ltr'>σκῶμμα</span> <span class='ocrx_word' id='word_1_854' title='bbox 1882 2667 1927 2694; x_wconf 75' lang='grc' dir='ltr'>ἐπὶ</span> 
     </span>
    </p>
   </div>
   <div class='ocr_carea' id='block_1_116' title="bbox 1141 2772 1691 2808">
    <p class='ocr_par' dir='ltr' id='par_1_116' title="bbox 1141 2772 1691 2808">
     <span class='ocr_line' id='line_1_116' title="bbox 1141 2772 1691 2808; baseline -0.004 -8"><span class='ocrx_word' id='word_1_855' title='bbox 1141 2781 1214 2808; x_wconf 77' lang='lat' dir='ltr'><strong>gues.</strong></span> <span class='ocrx_word' id='word_1_856' title='bbox 1228 2777 1292 2803; x_wconf 76' lang='lat' dir='ltr'><strong>etc..</strong></span> <span class='ocrx_word' id='word_1_857' title='bbox 1310 2773 1342 2800; x_wconf 73' lang='lat' dir='ltr'><strong>its</strong></span> <span class='ocrx_word' id='word_1_858' title='bbox 1356 2774 1397 2808; x_wconf 78' lang='lat' dir='ltr'><strong>n‘y</strong></span> <span class='ocrx_word' id='word_1_859' title='bbox 1415 2777 1585 2808; x_wconf 20' lang='lat' dir='ltr'><strong>songentipas</strong></span> <span class='ocrx_word' id='word_1_860' title='bbox 1601 2772 1691 2808; x_wconf 66' lang='lat' dir='ltr'><strong>meme.</strong></span> 
     </span>
    </p>
   </div>
   <div class='ocr_carea' id='block_1_117' title="bbox 1141 2803 1924 2843">
    <p class='ocr_par' dir='ltr' id='par_1_117' title="bbox 1141 2803 1924 2843">
     <span class='ocr_line' id='line_1_117' title="bbox 1141 2803 1924 2843; baseline -0.004 -7"><span class='ocrx_word' id='word_1_861' title='bbox 1141 2803 1152 2809; x_wconf 58' lang='grc'><strong>”’</strong></span> <span class='ocrx_word' id='word_1_862' title='bbox 1177 2809 1232 2843; x_wconf 74' lang='grc'>(49)</span> <span class='ocrx_word' id='word_1_863' title='bbox 1251 2803 1502 2835; x_wconf 69' lang='grc' dir='ltr'><strong>Μᾶλλονάὺτὸν.</strong></span> <span class='ocrx_word' id='word_1_864' title='bbox 1527 2803 1578 2843; x_wconf 72' lang='lat' dir='ltr'><strong>Pro</strong></span> <span class='ocrx_word' id='word_1_865' title='bbox 1600 2807 1708 2838; x_wconf 72' lang='grc' dir='ltr'>αὐτούς.</span> <span class='ocrx_word' id='word_1_866' title='bbox 1732 2803 1835 2833; x_wconf 85' lang='lat' dir='ltr'><strong>Crebra</strong></span> <span class='ocrx_word' id='word_1_867' title='bbox 1868 2804 1924 2833; x_wconf 62' lang='lat' dir='ltr'><strong>hare</strong></span> 
     </span>
    </p>
   </div>
   <div class='ocr_carea' id='block_1_118' title="bbox 1141 2842 1924 2878">
    <p class='ocr_par' dir='ltr' id='par_1_118' title="bbox 1141 2842 1924 2878">
     <span class='ocr_line' id='line_1_118' title="bbox 1141 2842 1924 2878; baseline -0.004 -7"><span class='ocrx_word' id='word_1_868' title='bbox 1141 2845 1211 2878; x_wconf 88' lang='lat' dir='ltr'><strong>apud</strong></span> <span class='ocrx_word' id='word_1_869' title='bbox 1222 2842 1339 2874; x_wconf 41' lang='lat' dir='ltr'><strong>&#39;Atticos.</strong></span> <span class='ocrx_word' id='word_1_870' title='bbox 1356 2844 1526 2877; x_wconf 82' lang='lat' dir='ltr'><strong>maximeque</strong></span> <span class='ocrx_word' id='word_1_871' title='bbox 1541 2842 1688 2873; x_wconf 85' lang='lat' dir='ltr'><strong>Platonem,</strong></span> <span class='ocrx_word' id='word_1_872' title='bbox 1704 2849 1820 2870; x_wconf 88' lang='lat' dir='ltr'><strong>casuum</strong></span> <span class='ocrx_word' id='word_1_873' title='bbox 1835 2846 1924 2868; x_wconf 49' lang='lat' dir='ltr'><strong>muta.</strong></span> 
     </span>
    </p>
   </div>
   <div class='ocr_carea' id='block_1_119' title="bbox 1140 2878 1708 2914">
    <p class='ocr_par' dir='ltr' id='par_1_119' title="bbox 1140 2878 1708 2914">
     <span class='ocr_line' id='line_1_119' title="bbox 1140 2878 1708 2914; baseline -0.005 -7"><span class='ocrx_word' id='word_1_874' title='bbox 1140 2885 1195 2914; x_wconf 79' lang='lat' dir='ltr'><strong>tu);</strong></span> <span class='ocrx_word' id='word_1_875' title='bbox 1214 2879 1285 2914; x_wconf 83' lang='lat' dir='ltr'><strong>apud</strong></span> <span class='ocrx_word' id='word_1_876' title='bbox 1299 2878 1427 2907; x_wconf 69' lang='lat' dir='ltr'><strong>llebrmos</strong></span> <span class='ocrx_word' id='word_1_877' title='bbox 1443 2879 1520 2913; x_wconf 74' lang='lat' dir='ltr'><strong>longe</strong></span> <span class='ocrx_word' id='word_1_878' title='bbox 1537 2878 1708 2905; x_wconf 81' lang='lat' dir='ltr'><strong>creberrima.</strong></span> 
     </span>
    </p>
   </div>
  </div>
