2078 3207
164 175 233 202 1001

730 173 888 202 ΡΒᾹΣΡΔΒ.
910 173 1036 201 EVANG.
1055 174 1118 202 LIB.
1136 175 1192 203 XII.

1709 184 1777 212 i002

162 233 267 263 πάντας
285 233 342 258 ὅσοι
355 233 383 258 ὲν
395 231 536 267 φιλοσοφίᾳ
549 231 680 266 διάγουσι.
697 232 742 268 Τῷ
755 233 808 268 γὰρ
819 233 875 260 ὅντι
898 234 940 260 τὸν

995 241 1086 261 rerum
1110 234 1295 269 singularum,
1319 241 1387 269 quas
1410 235 1492 271 huius
1516 238 1635 266 universi
1658 240 1781 269 ambitus

161 278 281 306 τοιοῦτον
307 278 321 304 ὁ
340 278 388 312 μὲν
416 277 528 312 πλησίον
548 278 593 304 καὶ
609 278 623 304 ὁ
639 278 737 312 γείτων
766 279 887 315 λέληθεν,
913 281 944 307 οὐ

162 324 242 359 μόνον
257 323 272 349 ὃ
294 331 320 348 τι
338 323 449 358 πράττει
463 343 470 354 ,
487 322 544 349 ἀλλ’
573 323 662 357 ὀλίγου
683 324 731 350 καὶ
755 325 780 351 εί
803 324 945 367 ἄνθρωπός

160 371 246 401 ἐστιν,
261 370 278 405 ἦ
292 378 317 396 τι
328 368 390 395 ἄλλο
406 368 530 404 θρέμμα·
548 368 574 395 τί
588 369 615 395 δέ
629 370 687 396 ποτ’
703 370 775 396 ἐστὶν
791 370 942 406 ἄνθρωπος,

160 415 208 442 καὶ
220 415 246 442 τί
260 416 292 450 τῇ
309 415 421 451 τοιαύτῃ
437 415 516 449 φύσει
530 415 662 450 προσήκει
676 415 802 451 διάφορον
823 416 877 443 τῶν
898 417 944 443 ἀλ-

158 462 214 494 λινν
226 462 341 497 ποιεῖνῆ
358 462 481 496 πάσχειν,
499 461 576 497 ζητεῖ
593 471 634 493 τε,
649 463 696 489 καὶ
718 463 866 498 πράγματα
888 463 944 499 ἔχει

158 508 379 544 διερευνώμενος.
410 508 563 540 Μανθάνεις
590 509 644 544 γάρ
662 517 723 541 που,
738 506 760 536 ὧ
779 509 908 545 Θεόδωρε,
925 510 945 545 ἢ

157 553 208 585 οὕ;
223 569 257 572 -
272 554 394 588 Ἔγωγεε
413 554 460 580 καὶ
477 553 562 589 ἀληθῆ
583 553 681 588 λέγεις.
698 571 733 575 --
745 555 897 590 Τοιγάρτοι,
922 551 944 581 ὦ

158 599 233 635 φίλε,
247 599 299 636 ἰδίᾳ
312 609 340 626 τε
353 600 543 635 συγγινόμενος
555 602 568 627 ὁ
579 601 698 632 τοιοῦτος
709 601 825 637 ἑκάστῳ,
843 601 889 628 icui.
898 602 944 638 δη-

159 645 254 681 μοσίᾳ,
269 645 337 681 ὅπερ
348 645 498 681 ἀρχόμενος
511 645 612 680 ἔλεγον,
632 646 694 674 ὅταν
708 647 736 673 ἐν
747 647 912 683 δικαστηρίῳ
926 649 942 684 ἡ

158 700 213 717 που
227 691 316 718 ἄλλοθι
329 692 486 727 ἀναγκασθῇ
502 693 566 728 περὶ
580 693 634 719 τῶν
645 693 718 730 παρά
735 694 817 726 πόδας
828 695 874 721 καὶ
889 694 944 722 τῶν

158 739 190 764 ὲν
207 738 354 773 ὀφθαλμοῖς
365 738 545 772 διαλέγεσθαι,
557 739 663 774 γέλωτα
681 741 793 776 παρέχει
815 741 844 768 οὐ
864 742 943 777 μόνον

157 783 305 818 Θράτταις,
317 783 384 810 ἀλλά
397 784 443 811 καὶ
454 783 493 819 τῷ
504 784 575 820 ἄλλῳ
589 785 668 821 ὄχλῳ,
684 787 725 817 εἰς
738 787 845 822 φρέατά
857 796 886 814 τε
898 788 945 815 καὶ

156 830 250 856 πᾶσαν
262 830 377 865 ἀπορίαν
392 829 535 865 ἐμπίπτων
547 831 600 857 ὑπὸ
613 832 738 867 ἀπειρίας
747 841 753 847 ·
767 833 814 859 καὶ
830 833 847 868 ἡ
861 834 944 870 ἀσχη-

159 874 263 911 μοσύνη
279 875 352 911 δεινὴ
368 874 446 908 δόξαν
460 876 622 913 ἀϐελτηρίας
637 879 820 915 παρεχομένη.
844 881 893 906 Ἔν
911 889 942 914 γε

994 279 1183 314 complectitur
1198 284 1322 306 naturam
1337 280 1378 308 sic
1392 282 1546 316 explorans,
1567 288 1596 310 ut
1608 287 1699 313 tamen
1715 287 1777 314 nul-

994 325 1095 352 lamad
1107 332 1201 352 earum
1216 333 1285 360 quas
1297 326 1438 361 propiores
1451 327 1533 355 habet
1547 336 1606 356 sese
1621 330 1780 365 abjiciat.—

994 369 1054 402 Quo
1071 375 1098 397 tu
1115 378 1197 398 sensu
1218 371 1270 398 hoc
1285 371 1341 402 ais,
1356 378 1373 399 ο
1394 371 1538 401 Socrates?
1549 389 1584 394 —
1598 374 1724 410 Prorsus,
1740 379 1776 405 mi

995 414 1146 446 Theodore,
1161 423 1215 450 quo
1228 417 1309 443 modo
1323 416 1461 445 Thaletem
1476 419 1633 454 aliquando,
1648 422 1695 456 qui
1711 422 1778 450 dum

994 461 1080 489 oculis
1095 461 1122 488 in
1138 462 1235 489 cealum
1258 463 1352 491 deﬁxis
1370 468 1441 491 astra
1459 466 1697 501 contemplaretur,
1716 476 1778 503 pro-

994 506 1097 534 ximum
1133 508 1160 534 in
1192 513 1300 541 puteum
1334 509 1490 542 deciderat,
1521 511 1619 538 ancilla
1652 514 1774 547 quaedam

994 552 1123 585 Thressa.
1148 554 1257 589 elegans
1276 559 1303 581 et
1323 555 1426 583 urbana
1450 556 1502 584 hoc
1519 557 1582 591 joco
1593 559 1751 592 perstrinxit
1767 568 1774 586 :

994 597 1045 630 Qui
1062 606 1106 626 res
1121 599 1245 626 caelestes
1262 607 1342 627 nosse
1355 601 1543 634 contenderet,
1559 610 1620 630 eum
1639 611 1700 638 quas
1716 612 1777 639 pro—

996 644 1067 670 xima
1079 644 1192 678 pedibus
1206 649 1306 675 essent,
1320 653 1373 672 non
1389 647 1488 674 videre.
1503 647 1580 681 Quod
1593 657 1660 677 sane
1671 650 1773 678 dictum

994 688 1091 723 i-nveos
1109 697 1203 717 omnes
1227 691 1371 718 convenire
1395 693 1500 726 possit,
1528 695 1574 728 qui
1599 695 1773 731 philosophia-

994 734 1083 761 studio
1108 743 1167 762 sese
1192 735 1302 762 dedunt.
1334 735 1472 771 Siquidem
1499 739 1606 774 reipsa,
1622 742 1695 768 natio
1718 743 1775 769 haec

994 780 1152 812 hominum,
1179 788 1231 807 non
1257 781 1337 808 modo
1363 783 1427 816 quid
1451 784 1591 817 proximus
1616 793 1648 813 ac
1670 787 1775 815 vicinus

994 829 1066 859 agat,
1082 833 1176 852 verum
1198 826 1278 853 etiam
1302 827 1417 854 homone
1434 828 1478 856 ille
1492 829 1535 863 sit,
1552 838 1586 858 an
1601 832 1673 860 aliud
1690 835 1777 868 quod—

994 870 1054 897 dam
1077 871 1222 899 animantis
1247 880 1348 906 genus,
1370 875 1564 908 propemodum
1583 876 1690 912 ignorat
1705 888 1711 906 :
1727 887 1774 907 ea-

156 921 214 957 γὰρ
227 922 286 953 ταῖς
301 921 443 957 λοιδορίαις
460 921 524 949 ῐδιον
540 922 594 958 ἔχει
606 912 684 950 οὐδὲν
695 912 790 951 ουδενα
803 912 940 961 λοιδορεῖν,

993 916 1055 943 dem
1079 922 1168 944 tamen
1189 917 1253 952 quid
1277 919 1358 946 homo
1381 920 1439 954 ipse
1456 921 1505 952 sit,
1525 922 1624 956 quidve
1649 920 1774 953 naturam

157 967 207 994 ἅτε
217 968 268 993 οὐκ
274 965 351 999 εἰδὼς
362 967 445 994 κακὸν
459 968 533 995 οὐδὲν
541 969 647 1001 οὐδενὸς
670 970 702 996 ἐκ
717 970 762 997 τοῦ
774 971 810 1006 μὴ
827 972 940 1007 μεμελε-

155 1012 283 1047 τηκέναι,
293 1013 404 1048 ἀπορῶν
414 1011 460 1040 οὖν
468 1014 570 1048 γελοῖος
582 1015 715 1050 φαίνεται·
728 1015 755 1042 ἔν
763 1026 792 1043 τε
802 1019 858 1049 τοῖς
866 1018 944 1044 ἐπαί-

155 1067 215 1091 νοις
221 1059 267 1085 καὶ
273 1060 331 1090 ταῖς
339 1058 392 1085 τῶν
398 1059 483 1086 ἄλλων
493 1060 697 1095 μεγαλαυχίαις,
704 1062 734 1089 οὐ
743 1063 942 1099 προσωιητῶς,

153 1105 226 1132 ἀλλὰ
232 1105 270 1141 τῷ
278 1105 333 1132 δντι
342 1105 428 1139 γελῶν
439 1105 547 1141 ἔνδηλος
555 1107 722 1142 γιγνόμενος,
737 1109 768 1144 λη
774 1109 860 1146 ρὼδης
870 1110 944 1137 δοκεῖ

154 1149 237 1179 εἶναι.
245 1151 381 1188 Τύραννόν
389 1161 418 1178 τε
428 1152 506 1188 γάρῆ
516 1153 628 1188 βασιλέα
640 1155 887 1191 ἐγκωμιαζόμενον,
895 1156 943 1183 ἕνα

153 1197 211 1224 τῶν
221 1197 335 1234 νομέων,
344 1195 399 1225 οἷον
408 1198 544 1234 συϐώτην,
555 1199 571 1234 ἢ
583 1200 710 1235 ποιμένα,
722 1201 738 1236 ἦ
751 1209 810 1228 τινα
817 1201 943 1236 βουκόλον

151 1245 263 1280 ἡγεῖται
271 1244 379 1272 ἀκούειν
389 1244 636 1281 εὐδαιμονιζόμενον
650 1246 718 1273 πολὺ
730 1247 873 1281 βδάλλοντα
883 1257 889 1262 ·
898 1247 943 1274 δυ-

153 1289 320 1327 σκολώτερον
328 1291 356 1318 δὲ
368 1291 478 1318 ἐκείνων
487 1291 554 1324 ζῶον
562 1292 607 1319 καὶ
613 1292 824 1328 ἐπιϐουλότερον,
833 1302 877 1320 ποι
881 1294 943 1329 μαί-

152 1342 195 1361 νει
203 1333 259 1370 (50)
265 1343 294 1361 τε
303 1335 349 1361 καὶ
357 1334 476 1370 βδάλλειν
484 1336 587 1372 νομίζει
598 1336 852 1373 αὐτούς.”Λγροικον
859 1338 888 1365 δὲ
895 1339 942 1365 καὶ

153 1378 316 1406 ἀπαίδευτον
332 1379 384 1406 ὑπὸ
395 1380 522 1415 ἀσχολίας
536 1381 610 1407 οὐδὲν
620 1379 699 1416 ἦττον
715 1381 769 1408 τῶν
781 1383 885 1417 νομέων
895 1383 942 1410 τὸν

152 1424 274 1451 τοιοῦτον
302 1426 448 1460 ἀναγκαῖον
459 1426 593 1460 γίνεσθαι,
605 1427 688 1463 σηκὸν
701 1428 729 1454 ἐν
743 1427 800 1463 ὄρει
812 1428 842 1454 τὺ
853 1429 941 1464 τεῖχος

153 1469 395 1505 περισεδλημένον.
410 1472 464 1506 Γῆς
477 1472 505 1498 δὲ
518 1472 582 1498 ὃταν
597 1472 679 1508 μυρία
689 1472 743 1507 (Si)
756 1473 857 1508 πλέθρα
868 1473 884 1509 ἢ
900 1474 939 1501 ἔτι

153 1511 240 1542 πλείω
253 1515 442 1553 atoue-13,60“;
454 1517 508 1552 ἄρα
518 1517 683 1552 κεκτημένος
697 1517 839 1553 θαυμαστά
850 1518 939 1554 πλήθη

152 1559 294 1597 κέκτηται,
313 1561 383 1588 πάνυ
410 1561 513 1597 σμικρὰ
528 1562 601 1589 δοκεῖ
626 1561 744 1595 ἀκούειν,
766 1565 806 1595 εἰς
830 1564 937 1591 ἃπασαν

152 1605 257 1638 εἰωθὼς
270 1607 318 1643 τὴν
333 1608 385 1643 γῆν
399 1607 516 1643 βλέπειν.
533 1608 573 1635 Τὰ
585 1608 613 1635 δὲ
629 1608 660 1644 δῆ
671 1609 736 1645 γένη
751 1610 806 1645 (52)
822 1610 937 1646 ὑμνούν-

151 1659 218 1684 των,
235 1652 272 1684 ὡς
284 1653 405 1687 γενναῖός
421 1662 461 1685 τις
475 1654 544 1680 ἑπτὰ
559 1654 686 1687 πάππους
710 1655 852 1688 πλουσίους
869 1655 937 1693 ἔχων

151 1697 303 1732 ἀτωφῆναι,
317 1699 488 1725 παντάπασιν
503 1699 591 1734 ἀμϐλὺ
603 1701 649 1726 καὶ
664 1701 709 1727 ἐπὶ
723 1701 837 1737 σμικρὸν
853 1701 937 1736 ὁρών-

152 1751 208 1769 των
222 1744 325 1778 ὴγεῖται
335 1744 382 1771 τὸν
398 1744 518 1776 ἔπαινον,
533 1747 584 1772 ὑπὸ
597 1747 772 1779 ἀπαιδευσίας
782 1747 812 1773 οὺ
823 1747 938 1782 δυναμέ-

151 1797 208 1816 νων
225 1791 263 1821 είς
291 1790 321 1816 τὸ
342 1791 395 1817 πᾶν
420 1791 463 1818 ἀεὶ
490 1792 610 1827 βλέπειν,
634 1793 693 1819 οὐδὲ
720 1793 871 1826 λογίζεσθαι
897 1794 938 1819 ὅτι

152 1834 274 1862 πάππων
287 1837 333 1862 καὶ
349 1837 488 1872 προγόνων
501 1837 556 1873 (55)
569 1839 675 1873 ἑκάστῳ
689 1838 815 1874 μυριάδες
829 1839 938 1873 γεγόνα-

152 1889 197 1907 σιν
211 1882 402 1918 ἀναρίθμητοι,
424 1884 453 1910 ὲν
464 1882 508 1915 αἶς
520 1884 641 1911 πλούσιοι
658 1885 704 1911 καὶ
726 1884 847 1919 πτωχοὶ,
864 1884 938 1918 βασι-

151 1927 210 1958 λεῖς
226 1928 272 1954 καὶ
296 1928 393 1962 δοῦλοι,
410 1929 542 1966 βάρὸαροί
560 1939 589 1957 τε
607 1930 654 1957 καὶ
668 1929 796 1966 ’Έλληνες
808 1930 937 1962 πολλάκις

152 1973 246 2010 μυρίοι
257 1975 400 2008 γεγόνασιν
411 1975 528 2011 ὁτῳοῦν·
542 1977 598 2003 ἀλλ’
619 1977 665 2003 ἐπὶ
681 1977 760 2003 πέντε
780 1977 826 2004 καὶ
851 1977 937 2003 εἴκοσι

150 2020 294 2056 καταλόγῳ
308 2022 446 2057 προγόνων
459 2023 662 2058 σεμνυνομένων
685 2022 700 2057 ἥ
717 2023 764 2049 καὶ
787 2023 937 2058 ἀναφερόν-

149 2073 206 2092 των
230 2067 269 2098 είς
296 2067 432 2103 Ἠρακλέα
446 2069 491 2094 τὸν
513 2068 725 2104 Ἀμφιτρύωνος,
754 2068 841 2094 ἄτοπα
861 2069 936 2095 αὐτῶ

188 2130 264 2170 (50)
297 2136 457 2170 Harpalum.
488 2137 681 2172 Reponendum
708 2138 740 2164 ex
766 2136 878 2165 Platone
909 2143 936 2165 et

150 2176 291 2206 manuscr.
311 2172 473 2206 ποιμαίνειν.

189 2204 245 2241 (5i)
259 2204 364 2239 Μυρίαζ
380 2206 417 2234 lta
433 2206 540 2241 quidem
558 2215 662 2235 omnes.
674 2207 829 2241 Legendum
845 2211 934 2235 tamen

151 2244 196 2265 est
207 2239 300 2280 μύρια,
315 2249 375 2268 eum
388 2239 527 2276 sequatur,
540 2242 555 2278 ἢ
571 2243 610 2270 ἔτι
626 2239 804 2278 πλείωξῳιοό
819 2243 934 2271 absurde
952 2253 973 2280 ι)

151 2279 215 2308 post
231 2275 313 2309 μυρία
330 2275 497 2308 sequeretur.

189 2309 244 2348 (5?)
260 2310 304 2371 ιΤὰ
316 2310 349 2337 δὲ
361 2310 399 2345 δὴ
411 2311 492 2346 γένη.
507 2311 566 2339 Huc
582 2317 672 2348 satyra
686 2312 825 2341 Iuvenalis
840 2317 934 2341 octava

187 2350 257 2371 mne
278 2365 285 2371 .

150 2346 285 2378 pertinet,

263 2388 408 2418 Stemmata
421 2391 485 2427 quid
498 2392 619 2426 faciunt?

151 2435 264 2464 Persius
291 2437 353 2464 item
381 2443 432 2466 sat.
454 2439 471 2465 5
492 2440 572 2466 inane
597 2440 647 2467 hoc
667 2440 694 2467 in
711 2440 839 2468 Romani:

150 2471 317 2500 lescentibns
332 2473 442 2509 αὔχημα
455 2474 614 2509 castigabat.

884 2442 934 2468 do-

186 2528 229 2566 4n
242 2528 329 2556 deceat
342 2530 489 2566 pulmonem
504 2540 622 2566 rumpere
635 2533 728 2564 ventis,

187 2562 331 2591 Stemmale
342 2562 412 2600 quod
430 2565 512 2594 Tusco
529 2562 631 2594 ramum
644 2562 781 2594 millesime
798 2567 899 2594 ducas?

149 2608 201 2635 Adi
219 2609 389 2647 et_§enecarn
404 2612 482 2646 epist.
496 2613 531 2639 44
546 2622 552 2640 :
569 2613 688 2644 Iterum,
705 2613 811 2647 inquit,
826 2608 854 2640 la
870 2614 932 2639 mihi

150 2648 175 2670 te
192 2643 330 2683 pusillum_
339 2645 404 2683 facis
415 2643 427 2679 ,”
442 2652 467 2674 el
481 2648 549 2674 dicis
559 2669 567 2681 ,
586 2643 726 2683 malignius
742 2643 832 2674 'tecu’m
850 2649 933 2683 egisse

149 2683 276 2717 natarunt
289 2680 372 2712 prius,
385 2681 478 2717 deinde
492 2680 627 2717 fortunam
639 2680 723 2710 fcum
735 2683 819 2717 possis
836 2680 932 2710 te'exi-

149 2720 220 2740 mere
231 2713 351 2751 vulgo,“
365 2716 399 2742 ad
408 2713 561 2751 felicitatem
571 2719 686 2745 omnium
697 2713 840 2744 niaximum
850 2726 933 2745 emer-

150 2756 219 2788 ρει-ετ
225 2747 266 2775 ‘Si
278 2747 343 2784 quid
361 2747 438 2788 aliud.
449 2757 487 2779 est
505 2754 533 2780 in
545 2753 710 2788 philosophia
730 2752 870 2788 bonis!!!”
882 2759 930 2785 εεῑν

148 2784 219 2815 quod
230 2789 340 2838 διρηςηια
353 2794 404 2813 non
417 2787 532 2822 inspicit.
546 2784 634 2822 Quam
648 2784 699 2816 hoc
711 2787 797 2816 nostri
811 2787 931 2816 Platonis

149 2825 181 2838 ΩΙ
200 2826 279 2838 annm

149 2825 183 2845 ex
199 2825 292 2851 genio!

186 2853 247 2894 (55)_
262 2853 397 2894 Πάππῳν
411 2858 460 2884 καί
480 2859 641 2894 προγόνων.
656 2859 758 2894 Seneca
769 2878 776 2890 ,
788 2857 870 2894 ibid.,
883 2866 931 2886 au-

149 2889 205 2916 reis
221 2889 301 2917 olane
313 2890 402 2918 verbis
422 2889 507 2927 atque
518 2889 660 2923 sententiis
676 2904 683 2921 :
703 2893 830 2921 Omnibus
846 2893 929 2927 nobis,

310 2939 406 2970 Pun.
425 2940 483 2971 Gn,
499 2941 585 2973 XXI.

952 1583 973 1612 ο

994 962 1138 996 ejusmodi,
1160 968 1256 998 praeter
1288 965 1402 992 aliarum
1428 966 1610 995 conditionem
1635 970 1677 997 vel
1697 978 1777 1006 agere

993 1009 1036 1035 vel
1056 1009 1111 1042 pati
1134 1009 1240 1042 deceat,
1255 1018 1316 1037 cum
1334 1011 1449 1038 rimatur
1474 1013 1605 1046 studiose,
1627 1019 1686 1043 tum
1699 1016 1726 1044 in
1742 1025 1776 1045 ea

993 1061 1058 1081 cura
1085 1054 1186 1082 laboris
1218 1056 1364 1090 plurimum
1392 1064 1424 1083 ac
1449 1057 1613 1087 dillieultatis
1638 1061 1772 1091 exhaurit.

992 1098 1087 1127 Jamne
1103 1101 1241 1136 intelligis,
1259 1101 1297 1128 mi
1320 1101 1477 1129 Theodore?
1495 1111 1529 1130 an
1556 1106 1626 1132 non?
1639 1121 1674 1129 -η-
1690 1106 1773 1136 lutel«

993 1145 1046 1180 ligo
1067 1146 1201 1179 equidem.
1222 1146 1256 1174 Et
1272 1155 1334 1174 vera
1357 1156 1423 1176 sane
1445 1149 1573 1185 loqueris.
1593 1151 1773 1181 —Nimirum

992 1199 1067 1226 ergo,
1083 1192 1129 1226 qui
1153 1192 1286 1227 ejusmodi
1304 1193 1394 1227 fuerit,
1411 1194 1563 1228 Theodore,
1581 1197 1605 1223 is
1620 1205 1668 1225 seu
1684 1199 1774 1233 priva-

994 1239 1041 1265 tim
1054 1246 1116 1266 cum
1133 1246 1299 1274 quocunque
1313 1240 1474 1273 versabitur,
1487 1249 1534 1269 seu
1549 1243 1666 1277 publice,
1682 1253 1774 1279 quem-

993 1285 1138 1312 admodum
1155 1284 1231 1312 initio
1245 1285 1311 1319 dixi,
1329 1286 1370 1313 vel
1393 1287 1419 1314 in
1430 1287 1532 1322 judicio
1542 1308 1549 1321 ,
1568 1289 1606 1316 vel
1620 1290 1664 1317 ubi
1678 1291 1723 1318 ubi
1740 1291 1774 1319 de

992 1330 1074 1358 rebus
1089 1338 1156 1365 quas
1178 1335 1240 1358 ante
1259 1332 1340 1365 pedes
1367 1337 1449 1367 atque
1470 1332 1496 1360 in
1512 1334 1597 1361 oculis
1613 1335 1720 1368 habeat,
1732 1336 1775 1365 di-

993 1383 1053 1403 cere
1068 1375 1194 1411 cogetur,
1212 1384 1266 1403 non
1285 1376 1410 1405 Thressis
1431 1379 1511 1405 modo
1530 1380 1707 1414 mulierculis,
1725 1382 1773 1411 sed

992 1421 1074 1449 etiam
1091 1422 1203 1456 reliqum
1223 1423 1388 1450 multitudini
1402 1424 1485 1451 risum
1503 1427 1630 1460 movebit,
1648 1435 1722 1460 cum,
1736 1429 1772 1456 ob

992 1475 1082 1494 rerum
1102 1467 1275 1502 imperitiam,
1292 1468 1319 1496 in
1335 1473 1526 1509 puteosdatque
1546 1471 1574 1498 in
1590 1473 1680 1501 omnis
1693 1474 1772 1502 dubi-

992 1513 1099 1540 tationis
1110 1518 1204 1540 aestum
1219 1514 1351 1541 inciderit.
1364 1514 1397 1542 Et
1409 1508 1515 1549 quidem
1531 1525 1610 1551 grave
1625 1518 1771 1547 admodum

991 1559 1110 1593 stuporis
1125 1567 1210 1594 genus
1225 1559 1386 1594 ineptiarum
1402 1567 1452 1594 est,
1470 1563 1542 1597 quod
1554 1564 1649 1592 θίγοι-ιιι
1663 1566 1770 1600 opinio-

990 1612 1050 1632 nem
1065 1605 1193 1632 stultitiae.
1215 1604 1282 1633 Nam
1298 1611 1326 1634 ut
1346 1607 1459 1634 aliorum
1476 1610 1607 1638 conviciis
1624 1612 1770 1646 appetitus,

989 1649 1061 1684 quod
1089 1650 1228 1684 proprium
1255 1651 1313 1685 ipse
1338 1651 1406 1678 nihil
1427 1652 1539 1685 habeat,
1567 1662 1622 1689 quo
1647 1656 1768 1683 vicissim

988 1696 1056 1724 alios
1071 1696 1224 1723 remordeat
1242 1697 1351 1732 (quippe
1368 1698 1413 1733 qui
1429 1699 1533 1726 nullum
1554 1700 1714 1736 cujusquam
1730 1702 1770 1729 vi-

989 1742 1056 1769 tium
1073 1743 1187 1776 noverit,
1203 1743 1296 1777 procul
1309 1744 1344 1771 ab
1358 1745 1439 1772 simili
1451 1746 1613 1782 cogitatione
1626 1750 1770 1783 semotus),

988 1788 1023 1815 ob
1039 1788 1218 1815 hazsitantiam
1230 1789 1362 1817 ridiculus
1376 1798 1436 1819 esse
1451 1792 1521 1819 solet
1537 1801 1543 1818 :
1560 1794 1600 1821 sic
1611 1794 1638 1821 in
1653 1795 1771 1823 aliorum

988 1833 1069 1862 etiam
1091 1834 1227 1867 laudibus,
1243 1839 1270 1862 et
1293 1835 1420 1863 insolenti
1435 1830 1526 1864 rérum
1540 1846 1651 1866 suarum
1663 1840 1771 1873 jactan-

988 1880 1036 1912 tia,
1053 1879 1117 1907 dum
1135 1880 1205 1907 idem
1232 1888 1285 1907 non
1301 1881 1445 1914 simulate,
1470 1883 1516 1910 sed
1542 1891 1606 1911 vere
1627 1885 1772 1921 palamque

988 1925 1069 1957 ridet,
1083 1925 1184 1953 bardus
1197 1933 1229 1953 ac
1240 1926 1342 1953 delirus
1356 1927 1471 1955 videtur.
1486 1927 1555 1956 Nam
1568 1934 1713 1965 tyrannum
1724 1937 1772 1959 aut

988 1979 1078 2006 regem
1096 1971 1200 1998 laudari
1225 1972 1249 1998 si
1269 1973 1371 2005 audiet,
1391 1975 1547 2008 pecuarium
1570 1976 1621 2003 sibi
1641 1976 1769 2012 aliquem,

987 2017 1130 2044 subulcum
1148 2021 1222 2051 puta,
1237 2017 1279 2044 vel
1292 2022 1440 2052 pastorem,
1463 2020 1504 2047 vel
1520 2021 1678 2054 bubulcum,
1696 2024 1770 2058 quod

987 2062 1088 2089 alfatim
1115 2063 1250 2097 mulgeat,
1276 2063 1383 2090 beatum
1413 2065 1541 2094 celebrari
1575 2068 1768 2102 persuadebit:

987 2154 1094 2193 totidem
1105 2159 1223 2193 antem-os
1237 2160 1298 2193 sunt
1309 2156 1492 2193 :‘nulliusinon
1503 2158 1576 2193 origo
1586 2158 1658 2186 ultra
1671 2167 1770 2187 memo-

987 2189 1054 2229 riam
1065 2188 1146 2229 jacet.
1162 2189 1240 2229 Plato
1257 2190 1296 2216 ait
1311 2190 1415 2229 (utique
1430 2192 1481 2229 hoc
1497 2188 1556 2227 ipso
1578 2194 1647 2225 loco,
1664 2195 1709 2229 qui
1724 2194 1769 2222 Li-

986 2225 1046 2258 psio
1056 2223 1240 2264 πολυμνήμονι
1251 2233 1307 2264 non
1325 2223 1446 2264 veniebat
1460 2223 1626 2264 irrritentem)
1640 2223 1769 2256 neminem

987 2267 1070 2293 regem
1081 2267 1132 2285 non
1144 2261 1175 2286 ex
1189 2262 1269 2286 servis
1281 2268 1334 2287 esse
1346 2262 1499 2292 oriundum,
1510 2261 1638 2290 neminem
1653 2273 1704 2290 non
1716 2273 1769 2292 ser-

987 2302 1046 2320 vum
1055 2302 1087 2321 ea
1099 2294 1212 2331 regibus.
1227 2295 1322 2321 Omnia
1333 2296 1384 2322 ista
1399 2296 1475 2331 longa
1488 2298 1602 2325 varietas
1618 2300 1734 2330 miscuit,
1743 2305 1769 2326 et

986 2337 1090 2369 sursum
1103 2329 1224 2369 deorsum
1245 2330 1349 2364 fortuna
1366 2329 1486 2359 uersat—iit.
1508 2333 1572 2365 Quis
1586 2342 1646 2368 ergo
1660 2329 1768 2369 genero-

985 2365 1049 2390 sus?
1068 2363 1109 2390 Ad
1130 2365 1252 2401 uirtutem
1272 2367 1332 2391 bene
1356 2374 1371 2391 α
1393 2372 1489 2393 natura
1517 2363 1690 2401 compositu}.
1710 2369 1768 2396 Hoc

985 2406 1066 2424 unum
1083 2404 1121 2425 est
1132 2399 1296 2435 intuendum.
1313 2401 1434 2435 Alioqui,
1454 2403 1476 2428 si
1492 2405 1525 2428 ad
1549 2399 1634 2430 vetera
1650 2412 1766 2434 revocas.

985 2440 1131 2474 nemonnon
1151 2434 1211 2460 inde
1229 2439 1268 2460 est
1277 2454 1293 2474 ,_
1308 2434 1457 2474 ante'quod
1478 2437 1544 2463 nihil
1564 2444 1613 2465 est.
1637 2439 1660 2466 Α
1683 2439 1768 2474 primo

984 2468 1168 2506 mundiortu,
1187 2477 1267 2506 usque
1284 2470 1311 2496 in
1330 2471 1377 2506 Itoc
1394 2468 1493 2506 lempus
1504 2491 1511 2502 ,
1528 2474 1650 2506 perduxit
1670 2468 1717 2501 νέοι
1735 2482 1768 2501 cz

984 2502 1126 2536 splendidis
1141 2502 1307 2538 sordidisque
1321 2502 1453 2532 alternata
1467 2502 1557 2535 series.
1576 2509 1646 2535 Audi
1669 2514 1695 2536 et
1720 2509 1767 2536 Ju-

984 2538 1106 2564 venalem
1114 2545 1175 2564 cum
1194 2540 1311 2573 satyrico
1324 2541 1396 2569 sale:

1019 2615 1054 2655 l_t"_t
1069 2620 1211 2655 tameu,_tt_t
1227 2617 1302 2655 longe
1314 2625 1424 2653 repetas,
1442 2620 1566 2655 longeque
1579 2622 1696 2650 revolvas

1019 2650 1132 2691 ΙΧοιηεη,
1149 2652 1181 2678 ab
1194 2650 1289 2691 infami
1300 2650 1399 2691 gentem
1414 2650 1527 2682 deducis.
1537 2657 1623 2691 asylo.

1019 2685 1152 2724 blaiorum
1163 2685 1275 2724 primat,
1292 2685 1410 2723 riuisq'ut's
1424 2690 1474 2724 fuit
1490 2691 1536 2717 ille
1552 2685 1668 2723 tuorum.

1016 2720 1070 2747 Aut
1086 2726 1180 2757 pastor
1191 2722 1253 2757 fuit,
1269 2720 1315 2749 aut
1327 2720 1394 2750 illud
1406 2720 1475 2759 quod
1491 2726 1576 2753 dicere
1588 2727 1659 2755 uolo.

981 2788 1037 2830 Qui.
1046 2788 1144 2830 famem
1159 2792 1346 2830 tuam-expleri
1357 2793 1409 2830 hoc
1418 2793 1479 2821 cibo
1489 2795 1574 2827 voles,
1582 2795 1767 2830 'l‘iraquellum

982 2824 1300 2868 perlegekvivammillam
1319 2835 1351 2855 ac
1362 2828 1509 2868 spirantem
1524 2824 1727 2868 bibliothecam,
1740 2832 1767 2858 in

981 2866 1069 2929 0ρέἓέ
1086 2859 1124 2887 De
1148 2861 1293 2894 nobilitate,
1312 2859 1559 2900 maximeque'cap.
1575 2865 1631 2898 22,
1654 2859 1730 2894 nnm'.

981 2901 996 2921 e
1047 2916 1050 2920 ν
1073 2916 1079 2922 ,

1571 2949 1610 2978 32
