2078 3207
332 175 400 204 1005

331 235 383 263 nisi
405 236 477 271 quod
505 236 552 263 abs
570 235 690 270 tyrannis
721 243 752 262 ac
787 235 895 270 regibus
923 235 1057 263 diﬁicilius
1079 244 1110 263 ac
1126 240 1146 266 Α

331 282 418 317 magis
432 282 592 309 insidiosum
616 281 762 308 animantis
779 288 875 315 genus,
891 287 972 315 quam
997 280 1030 308 ab
1051 281 1111 308 aliis

332 327 405 361 pasci
420 335 451 354 ac
463 327 575 363 mulgeri
592 326 736 354 existimat.
754 325 898 354 Enimvero
920 326 1110 361 philosophum

330 379 423 406 Istum,
436 374 506 409 quod
520 382 610 401 rerum
625 381 675 401 usu
694 373 768 400 nullo
780 373 826 405 sit,
841 372 1016 400 nihilominus
1028 381 1111 408 quam

332 425 454 447 castores
467 420 541 454 ipsos
556 420 687 448 rusticum
701 427 733 446 ac
751 419 845 446 rudem
855 427 916 447 esse
931 427 1042 447 necesse
1059 424 1110 452 est,

330 465 378 498 qui
394 465 531 493 manibus
543 465 569 492 in
584 465 660 496 urbe,
673 472 726 492 non
743 472 821 492 secus
836 472 868 491 ac
882 465 969 492 caulis
981 465 1007 492 in
1021 469 1112 492 monte

329 510 463 545 cingatur.
475 509 556 546 θοή
576 509 650 537 Idem
674 509 696 537 si
715 509 784 536 forte
800 509 893 537 decem
910 509 1035 544 jugerum
1049 510 1111 536 mil-

329 555 376 589 lia,
391 557 434 583 vel
448 557 529 583 etiam
543 557 619 591 plura
636 556 843 583 commemorari
858 556 984 587 audierit,
999 556 1111 591 perinde

328 608 361 628 ac
388 601 411 628 si
434 608 528 628 eorum
554 608 696 636 possessor
718 600 772 627 vim
800 607 927 635 agrorum
951 601 1110 628 immensam

328 646 495 681 possideret;
508 647 635 682 exiguum
651 647 702 674 sibi
716 647 844 682 quiddam
860 646 955 673 audire
966 646 1110 678 videbitur,

328 693 400 727 quod
417 694 511 721 orbem
531 698 664 721 terrarum
687 694 843 721 universum
861 694 952 720 animo
970 693 1111 727 complecti

329 739 424 766 soleat.
435 738 495 766 lam
511 740 557 774 qui
573 740 606 767 ad
620 739 784 767 eﬂ'erendam
805 739 911 774 generis
931 739 1046 773 alicujus
1064 746 1112 766 an-

328 784 480 820 tiquitatem
493 805 500 817 ,
517 793 582 812 avos
602 785 636 812 ab
653 785 698 812 illo
719 789 832 819 septem,
846 792 948 820 eosque
967 785 1112 820 locupletes

329 830 463 857 nominari
485 837 565 865 posse
585 829 726 862 dictitant,
741 837 825 865 genus
841 829 893 857 hoc
914 830 1011 863 laudis,
1024 830 1113 858 homi-

329 883 393 904 num
412 883 473 904 esse
491 877 580 903 obtusi
596 876 740 903 admodum
763 876 926 911 angustique
944 876 1019 904 visus
1036 876 1112 903 arbi-

329 925 425 953 tratur,
445 921 491 956 qui
508 921 629 948 stultitiae
647 928 703 948 suae
713 920 781 947 vitio
802 909 892 947 rerum
909 921 1111 948 universitatem
1131 909 1150 936 Β

328 971 460 1002 perpetuo
479 966 687 1001 circumspicere
706 974 760 993 non
782 966 904 1000 possint,
926 973 976 993 nec
1000 966 1111 993 omnino

330 1011 460 1046 cogitare,
486 1011 711 1038 innumerabilem
733 1012 832 1046 cuique
849 1019 961 1038 avorum
981 1019 1042 1039 esse
1054 1019 1113 1038 ma-

329 1056 474 1091 jorumque
497 1056 708 1089 multitudinem,
732 1057 759 1083 in
785 1064 838 1091 qua
856 1064 927 1092 saepe
950 1057 1063 1084 divitum
1085 1061 1113 1085 et

331 1102 451 1137 inopum,
464 1110 558 1138 regum
572 1107 599 1130 et
612 1110 763 1135 servorum,
778 1103 954 1130 barbarorum
967 1107 993 1129 et
1005 1102 1113 1129 Graeco-

330 1155 390 1175 rum
416 1149 500 1175 series
517 1148 621 1175 inﬁnita
637 1149 762 1176 ducatur.
779 1148 830 1181 Qui
846 1149 870 1176 si
891 1149 1011 1183 quinque
1025 1155 1056 1175 ac
1070 1149 1111 1175 vi-

330 1194 396 1229 ginti
416 1195 550 1229 majorum
564 1198 704 1222 stemmate
719 1195 878 1229 glorientur,
889 1199 937 1222 aut
947 1201 1027 1222 suum
1041 1202 1111 1229 quo-

330 1249 383 1276 que
398 1249 482 1276 genus
502 1241 534 1268 ad
558 1240 697 1268 Herculem
720 1241 923 1276 Amphitryonis
942 1240 1025 1268 lilium
1043 1239 1112 1268 refe-

330 1291 402 1319 rant,
414 1287 466 1314 vile
483 1287 565 1314 nimis
589 1294 621 1314 ac
635 1287 756 1322 putidum
777 1287 914 1322 jactantiae
934 1294 1018 1321 genus
1039 1287 1111 1313 arbi-

331 1338 427 1360 tratur.
443 1332 511 1360 Nam
526 1333 598 1368 quod
614 1333 684 1360 alius
699 1339 771 1360 retro
792 1334 903 1368 quintus
919 1340 950 1360 ac
967 1332 1112 1360 vicesimus

331 1379 365 1406 ab
380 1379 584 1415 Amphitryone,
603 1379 672 1406 alius
695 1379 728 1406 ab
749 1379 842 1406 eodem
859 1378 1111 1414 quinquagesimus,

331 1432 365 1452 eo
380 1430 458 1452 natus
474 1429 587 1460 uterque
604 1425 663 1452 loco
678 1425 722 1458 sit,
736 1433 816 1460 quem
832 1432 881 1452 sua
896 1426 994 1460 cuique
1005 1425 1112 1452 fortuna

307 1466 309 1468 ’
331 1471 466 1503 statuerit,
487 1471 572 1498 risum
593 1476 683 1498 tenere
703 1479 756 1498 non
781 1475 878 1505 potest,
893 1478 955 1498 cum
976 1471 1044 1498 istos
1064 1477 1113 1497 nec

330 1524 423 1544 secum
439 1517 464 1544 id
484 1517 613 1552 cogitare,
630 1524 680 1544 nec
697 1517 802 1544 stolidae
825 1517 921 1544 mentis
937 1517 1051 1551 ineptias
1067 1524 1113 1543 ex-

329 1567 423 1590 cutere
437 1571 515 1598 posse
530 1563 729 1590 animadvertit.
749 1562 819 1590 Idem
837 1570 901 1590 vero
918 1563 944 1589 in
966 1563 1006 1590 liis
1023 1563 1112 1590 omni-
1126 1584 1146 1613 ο

330 1609 382 1636 lius
394 1609 429 1636 ab
444 1609 584 1636 hominum
598 1609 677 1644 vulgo
693 1609 840 1641 deridetur,
859 1609 956 1643 partim
974 1608 1044 1643 quod
1060 1616 1112 1636 cae-

331 1659 404 1682 teros
424 1659 583 1690 arroganter
604 1655 741 1690 despicere
763 1655 902 1687 videatur,
920 1654 1017 1689 partim
1039 1654 1112 1689 quod

330 1701 356 1727 in
373 1701 460 1728 obviis
476 1701 629 1736 quibusque
647 1701 770 1728 excutiat
785 1708 817 1728 ac
830 1700 935 1728 titubet.
950 1714 984 1718 —
997 1699 1112 1726 Prorsus

329 1746 367 1772 uti
387 1753 431 1773 res
447 1751 488 1772 est
503 1746 632 1780 loqueris,
647 1746 682 1772 mi
696 1745 832 1773 Socrates.
845 1760 879 1765 ——
891 1745 924 1772 At
938 1752 1012 1777 vero,
1028 1743 1113 1772 Theo-

331 1792 405 1824 dore,
421 1791 443 1818 si
459 1799 538 1824 quem
556 1791 674 1818 vicissim
687 1799 720 1818 ex
735 1791 793 1819 istis
807 1798 916 1818 sursum
935 1790 1112 1826 philosophus

330 1838 456 1869 traxerit,
471 1844 587 1871 eumque
602 1837 752 1872 augustiori
774 1837 823 1864 hac
837 1838 986 1872 qnmstione
1006 1836 1111 1868 relicta,

327 1880 386 1916 Qua
406 1883 432 1909 in
449 1891 477 1909 re
493 1883 531 1909 vel
545 1889 596 1918 ego
608 1887 643 1915 te,
661 1882 701 1910 vel
714 1887 741 1910 tu
758 1890 800 1909 me
815 1882 871 1917 ipse
883 1882 994 1913 laeseris,
1010 1883 1042 1908 ad
1058 1882 1113 1916 ple-

328 1935 392 1954 nam
408 1928 481 1955 illam
496 1933 523 1956 et
538 1928 669 1963 integram
682 1928 715 1955 de
725 1927 828 1963 justitia
841 1931 868 1954 et
881 1927 1011 1962 injustitia
1023 1927 1112 1962 dispu-

327 1972 455 2000 tationem
478 1973 615 2004 accedere,
631 1972 694 2007 quid
715 1979 761 2007 per
777 1980 836 1999 sese
853 1977 968 2007 utraque
984 1973 1028 2004 sit,
1048 1971 1111 2006 quid

331 2017 371 2045 vel
390 2018 476 2045 ambae
490 2026 504 2045 a
520 2018 624 2046 caeteris
646 2018 782 2050 omnibus,
798 2018 838 2044 vel
854 2018 936 2044 altera
958 2017 1062 2044 differat
1078 2017 1112 2044 ab

328 2063 420 2096 altera,
445 2064 586 2092 enucleare
604 2064 739 2099 jusserit:
756 2068 802 2091 aut
825 2063 848 2090 si
870 2063 993 2090 eumdem
1008 2064 1042 2090 al)
1067 2063 1111 2090 illo

329 2108 443 2143 vulgari,
458 2107 555 2135 Utrum
569 2101 722 2136 fortunatus
736 2116 784 2135 rex
803 2108 847 2135 ille
860 2108 904 2138 sit,
924 2107 969 2142 qui
988 2115 1111 2142 magnam

329 2152 388 2179 auri
405 2153 459 2179 vim
484 2153 629 2187 possideat,
652 2153 686 2180 ad
711 2153 864 2179 universam
883 2152 958 2187 regni
992 2152 1112 2187 adeoque

330 2198 412 2225 totius
430 2197 555 2225 humana:
579 2197 714 2225 felicitatis
737 2201 784 2224 aut
808 2197 923 2224 miseriae
946 2197 1112 2231 contempla-

631 177 764 204 EUSEBll
782 171 1022 204 C‘A‘ZSARIENSIS
1040 176 1116 205 OPP.
1135 177 1224 206 PARS
1243 177 1275 205 ll.
1296 193 1330 198 --
1349 177 1597 207 APOLOGETICA.

1876 181 1945 209 ιωι

1162 236 1354 270 καταφαίνεται
1387 236 1578 272 σμικρολογίας
1607 236 1672 272 (54).
1698 237 1757 263 Ὅτι
1783 237 1828 263 καὶ
1857 238 1874 264 ὁ
1897 239 1945 264 ἀπ’

1168 282 1368 317 Ἀμφιτρύωνος
1391 283 1430 313 εἰς
1454 283 1483 308 τὸ
1498 282 1554 308 ἀνω
1566 283 1814 315 πεντεκαιεικοστὸς
1827 284 1945 316 τοιοῦτος

1161 326 1258 369 ἦν,⁸οῖα
1271 327 1424 354 συνέϐαινεν
1437 327 1510 363 αὒτῷ
1523 328 1602 363 τύχῃ,
1616 329 1662 355 καὶ
1675 329 1690 355 ὁ
1700 330 1881 364 πεντηκοστὸς
1898 331 1946 357 ἀπ’

1162 371 1253 402 αὐτοῦ,
1274 371 1351 406 γελᾷ,
1368 372 1397 397 οὺ
1412 371 1565 407 δυναμένων
1581 369 1733 406 λογίζεσθαί
1747 381 1777 399 τε
1793 374 1838 400 καὶ
1849 374 1946 408 χαυνό-

1161 426 1230 453 τητα
1243 418 1356 453 ἀνοήτου
1368 418 1455 452 ψυχῆς
1469 417 1658 444 ἀπαλλάττειν.
1681 419 1723 446 Ἔν
1737 419 1822 446 ἅπασι
1836 420 1864 446 δὲ
1884 420 1946 446 τού-

1160 466 1217 494 τοις
1233 464 1248 489 ὁ
1262 463 1381 494 τοιοῦτος
1394 464 1445 490 ὑπὸ
1455 464 1507 490 τῶν
1522 463 1624 490 πολλῶν
1641 464 1831 499 καταγελᾶται,
1844 465 1878 492 τὰ
1896 466 1946 500 μὲν

1162 509 1343 544 ὑπερηφάνως
1358 509 1425 544 ἔχων
1439 509 1477 540 ὡς
1501 509 1591 542 δοκεῖ,
1607 510 1642 535 τὰ
1661 509 1682 536 δ’
1697 510 1725 536 ἐν
1742 510 1820 537 ποσὶν
1842 510 1947 544 ἀγνοῶν

1161 564 1190 582 τε
1201 556 1248 582 καὶ
1261 556 1289 582 ἐν
1308 555 1432 587 ἑκάστοις
1445 555 1564 590 ἀπορῶν.
1581 569 1614 574 —-
1629 556 1786 582 Παντάπασι
1802 555 1836 582 τὰ
1858 556 1948 590 γιγνό-

1164 610 1231 637 μενα
1246 601 1349 635 λέγεις,
1365 598 1387 627 ὦ
1406 601 1558 637 Σώκρατες.
1572 615 1607 621 —
1623 601 1706 628 Ὅταν
1720 601 1748 628 δέ
1762 601 1793 636 γέ
1820 610 1882 628 τινα
1896 602 1947 628 αὺ-

1162 647 1282 683 τδς(5ξ’›),
1297 644 1318 673 ὦ
1334 648 1404 682 φίλε,
1426 647 1528 682 ἐλκύσῃ
1549 647 1615 679 ἅνω,
1628 648 1676 675 καὶ
1703 647 1817 684 ἐθελήσῃ
1832 656 1875 679 τις
1898 648 1947 675 αὑ-

1161 694 1215 720 τῶν
1229 693 1284 729 (56)
1299 693 1410 728 ἐκϐῆναι
1423 693 1454 719 ἐκ
1468 692 1525 724 τοῦ,
1539 693 1571 719 Τί
1586 692 1640 727 ἐγώ
1660 702 1686 720 σε
1700 693 1784 720 ἀδικῶ
1799 693 1815 728 ἢ
1840 693 1872 720 σὺ
1885 693 1947 728 ἐμὲ,

1162 740 1202 770 εἰς
1216 739 1310 773 σκέψιν
1323 736 1355 765 αὖ
1368 738 1540 773 δικαιοσύνης
1555 747 1583 764 τε
1596 739 1642 765 καὶ
1656 737 1778 770 ἀδικίας,
1793 738 1820 765 τί
1835 746 1865 764 τε
1883 738 1948 765 ἐκά-

1162 793 1241 820 τερον
1254 785 1357 815 αὐτοῖν,
1376 785 1420 810 καὶ
1438 784 1464 810 τί
1479 783 1531 810 τῶν
1548 784 1654 811 πάντων
1677 784 1693 819 ἢ
1715 783 1838 819 ἀλλήλων
1855 783 1949 819 διαφέ-

1164 840 1239 867 ρετον
1248 840 1255 846 ·
1268 832 1284 867 ἢ
1297 832 1329 858 ὲκ
1339 830 1396 861 τοῦ,
1405 831 1436 857 Εἰ
1452 830 1578 865 βασιλεὺς
1591 830 1724 865 εὐδαίμων
1738 830 1904 866 κεκτημένος
1917 839 1946 856 τε

1163 876 1196 903 αὖ
1213 876 1278 904 πολὺ
1293 876 1412 912 χρυσίον,
1427 877 1466 907 εἰς
1480 876 1617 911 βασιλείας
1634 875 1697 910 πέρι
1710 876 1756 902 καὶ
1774 875 1947 911 ἀνθρωπίνης

1163 922 1230 953 ὅλως
1245 921 1418 956 εὐδαιμονίας
1433 921 1479 946 καὶ
1492 920 1649 955 ἀθλιότητος
1659 919 1813 954 ἐπίσκεψιν,
1831 919 1902 946 ποίω
1917 920 1947 946 τὲ

1161 968 1217 994 τινέ
1233 968 1324 1000 ἐστον,
1346 967 1393 994 καὶ
1407 967 1467 993 τίνα
1482 966 1580 1002 τρόπον
1608 965 1751 1001 ἀνθρώπου
1767 965 1847 1001 φύσει
1861 973 1947 1001 προσ-

1162 1015 1223 1050 ήκει
1238 1014 1267 1040 τὸ
1281 1013 1328 1049 μὲν
1343 1013 1494 1049 κτήσασθαι
1509 1013 1610 1045 αὑτοῖν,
1623 1012 1652 1038 τὸ
1663 1012 1690 1038 δὲ
1701 1013 1850 1047 ἀποφυγεῖν
1861 1020 1868 1028 ·
1882 1012 1947 1046 περὶ

1162 1060 1268 1087 πάντων
1280 1059 1381 1086 τούτων
1395 1059 1458 1086 ὅταν
1472 1055 1504 1085 αὖ
1515 1059 1569 1085 δέοι
1582 1058 1660 1091 λόγον
1670 1058 1765 1084 διδόναι
1774 1057 1819 1084 τὸν
1834 1057 1948 1092 σμικρὸν

1162 1108 1264 1133 ἐκεῖνον
1280 1106 1328 1142 τὴν
1343 1106 1442 1141 ψυχὴν,
1456 1106 1502 1132 καὶ
1517 1105 1626 1140 δριμὺν,
1641 1105 1687 1131 καὶ
1699 1104 1845 1136 δικανικὸν,
1867 1103 1946 1130 πάλιν

1162 1151 1195 1179 αὖ
1210 1152 1372 1188 ἀντίστροφα
1385 1152 1547 1179 ἀποδίδωσιν
1557 1159 1563 1166 ·
1585 1150 1705 1184 ίλιγγιῶν
1720 1159 1748 1177 τε
1765 1150 1819 1186 γὰρ
1834 1149 1883 1176 καὶ
1894 1149 1948 1176 ἀπὸ

1163 1199 1264 1234 ὑψηλοῦ
1291 1198 1464 1234 κρεμασθεὶς,
1491 1198 1537 1223 καὶ
1553 1196 1658 1231 βλέπων
1685 1196 1820 1232 μετέωρος
1843 1195 1947 1222 ἄνωθεν

1163 1245 1215 1271 ὑπὸ
1243 1244 1371 1279 ἀληθείας
1385 1243 1440 1279 (57)
1455 1243 1596 1278 ἀδημονῶν
1611 1251 1658 1274 τε,
1682 1243 1729 1269 καὶ
1752 1241 1864 1276 ἀπορῶν
1877 1261 1884 1273 ,
1902 1242 1948 1267 καὶ

1164 1290 1346 1326 βαρὸαρίζων,
1362 1289 1466 1324 γέλωτα
1477 1288 1611 1324 Θράτταις
1625 1287 1674 1322 μὲν
1685 1287 1715 1314 οὺ
1734 1287 1868 1322 παρέχει,
1892 1286 1946 1312 οὐδ’

1163 1335 1236 1370 ἄλλῳ
1251 1334 1406 1369 ἀπαιδεύτῳ
1417 1334 1513 1366 οὐδενὶ,
1528 1334 1558 1360 οὗ
1576 1333 1629 1368 γὰρ
1650 1333 1836 1367 αἰσθάνονται·
1856 1334 1911 1363 τοῖς
1925 1331 1945 1357 δ’

1163 1381 1332 1417 ἐναντίως,ἢ
1360 1381 1397 1412 ὡς
1411 1380 1585 1415 ἀνδραπόδοις
1601 1380 1726 1416 τραφεῖσι
1747 1379 1839 1404 πᾶσιν.
1863 1374 1946 1408 οὗτος

1163 1427 1195 1463 δὴ
1212 1427 1341 1462 ἐκατέρου
1357 1426 1465 1462 τρόπος,
1481 1422 1503 1451 ὦ
1524 1424 1656 1459 Θεόδωρε.
1675 1424 1704 1450 ’0
1717 1424 1776 1458 μὲν,
1794 1423 1833 1458 τῷ
1847 1423 1904 1449 δντι
1919 1424 1946 1448 ὲν

1165 1473 1307 1510 ἐλευθερίᾳ
1327 1481 1356 1499 τε
1369 1473 1416 1499 καὶ
1430 1472 1510 1507 σγολῇ
1521 1470 1753 1506 τεθραμμένου.ὃν
1765 1469 1796 1504 δὴ
1805 1468 1946 1503 φιλόσοφον

1164 1519 1266 1551 καλεῖς,
1279 1515 1301 1552 ᾧ
1316 1519 1481 1554 ἀνεμέσητον
1495 1517 1587 1552 εὐήθει
1599 1517 1692 1559 δοκεῖν-
1698 1516 1745 1553 καὶ
1761 1513 1944 1549 οὐδευᾫίῖναι,

1164 1566 1279 1598 omet;
1292 1563 1644 1600 δουλικὰὲμπέσῃῒιακονή
1649 1573 1732 1600 ματα,
1751 1561 1808 1590 οἷον
1822 1572 1947 1599 στρωμα-

1162 1611 1289 1646 τόδεσμον
1310 1610 1346 1646 μὴ
1359 1611 1537 1645 ἐπιστάμενος
1551 1609 1779 1641 συσκευάσασθαι,
1798 1610 1866 1645 μηδὲ
1882 1609 1946 1644 δψον

1162 1656 1255 1692 ἡδῦναι
1269 1677 1277 1689 ,
1293 1656 1309 1692 ἢ
1337 1656 1430 1687 θῶπας
1444 1656 1539 1689 λόγους
1549 1664 1555 1670 ι
1573 1655 1587 1680 ό
1600 1655 1621 1681 δ’
1635 1653 1680 1687 αὖ,
1706 1654 1740 1681 τὰ
1763 1655 1810 1690 μὲν
1835 1655 1946 1682 τοιαῦτα

1164 1701 1250 1728 πάντα
1261 1700 1408 1736 δυναμένου
1426 1699 1512 1735 τορῶς
1532 1708 1560 1727 τε
1577 1700 1623 1726 καὶ
1636 1698 1716 1731 ὀξέως
1728 1699 1872 1731 διακονεῖν,
1885 1700 1947 1726 ἁνα-

1163 1747 1305 1774 6άλλεσθαι
1321 1747 1349 1773 δὲ
1364 1747 1414 1772 οὐκ
1427 1746 1610 1781 ἐπισταμένου
1624 1746 1670 1772 ἐπὶ
1689 1745 1762 1777 δεξιὰ
1786 1745 1944 1782 ἐλευθέρως,

1162 1793 1215 1819 οὐδ’
1231 1793 1360 1828 ἁρμονίαν
1376 1792 1432 1827 (58)
1447 1792 1532 1826 λόγων
1558 1792 1684 1824 λαϐόντος
1711 1791 1797 1828 ὀρθῶς
1826 1792 1946 1827 ὑμνῆσαι

1163 1839 1230 1865 θεῶν
1244 1848 1272 1865 τε
1292 1839 1339 1865 καὶ
1360 1838 1464 1875 ἀνδρῶν
1491 1838 1655 1873 εὐδαιμόνων
1670 1838 1727 1873 βίον
1748 1838 1846 1874 ἀληθῆ.
1862 1852 1898 1858 —
1915 1838 1945 1864 ΕΞ

1162 1885 1275 1916 πάντας,
1289 1881 1310 1911 ὦ
1328 1884 1480 1920 Σώκρατες,
1500 1884 1602 1916 πείθοις
1620 1884 1638 1911 ἃ
1657 1884 1745 1918 λέγεις
1766 1884 1860 1919 ὥσπερ
1883 1884 1944 1918 spx.

1163 1931 1262 1958 πλείων
1277 1931 1309 1957 ἂν
1334 1931 1426 1966 εἰρήνη
1441 1930 1487 1956 καὶ
1500 1930 1571 1957 κακὰ
1585 1930 1686 1956 ἐλάττω
1706 1930 1766 1956 κατ’
1785 1928 1945 1964 ἀνθρώπους

1162 1977 1215 2013 εἴη.
1232 1992 1265 1997 ——
1284 1977 1352 2003 Ἀλλ’
1379 1976 1434 2003 οὔτ’
1451 1975 1596 2002 ἀπολέσθαι
1624 1976 1658 2002 τὰ
1687 1975 1760 2002 κακὰ
1784 1975 1908 2007 δυνατὸν,
1923 1972 1945 2001 ὦ

1141 2044 1148 2052 .
1162 2023 1283 2058 Θεόδωρε
1304 2022 1480 2056 (ὑπεναντίον
1501 2021 1556 2057 γάρ
1583 2030 1608 2048 τι
1622 2021 1661 2056 τῷ
1683 2021 1776 2056 ἀγαθῷ
1802 2022 1857 2048 αἰεὶ
1877 2018 1945 2048 εἶναι

1162 2068 1298 2102 ἀνάγκη),
1312 2067 1369 2094 οὒτ’
1382 2068 1411 2094 ἐν
1426 2067 1496 2098 θεοῖς
1508 2066 1576 2093 αὐτὰ
1592 2065 1723 2102 ἱδρῦσθαι.
1738 2067 1793 2102 Τὴν
1802 2066 1830 2092 δὲ
1845 2066 1945 2102 θνητὴν

1162 2115 1242 2149 φύσιν
1256 2114 1302 2140 καὶ
1315 2113 1389 2140 τόνδε
1402 2113 1446 2139 τὸν
1462 2112 1542 2139 τόπον
1553 2111 1694 2147 περιπολεῖ
1705 2111 1734 2143 ἐξ
1750 2111 1884 2147 ἀνάγκης.
1900 2112 1944 2140 Διδ

1162 2160 1208 2187 καὶ
1221 2159 1366 2195 πειρᾶσθαι
1376 2159 1428 2194 χρὴ
1442 2157 1544 2184 ἐνθένδε
1554 2158 1642 2183 ἐκεῖσε
1651 2156 1760 2191 φεύγειν
1770 2157 1809 2184 ὃτι
1819 2158 1941 2192 τάχιστα.

1161 2206 1234 2242 Φυγὴ
1245 2206 1273 2232 δέ
1290 2205 1417 2240 ὁμοίωσις
1428 2203 1487 2238 Θεῷ
1503 2203 1573 2230 κατὰ
1585 2204 1615 2230 τὸ
1627 2203 1738 2229 δυνατόν
1748 2212 1756 2218 ’
1776 2203 1904 2238 ὁμοίωσις
1916 2204 1943 2230 δέ

329 2246 430 2272 tionem
447 2245 606 2276 traduxerit,
625 2249 655 2271 ut
668 2248 778 2276 statuat,
793 2248 848 2270 tum
863 2251 986 2278 quaenam
1000 2245 1107 2278 propria

1161 2251 1218 2276 ἐστι
1242 2249 1344 2275 δίκαιον
1370 2249 1417 2274 καὶ
1432 2248 1503 2274 ὃσιον
1527 2247 1596 2282 μετὰ
1623 2248 1778 2283 φρονήσεως
1807 2248 1941 2281 γενέσθαι.

329 2291 364 2318 sit
386 2291 526 2326 utriusque
544 2291 629 2323 ratio,
645 2296 701 2317 tum
723 2289 951 2325 quemadmodum
969 2294 1110 2324 utramque

328 2337 369 2364 vel
388 2337 526 2371 suspicere
543 2337 583 2363 vel
605 2336 740 2364 declinare
757 2335 875 2362 hominis
893 2339 995 2361 natura:
1010 2342 1109 2362 conve-

328 2383 395 2410 niat.
410 2382 448 2409 De
465 2382 506 2409 his
521 2382 645 2409 omnibus
658 2389 718 2410 cum
734 2385 827 2409 nostro
844 2381 906 2407 huic
920 2385 973 2408 tam
990 2385 1111 2416 angustae

328 2429 442 2461 mentis,
458 2436 538 2464 quam
560 2428 616 2455 aeri
639 2436 671 2456 ac
696 2428 846 2455 vehementi
866 2426 968 2453 rabula:
992 2434 1111 2461 pronun-

328 2475 450 2502 tiandum
470 2475 538 2505 erit.
563 2478 621 2501 tum
637 2474 774 2501 enimvero
793 2472 939 2507 quamdam
961 2472 1043 2499 veluti
1072 2477 1111 2499 ta-

331 2520 409 2547 lionis
431 2520 517 2555 legem
536 2519 645 2546 subibit.
664 2518 730 2546 Nam
753 2526 768 2546 e
781 2517 919 2552 superiore
934 2517 993 2544 loco
1009 2518 1111 2552 pendu-

330 2564 383 2594 lus,
399 2569 425 2591 et
440 2564 567 2592 inferiora
583 2564 734 2598 despiciens
747 2583 753 2594 ,
777 2562 920 2589 insolentia
939 2562 978 2588 rei
1004 2563 1108 2597 vertigi-

330 2616 391 2634 nem
414 2609 503 2636 subito
521 2609 646 2644 patietur,
669 2613 696 2637 et
720 2608 816 2644 partim
835 2608 985 2639 aestuando,
1012 2608 1109 2642 partim

367 2675 423 2710 (54)
436 2678 658 2712 Σμικρολογίας.
673 2677 742 2711 Lege
757 2676 805 2711 τῆς
819 2675 943 2710 σμικρολ.
955 2683 987 2703 ex
999 2675 1110 2702 Platone

330 2715 357 2736 et
373 2713 565 2738 rnanuscriuto.
1090 2714 1097 2721 ’

366 2744 421 2784 (55)
441 2744 544 2784 (unde.
568 2747 666 2784 itccte,
691 2753 742 2784 non
763 2745 866 2784 αὐτόνἰ
883 2749 912 2770 ut
927 2745 961 2784 _in
987 2745 1108 2784 Platone.

331 2778 461 2815 Deinceps
474 2781 544 2806 enim
558 2782 590 2808 de
605 2781 764 2815 philosopho
779 2782 846 2815 ipso
860 2780 989 2815 loquitur,
1004 2781 1050 2814 qui
1067 2781 1109 2806 vi-

330 2814 421 2850 cissim
445 2814 578 2842 hominem
605 2814 853 2850 ἀφιλόσοφον,⁷καὶ
879 2814 1004 2850 ἀγοραῖόν
1029 2823 1107 2846 τινα,

331 2848 471 2885 traducat,
481 2848 674 2884 ridendnmque
687 2848 827 2885 proponet.

366 2883 421 2919 (δῦ)
445 2883 490 2917 Τὶς
502 2885 608 2911 αὐτῶν.
624 2883 727 2912 Mallem
739 2883 838 2912 abes-is
856 2887 895 2918 τὶς
906 2906 912 2918 ,
936 2891 960 2913 ct
977 2886 1063 2913 αὐτῶν
1081 2887 1106 2912 in

1168 2294 1246 2320 Ἀλλά
1259 2294 1323 2329 γὰρ,
1341 2291 1363 2320 ὦ
1374 2295 1478 2329 ἄριστε,
1500 2293 1530 2319 οὐ
1547 2293 1617 2320 πάνυ
1632 2302 1658 2319 τι
1674 2294 1763 2329 ῥᾴδιον
1788 2295 1890 2326 πεῖσαι,
1907 2294 1943 2325 ὡς

1161 2341 1212 2375 ἄρα
1225 2340 1274 2375 οὐχ
1299 2338 1336 2366 ὢν
1361 2340 1440 2366 ἓνεκα
1451 2341 1474 2365 οἱ
1492 2339 1581 2365 πολλοί
1595 2347 1659 2373 φασι
1679 2339 1732 2365 δεῖν
1748 2339 1879 2374 πονηρίαν
1895 2339 1943 2374 μὲν

1161 2384 1280 2418 φεύγειν,
1312 2384 1410 2419 ἀρετὴν
1429 2384 1457 2410 δὲ
1472 2382 1589 2414 διώκειν,
1614 2383 1716 2410 τούτων
1743 2384 1821 2418 χάριν
1846 2384 1877 2409 τὸ
1895 2384 1943 2419 μὲν

1161 2428 1356 2463 ἐπιτηδευτέον,
1370 2428 1399 2454 τὸ
1411 2427 1433 2454 δ’
1446 2427 1487 2458 οὓ,
1502 2428 1545 2454 ἵνα
1557 2427 1585 2453 δὲ
1606 2427 1660 2462 (59)
1676 2426 1712 2462 μὴ
1729 2427 1823 2459 κακὸς,
1835 2427 1883 2454 καὶ
1901 2428 1943 2454 ἴνα

1161 2474 1260 2507 ἀγαθὸς
1277 2473 1340 2508 δοκῇ
1354 2471 1432 2500 εἶναι.
1450 2472 1542 2500 Ταῦτα
1556 2473 1604 2508 μὲν
1615 2473 1668 2507 γάρ
1681 2474 1754 2498 ἐστιν
1767 2473 1782 2498 ὁ
1798 2472 1943 2508 λεγόμενος

1160 2518 1251 2554 γραῶν
1275 2518 1362 2549 ὕθλος,
1384 2518 1421 2549 ὡς
1435 2518 1495 2552 ἐμοὶ
1513 2517 1652 2552 φαίνεται·
1668 2517 1698 2544 τὸ
1718 2517 1746 2543 δὲ
1772 2517 1872 2553 ἀληθὲς
1892 2515 1941 2544 ὦδε

1160 2564 1283 2599 λέγομεν.
1303 2563 1368 2595 Θεὸς
1385 2563 1489 2599 οὐδαμῆ
1500 2563 1624 2598 οὐδαμῶς
1634 2563 1734 2593 ἄδικος,
1753 2563 1810 2588 ἀλλ’
1835 2563 1873 2594 ὡς
1889 2560 1941 2589 οἷόν

1160 2618 1188 2635 τε
1201 2609 1366 2640 δικαιότατος
1376 2617 1382 2624 ’
1403 2609 1450 2635 καὶ
1463 2609 1512 2634 οὐκ
1524 2608 1597 2634 ἐστιν
1612 2607 1685 2642 αὑτῷ
1700 2608 1855 2643 ὁμοιότερον
1867 2608 1941 2634 οὐδὲν

1159 2677 1240 2704 αὐτόν
1263 2678 1380 2709 mutari,
1396 2685 1476 2705 sensu
1498 2677 1668 2707 clarissimo,
1684 2675 1730 2711 qui
1752 2676 1855 2710 alioqui
1879 2683 1939 2710 per-

1159 2713 1433 2782 οὺίξῖιῖυᾷληθείας.
1451 2745 1654 2782 Reponendum,
1671 2753 1704 2773 ex
1716 2744 1827 2773 Platone
1839 2749 1866 2772 et
1882 2751 1939 2771 ma~

1160 2783 1316 2816 nuscriptis,
1333 2782 1452 2817 ἀηθείας.

1195 2814 1262 2852 (58f
1272 2817 1339 2843 οὐδ’
1356 2814 1509 2851 opperiar.
1524 2816 1618 2844 Melius
1641 2823 1674 2844 ex
1696 2815 1818 2848 Platone,
1832 2814 1893 2842 οὐδέ
1907 2821 1940 2849 γι

1159 2852 1248 2922 “Ei-9)
1271 2888 1330 2914 "Ira
1347 2887 1389 2914 δέ.
1405 2886 1474 2921 Lege
1489 2886 1531 2913 ἵνα
1545 2886 1588 2922 δή,
1603 2891 1633 2913 ιιι
1648 2885 1718 2920 apud
1731 2885 1886 2913 Platonem.
