2078 3207
212 172 280 199 Η)υὸ

788 169 947 197 ΡῐῖᾸῖΡΑΒ.
968 169 1094 198 EVANG.
1116 169 1178 197 LIB.
1200 169 1257 199 XII.

1753 175 1820 203 l006

208 231 226 260 ἢ
238 231 267 261 ὃς
282 229 314 256 ἂν
326 229 404 264 ἡμῶν
417 227 449 256 αὖ
466 228 576 263 γένηται
588 228 629 255 ὅτι
646 228 824 259 δικαιότατος.
852 229 918 264 Περὶ
932 229 989 255 τοῦ-

1041 229 1200 263 Ιιιυεὶωιιιιο,
1214 230 1311 264 partim
1334 230 1478 258 barbarum
1495 233 1585 259 nescio
1599 233 1663 267 quid
1686 240 1822 260 connnur-

206 285 254 303 τον
280 275 333 311 (60)
362 275 408 301 καὶ
424 276 440 310 ὴ
456 275 492 306 ὡς
510 274 616 310 ἀληθῶς
631 274 749 309 δεινότης
773 274 866 309 ἀνδρὸς
879 296 886 307 ,
904 275 950 301 καὶ
975 275 990 310 ἡ

207 322 332 357 εὐγένειά
348 331 387 353 τε,
406 322 452 348 καὶ
470 323 485 356 ἠ
502 321 621 355 ἀνδρεία.
639 321 669 347 ἸΙ
688 321 736 356 μὲν
749 320 802 355 γὰρ
817 320 908 357 τούτου
922 321 991 355 γνῶ-

209 378 260 401 σις,
276 369 354 403 σοφία
369 369 415 394 καὶ
433 367 516 403 ἁρετὴ
542 366 670 402 ἀληθινή·
689 367 705 402 ἡ
720 367 747 393 δὲ
767 367 872 401 ἄγνοια,
887 367 990 402 ἀμαθία

207 416 254 442 καὶ
269 415 350 442 κακία
363 415 488 449 ἐναργής.
503 414 534 439 Ai
548 413 569 440 δ’
586 413 663 440 ἄλλαι
676 412 827 448 δεινότητές
846 421 874 439 τε
897 413 990 439 δοκοῦ-

208 469 252 486 σαι
272 460 318 486 καὶ
332 459 433 493 σοφίαι,
447 460 475 485 ὲν
490 459 538 494 μὲν
553 459 702 490 πολιτικαῖς
715 458 881 490 δυναστείαις
899 459 990 493 γιγνό-

206 513 298 541 μεναι,
330 505 465 541 φορτικαὶ,
492 506 520 530 ὲν
535 505 563 531 δὲ
589 505 702 540 τέχναις,
727 505 862 540 βάναυσοι.
884 504 928 539 Τῷ
946 503 990 531 οὖν

205 551 342 578 ἀδικοῦντι
377 552 419 580 καὶ
447 551 541 578 ἀνόσια
557 551 661 585 λέγοντι
683 552 700 587 ἢ
723 551 867 586 πράττοντι
894 551 991 586 μακρῷ

206 599 294 632 ἄριστ’
311 598 366 633 ἔχει
383 598 412 624 τὸ
426 597 462 632 μὴ
480 599 629 633 συγχωρεῖν
644 597 699 632 (61)
714 597 792 632 δεινῷ
805 598 856 624 ὑπὸ
872 606 990 632 πανουρ-

206 643 269 677 γίας
286 641 365 669 εἶναι.
385 643 555 677 ’Λγάλλονται
575 643 628 678 γὰρ
646 642 685 677 τῷ
701 643 810 675 ὀνείδει,
831 643 876 669 καὶ
892 644 990 670 οἴονται

206 690 326 721 ἀκούειν,
342 690 381 715 ὅτι
394 690 424 715 οὐ
438 689 514 724 λῆροί
527 689 589 719 εἰσι,
606 688 657 723 γῆς
673 687 759 720 ἄλλως
776 688 860 724 ἄχθη,
876 689 932 715 ἀλλ’
944 689 990 715 ἄν-

206 734 269 770 δρες
282 735 353 766 οἴους
368 734 407 760 δεῖ
417 735 446 760 ἐν
459 734 533 760 πόλει
549 735 612 766 τοὺς
635 735 850 770 σωθησομένους.
876 735 990 761 Λεκτέον

206 778 253 807 οὖν
271 780 395 815 τάληθὲς,
408 781 448 806 ὅτι
460 781 578 816 τοσούτῳ
594 781 692 817 μᾶλλόν
708 781 775 807 εἰσιν
792 778 841 806 οἶοι
853 781 903 807 οὐκ
923 781 991 806 οἷον·

206 836 262 860 ται,
277 827 316 854 ὅτι
331 827 390 862 οὐχ).
405 828 514 854 οἴονται.
534 828 672 862 ’Δγνοοῦσι
685 828 739 864 γὰρ
754 827 854 863 ζημίαν
873 827 989 859 ἀδικίας,

207 873 241 908 ἥν
265 874 305 900 δεῖ
321 873 418 908 ἥκιστα
447 875 562 908 ἀγνοεῖν.
593 875 629 901 Οὐ
656 874 709 909 γάρ
723 875 805 906 ἐστιν,
828 874 861 909 ἢν
873 873 988 905 δοκοῦσι,

207 917 311 953 πληγαί
322 926 350 943 τε
362 919 408 944 καὶ
419 918 536 952 θάνατοι,
549 915 587 945 ὧν
600 918 685 945 ἐνίοτε
701 919 851 954 πάσχουσιν
866 918 921 952 (62)
943 919 987 944 οὺ-

206 963 252 995 δὲν
266 963 430 996 ἀδικοῦντες,
444 963 510 990 ἀλλὰ
523 965 557 1000 ἣν
572 964 701 991 ἀδύνατον
718 965 855 998 ἐκφυγεῖν.
876 979 908 983 -
924 965 989 990 Τίνα

207 1008 240 1044 δὴ
255 1008 343 1043 λέγεις
354 1017 361 1042 ;
374 1025 407 1029 —
421 1010 664 1045 Παραδειγμάτων,
687 1007 709 1036 ὧ
727 1010 786 1044 φίλε
797 1030 804 1041 ,
828 1011 856 1036 ὲν
885 1010 922 1045 τῷ
934 1011 989 1036 ὄντι

207 1055 341 1087 ἑστώτων,
372 1056 419 1082 τοῦ
437 1057 485 1091 μὲν
503 1056 574 1083 θείου
604 1056 856 1092 εὐδαιμονεστάτου,
889 1055 936 1082 τοῦ
962 1056 990 1082 δὲ

207 1101 288 1128 ἀθέου
308 1102 471 1128 ἀθλιωτάτου
484 1111 489 1117 ’
502 1103 552 1138 οὑχ
572 1103 689 1138 ὁρῶντες
703 1103 743 1129 ὅτι
758 1102 842 1134 οὕτως
857 1102 923 1137 ἔχει,
939 1102 990 1128 ὑπὸ

207 1146 374 1183 ἠλιθιότητός
390 1156 417 1174 τε
434 1147 479 1173 καὶ
498 1148 545 1183 τῆς
566 1149 682 1183 ἐσχάτης
702 1148 806 1179 ἀνοίας,
833 1147 990 1174 λανθάνουσι

206 1192 246 1228 τῷ
269 1193 317 1228 μὲν
337 1194 505 1228 ὁμοιούμενοι
530 1194 574 1220 διὰ
597 1194 646 1225 τὰς
659 1194 766 1225 ἀδίκους
781 1193 903 1229 πράξεις,
914 1193 952 1228 τῷ
963 1194 991 1220 δὲ

207 1242 410 1277 ἀνομοιούμενοι
420 1251 426 1257 -
436 1238 465 1268 οὗ
479 1241 510 1277 δὴ
523 1241 624 1268 τίνουσι
633 1241 720 1277 δίκην,
735 1240 833 1273 ζῶντες
841 1240 885 1267 τὸν
899 1240 992 1267 εἰκότα

207 1286 267 1322 βίον
315 1287 475 1323 ἐμοιοῦνται.
486 1288 533 1314 “Av
544 1288 572 1314 δὲ
587 1287 718 1322 εἴπωμεν,
738 1287 789 1318 ὅτι,
809 1286 841 1313 ἂν
855 1287 891 1322 μὴ
904 1285 990 1312 ἀπαλ-

207 1333 310 1367 λιγῶσι
336 1333 386 1368 τῆς
405 1333 564 1369 δεινότητος,
582 1333 628 1359 καὶ
659 1332 873 1368 τελευτήσαντας
894 1333 991 1363 αὐτοὺς

207 1379 311 1410 ἐκεῖνος
329 1379 376 1413 μὲν
392 1379 406 1404 ό
418 1377 472 1405 τῶν
487 1377 579 1404 κακῶν
596 1378 715 1413 καθαρὸς
734 1378 816 1409 τόπος
828 1378 857 1404 οὐ
876 1377 989 1410 δέξεται,

208 1425 302 1452 ἐνθάδε
315 1425 343 1451 δὲ
356 1425 404 1460 τὴν
421 1424 509 1456 αὐτοῖς
523 1424 668 1459 ὁμοιότητα
684 1424 820 1458 διαγωγῆς
834 1424 877 1450 ἀεὶ
891 1423 989 1457 ἕξουσι,

208 1471 288 1498 κακοὶ
304 1472 397 1502 κακοῖς
410 1470 637 1502 συνόντες,ταῦτα
653 1470 685 1506 δὴ
698 1470 745 1497 καὶ
764 1470 934 1497 παντάπασιν
954 1470 991 1501 ὡς

204 1516 289 1543 δεινοὶ
301 1516 347 1543 καὶ
363 1515 509 1551 πανοῦργοι
528 1516 647 1551 ἀνοήτων
666 1515 746 1542 τινῶν
769 1514 938 1542 ἀκούσονται.
958 1530 992 1534 -

207 1561 264 1588 Καὶ
279 1561 350 1597 μάλα
363 1561 405 1596 δὴ,
421 1558 444 1587 ὦ
459 1560 610 1596 ἃῦκρατες.
631 1576 665 1581 ——
679 1559 743 1588 Οἶδά
762 1569 802 1587 τοι
813 1581 819 1593 ,
842 1557 864 1587 ὦ
890 1561 989 1597 ἑταῖρε.
1005 1569 1025 1595 c

211 1607 259 1634 Ἐν
276 1607 404 1642 μέντοιτι
429 1607 520 1639 αὐτοῖς
546 1607 728 1643 συμϐέϐηκεν,
744 1607 807 1634 ὅταν
838 1607 889 1642 ἰδίᾳ
912 1607 990 1641 λόγον

206 1654 255 1690 δέῃ
266 1654 366 1686 δοῦναι,
384 1654 431 1680 καὶ
445 1653 581 1687 δέξασθαι⁷
603 1655 666 1690 περὶ
675 1651 712 1680 ὧν
726 1653 838 1688 ψέγουσι
849 1674 857 1686 ,
872 1653 918 1680 καὶ⁵
945 1653 990 1679 θε-

207 1700 326 1735 λήσωσιν
345 1700 480 1736 ἀνδρικῶς
497 1699 579 1727 πολὺν
591 1700 686 1735 χρόνον
704 1700 863 1734 ὑπομεῖναι,
888 1699 935 1725 καὶ
952 1699 990 1734 μὴ

205 1747 346 1783 ἀνάνδρως
367 1749 476 1782 φυγεῖν·
504 1746 563 1773 τότε
577 1748 695 1780 ἀτόπως,
719 1743 741 1772 ὧ
756 1746 886 1780 δαιμόνιε,
901 1745 990 1771 τελευ-

205 1792 308 1824 τῶντες
324 1793 374 1820 οὐκ
397 1793 559 1828 ἀρέσκουσιν
581 1793 658 1820 αὐτοὶ
683 1793 789 1824 αὐτοῖς,
817 1792 882 1828 περὶ
898 1787 934 1818 ὧν
949 1791 991 1816 λέ-

206 1846 297 1873 γουσι,
311 1839 357 1866 καὶ
371 1840 387 1874 ἡ
401 1838 531 1874 ῥητορικὴ
546 1838 657 1865 ἐκείνων
680 1846 738 1869 πως
762 1837 989 1873 ἀπομαραίνεται,

207 1883 278 1910 ὥστε
293 1884 396 1911 παίδων
408 1884 489 1920 μηδὲν
501 1883 586 1910 δοκεῖν
597 1883 744 1918 διαφέρειν.
768 1892 777 1908 ι

1042 275 1185 309 mutando,
1204 277 1288 303 risum
1314 275 1450 308 vicissim,
1470 285 1522 304 non
1542 278 1598 311 jatn
1622 277 1747 306 Tln'essis
1761 279 1823 312 qui-

1041 321 1166 352 busdam,
1179 326 1226 348 aut
1237 321 1320 349 bardo
1331 322 1447 357 cuipiam
1459 330 1490 350 ac
1501 323 1618 357 stupido,
1631 324 1676 358 qui
1690 324 1823 358 ejusmoli

1041 368 1108 394 nihil
1138 369 1237 395 sentire
1260 368 1368 403 possit;
1392 373 1418 395 at
1431 368 1464 395 iis
1486 368 1594 396 demum
1618 371 1663 404 qui
1690 371 1767 398 aliter
1792 379 1823 398 ac

1042 413 1175 448 mancipia
1198 414 1303 441 educati
1321 413 1431 446 fuerim,
1449 415 1575 442 omnibus
1591 416 1728 442 excitabit.
1751 415 1823 444 Talis

1041 463 1096 490 est.
1126 460 1161 486 mi
1191 459 1353 492 Theodore,
1379 461 1497 488 hominis
1528 461 1669 494 utriusque
1694 462 1822 489 conditio.

1040 504 1120 539 605
1138 504 1227 531 Altera
1254 505 1362 539 quidem
1379 505 1448 539 ejus,
1466 505 1512 539 qui
1538 504 1626 539 reipsa
1654 505 1680 531 in
1703 504 1824 532 libertate

1041 555 1067 576 et
1079 550 1134 577 otio
1148 549 1278 577 educatus
1292 550 1473 585 fuerit,queni
1487 555 1513 577 tu
1527 550 1718 585 philosophum
1731 558 1822 577 vocas.

1042 595 1110 623 Huic
1123 596 1196 622 enim
1221 596 1330 631 impune
1353 605 1386 624 ac
1410 598 1469 624 sine
1486 597 1586 631 probro
1611 597 1700 628 liceat,
1716 604 1778 623 cum
1797 597 1823 623 in

1041 642 1138 669 servile
1166 642 1308 669 ministerii
1335 651 1420 677 genus
1453 642 1596 675 inciderit,
1623 642 1772 676 simplicem
1797 647 1825 669 ct

1041 688 1160 721 ineptum
1175 687 1269 716 videri.
1287 688 1408 722 adeoque
1422 688 1526 714 nullutn
1550 695 1620 720 esse,
1641 688 1687 722 qui
1709 688 1823 722 exempli

1041 739 1122 758 causa
1137 739 1186 758 nec
1201 732 1320 767 stragula
1340 740 1512 767 componere,
1535 740 1583 759 nec
1600 732 1674 760 cibos
1690 732 1822 764 obsoniis,

1041 785 1091 804 nec
1113 777 1251 804 blanditiis
1278 779 1425 805 orationem
1454 779 1565 805 condire
1592 778 1707 806 noverit.
1733 778 1823 805 Altera

1040 830 1104 849 vero
1130 823 1189 857 ejus
1212 828 1264 855 est,
1290 825 1335 858 qui
1359 831 1420 850 cum
1447 829 1584 851 strenuam
1611 824 1671 851 istis
1698 825 1824 852 omnibus

1041 876 1151 903 operam
1169 868 1303 902 cicganter
1320 874 1345 896 et
1358 869 1481 903 expedite
1497 876 1595 895 navare
1607 869 1701 903 possit,
1716 870 1824 904 ingenui

1041 918 1131 940 tamen
1146 921 1178 941 ac
1197 914 1317 941 liberalis
1340 914 1415 940 chori
1441 914 1481 941 vel
1505 914 1687 948 prolusionem
1713 915 1826 942 solerter

1041 959 1181 987 instituere
1194 967 1247 986 non
1265 965 1368 994 potest.
1380 960 1478 986 nedum
1499 965 1538 992 ut,
1548 961 1678 987 orationis
1692 966 1824 988 concentu

1041 1004 1144 1038 integre
1168 1008 1348 1038 accurateque
1372 1008 1515 1039 percepto,
1539 1012 1627 1032 veram
1647 1011 1693 1033 aut
1711 1006 1824 1033 deorum

1040 1055 1086 1077 aut
1103 1050 1241 1076 beatorum
1258 1050 1398 1077 hominum
1409 1051 1490 1077 vitam
1500 1051 1636 1078 celebrare
1656 1057 1784 1086 queat.—
1796 1051 1825 1079 Si

1042 1095 1132 1128 ﬁdem,
1146 1104 1161 1122 ο
1176 1095 1314 1128 Socrates,
1331 1097 1366 1123 ab
1382 1097 1442 1124 aliis
1458 1097 1586 1124 omnibus
1601 1098 1713 1132 perinde
1729 1103 1758 1125 ut
1774 1099 1824 1126 abs

1042 1150 1085 1169 me
1102 1142 1152 1169 hoc
1175 1142 1202 1168 iit
1226 1150 1325 1177 genere
1346 1143 1516 1177 impetrares,
1534 1143 1621 1178 major
1645 1151 1711 1171 sane
1734 1145 1823 1180 quies,

1042 1188 1230 1223 malorumque
1251 1189 1341 1216 minus
1360 1189 1387 1216 in
1409 1189 1526 1216 humana
1540 1190 1594 1216 vita
1611 1195 1774 1219 versaretur.
1790 1207 1826 1212 —

1042 1235 1122 1269 Atqui
1147 1235 1214 1266 fieri,
1231 1235 1266 1262 mi
1286 1234 1437 1268 Theodore,
1450 1244 1502 1263 non
1522 1241 1624 1271 potest,
1638 1237 1675 1263 uti
1698 1237 1769 1264 mala
1784 1238 1825 1265 vel

1042 1281 1153 1308 omnino
1167 1281 1296 1308 tollantur
1309 1281 1381 1316 (cum
1397 1281 1498 1316 aliquid
1513 1289 1618 1316 semper
1633 1282 1704 1309 bono
1717 1287 1826 1311 contra-

1042 1326 1112 1352 rihm
1138 1333 1280 1361 superesse
1301 1333 1411 1353 necesse
1430 1327 1485 1360 sit).
1503 1327 1545 1353 vel
1560 1327 1629 1362 apud
1654 1327 1719 1355 deos
1733 1327 1824 1355 locum

1041 1373 1167 1399 habeant.
1185 1373 1218 1399 At
1233 1372 1304 1399 circa
1319 1373 1460 1399 mortalem
1481 1377 1616 1403 naturam,
1632 1378 1658 1400 ct
1670 1373 1823 1402 inferiorem

1042 1417 1112 1444 hanc
1142 1417 1278 1451 regionem
1309 1418 1417 1445 assidue
1448 1418 1657 1453 necessarioque
1681 1424 1823 1454 vagantur.

1043 1463 1223 1496 Quamobrem
1238 1463 1393 1490 enitendum
1412 1463 1546 1498 pratcipue
1563 1465 1652 1497 nobis,
1668 1471 1697 1492 ut
1715 1465 1778 1492 hinc
1793 1474 1825 1493 ea

1043 1510 1183 1537 celeritate
1208 1513 1309 1544 quanta
1337 1509 1393 1536 tieri
1421 1509 1519 1544 poterit
1537 1510 1654 1537 maxima
1678 1509 1823 1546 fugiamus.

1043 1556 1109 1590 Quae
1125 1556 1233 1591 quidem
1251 1555 1313 1591 fuga
1327 1556 1394 1583 nihil
1410 1560 1451 1583 est
1473 1556 1556 1590 aliud,
1571 1565 1652 1591 quam
1675 1557 1826 1585 similitudo

1045 1610 1105 1629 cum
1132 1601 1202 1633 Deo,
1229 1606 1363 1636 quatenus
1384 1602 1417 1629 ad
1441 1610 1500 1629 eam
1527 1603 1647 1637 aspirare
1672 1603 1743 1631 licet.
1768 1603 1825 1631 Hoc

1044 1655 1125 1682 porro
1145 1646 1331 1674 similitudinis
1349 1654 1433 1682 genus
1451 1647 1477 1674 in
1495 1648 1631 1682 aequitate,
1647 1649 1823 1679 sanctimonia

1045 1694 1242 1729 prudentiaque
1259 1693 1393 1720 consistit.
1411 1692 1463 1719 Sed
1482 1693 1554 1720 enim
1565 1714 1572 1725 ,
1589 1694 1631 1721 vir
1646 1695 1761 1729 optime,
1776 1703 1824 1722 us—

1044 1748 1097 1774 que
1113 1740 1181 1766 adeo
1195 1739 1273 1765 facile
1290 1738 1446 1773 persuaderi
1463 1746 1516 1765 tum
1532 1744 1628 1773 potest,
1647 1747 1699 1767 non
1716 1748 1749 1768 eo
1760 1737 1826 1768 con-

1042 1786 1104 1813 silio
1117 1785 1189 1819 quod
1209 1784 1351 1812 hominum
1367 1784 1456 1819 vulgo,
1476 1792 1538 1811 cum
1561 1785 1588 1812 in
1604 1786 1669 1815 vitio
1687 1785 1824 1822 fugiendo,

1043 1837 1098 1859 tum
1117 1833 1142 1858 in
1161 1830 1347 1866 persequenda
1363 1830 1462 1857 virtute
1483 1832 1651 1865 propositum
1668 1840 1729 1860 esse
1746 1833 1824 1864 solet,

1042 1877 1251 1905 incumbendum
1267 1877 1294 1904 in
1311 1877 1425 1903 alterum
1442 1883 1501 1904 esse
1511 1897 1518 1909 ,
1533 1877 1567 1903 ab
1582 1877 1667 1905 altero
1683 1878 1808 1906 discedeu

207 1931 286 1962 dum,
303 1932 354 1958 hoc
368 1937 418 1964 est,
440 1939 474 1958 ne
498 1931 596 1964 maius,
613 1930 660 1958 sed
682 1930 771 1964 potius
787 1934 818 1958 ut
837 1930 924 1957 bonus
940 1936 1000 1956 esse
1016 1927 1142 1955 videaris.
1159 1924 1205 1952 lla:
1218 1925 1317 1960 quippe
1333 1929 1408 1958 sunt,
1429 1929 1458 1951 ut
1481 1924 1546 1951 mihi
1564 1925 1672 1960 quidem
1688 1926 1824 1958 videntur,

208 1977 296 2006 aniles
310 1985 378 2012 quas
393 1982 489 2004 vocant
512 1976 617 2004 fabulae.
634 1975 780 2008 Caeterum,
801 1977 872 2010 quod
892 1975 1003 2002 omnino
1025 1980 1118 2001 verum
1140 1976 1191 2002 est,
1209 1971 1246 1998 ita
1272 1970 1426 1998 statuimus.
1454 1969 1526 1998 Deus
1551 1971 1625 1998 nullo
1640 1970 1720 2005 plane
1744 1972 1826 1998 modo

209 2025 328 2059 injustus
342 2029 392 2055 est,
409 2024 454 2059 sed
470 2024 523 2050 vim
540 2030 646 2050 omnetn
658 2022 772 2056 justitia:
789 2021 1035 2056 perfectionemque
1058 2018 1233 2053 complexus;
1251 2025 1301 2044 "00
1317 2015 1433 2043 θῖηιλίίηε
1454 2015 1477 2042 οῖ
1491 2016 1639 2050 qumquam
1652 2024 1712 2044 esse
1727 2017 1823 2051 Ροεεῖιι

207 2077 291 2104 quam
305 2069 351 2104 qui
371 2069 538 2104 justissimus
552 2069 632 2096 etiam
650 2069 720 2096 inter
743 2068 866 2095 homines
890 2067 979 2094 fuerit.
1008 2065 1063 2093 Hac
1080 2073 1132 2092 una
1159 2072 1187 2091 re
1203 2064 1243 2090 vis
1264 2063 1354 2090 onmis
1376 2062 1562 2096 industriaque
1580 2062 1707 2094 hominis,
1728 2063 1824 2090 inertia

209 2117 292 2145 simul
307 2121 332 2144 et
348 2116 518 2144 imbecillitas
534 2116 662 2143 aestimari
685 2116 772 2144 debet.
797 2114 865 2142 Nam
886 2119 917 2142 ut
937 2114 997 2149 ejus
1012 2113 1130 2147 cognitio
1146 2119 1209 2138 vera
1225 2115 1266 2137 est
1291 2117 1352 2136 cum
1372 2110 1471 2137 virtute
1487 2109 1635 2143 sapientia;
1649 2109 1689 2136 sic
1703 2109 1824 2143 ejusdem

209 2165 355 2200 ignoratio,
371 2165 522 2192 certissima
538 2172 600 2192 cum
614 2164 732 2198 inscitia,
752 2168 809 2191 tum
835 2162 994 2198 improbitas
1009 2165 1061 2189 est.
1077 2161 1179 2188 Caetera
1194 2167 1255 2193 qua:
1269 2158 1348 2192 vulgo
1360 2157 1486 2183 videntur
1505 2155 1641 2183 facultatis
1658 2163 1690 2184 ac
1711 2156 1826 2183 solertia:

209 2221 319 2247 genera,
336 2217 362 2240 et
377 2213 403 2240 in
418 2213 489 2240 civili
502 2213 737 2241 administratione
751 2211 842 2247 gravia
858 2215 922 2239 sunt
934 2218 966 2237 ac
982 2209 1106 2242 molesta,
1122 2213 1149 2235 et
1171 2209 1198 2234 in
1219 2207 1317 2234 artium
1330 2205 1418 2232 classe
1433 2202 1585 2231 illiberalia.
1600 2201 1729 2236 Quisquis
1744 2201 1826 2236 igitur

209 2261 271 2289 aliis
284 2261 432 2296 iniuriosus
446 2266 497 2295 est,
511 2269 607 2297 resque
620 2261 744 2297 indignas
765 2265 812 2289 aut
830 2260 960 2296 loquitur,
977 2263 1023 2286 aut
1040 2258 1160 2290 molitur,
1175 2256 1199 2283 ei
1215 2263 1279 2282 sane
1300 2261 1381 2289 quam
1394 2253 1525 2288 optimum
1543 2250 1632 2283 fuerit,
1649 2250 1670 2277 si
1687 2258 1826 2284 nunquam

210 2312 237 2338 id
253 2311 302 2345 ipsi
319 2311 507 2342 concedamus,
526 2315 555 2337 ut
568 2310 665 2337 astutia
681 2310 769 2337 valere
783 2309 900 2337 dicatur.
917 2307 1042 2335 Gaudent
1056 2306 1129 2334 enim
1147 2305 1199 2332 huc
1216 2303 1305 2338 probri
1323 2309 1431 2337 genere,
1449 2300 1556 2334 sibique
1569 2298 1741 2345 persuadent,
1754 2297 1826 2345 aliud

209 2344 356 2392 significari
373 2356 451 2388 nihil,
466 2363 547 2390 quam
564 2362 624 2383 sese
636 2363 689 2382 non
702 2354 808 2389 stipites
823 2353 956 2388 quosdam
973 2359 1044 2383 esse,
1062 2355 1109 2378 aut
1124 2349 1229 2377 inutilia
1245 2353 1323 2376 terrae
1335 2347 1464 2382 pondera,
1481 2345 1527 2372 sed
1544 2344 1667 2371 [nomines
1681 2344 1825 2392 ejusmodi,

208 2391 303 2438 quales
315 2411 362 2430 eos
374 2409 444 2431 esse,
458 2402 504 2437 qui
524 2402 549 2428 in
566 2400 658 2435 repub.
675 2400 793 2427 maxime
811 2399 988 2429 retineantur,
1005 2401 1138 2431 oporteat.
1156 2394 1256 2422 Verum
1276 2400 1340 2428 ergo
1365 2393 1451 2427 palam
1468 2398 1494 2419 et
1511 2397 1602 2427 aperte
1616 2391 1758 2419 dicendum
1773 2395 1826 2422 est,

207 2449 349 2486 meos
363 2448 502 2481 nimirum,
517 2449 610 2483 quales
632 2449 742 2476 minime
765 2448 941 2477 arbitrantur.
959 2447 1008 2473 hoc
1024 2450 1066 2473 est
1087 2445 1188 2479 magis,
1210 2450 1265 2478 quo
1283 2442 1373 2469 minus
1399 2441 1574 2468 arbitrantur.
1591 2440 1687 2468 Veram
1705 2440 1777 2467 enim
1795 2447 1827 2467 ac

209 2485 347 2531 propriam
365 2497 545 2532 improbitatis
569 2506 674 2532 pmnam
700 2498 836 2533 ignorant,
858 2503 941 2532 quam
959 2495 1071 2522 minime
1096 2493 1217 2520 omnium
1241 2491 1366 2526 ignorare
1387 2489 1544 2516 debuerant.
1569 2486 1623 2513 Nec
1637 2486 1708 2512 enim
1726 2485 1781 2515 illa.
1798 2485 1825 2512 in

246 2563 301 2598 (60)
321 2565 388 2598 Περὶ
406 2565 527 2597 τοῦτον,
545 2571 596 2592 etc.
614 2565 689 2599 Apud
712 2565 851 2592 Platonem
876 2563 933 2591 haec
950 2564 986 2590 ita

210 2600 346 2635 leguntur.
361 2600 426 2634 Περὶ
440 2600 533 2628 τούτου
548 2601 594 2627 καὶ
607 2601 623 2635 ἡ
639 2601 676 2632 ὡς
693 2600 798 2635 ἀληθῶς
812 2599 930 2634 δεινότης
943 2599 988 2635 ἀντ

208 2634 282 2671 δρὸς,
296 2635 342 2661 καὶ
357 2635 462 2662 οὐδενία
475 2644 514 2666 τε,
531 2636 578 2662 καὶ
593 2634 731 2671 ἀνανδρία.
739 2634 808 2668 ριιιε
830 2635 908 2671 lectio
922 2634 986 2671 mibi

207 2669 246 2697 ob
261 2670 400 2703 sequentia
413 2671 584 2698 vehementer
600 2669 737 2705 probatur,
754 2670 780 2697 in
797 2669 988 2705 quibuseopia.

209 2709 237 2732 et
250 2704 334 2740 ἀρετή
348 2705 382 2732 ab
396 2705 500 2740 ἀμαθίᾳ
512 2710 539 2732 et
557 2704 640 2740 κακίᾳ
655 2706 867 2740 distinguuntur.
883 2704 986 2740 Mallem

209 2744 300 2779 tamen
330 2740 393 2775 περὶ
415 2739 492 2767 τοῦτο
516 2748 596 2775 quam
627 2739 690 2775 ἕτερὶ
717 2740 821 2771 τούτου,
853 2744 899 2766 aut
926 2739 988 2773 περὶ

208 2783 303 2801 τουτον
307 2795 313 2802 .

246 2809 302 2844 (61)
316 2809 354 2837 Τὸ
365 2811 408 2845 μὴ
419 2810 592 2845 συγχωρεῖν,
604 2815 656 2838 etc.
668 2809 777 2837 Ficinus
791 2809 880 2845 vertit,
890 2810 912 2835 si
924 2808 989 2835 nihil

209 2843 318 2880 vafritie
332 2843 429 2880 possit,
452 2843 496 2872 nec
514 2843 614 2872 [artibus
632 2845 708 2872 malis
724 2850 831 2871 utantur
845 2843 988 2880 [legentu—

211 2879 278 2916 lur].
301 2881 333 2907 At
349 2880 525 2916 philosophus
544 2885 648 2908 tantum
666 2881 740 2913 vult,
755 2880 860 2908 etiamsi
884 2879 944 2907 talis
964 2886 991 2905 re

1041 2563 1098 2597 ipsa
1129 2561 1180 2592 sit,
1205 2559 1338 2595 agendum
1353 2565 1412 2585 esse
1429 2562 1531 2589 tamen,
1548 2562 1580 2581 ne
1593 2555 1672 2581 talem
1688 2561 1718 2580 se
1733 2553 1826 2581 haberi

1048 2597 1150 2624 sentiat.

1040 2606 1318 2667 581ἒίέἓι’⁷ιὶνίὲιν·ιοτε
1333 2625 1571 2667 πάσχουσιν..ιῇ
1591 2624 1666 2667 οὐδέν
1687 2632 1748 2652 cum
1776 2623 1828 2667 πέ-

1042 2659 1134 2703 σχὸυσῖ.
1157 2665 1348 2703 conjungatur,
1376 2659 1474 2702 sensus
1489 2661 1550 2693 erit,
1575 2668 1639 2703 guilt
1655 2660 1749 2687 Irarum
1773 2659 1825 2703 qli-

1041 2694 1145 2737 ᾳῦαηᾴο
1158 2694 1225 2728 nihil
1236 2694 1346 2726 ειῖὺεαιιι
1358 2718 1365 2729 ,
1383 2697 1427 2732 qui
1443 2701 1594 2731 peccantur.
1608 2694 1659 2736 _Sin
1674 2703 1748 2737 vero,
1755 2699 1826 2737 cum

1043 2729 1211 2766 ἆδικοῠντες.
1226 2741 1324 2770 sensus
1337 2737 1378 2760 est
1388 2729 1479 2766 'quem
1494 2730 1738 2770 expressitn_us..At
1755 2729 1827 2770 Fiei-

1045 2781 1105 2804 nus,
1123 2764 1298 2806 posteriorem
1314 2769 1386 2806 hunc
1400 2764 1605 2806 secutus,:po§t
1619 2764 1826 2806 ἀδικοῦντες-Ιςξ

1043 2800 1253 2843 εἱεεὲ”νὶ‹1είιιζ,
1274 2802 1444 2843 ἐκφεύγουσι.
1461 2801 1732 2843 δὲιοὶηάδικοδντες,
1752 2800 1828 2843 addit

1044 2835 1132 2872 Enim.
1157 2846 1181 2868 et
1199 2839 1291 2874 injusti
1307 2835 1373 2873 ἑαυρέ
1388 2837 1514 2864 devitant.
1534 2835 1583 2863 Cui
1601 2836 1708 2864 lectioni
1732 2835 1828 2862 admo-

1046 2879 1108 2906 dum
1124 2877 1211 2904 faveo.
