2078 3207
603 198 737 226 EUSEBII
754 196 989 225 CAESARIENSIS
1008 196 1081 224 OPP.
1102 195 1192 224 PARS
1211 197 1243 224 ll.
1264 212 1298 216 —
1317 196 1568 224 APOLOGETICA.‘
1830 199 1899 226 l008

287 199 299 226 Ι
306 199 355 226 007

288 256 383 291 plagis,
400 260 427 283 ut
440 255 604 286 existimant,
623 259 669 282 aut
683 259 768 282 morte
780 255 912 286 consistit.
931 262 993 282 cum
1009 254 1059 282 ista
1075 261 1258 289 saepenumero
1273 254 1389 282 subeant
1401 254 1438 281 illi
1453 262 1571 289 quoque,
1588 255 1634 289 qui
1648 255 1715 282 nihil
1729 262 1896 290 pecearunt;

287 306 333 333 sed
347 305 391 333 illa
407 305 514 332 demum
526 309 576 336 est,
592 311 672 338 quam
687 303 802 339 effugere
815 304 953 338 improbus
968 311 1046 330 nemo
1060 303 1154 338 possit.
1166 317 1201 322 —
1212 302 1300 336 Quam
1318 306 1344 329 tu
1360 310 1467 338 poenam
1482 301 1626 337 intelligis?
1637 318 1672 322 —
1682 301 1750 329 Cum
1762 303 1789 330 in
1806 310 1897 331 rerum

287 355 393 382 natura,
408 350 444 377 mi
463 350 614 383 Theodore,
629 349 794 383 exemplaria
814 349 868 376 duo
882 348 946 382 sint,
964 348 1084 375 divinum
1108 348 1236 379 alterum,
1258 347 1382 382 idemque
1403 347 1607 380 beatissimum,
1629 348 1742 375 alterum
1774 348 1898 384 impium,

286 399 409 433 idemque
422 399 604 426 miserrimum
619 407 625 424 :
639 397 676 424 illi
701 397 765 424 dum
790 397 826 424 ita
849 404 905 424 rem
931 397 1030 424 habere
1054 404 1106 424 non
1121 396 1223 430 vident,
1238 403 1292 431 quo
1313 400 1423 430 stupore
1443 400 1506 423 sunt
1522 399 1603 429 alque
1621 393 1767 426 dementia,
1780 395 1855 422 alteri
1870 401 1900 423 se

286 442 393 478 ﬂagitiis
408 451 438 470 ac
452 443 598 471 sceleribus
616 443 778 477 persimilcs,
791 442 868 470 alteri
884 442 1081 470 dissimillimos
1095 442 1150 469 ﬁeri
1164 449 1219 469 non
1233 440 1365 469 sentiunt.
1382 439 1466 475 Cujus
1479 447 1544 467 sane
1554 439 1644 466 delicti
1660 438 1712 466 hoc
1727 439 1787 474 ipso
1802 441 1900 474 poenas

285 486 371 519 luunt,
387 494 441 521 quo
457 486 540 513 vitam
556 488 649 520 agunt,
664 486 689 513 ei
704 486 782 521 cujus
795 484 902 514 similes
915 486 1077 518 elIlciuntur,
1093 485 1211 512 maxime
1232 489 1452 513 consentaneam.
1468 483 1572 516 Quibus
1595 483 1617 510 si
1635 482 1755 511 futurum
1769 488 1899 519 praeterea

283 534 492 565 comminemur,
508 533 560 561 nisi
573 533 608 560 ab
623 532 673 559 ista
688 531 815 566 nequitur.
829 532 855 558 vi
871 531 1056 563 discesserint,
1071 531 1110 558 uti
1125 538 1179 558 non
1193 530 1250 565 jam
1265 537 1312 558 eos
1327 534 1388 565 post
1403 529 1506 556 obitum
1525 529 1600 556 locus
1616 528 1661 556 ille
1674 528 1708 556 ab
1721 529 1795 556 omni
1813 529 1899 557 scele-

285 586 402 609 ratorum
418 582 578 615 contagione
591 584 711 608 semotus
727 579 852 614 excipiat,
869 579 915 607 sed
933 579 1022 613 potius
1043 583 1073 605 ut
1092 577 1152 605 istic
1166 577 1217 605 sibi
1234 577 1410 612 moribusque
1425 575 1482 604 suis
1504 575 1668 610 persimilem
1688 575 1750 602 vitae
1766 575 1898 603 rationem

283 632 414 662 perpetuo
426 627 552 658 habeant,
568 627 618 653 hoc
633 631 675 655 est
688 631 718 654 ut
729 635 791 654 eum
808 626 939 662 improbis
951 626 1066 662 improbi
1085 626 1188 654 versari
1202 629 1348 661 cogantur;
1367 625 1393 652 id
1411 624 1549 652 enimvero
1570 630 1624 650 non
1643 630 1721 650 secus
1736 630 1768 651 ac
1782 623 1901 650 deliran-

285 673 351 699 tium
365 672 544 707 quorumdam
557 673 705 706 somnium,
722 673 845 701 homines
863 673 934 708 plani
952 680 984 700 ac
1002 672 1158 707 versipelles
1181 672 1334 700 exaudiant.
1346 686 1380 692 —
1391 670 1430 698 Ita
1447 677 1570 706 prorsus,
1587 675 1604 697 ο
1619 667 1753 696 Socrates.
1767 683 1802 688 ——
1815 668 1897 704 Equi-

283 720 342 747 dem
357 720 383 747 id
398 721 482 756 probe
498 721 571 754 novi,
585 720 734 749 Theodore.
750 721 803 749 Sed
826 725 916 748 tamen
935 721 985 748 hoc
999 721 1032 748 iis
1047 721 1141 748 saltem
1164 728 1216 748 usu
1235 720 1317 752 venit,
1332 723 1363 747 ut
1378 719 1402 747 si
1419 718 1526 754 quando
1544 717 1680 752 privatim,
1695 724 1786 743 rerum
1803 723 1898 744 earum

282 773 351 800 quas
365 765 504 801 despicere
517 773 548 793 ac
560 766 682 794 deridere
695 766 794 798 solent,
808 766 878 793 ultro
895 766 1017 800 citroque
1041 764 1160 792 rationes
1175 763 1325 798 expendere
1345 763 1503 798 oportuerit,
1519 767 1599 798 atque
1611 762 1662 790 hac
1676 762 1703 789 in
1719 762 1900 797 disputatione

283 811 398 846 gradum
410 812 492 846 paulo
505 811 608 840 diutius
622 817 648 839 et
665 813 834 840 constantius
851 804 942 847 ﬁgere,
960 819 1014 838 non
1030 811 1143 846 turpiter
1159 809 1250 845 fugere
1261 809 1398 836 voluerint
1415 818 1422 836 :
1437 813 1494 836 tum
1510 816 1575 836 vero
1591 816 1624 836 ne
1644 809 1695 836 sibi
1711 809 1819 844 quidem
1832 808 1901 844 ipsis

283 856 310 883 in
326 857 447 885 oratione
461 865 509 884 sua
522 858 655 893 placeant,
673 866 777 893 suaque
791 859 842 886 sibi
861 857 996 885 rhetorica
1011 857 1103 885 nescio
1115 863 1170 892 quo
1192 859 1271 891 pacto
1293 855 1482 889 contabescat;
1499 862 1620 890 prorsus,
1638 854 1706 881 nihil
1721 857 1751 881 ut
1776 861 1791 881 a
1805 854 1899 890 pueris

285 901 391 931 diﬂ‘erre
404 901 557 930 videantur.
576 912 585 928 ι

562 948 676 976 CAPUT
696 949 780 977 XXX.

284 993 322 1020 De
338 997 393 1020 toto
416 993 463 1020 illo
479 993 629 1027 sophistica
652 1002 743 1034 genere
754 1014 762 1026 ,
777 993 844 1029 quod
867 995 934 1021 inter
949 993 1064 1020 homines

575 1030 685 1063 reperiri
701 1030 777 1056 solet.

319 1082 346 1110 In
371 1084 470 1111 nostris
492 1091 601 1119 quoque
623 1085 701 1113 libris
721 1085 755 1112 de
775 1089 832 1112 toto
850 1084 895 1112 illo
910 1084 1066 1119 sophisticae

283 1136 390 1164 genere,
406 1130 478 1164 quod
503 1130 643 1158 hominum
669 1132 775 1158 animos
798 1130 955 1165 occupavit,
980 1130 1065 1157 multa

282 1175 430 1202 dicuntur:
448 1185 457 1201 ε
479 1175 616 1211 Sapientia
638 1177 711 1204 enim
733 1176 814 1211 hujus
832 1176 925 1203 mundi
952 1176 1066 1203 stultitia

284 1224 326 1247 est
357 1219 429 1255 apud
456 1219 551 1248 Deum.
581 1221 715 1256 Scriptum
745 1227 786 1249 est
815 1221 886 1248 enim
917 1230 924 1248 ι
951 1220 1065 1249 Perdam

283 1265 442 1299 sapientiam
463 1267 638 1301 sapientium,
654 1273 681 1294 et
702 1267 871 1302 prudentiam
892 1266 1064 1302 prudentium

282 1311 438 1346 rcprobabo.
456 1311 505 1339 Ubi
518 1313 645 1347 sapiens?
658 1313 702 1340 ubi
717 1313 825 1340 scriba?
839 1313 884 1340 ubi
898 1312 1065 1347 conquisitor

280 1357 362 1391 hujus
376 1358 467 1385 saeculi
481 1359 514 1374 ¹·¹
525 1359 537 1386 ?
548 1368 557 1384 ι
575 1358 706 1387 Similiter
715 1359 749 1386 ab
764 1359 798 1386 iis
811 1359 856 1394 qui
873 1359 991 1386 divinam
1005 1359 1065 1394 phi-

280 1402 433 1437 losophiam
450 1403 568 1438 proﬁteri
586 1404 687 1438 velint,
705 1404 806 1431 humile
820 1403 1008 1439 abjectumque
1024 1404 1065 1431 ni-

280 1448 320 1475 hil
335 1450 508 1484 cogitandum
527 1457 588 1478 esse
613 1450 656 1478 his
677 1450 767 1478 verbis
787 1450 950 1477 edocemur:
969 1459 978 1476 ι
993 1450 1064 1478 Con-

279 1491 463 1520 sitlcrantibus
480 1494 558 1522 nobis
582 1502 636 1521 non
649 1501 710 1528 qua:
722 1494 854 1526 videntur,
871 1494 917 1522 sed
930 1501 991 1529 qua:
1008 1501 1063 1521 non

280 1537 405 1565 videntur
421 1547 428 1565 :
447 1538 512 1572 Quae
535 1540 608 1566 enim
626 1539 761 1573 videntur,
781 1543 971 1567 momentanca
984 1543 1061 1572 sunt;

280 1592 341 1619 qua:
361 1592 426 1611 vero
452 1592 505 1612 non
526 1585 667 1618 videntur,
681 1590 790 1613 aeterna.
807 1595 816 1612 ι
832 1585 912 1621 607
931 1585 1062 1613 Przeterea

1375 945 1571 973 ΚΕΦΔΛΑΙΟΝ
1593 945 1634 972 A’.

1168 991 1238 1026 Περὶ
1251 991 1352 1025 πάσης
1364 991 1419 1026 τῆς
1428 992 1463 1018 ἐν
1481 990 1646 1025 ἀνθρώποις
1658 991 1842 1026 σοφιστείας.

1150 1081 1204 1107 Καὶ
1228 1081 1292 1116 παρ’
1313 1081 1379 1116 ἡμῖν
1393 1081 1457 1116 περὶ
1471 1081 1562 1116 πάσης
1578 1081 1627 1116 τῆς
1639 1082 1667 1108 ἐν
1682 1080 1834 1116 ἀνθρώποις
1853 1090 1897 1108 σο-

1116 1126 1236 1161 φιστείας
1249 1125 1355 1161 εἴρηται
1365 1134 1372 1140 ·
1390 1135 1398 1151 t
1426 1125 1458 1152 Ἦ
1471 1126 1524 1162 γὰρ
1542 1126 1620 1160 σοφία
1632 1125 1676 1152 τοῦ
1689 1126 1790 1162 κόσμου
1802 1125 1898 1154 τούτου

1117 1173 1206 1208 μωρία
1230 1171 1306 1207 παρὰ
1317 1171 1356 1206 τῷ
1368 1171 1427 1207 Θεῷ
1446 1172 1513 1199 ἐστι.
1529 1172 1686 1208 Γέγραπται
1701 1171 1764 1208 γὰρ,
1789 1172 1895 1200 ’Δηολῶ

1114 1219 1164 1254 τὴν
1181 1218 1275 1254 σοφίαν
1291 1217 1345 1244 τῶν
1355 1217 1453 1252 σοφῶν,
1467 1218 1514 1244 καὶ
1529 1217 1578 1253 τὴν
1595 1217 1700 1244 σύνεσιν
1709 1218 1763 1244 τῶν
1779 1218 1897 1245 συνετῶν

1115 1265 1248 1300 ἀθετήσω.
1267 1263 1323 1290 Ποῦ
1337 1263 1437 1298 σοφός;
1455 1263 1505 1290 ποῦ
1525 1264 1721 1300 γραμματεύς,
1740 1264 1789 1290 ποῦ
1811 1264 1894 1300 συζη-

1114 1310 1196 1346 ιιητὴς
1213 1309 1260 1336 τοῦ
1277 1309 1373 1341 αίῶνος
1384 1309 1494 1342 τούτου;
1512 1319 1521 1335 ›
1542 1309 1621 1336 Ἀλλὰ
1639 1309 1684 1337 καὶ
1703 1310 1825 1345 περὶτοῦ
1839 1310 1895 1337 δεῖν

1117 1357 1198 1392 μηδὲν
1224 1357 1401 1392 σμικρολόγον
1416 1357 1523 1393 φρονεῖν
1539 1357 1601 1388 τοὺς
1615 1357 1685 1384 κατὰ
1701 1357 1766 1384 Θεὸν
1786 1357 1895 1392 φιλοσο-

1115 1403 1231 1438 φοῦντας
1251 1402 1431 1438 διδασκόμεθα
1444 1403 1472 1429 ὲν
1482 1399 1522 1434 οἷς
1537 1403 1642 1438 εἴρηται
1653 1411 1659 1416 ·
1684 1411 1694 1428 ‹
1719 1403 1894 1430 Σκοποὺντων

1114 1448 1191 1483 ἡμῶν
1201 1448 1232 1474 οὐ
1248 1448 1282 1475 τὰ
1297 1447 1458 1483 βλεπόμενα,
1473 1447 1540 1474 ἀλλὰ
1562 1448 1596 1474 τὰ
1613 1447 1650 1483 μὴ
1668 1447 1819 1484 βλεπόμενα
1831 1457 1838 1463 ⁸
1854 1448 1896 1475 Τὰ

1114 1493 1168 1529 γὰρ
1183 1493 1334 1528 βλεπόμενα
1349 1493 1511 1529 πρόσκαιρα,
1524 1493 1558 1519 τὰ
1573 1493 1601 1519 δὲ
1615 1494 1651 1528 μὴ
1667 1493 1818 1529 βλεπόμενα
1831 1493 1895 1520 αἰώ-

1114 1548 1166 1566 νια.
1188 1549 1197 1565 ι
1214 1540 1269 1566 Καὶ
1294 1539 1356 1574 περὶ
1373 1539 1419 1565 τοῦ
1432 1539 1481 1574 τὴν
1494 1538 1593 1565 κακίαν
1622 1539 1685 1575 περὶ
1709 1540 1759 1574 γῆν
1786 1539 1832 1566 καὶ
1848 1539 1894 1566 τὸν

1115 1584 1208 1620 θνητὸν
1220 1585 1276 1620 βίον
1287 1584 1407 1620 εῑλῆσθαί
1422 1585 1486 1620 φησί
1501 1593 1551 1611 που
1567 1586 1580 1612 ὁ
1593 1585 1662 1617 θεῖος
1676 1585 1770 1620 Λόγος·
1788 1594 1797 1611 t
1818 1585 1896 1618 Ἐξα-

282 1630 480 1664 improbitatem
496 1631 568 1657 circa
589 1635 688 1658 terram
704 1631 841 1666 vitamque
858 1630 1000 1658 mortalem
1013 1637 1062 1656 vo-

1115 1631 1290 1666 γοραςόμενοι
1305 1630 1350 1658 τὸν
1363 1631 1517 1666 καιρὸν,ὃτι
1527 1632 1554 1658 αἱ
1568 1631 1668 1667 ἡμέραι
1682 1631 1797 1667 πονηραί
1811 1632 1890 1658 εισι-ι

279 1676 372 1709 Ξυιιινί,
387 1676 490 1710 aliquot
508 1676 654 1710 Scriptura).
668 1677 766 1704 divinae,
779 1676 844 1704 locis
861 1676 1038 1703 admonemur
1054 1685 1060 1702 :

279 1726 309 1748 ut
331 1728 394 1748 cum
415 1721 472 1748 ait:
491 1730 501 1746 ι
527 1720 699 1749 Redimentes
722 1727 838 1756 tempus,
855 1721 983 1756 quoniam
1005 1721 1063 1748 dies

279 1765 342 1793 ntali
366 1770 429 1793 sunt
451 1766 481 1799 ';
499 1775 507 1791 ι
535 1766 653 1800 itemque
679 1774 684 1792 :
707 1775 716 1791 ι
742 1766 862 1793 Suﬂiciat
885 1766 939 1793 diei
962 1765 1063 1793 malitia

280 1819 330 1839 sua
344 1811 366 1838 ⁸.
383 1821 392 1837 ι
405 1811 476 1844 Quin
490 1812 572 1839 etiam
592 1812 721 1847 propheta
737 1822 743 1838 :
762 1822 771 1838 ‹
785 1811 950 1846 Exsecratio,
965 1811 1062 1847 inquit,

278 1863 306 1885 ct
322 1857 422 1884 furtum
432 1878 439 1890 ,
456 1862 483 1885 et
502 1858 663 1885 adulterium
673 1879 680 1888 ,
694 1863 720 1886 et
735 1858 820 1886 caedes
833 1858 917 1885 eﬂ‘usa
939 1863 1002 1886 sunt
1017 1865 1064 1885 su-

278 1911 326 1939 per
341 1908 451 1936 terram,
468 1908 495 1930 et
517 1903 663 1938 sanguines
688 1904 866 1938 sanguinibus
883 1904 998 1932 miscent
1009 1904 1030 1930 '.
1050 1913 1060 1929 ι

278 1947 346 1976 Πίῐιο
360 1949 441 1976 etiam
457 1949 490 1976 ad
502 1949 585 1976 Deum
603 1950 679 1977 nobis
694 1949 902 1985 confugiendum
914 1957 974 1977 esse
989 1949 1063 1985 Moy-

278 2001 322 2021 ses
338 1993 447 2021 edicens
463 2003 469 2020 :
485 2003 494 2019 I
509 1993 572 2021 Post
590 1994 734 2021 Dominum
752 1993 835 2022 Deum
848 1999 923 2022 tuum
938 1995 1060 2022 ambula-

280 2040 333 2073 bis,
350 2044 377 2067 et
393 2040 444 2075 ipsi
462 2040 614 2068 adharebis
633 2041 653 2067 °.
673 2050 682 2066 ›
699 2039 755 2067 lmo
776 2039 860 2068 Deum
881 2041 970 2075 ipsum
984 2041 1062 2068 nobis

279 2085 438 2112 imitandum
456 2093 517 2113 esse
538 2085 617 2113 docet
641 2085 684 2113 his
706 2086 796 2114 verbis
811 2093 817 2110 :
834 2096 843 2111 ι
863 2086 954 2114 Sancti
968 2087 1060 2120 eritis,

278 2130 406 2165 quoniam
431 2130 563 2159 Dominus
587 2130 659 2159 Deus
685 2136 774 2159 vester
798 2137 910 2160 sanctus
933 2137 976 2160 est
1001 2132 1021 2158 ⁷.
1048 2142 1057 2158 ι

277 2175 398 2212 Itemque
415 2175 508 2209 David,
523 2184 584 2203 cum
597 2177 700 2211 justum
712 2184 773 2204 esse
788 2176 872 2204 Deum
889 2178 1057 2213 intelligeret,

278 2229 383 2256 nosque
398 2222 431 2249 ad
447 2222 507 2257 ejus
524 2222 700 2250 imitationem
713 2223 902 2251 cohortaretur
917 2232 922 2249 :
941 2233 950 2250 ε
967 2223 1060 2252 Justus

278 2268 426 2302 Dominus,
442 2268 595 2304 inquiebat,
616 2274 643 2296 et
665 2269 785 2303 justitias
808 2270 901 2297 dilexit
922 2270 942 2298 '.
963 2279 972 2296 ›
988 2270 1059 2298 idem

277 2300 462 2350 contemptum
478 2300 643 2342 -divitiarum
665 2300 729 2342 ihoc
762 2315 842 2342 modo
859 2315 1030 2350 praecipiebat
1051 2325 1058 2342 :
1073 2300 1095 2330 C

280 2370 289 2387 ι
310 2360 415 2389 Divitiae
439 2361 462 2388 si
486 2361 606 2393 aﬂluant,
633 2360 714 2389 nolite
737 2368 785 2389 cor
807 2368 939 2396 apponere
957 2362 983 2393 ';
1002 2370 1011 2387 ι
1033 2366 1060 2389 et

276 2415 373 2436 rursus
391 2417 397 2436 :
415 2417 424 2434 ι
444 2407 483 2435 Ne
498 2408 594 2435 timeas
605 2415 666 2435 cum
681 2407 756 2435 dives
772 2407 858 2435 factus
871 2406 952 2435 fuerit
964 2408 1057 2440 homo,

277 2456 324 2480 aut
347 2461 408 2481 cum
434 2453 611 2489 multiplicata
636 2453 718 2480 fuerit
741 2453 827 2489 gloria
852 2453 950 2481 domus
974 2454 1056 2489 ejus:

277 2500 416 2533 quoniam,
431 2507 492 2527 cum
510 2504 632 2527 mortuus
661 2498 760 2532 fuerit,
782 2506 836 2526 non
853 2504 941 2527 sumet
957 2499 1058 2533 omnia,

278 2553 365 2580 neque
385 2545 527 2574 descendet
540 2553 602 2573 cum
625 2553 657 2574 eo
682 2545 766 2581 gloria
782 2545 841 2581 ejus
856 2545 890 2572 ¹⁰.
911 2555 919 2570 ι
938 2544 1058 2572 Honores

277 2590 359 2616 etiam
386 2596 412 2617 et
434 2591 608 2627 magistratus
638 2592 773 2619 humanos
802 2591 880 2618 nihili
910 2590 1054 2618 admodum

279 2635 451 2663 mstimandos
461 2644 521 2667 esse
534 2637 636 2670 docuit,
654 2638 714 2666 clum
728 2637 765 2664 ait
777 2646 784 2664 :
800 2646 809 2662 ι
825 2635 911 2664 Nolite
922 2636 1056 2664 conlidere

1118 1677 1174 1703 καί·
1192 1686 1202 1703 ‹
1227 1677 1352 1712 ’Δρκετδν
1365 1678 1397 1712 τῇ
1415 1678 1530 1714 ὴμέρᾳή
1544 1679 1626 1705 κακία
1636 1678 1729 1714 αὐτῆς.
1745 1688 1754 1704 ι
1773 1679 1894 1712 Λέγειδὲ

1115 1722 1163 1748 καὶ
1176 1722 1190 1748 ὁ
1204 1722 1344 1757 προφήτης
1354 1730 1360 1735 ·
1382 1731 1391 1747 ‹
1413 1721 1488 1757 Ἀρὰ,
1502 1723 1550 1749 καί
1577 1723 1662 1759 κλοπὴ
1675 1743 1682 1755 ,
1701 1723 1748 1749 καὶ
1774 1723 1891 1758 μοιχεία,

1115 1768 1160 1794 καὶ
1176 1767 1254 1802 φόνος
1269 1767 1379 1802 κέχυται
1395 1768 1440 1794 ἐπὶ
1455 1767 1503 1803 τῆς
1517 1769 1577 1803 γῆς,
1599 1769 1645 1796 καὶ
1659 1769 1760 1804 αἵματα
1783 1769 1824 1803 ἐφ’
1851 1770 1894 1795 αἴ-

1116 1821 1179 1848 μασι
1193 1813 1329 1848 μίσγουσι.
1346 1822 1355 1838 t
1371 1813 1438 1849 Περὶ
1450 1813 1478 1840 δὲ
1497 1814 1544 1840 τοῦ
1564 1813 1673 1848 φεύγειν
1690 1813 1792 1841 ἐνθένδε
1818 1815 1893 1850 παρά

1113 1859 1159 1885 τὸν
1171 1859 1235 1885 Θεόν
1252 1867 1331 1894 φησιν
1345 1860 1359 1884 ὁ
1373 1859 1490 1895 Μωῡσῆς
1503 1868 1509 1874 ·
1522 1869 1531 1885 l
1543 1860 1648 1887 Ὀπίσω
1658 1861 1757 1896 Κυρίου
1766 1857 1812 1888 τοῦ
1824 1860 1892 1887 Θεοῦ

1115 1913 1160 1931 σου
1179 1904 1308 1940 πορεύσῃ,
1327 1905 1373 1931 καὶ
1388 1905 1455 1941 πρὸς
1467 1905 1547 1932 αὑτὸν
1559 1906 1721 1942 κολληθήσῃ,
1732 1916 1741 1932 ι
1766 1907 1794 1933 ’0
1809 1907 1831 1933 δ’
1844 1906 1893 1933 αὐ-

1111 1950 1156 1981 τὸς
1172 1950 1312 1986 μιμεῖσθαι
1325 1951 1371 1978 τὸν
1386 1951 1451 1977 Θεδν
1469 1951 1585 1978 διδάσκει
1600 1952 1696 1986 λέγων·
1712 1953 1816 1987 «Ἅγιοι
1832 1953 1891 1979 ἐσε-

1113 1994 1171 2025 σθξ,
1187 1995 1227 2021 ὄτι
1247 1994 1347 2030 Κύριος
1370 1995 1385 2021 δ
1399 1995 1465 2026 Θεὸς
1482 1995 1558 2030 ὑμῶν
1571 1995 1648 2029 ἅγιός
1661 1996 1728 2023 ἐστι.
1753 2005 1762 2021 ι
1783 1996 1893 2022 Δίκαιαν

1111 2040 1139 2066 δὲ
1151 2041 1198 2067 καὶ
1214 2042 1228 2067 ὁ
1241 2040 1319 2067 Δαυῖδ
1329 2041 1374 2067 τὸν
1386 2040 1451 2067 Θεὸν
1465 2041 1550 2072 εἰδὼς,
1566 2042 1638 2076 ἡμᾶς
1654 2050 1681 2068 τε
1696 2042 1793 2073 αὐτοὺς
1805 2050 1891 2077 μιμητ

1111 2086 1159 2117 τὰς
1169 2086 1293 2120 γενέσθαι
1309 2086 1456 2123 παρορμῶν
1467 2094 1531 2121 φησι
1542 2096 1547 2102 ·
1567 2096 1576 2112 t
1588 2087 1695 2119 Δίκαιος
1706 2087 1806 2122 Κύριος
1817 2107 1825 2119 ,
1842 2089 1892 2115 καὶ

1111 2132 1282 2164 δικαιοσύνας
1303 2133 1452 2167 ἠγάπησεν.
1476 2142 1485 2158 ι
1511 2133 1539 2159 '0
1548 2132 1570 2159 δ’
1586 2133 1666 2165 αὐτὸς
1677 2133 1790 2160 πλούτου
1803 2142 1890 2160 κατα-

1112 2180 1218 2214 φρονεῖν
1237 2179 1390 2210 ὲπαίδευσε,
1414 2178 1516 2212 λέγων·
1538 2188 1547 2204 ‹
1564 2179 1680 2211 Πλοῦτος
1703 2179 1750 2206 ἐὰν
1775 2180 1834 2215 ῥέῃ,
1851 2180 1890 2216 μὴ

1111 2224 1285 2260 προστίθεσθε
1299 2225 1412 2260 καρδίαν
1422 2234 1428 2240 ·
1442 2235 1450 2250 ι
1470 2226 1516 2252 καί
1521 2234 1526 2240 ·
1537 2235 1546 2252 t
1563 2226 1607 2261 Μὴ
1622 2225 1713 2260 φοϐοῦ,
1728 2226 1792 2252 ὅταν
1805 2226 1888 2253 πλου-

1109 2272 1171 2306 τίσῃ
1186 2271 1325 2307 ἄνθρωπος
1336 2292 1343 2303 ,
1360 2272 1376 2308 ἢ
1392 2273 1455 2298 ὃταν
1471 2272 1606 2308 πληθυνθῇ
1627 2274 1642 2308 ἡ
1665 2272 1727 2305 δόξα
1747 2273 1794 2300 τοῦ
1812 2273 1889 2300 οἴκου

1111 2316 1209 2343 αὑτοῦ·
1226 2317 1266 2344 ὄτι
1282 2317 1332 2344 οὐκ
1346 2318 1374 2343 ὲν
1396 2318 1431 2353 τῷ
1456 2319 1634 2354 ἀποθνήσκειν
1656 2319 1736 2345 αὑτὸν
1775 2319 1887 2354 λήψεται

1110 2363 1144 2390 τὰ
1160 2363 1257 2395 πάντα,
1271 2363 1329 2390 οὐδὲ
1339 2366 1571 2401 συγκαταϐήσεται
1586 2364 1686 2401 αὺτῷή
1699 2365 1761 2398 δόξα
1776 2366 1884 2393 αὑτοῦ.»

1117 2408 1195 2435 Ἀλλὰ
1210 2408 1276 2444 μηδὲ
1288 2409 1337 2440 τὰς
1350 2410 1378 2436 ὲν
1394 2410 1546 2446 ἀνθρώποις
1566 2411 1650 2446 ἀρχὰς
1673 2410 1820 2446 θαυμάζειν
1839 2412 1888 2438 ἐδί-

1108 2454 1206 2481 δασκεν
1221 2455 1249 2481 ὲν
1275 2455 1394 2488 τούτοις·
1417 2466 1426 2482 ι
1446 2457 1490 2491 Μὴ
1511 2456 1656 2483 πεποίϐατε
1684 2457 1728 2483 ἐπ’
1743 2457 1885 2492 ἄρχοντας,

1109 2500 1152 2534 ἐφ’
1165 2499 1238 2531 υἱοὺς
1249 2499 1416 2535 ἀνθρώπων,
1430 2498 1470 2533 οἷς
1487 2502 1535 2528 οὐκ
1550 2501 1604 2528 ἐστι
1614 2501 1743 2537 σωτηρία.
1766 2501 1886 2534 Ἐξελεύ-

1109 2553 1183 2572 σεται
1198 2545 1228 2571 τδ
1240 2545 1346 2581 πνεῦμα
1359 2546 1451 2579 αὐτοῦ,
1461 2548 1507 2574 καὶ
1521 2546 1698 2574 ἀπελεύσεται
1712 2548 1752 2579 εἰς
1765 2547 1813 2583 τὴν
1833 2548 1886 2582 γῆν

1108 2590 1200 2617 αὑτοῦ·
1222 2591 1264 2616 Ἐν
1277 2591 1369 2628 ἐκείνῃ
1391 2593 1423 2628 τῇ
1449 2592 1537 2628 ἡμέρᾳ
1566 2592 1724 2619 ἀπολοῦνται
1744 2593 1844 2624 πάντες
1861 2594 1885 2620 οἱ

1108 2636 1276 2672 διαλογισμοὶ
1292 2637 1385 2664 αὐτοῦ.
1402 2647 1412 2664 ›

278 2682 306 2709 in
317 2682 491 2717 principibus,
518 2684 544 2711 in
567 2685 628 2712 [iliis
663 2685 818 2717 hominum,
834 2684 861 2711 in
885 2684 984 2720 quibus
1001 2692 1054 2711 non
1072 2689 1113 2711 est
1129 2684 1212 2712 salus.
1237 2683 1328 2712 Exibit
1348 2686 1458 2721 spiritus
1483 2686 1551 2721 ejus,
1567 2690 1594 2713 et
1610 2691 1758 2714 revertetur
1789 2686 1816 2712 in
1831 2690 1886 2713 ter-

281 2735 337 2754 ram
353 2736 428 2756 suam
445 2739 450 2756 :
468 2729 495 2757 In
522 2731 566 2758 illa
591 2731 634 2759 die
652 2732 777 2759 aeribunt
809 2738 904 2759 omnes
933 2731 1107 2766 cogitationes
1127 2730 1185 2764 ejus
1200 2732 1259 2757 “.‘t

317 2869 370 2905 "‘Vl
383 2869 443 2896 Cor.
459 2878 478 2900 I,
496 2871 596 2905 18—20;
614 2871 664 2900 lsa.
688 2881 762 2905 χχιχ,
781 2874 823 2900 Μ.

871 2874 880 2889 ³
902 2873 1000 2908 Ephes.
1029 2883 1055 2904 ν,
1077 2874 1118 2902 lG.

1187 2875 1197 2890 ἰ
1211 2873 1304 2901 Matth.
1323 2883 1360 2908 vi,
1377 2875 1420 2902 54.
1467 2875 1476 2891 ⁵
1490 2874 1552 2902 Osc.
1567 2882 1602 2905 iV,
1616 2874 1642 2901 2.
1682 2875 1691 2890 ⁸
1703 2874 1779 2903 Deut.
1796 2882 1824 2907 ι,
1837 2872 1881 2901 20.

279 2903 491 2938 'Levu.x.,ts.
529 2903 703 2941 "Psal.x,8.
742 2903 971 2943 *‘rsal.m,ii.
1011 2910 1062 2936 ὀι

1113 2931 1118 2937 .
1137 2917 1228 2942 XLVIII,
1243 2910 1284 2942 l7,
1298 2910 1340 2937 l8.
1354 2903 1360 2908 ’
1379 2911 1399 2927 ¹¹
1414 2910 1484 2937 Psal.
1503 2917 1579 2943 cxtv,
1594 2903 1654 2936 9-4.
