2078 3207
213 168 282 198 i009

464 227 659 260 ΚΕΦΑΛΑΙΟΝ
678 228 738 253 AA'.

213 283 391 326 Ὀτιβεήσει
401 285 476 326 ’ποτε
485 284 525 326 τῷ
541 286 644 326 ψεύδει
660 285 725 326 duri
743 285 898 326 φαρμάκου

1005 230 1028 258 Α

563 286 644 328 Ἐύδξι
660 285 725 328 ἀιςτὶ
743 285 898 326 φαρμάκου
920 284 992 328 χρῆ-

247 323 316 349 σθαι
328 322 376 348 ἐπὶ
392 321 518 356 ὠφελείᾳ
539 321 594 348 τῶν
614 321 761 356 δεομένων
783 321 836 348 τοῦ
856 321 991 347 τοιούτου

246 358 368 392 τρόπου.

249 422 258 438 ι
276 411 432 447 Νομοθέτης
444 410 498 448 (65)
518 411 546 438 δὲ
560 408 590 438 οὗ
603 420 629 438 τι
641 411 689 438 καὶ
706 410 820 446 σμικρὸν
835 410 946 445 ὄφελος,
967 411 991 437 εἰ

211 461 258 488 καὶ
274 461 311 496 μὴ
324 460 401 487 τοῦτο
411 458 445 496 ἦν
458 460 543 492 οὕτως
557 460 635 495 ἔχων,
651 459 690 491 ὡς
703 459 749 486 καὶ
762 459 808 485 νῦν
824 458 891 485 αὐτὸ
911 459 991 494 ᾕρηχ’

210 507 225 532 ὁ
239 506 316 540 λόγος
334 505 415 540 ἔχειν,
433 505 510 540 εἴπερ
527 513 552 531 τι
572 505 619 531 καὶ
643 505 706 532 ἄλλο
722 504 870 539 ἐτόλμησεν
898 503 930 530 ἂν
948 504 991 529 ἐπ’

210 552 304 588 ἀγαθῷ
326 552 468 587 ψεύδεσθαι
489 553 556 588 πρὸς
577 554 640 584 τοὺς
658 552 743 584 νέους,
759 553 857 580 ἐστινό
880 562 906 580 τι
936 552 991 588 (64)

210 598 303 625 τούτου
318 598 413 633 ψεῦδος
422 598 639 634 λυσιτελέστερον
654 598 687 626 ἂν
697 598 828 633 ἐψεύσατό
847 607 920 630 ποτε,
946 598 992 625 καὶ

210 646 356 681 δυνάμενον
373 646 470 682 μᾶλλον
485 647 569 673 ποιεῖν
588 646 624 682 μὴ
652 646 707 682 βίᾳ,
730 646 785 673 ἀλλ’
802 646 912 677 ἑκόντας
925 645 993 672 πάν-

210 701 260 724 τας
275 692 404 721 πάντατὰ
417 693 508 722 δίκαια
521 692 594 728 (65);
612 692 700 719 Καλὸν
724 692 772 727 μὲν
792 693 808 727 ἡ
824 691 948 727 ἀλήθεια,
969 688 992 718 ὦ

213 737 281 770 ξένε,
293 739 340 766 καὶ
352 738 464 774 μόνιμον
474 747 480 754 ·
495 738 565 765 ἔοικε
576 738 628 774 μὴν
636 747 666 765 ου
680 739 769 774 ῥᾴδιον
779 736 848 765 εἶναι
861 738 989 764 πείθειν.)

211 784 305 820 Μυρία
318 784 340 810 δ’
354 783 386 812 ἂν
398 784 521 820 εὑρήσεις
532 783 643 810 τοιαῦτα
661 784 708 811 καὶ
724 784 753 810 ὲν
780 783 911 819 Ἑϐραίων
925 791 993 818 γρα-

212 831 286 864 φαῖς,
307 829 343 861 ὡς
363 829 395 856 ἂν
410 830 473 865 περὶ
494 829 561 856 Θεοῦ
578 829 762 865 ζηλοῦντος,ῆ
791 829 947 860 ὑπνοῦντας,
975 828 991 864 ἢ

211 875 397 911 ὀργιζομένου,
415 875 431 910 ἦ
444 883 514 902 τισιν
528 875 617 906 ἄλλοις
637 875 878 911 ἀνθρωποπαθὲσιν
903 876 992 910 ὲνεχο-
1007 895 1027 925 Β

213 921 294 957 μένου
307 921 350 947 ἐπ’
364 921 479 957 ὠφελείᾳ
490 921 543 949 τῶν
556 921 688 956 δεομένων
703 921 749 948 τοῦ
764 921 864 948 τοιοῦδε
888 921 988 957 τρόπου

211 967 327 1003 παρειλη
332 976 350 1002 μ
353 968 432 1002 μένα.

463 1055 658 1082 ΚΕΦΑΛΑΙΟΝ
677 1055 736 1081 AB’.

211 1103 272 1132 Ὅτι
285 1103 327 1137 μὴ
348 1102 444 1137 μόνον
462 1101 581 1137 ἄνδρας,
602 1101 681 1128 ἀλλὰ
694 1101 742 1127 καὶ
763 1108 915 1137 γυνᾳικας,
939 1109 988 1137 και

245 1135 307 1165 πᾶν·
318 1135 403 1172 γέν-ος
418 1136 578 1172 ἀνθρώπων
593 1135 771 1170 προσίεσθαι
787 1136 843 1170 χρὴ
870 1137 914 1169 εἰς
932 1135 989 1170 τὴν

245 1171 460 1212 προειρημένην
472 1171 617 1198 παιδείαν.

248 1227 258 1243 ι
275 1216 338 1253 'Ap’
355 1216 400 1245 οὖν
417 1218 480 1253 ἡμῖν
498 1216 552 1252 (66)
569 1217 604 1243 τά
618 1225 646 1243 τε
664 1215 717 1252 (67)
728 1215 879 1251 ἔμπροσθεν
896 1215 988 1250 ὁμολο-

210 1265 312 1298 γεῖται;
328 1264 391 1299 περὶ
405 1263 451 1290 τοῦ
465 1263 518 1289 δεῖν
530 1262 584 1298 (68)
605 1262 692 1289 πάντα
706 1262 804 1297 ἄνδρα,
832 1262 878 1288 καὶ
894 1261 986 1293 παῖδα,

209 1310 360 1346 ἐλεύθερον,
374 1310 421 1336 καὶ
432 1309 534 1340 δοῦλον,
546 1308 626 1344 θῆλύν
641 1316 670 1334 τε
685 1308 732 1334 καὶ
748 1309 859 1343 ἆρῤενα,
873 1308 919 1334 καὶ
940 1307 987 1343 ὅλῃ

210 1357 244 1391 τῇ
258 1355 332 1382 πόλει
347 1355 411 1391 ὅλην
420 1355 468 1390 τὴν
484 1355 560 1381 πόλιν
573 1355 656 1390 αὐτὴν
677 1354 760 1390 ἑαυτῇ
781 1354 930 1389 ἐπᾴδουσαν
950 1355 986 1390 μὴ

210 1400 345 1428 παύεσθαι
361 1408 426 1426 ποτε
451 1399 536 1426 ταῦτα
552 1399 569 1426 ἃ
589 1399 796 1434 διεληλύθαμεν,
817 1399 987 1434 ἁμωσγέπως

209 1445 255 1473 ἀεὶ
267 1445 494 1481 μεταϐαλλόμενα,
509 1445 555 1471 καὶ
567 1444 664 1476 παντὸς
677 1444 731 1480 (69)
744 1445 915 1480 παρεχόμενα
929 1454 988 1472 ποι-

210 1489 309 1522 κιλίαν,
322 1490 385 1517 ὥστ’
399 1490 549 1525 ἀπληστίαν
575 1488 643 1517 εἷναί
664 1499 724 1517 τινα
738 1490 792 1516 τῶν
818 1490 907 1525 ὕμνων
932 1492 988 1522 τοῖς

210 1534 304 1570 ᾅδουσι
320 1535 367 1561 καὶ
390 1535 496 1570 ἡδονήν.
510 1550 544 1555 -—
555 1534 616 1566 Πῶς
633 1534 654 1562 δ’
671 1535 721 1561 οὐκ
747 1534 780 1561 ἂν
794 1534 941 1570 ὁμολογοῖτ’
955 1535 987 1562 ἂν

210 1582 267 1608 δεῖν
279 1581 364 1608 ταῦτα
376 1581 446 1608 οὕτω
457 1580 638 1618 πράττεσθαις
659 1590 668 1607 ›
685 1581 740 1609 Καὶ
765 1581 795 1608 ὲν
816 1581 855 1616 τῷ
873 1581 989 1617 πέμπτῳ
1001 1573 1023 1601 Cl

210 1627 240 1655 ἃ
254 1628 303 1664 τῆς
319 1628 473 1660 Πολιτείας
485 1627 565 1662 ὅμοια
577 1627 681 1658 τούτοις
691 1626 800 1663 γράφει,
817 1627 879 1654 τάδε
893 1627 987 1661 λέγων·

213 1684 225 1700 ε
243 1672 328 1701 Οἶσθα
342 1682 368 1700 τι
384 1673 439 1708 (70)
454 1671 500 1700 οὖν
512 1673 556 1700 ὑπ’
573 1672 722 1708 ἀνθρώπων
744 1672 941 1708 μελετώμενον,
961 1674 989 1699 ὲν

211 1717 234 1754 ᾧ
245 1719 277 1746 οὐ
288 1720 376 1747 πάντα
388 1719 473 1746 ταῦτα
490 1720 546 1754 (71)
563 1720 593 1746 τὸ
604 1719 658 1746 τῶν
673 1719 777 1754 ἀνδρῶν
803 1719 879 1754 γένος
898 1720 990 1755 διαφε-

213 1765 314 1801 ρόντως
325 1765 380 1801 ἔχει
395 1765 410 1800 ἢ
426 1765 456 1792 τὺ
474 1765 526 1792 τῶν
539 1764 673 1799 γυναικῶν
688 1774 695 1798 ;
713 1766 749 1791 Ἦ
768 1765 989 1802 μακρολογῶμεν,

210 1811 262 1846 τήν
275 1819 304 1837 τε
319 1811 466 1846 ὑφαντικὴν
480 1811 612 1845 λέγοντες,
629 1811 675 1838 καὶ
691 1811 740 1847 τὴν
755 1811 809 1838 τῶν
820 1812 946 1839 ποπάνων
960 1820 990 1838 τε

211 1856 260 1883 καὶ
271 1856 417 1892 ἑψημάτων
435 1856 596 1892 θεραπείανς
613 1858 642 1883 ὲν
659 1854 699 1888 οἷς
713 1856 744 1891 δή
760 1866 787 1883 τι
803 1857 876 1884 δοκεῖ
897 1858 926 1884 τὸ
942 1866 990 1892 γυ-

211 1903 329 1929 ναικεῖον
342 1901 419 1936 γένος
431 1901 508 1934 εἷναι,
525 1898 555 1929 οὗ
575 1903 622 1928 καὶ
645 1902 909 1937 καταγελαστότατόν
930 1905 990 1931 ἐστι

211 1946 341 1982 πάμπολυ
362 1946 522 1982 ἡττώμενον.
547 1947 656 1982 Ἄληθῆ,
680 1947 745 1982 ἔφη,
762 1947 860 1982 λέγεις,
882 1949 922 1975 ὄτι
943 1950 991 1975 καὶ

211 1992 279 2019 πολὺ
293 1993 430 2028 κρατεῖται
446 1994 475 2019 ἐν
490 1993 600 2026 ἅπασιν,
613 1993 650 2025 ὡς
666 1992 730 2024 έπος
744 1994 829 2019 εἰπεῖν
839 2013 847 2025 ,
869 1994 899 2020 τὸ
914 1994 990 2028 γένος

210 2037 260 2065 τοῦ
271 2038 375 2072 γένους.
391 2039 521 2071 Γυναῖκες
544 2039 634 2074 μέντοι
652 2039 746 2065 πολλαὶ
767 2039 869 2067 πολλῶν
888 2040 990 2075 ἀνδρῶν

212 2082 331 2118 βελτίους
347 2084 387 2116 εἰς
403 2083 504 2110 πολλά·
519 2083 549 2110 τὸ
567 2083 596 2110 δὲ
614 2083 673 2110 ὅλον
697 2083 753 2118 ἔχει
775 2085 812 2116 ὼς
837 2085 868 2111 σὺ
891 2084 989 2119 λέγεις.

211 2129 295 2156 οὐδὲν
307 2129 361 2166 ἄρα
373 2130 457 2162 ἐστὶν,
474 2127 496 2157 ὦ
511 2130 581 2165 φίλε,
595 2130 760 2165 ἐπιτήδευμα
770 2130 824 2157 τῶν
837 2131 913 2157 πόλιν
928 2131 992 2157 διοι-

211 2174 340 2208 κούντων,
371 2176 507 2210 γυναικὸς,
524 2175 589 2202 διότι
604 2176 682 2210 γυνὴ,
707 2176 761 2202 οὐδ’
786 2176 897 2212 ἀνδρὸς,
925 2177 991 2203 διότι

210 2221 297 2268 ἀνήρ)
313 2221 475 2257 ἀλλ’ὸμοίως
489 2222 685 2257 διεσπαρμέναι
694 2223 721 2249 αἱ
734 2222 829 2257 φύσεις
849 2223 877 2249 ὲν
889 2223 988 2258 ἀμφοῖν
1003 2239 1027 2268 Β

209 2267 268 2293 τοῖν
283 2265 376 2299 ζώοινθ
394 2268 440 2294 καὶ
458 2268 564 2295 πάντων
581 2268 630 2303 μὲν
643 2269 748 2304 μετέχει
765 2268 832 2304 γυνὴ
847 2269 987 2305 ἐπιτηδευ-

213 2312 305 2348 μάτων
317 2313 386 2340 κατὰ
402 2313 491 2349 φύσιν,
519 2313 625 2340 πάντων
650 2314 678 2340 δὲ
692 2315 778 2350 ἀνήρ’
796 2315 842 2342 ἐπὶ
866 2316 931 2341 πᾶσι
959 2315 988 2341 δὲ

211 2358 402 2395 ἀσθενέστερον
426 2359 493 2395 γυνὴ
518 2359 620 2395 ἀνδρός.
635 2374 670 2379 -
684 2360 758 2386 Πάνυ
784 2369 825 2395 γε.
842 2377 877 2380 -
891 2359 929 2387 Ἦ
942 2358 987 2388 οὖν

210 2405 323 2442 ἀνδράσι
348 2406 436 2432 πάντα.
456 2405 650 2441 προστάξομεν,
674 2406 784 2440 γυναικὶ
805 2407 833 2433 δὲ
847 2406 939 2440 οὺδέν;
954 2421 988 2426 --

211 2450 267 2478 Καὶ
283 2450 355 2484 πῶς;
368 2466 404 2471 -
419 2451 487 2477 Ἀλλ’
504 2451 561 2478 ἔστι
573 2451 637 2487 γὰρ,
650 2450 735 2486 οἶμαι,
748 2451 786 2484 ὡς
802 2452 932 2487 φήσομεν,
941 2452 987 2479 καὶ

247 2516 302 2587 (65)
321 2517 497 2553 Νομοθέτης.
515 2517 600 2552 Plato,
618 2526 637 2545 ιι
656 2517 729 2553 Leg.,
746 2525 806 2553 pag.
822 2517 883 2549 580,
901 2517 932 2545 C.

260 2551 302 2587 64)
324 2552 429 2578 Ἔστιν
443 2552 459 2578 ὅ
474 2561 510 2584 τι,
533 2558 584 2580 etc.
609 2553 646 2580 Ita
667 2552 757 2584 Plato,
781 2557 808 2580 et
829 2558 919 2586 recte;

260 2551 302 2588 64)
324 2551 429 2578 Ἔστιν
443 2552 459 2578 ὅ
474 2561 510 2584 τι,
533 2558 584 2580 etc.
609 2553 646 2580 Ita
667 2551 757 2584 Plato,
781 2551 808 2580 ἐι
829 2558 919 2586 recte;
940 2553 985 2588 qui

211 2586 297 2614 etiam
308 2587 448 2622 periodum
464 2588 671 2622 interrogatione
686 2588 794 2614 claudit.

249 2621 304 2657 (65)
327 2622 365 2649 Τὰ
378 2621 485 2649 δίκαια.
511 2622 590 2650 Deest
604 2623 728 2653 verbum,
755 2626 816 2656 puta
840 2622 985 2657 πράττειν,

212 2658 357 2698 προτιμᾷν,
375 2657 493 2698 ἑλέσθαι,
509 2658 676 2698 ⁸τιξροελέσϐειιι,
693 2657 907 2698 atlt'al._sirnile‘:
924 2666 985 2684 nam

212 2693 308 2723 ποιεῖν,
326 2693 402 2732 quod
425 2692 570 2727 praecedit,
594 2700 655 2719 cum
676 2692 817 2727 participio
840 2692 986 2728 δυνάμενον

212 2731 387 2754 construitur.

249 2761 305 2800 (r66)
324 2759 383 2796 Ἆρ’
395 2761 452 2800 οὖν
464 2762 543 2800 ἡμῖν.
557 2761 633 2800 Plato
644 2782 650 2794 ,
673 2770 690 2789 η
706 2762 766 2797 Leg.
777 2782 784 2793 ,
798 2762 935 2800 pag.__580,
952 2762 984 2790 ll.

212 2795 316 2830 Quibus
341 2795 394 2825 non
425 2795 557 2825 absﬁnilia
595 2795 767 2832 disputantur
798 2795 814 2824 a
835 2795 986 2825 (Clemente

212 2831 407 2868 alexandrine,
421 2832 518 2859 Slrom.
536 2833 582 2859 lib.
598 2831 709 2868 tv,’pag.
721 2832 784 2864 565,
798 2832 842 2868 ubi
856 2831 935 2868 etiam
952 2841 985 2859 ex

213 2866 321 2902 Epicuri
345 2873 449 2900 mente,
467 2868 532 2895 nulli
551 2872 596 2895 aut
611 2866 744 2896 mtati‘aul
761 2867 909 2896 conditioni
925 2866 986 2902 pro-

818 166 976 195 PRIEPAR.
996 166 1119 196 EVANG.
1132 168 1194 197 LIB.
1208 168 1265 196 XII.

1750 171 1819 198 10Ῑο

1314 227 1427 256 CAPUT
1447 228 1543 256 XXXI.

1042 283 1125 320 Falso
1139 292 1334 320 nonnunquam,
1349 283 1428 320 ueluti
1440 284 1592 320 pharmace,
1610 283 1644 310 ad
1657 291 1746 320 eorum
1762 285 1817 311 uli~

1076 319 1194 353 lilatem,
1218 321 1262 354 qui
1279 319 1326 349 hoc
1349 319 1470 351 loquendi
1493 327 1581 349 qenere
1602 327 1664 346 onus
1689 319 1817 352 habeam,

1076 355 1201 381 utendum
1214 363 1278 382 esse.

1080 419 1089 435 ι
1100 409 1268 445 'Legislator,
1282 409 1369 445 inquit
1383 409 1458 437 Plato
1468 430 1474 442 ,
1489 409 1535 444 qui
1552 408 1675 436 nonnihil
1691 409 1820 444 prodesse

1041 453 1166 484 voluerit,
1182 453 1288 481 etiamsi
1310 462 1363 481 non
1377 462 1409 483 eo
1423 461 1452 481 se
1472 453 1554 481 modo
1568 461 1611 482 res
1631 454 1749 486 haberet,
1765 461 1821 489 quo

1042 505 1101 525 sese
1118 498 1216 525 habere
1231 498 1287 533 jam
1309 497 1456 529 evidLuus,
1473 498 1496 525 si
1518 497 1583 532 quid
1607 505 1727 532 unquam
1749 497 1819 531 apud

1039 544 1162 578 juniores
1179 543 1304 571 utilitatis
1327 551 1410 571 causa
1432 543 1493 571 i'alsi
1518 543 1607 570 dicere
1626 543 1722 578 potuit,
1744 548 1821 570 estne

1042 589 1114 623 quod
1130 588 1222 616 utilius
1238 596 1357 624 unquam
1379 588 1505 624 potuerit,
1520 592 1566 615 aut
1577 595 1631 623 quo
1645 587 1751 615 facilius
1766 587 1822 615 eili—

1042 635 1106 667 ciat,
1125 639 1154 662 ut
1170 642 1263 663 omnes
1280 635 1311 662 ad
1329 635 1420 662 omnia
1442 634 1577 670 aequitatis
1596 633 1693 667 ofﬁcia,
1711 642 1764 661 non
1782 634 1819 667 vi,

1042 681 1089 708 sed
1111 681 1183 709 ultro
1206 688 1237 708 ac
1256 685 1352 716 sponte
1375 681 1559 708 adducantur?
1572 680 1678 707 Veritas
1700 679 1818 715 quidem,

1041 726 1079 752 mi
1097 728 1205 760 hospes,
1228 726 1365 762 egregium
1389 726 1454 761 quid
1470 733 1503 753 ac
1524 725 1619 754 stabile
1641 730 1692 759 est,
1710 729 1738 752 at
1759 733 1818 752 eam

1043 773 1213 807 persuadere,
1239 780 1294 800 non
1320 773 1356 799 ita
1381 776 1545 807 promptum.
1572 781 1581 798 ι
1607 771 1655 799 His
1678 776 1708 799 tu
1730 771 1820 799 aﬂinia

1042 818 1216 846 Hebrzeorum
1244 819 1272 846 in
1301 819 1399 846 litteris
1425 824 1550 846 sexcenta
1574 818 1710 853 reperies,
1735 819 1821 854 608

1042 865 1140 901 quibus
1164 863 1247 892 Deum
1272 865 1353 891 modo
1377 864 1510 898 aemulari,
1527 864 1607 891 modo
1628 864 1670 891 vel
1690 865 1819 899 sopitum,

1043 910 1084 936 vel
1098 910 1207 942 iratum,
1221 914 1266 936 aut
1280 909 1339 936 aliis
1357 910 1519 949 quibusdam
1536 910 1662 937 humanis
1681 909 1822 945 perturba-

1042 955 1160 982 tionibus
1176 955 1323 982 obnoxium
1345 954 1458 986 faciunt,
1480 954 1543 982 dum
1563 962 1659 982 eorum
1675 954 1821 981 consulunt

1042 1001 1201 1032 rationibus,
1214 1000 1259 1035 qui
1275 1000 1326 1027 hoc
1338 1000 1465 1034 loquendi
1479 1008 1576 1036 genere
1589 1007 1658 1035 opus
1675 1000 1782 1028 habent.

1311 1045 1424 1073 CAPUT
1442 1045 1549 1073 XXXII.

1042 1093 1103 1121 Non
1119 1093 1204 1120 solum
1216 1094 1295 1126 viros,
1309 1093 1354 1120 sed
1368 1094 1447 1120 etiam
1466 1093 1596 1126 mulieres,
1612 1093 1727 1127 adeoque
1739 1101 1818 1128 genus

1075 1129 1209 1155 hominum
1233 1129 1396 1162 universum,
1426 1128 1503 1162 hujus
1528 1129 1555 1154 in
1581 1129 1728 1163 disciplinae
1752 1136 1820 1155 com-

1075 1166 1225 1190 munionem
1238 1163 1384 1190 υοεαιιάιιηι
1395 1171 1460 1190 esse.

1078 1217 1088 1234 ί
1106 1209 1147 1235 An
1163 1208 1234 1236 inter
1246 1216 1307 1240 nos,
1321 1209 1409 1244 inquit
1419 1208 1505 1241 Plato,
1517 1208 1550 1236 de
1565 1208 1751 1243 superioribus
1767 1208 1819 1236 illis

1041 1252 1182 1281 convenit?
1194 1267 1230 1274 -
1245 1252 1374 1286 Quaenam
1395 1253 1460 1280 illa?
1473 1268 1508 1273 -——
1526 1252 1656 1288 Oportere
1678 1253 1818 1286 videlicet,

1041 1299 1079 1326 uti
1094 1307 1188 1327 omnes
1205 1304 1259 1326 tam
1275 1299 1328 1327 viri
1349 1307 1430 1334 quam
1449 1300 1543 1335 pueri,
1565 1304 1620 1327 tam
1640 1299 1718 1327 liberi
1737 1307 1818 1335 quam

1040 1345 1120 1378 servi,
1138 1349 1193 1372 tam
1213 1344 1320 1373 feminae
1334 1353 1414 1380 quam
1431 1353 1530 1379 mares,
1549 1350 1658 1381 totaque
1681 1346 1748 1373 adeo
1762 1354 1819 1373 res-

1040 1391 1147 1427 publica
1159 1392 1208 1419 toti
1226 1392 1389 1427 reipublicae,
1402 1399 1462 1426 quae
1479 1392 1654 1427 precepimus
1666 1392 1819 1419 carminum

1040 1445 1139 1473 genera
1162 1445 1300 1472 nunquam
1323 1437 1445 1465 accinere
1464 1437 1579 1471 desinat,
1602 1445 1708 1472 semper
1729 1442 1819 1465 tamen

1040 1483 1182 1510 immutata
1205 1483 1340 1515 nonnihil,
1364 1487 1445 1518 atque
1461 1482 1535 1510 omni
1561 1483 1674 1510 subinde
1690 1482 1821 1511 varietate

1041 1533 1200 1565 temperata,
1215 1533 1247 1557 ut
1261 1530 1423 1565 hymnorum
1439 1530 1553 1557 istorum
1573 1529 1696 1564 voluptas
1715 1530 1818 1557 nullam

1039 1583 1159 1611 unquam
1178 1576 1236 1604 suis
1257 1575 1472 1604 modulatoribus
1497 1575 1588 1604 alierat
1605 1576 1767 1604 satietatem.
1783 1589 1819 1596 —-

1039 1622 1090 1655 Qui
1104 1621 1212 1649 tandem
1225 1622 1316 1658 negari
1332 1626 1424 1657 posset
1448 1622 1513 1656 quin
1527 1621 1565 1648 ita
1578 1621 1636 1649 ﬁeri
1647 1621 1787 1656 oporteat?
1806 1631 1816 1646 ι

1039 1667 1087 1696 His
1120 1667 1227 1703 gemina
1260 1671 1337 1702 sunt,
1360 1674 1421 1702 quae
1447 1667 1518 1696 idem
1539 1666 1618 1694 Plato
1657 1666 1817 1701 Reipublicc

1039 1713 1135 1748 quinto
1148 1713 1226 1741 docet
1243 1713 1286 1740 his
1299 1712 1387 1741 verbis
1401 1722 1408 1739 :
1423 1722 1432 1739 ι
1449 1711 1520 1740 Num
1537 1716 1565 1743 tu
1582 1712 1683 1748 aliquid
1697 1712 1754 1747 ipse
1769 1720 1818 1740 no-

1039 1759 1085 1793 sti,
1101 1759 1172 1794 quod
1188 1759 1223 1787 ab
1237 1759 1393 1787 hominibus
1407 1759 1517 1788 tractari
1533 1759 1628 1792 soleat,
1650 1759 1677 1787 in
1691 1766 1746 1793 quo
1764 1767 1819 1786 non

1038 1805 1160 1833 virorum
1177 1812 1262 1840 genus
1284 1805 1408 1833 muliebri
1425 1805 1550 1833 omnibus
1565 1805 1640 1832 hisce
1654 1809 1757 1832 natura!
1771 1805 1819 1832 d0—

1040 1849 1113 1878 tibus
1136 1850 1299 1878 antecellat?
1324 1850 1366 1877 An
1392 1849 1515 1885 pluribus
1537 1850 1616 1877 nobis
1639 1849 1667 1876 in
1694 1850 1819 1883 texendi,

1039 1896 1176 1931 placentas
1195 1900 1222 1923 et
1245 1895 1358 1924 obsonia
1377 1895 1536 1924 conﬁciendi
1559 1895 1685 1930 artiﬁcio,
1705 1903 1738 1923 ac
1766 1903 1818 1923 cae-

1040 1941 1104 1969 teris
1120 1941 1148 1969 id
1162 1949 1247 1977 genus
1264 1941 1436 1969 recensendis
1451 1941 1662 1974 immorandum,
1678 1941 1708 1969 in
1720 1941 1820 1976 quibus

1040 1995 1105 2015 sane
1121 1987 1283 2015 feminarum
1301 1995 1386 2022 genus
1406 1994 1466 2015 esse
1488 1987 1589 2022 aliquid
1609 1987 1725 2020 videtur,
1739 1991 1766 2014 et
1779 1991 1819 2014 ta-

1040 2041 1101 2061 men
1114 2033 1187 2060 vinci
1209 2032 1400 2060 :erridiculum
1414 2033 1519 2060 est?—
1533 2032 1604 2061 Vera
1625 2033 1754 2068 loqueris,
1777 2032 1819 2059 in-

1040 2080 1106 2115 quit.
1122 2095 1157 2100 —
1169 2079 1236 2106 Nam
1252 2084 1279 2106 et
1292 2079 1320 2107 in
1332 2079 1468 2113 omnibus,
1485 2083 1515 2106 ut
1537 2079 1574 2107 ita
1587 2079 1690 2113 dicam,
1704 2087 1788 2115 genus
1802 2087 1819 2107 a

1040 2132 1136 2161 genere
1150 2125 1296 2160 plurimum
1312 2129 1466 2159 superatur,
1481 2129 1508 2152 et
1529 2129 1619 2152 tamen
1640 2124 1707 2152 viris
1722 2125 1818 2160 pleris-

1040 2178 1093 2205 que
1106 2170 1196 2197 multae
1217 2177 1288 2204 serpe
1307 2169 1435 2197 mulieres
1449 2169 1572 2205 pluribus
1593 2170 1619 2196 in
1643 2170 1724 2198 rebus
1741 2176 1818 2198 ante-

1041 2215 1149 2243 cellunt.
1165 2214 1297 2243 Caeterum
1317 2215 1443 2243 universe
1464 2215 1502 2243 ita
1523 2223 1567 2243 res
1583 2215 1663 2243 habet
1684 2215 1723 2243 uti
1738 2217 1816 2244 dicis.

1039 2260 1135 2289 Munus
1155 2260 1247 2295 igitur,
1264 2268 1281 2288 ο
1293 2261 1389 2294 amice,
1405 2261 1474 2288 inter
1495 2268 1542 2289 eas
1558 2261 1604 2296 qui
1623 2262 1817 2296 rempublicam

1038 2310 1143 2341 gerunt,
1160 2306 1265 2335 nullum
1288 2310 1346 2339 est,
1364 2306 1436 2341 quod
1459 2311 1507 2334 aut
1531 2307 1666 2338 mulieris,
1683 2311 1818 2342 quatenus

1037 2353 1150 2385 mulier,
1166 2358 1213 2380 aut
1227 2353 1294 2385 viri,
1307 2357 1443 2387 quatenus
1462 2353 1504 2380 vir
1522 2357 1579 2389 est,
1597 2353 1736 2388 proprium
1758 2353 1794 2381 sit
1808 2362 1815 2380 :

1037 2399 1083 2427 sed
1098 2399 1125 2425 in
1143 2402 1258 2433 utroque
1280 2405 1346 2426 sexu
1366 2398 1449 2426 simili
1470 2398 1670 2433 quodammodo
1686 2399 1818 2434 prosemi-

1037 2448 1108 2471 natae
1123 2447 1187 2471 sunt
1201 2447 1305 2471 natura:
1320 2443 1406 2475 dotes,
1422 2443 1459 2470 ita
1481 2447 1511 2470 ut
1529 2443 1579 2470 viri
1603 2443 1683 2470 simul
1702 2450 1734 2471 ac
1757 2451 1817 2471 mu-

1037 2517 1169 2545 hihendus
1182 2521 1226 2552 est
1240 2517 1487 2552 adiphilosophiam
1504 2516 1602 2552 aditus.

1083 2551 1127 2585 67)
1150 2551 1189 2579 Τά
1201 2560 1242 2578 τε.
1260 2551 1355 2579 Melius
1371 2551 1405 2578 τά
1415 2560 1461 2585 γε,
1475 2556 1504 2578 ut
1517 2551 1605 2578 Plato.

1082 2586 1127 2620 68)
1146 2587 1214 2620 Περὶ
1229 2586 1282 2613 τοῦ
1295 2587 1369 2618 δεῖν,
1383 2591 1434 2614 etc.
1461 2586 1572 2614 Etiamsi
1589 2587 1646 2614 hac
1656 2587 1744 2614 oratio
1757 2587 1814 2614 vitii

1036 2621 1103 2649 nihil
1117 2621 1238 2654 habent,
1261 2621 1365 2649 Platoni
1387 2626 1474 2648 tamen
1492 2622 1593 2649 hmrere
1617 2622 1717 2655 malui,
1743 2623 1815 2656 apud

1036 2665 1116 2692 quem
1129 2655 1174 2683 τοῦ
1193 2652 1273 2692 «rem;
1290 2665 1351 2684 cum
1369 2657 1578 2692 interrogatione
1596 2652 1747 2692 legitur,'et
1760 2652 1815 2684 Uli-

1037 2691 1087 2719 nia:
1113 2691 1250 2719 tribuitur.
1270 2691 1417 2726 Sequentia
1438 2691 1481 2727 ita
1495 2691 1696 2727 concipiuntur,
1710 2692 1740 2718 τὸ
1760 2692 1815 2719 δεῖν

1037 2728 1134 2760 πάντα,
1147 2731 1211 2759 etc.,
1227 2735 1286 2761 quae
1301 2727 1334 2753 ab
1348 2726 1505 2753 Atheniensi
1520 2727 1727 2761 respondentur.

1072 2762 1127 2797 (69)
1148 2761 1272 2797 Πᾳντός.
1291 2761 1377 2797 Plato.
1392 2761 1508 2797 πάντως.

1072 2794 1128 2832 (70)
1149 2794 1242 2833 οἷοίθά
1253 2805 1289 2833 τιΣ
1308 2796 1393 2833 Plato,
1409 2805 1429 2833 v7
1441 2796 1478 2823 De
1495 2796 1605 2831 republ.,
1624 2805 1685 2833 pag.
1704 2797 1771 2832 458,
1782 2795 1816 2825 Β.

1071 2831 1126 2868 (71)
1149 2832 1251 2860 Ταῦτα.
1266 2831 1368 2859 Mallem
1386 2832 1480 2859 ταύτά.
1626 2831 1632 2832 ⁷
1662 2831 1672 2833 ’
1835 2832 1839 2835 ’
