2078 3207
280 169 312 198 ην
317 167 346 197 ΓΙ

608 166 650 194 EU
657 165 741 194 SEBII
758 163 995 193 CESARIENSIS
1011 164 1052 191 {1P

1106 150 1195 191 ams
1214 165 1244 191 n.
1264 181 1297 185 —
1317 165 1560 194 APOLOGETICA.

1813 165 1884 192 {0'2

278 232 358 258 lieres
379 229 404 256 in
423 227 576 255 earumdem
597 226 747 254 studiorum
771 226 989 253 communionem
1011 233 1054 251 vo—

1109 225 1175 259 γυνὴ
1194 225 1310 260 ἰατρικὴ,
1334 226 1350 260 ἡ
1378 225 1401 252 δ’
1423 225 1453 252 οὔ
1464 235 1470 241 ³
1484 226 1530 252 καί
1546 226 1671 261 μουσικὴ,
1699 225 1749 260 ἠδ’
1766 224 1885 260 ἄμουσος

277 282 382 308 centur,
399 274 460 302 licet
474 274 499 300 in
511 272 638 300 omnibus
658 272 754 298 mulier
767 272 825 298 viro
839 271 917 305 longe
932 271 968 298 sit
983 271 1056 297 inﬁr-

277 320 432 350 mior.——lta
444 318 672 355 prorsus.——Qnid
681 319 779 353 igitur?
791 319 922 345 Omniane
930 318 994 345 viris
1006 318 1057 344 im-

278 367 441 402 perabimus.
458 365 565 391 mulieri
575 363 755 390 nihil?-Cur
770 363 934 391 enim?—Ex
950 362 1057 390 feminis

275 413 384 447 utique,
402 411 487 442 alias,
511 415 539 436 ut
562 415 653 444 postea
676 410 814 442 dicemus,
838 409 872 436 ad
896 409 1056 436 medicinam

274 462 351 492 aptas
374 456 513 490 reperies,
539 456 606 483 alias
633 455 744 482 minime
767 463 774 480 :
797 455 914 489 itemqtte
930 454 996 481 alias
1022 454 1055 480 ad

274 503 408 530 musicam
426 510 439 529 a
457 507 551 529 natura
574 505 754 534 comparatas,
771 500 838 527 alias
851 500 885 526 ab
901 499 993 526 eadem
1009 507 1056 533 per

274 557 334 576 sese
357 549 544 575 abhorrentes.
558 563 592 567 —-
613 546 766 573 Enimvero.
784 561 814 565 -—-
834 545 907 572 Alias
928 549 1056 580 praeterea

274 602 336 622 cum
351 593 591 621 exercitationibus
607 593 733 627 publicis,
751 598 806 619 tum
823 591 903 618 etiam
921 591 990 618 bello
1012 599 1057 625 ge-

272 640 357 667 rendo
369 640 499 672 idoneas,
514 639 618 674 ineptas
636 638 669 665 ad
685 643 831 672 utrumque
847 638 923 665 alias.
983 636 1054 663 Idem

271 687 354 722 609
371 687 437 713 mihi
462 687 576 714 videtur.
590 701 625 707 —
644 685 714 719 Quid
733 693 814 720 porro
834 685 976 720 sapientia,
1001 693 1054 712 non

272 740 331 759 eam
347 732 470 759 similiter
485 731 543 758 alia:
558 731 660 762 studio,
683 731 741 757 alia:
760 731 821 758 odio
837 729 1057 764 prosequuntur?

272 786 326 805 non
341 777 400 804 alia:
415 785 510 804 rursus
522 776 667 804 ferociores
680 777 779 804 habent
794 776 915 810 spiritus,
929 775 988 801 alite
1005 775 1056 801 hu-

272 822 411 849 miliores?
436 836 467 842 -—
486 821 519 847 Et
545 822 595 848 hoc
619 821 665 848 tibi
694 820 837 847 assentior.
858 835 891 840 —
916 818 1057 847 Nonnulla:

273 872 337 895 sunt
360 868 486 895 etiam.ad
502 866 706 894 custodiendum
728 870 805 900 aptae,
825 866 884 893 alia:
905 873 959 892 non
980 865 1054 892 item.

1108 271 1186 305 φύσει
1196 280 1203 287 ’
1216 271 1248 297 Τί
1261 272 1327 306 μήν;
1342 272 1396 298 Καὶ
1412 272 1581 307 γυμναστικὴ
1593 272 1621 298 δὲ
1634 273 1688 307 ἄρα
1701 271 1759 297 οὐδὲ
1772 271 1883 305 πολεμι-

1108 318 1142 352 κή
1156 317 1210 351 (7‘2)
1223 325 1229 332 ·
1248 318 1264 352 ἡ
1291 317 1319 343 δὲ
1343 317 1492 352 ἀπόλεμος,
1511 319 1557 345 καὶ
1583 319 1612 345 οὐ
1643 317 1881 352 φιλογυμναστική.

1106 378 1141 382 —
1156 361 1237 397 Οἶμαι
1252 362 1348 396 ἔγωγε.
1365 379 1398 382 -
1412 363 1444 389 Τί
1458 364 1496 395 δὲ,
1512 363 1652 397 φιλόσοφός
1668 371 1697 389 τε
1714 362 1760 388 καὶ
1776 361 1884 397 μισόσο-

1107 417 1172 443 φος;
1190 409 1236 435 καὶ
1251 408 1403 444 θυμοειδὴς,
1426 409 1442 443 ή
1457 409 1485 434 δὲ
1504 408 1605 443 ἄθυμός
1620 409 1676 433 ἐστι
1694 407 1748 441 (75)
1761 415 1768 439 ;
1780 422 1814 425 —
1830 407 1885 433 Καὶ

1106 454 1200 481 ταῦτα.
1218 469 1251 473 -—
1267 453 1422 489 Ἐστινζξιρα
1438 454 1483 480 καὶ
1503 453 1636 488 φυλακικὴ
1649 453 1732 488 γυνὴ,
1755 453 1772 487 ἡ
1787 452 1809 478 δ’
1833 451 1883 483 οὓς

1108 500 1141 526 Ἢ
1153 499 1183 525 οὐ
1197 498 1325 534 τοιαύτην
1337 499 1384 525 καὶ
1397 499 1450 524 τῶν
1460 499 1561 534 ἀνδρῶν
1574 498 1626 525 τῶν
1639 497 1793 532 φυλακικῶν
1805 497 1884 530 φύσιν

1107 544 1300 580 ὲξελεξὰμεθα;
1314 559 1348 563 —
1361 544 1493 579 Τοιαύτην
1511 544 1558 579 μὲν
1574 542 1630 572 οὖν,
1645 559 1679 563 ——
1692 543 1746 569 Καὶ
1758 542 1885 577 γυναικὸς

1107 592 1160 627 ἄρα
1172 591 1218 617 καὶ
1237 590 1331 626 ἀνδρὸς
1343 591 1359 625 ἡ
1371 590 1440 625 αὑτὴ
1465 589 1545 624 φύσις
1559 591 1598 621 εἰς
1623 589 1743 623 φυλακὴν
1770 588 1883 618 πόλεως,

1107 635 1176 671 πλὴν
1197 636 1252 671 ὅσῳ
1275 635 1466 670 ἀσθενεστέρα,
1487 636 1502 670 ἡ
1528 634 1556 661 δὲ
1581 634 1738 669 ἰσχυροτέρα
1768 633 1835 660 ἐστί.
1850 647 1885 652 -

1105 680 1240 707 Φαίνεται.
1258 695 1292 700 —-
1305 680 1360 706 Καὶ
1371 681 1496 713 γυναῖκες
1511 680 1563 714 ἄρα
1579 680 1607 706 αἱ
1623 679 1743 705 τοιαῦται
1761 680 1816 709 τοῖς
1829 686 1885 704 τοι·

1106 727 1192 758 ούτοις
1210 726 1338 761 ἀνδράσιν
1354 726 1492 752 ἐκλεκτέαι
1509 726 1638 752 συνοικεῖν
1654 734 1682 752 τε
1708 725 1755 751 καὶ
1781 724 1885 759 ξυμφυ-

1106 773 1222 803 λάττειν,
1236 772 1350 807 ἐπείπερ
1370 773 1437 798 εἰσὶν
1455 772 1543 798 ἱκαναὶ
1568 771 1614 797 καὶ
1631 771 1767 804 ξυγγενεῖς
1793 771 1884 801 αὐτοῖς

1106 819 1154 854 τὴν
1165 819 1256 853 φύσιν.
1272 828 1281 844 ι
1300 818 1418 849 Εἰκότως
1432 818 1485 853 ἄρα.
1497 817 1543 844 καὶ
1553 818 1567 843 ὁ
1578 817 1641 851 παρ’
1656 818 1720 852 ἡμῖν
1731 816 1806 850 λόγος
1819 816 1886 842 ὑπο-

1106 865 1210 900 δέχεται
1229 865 1281 891 πᾶν
1294 865 1370 898 γένος
1397 864 1426 890 οὺ
1444 863 1522 898 μόνον
1537 863 1656 899 ἀνδρῶν,
1676 862 1741 888 ἀλλὰ
1760 862 1806 888 καὶ
1834 870 1884 894 γυ-

272 913 399 948 Nunquid
416 913 488 940 enim
508 913 641 948 ejusmodi
655 913 772 946 aliquam
794 912 914 938 virorum
930 911 1054 938 idoneam

1106 898 1216 942 ναικῶν,
1239 910 1292 936 οὐδ’
1311 909 1460 945 ἐλευθέρων
1474 909 1521 935 καὶ
1539 908 1636 935 δούλων
1651 908 1738 943 μόνον,
1755 907 1822 933 ἀλλὰ
1837 906 1885 933 καὶ

272 960 401 987 custodite
414 965 538 987 naturam
553 959 717 986 secrevimus
728 959 741 985 *ἶ
751 974 785 978 -
794 958 865 985 Sane
881 958 1055 985 seerevimus.

272 1021 307 1025 —
321 1005 420 1032 Eadem
436 1011 500 1039 ergo
525 1009 579 1031 tam
598 1004 648 1030 viri
663 1011 743 1039 quam
766 1004 887 1031 mulieris
913 1003 947 1030 ad
967 1003 1056 1038 reipu-

1107 958 1250 994 βαρόάρων
1266 959 1312 985 καὶ
1331 958 1473 993 Ἑλλήνων,
1491 958 1529 989 εἰς
1541 956 1588 992 τὴν
1604 956 1673 983 κατὰ
1683 956 1748 982 Θεὸν
1762 955 1885 982 παιδείαν

1107 1012 1136 1030 τε
1153 1003 1198 1029 καὶ
1213 1002 1379 1036 φιλοσοφίαν.

272 1052 349 1080 bliete
370 1051 520 1079 custodiam
543 1055 639 1078 natura
656 1056 707 1084 est,
732 1051 784 1078 nisi
800 1051 871 1086 quod
896 1050 1029 1078 infirmior
1053 1051 1133 1084 hujus
1150 1055 1209 1082 est,
1234 1049 1307 1076 illius
1322 1048 1467 1076 robustior.
1481 1062 1516 1067 —
1530 1045 1637 1074 Eadem.
1651 1062 1685 1066 —
1702 1045 1786 1072 Erunt
1804 1045 1886 1080 igitur

273 1095 484 1130 cumcjusmodi
502 1095 578 1126 viris,
603 1095 706 1129 aliquot
722 1095 803 1122 etiam
830 1096 855 1123 id
878 1103 963 1130 genus
985 1095 1112 1122 mulieres
1137 1094 1293 1129 seligendaa,
1311 1099 1340 1120 ut
1355 1101 1416 1120 cum
1441 1092 1473 1120 iis
1489 1093 1623 1120 civitatem
1643 1092 1761 1119 incolant
1774 1091 1885 1126 pariter,

272 1143 427 1177 pariterque
459 1141 624 1173 custodiant,
638 1148 701 1167 cum
715 1145 742 1167 et
757 1141 808 1168 hoc
821 1141 854 1168 ad
870 1140 992 1168 muneris
1006 1147 1091 1175 genus
1106 1139 1209 1166 idoneae
1231 1139 1295 1169 sint,
1313 1142 1339 1164 et
1354 1144 1415 1164 eum
1432 1136 1496 1163 viris
1514 1141 1616 1163 natura:
1631 1135 1815 1170 cognationem
1833 1135 1886 1161 ha-

273 1189 364 1216 beant.
386 1197 394 1213 I
413 1188 449 1214 Ita
465 1186 552 1214 Plato.
565 1185 630 1213 Jure
647 1186 728 1220 igitur
743 1194 774 1213 ac
791 1187 886 1213 merito
901 1187 972 1221 leges
991 1192 1098 1220 quoque
1114 1188 1221 1215 nostrae,
1239 1190 1323 1218 genus
1335 1189 1415 1209 omne
1430 1186 1482 1208 tam
1498 1182 1639 1208 mulierum
1656 1189 1735 1216 quam
1751 1181 1882 1210 virorum.

273 1241 327 1263 tam
345 1243 482 1263 servorum
506 1242 587 1270 quam
611 1234 768 1266 liberorum,
791 1238 844 1260 tam
864 1233 1041 1260 barbarorum
1069 1238 1149 1265 quam
1167 1229 1334 1260 Graecorum,
1353 1228 1380 1254 in
1403 1228 1497 1255 divinae
1511 1227 1640 1254 doctrinm
1657 1235 1688 1254 ac
1708 1227 1883 1262 philosophiae

271 1282 489 1311 communionem
507 1282 632 1309 admittit.

532 1327 645 1355 CAPUT
673 1326 791 1354 XXXIII.

273 1384 372 1411 Eorum
397 1393 475 1411 causa
486 1406 492 1416 ,
508 1385 553 1420 qui
568 1385 652 1410 minus
668 1384 736 1417 apud
749 1391 795 1410 nos
813 1383 974 1420 exrrationis
987 1389 1055 1416 pra:-

307 1421 403 1454 scripro
419 1421 514 1451 vivunt,
532 1428 609 1455 genus
628 1420 775 1446 universum
794 1419 984 1445 traducendum
1003 1426 1053 1444 non

307 1463 371 1483 εεδε,

313 1521 322 1537 ι
336 1511 423 1546 Atque
439 1512 490 1539 hoc
507 1513 532 1538 in
550 1519 647 1547 genere
673 1512 708 1539 ita
722 1511 955 1546 pbilosophemur,
968 1509 1055 1544 inquit

272 1557 358 1585 Plato.
377 1559 441 1592 Age,
464 1559 491 1585 Si
512 1559 573 1593 quis
594 1566 690 1592 capras
709 1559 791 1590 alere,
813 1558 934 1591 adeoque
947 1556 1053 1591 pecoris

272 1605 324 1633 hoc
346 1609 373 1632 et
395 1605 577 1641 possessionis
602 1612 702 1639 genus,
729 1609 858 1638 tanquam
884 1603 1053 1630 fructuosum

272 1652 394 1678 laudaret
411 1661 418 1678 :
436 1651 506 1678 alius
528 1655 638 1681 contra,
654 1650 727 1685 quod
745 1650 813 1677 forte
831 1657 927 1684 capras
944 1648 1053 1678 alicubi,

272 1697 336 1724 dum
349 1697 407 1724 sine
419 1696 542 1731 capratio
552 1701 705 1731 pascerent,
715 1696 796 1723 cultis
810 1695 971 1730 quibusdam
982 1695 1054 1729 agris

272 1743 402 1769 damnum
430 1740 529 1768 inferre
551 1740 679 1772 vidisset,
702 1741 867 1776 improbaret
888 1748 894 1766 :
918 1739 1055 1774 semelque

272 1795 380 1823 greng
394 1788 550 1814 universum
565 1791 612 1814 aut
625 1788 683 1814 sine
700 1792 818 1822 pastore,
832 1791 879 1814 aut
897 1794 958 1813 cum
976 1786 1054 1813 malis

273 1833 428 1868 pastoribus
444 1833 570 1866 intuitus,
582 1833 711 1861 continuo
726 1841 783 1860 rem
800 1837 882 1859 totam
899 1833 1053 1865 vellicaret;

273 1887 370 1907 eumne
388 1885 527 1914 propterea
540 1887 607 1906 sano
621 1884 782 1914 matureque
796 1880 899 1915 judicio
916 1880 1055 1915 quodlibet

273 1925 346 1952 aliud
366 1925 471 1960 pecoris
499 1932 584 1959 genus
606 1925 810 1960 repudiaturum
826 1926 1054 1952 arbitramur?—

271 1969 327 1997 ειη·
343 1971 451 1998 autem?
468 1980 477 1996 ›
495 1970 527 1997 Et
551 1971 644 2005 paucis
665 1971 813 2006 intcrjectis
828 1980 834 1998 :
856 1981 865 1997 ι
880 1971 949 2004 Quid
972 1979 1054 2006 porro

274 2015 412 2042 societatis
423 2015 610 2050 cujuscunque
622 2024 669 2043 seu
682 2016 849 2044 laudatorem
860 2037 867 2048 ,
885 2024 932 2044 seu
948 2017 1053 2051 vitupe—

273 2065 408 2094 ratorem,
430 2069 489 2096 quae
504 2069 565 2088 cum
590 2070 636 2096 per
656 2070 685 2089 se
702 2063 864 2090 moderatori
888 2071 981 2097 parere
1005 2064 1052 2088 de-

276 2107 345 2138 beat,
360 2111 416 2134 tum
431 2107 512 2134 etiam
528 2115 589 2135 eum
610 2116 642 2134 eo
659 2109 801 2143 conjuncta
818 2109 962 2143 plurimum
977 2109 1054 2136 atl‘ert

274 2153 418 2181 utilitatis?
433 2154 462 2180 Si
478 2161 615 2188 nunquam
631 2155 703 2181 illam
725 2155 837 2185 viderit,
858 2163 949 2181 secum
967 2156 1051 2189 ipsam

273 2203 300 2224 et
313 2205 375 2225 cum
390 2206 439 2226 suo
452 2199 622 2226 moderatore
636 2199 738 2226 versari
761 2199 807 2226 sed
823 2199 914 2233 potius
925 2204 971 2226 aut
984 2207 1052 2226 sem-

273 2251 319 2278 per
348 2245 421 2272 omni
450 2245 610 2280 magistratu
637 2252 744 2278 carere,
766 2249 812 2271 aut
835 2253 896 2272 cum
921 2245 1049 2280 improltis

273 2291 376 2315 tantum
389 2289 592 2324 magistratibus
605 2297 797 2322 consuescere;
811 2297 844 2316 an
855 2289 931 2322 istos,
943 2291 1048 2323 amabo.

271 2334 431 2362 societatum
449 2335 581 2369 ejusmodi
604 2341 787 2368 spectatores.
814 2341 886 2363 recte
902 2337 1049 2371 quidquam

1358 1318 1552 1346 ΚΕΦΑΛΑΙΟΝ
1576 1318 1635 1344 Al".

1107 1388 1164 1414 Ὅτι
1183 1386 1225 1422 μὴ
1243 1385 1301 1420 χρὴ
1316 1385 1350 1411 ἐκ
1377 1384 1435 1422 rd»-
1442 1385 1502 1422 _oi1__
1512 1383 1586 1422 κατὰ
1602 1383 1703 1422 ..λόγοις
1714 1383 1796 1422 *παρ’
1811 1382 1886 1418 ἡμῖν

1206 1417 1355 1454 βιὸῖβνὶνων
1367 1419 1399 1447 τὸ
1414 1418 1474 1447 πᾶν
1487 1420 1574 1452 ἔθνος
1597 1417 1768 1446 διαϐάλλειν

1142 1531 1151 1547 ι
1167 1520 1333 1555 Σκεψώμεθα
1348 1520 1376 1546 δέ
1391 1529 1427 1556 πη
1438 1519 1510 1555 τῇδε.
1525 1519 1602 1555 Φέρε,
1619 1519 1646 1545 εἴ
1661 1527 1701 1550 τις
1722 1519 1806 1552 αἰγῶν
1820 1527 1886 1555 τρο-

1105 1566 1166 1602 φὴν,
1181 1566 1228 1592 καὶ
1241 1566 1270 1592 τὸ
1283 1566 1361 1598 ζῶον,
1373 1566 1420 1592 καὶ
1441 1563 1473 1592 αὖ
1489 1565 1518 1591 τὺ
1533 1565 1635 1600 κτῆμα,
1661 1565 1698 1596 ὡς
1713 1565 1769 1591 ἐστι
1791 1565 1883 1596 καλὸν,

1103 1612 1216 1642 ἐπαινοῖ,
1233 1611 1310 1642 ἄλλος
1323 1610 1350 1636 δέ
1364 1619 1414 1642 uc,
1429 1609 1557 1645 ἑωρακὼς
1575 1608 1653 1644 αἶγας
1674 1611 1756 1645 χωρὶς
1772 1610 1886 1646 νεμομὲ-

1104 1665 1150 1688 νας
1159 1656 1280 1688 αἰπόλου,
1293 1657 1321 1682 ἐν
1330 1656 1485 1691 ἐργασίμοις
1497 1656 1605 1691 χωρίοις
1617 1655 1787 1690 (7Ᾱ)δρώσας
1798 1656 1882 1687 κακὰ,

1103 1702 1238 1737 διαψέγοι·
1252 1702 1298 1728 καὶ
1318 1703 1370 1728 πᾶν
1389 1701 1500 1737 θρέμμα
1515 1702 1639 1736 ἄναρχον,
1657 1702 1672 1736 ἦ
1705 1701 1774 1737 μετὰ
1789 1702 1882 1728 κακῶν

1104 1749 1240 1784 ἀρχόντων
1258 1748 1328 1779 ἰδὼν,
1346 1747 1417 1774 οὕτω
1433 1748 1581 1782 μέμφοιτο’
1610 1748 1680 1774 κατὰ
1693 1748 1739 1774 τὸν
1764 1748 1884 1774 τοιοῦτον

1104 1794 1180 1828 λόγον
1194 1792 1334 1828 ἡγούμεθα
1349 1793 1422 1826 ὑγιὲς
1436 1792 1468 1819 ἄν
1485 1801 1547 1818 ποτε
1565 1792 1643 1827 ψέξαι
1660 1793 1706 1819 καὶ
1729 1793 1834 1824 ὁτιοῦνς
1847 1806 1885 1812 —-

1104 1839 1158 1866 Καὶ
1173 1838 1247 1870 πῶς;
1269 1848 1278 1863 ι
1293 1838 1346 1865 Καὶ
1362 1838 1419 1872 μετ’
1432 1837 1519 1871 ὀλίγα·
1531 1847 1540 1863 ί
1557 1838 1590 1864 Τί
1601 1838 1629 1864 δὲ
1641 1838 1784 1873 ἐπαινέτην
1799 1839 1815 1874 ἧ
1836 1839 1887 1873 ψὲ-

1104 1892 1170 1920 κτην
1185 1884 1324 1915 κοινωνίας
1338 1883 1503 1919 ἡστινοσοῦν,
1516 1881 1550 1918 ἦς
1566 1884 1670 1918 πέφυκέ
1692 1892 1721 1909 τε
1743 1882 1810 1910 εἶναι
1832 1885 1883 1919 ἄρ·-

1104 1938 1168 1964 χων,
1187 1930 1245 1964 μετ’
1259 1929 1361 1955 ἐκείνου
1380 1938 1409 1955 τε
1428 1929 1563 1964 ὠφέλιμός
1575 1930 1646 1955 ἐστιν
1658 1949 1666 1961 ,
1679 1931 1693 1955 ὁ
1707 1929 1735 1955 δὲ
1750 1930 1816 1964 μήτε
1834 1931 1884 1955 ἑω-

1106 1974 1195 2009 ρακὼς
1211 1975 1253 2008 εἴη
1266 1975 1329 2000 ποτὲ
1345 1974 1431 2010 ὀρθῶς
1438 1974 1522 2009 αὐτὴν
1536 1975 1618 2009 ἑαυτῇ
1629 1974 1806 2001 κοινωνοῦσαν
1823 1976 1884 2010 μετ’

1104 2020 1240 2054 ἄρχοντος,
1256 2020 1299 2045 ἀεὶ
1313 2020 1341 2046 δὲ
1353 2019 1469 2054 ἄναρχον
1480 2039 1488 2050 ,
1503 2019 1518 2054 ἣ
1546 2019 1613 2054 μετὰ
1632 2020 1724 2046 κακῶν
1745 2019 1877 2054 ἁρχόντωι

1105 2065 1251 2097 ξυνοῦσαν;
1271 2065 1381 2100 οῐόμεθα
1397 2065 1427 2100 δή
1444 2074 1507 2091 ποτε
1529 2066 1591 2096 τοὺς
1611 2064 1746 2096 τοιούτους
1765 2065 1883 2099 θεωροὺς

1103 2111 1156 2137 τῶν
1171 2111 1297 2137 τοιούτων
1314 2111 1468 2142 κοινωνιῶν,
1479 2111 1601 2146 χρηστῶς
1617 2120 1642 2137 τι
1660 2110 1751 2145 ψέγειν
1771 2111 1787 2145 ἦ
1804 2111 1883 2136 ἐπαι-

1103 2156 1203 2182 νεῖσθαι
1216 2156 1333 2188 ς-Πῶς
1346 2156 1367 2182 δ’
1385 2157 1416 2183 ἄν
1429 2164 1436 2189 ;
1454 2166 1463 2182 ι
1476 2156 1514 2183 Οὐ
1530 2155 1561 2191 δὴ
1577 2155 1628 2191 χρὴ
1644 2156 1690 2182 καὶ
1701 2156 1764 2191 παρ’
1777 2156 1841 2190 ἡμῖν
1857 2154 1885 2181 εἴ

1103 2211 1175 2234 τινες
1187 2202 1321 2236 φαίνοιντο
1334 2202 1395 2237 δίχα
1406 2202 1553 2238 προστάτου
1565 2202 1610 2228 καὶ
1623 2202 1758 2238 ἄρχοντος,
1773 2201 1789 2235 ἦ
1812 2201 1881 2236 μετὰ

1103 2246 1192 2273 κακῶν
1201 2246 1336 2282 ἀρχόντων
1349 2247 1462 2282 δρῶντες
1472 2246 1543 2273 κακὰ
1553 2246 1644 2281 ψέγειν
1655 2247 1685 2273 τὸ
1698 2247 1750 2273 πᾶν
1757 2246 1833 2281 ἡμῶν
1846 2247 1882 2272 δι-

1103 2292 1276 2319 δασκαλεῖον·
1294 2292 1393 2328 μᾶλλον
1409 2292 1437 2318 δὲ
1450 2292 1502 2319 ἀπὸ
1522 2292 1574 2319 τῶν
1584 2292 1669 2328 ὀρθῶς
1693 2292 1838 2327 μετιόντων
1851 2292 1880 2318 τὲ

1105 2337 1226 2368 θεοσεϐὲς
1242 2338 1391 2372 πολίτευμα
1411 2338 1567 2373 θαυμάζειν.

270 2386 317 2408 aut
330 2381 484 2415 vituperare
498 2389 576 2415 posse
589 2385 635 2408 aut
650 2382 759 2409 laudare
775 2381 1049 2417 putabimus?—Nam
1068 2383 1132 2418 qui?
1148 2393 1157 2408 ι
1176 2382 1238 2410 llch
1264 2383 1318 2410 ille.
1333 2383 1430 2410 Verum
1446 2391 1510 2418 ergo
1543 2383 1665 2410 similiter
1681 2391 1734 2410 non
1751 2382 1843 2415 fuerit,
1856 2384 1880 2410 si

270 2435 339 2463 quos
362 2427 479 2455 fortasse
503 2429 574 2462 apud
600 2437 665 2461 nos,
686 2433 734 2456 aut
757 2430 815 2457 sine
838 2430 1007 2457 moderatore
1023 2438 1054 2458 ac
1073 2431 1205 2465 principe,
1222 2435 1268 2458 aut
1288 2439 1349 2458 cum
1367 2431 1457 2466 pravis
1471 2431 1720 2466 magistratibus,se
1741 2438 1879 2465 perperam

271 2482 363 2509 gerere
377 2477 550 2510 constiterit,
572 2476 642 2504 illico
656 2481 743 2504 totum
765 2477 817 2505 hoc
849 2478 1005 2505 scholarum
1030 2483 1184 2506 nostrarum
1206 2486 1291 2514 genus
1320 2478 1533 2513 reprehendere:
1550 2478 1595 2505 sed
1613 2477 1703 2512 potius
1727 2485 1759 2504 ex
1785 2484 1878 2504 eorum

271 2518 316 2552 qui
329 2523 401 2546 recte
417 2519 443 2546 in
459 2520 491 2547 iis
505 2521 642 2556 probeque
659 2527 810 2553 versentur,
832 2523 971 2554 moribus,
988 2524 1142 2559 religiosum
1161 2531 1192 2550 ac
1207 2524 1280 2559 pium
1299 2524 1453 2558 reipublicae
1469 2525 1621 2552 inStitutum
1636 2523 1774 2550 admirari.

1102 2625 1201 2659 passim
1214 2645 1221 2657 ,
1236 2630 1265 2652 ut
1279 2626 1305 2652 in
1321 2627 1475 2658 Κυνηγετ.,
1492 2623 1530 2650 Τὰ
1549 2623 1597 2658 μὲν
1612 2623 1661 2659 όρη
1681 2621 1735 2649 οἶόν
1756 2624 1814 2650 ἐστι
1834 2624 1878 2650 καὶ

1103 2658 1233 2695 ἰχνεύειν,
1250 2660 1297 2687 καὶ
1313 2659 1436 2695 μεταθεῖν
1456 2659 1597 2695 καθαρῶς·
1613 2658 1697 2685 causa
1714 2659 1798 2694 ἔργα,
1820 2659 1878 2684 οὐδ-

1102 2695 1182 2730 έτερα
1192 2715 1198 2727 ,
1213 2695 1257 2722 διὰ
1271 2694 1333 2726 τοῦς
1343 2694 1486 2730 τριμμούς.
1507 2694 1532 2720 lu
1549 2697 1605 2726 est,
1618 2698 1716 2720 montes
1735 2700 1759 2720 ct
1774 2694 1873 2720 investi.

1100 2733 1156 2764 gari
1171 2736 1195 2757 et
1211 2731 1357 2757 lranscurri
1375 2730 1430 2756 sine
1447 2730 1588 2763 olfensionc
1601 2734 1725 2763 possunt,
1741 2736 1803 2755 arva
1819 2737 1875 2764 nen-

1103 2763 1171 2803 iruni
1184 2766 1330 2803 patiuntur,
1346 2766 1376 2791 ob
1386 2766 1507 2803 trandus
1522 2764 1667 2803 limitesque
1680 2764 1792 2803 crebros.
1807 2763 1876 2803 (39ης

1102 2804 1142 2826 1ιά
1159 2798 1242 2836 ὀργὰς
1253 2820 1261 2832 ,
1283 2800 1360 2831 άδος,
1385 2800 1412 2827 id
1434 2805 1474 2827 est
1492 2799 1582 2830 ἄνετος
1602 2798 1655 2833 γῆ,
1673 2804 1742 2825 terra
1761 2798 1876 2829 inculta,

1102 2836 1189 2870 qualis
1203 2841 1243 2865 est
1262 2836 1356 2864 saltus.

309 2619 364 2659 (η)
386 2621 460 2648 Οὐδὲ
481 2621 636 2659 πολλεμιθιή.
659 2622 813 2657 chendum
837 2624 884 2650 καὶ
907 2624 1051 2659 πολεμική.

272 2652 340 2695 diale
354 2656 416 2695 item
432 2657 501 2695 apud
516 2652 664 2695 Plattntétn,
685 2652 731 2684 ia».
745 2660 917 2694 γυμναστικὴ
927 2679 934 2690 ,
947 2652 987 2694 ἥδ’
998 2652 1052 2695 ἄρα

271 2689 301 2729 ξιῧ
312 2690 395 2729 ,Ιοὺᾷὲ
403 2689 555 2729 Δῖτοᾎεμική.
580 2692 715 2725 Quorsum
733 2689 805 2729 enim
827 2689 943 2727 sequens
958 2689 1053 2720 ἒαὺέο-

272 2724 360 2766 λογίξη
369 2725 428 2766 i1}??-
432 2724 528 2766 ⁸ιξιτέρλε
533 2724 581 2766 μσς
589 2724 598 2759 ,7
604 2729 658 2766 ’καὶ
674 2728 703 2755 οὐ
708 2727 814 2766 ’φιλογυ
818 2724 949 2766 μναστικῄ
961 2737 968 2766 ;_

307 2759 369 2798 (75)_
386 2760 415 2798 ξι
427 2760 460 2798 ᾷᾴ
476 2759 587 2798 ἄθυμός
598 2762 679 2795 iam;
707 2759 796 2790 Malim
807 2759 860 2795 ,‘ut
875 2759 949 2798 apud
964 2763 1053 2790 Plato-

273 2800 343 2830 non},
360 2795 412 2828 ἡδὲ
426 2795 545 2830 (iduum;
558 2797 634 2823 Ἔστι
651 2798 697 2824 καὶ
709 2799 803 2824 ταῦτα.

308 2828 362 2862 (74)
390 2828 578 2870 ’ῌργησιζιιοις
597 2833 724 2870 χωρίοις.
737 2833 814 2870 Culta
828 2833 887 2861 loca
908 2833 1048 2870 intelligit,

272 2867 332 2892 ‘tllm
349 2867 495 2898 saepissime
513 2873 566 2892 uno
581 2868 661 2894 verbo
680 2867 748 2902 ἔργα
772 2868 907 2897 dicuntur.
925 2867 1048 2903 Xeno’ph.
