2078 3207
170 154 241 182 101νὸ

422 210 618 238 ΚΕΦΑΛΑΙΟΝ
646 210 705 236 ΔΔ’.

170 258 272 291 ὀπως
280 256 444 292 μετέϐαλεν
454 257 470 292 ῤ
482 255 608 282 Πλάτων
624 255 679 292 Veni
695 254 734 292 τῷ
755 254 960 289 Ἑλληνικώτε-

341 300 399 326 ρον
409 291 446 318 τὰ
456 291 490 317 ὲν
503 291 676 324 Ιιαροιμίαις
687 291 782 324 λόγια.

212 339 256 365 Ἐν
269 340 328 370 ταῖς
342 337 506 374 Παροιμίαις
532 337 702 372 Σολομῶντος
723 337 861 372 συντόμως
881 345 959 371 φερο-

172 385 253 421 μένου
268 385 325 412 τοῖν
345 394 354 410 ε
374 385 476 420 Μνήμη
495 384 607 411 δικαίων
628 385 685 419 μετ’
698 383 853 419 ἐγκωμίων,
874 383 959 418 ὄνομα

169 430 198 456 δὲ
210 429 316 456 ἀσεϐῶν
332 429 482 456 σϐέννυται·
491 438 499 454 ι
511 429 558 455 καὶ
570 428 649 455 πάλιν
663 427 807 464 εἰρημένου
817 428 874 454 τοῦ·
890 437 899 452 ι
913 428 958 464 Μὴ

170 476 327 511 μακαρίσῃς
342 475 423 510 ἄνδρα
443 475 496 510 πρὸ
511 474 637 509 τελευτῆς
663 473 754 500 αὺτοῦ-
775 483 783 499 ι
808 474 959 500 ἐπάκουσον

168 521 244 553 ὅπως
259 522 308 556 τὴν
325 521 442 547 διάνοιαν
455 519 599 556 ὲρμηνεύει
612 520 699 554 λέγων
716 520 730 546 6
744 519 856 546 Πλάτων
873 520 901 546 ὲν
920 519 959 555 τῷ

168 567 276 603 ἐΰδὸμῳ
289 566 344 594 τῶν
357 567 470 602 Νόμων·
488 576 497 592 ι
512 566 573 593 Τῶν
587 565 702 593 πολιτῶν
715 565 769 601 (75)
779 566 872 592 ὁπόσοι
882 565 959 598 τέλος

168 613 256 649 ἔχοιεν
267 613 314 640 τοῦ
334 613 403 648 βίου,
418 612 489 639 κατὰ
505 611 629 648 σώματα,
647 611 664 647 ἢ
680 611 751 638 κατὰ
769 611 857 647 ψυχὰς
872 611 959 648 ἐξειρ-

168 660 301 696 γασμένοι
311 660 380 696 ἔργα
394 659 464 686 καλὰ
478 659 525 685 καὶ
536 659 663 690 ἐπίπονα,
675 658 723 685 καὶ
737 660 793 690 τοῖς
807 658 898 693 νόμοις
911 659 958 684 εὑ-

168 706 273 738 πειθεῖς
290 706 442 740 γεγονότες,
454 705 598 740 ἐγκωμίων
619 704 718 736 αὐτοὺς
738 704 881 739 τυγχάνειν
892 703 958 740 πρέ-

168 760 220 779 πον
231 752 265 780 ἂν
274 752 327 788 εἴη.
341 767 375 772 ——-
388 751 451 783 Πῶς
467 751 488 777 δ’
499 749 529 777 οὗ
543 750 674 783 ς-Τούς
688 758 720 784 γε
733 749 786 786 μὴν
797 750 836 777 ἔτι
853 750 958 783 ζῶντας

166 798 316 833 ἐγκωμίοις
338 806 368 824 τε
387 798 433 824 καὶ
456 797 550 832 ὕμνοις
566 797 649 832 τιμᾷν
672 797 722 824 οὑκ
747 796 876 830 ἀσφαλὲς,
893 796 958 832 πρὶν

167 845 201 871 ἂν
219 844 326 871 ἅπαντά
339 852 381 875 τις
391 842 436 870 τὸν
461 843 517 878 βίον
532 843 697 879 διαδραμὼν,
720 843 796 874 τέλος
810 843 957 878 ἐπιστήση-

731 148 894 176 ΡΒΛΕΡΑΒ.
909 148 1034 177 EVANG.
1057 149 1120 176 LIB.
1143 149 1211 176 ΧΗ..

1727 154 1794 182 {OH

1186 210 1269 246 θιο
1288 210 1400 238 eam
1422 211 1538 238 xxxrv.

1011 255 1237 289 Quemadmodum
1248 255 1327 283 Plato
1340 257 1459 288 quoniam
1471 266 1502 284 ex
1516 258 1662 285 Proverbiis
1675 260 1794 289 oracula.

1052 290 1144 318 Grazca
1160 292 1273 318 dictione
1284 292 1376 326 purius
1391 297 1414 319 et
1427 293 1572 327 elegantius
1587 295 1753 328 expresserit.

1044 335 1072 362 Ιιι
1098 337 1252 365 Salomonis
1285 337 1440 366 Proverbiis
1470 340 1506 366 ita
1536 339 1655 367 breviter
1679 341 1794 375 legitur:

1012 391 1021 406 ε
1045 380 1174 409 Memoria
1196 382 1333 416 justornm
1362 391 1424 410 cum
1446 384 1588 417 laudibus,
1613 393 1710 412 nomen
1733 393 1796 413 vero

1009 427 1154 461 impiorum
1178 428 1389 462 exstinguitur‘.
1408 438 1417 454 ›
1437 428 1557 464 Itemque
1576 441 1580 457 :
1602 439 1610 455 ι
1625 429 1664 457 Ne
1685 431 1795 458 beatum

1009 472 1110 500 dixeris
1134 473 1222 500 virum
1247 478 1309 501 ante
1334 479 1447 501 mortem
1474 474 1564 509 ejus'.
1596 483 1606 500 ›
1635 475 1704 502 Audi
1733 484 1796 503 vero

1009 519 1238 554 quemadmodum
1253 520 1305 547 loci
1320 520 1463 555 utriusque
1476 521 1637 548 sententiam
1654 521 1730 549 Plato
1744 521 1795 549 Le-

1008 573 1070 601 gum
1097 565 1213 600 septimo
1235 566 1385 594 reddiderit
1400 575 1406 592 :
1428 576 1436 592 (
1453 566 1474 592 Ε
1489 567 1610 599 civibus,
1629 568 1717 602 inquit
1733 568 1795 601 ille,

1008 612 1054 646 qui
1077 613 1158 638 linem
1179 612 1286 639 vivendi
1311 612 1445 646 fecerint,
1460 620 1525 646 eos,
1543 613 1566 641 si
1585 606 1664 641 modo
1681 621 1796 648 corpore

1007 657 1050 684 vel
1065 657 1158 685 animo
1169 658 1299 692 praelare
1313 667 1345 686 ac
1359 663 1469 686 strenue
1483 667 1512 687 se
1525 660 1668 694 gesserint,
1679 660 1797 696 legibus-

1007 711 1061 737 que
1084 704 1225 738 paruerint
1239 723 1246 736 ,
1265 704 1392 732 laudibus
1408 705 1537 733 celebrari
1552 714 1644 733 verum
1659 706 1751 734 fuerit.
1761 721 1797 726 —

1008 749 1106 782 Quidni
1122 750 1201 776 ante?
1211 765 1245 769 —
1258 750 1292 777 At
1304 751 1368 778 dum
1385 751 1474 779 adhuc
1486 751 1596 783 vivunt,
1616 752 1668 779 hoc
1679 759 1725 779 eos
1737 752 1794 779 lau-

1008 795 1150 822 dationum
1166 800 1192 823 et
1207 802 1337 823 cantuum
1362 804 1461 832 genere
1477 799 1623 833 prosequi,
1641 798 1732 825 minus
1752 806 1795 826 se-

1008 848 1119 872 curum,
1135 842 1303 876 omninoque
1327 842 1486 877 priusquam
1514 844 1629 872 decurso
1654 845 1715 879 quis
1738 849 1794 872 toto

165 898 212 916 ται
227 888 320 916 καλόν.
332 888 423 915 Ταῦτα
435 888 462 915 δὲ
475 888 563 916 πάντα
579 889 645 924 ἡμῖν
657 887 727 915 ἔστω
737 887 825 920 κοινὰ,
843 888 957 924 ἀνδράσι

1008 887 1070 914 vita:
1091 888 1190 922 spatio,
1217 887 1347 916 laudabili
1365 897 1423 916 eam
1437 889 1510 916 exitu
1527 890 1688 917 terminarit.
1708 890 1796 925 Atque

166 943 197 962 τε
221 935 269 962 καὶ
298 933 430 969 γυναιξὶν,
458 934 570 968 ἀγαθοῖς
602 934 649 961 καὶ
678 935 792 968 ἀγαθαῖς
822 933 957 968 διαφανῶς

166 981 330 1016 γενομένοις.
338 989 348 1006 ι

419 1072 616 1100 ΚΕΦΑΛΛῘΟΝ
639 1071 700 1100 AE'.

341 1119 410 1154 Περὶ
436 1121 568 1147 πλούτου
592 1119 642 1147 καὶ
665 1119 780 1151 πενίας.

204 1175 214 1190 ι
230 1164 346 1192 Πλοῦτον
363 1165 391 1191 δὲ
416 1165 462 1192 καὶ
476 1166 569 1192 πενίαν
588 1166 624 1201 μή
649 1174 693 1200 μοι
710 1164 772 1199 δῷς,
790 1173 798 1189 ι
821 1163 868 1190 τοῦ
882 1164 957 1190 Σολο-

168 1209 273 1245 μῶντος
289 1211 426 1246 φήσαντος
436 1211 466 1236 ἐν
476 1211 650 1246 Παροιμίαις,
664 1210 679 1236 6
692 1209 804 1236 Πλάτων
828 1210 857 1236 ἐν
872 1210 956 1245 τρίτῳ

164 1255 322 1289 Πολιτείας
334 1255 389 1291 (76)
409 1256 501 1291 φησὶν·
532 1265 541 1282 ι
557 1256 658 1292 Ἕτερα
673 1255 713 1288 δὲ,
737 1255 776 1287 ὡς
791 1254 873 1287 ἔοικε,
899 1257 956 1287 τοῖς

165 1301 280 1336 φύλαξιν
297 1302 463 1337 εὑρήκαμεν,
474 1301 492 1328 ἅ.
508 1302 589 1329 παντὶ
603 1301 694 1338 τρόπῳ
710 1301 871 1336 φυλακτέον,
882 1301 955 1332 ὅπως

167 1348 205 1383 μή
221 1356 286 1374 ποτε
301 1347 399 1380 αὐτοὺς
413 1348 484 1385 λήσῃ
507 1349 546 1380 είς
572 1348 621 1384 τὴν
643 1347 719 1375 πόλιν
736 1346 900 1383 παραδόντα.
921 1363 955 1367 ——

165 1393 207 1420 Τὰ
219 1394 282 1420 ποῖα
291 1393 378 1421 ταῦτα
390 1403 397 1428 ;
410 1409 445 1416 ~—
456 1394 573 1427 Πλοῦτος
585 1404 624 1426 τε,
637 1393 670 1430 ἦν
681 1395 704 1421 δ’
718 1394 784 1429 ἐγὼ,
800 1395 845 1421 καὶ
863 1394 952 1421 πενία·

164 1438 204 1471 ὡς
230 1439 276 1466 τοῦ
305 1440 352 1475 μὲν
368 1441 485 1476 τρυφὴν,
500 1440 548 1467 καὶ
568 1440 677 1476 ἀργίαν,
701 1441 747 1467 καὶ
776 1439 954 1475 νεωτερισμὸν

164 1485 352 1520 ἐμποιοῦντος,
379 1486 428 1522 τῆς
451 1487 472 1513 δ’
485 1486 685 1522 ἀνελευθερίαν,
710 1487 758 1513 καὶ
788 1485 954 1521 κακοεργίαν

164 1529 234 1566 πρὸς
247 1529 285 1565 τῷ
299 1531 482 1567 νεωτεριτμῷ.
507 1531 665 1568 Κακοεργία
681 1531 710 1558 δέ
723 1531 782 1557 ἐστι
796 1531 871 1558 πᾶσα
885 1532 954 1567 πρᾶ-
968 1556 989 1582 C

164 1575 210 1610 ξις
222 1575 344 1613 ἄτιμος.»

414 1667 610 1694 ΚΕΦᾹΛΑῘΟΝ
638 1668 707 1700 Δεῖν.

406 1712 476 1747 Περὶ
498 1712 609 1747 γονέων
623 1711 721 1747 τιμῆς.

202 1760 287 1787 Πάλιν
299 1760 438 1792 Μωῡσέως
459 1761 488 1786 ἒν
499 1762 554 1792 τοῖς
568 1761 661 1796 νόμοις
684 1760 793 1795 φάντος,
808 1761 957 1791 «Ἕκαστος

163 1808 274 1843 πατέρα
292 1807 372 1834 αὑτοῦ
388 1808 552 1843 καὶμητέρα
576 1807 719 1842 φοϐείσθω·
740 1817 749 1833 ›
777 1807 835 1839 καὶ,
858 1817 868 1832 ι
884 1807 957 1843 Τίμα

163 1853 213 1880 τὸν
228 1853 334 1891 πατέρα
347 1862 393 1880 σου
405 1854 451 1880 κα).
472 1854 521 1889 τὴν
547 1854 652 1889 μητέρα
666 1861 723 1885 σου,
740 1854 783 1881 ἵνα
799 1851 827 1880 εὖ
846 1852 926 1891 σοι
945 1863 954 1880 ι

163 1900 215 1927 καὶ
230 1901 245 1926 6
269 1899 382 1926 Πλάτων
410 1899 508 1936 ὁμοίως
523 1901 626 1935 Μωῡσῇ
649 1901 730 1935 τιμᾷν
745 1900 792 1926 καὶ
820 1900 957 1935 φοϐεῖσθαι

162 1943 217 1974 ὧδέ
232 1946 290 1979 πώς
303 1955 384 1982 φησιν
400 1948 428 1973 ὲν
439 1948 493 1978 τοῖς
517 1948 634 1982 Νόμοις·
656 1956 665 1973 ι
689 1947 746 1978 Πᾶς
759 1947 787 1973 δὲ
807 1947 869 1973 νοῦν
889 1947 958 1982 ἔχων

163 1992 224 2027 (77)
240 1992 361 2027 φοϐεῖται
378 1993 424 2020 καὶ
436 1995 504 2029 τιμᾷ
519 1993 620 2028 γονέων
635 1993 728 2028 εὐχὰς,
751 1992 830 2025 εἰδὼς
852 1993 958 2025 πολλοῖς

163 2039 215 2066 καὶ
229 2039 357 2072 πολλάκις
377 2040 510 2071 ἐπιτελεῖς
535 2040 708 2075 γενομένας.»
739 2040 794 2066 Καὶ
816 2039 897 2066 πάλιν
929 2040 957 2065 ὲν

163 2085 254 2122 ἑτέρῳ
266 2085 341 2122 φησί·
363 2095 372 2111 ι
389 2086 446 2118 Πᾶς
474 2087 539 2122 ἡμῖν
562 2086 687 2113 αἰδείσθω
711 2086 766 2121 (78)
788 2085 833 2113 τὸν
860 2085 956 2112 ἑαυτοῦ

162 2130 351 2167 πρεσϐύτερον
375 2131 447 2168 ἔργῳ
464 2140 494 2158 τε
519 2132 566 2158 καὶ
582 2132 662 2167 λόγῳ.
685 2131 737 2159 Τὸν
760 2131 788 2158 δὲ
809 2131 957 2167 προέχοντα

162 2177 269 2204 εἴκοσιν
281 2177 388 2213 ἡλικίας
405 2177 492 2204 ἔτεσιν
506 2178 608 2214 ἄρρενα
630 2178 647 2214 ἢ
664 2178 758 2213 θῆλυν,
776 2177 893 2212 νομίζων
920 2177 957 2209 ὡς

162 2223 275 2259 τατέρα
289 2223 306 2258 ἢ
318 2223 423 2259 μητέρα
434 2223 636 2250 διευλαϐείσθω.
644 2234 653 2249 ι

412 2363 416 2392 ζ
427 2362 622 2388 ΚΕΦΑΛΛΙΟΝ
635 2362 684 2388 AZ’
690 2382 696 2388 .

379 2408 449 2442 Περὶ
465 2407 599 2442 κτήσεως
609 2408 740 2435 οίκετῶν.

202 2453 341 2485 Μωῢσέως
348 2454 377 2480 ὲν
387 2456 443 2486 τοῖς
459 2454 550 2490 νόμοις
561 2454 808 2490 ἀπαγορεύσαντος,
822 2453 955 2490 Ἑϐραίοις

171 2499 316 2535 Ἑϐραίους
330 2500 474 2533 δουλεύειν,
491 2501 539 2527 καὶ
556 2500 701 2535 φήσαντος,
738 2509 747 2526 ι
774 2499 837 2526 Ἐὰν
867 2500 956 2535 κτήσῃ

163 2546 251 2573 παῖδα
269 2546 402 2582 Έὸραῐον,
416 2546 445 2580 ἓξ
457 2546 503 2583 ἔτη
519 2546 653 2574 δουλεύσει
673 2555 722 2573 σοι·
752 2546 791 2581 τῷ
810 2545 838 2572 δὲ
852 2545 957 2580 ἑϐδόμῳ

203 2629 212 2645 ¹
233 2628 314 2655 Prov.
329 2637 356 2661 ιι,
372 2628 399 2655 7.
437 2630 447 2645 ¹
468 2628 551 2656 Eccli.
572 2629 618 2660 xl‘,
632 2628 677 2656 50.
716 2628 726 2644 ³
747 2627 832 2655 Exod.
849 2635 894 2661 xx,
914 2627 957 2655 12.

215 2700 260 2734 75)
274 2699 336 2726 Τῶν
350 2699 488 2726 πολιτῶν.
501 2699 588 2729 Plato.
602 2699 649 2727 lib.
665 2707 701 2727 vu
719 2699 794 2734 Leg.,
808 2708 833 2734 p.
850 2699 912 2732 632,
925 2700 955 2727 A.

215 2700 250 2727 75
274 2699 336 2726 Τῶν
350 2699 488 2726 πολιτῶν.
501 2699 588 2729 Plato.
602 2699 649 2727 lib.
665 2707 701 2727 vu
719 2699 794 2734 Leg.,
808 2708 833 2734 p.
850 2699 912 2732 632,
925 2700 955 2727 A.

204 2699 262 2771 ξπθζ
276 2734 338 2771 ff}?
360 2735 561 2770 τηολιτείας.
583 2735 639 2762 lmo
665 2735 712 2762 lib.
738 2742 762 2762 Iv
780 2735 816 2761 De
837 2735 936 2770 republ.
949 2755 955 2767 ,

170 2769 345 2840 μῗῇΐιῗῖᾶς
358 2805 391 2832 δὲ
408 2806 482 2833 νοῦν
498 2805 587 2840 ἔχων.
607 2804 705 2841 Legum
718 2813 756 2837 χι,
773 2804 910 2841 ροεηϐ82.
920 2804 956 2841 Β,

170 2841 215 2868 nbi
233 2841 288 2872 πᾶς
303 2841 346 2876 δή.
366 2840 404 2868 lb.
421 2840 451 2868 F.
471 2842 522 2868 hac
543 2841 600 2875 ipsa
614 2841 648 2868 de
668 2848 697 2867 re
712 2841 747 2868 ita
763 2840 868 2871 scribit,
882 2840 955 2867 οεδι-

169 2884 264 2908 πους,
286 2875 394 2911 inquit,
420 2876 596 2912 ἀτιμασθεὶς,
629 2875 760 2909 ἐπεύξατο
791 2877 846 2907 τοῖς
873 2875 954 2903 αὐτοῦ

1008 934 1066 960 ιιωο
1081 933 1172 961 omnia
1188 934 1267 962 nobis
1282 941 1315 962 ex
1327 942 1406 969 aequo
1422 940 1477 962 tam
1490 936 1650 964 mulieribus
1663 944 1744 971 quam
1759 936 1796 964 fe-

1009 979 1092 1008 minis
1103 999 1111 1011 ,
1127 979 1174 1014 qui
1192 980 1274 1008 modo
1289 980 1388 1008 eximia
1404 982 1539 1016 probitate
1555 981 1705 1015 fuerimus,
1721 989 1797 1010 com-

1008 1024 1101 1052 munia
1117 1029 1208 1053 sunto.
1223 1035 1232 1052 ι

1275 1071 1390 1100 CAPUT
1422 1073 1529 1100 XXXV.

1235 1119 1275 1146 De
1301 1120 1392 1154 opibus
1417 1125 1441 1147 et
1465 1121 1564 1155 inopia.

1043 1164 1205 1192 Salomonis.
1215 1166 1241 1191 in
1255 1165 1409 1193 Proverbiis
1426 1167 1482 1193 haec
1495 1166 1616 1201 precatio
1627 1171 1678 1199 est,
1696 1176 1705 1193 ι
1720 1167 1796 1195 Βίνίρ

1006 1210 1058 1237 tias
1074 1215 1100 1237 et
1114 1215 1302 1245 paupertatem
1319 1220 1353 1239 ne
1370 1212 1477 1240 dederis
1493 1213 1569 1240 mihi.
1581 1223 1592 1240 ι
1609 1212 1688 1240 Plato
1703 1219 1792 1241 autem

1005 1255 1163 1290 Reipublicw
1182 1257 1281 1284 tertio:
1303 1267 1311 1282 ι
1327 1256 1396 1293 Ergo
1411 1258 1462 1285 alia
1480 1258 1603 1293 quaedam
1617 1279 1623 1291 ,
1640 1259 1746 1294 inquit,
1766 1260 1795 1286 ni

1006 1301 1102 1335 fallor,
1117 1305 1269 1338 reperimus
1280 1323 1288 1336 ,
1305 1311 1366 1339 qua:
1387 1312 1420 1331 ne
1436 1304 1462 1330 in
1478 1304 1614 1332 civitatem
1631 1304 1724 1331 furtim
1741 1313 1795 1331 un-

1005 1354 1126 1383 quamet
1145 1350 1251 1377 occulte
1277 1350 1414 1382 subeant,
1439 1351 1473 1378 ab
1496 1351 1555 1384 ejus
1577 1351 1795 1379 moderatoribus

1005 1395 1078 1421 omni
1093 1395 1248 1429 provisione
1259 1396 1410 1422 cavendum
1424 1396 1524 1422 erit.—
1532 1395 1662 1428 Quaenam
1680 1396 1744 1423 illa?
1759 1411 1796 1418 —

1005 1440 1085 1475 Opes,
1101 1440 1224 1475 inquam,
1239 1445 1266 1468 et
1283 1441 1373 1476 inopia
1386 1451 1393 1468 :
1404 1441 1477 1476 quod
1491 1441 1543 1468 illa:
1559 1442 1668 1476 quidem
1683 1441 1792 1473 luxum.

1006 1486 1152 1520 ignaviam,
1171 1495 1318 1522 rerumque
1333 1495 1464 1514 novarum
1476 1487 1642 1515 molitionem
1655 1487 1794 1520 invehant,

1005 1533 1062 1560 haec
1069 1540 1134 1560 vero
1140 1537 1236 1568 praeter
1248 1533 1390 1567 factiones,
1403 1533 1609 1561 illiberalitatem
1619 1534 1700 1561 simul
1714 1539 1796 1570 atque

1009 1578 1150 1606 malitiam.
1179 1577 1285 1606 Malitia:
1307 1584 1396 1606 autem
1415 1580 1526 1607 nomine
1545 1579 1686 1615 indignum
1713 1588 1795 1609 omne

1008 1623 1116 1651 facinus
1131 1624 1294 1651 continetur.
1313 1635 1321 1650 ι

1289 1671 1414 1698 CAPUT.
1442 1671 1562 1699 XXXVI.

1134 1717 1170 1745 De
1187 1723 1324 1752 parentum
1340 1718 1436 1746 honore
1451 1723 1474 1745 et
1486 1719 1660 1746 observantia.

1044 1763 1147 1799 Iloysis
1159 1764 1210 1791 hoc
1225 1764 1251 1790 in
1267 1764 1324 1792 suis
1341 1765 1444 1799 legibus
1462 1769 1628 1799 pratceptum
1641 1769 1698 1792 est:
1716 1763 1798 1798 «Qui-

1008 1810 1073 1838 libet
1094 1815 1196 1844 patrem
1219 1818 1300 1838 suum
1323 1815 1349 1837 et
1365 1814 1488 1839 matrem.
1503 1811 1606 1838 timeat.
1625 1820 1634 1836 ι
1654 1809 1794 1846 Itemque:

1010 1855 1117 1882 Honora
1132 1860 1234 1889 patrem
1248 1861 1324 1883 tuum
1341 1862 1367 1882 et
1382 1862 1495 1883 matrem
1513 1859 1600 1888 tuam,
1619 1860 1647 1882 ut
1661 1856 1730 1883 bene
1747 1855 1795 1883 tibi

1009 1902 1044 1929 sit
1052 1902 1071 1928 ³.
1080 1912 1088 1927 ι
1103 1901 1159 1929 Hoc
1172 1907 1260 1929 metus
1276 1902 1442 1936 honorisque
1453 1909 1538 1935 genus
1546 1901 1622 1928 Plato
1633 1901 1757 1929 similiter
1769 1902 1797 1928 in

1009 1947 1118 1982 Legibus
1128 1947 1164 1974 ila
1173 1947 1277 1974 sanxit:
1289 1956 1297 1971 ι
1309 1946 1469 1981 Quicunque
1477 1947 1574 1974 mentis
1581 1954 1693 1982 compos
1702 1946 1795 1979 fuerit,

1010 1994 1107 2029 inquit,
1120 1994 1143 2021 is
1156 1997 1299 2028 parentum
1318 2000 1430 2020 suorum
1445 2000 1539 2028 preces
1552 2001 1585 2020 ac
1601 1997 1664 2020 vota
1682 1997 1795 2025 metuet,

1009 2040 1088 2075 611
1112 2039 1277 2073 plurimique
1294 2037 1394 2069 faciet,
1407 2038 1480 2073 quod
1500 2038 1526 2064 in
1547 2037 1640 2065 multis
1655 2041 1683 2064 et
1698 2037 1798 2071 saepius

1009 2085 1154 2112 commissa
1168 2084 1213 2111 illa
1227 2088 1253 2112 et
1263 2085 1386 2112 convicta
1401 2092 1460 2112 esse
1473 2085 1589 2112 noverit.
1609 2095 1618 2110 ι
1636 2084 1798 2120 Rursusque

1009 2131 1062 2158 alio
1078 2131 1148 2158 libro
1163 2140 1168 2158 :
1184 2140 1193 2156 ι
1208 2130 1295 2158 Nemo
1314 2139 1369 2158 non
1392 2131 1462 2166 apud
1476 2139 1526 2159 nos
1540 2139 1602 2158 eum
1616 2138 1631 2157 a
1648 2139 1702 2166 quo
1718 2135 1797 2158 aetate

1009 2177 1193 2212 superabitur,
1209 2181 1263 2204 tam
1280 2185 1361 2212 opere
1376 2185 1459 2212 quam
1474 2177 1564 2204 verbis
1575 2177 1727 2204 observato.
1745 2176 1797 2210 Qui

974 2225 996 2253 D
1011 2229 1100 2251 autem
1117 2232 1147 2252 se
1169 2224 1249 2251 annis
1263 2223 1357 2259 viginti
1377 2223 1531 2255 antecedet,
1550 2231 1597 2250 seu
1616 2224 1658 2250 vir
1672 2223 1716 2250 ille
1726 2243 1733 2254 ,
1748 2231 1795 2250 seu

1009 2269 1109 2296 femina
1126 2268 1225 2302 fuerit,
1241 2269 1315 2296 hunc
1338 2268 1364 2295 in
1392 2268 1478 2304 patris
1500 2273 1547 2296 aut
1561 2268 1657 2296 matris
1669 2268 1730 2296 loco
1747 2268 1797 2295 lia-

1009 2314 1088 2347 bens,
1102 2319 1256 2342 venerator.
1274 2323 1283 2340 ι

1268 2358 1382 2386 CAPUT
1402 2359 1536 2387 XXXVII.

1216 2405 1253 2433 De
1266 2406 1428 2441 possessione
1442 2414 1587 2433 servorum.

1044 2451 1136 2479 Vetuit
1150 2451 1254 2487 Moyses
1269 2452 1296 2479 in
1313 2452 1428 2487 legibus,
1444 2460 1478 2480 ne
1492 2451 1611 2479 Hebraeis
1621 2450 1726 2479 Hebrmi
1740 2457 1800 2478 ser-

1010 2498 1101 2530 viant,
1124 2498 1296 2532 addiditque,
1326 2507 1334 2523 ι
1351 2498 1379 2525 Si
1393 2498 1492 2525 emeris
1507 2505 1616 2526 servum
1635 2496 1796 2529 Hebraeum,

1011 2551 1057 2571 sex
1072 2551 1159 2571 annos
1175 2543 1273 2571 serviet
1289 2544 1336 2571 tibi
1351 2552 1356 2569 :
1373 2544 1489 2579 septimo
1508 2548 1598 2572 autem
1615 2551 1688 2571 anno
1705 2542 1797 2570 dimit-

1011 2698 1130 2730 τέκνοις.
1145 2698 1162 2725 ἃ
1179 2698 1211 2733 δὴ
1228 2699 1272 2725 καὶ
1288 2699 1340 2729 πᾶς
1357 2697 1528 2733 ὑμνεῖ“τέλεα
1543 2697 1589 2724 καὶ
1602 2697 1706 2732 ἐπήκοα
1720 2696 1797 2733 γενὲ;

1011 2735 1073 2761 σθαι
1091 2734 1165 2770 παρὰ
1188 2731 1278 2770 ego)»;
1298 2731 1450 2770 Ἀμυντορά
1471 2741 1503 2770 τε
1517 2731 1677 2770 φοίνικιέτῷ
1692 2731 1796 2770 Δἑαυτοῦ

1009 2767 1163 2804 ἐπαρᾶσθαι
1181 2768 1255 2795 παιδὶ
1269 2767 1428 2804 θυμωθέντα
1438 2789 1445 2800 ,
1464 2768 1510 2804 καὶ
1527 2767 1675 2804 Ἱππολύτῳ
1688 2767 1778 2804 Θησέα
1786 2785 1802 2799 ,.

1009 2806 1054 2831 καὶ
1064 2799 1271 2840 ἐτέρους-ἀλλοις
1284 2799 1394 2840 μυρίους
1411 2803 1517 2839 μυρίοις
1530 2812 1536 2818 ·
1547 2799 1587 2840 ὧν
1596 2799 1690 2840 γέγονε
1700 2799 1796 2837 σαφὲς.

1008 2837 1141 2874 ἐπηκόους
1158 2837 1226 2866 εἶναι
1243 2837 1350 2873 γονεῦσι.
1365 2837 1432 2874 προς
1445 2837 1526 2866 τέκνα
1543 2838 1630 2874 θεούς.

1043 2849 1141 2901 ηἵκοους
1150 2849 1350 2879 ξιναιηγονευσι
1365 2849 1432 2874 προς
1445 2849 1526 2879 τεκνα
1543 2849 1630 2870 υεῡυς.

1043 2877 1053 2911 (
1072 2875 1099 2911 8)
1117 2876 1179 2909 ηας
1190 2875 1258 2909 ἡμίν
1271 2874 1418 2902 αἰδείσθω.
1430 2874 1488 2902 Lib.
1499 2882 1525 2902 ιχ
1540 2873 1647 2909 Legum,
1659 2882 1685 2909 ρ.
1695 2871 1798 2905 εἰῶ-,ΕΣ
