2078 3207
319 153 388 182 1019

634 151 767 180 EUSEBII
787 151 1025 180 CESARIENSIS
1041 144 1115 180 OPP.
1136 151 1225 179 PARS
1243 153 1274 180 ll.
1294 168 1329 174 —
1347 152 1594 181 APOLOGETICA.

1859 153 1934 180 i020

315 212 486 238 admoveant.
499 210 566 237 Tum
584 210 655 237 enim
672 212 765 244 utique
780 209 974 244 rempublicam
988 209 1098 237 interire
1118 211 1264 245 oportebit.
1291 219 1353 239 cum
1369 211 1428 246 ejus
1451 209 1715 238 administrationem
1735 209 1837 238 ferreus
1851 212 1932 245 quis—

313 258 386 292 piam
401 259 520 284 aeredsve
537 260 630 283 custos
646 255 804 290 susceperit.
817 255 900 291 61E.
913 255 980 282 Num
995 260 1024 283 tu
1052 263 1116 283 vero
1135 260 1220 283 artem
1252 257 1369 292 aliquam
1391 261 1471 292 atque
1494 256 1626 283 rationem
1651 255 1678 282 in
1694 260 1821 290 promptu
1846 256 1932 283 habes

314 312 367 340 qua
384 305 440 332 ha’c
458 304 492 331 iis
508 303 599 331 fabula
617 303 773 337 persuaderi
789 303 894 337 possit?
912 312 922 329 ι

584 348 698 376 CAPUT
719 348 811 375 XLIV.

546 394 585 421 De
603 394 695 421 iisdem
713 394 852 421 similibus.

346 440 405 467 Alia
429 440 552 475 quaedam
570 441 640 474 apud
661 439 788 468 Hebraeos
807 441 948 476 prophetia
968 445 1025 474 est,
1039 449 1093 476 qua

308 486 399 520 populi
424 486 559 520 principes
582 486 618 512 ita
645 486 841 520 compellantur
867 495 901 514 ει
923 486 945 513 0
968 493 1093 522 pastores

308 530 402 562 Israel.
418 531 539 566 nunquid
552 536 673 566 pastores
685 531 845 565 semetipsos
859 532 991 566 pascunt?
1003 539 1092 559 nonne

308 581 432 611 pastores
449 584 513 604 oves
530 585 594 604 snas
610 577 742 612 pascunt?
759 576 827 604 Ecce
842 577 883 604 lac
900 577 1050 608 comeditis,
1065 582 1092 604 et

307 622 379 655 quod
396 629 518 649 crassum
532 626 572 648 est
587 622 728 656 jugulatis,
741 626 767 648 et
778 620 847 648 lanis
860 621 1014 655 operimini,
1027 629 1091 649 oves

306 671 396 693 autem
413 673 488 693 meas
503 674 555 693 non
571 667 681 700 pascitis
696 675 701 691 :
721 666 792 700 quod
811 666 928 700 perierat
941 674 994 692 non
1013 674 1089 701 quae-

306 711 402 743 siistis,
417 716 444 738 et
459 711 531 745 quod
547 710 717 738 confractum
735 714 793 737 erat
816 718 868 736 non
893 709 1042 744 alligastis,
1063 713 1091 737 et

306 757 379 792 quod
403 761 541 784 erraverat
557 763 610 782 non
625 755 800 783 reduxistis‘.
820 763 829 780 ι
847 754 907 786 Quo
921 754 1002 781 etiam
1024 753 1089 781 illud

305 802 432 829 salutaris
446 801 582 836 Evangelii
596 801 720 835 pertinet,
737 809 747 825 ι
763 799 853 826 Bonus
866 803 959 834 pastor
971 798 1089 826 animam

305 856 382 876 suam
397 848 473 883 ponit
496 856 544 883 pro
560 848 657 875 ovibus
681 847 739 874 suis
756 854 762 872 ε
781 845 965 873 mercenarius
980 849 1088 878 autem,

304 899 332 922 ct
345 895 392 929 qui
407 902 460 921 non
476 898 518 921 est
533 898 635 928 pastor,
651 893 730 927 cujus
741 899 795 919 non
809 896 872 919 sunt
883 899 948 918 Oves
962 891 1087 926 propriae,

305 939 418 967 dimittit
447 940 520 967 eas'.
537 949 546 965 ι
562 939 621 967 Jam
636 946 699 966 vero
711 938 850 965 Platonem
868 938 941 970 audi,
959 938 1088 972 quemad-

306 987 417 1013 modum
440 986 484 1013 illa
501 986 559 1020 ipsa
574 986 661 1020 primo
683 985 721 1012 De
733 984 863 1019 republica
884 984 1086 1018 interpretetur.

308 1042 318 1058 ι
333 1032 411 1060 Nunc
427 1037 516 1060 autem
527 1051 534 1063 ,
558 1032 657 1066 inquit,
672 1031 758 1063 vides,
774 1031 809 1057 mi
825 1030 1027 1065 Thrasymache
1045 1030 1087 1065 (ut

1396 346 1593 373 ΚΕΦΑΛΔΙΟΝ
1610 346 1675 372 ΜΔ¹.

1237 393 1302 419 Ἔτι
1321 392 1387 427 περὶ
1407 392 1466 419 τῶν
1488 392 1594 426 ὁμοίων
1610 391 1840 426 ὑποδειγμάτων.

1180 437 1236 472 Τῆς
1252 437 1316 473 παρ’
1337 437 1470 472 Ἐὸραίοις
1493 438 1659 473 προφητείας
1678 437 1835 472 φασκούσης
1862 438 1933 472 πρὸς

1143 484 1205 514 τοὺς
1216 482 1388 519 προεστῶτας
1402 482 1445 508 τοῦ
1456 482 1582 518 πλήθους·
1599 481 1648 508 ιὨ
1667 483 1792 518 ποιμένες
1809 482 1919 518 Ἰσραὴλ

1144 528 1181 564 μὴ
1209 528 1336 563 βόσκουσι
1363 528 1491 563 ποιμένες
1517 527 1652 560 ἐαυτοὺς;
1678 528 1709 554 οὐ
1738 527 1771 554 τὰ
1806 527 1924 562 πρόϐατε

1144 573 1286 608 βόσκουσιν
1300 574 1324 600 οἱ
1337 573 1464 609 ποιμένες
1477 581 1483 606 ;
1509 574 1562 600 ίδοὺ
1579 573 1610 600 τὸ
1620 573 1689 607 γάλα
1705 572 1871 604 κατεσθίετε,
1881 573 1931 599 καὶ

1140 619 1171 645 τὸ
1186 620 1258 654 παχὺ
1276 618 1404 654 σφάξετε,
1422 619 1470 645 καὶ
1491 619 1523 646 τὰ
1539 619 1600 654 ἔρια
1613 618 1817 654 περιόάλλεσθε,
1831 619 1877 646 καὶ.
1893 619 1928 646 τὰ

1141 665 1265 701 πρόϐατά
1278 673 1328 700 μου
1343 665 1372 691 οὐ
1387 664 1506 700 βόσκετε·
1523 665 1569 692 κα).
1580 665 1610 691 τὺ
1621 664 1756 696 ἀπολωλὸς
1769 664 1818 691 οὑκ
1829 665 1929 701 arma-

1142 719 1214 742 σατε,
1233 711 1279 737 καὶ
1295 710 1326 736 τὸ
1343 711 1570 746 συντετριμμένον
1584 711 1614 737 οὐ
1629 710 1804 745 κατεδήσατε,
1829 711 1875 737 καὶ
1894 711 1926 737 τὸ

1140 757 1313 794 πλανώμενον
1327 758 1376 784 οὐκ
1389 757 1587 793 ἐπεστρέψατε·
1612 767 1621 783 ι
1634 757 1701 784 ἀλλὰ
1715 757 1816 784 καὶτοῦ
1836 765 1926 793 σωτη-

1140 805 1199 840 ρίου
1215 803 1295 838 λόγου
1311 804 1470 838 φάσκοντος,
1485 813 1494 829 ι
1519 804 1547 830 '0
1561 805 1660 839 ποιμὴν
1679 805 1693 830 6
1710 803 1789 835 καλὸς
1799 804 1848 839 τὴν
1872 803 1926 838 ψυ-

1138 849 1188 884 χὴν
1204 848 1300 875 ἑαυτοῦ
1313 848 1419 883 τίθησιν
1434 848 1503 883 ὑπὲρ
1519 847 1572 874 τῶν
1586 847 1736 882 προϐάτων·
1747 848 1762 873 6
1775 847 1803 873 δὲ
1821 847 1925 881 μισθω-

1138 895 1193 926 τὸς,
1211 895 1257 922 καὶ
1268 893 1366 920 οὐκῶν
1385 894 1497 929 ποιμὴν,
1514 891 1544 920 οὗ
1569 893 1618 919 οὐκ
1637 893 1710 919 ἐστιν
1730 892 1782 919 tam
1800 892 1835 918 τὰ
1858 892 1926 928 πρό-

1139 940 1218 969 ϐατα,
1233 939 1391 967 καταλείπει
1407 939 1503 966 αὐτὼ»
1517 939 1668 965 ἐπάκουσον
1682 939 1730 965 καὶ
1749 937 1796 964 τοῦ
1812 937 1923 964 Πλάτω-

1139 993 1193 1018 νος,
1212 987 1240 1012 ὲν
1253 985 1291 1020 τῷ
1306 984 1406 1021 πρώτῳ
1421 985 1471 1019 τῆς
1492 985 1647 1017 Πολιτείας
1660 984 1734 1015 ὅπως
1759 984 1824 1010 ποτὲ
1837 982 1924 1010 ταῦτα

1136 1029 1317 1065 διερμηνεύει.
1331 1039 1340 1055 ι
1361 1029 1419 1056 Νῦν
1432 1029 1461 1056 δὲ
1476 1029 1541 1064 ὁρᾷς
1555 1028 1620 1064 (86),
1640 1026 1662 1055 ὧ
1685 1029 1850 1064 Θρασύμαχε
1873 1029 1924 1063 (ἔτι

303 1078 442 1112 superiora
458 1077 503 1104 illa
517 1077 606 1104 denuo
624 1076 800 1111 repetamus),
813 1080 849 1108 te,
864 1076 911 1110 qui
924 1083 1018 1102 verum
1030 1083 1084 1102 me-

1136 1076 1190 1111 γὰρ
1204 1075 1238 1102 τὰ
1253 1075 1405 1111 ἔμπροσθεν
1432 1074 1664 1110 ἐπισκεψώμεθα),
1677 1075 1716 1101 ὅτι
1732 1075 1777 1101 τὸν
1805 1074 1842 1106 ὡς
1857 1074 1923 1110 ἀλη-

302 1124 393 1150 dicum
418 1123 550 1157 principio
579 1122 735 1155 deﬁnieris,
761 1122 888 1156 deinceps
916 1127 1005 1150 tamen
1028 1122 1085 1149 veri

301 1168 421 1204 pastoris
433 1175 494 1196 esse
509 1168 637 1199 noluisse,
647 1168 788 1203 diligenter
799 1175 831 1194 ac
845 1167 966 1194 studiose
977 1175 1084 1203 gregem

302 1214 459 1246 custodire,
488 1215 534 1241 sed
552 1214 641 1248 potius
657 1220 736 1244 eum,
757 1218 891 1248 quatenus
915 1217 1007 1247 pastor
1028 1217 1083 1244 est,

303 1260 343 1287 sic
355 1267 421 1286 oves
436 1267 500 1286 suas
516 1266 643 1294 pascere,
661 1263 689 1285 ut
706 1266 758 1286 non
772 1259 826 1293 jam
842 1258 888 1292 qui
904 1266 967 1286 oves
984 1259 1085 1293 optime

303 1305 430 1335 habeant.
439 1305 484 1332 sed
497 1304 620 1339 epulonis
631 1303 772 1338 cujusdam
781 1303 935 1331 convivium
947 1304 1084 1331 instruen—

302 1350 338 1378 tis
360 1358 451 1382 more.
465 1350 511 1385 qui
529 1351 601 1377 laute
616 1350 744 1378 convivas
759 1357 824 1378 suos
838 1350 965 1384 excipiat,
984 1354 1085 1376 attente

300 1397 454 1424 consideret
469 1405 476 1430 ;
497 1397 537 1423 vel
555 1404 621 1424 sane
635 1396 861 1431 quemadmodum
880 1404 937 1428 eas,
955 1400 1083 1430 tanquam

300 1445 449 1468 aeruscator
464 1441 573 1476 aliquis,
591 1449 643 1468 non
660 1445 788 1476 tanquam
806 1445 909 1475 pastor,
938 1448 988 1468 suo
1007 1448 1084 1467 com-

299 1486 400 1522 petidio
414 1487 524 1514 vendat.
540 1487 597 1513 Arli
616 1495 681 1514 sane
697 1487 823 1521 pastorali
840 1494 913 1514 cura;
929 1487 1002 1514 aliud
1017 1487 1084 1514 nihil

299 1538 356 1564 est.
373 1541 454 1568 quam
474 1538 504 1560 ut
519 1533 628 1560 creditis
651 1532 702 1560 sibi
727 1533 934 1567 commissisque
957 1533 1084 1568 gregibus

298 1579 400 1614 optima
414 1587 528 1614 quaeque
545 1587 576 1606 ac
590 1579 767 1606 saluberrima
786 1578 933 1613 provideat.
950 1577 1017 1605 Nam
1037 1585 1083 1604 ar-

301 1627 355 1651 tem
379 1623 464 1658 ipsam
488 1624 560 1658 quod
575 1625 685 1656 attinet,
703 1623 819 1655 abunde,
837 1624 864 1650 ni
889 1623 977 1657 fallor,
1002 1624 1083 1651 rebus

299 1675 348 1703 per
360 1676 420 1696 sese
436 1669 574 1699 omnibus,
592 1673 621 1695 ut
635 1669 735 1703 optima
753 1669 797 1696 illa
810 1677 926 1703 vereque
939 1669 1082 1703 pastoralis

299 1713 414 1740 omnino
429 1713 475 1745 sit,
493 1714 655 1741 necessariis
671 1715 802 1741 instructa
819 1719 870 1741 est.
886 1713 925 1741 lta
940 1722 1012 1741 nunc
1024 1715 1082 1749 qui-

298 1759 359 1786 dem
391 1758 468 1786 fateri
492 1768 601 1788 necesse
626 1767 686 1787 esse
711 1759 873 1791 arbitrabar,
899 1760 1081 1794 principatum

297 1812 405 1832 onmem
418 1825 425 1837 ,
441 1810 575 1840 quatenus
594 1806 760 1841 principatus
777 1811 835 1838 est,
851 1806 984 1841 ejusmodi
1002 1814 1079 1838 esse,

297 1850 346 1885 qui
375 1851 452 1878 alteri
484 1851 606 1884 nemini,
630 1859 709 1886 quam
733 1852 860 1886 potestati
887 1859 943 1879 suae
966 1851 1081 1886 ﬁdeique

1136 1121 1190 1153 θῶς
1211 1122 1300 1158 ἰατρὸν
1318 1121 1373 1157 (87)
1385 1121 1414 1148 τὺ
1426 1121 1532 1157 πρῶτον
1546 1120 1711 1156 ὁριζόμενος,
1734 1121 1780 1148 τὸν
1800 1121 1837 1152 ὡς
1858 1121 1924 1157 ἀλη-

1136 1166 1190 1199 θῶς
1201 1167 1317 1202 ποιμένα
1332 1167 1422 1193 οὐκέτι
1437 1166 1490 1202 ᾤου
1509 1167 1565 1193 δεῖν
1577 1166 1688 1202 ὕστερον
1701 1167 1821 1202 ἀκριϐῶς
1835 1167 1922 1200 φυλά-

1137 1212 1191 1245 ξαι·
1204 1213 1272 1239 ἀλλὰ
1301 1213 1455 1248 ποιμαίνειν
1477 1212 1534 1248 (88)
1553 1213 1602 1239 οίει
1621 1213 1701 1239 αὑτὸν
1726 1212 1761 1238 τὰ
1787 1213 1922 1248 πρόὸατα,

1135 1259 1250 1286 καθόσον
1277 1260 1379 1294 ποιμήν
1405 1259 1488 1290 ἐστιν,
1519 1258 1549 1285 οὐ
1565 1258 1632 1294 πρὸς
1646 1258 1675 1284 τὸ
1696 1258 1750 1284 τῶν
1779 1258 1934 1294 προϐάτων-

1136 1305 1272 1340 βέλτιστον
1292 1305 1434 1340 βλέποντα,
1452 1304 1507 1331 ἀλλ’
1521 1304 1614 1339 ὥσπερ
1627 1304 1773 1339 δαιτυμόνα
1789 1303 1860 1335 τινὰ,
1875 1305 1924 1331 καὶ

1137 1351 1268 1386 μέλλοντα
1287 1350 1474 1381 ἑστιάσασϐαι,
1491 1350 1558 1385 πρὸς
1572 1349 1621 1384 τὴν
1632 1349 1758 1384 εὐωχίαν·
1773 1349 1790 1385 ἢ
1804 1347 1837 1376 αὖ
1853 1349 1923 1385 πρὸς

1134 1395 1164 1422 τὸ
1176 1395 1331 1427 ἀποδόσθαι,
1347 1396 1440 1431 ὥσπερ
1462 1395 1658 1431 χρηματιστὴν,
1676 1395 1733 1421 ἀλλ’
1748 1395 1778 1421 οὐ
1793 1395 1920 1430 ποιμένα.

1134 1441 1174 1477 Τῇ
1189 1443 1331 1477 ποιμενικῇ
1349 1442 1370 1468 δ’
1382 1442 1412 1468 οὐ
1430 1441 1514 1476 δήπου
1542 1441 1621 1468 ἄλλου
1635 1449 1682 1467 του
1711 1441 1795 1476 μέλει,
1813 1441 1829 1476 ἢ
1845 1441 1887 1475 ἐφ’
1899 1437 1921 1474 ᾦ

1133 1488 1272 1520 τέτακται,
1298 1488 1372 1519 ὅπως
1392 1487 1477 1523 τούτῳ
1491 1488 1521 1514 τὸ
1553 1487 1690 1522 βέλτιστον
1711 1488 1844 1523 ὲκτωριεῖσ
1860 1488 1922 1513 ἐπεὶ

1133 1534 1167 1560 τά
1196 1542 1227 1568 γε
1241 1534 1335 1569 αὐτῆς,
1354 1533 1416 1560 ὥστ’
1445 1532 1512 1560 εἶναι
1539 1533 1680 1568 βελτίστη,
1708 1533 1806 1564 ίκανῶς
1835 1533 1920 1567 δήπου

1133 1580 1339 1614 ἐκπεπόρισται,
1356 1579 1409 1611 ἕως
1426 1587 1457 1614 γε
1473 1579 1505 1606 ἂν
1523 1579 1604 1614 μηδὲν
1627 1579 1702 1614 ἐνδέῃ
1713 1578 1758 1605 τοῦ
1775 1579 1920 1613 ποιμενικὴ

1134 1622 1212 1650 εἶναι.
1232 1623 1309 1651 Οὕτω
1324 1624 1355 1659 δὴ
1370 1624 1448 1659 ᾤμην
1463 1624 1550 1658 ἔγωγε
1572 1624 1619 1650 νῦν
1639 1624 1670 1660 δὴ
1690 1624 1838 1657 ἀναγκαῖον
1851 1622 1920 1650 εἶναι

1135 1671 1199 1705 ἡμῖν
1211 1670 1360 1705 ὁμολογεῖν,
1378 1671 1466 1696 πᾶσαν
1484 1669 1580 1705 ἀρχὴν,
1597 1669 1710 1696 καθόσον
1724 1668 1806 1704 ἀρχὴ,
1825 1669 1920 1704 μηδενὶ

1135 1715 1206 1750 ἄλλῳ
1219 1715 1248 1742 τὸ
1263 1715 1398 1751 βέλτιστον
1414 1715 1573 1742 σκοπεῖσθαι
1589 1715 1605 1750 ἢ
1617 1715 1712 1750 ἐκείνῳ
1724 1715 1763 1750 τῷ
1776 1715 1921 1750 ἀρχομένῳ

1134 1771 1163 1788 τε
1175 1763 1222 1788 καὶ
1239 1760 1457 1797 θεραπευομένῳ,
1466 1763 1494 1788 ἐν
1506 1761 1629 1797 πολιτικῇ
1644 1763 1690 1788 καὶ
1702 1762 1822 1796 ἰδιωτικῇ
1836 1762 1918 1796 ἀρχῇ.

1134 1806 1170 1833 Σὺ
1188 1806 1215 1832 δὲ
1233 1807 1293 1838 τοὺς
1310 1806 1443 1842 ἄρχοντας
1457 1807 1485 1833 ἐν
1498 1808 1557 1838 ταῖς
1572 1807 1675 1840 πόλεσι,
1690 1809 1752 1839 τοὺς
1761 1807 1798 1839 ὡς
1811 1807 1918 1842 ἀληθῶς

1133 1852 1274 1888 ἄρχοντας,
1295 1852 1406 1884 ἑκόντας
1418 1853 1466 1880 οἴει
1482 1854 1592 1889 ἄρχειν;
1609 1863 1618 1880 ι

297 1898 462 1929 commissis,
472 1898 573 1933 optima
589 1905 703 1933 quaeque
718 1898 876 1933 prospiciat,
892 1906 938 1926 seu
970 1898 1094 1933 publicus
1113 1898 1156 1925 ille
1182 1899 1217 1925 sit
1233 1919 1240 1932 ,
1264 1906 1310 1926 seu
1336 1899 1457 1933 privatus
1489 1899 1570 1927 etiam
1596 1899 1774 1934 principatus.
1789 1898 1830 1926 Tu
1853 1907 1917 1926 vero

297 1943 562 1979 rerumpuhlicarum
579 1944 724 1978 principes,
742 1945 764 1971 si
779 1952 841 1971 vere
855 1944 936 1972 modo
948 1943 1082 1978 principes
1104 1943 1212 1975 fuerint,
1228 1944 1406 1978 principatum
1422 1944 1493 1971 ultro
1508 1951 1600 1978 gerere
1612 1945 1772 1972 arbitraris?
1787 1954 1797 1970 ι

491 2002 572 2038 615
597 2002 710 2030 CAPUT
737 2003 818 2030 XLV.

611 2048 649 2075 De
661 2049 763 2075 iisdem.

331 2092 450 2120 Alterius
467 2093 537 2127 apud
560 2093 687 2121 Hebraeos
704 2094 840 2128 propheta:
857 2102 907 2121 vox
924 2100 965 2122 est
986 2105 992 2122 :
1013 2104 1022 2120 ι
1040 2095 1079 2122 Ex

1388 1999 1584 2028 ΚΕΦΑΛΑΪΟΝ
1596 2003 1660 2029 ME'.

1370 2048 1432 2074 Ἔτι
1446 2048 1510 2082 περὶ
1523 2047 1575 2075 τοῦ
1588 2048 1690 2075 αὑτοῦ.

1169 2101 1178 2117 ι
1199 2092 1255 2127 Τῆς
1271 2094 1335 2128 παρ’
1357 2093 1490 2128 Ἐόραίοις
1506 2094 1671 2129 προφητείας
1683 2094 1823 2130 λεγούσης⁹
1842 2104 1852 2121 ι
1871 2095 1916 2122 Ἕκ

296 2138 394 2165 timore
407 2143 464 2170 tuo,
482 2138 606 2171 Domine,
625 2140 651 2166 in
675 2145 752 2167 utero
772 2141 956 2175 concepimus,
972 2145 998 2168 et
1016 2149 1078 2176 par-

1136 2137 1177 2164 τοῦ
1193 2138 1274 2172 φόϐου
1293 2147 1349 2171 σου,
1370 2138 1466 2174 Κύριε,
1478 2140 1506 2165 ὲν
1518 2141 1615 2176 γαστρὶ
1629 2140 1759 2175 ἐλάϐομεν
1769 2161 1776 2173 ,
1792 2142 1839 2168 κα)⁸
1855 2141 1917 2168 (316t-

295 2184 452 2215 turivimus,
467 2189 493 2211 et
508 2185 661 2219 peperimus
684 2186 808 2219 spiritum
833 2186 930 2213 salutis
938 2187 959 2214 ³.
976 2196 985 2212 ι
1002 2186 1079 2214 Plato

297 2237 386 2258 autem
406 2230 432 2256 in
445 2230 573 2257 Thewlelo
590 2230 727 2258 Socratem
743 2231 780 2258 ita
791 2232 945 2267 loquentem
958 2233 1077 2261 inducit:

299 2286 309 2302 ε
325 2275 377 2309 Qui
393 2277 590 2304 consuetudine
615 2286 674 2305 mea
691 2284 813 2310 utuntur,
827 2279 925 2313 inquit,
941 2279 959 2306 ii
973 2279 1080 2308 feminis

296 2323 464 2358 parientibus
487 2324 639 2357 persimiles
664 2329 737 2352 sunt.
758 2325 916 2353 Parturiunt
940 2326 978 2353 illi
992 2327 1078 2361 siqui-

296 2369 367 2400 dem,
382 2373 409 2395 et
425 2374 516 2396 noctes
529 2375 609 2404 atque
622 2371 679 2398 dies
692 2372 760 2406 ipsis
782 2373 862 2400 etiam
877 2373 1016 2407 puerperis
1031 2380 1078 2399 ve-

297 2413 450 2442 hementins
475 2415 536 2450 angi
559 2416 656 2444 solent.
672 2417 749 2445 Hunc
765 2426 828 2446 vero
849 2423 942 2453 partus
958 2419 1078 2446 dolorem

297 2460 362 2486 artis
376 2468 442 2488 mea:
461 2462 486 2489 vi
500 2469 562 2489 cum
578 2463 697 2490 excitare
721 2464 788 2498 ipse,
804 2469 861 2491 tum
888 2465 970 2492 etiam
989 2465 1079 2492 levare

297 2512 419 2538 possum.
436 2516 444 2532 ι

335 2581 449 2610 ¹Εῑοο1ι.
466 2592 558 2616 xxxw,
573 2586 599 2612 2.
639 2585 733 2614 'Joan.
749 2597 777 2622 Χ,
794 2589 836 2616 Η.
867 2589 936 2618 ’lsa.
948 2591 1076 2624 xxvr,18.

408 2653 472 2697 Ιχῦν
484 2654 517 2697 ιἶέ
533 2654 620 2697 ὁρᾷς.Δ
633 2655 723 2697 P_rimo
740 2658 778 2686 De
798 2660 909 2694 republ.,
925 2669 950 2695 p.
967 2661 1030 2694 417,
1046 2661 1077 2689 C.

334 2686 531 2731 (gilAfiafpdr:
546 2686 624 2731 dio—st
647 2692 717 2731 hanc
739 2686 832 2722 vocem,
859 2686 953 2723 eccsse
972 2686 1076 2731 aliquid

300 2725 435 2762 suspicor:
453 2725 478 2751 id
505 2725 632 2764 nimirum
644 2728 718 2764 quod
734 2730 868 2757 medicum
885 2739 946 2758 esse
969 2725 1077 2764 definit,

301 2764 388 2802 Ec,
397 2760 454 2802 τῷν
469 2760 818 2802 ξιμνόντων-θεραπευτήν.
832 2765 877 2802 ΔΙιιι
892 2766 962 2802 enim
981 2760 1078 2800 supra,

301 2800 360 2827 pag.
375 2792 444 2824 415,
469 2793 497 2820 '0
509 2792 547 2829 τῷ
557 2796 665 2832 ἀκριὸεἰ
674 2792 751 2835 ’λόγῳ
769 2792 868 2834 ὶάτρὸς,
887 2792 1004 2836 πότερον
1014 2792 1079 2836 ἱρήλ

1130 2184 1260 2218 νήσαμεν,
1274 2184 1320 2210 καὶ
1336 2184 1465 2219 ἐτέκομεν
1478 2185 1585 2219 πνεῦμα
1598 2186 1758 2221 σωτηρίας»
1775 2186 1789 2211 6
1803 2186 1917 2214 Πλάτων

1131 2230 1159 2255 ὲν
1170 2229 1314 2262 Θεαιτήτῳ
1327 2229 1388 2256 τάδε
1397 2229 1509 2263 λέγοντα
1516 2230 1661 2265 Σωκράτην
1670 2232 1749 2257 ποιεῖ’
1762 2241 1770 2256 ι
1777 2231 1916 2267 [latr/pust

1130 2275 1162 2311 δὴ
1176 2276 1199 2302 οἱ
1232 2276 1293 2310 ἐμοὶ
1322 2275 1508 2311 συγγινόμενοι
1536 2277 1632 2302 ταύτὸν
1661 2278 1719 2308 ταῖς
1748 2277 1914 2309 τικτοὺςαις.

1139 2321 1266 2348 Ὠδίνουσι
1282 2321 1345 2357 γὰρ,
1374 2322 1420 2348 καὶ
1446 2321 1560 2357 ἀπορίας
1575 2322 1755 2356 ἐμπίπλανται
1770 2323 1872 2354 νύκτας
1886 2332 1914 2349 τε

1133 2368 1179 2395 καὶ
1192 2368 1306 2404 ἡμέρας,
1322 2368 1388 2395 πολὺ
1409 2369 1508 2404 μᾶλλον
1522 2369 1538 2405 ἦ
1556 2371 1665 2396 ἐκεῖναι.
1694 2369 1800 2405 Ταύτην
1818 2370 1850 2405 δὴ
1865 2371 1913 2404 τὴν

1132 2414 1213 2441 ὠδῖνα
1237 2414 1353 2450 ἐγείρειν
1373 2423 1403 2441 τε
1420 2415 1466 2442 καὶ
1495 2415 1644 2442 ἀποπαύειν
1665 2416 1682 2450 ὴ
1697 2415 1750 2450 ἐμὴ
1767 2415 1848 2450 τέχνη
1869 2415 1914 2442 δύο

1133 2467 1221 2487 ναται.
1241 2470 1251 2486 Ι

1156 2668 1265 2703 ατιστής
1282 2669 1364 2698 ἐστιν.
1380 2667 1398 2729 Ἰ
1417 2668 1470 2694 τῶν
1484 2669 1639 2703 καμνόντων
1652 2667 1842 2704 Θεραπευτής;
1860 2669 1915 2695 Καὶ

1156 2703 1193 2729 ίγε
1213 2703 1257 2729 τὸν
1268 2703 1306 2729 τῶ
1320 2703 1375 2729 ὄντι
1401 2704 1480 2729 ατοδν
1496 2704 1567 2729 ὂντα.
1587 2702 1647 2729 Τῶν
1663 2703 1832 2729 καμνόντων.
1848 2703 1912 2729 ἔστι.

1149 2703 1193 2737 ἐγε
1213 2703 1257 2729 τὸν
1268 2703 1306 2738 τῷ
1320 2703 1375 2729 ὄντι
1391 2703 1480 2739 ἰατρὸν
1496 2704 1567 2730 ὂντα.
1587 2703 1647 2730 Τῶν
1663 2703 1832 2738 καμνόντων,
1848 2703 1912 2738 ἔφη.

1133 2737 1418 2810 θεῗὲέῗῗόίἶιιαίνειν.
1434 2773 1497 2807 Ms.,
1509 2772 1633 2808 πιαίνειν,
1643 2773 1714 2809 quod
1728 2773 1804 2801 valde
1814 2774 1916 2809 probo-
