2078 3207
158 151 222 180 1021

403 209 601 237 ΚΕΦΔΛΑΙΟΝ
619 205 694 244 Mq".

370 255 434 283 Ἔτι
465 256 530 291 περὶ
555 256 608 283 τοῦ
640 256 742 283 αὐτοῦ.

188 302 243 330 Τοῦ
255 302 392 338 προφήτου
420 301 546 337 Ἱεζεκιὴλ
564 303 715 337 φήσαντος·
737 312 746 328 ι
766 303 821 329 Καὶ
835 303 942 338 ἐγένετο

153 350 197 376 ὶπ’
213 349 263 384 ἐμὲ
289 349 350 384 χεὶρ
369 348 484 384 Κυρίου,
510 349 556 375 καὶ
579 346 657 381 εἶδον,
686 349 733 375 καὶ
756 349 809 376 ἰδοὺ
833 349 941 385 πνεῦμα

152 394 261 430 ἐξαῖρον
276 394 374 430 ἤρχετο
388 394 442 421 ἀπὸ
459 394 575 430 ΒοῤῥᾶῚ
592 395 638 421 καὶ
652 394 716 429 ἑξῆς
727 395 859 428 είπόντος,
872 397 940 423 «Καὶ

152 442 181 467 ἓν
196 440 235 476 τῷ
253 440 337 475 μέσῳ,
368 440 405 471 ὼς
428 440 553 476 ὁμοίωμα
581 441 721 476 τεσσάρων
738 440 823 473 ζώων.
853 443 939 478 Καὶή

150 487 250 523 ὅρασις
263 486 363 513 αὐτῶν·
378 486 415 517 ὡς
427 487 550 521 ὁμοίωμα
566 486 709 522 ἀνθρώπου
725 488 768 514 ἐπ’
781 488 880 519 αὐτοῖς,
894 488 940 515 καὶ

151 534 287 569 πρόσωπα
299 532 418 568 τέσσαρα
432 532 470 567 τῷ
484 532 533 560 ἑνί.
559 533 615 559 Καὶ
629 532 756 568 ὁμοίωσις
766 533 819 560 τῶν
834 534 940 569 προσώ-

151 587 212 605 πων
236 578 335 608 αὐτῶν.
364 579 508 615 πρόσωπον
536 578 678 614 ἀνθρώπου
714 580 760 606 καὶ
795 580 939 616 πρόσωπον

148 620 257 656 λέοντος
265 624 297 650 ὲκ
307 623 400 657 δεξιῶν
412 626 468 656 τοῖς
476 624 616 660 τέσσαρσι,
629 625 675 651 καὶ
687 626 829 660 πρόσωπον
839 626 937 662 μόσχου

151 670 182 702 ἐξ
203 669 352 705 ἀριστερῶν
380 671 436 701 τοῖς
461 670 599 705 τέσσαρσι.
628 671 682 697 Καὶ
701 671 844 707 πρόσωπον
858 672 936 699 ἀετοῦ

150 716 207 747 τοῖς
221 716 375 751 τέσσαρσι-ι
390 716 438 742 καὶ
466 717 479 742 ὁ
504 716 616 742 Πλάτων
645 717 755 752 ὁμοίως,
770 717 894 749 ἄκουσον,
920 719 937 744 ἆ

152 770 257 796 (mort
276 761 333 788 Νῦν
359 762 398 794 δ’,
436 761 504 796 ἔφην
536 762 590 797 (89)
620 763 702 798 αὐτῷ·
734 763 935 798 Διαλεγώμεθα,

149 808 245 843 ἐπειδὴ
257 807 526 843 διωμολογησάμεθα,
540 808 568 834 τό
585 816 615 834 τε
627 809 728 835 ἀδικεῖν
742 810 789 835 καὶ
803 809 833 835 τὸ
846 809 936 836 δίκαια

150 853 291 888 πράττειν,
309 854 341 888 ἦν
356 853 484 888 ἑκάτερον
497 853 552 888 ἔχει
574 853 697 888 δύναμιν.
727 855 805 886 Πῶς;
828 854 890 890 ἔφη.
902 871 935 875 -

754 152 914 181 PRASPAR.
943 153 1068 182 EVANG.
1089 153 1152 181 LIB.
1171 153 1227 180 XII.

1276 211 1390 240 CAPUT
1404 212 1495 240 XLVI.

1304 257 1342 284 De
1357 257 1459 284 iisdem.

1033 303 1183 331 Ezechielis
1197 304 1336 340 prophetae
1350 308 1392 331 est
1406 305 1477 339 qttod
1498 305 1620 339 sequitur
1641 315 1646 332 :
1667 316 1676 332 ι
1693 306 1724 333 Et
1738 306 1778 334 fa-

995 353 1037 376 cta
1060 353 1102 376 est
1125 356 1206 383 super
1228 356 1272 375 me
1298 357 1395 375 manus
1415 348 1532 381 Domini,
1550 355 1575 377 et
1596 350 1660 382 vidi,
1674 355 1700 377 et
1714 359 1776 378 ecce

993 400 1091 422 ventus
1115 395 1232 427 turbinis
1246 395 1371 422 veniebat
1386 395 1420 421 ab
1436 396 1587 429 Aquilone'
1605 405 1611 422 :
1626 405 1634 421 ι
1652 399 1679 423 et
1696 397 1776 431 paulo

993 445 1053 476 post
1068 450 1074 468 :
1092 451 1101 466 ι
1116 441 1147 468 Et
1162 441 1188 468 in
1205 441 1303 472 medio,
1320 441 1399 475 qttasi
1417 441 1566 468 similitudo
1585 446 1702 476 quatuor
1716 442 1776 469 aui-

993 487 1116 513 malium.
1131 486 1164 512 Et
1189 486 1232 513 hic
1253 491 1379 520 aspectus
1403 494 1508 514 eorum.
1524 487 1606 519 Quasi
1626 487 1775 514 similitudo

992 533 1111 559 hominis
1134 533 1161 559 in
1186 533 1236 564 eis,
1253 538 1280 574 et
1304 537 1421 567 quatuor
1449 532 1532 559 facies
1547 533 1603 559 uni.
1621 532 1775 560 Similitudo

991 584 1081 607 autem
1114 579 1232 605 vultuum
1261 586 1366 609 eorum.
1389 579 1472 607 facies
1499 580 1627 611 hominis,
1642 584 1668 606 et
1692 579 1774 607 iacies

991 626 1078 653 leonis
1107 633 1122 652 a
1149 625 1251 652 dextris
1275 626 1396 660 ipsorum
1424 631 1555 660 quatuor;
1575 625 1657 652 facies
1682 630 1771 652 autent

991 670 1067 698 vituli
1083 678 1096 697 a
1112 670 1231 697 sinistris
1249 671 1368 704 ipsorum
1388 675 1514 704 qu:ttuor.
1532 669 1563 696 Et
1580 670 1662 696 facies
1676 670 1773 704 aquila:

991 718 1112 752 ipsorum
1137 717 1285 751 quatuor'.
1305 725 1314 741 ι
1342 715 1418 742 Nunc
1442 716 1545 742 audisis
1570 723 1650 750 quatn
1674 715 1771 742 similia

989 763 1064 790 Plato
1073 763 1208 796 loquatur.
1225 772 1233 787 ι
1246 761 1304 788 Jam
1321 769 1385 788 vero
1397 762 1445 797 (sic
1460 762 1492 788 ad
1506 762 1594 796 ipsum
1609 762 1668 796 ego)
1676 762 1726 789 hac
1738 762 1772 789 de

989 818 1018 836 re
1028 809 1260 844 pltilosnphemnr,
1275 807 1495 842 quandoquidem
1516 808 1586 834 inter
1606 815 1655 834 nos
1672 815 1771 835 conve-

988 856 1039 887 nit,
1056 854 1161 890 qualem
1177 853 1276 888 injuste
1290 862 1321 880 ac
1333 853 1406 887 juste
1421 861 1450 880 se
1467 861 1558 888 gerere
1577 853 1628 879 vim
1643 858 1670 880 et
1684 853 1770 880 ratio—

148 897 249 925 Εἰκόνα
263 899 412 931 πλάσαντες
428 900 477 934 τῆς
489 899 578 935 ψυχῆς
592 900 671 935 λόγῳ,
684 901 728 927 ἴνα
749 901 804 936 εἰδῇ
821 901 834 926 ὁ
848 903 932 928 ἐκεῖνο

989 909 1049 928 nem
1060 899 1356 932 habeat.—Quomodo,
1370 899 1468 932 inquit,
1478 899 1661 933 philosophari
1672 899 1770 933 placet?

146 944 246 979 λέγων,
259 945 317 971 οἷαν
333 945 457 979 ἐλεγε.-
467 945 547 972 Ποίαν
559 946 632 978 τινας
648 945 688 982 ἧδ’
697 947 771 978 ὅς.-
781 947 840 973 Τῶν
852 947 937 974 τοιού-

146 998 204 1032 των
220 989 289 1021 τινὰ⁹
304 987 337 1025 ἦν
349 989 370 1015 δ’
385 989 448 1024 ἐγὼ,
462 987 516 1016 οἷαι
531 990 739 1024 μυθολογοῦνται
758 990 869 1016 παλαιαὶ
889 999 936 1024 γε-

146 1034 242 1062 νέσθαι
257 1034 361 1069 φύσεις,
386 1035 402 1070 ἦ
419 1044 449 1060 τε
475 1035 623 1071 Χιμαίρας,
639 1035 685 1061 καὶ
706 1036 722 1071 ἡ
745 1034 874 1070 Σκύλλης,
890 1035 936 1062 καὶ

146 1081 299 1117 Κερϐέρου,
324 1081 371 1107 καὶ
399 1080 476 1107 ἄλλαι
497 1081 567 1110 τινὲς
593 1081 688 1116 συχναὶ
718 1081 842 1115 λέγονται
867 1090 936 1116 συμ-

146 1128 296 1161 πεφυκυῖαι
308 1126 374 1153 ίδέαι
382 1126 474 1153 πολλαὶ
482 1127 521 1158 είς
530 1126 558 1152 ἓν
565 1126 864 1160 γενέσθαι.-Λέγονται
870 1126 934 1162 γὰρ,

145 1171 210 1207 ἔφη.
228 1188 261 1192 -
278 1172 381 1198 Πλάττε
404 1172 492 1199 τοίνυν
506 1172 569 1207 μίαν
584 1173 631 1207 μὲν
650 1172 719 1198 ἰδέαν
739 1173 832 1207 θηρίου
848 1173 936 1198 ποικί-

145 1218 194 1244 λου
209 1218 256 1244 xui.
268 1218 463 1253 πολυκεφάλου,
491 1218 602 1254 ἡμέρων
614 1218 642 1244 δὲ
654 1218 754 1254 Θηρίων
765 1218 874 1253 ἔχοντας
888 1227 934 1244 κε-

145 1264 235 1299 φαλὰς
253 1264 344 1300 κύκλῳ
358 1265 403 1291 καὶ
418 1265 530 1301 ἀγρίων,
555 1265 602 1291 καὶ
622 1264 733 1291 δυνατοῦ
758 1265 933 1299 μεταϐάλλειν

144 1310 195 1336 καὶ
211 1310 287 1344 φύειν
307 1310 336 1343 ἐξ
350 1310 431 1338 αὑτοῦ
443 1310 527 1337 ταῦτα
544 1311 640 1337 πάντα.
651 1326 684 1331 -—
694 1311 785 1337 Δεινοῦ
802 1311 931 1343 πλάστου,

144 1355 211 1390 ἔφη,
236 1355 267 1382 τὺ
286 1355 374 1391 ἕργοψ
394 1356 468 1391 ὅμως
494 1355 587 1391 ἐπειδὴ
614 1356 826 1391 εὐπλαστότερον
846 1356 932 1392 κηροῦ

145 1401 194 1428 καὶ
215 1400 268 1427 τῶν
285 1401 411 1427 τοιούτων
425 1402 439 1427 ὁ
466 1401 552 1435 λόγος,
580 1401 736 1428 πεπλάσθω.
755 1417 788 1422 —
805 1402 876 1429 Μίαν
901 1402 932 1438 δὴ

142 1447 235 1474 τοίνυν
261 1447 343 1483 ἄλλην
357 1448 426 1474 ἰδέαν
439 1447 554 1481 λέοντος,
572 1448 636 1482 μίαν
652 1448 680 1474 δὲ
694 1447 848 1484 ἀνθρώπου·
864 1448 931 1474 πολὺ

142 1493 174 1520 δὲ
194 1494 322 1529 μέγιστον
334 1494 403 1521 ἔστω
426 1495 455 1521 τὸ
471 1495 587 1531 πρῶτον,
609 1496 654 1522 καὶ
677 1495 800 1531 δεύτερον
827 1494 858 1521 τὸ
871 1495 931 1522 δεύ-

143 1539 364 1576 τερον-Ταῦτ’,
382 1540 445 1576 ἔφη,
464 1542 522 1576 ῥᾴω
538 1541 585 1568 καὶ
603 1541 930 1568 πέπλασται.-Σύναπτε

142 1586 234 1613 τοίνυν
250 1587 319 1613 αὐτὰ
331 1588 370 1618 είς
386 1587 423 1618 ἓν,
433 1588 495 1623 τρία
508 1587 582 1618 ὄντα,
593 1587 662 1614 ὥστε
675 1596 711 1622 πη
728 1587 931 1622 ξυμπεφυκέναι

143 1632 280 1668 ἀλλήλοις.
292 1647 328 1653 -
342 1633 489 1668 Ξυνῆπται,
511 1634 607 1669 ἔφημ-
616 1633 785 1669 Περίπλασον
804 1633 831 1660 δὲ
842 1635 932 1666 αὐτοῖς

143 1678 244 1712 ἔξωθεν
260 1678 318 1711 ἐνὸς
328 1680 428 1711 εἰκόνα,
443 1679 492 1715 τὴν
509 1680 556 1706 τοῦ
583 1680 736 1715 ἀνθρώπου,
749 1680 818 1707 ὥστε
843 1680 881 1716 τῷ
895 1681 931 1716 μὴ

141 1725 285 1761 δυναμένῳ
299 1725 332 1753 τὰ
350 1726 424 1758 ὲντὸς
436 1727 511 1762 όρᾷν,
536 1726 602 1753 ἀλλὰ
619 1726 648 1753 τὸ
661 1726 712 1759 ἐξω
736 1727 812 1762 μόνον
823 1727 931 1762 ἔλυτρον

142 1771 283 1806 opina-Liv
290 1771 357 1802 ζῶον
365 1771 505 1806 φαίνεσθαι
511 1770 930 1807 ἄνθρωπον.-Περιπέπλασται,

143 1816 208 1851 ἔφη.
220 1832 255 1836 -
267 1817 396 1852 Δέγωμεν
409 1817 440 1853 δη
455 1817 493 1852 τῷ
517 1817 631 1851 λέγοντι,
648 1818 685 1848 ὡς
701 1817 832 1844 λυσιτελεῖ
845 1817 931 1853 τούτῳ

143 1863 250 1889 ἀδικεῖν
263 1862 301 1898 τῷ
315 1863 461 1899 ἀνθρώπῳ,
485 1863 576 1890 δίκαια
592 1864 620 1890 δὲ
641 1864 769 1899 πράττειν
780 1864 809 1890 οὺ
828 1863 931 1899 ξυμφέ-

145 1917 199 1944 ρει,
214 1908 281 1934 διότι
295 1909 369 1935 οὐδὲν
395 1909 459 1936 ἄλλο
489 1910 569 1944 φήσει
586 1909 602 1945 ἢ
619 1909 767 1935 λυσιτελεῖν
789 1909 872 1944 αὐτῷ,
900 1910 930 1936 τὸ

142 1955 314 1981 παντοδαπὸν
341 1955 432 1990 θηρίον
454 1955 608 1991 εὐωχοῦντι,
641 1957 726 1982 ποιεῖν
753 1955 861 1991 ἰσχυρὸν
885 1956 930 1982 τὸν

142 2000 241 2027 λέοντα
256 2001 303 2027 καὶ
320 2001 352 2030 τὰ
382 2002 445 2038 περὶ
463 2002 508 2028 τὸν
535 2002 638 2028 λέοντα¹
665 2002 709 2028 τὸν
736 2002 763 2028 δὲ
788 2002 930 2038 ἄνθρωπον

142 2047 325 2083 λιμοκτονεῖν,
342 2049 387 2074 καὶ
403 2049 488 2074 ποιεῖν
508 2048 619 2082 ἀσθενῆ,
639 2047 708 2074 ὥστε
738 2048 862 2074 ἕλκεσθαι
876 2049 928 2084 ὅπη

143 2093 180 2120 ἂν
193 2093 304 2120 ἐκείνων
326 2094 454 2130 ὁπότερον
476 2094 540 2130 ἄγῃ⁸
566 2095 612 2120 καὶ
635 2094 714 2129 μηδὲν
738 2094 828 2129 ἕτερον
845 2094 930 2129 ἑτέρῳ

143 2139 303 2172 ξυνεθίζειν,
321 2139 387 2174 μηδὲ
400 2139 476 2174 φίλον
490 2141 584 2171 ποιεῖν,
608 2139 664 2166 ἀλλ’
682 2141 728 2175 ὲᾷν
749 2139 817 2166 αὐτὰ
837 2141 866 2166 ὲν
882 2140 930 2166 αὐ-

141 2187 201 2217 τοῖς
227 2185 368 2212 δάκνεσθαί
396 2194 425 2211 τε
454 2187 500 2212 καὶ
525 2187 664 2222 μαχόμενα
695 2186 793 2212 ἐσθίειν
818 2186 927 2222 ἄλληλα.

986 961 1021 966 --
1036 945 1073 972 ita
1088 945 1227 977 nimirum,
1244 945 1365 979 inquam,
1381 949 1410 971 ιιι
1421 944 1564 979 imaginem
1576 944 1659 971 animi
1674 953 1770 978 quam-

986 991 1047 1018 dam
1062 991 1185 1017 oratione
1203 990 1345 1023 tingamus,
1362 993 1391 1016 ut
1403 990 1526 1024 quisquis
1542 990 1585 1015 illa
1601 997 1769 1017 commemo-

986 1035 1065 1065 rabit,
1084 1042 1138 1068 quo
1154 1034 1186 1061 de
1199 1038 1325 1068 loquatur
1352 1034 1490 1068 intelligat.
1505 1048 1538 1053 -—
1555 1033 1641 1066 Quam
1666 1034 1769 1069 porro?

986 1081 1073 1116 inquit
1093 1081 1146 1107 ille.
1161 1095 1195 1100 —-
1210 1079 1259 1106 Cui
1284 1087 1344 1113 ego.
1361 1080 1486 1113 Aliquam
1508 1080 1651 1114 ejusmodi,
1673 1082 1767 1115 quales

986 1133 1096 1154 naturas
1122 1127 1185 1153 olim
1206 1126 1356 1158 Chimaeras,
1382 1126 1486 1161 Scyllae,
1508 1126 1629 1156 Cet-beri.
1645 1127 1767 1161 aliasque

985 1183 1039 1202 non
1065 1182 1166 1209 paucas
1193 1173 1277 1201 fuisse
1293 1173 1458 1205 fabulantur,
1476 1181 1590 1208 quarum
1605 1174 1766 1209 multiplices

984 1220 1079 1248 formae
1091 1221 1162 1247 inter
1185 1227 1243 1247 sese
1266 1220 1425 1254 complexa,
1440 1228 1523 1246 ttnum
1541 1220 1567 1246 in
1585 1220 1686 1255 aliquid
1704 1225 1765 1247 ortu

984 1267 1043 1302 ipso
1068 1266 1260 1297 coalescerent.
1276 1282 1308 1286 —
1328 1265 1408 1297 Sane,
1433 1266 1530 1300 inquit,
1555 1266 1689 1300 ejusmodi
1717 1266 1766 1292 ali-

984 1321 1053 1347 quas
1070 1312 1208 1340 exstitisse
1225 1312 1325 1340 l'erunt.
1339 1327 1369 1332 —
1384 1311 1439 1345 Age
1455 1319 1529 1346 ergo,
1552 1312 1673 1346 inquam,
1696 1312 1766 1347 ﬁngo

983 1357 1052 1384 mihi
1069 1358 1150 1384 variae
1161 1357 1302 1390 cujusdam
1319 1365 1350 1384 ac
1362 1357 1529 1391 multicipitis
1546 1358 1692 1384 animantis
1703 1365 1766 1392 spe-

982 1404 1050 1432 ciem
1067 1411 1150 1431 unam
1179 1403 1252 1430 illam
1277 1404 1398 1439 quidctn,
1426 1404 1472 1430 sed
1501 1408 1589 1430 tamen
1617 1403 1763 1438 ejusmodi,

982 1459 1042 1486 qua
1066 1451 1163 1486 partim
1189 1451 1323 1482 cicurum,
1341 1450 1438 1485 partim
1453 1449 1572 1477 ferarum
1589 1450 1721 1484 capitibus
1737 1450 1765 1477 in

982 1497 1073 1524 orbem
1090 1497 1215 1532 plut-ibus
1230 1497 1373 1528 instructa,
1393 1496 1486 1524 eadem
1509 1504 1562 1523 non
1588 1501 1693 1523 mutare
1706 1503 1760 1523 mo-

981 1543 1027 1576 do,
1042 1543 1089 1570 sed
1112 1543 1191 1570 etiam
1218 1542 1369 1577 producere
1389 1543 1480 1569 omnia
1494 1550 1527 1569 ex
1544 1550 1603 1570 sese
1617 1543 1714 1577 possit.
1728 1555 1764 1562 -—-

983 1589 1108 1621 Fictoris,
1124 1589 1222 1624 inquit,
1241 1596 1308 1623 opus
1327 1596 1422 1616 narras
1451 1588 1549 1623 oppido
1575 1597 1654 1623 quam
1677 1589 1763 1615 soler-

984 1635 1018 1662 tis
1032 1644 1038 1661 :
1055 1634 1100 1662 sed
1118 1639 1217 1667 tamen,
1231 1634 1339 1669 quando
1354 1635 1411 1661 istis
1426 1634 1507 1661 etiam
1521 1636 1552 1661 de
1566 1635 1646 1661 rebus
1661 1634 1702 1660 vel
1719 1642 1764 1661 ce-

982 1689 1011 1707 ra
1028 1681 1085 1714 ipsa
1101 1680 1206 1707 facilior
1222 1688 1252 1707 ac
1268 1681 1374 1707 mollior
1388 1681 1420 1707 ad
1435 1681 1587 1715 tingendum
1609 1681 1695 1707 oratio
1711 1686 1761 1713 ρει,

983 1725 1098 1761 tingatur
1124 1726 1189 1753 illttd
1213 1733 1288 1753 sane.
1307 1740 1341 1744 —
1355 1724 1435 1758 Tum,
1452 1726 1532 1752 aliam
1551 1725 1615 1752 mihi
1638 1726 1763 1760 deinceps

982 1772 1068 1799 leonis
1092 1772 1208 1806 speciem
1233 1771 1313 1806 linge,
1329 1771 1447 1806 itemque
1470 1771 1590 1798 hominis
1605 1770 1684 1797 aliam
1701 1779 1707 1797 :
1726 1770 1762 1797 ita

981 1819 1089 1853 quidem
1117 1822 1146 1844 ut
1172 1818 1247 1852 prior
1263 1818 1308 1844 ille
1327 1818 1405 1852 longe
1423 1817 1541 1844 maxima
1565 1817 1609 1847 sit.
1632 1817 1763 1851 posterior

980 1871 1046 1890 vero
1069 1863 1254 1897 magnitudine
1268 1871 1377 1897 quoque
1392 1862 1534 1897 posterior.
1551 1878 1583 1881 ——
1595 1862 1656 1890 Hme
1677 1871 1740 1889 vero
1754 1883 1761 1894 ,

982 1909 1090 1944 inquit,
1116 1909 1197 1935 etiam
1225 1908 1346 1935 faciliora
1371 1913 1456 1939 sunt,
1480 1909 1571 1943 itaque
1596 1909 1656 1936 l‘tcta
1682 1909 1764 1944 616

979 1956 1034 1990 jatn
1055 1958 1129 1982 stitit.
1146 1970 1180 1975 ——
1199 1954 1258 1981 Jam
1284 1962 1366 1981 unum
1391 1954 1416 1980 in
1445 1954 1546 1988 aliquid
1565 1955 1615 1981 tria
1632 1955 1682 1982 ista
1698 1963 1763 1982 cou-

981 2002 1054 2034 ﬂato,
1071 2002 1149 2037 quasi
1166 2001 1217 2028 sub
1232 2005 1322 2028 ortum
1338 2001 1408 2027 inter
1422 2009 1481 2027 sese
1497 2001 1764 2028 coaluerint.—Con-

981 2050 1042 2075 llata
1058 2053 1130 2080 sunt,
1147 2048 1244 2082 inquit.
1259 2062 1295 2068 —-
1308 2047 1342 2074 lis
1358 2052 1385 2074 tu
1402 2055 1482 2081 porro
1500 2047 1671 2074 extrinsecus
1687 2055 1762 2073 com--

980 2103 1090 2122 munem
1118 2094 1209 2126 unius,
1226 2093 1272 2121 sed
1300 2093 1418 2120 hominis
1443 2092 1566 2127 eiligiem,
1583 2093 1762 2124 circumdato.

981 2146 1009 2167 ut
1022 2141 1080 2176 qui,
1098 2141 1169 2175 qttod
1195 2139 1351 2166 interiorem
1381 2133 1455 2166 illam
1481 2139 1597 2174 speciem
1623 2139 1763 2173 pet-videre

980 2196 1032 2214 non
1062 2187 1156 2222 possit,
1182 2191 1324 2214 externum
1351 2186 1402 2213 hoc
1424 2186 1556 2212 duntaxat
1591 2185 1760 2211 involucrum

142 2245 178 2252 -α
195 2232 354 2259 Παντάπασι
368 2233 430 2268 γὰρ,
445 2233 508 2267 ἔφη,
527 2233 600 2259 ταῦτ’
620 2233 653 2260 ἂν
669 2232 765 2267 λέγοιὸ
783 2233 813 2259 τὸ
828 2233 929 2260 ἀδικεῖν

983 2234 1176 2269 aspiciet,huic
1191 2241 1274 2260 unum
1292 2232 1400 2267 aliquod
1417 2232 1528 2263 animal,
1539 2231 1760 2265 homo,inqnam,

143 2277 275 2305 ἐπαινῶν.
292 2294 327 2299 —-
340 2279 442 2306 Οὐκοῦν
456 2277 489 2306 αὖ
502 2280 515 2305 ὁ
527 2279 560 2306 τὰ
577 2279 667 2306 δίκαια.
680 2279 766 2313 λέγων
781 2278 929 2305 λυσιτελεῖν

143 2323 212 2358 φαίη
227 2323 260 2350 ἂν
276 2325 330 2351 δεῖν
344 2325 429 2351 ταῦτα
448 2324 585 2360 πράττειν,
606 2324 652 2351 καὶ
665 2324 749 2351 ταῦτα
765 2323 929 2358 λέγειν,ὅθεν

141 2367 191 2395 τοῦ
202 2368 344 2404 ἀνθρώπου
367 2371 380 2396 ὁ
403 2370 476 2402 ἐντὸς
492 2370 631 2406 ἄνθρωπος
647 2370 723 2396 ἔσται
747 2370 928 2406 ἐγκρατέστα-

140 2422 200 2446 τος·
215 2415 263 2441 καὶ
284 2415 330 2442 τοῦ
344 2416 529 2451 πολυκεφάλου
554 2416 709 2452 θρέμματος
723 2416 926 2451 ἐπιμελήσεται,

140 2461 240 2495 ὥσπερ
253 2462 383 2497 γεωργὸς,
414 2462 447 2488 τὰ
471 2463 518 2498 μὲν
532 2463 622 2497 ἥμερα
647 2462 753 2498 τρέφων
770 2462 817 2488 καὶ
837 2461 928 2488 τιθασ-

141 2505 242 2538 σεύων,
257 2507 290 2533 τὰ
304 2507 331 2533 δὲ
345 2507 428 2541 ἄγρια
451 2507 617 2534 ἀποκωλύων
643 2507 767 2542 φύεσθαι,
786 2507 927 2543 ξύμμαχον

181 2572 192 2590 ³
206 2573 305 2600 Ezech.
325 2581 343 2605 t,
357 2574 384 2600 4.
421 2575 431 2589 ¹
446 2574 512 2606 ibid,
527 2574 553 2601 5.

178 2627 330 2669 (89ὶωζγῦζ
342 2628 371 2669 δῖ
385 2628 575 2669 νὲξςηνᾷιΡῐοῐο
586 2649 592 2660 ,
620 2629 666 2656 lib.
695 2637 730 2669 t_x_
741 2628 786 2669 ‘De
794 2629 905 2669 Jepubl.
917 2649 925 2661 .,

141 2663 770 2734 Eia'éﬁﬂtniiﬁiiiisﬂéws‘ileiieha‘étdiﬁii
787 2663 832 2726 ξέ
848 2664 926 2726 2ζέἕὲ

140 2735 198 2766 ille,
217 2734 307 2760 Ἐοικε
322 2733 553 2770 γτῇνξυμφύτῳ
567 2734 678 2769 δυνάμει
693 2734 845 2770 ὑποπτέρου
862 2734 924 2766 ζεύ-

140 2777 208 2832 Eque
225 2778 259 2814 ’τε
275 2769 333 2812 ⁷καὶ.
358 2769 475 2804 ἡνιόχου.
511 2770 543 2797 Et
566 2769 726 2811 quibusdam
739 2769 900 2813 _interjeetis
915 2778 923 2795 :

165 2813 184 2832 τι
208 2804 238 2832 δη
258 2813 305 2831 ουν
328 2803 423 2832 θνητόν
444 2813 473 2831 τε
495 2805 540 2831 καὶ
564 2804 696 2831 αθάνατον
718 2804 787 2832 ζωον
805 2804 923 2832 ὲκληθη.

165 2805 185 2840 ἦ
208 2803 305 2840 δὴοῶι
328 2803 473 2840 omnes
495 2805 540 2831 καὶ
564 2804 696 2831 ἀθάνατον
718 2804 787 2836 ζῶον
805 2804 923 2839 ἐκλήθη,

141 2839 285 2883 πειρατέον
299 2840 396 2883 εἰπεῖν.
553 2841 628 2883 πᾶσα
643 2840 742 2883 παντρς
758 2839 924 2883 ὲπιμελεῖτςιι

141 2874 196 2901 τοῦθ
209 2874 323 2910 ἀψύχου,
337 2874 424 2901 πάντα
440 2875 468 2901 δὲ
485 2876 596 2910 οὐρανὸν
613 2874 765 2910 περιπολεῖ,
783 2875 874 2902 ἄλλοτε
895 2875 923 2901 ἐν

981 2289 1051 2308 unus
1077 2285 1217 2315 appareat.
1233 2279 1487 2306 —Circum:latam
1515 2282 1588 2312 puta,
1614 2276 1711 2310 inquit.
1728 2291 1762 2295 —-

979 2326 1056 2353 Nunc
1080 2327 1104 2353 ei
1129 2327 1248 2358 demum,
1269 2326 1315 2360 qui
1341 2325 1441 2359 injuste
1472 2331 1551 2358 agere
1571 2323 1633 2350 huic
1658 2322 1759 2349 homini

980 2372 1132 2399 conducere
1153 2372 1226 2404 velit,
1242 2372 1314 2406 juste
1338 2371 1407 2397 idem
1430 2370 1558 2404 prodesse
1584 2372 1672 2402 neget,
1687 2368 1759 2394 aliud

978 2424 1039 2443 eum
1055 2417 1121 2443 nihil
1138 2417 1228 2443 dicere
1244 2424 1423 2450 opponatnus,
1441 2423 1521 2450 quam
1548 2414 1573 2441 id
1591 2414 1641 2449 ipsi
1656 2413 1758 2440 condu-

978 2469 1048 2493 cere,
1066 2462 1105 2488 uti
1120 2462 1184 2488 dttm
1208 2462 1322 2488 bestiam
1349 2461 1420 2488 illam
1440 2461 1525 2495 pascit
1544 2460 1611 2487 adeo
1632 2459 1761 2493 multipli-

977 2516 1046 2539 cem,
1067 2509 1171 2536 leonem
1191 2508 1300 2542 quidem
1323 2508 1463 2542 lconisque
1485 2511 1575 2542 partes
1593 2507 1696 2533 viribus
1715 2513 1761 2532 au—

976 2629 1065 2659 ἄλλοις
1088 2628 1170 2655 εἴδεσι
1190 2628 1348 2662 γιγνομένη.
1366 2627 1434 2654 Tum
1455 2627 1488 2654 de
1511 2625 1627 2662 perfecta
1641 2646 1647 2656 ,
1674 2624 1759 2662 Τελέᾳ

978 2665 1027 2700 μὲν
1042 2663 1087 2692 οὖν
1103 2662 1170 2700 οὖσα
1184 2661 1231 2700 καί
1245 2661 1431 2700 ἐπτερωμένη,
1446 2661 1642 2700 μετεωροτῖολεί
1653 2669 1704 2700 τε).
1714 2661 1759 2700 καὶ

977 2695 1084 2727 ἅπαντα
1099 2699 1144 2726 τὸν
1161 2699 1263 2733 κόσμον
1277 2695 1380 2724 διοικεῖ.
1398 2698 1432 2724 At
1442 2695 1477 2733 de
1491 2695 1656 2733 imperfecta,
1674 2695 1704 2733 'l-l
1718 2695 1757 2726 δὲ,

976 2735 1204 2772 πτερορρυήεασα
1214 2730 1344 2772 ’φέρε-ται1
1367 2732 1418 2763 ἓως
1434 2732 1467 2772 διν
1483 2731 1591 2772 στερεοῦ
1605 2739 1676 2772 τινος
1690 2730 1760 2770 (ἔντι-

975 2764 1105 2806 λάόὴτῖιὶ·
1125 2764 1155 2796 οὗ
1179 2764 1394 2806 κατοικισθεῖσαἕ
1411 2764 1604 2806 Δ«πῶμα-γήινον
1623 2764 1757 2806 λαὸοὖσα,

975 2800 1044 2832 aia-rb,
1059 2805 1125 2833 αὐτὸ
1144 2803 1237 2831 δοκοῦν
1259 2805 1342 2830 κινεῖν
1354 2824 1361 2835 ,
1380 2803 1424 2830 διὰ
1439 2800 1491 2856 τήν
1504 2800 1609 2837 ἐκείνης
1628 2800 1739 2835 δύναμιν
1749 2819 1757 2830 .

979 2841 1044 2856 ’πται-ι
1061 2841 1089 2856 ,λ
1104 2839 1211 2856 ιιι-...κη
1227 2839 1324 2856 ξυλόαςι
1349 2837 1467 2856 llam-Knu-
1496 2837 1572 2856 κίἔιιιη
1585 2837 1671 2856 ρηνέυ
1685 2843 1691 2852 ι
1704 2841 1745 2856 plt-

976 2841 1044 2872 ζῶον
1061 2841 1090 2868 τὸ
1103 2839 1211 2875 ξύμπαν
1226 2839 1335 2875 ἐκλήθη,
1349 2837 1480 2875 ψυχηκαὶ
1496 2837 1574 2872 σῶμα
1585 2837 1671 2871 παγέν
1685 2843 1691 2852 ·
1704 2841 1756 2863 etc.
