2078 3207
135 197 206 226 1095

659 196 816 224 PRIEPAR.
842 196 966 223 EVANG.
987 195 1049 222 LIB.
1071 195 1126 223 Xll.

1694 200 1762 228 “1‘26

133 255 231 291 Σχεδὸν
253 254 357 285 οὐδενὸς
376 254 493 290 ἐπιδεής-
504 269 537 274 -
548 254 646 280 Γείτων
658 254 686 281 δὲ
709 255 777 290 αὐτῇ
791 254 866 286 πόλις
880 251 915 290 ἄρ

975 253 1095 281 nulla.—
1103 253 1238 281 Urbemne
1252 254 1370 288 aliquam
1379 254 1495 282 vicinam
1504 255 1600 282 habet?
1613 271 1646 276 ——
1653 255 1762 284 Nullam

133 301 211 328 ἔσται
238 310 278 333 τις
295 301 425 337 πλησίον;
441 317 474 321 --
490 301 526 327 Οὐ
545 302 624 329 πάνυ·
643 300 683 328 διὸ
700 301 747 327 καὶ
769 301 921 332 κατοικίζε-

131 355 190 375 ται.
208 347 314 374 Παλαιὰ
329 346 383 382 γάρ
399 355 441 378 τις
454 347 590 382 ἐξοίκησις
619 348 647 373 ὲν
667 346 705 382 τῷ
717 347 792 382 τόπῳ
807 346 920 382 γενομέ·

130 402 176 430 νη,
197 394 246 428 τὴν
256 394 347 430 χώραν
358 394 459 429 ταύτην
478 394 579 429 ἔρημον
602 394 794 428 ἀπείργασται,
827 393 922 429 χρόνον

130 439 271 474 ἀμήχανον
285 440 356 465 ὅσον.
373 455 409 459 —
433 439 465 465 Τί
490 440 511 473 δ’
527 436 561 466 αὖ
577 439 675 466 πεδίων
706 448 747 472 τε,
774 439 822 466 καὶ
838 438 920 476 ὀρῶν,

130 485 180 512 καὶ
195 485 270 520 ὕλης,
288 485 345 516 πῶς
363 485 445 520 μέρος
462 485 583 512 ἑκάστων
598 486 662 520 ἡμῖν
680 485 770 521 εῐληχε
783 485 922 521 ;-[Ιροσο

129 531 203 558 ἔοικε
219 532 252 566 τῇ
266 531 314 566 τῆς
331 530 414 566 ἄλλης
427 531 537 567 Κρήτης
551 531 630 566 φύσει
643 531 701 567 ὅλῃ.
710 531 921 567 -Τραχυτέραν

129 576 217 612 αὐτὴν
229 577 246 612 ἢ
258 576 438 613 πεδινωτέραν
455 577 487 603 ἂν
502 577 608 612 λέγοις;
624 577 740 604 -Πάνυ
758 577 807 613 μὲν
827 575 920 605 οὖν.-

130 624 171 650 Οὐ
187 623 277 650 τοίνυν
295 623 400 654 ἀνίατος
412 623 445 649 ἂν
462 623 503 660 εἴη
515 624 582 659 πρὸς
597 620 696 660 ἀρετῆς
708 624 813 659 κτῆσιν.
826 624 856 650 Εἰ
871 625 921 660 μὲν

130 669 188 705 γὰρ
207 668 383 696 ἐπιθαλαττία
397 676 426 694 τε
437 668 547 704 ἔμελλεν
563 667 633 696 εἴναι
651 669 697 696 καὶ
711 669 861 705 εὐλίμενος,
874 669 920 695 καὶ

132 715 171 751 μὴ
186 715 338 751 πάμφορος,
359 715 416 742 ἀλλ’
433 715 543 749 ἐπιδεὴς
569 715 684 747 πολλῶν,
715 716 831 751 μεγάλου
847 715 919 747 τινὸς

129 761 185 789 ἔδει
202 761 321 797 σωτῆρός
335 769 367 796 γε
380 761 459 797 αὐτῇ,
479 761 526 788 καὶ
542 761 693 796 νομοθετῶν
720 761 799 788 θείων
827 761 918 793 τινῶν,

129 808 154 833 εξ
170 807 208 843 μὴ
224 807 310 834 πολλὰ
322 816 352 834 τε
368 807 479 842 ἔμελλεν
505 807 558 842 ἤθη
578 807 625 835 καὶ
646 807 757 834 ποικίλα
769 807 816 834 καὶ
829 807 919 842 φαῦλα

128 853 213 886 ἕξειν,
227 853 339 890 τοιαύτη
355 854 434 889 φύσει
459 853 602 889 γενομένη·
632 853 679 881 νῦν
693 854 722 881 δὲ
746 853 918 890 παραμύθιον

128 901 188 936 ἔχει
203 901 234 928 τὸ
243 901 297 927 τῶν
310 901 473 937 ὀγδοήκοντα
491 900 614 928 σταδίων.
637 900 799 937 Ἐγγύτερον
827 900 918 936 μέντοι

128 947 178 974 τοῦ
196 947 302 979 δέοντος
317 948 404 974 κεῖται
421 948 470 983 τῆς
491 947 626 981 θαλάττης
642 947 744 982 σχεδὸν,
764 947 825 973 ὅσον
847 946 919 973 εὐλι-

130 992 285 1028 μενωτέραν
302 992 354 1029 φὴς
371 993 453 1028 αὐτὴν
479 984 558 1020 εἶναι’
579 993 653 1028 ὅμως
668 992 696 1019 δὲ
712 992 853 1028 ἀγαπητὸν
871 992 919 1019 καὶ

125 1038 216 1065 τοῦτο.
249 1038 396 1075 Πρόσοικος
413 1039 468 1074 γὰρ
487 1038 604 1065 θάλαττα
623 1037 710 1074 χώρᾳ,
730 1038 761 1064 τὺ
790 1038 839 1073 μὲν
853 1038 918 1074 παρ’

128 1084 249 1120 ἑκάστην
269 1085 376 1120 ἡμέραν
405 1085 462 1120 ἡδὺ,
478 1084 550 1120 μάλα
578 1092 609 1118 γε
629 1083 681 1120 μὴν
700 1083 784 1116 ὄντως
798 1083 919 1120 ἁλμυρὸν

127 1130 177 1156 καὶ
190 1130 288 1166 πικρὸν
313 1131 470 1166 γειτόνημα.
499 1130 648 1166 Ἐμπορίας
668 1130 722 1167 γάρ
748 1131 795 1157 καὶ
812 1140 919 1167 χρημα-

126 1176 226 1212 τισμοῦ
243 1175 286 1204 διὰ
314 1177 466 1213 καπηλείας
496 1177 656 1212 ὲμπιπλᾶσα
671 1177 781 1212 ἑαυτὴν,
798 1177 850 1212 ἢθη
867 1186 918 1204 πα-

125 1220 244 1258 λίμϐολα
255 1223 302 1250 καὶ
320 1223 420 1250 ἄπιστα
434 1224 494 1254 ταῖς
513 1223 612 1259 ψυχαῖς
637 1223 806 1255 ἐντίκτουσα,
832 1223 917 1258 αὐτήν

124 1276 157 1294 τε
172 1269 241 1305 πρὸς
251 1270 335 1306 αὐτὴν
351 1269 401 1306 τὴν
418 1270 494 1297 πόλιν
512 1270 625 1297 ἄπιστον
648 1270 696 1297 καὶ
722 1269 817 1304 ἄφιλον
834 1271 916 1303 ποιεῖ,

123 1314 174 1340 καὶ
188 1315 257 1350 πρὸς
278 1315 341 1348 τοὺς
359 1316 453 1348 ἄλλους
466 1316 624 1353 ἀνθρώπους
633 1316 773 1349 ὡσαύτως·
791 1317 918 1353 παραμύ-

124 1359 184 1387 θιον
197 1360 226 1388 δὲ
240 1361 272 1397 δὴ
284 1361 352 1398 πρὸς
364 1362 452 1389 ταῦτα
465 1363 513 1389 καὶ
528 1363 559 1389 τὸ
574 1362 717 1398 πάμφορος
733 1360 802 1389 εἶναι
816 1363 916 1398 κέκτη-

123 1407 317 1444 ται.,Τραχεῖα
333 1408 361 1435 δὲ
376 1407 454 1441 οὖσα,
471 1409 559 1445 δῆλον,
573 1409 609 1441 ὡς
624 1409 673 1436 οὐκ
687 1409 720 1436 ἂν
733 1409 883 1445 πολύφορός
893 1411 916 1436 τ’

124 1453 170 1489 εἴη
182 1454 389 1492 καὶ.πάμφορος
404 1455 471 1491 ἅμα.
500 1455 584 1481 Τοῦτο
599 1455 653 1492 γὰρ
681 1455 790 1491 ἔχουσα,
817 1454 917 1490 πολλὴν

124 1499 267 1536 ἐξαγωγὴν
280 1500 313 1527 ἂν
327 1491 511 1537 παρεάομένη,
540 1501 706 1537 νομίσματος
733 1501 853 1538 ἀργυροῦ
869 1502 916 1528 καὶ

123 1545 228 1582 χρυσοῦ
241 1547 322 1574 πάλιν
339 1547 534 1582 ἀντεπίμπλατ*
551 1547 594 1574 ἀν’
613 1544 642 1574 οὗ
658 1547 749 1583 μεῖζον
766 1547 859 1580 κακὸν,
878 1547 916 1579 ὡς

125 1591 193 1623 ἔπος
204 1593 301 1624 εἰπεῖν,
315 1593 392 1620 πόλει
406 1592 464 1620 ἀνθ’
480 1593 538 1625 se;
551 1593 579 1620 ἓν
599 1593 674 1620 οὐδὲν
691 1594 723 1621 ἂν
742 1594 858 1628 γένοιτο,
875 1594 915 1626 εἰς
929 1606 950 1637 C

124 1636 258 1670 γενναίων
283 1637 330 1664 καὶ
353 1637 464 1665 δικαίων
494 1637 568 1673 ὴθῶν
589 1638 695 1673 κτῆσιν.
713 1648 722 1664 ι
757 1638 837 1665 Ἀλλά
860 1638 914 1674 γὰρ

124 1681 260 1710 τοσούτων
273 1683 338 1719 ἡμῖν
354 1684 399 1710 καὶ
413 1684 493 1720 μέχρι
503 1683 578 1710 τοῦδε
594 1684 836 1719 ἀποδεδειγμένων,
850 1692 914 1710 σκε-

123 1727 242 1764 ψώμεθα
257 1729 331 1762 ὅπως
343 1729 389 1756 τδν
411 1731 459 1766 τῆς
487 1730 551 1767 παρ’
568 1729 703 1765 Ἐὃραίοις
717 1729 839 1762 παιδείας
852 1730 915 1766 τρό-

125 1782 189 1808 πον,
201 1774 234 1802 δι’
246 1771 284 1803 ὢν
294 1776 442 1812 εἰρήκαμεν
468 1776 678 1812 ἀποδεξάμενος,
694 1776 740 1804 τὸν
758 1776 913 1812 Ἑλληνικὸν

125 1822 317 1857 παραιτεῖται,
333 1823 446 1858 γράφων
472 1823 501 1849 ὲν
525 1822 564 1858 τῷ
578 1822 683 1858 δεκάτῳ
698 1823 748 1859 τῆς
756 1819 914 1855 Πολιτείας

123 1863 188 1896 ὦδε.

972 300 1115 327 admodum
1131 309 1137 327 :
1150 307 1204 335 quo
1218 300 1260 333 ﬁt,
1276 305 1304 328 ut
1321 308 1353 328 co
1368 301 1458 328 coloni
1475 301 1609 336 hodieque
1624 302 1763 330 deducan-

973 350 1025 373 tur.
1040 345 1193 373 lncolarum
1207 346 1291 378 enim,
1304 354 1365 381 quae
1384 347 1441 381 jam
1466 347 1530 374 olim
1551 348 1676 384 contigit,
1698 349 1732 376 iis
1747 356 1763 376 ε

971 392 1082 420 sedibus
1108 392 1236 427 migratio
1249 391 1276 418 in
1287 399 1369 419 causa
1383 392 1444 425 fuit,
1456 393 1632 428 quamobrem
1646 399 1702 422 tota
1718 395 1762 422 illa

971 438 1047 473 regio
1068 437 1214 466 solitudine
1232 437 1327 472 perdiu
1347 437 1487 466 laborarit.
1502 454 1537 458 —
1550 439 1668 475 Campos
1685 448 1761 474 vero,

971 488 1077 512 montes
1101 484 1237 519 silvasque
1261 483 1335 518 quod
1358 484 1464 516 attinet,
1493 485 1582 520 qualis
1597 493 1628 513 ea
1649 485 1761 513 tandem

970 529 1162 564 est?—-Qualis
1176 529 1233 557 fere
1248 534 1303 556 tota
1320 530 1458 558 Cretensis
1469 539 1515 558 ora
1533 545 1559 551 --
1568 531 1667 567 Nempe
1680 540 1759 568 aspe-

970 577 1070 604 riorem
1085 577 1158 604 illam
1172 577 1364 612 potius,quam
1379 578 1529 612 planiorem
1546 580 1669 607 universe
1681 580 1758 608 dixe-

971 623 1058 650 ris.—
1066 621 1176 658 Utique.
1191 637 1222 641 ——
1239 622 1340 650 Salutis
1360 631 1425 658 ergo
1440 632 1493 651 non
1511 629 1552 651 est
1564 624 1601 651 ita
1617 625 1758 660 deposita,

971 672 1000 695 ut
1013 668 1122 695 virtutis
1137 668 1306 695 curationem
1321 675 1429 695 omnem
1449 676 1480 695 ac
1493 669 1694 703 possessionem
1710 677 1758 697 ex-

970 715 1071 743 cludat.
1086 714 1153 742 Nam
1180 715 1202 742 si
1228 715 1366 742 maritima
1383 716 1465 743 simul
1481 724 1513 742 ac
1528 721 1657 751 portuosa
1673 723 1756 749 esset.

970 768 1020 788 nec
1034 761 1116 788 rebus
1129 760 1282 788 abundaret
1295 761 1434 794 omnibus,
1450 761 1496 788 sed
1515 762 1637 796 pluribus
1654 763 1758 798 indige-

970 811 1025 839 ret;
1040 814 1167 841 magnum
1186 805 1308 841 profecto
1323 811 1500 839 servatorem,
1515 816 1547 835 ac
1558 809 1667 836 divinos
1678 810 1758 844 plane

969 851 1137 886 legislatores
1151 852 1328 885 desideraret,
1345 861 1461 888 quorum
1479 854 1624 887 industria,
1643 863 1703 890 qua:
1719 857 1758 883 si—

970 901 1026 924 tum
1049 898 1158 926 haberet
1174 898 1261 931 illum,
1280 899 1425 926 immanem
1440 901 1585 935 quamdam
1607 902 1758 930 alienorum

971 952 1172 980 pravorumque
1187 946 1287 973 rituum
1300 947 1445 974 colluviem
1458 948 1595 983 effugeret.
1607 948 1685 977 Nunc
1692 958 1758 978 vero

971 991 1097 1018 nonnihil
1114 991 1178 1018 huic
1192 992 1314 1026 periculo
1330 993 1452 1019 medetur
1468 994 1639 1021 intervallum
1657 1004 1672 1022 a
1689 997 1758 1024 mari

969 1036 1121 1063 stadiorum
1141 1037 1290 1071 octoginta.
1306 1037 1424 1065 Tametsi
1447 1039 1531 1071 enim,
1554 1048 1604 1074 pro
1626 1049 1659 1069 eo
1683 1043 1758 1077 quod

970 1090 1056 1117 usque
1071 1082 1139 1110 adeo
1154 1087 1312 1117 portuosam
1330 1083 1403 1110 illam
1419 1092 1479 1112 esse
1492 1086 1544 1119 ais,
1561 1087 1701 1122 aliquanto
1722 1089 1758 1117 sit

968 1137 1049 1164 quam
1064 1137 1113 1164 par
1124 1133 1206 1162 esset,
1221 1129 1290 1157 mari
1307 1129 1494 1165 propinquior,
1509 1134 1651 1161 commoda
1667 1139 1756 1163 tamen

968 1179 1010 1201 est
1023 1175 1064 1201 vel
1079 1182 1110 1201 ea
1126 1174 1263 1201 distantia:
1286 1175 1367 1202 ratio.
1391 1175 1465 1203 Mare
1491 1177 1562 1204 enim
1581 1179 1625 1205 cui
1651 1179 1755 1214 regioni

968 1219 1121 1253 proximum
1138 1226 1190 1253 est,
1207 1220 1271 1248 huic
1287 1221 1378 1249 suavis
1393 1222 1503 1257 quidem
1519 1224 1602 1250 sedin
1616 1224 1698 1258 diem,
1714 1234 1757 1254 re-

968 1264 1025 1298 ipsa
1048 1271 1111 1292 vero
1122 1265 1194 1293 salsa
1205 1266 1326 1300 profecto
1342 1267 1422 1295 nimis
1437 1273 1463 1295 et
1475 1269 1573 1297 acerba
1588 1271 1686 1298 vicinia
1701 1276 1753 1300 est.

966 1310 1050 1346 618
1064 1310 1133 1337 Dum
1151 1311 1223 1338 enim
1238 1312 1283 1339 illa
1299 1320 1358 1340 sese
1371 1315 1551 1348 cauponando
1567 1317 1703 1345 mercibus
1723 1326 1756 1346 ac

967 1356 1089 1390 prcunii's
1107 1357 1211 1391 implet,
1229 1357 1364 1392 simulque
1382 1360 1558 1387 vetcratorios
1579 1361 1756 1402 inﬁdelesque

970 1411 1061 1431 mores
1078 1404 1219 1431 hominum
1233 1405 1372 1433 mentibus
1397 1406 1502 1439 inserit,
1518 1407 1599 1435 eiilcit
1613 1410 1754 1443 continuo,

970 1449 1009 1476 uti
1032 1457 1120 1485 neque
1144 1456 1237 1478 secum
1262 1451 1331 1486 ipsa,
1348 1459 1436 1487 neque
1453 1460 1513 1479 cum
1541 1453 1602 1481 aliis
1627 1455 1756 1482 similiter

967 1495 1076 1530 populis
1090 1495 1145 1523 ullo
1160 1497 1276 1532 amplius
1287 1497 1349 1524 ﬁdei
1365 1505 1396 1525 ac
1411 1498 1550 1525 societatis
1566 1499 1674 1528 vinculo
1688 1508 1755 1528 con-

964 1543 1059 1579 juncta
1074 1547 1204 1570 teneatur.
1215 1543 1263 1570 Cui
1276 1543 1357 1570 etiam
1373 1544 1446 1571 malo
1460 1545 1621 1572 medicinam
1634 1545 1754 1581 aliquam

967 1590 1042 1623 facit,
1057 1597 1107 1617 sua
1121 1589 1167 1616 illa
1189 1597 1279 1616 rerum
1303 1589 1424 1616 omnium
1441 1590 1604 1619 fecunditas.
1619 1591 1686 1620 Nam
1703 1601 1754 1629 pro

967 1643 999 1662 eo
1018 1638 1100 1669 atque
1123 1633 1247 1669 asperior
1262 1638 1314 1666 est,
1331 1635 1411 1661 simul
1425 1634 1533 1669 quidem
1557 1639 1584 1662 et
1610 1636 1679 1664 nihil
1699 1644 1753 1665 non

967 1680 1047 1712 ferre,
1074 1684 1101 1707 et
1127 1680 1234 1707 abunde
1258 1681 1348 1707 omnia
1375 1680 1446 1707 ferre
1469 1688 1522 1707 non
1552 1687 1650 1716 potest.
1675 1682 1754 1716 Quod

966 1730 1114 1760 utrumque
1130 1725 1153 1752 si
1170 1719 1291 1758 haberet,
1308 1730 1338 1752 ut
1353 1733 1444 1753 rerum
1462 1727 1524 1754 inde
1543 1728 1690 1756 multarum
1705 1737 1755 1757 ex-

966 1774 1083 1808 portatio
1100 1773 1186 1806 ﬁeret,
1208 1773 1245 1800 ita
1263 1781 1359 1808 magna
1379 1774 1499 1801 vicissim
1518 1776 1622 1810 argenti
1641 1777 1755 1812 aurique

967 1820 1044 1854 copia
1071 1818 1222 1853 r'epleretur
1241 1828 1247 1845 :
1264 1826 1320 1854 quo
1343 1819 1452 1853 quidem
1473 1821 1555 1854 malo,
1570 1821 1594 1848 si
1617 1823 1751 1852 malorum

967 1865 1137 1900 singulorum
1165 1864 1331 1892 instituenda
1357 1867 1495 1894 contentio
1517 1872 1569 1901 est,
1589 1869 1705 1902 nullum,
1723 1875 1754 1897 ut

124 1913 210 1941 semel
241 1913 339 1948 dicam,
376 1915 436 1943 urbi
470 1916 590 1951 gravius,
619 1915 746 1951 quodque
769 1913 856 1950 magis
884 1914 1012 1941 honesms
1051 1911 1237 1946 iugenuosque
1263 1918 1352 1938 mores
1380 1912 1518 1954 impediat.
1542 1921 1603 1941 esse
1623 1916 1719 1949 possit.
1741 1925 1751 1942 ι

124 1959 264 1988 Hactenus
288 1959 375 1989 Plato.
405 1959 461 1989 Nos
485 1969 560 1989 vero.
582 1961 710 1997 quoniam
736 1960 824 1988 adhuc
854 1967 935 1996 quam
968 1956 1089 1985 Hebraeis
1115 1957 1204 1984 aﬂinia
1231 1957 1366 1990 statuerit,
1384 1959 1450 1986 satis
1477 1966 1612 1994 superque
1634 1962 1754 1989 ostendi-

125 2014 202 2039 mus;
228 2007 368 2036 videamus
383 2008 521 2043 deinceps,
539 2009 585 2044 qui
603 2009 742 2037 Hebraicaa
757 2007 907 2043 disciplina
927 2006 1058 2034 rationem
1082 2008 1224 2039 tantopere
1243 2005 1409 2040 probaverit,
1432 2006 1554 2033 Graecam
1575 2008 1647 2035 idem
1661 2017 1753 2045 quem-

125 2052 272 2081 admodum
289 2055 421 2090 repudiet.
438 2055 466 2082 ld
479 2056 550 2090 quod
565 2056 650 2083 exhis
663 2055 761 2084 decimi
775 2055 812 2082 De
827 2055 917 2089 repub.
938 2053 1028 2081 verbis
1048 2053 1183 2088 ln'telliges

372 2101 568 2128 ΚΕΦΑΛΑΙΟΝ
583 2102 651 2130 ΜΘ’.

126 2143 224 2181 ὀιτως
246 2146 263 2172 ό
291 2145 416 2173 Πλάτων
436 2147 472 2174 τὰ
500 2146 555 2181 τῆς
584 2146 764 2181 Ἑλληνικῆς
785 2153 910 2180 προπαι-

162 2179 261 2220 δείας,
304 2182 344 2214 ὡς
385 2179 764 2217 ἐπιϐλαϐἧ”τυγχάνὸντά;
803 2179 910 2216 παραι-

161 2222 252 2242 τειται
255 2234 262 2242 Δ

164 2270 173 2286 ι
198 2261 242 2293 Ὧς
256 2262 304 2297 μὲν
319 2263 386 2298 πρὸς
401 2264 472 2299 ὑμᾶς
488 2263 542 2299 (95)
567 2264 686 2300 εἰρήσθω
713 2263 780 2300 (96),
794 2263 834 2299 (οὑ
857 2263 911 2300 γάρ

1241 2094 1356 2126 CAPUT
1374 2092 1467 2125 XLIX.

965 2145 1190 2183 Quemadmodum
1209 2143 1289 2171 Plato
1311 2146 1423 2183 primam
1439 2145 1526 2183 illam,
1542 2150 1600 2183 q'uc
1615 2151 1632 2174 α
1651 2147 1750 2180 Gracia

999 2182 1196 2218 usui-patiatur,
1220 2187 1361 2218 puerorum
1386 2180 1595 2216 institutionem,
1626 2188 1751 2218 tanquam

1000 2216 1171 2249 perniciosam
1188 2216 1301 2250 reficiat.
1596 2236 1599 2240 .

1002 2271 1011 2287 ι
1030 2261 1107 2294 Quod
1128 2261 1197 2296 apud
1215 2269 1274 2295 vos,
1296 2259 1384 2297 inquit
1399 2262 1492 2295 Plato,
1511 2263 1612 2291 dictum
1624 2263 1659 2291 sit
1689 2265 1751 2299 (nec

126 2315 177 2342 μου
194 2297 347 2343 κατερεῖτε
447 2297 509 2342 τοὺς
529 2297 578 2345 τῆς
594 2297 764 2346 -τραγῳὸίαςν
786 2297 909 2345 ποιητὰς,

966 2308 1034 2335 enim
1053 2316 1095 2336 me
1111 2316 1200 2336 coram
1213 2308 1323 2344 tragicis
1339 2313 1386 2336 aut
1401 2309 1463 2337 aliis
1476 2310 1641 2344 quibuslibet
1649 2311 1748 2345 poetis,

124 2355 173 2381 xu".
189 2354 253 2386 τοὺς
274 2354 369 2387 ἄλλους
396 2356 497 2388 πάντας
527 2357 590 2388 τοὺς
618 2357 803 2393 μιμητικούς)·
836 2356 910 2392 λώϐη

125 2400 213 2426 ἔοικεν
225 2397 293 2426 εἶναι
306 2400 393 2426 πάντα
406 2401 437 2427 τὰ
450 2400 560 2428 τοιαῦτα
569 2401 617 2436 τῆς
634 2401 687 2427 τῶν
697 2401 848 2428 ἀκουόντων
856 2401 909 2436 (97)

123 2445 255 2478 διανοίας,
270 2445 327 2472 ὅσοι
343 2446 379 2481 μὴ
397 2445 486 2481 ἔχουσι
498 2446 642 2482 φάρμακον
665 2447 695 2472 τὸ
709 2446 806 2472 εἰδέναι
831 2446 909 2477 αὐτὰ,

124 2488 169 2516 οἷα
184 2490 312 2525 τυγχάνει
325 2491 480 2526 binm—lli]
488 2492 526 2524 δὲ,
536 2492 598 2527 ἔφη,
610 2492 798 2527 διανοούμενος
805 2492 865 2526 λέγε
870 2499 908 2524 ις;

123 2552 159 2558 -
167 2537 286 2572 ”Ρητέον,
300 2535 333 2573 ἦν
345 2538 367 2564 δ’
379 2537 445 2572 ἐγὼ,
456 2538 544 2565 καίτοι
556 2538 630 2572 φιλία
640 2538 672 2572 γέ
683 2538 724 2570 τίς
734 2547 766 2574 με
775 2539 821 2565 καὶ
829 2537 910 2569 αἰδὼς

123 2583 157 2609 ὲκ
171 2582 267 2614 παιδὸς
277 2582 374 2618 ἔχουσα
398 2584 462 2619 περὶ
483 2584 601 2620 Ὀμήρου
627 2583 780 2610 ἀποκωλύει
808 2583 908 2618 λέγειν.

126 2629 221 2655 Ἔοικε
235 2629 288 2664 γὰρ
302 2628 356 2656 τῶν
375 2628 464 2656 καλῶν
489 2629 614 2656 ἁπάντων
630 2628 731 2656 τούτων
743 2629 796 2655 τῶν
814 2637 910 2664 τραγι-

124 2675 182 2701 κῶν
211 2675 318 2710 πρῶτος
350 2675 508 2708 διδάσκαλός
533 2684 563 2701 τε
580 2675 625 2701 καὶ
636 2674 746 2710 ἡγεμὼν
772 2675 908 2710 γενέσθαι”

131 2721 202 2747 Ἀλλ’
217 2721 247 2747 οὐ
262 2721 316 2756 γὰρ
333 2721 386 2758 πρό
410 2730 441 2756 γε
468 2721 516 2757 τῆς
532 2721 658 2757 ἀληθείας
681 2721 807 2756 τιμητέος
829 2721 907 2757 ἀνήρ.

131 2766 202 2793 Ἀλλ’
213 2767 227 2793 ὃ
240 2767 311 2802 λέγω
325 2767 543 2803 ῥητέον.-Πάνυ
558 2767 607 2803 μὲν
619 2765 676 2800 οὖν,
692 2767 768 2804 ἔφη.)
779 2765 836 2794 Εἴθ’
848 2766 910 2802 ἑξῆς

127 2903 133 2908 _
156 2867 218 2908 ,(ῼῇ)
237 2868 284 2901 Ὠς
293 2868 351 2903 μὲν
364 2867 437 2903 πρὸς
451 2867 538 2903 ὑμᾶς.
553 2868 640 2903 Plato,
651 2869 699 2898 lib.
713 2877 729 2897 ι
744 2869 781 2897 De
795 2868 907 2902 reuubl.,

125 2907 216 2973 ,ηλιὀῶ
237 2938 381 2973 ΕΙρήσθω.
395 2938 628 2980 ¹Ριεῑοηείρῆσθαι.

962 2355 1008 2389 qui
1023 2355 1048 2381 in
1065 2355 1216 2383 imitatione
1230 2359 1384 2386 versantur,
1401 2356 1575 2391 accusabitis)
1589 2366 1596 2383 :
1613 2357 1749 2391 ejusmodi

962 2407 1021 2430 res,
1039 2399 1123 2433 pestis
1137 2399 1260 2434 quaedam
1273 2401 1372 2427 mentis
1387 2400 1540 2427 auditorum
1557 2401 1663 2428 videtur
1675 2409 1749 2435 esse.

962 2445 1060 2478 quibus
1076 2445 1102 2470 iu
1119 2447 1243 2479 promptu
1262 2445 1410 2472 remedium
1425 2446 1490 2473 illud
1507 2454 1560 2474 non
1579 2447 1624 2478 sit,
1640 2452 1748 2482 utqua-

961 2490 1000 2517 les
1011 2497 1048 2517 ea:
1059 2497 1121 2516 vere
1133 2490 1197 2520 sint,
1214 2491 1585 2526 intelligant.—Quotandem
1599 2494 1690 2521 animo
1706 2494 1748 2521 sic

961 2535 1081 2570 loqueris
1089 2535 1295 2570 ?—Dicendum,
1306 2538 1427 2572 inquam,
1435 2539 1541 2566 tametsi
1551 2546 1627 2566 amor
1634 2540 1745 2574 quidam

961 2581 1186 2616 observantiaque
1203 2586 1280 2615 mea,
1306 2590 1388 2618 quam
1412 2584 1542 2612 adversus
1565 2584 1713 2614 Homerum
1729 2595 1747 2614 a

960 2633 1045 2660 puero
1063 2626 1152 2659 hausi,
1168 2627 1314 2661 quominus
1330 2628 1357 2654 id
1381 2628 1482 2660 dicam,
1499 2629 1640 2664 impediat.
1665 2630 1745 2658 Vide-

960 2675 1005 2697 tur
1018 2670 1090 2698 enim
1110 2672 1216 2706 primus
1238 2671 1282 2700 ille
1297 2673 1411 2700 istorum
1433 2674 1554 2701 omnium
1572 2676 1743 2711 egregiorum

960 2717 1126 2752 tragicorum
1143 2718 1271 2753 magister
1285 2723 1313 2746 et
1323 2719 1378 2746 dux
1389 2719 1484 2747 fuisse.
1505 2721 1540 2747 At
1552 2721 1680 2749 nimirum
1695 2723 1744 2749 ho-

960 2761 1061 2790 minem
1076 2763 1189 2791 veritate
1200 2764 1333 2799 potiorem
1351 2764 1450 2792 habere
1463 2773 1516 2793 non
1531 2765 1678 2801 debemus;
1695 2768 1744 2795 sed

995 2869 1051 2910 (9.7)
1065 2870 1121 2905 Τῆς
1129 2870 1187 2910 τῷν
1194 2871 1369 2910 ἁκουόντωα
1376 2872 1443 2910 Haec
1454 2868 1540 2908 usque
1551 2874 1583 2901 ad
1598 2875 1667 2902 αὑτά
1677 2882 1742 2910 sup-

959 2904 1091 2942 plevi_mus
1102 2914 1135 2933 ex
1145 2906 1266 2942 Platone,
1278 2915 1338 2942 quis
1353 2904 1525 2936 librarioru'm
1541 2910 1627 2939 oculis
1643 2904 1741 2938 vocu'm

959 2940 1069 2967 τοιαῦτα
1085 2946 1111 2969 et
1124 2941 1192 2970 αὐτά
1207 2940 1355 2971 similitudo
1372 2944 1548 2972 subduxerat.
