2078 3207
355 170 421 197 1ὓ27

353 227 439 261 potius
452 226 591 252 dicendum
606 225 632 250 in
646 224 785 258 praesentia
800 224 870 258 quod
887 222 1120 258 agimus—Sane,
1136 225 1159 253 Α

353 274 446 305 .nqult.
462 280 470 296 ι
482 270 547 297 Tum
563 269 721 304 quibusdam
739 269 883 302 interiectis
895 278 916 295 ;ι
929 269 966 296 Ac
980 269 1013 295 de
1024 269 1126 295 caeteris

352 317 457 351 quidem
473 316 562 346 rebus,
578 316 673 349 inquit,
690 314 789 340 nullam
804 315 844 341 vel
857 315 889 340 ab
906 314 1030 346 Homero,
1038 314 1077 340 vel
1093 314 1126 340 ab

351 363 403 388 alio
427 362 522 396 quovis
546 366 621 395 poeta
647 362 776 387 rationem
802 360 942 393 exigamus
972 368 980 386 :
1006 360 1126 393 adeoque

351 408 487 434 mittamus
509 413 637 440 qnzerere,
665 411 754 432 utrum
780 413 811 432 ex
836 405 868 431 iis
894 405 1013 431 medicus
1029 404 1125 437 aliquis

350 453 439 483 fuerit,
459 460 511 478 non
525 452 634 478 medica:
653 456 756 477 tantum
774 450 904 477 orationis
918 451 1047 476 imitator.
1075 449 1125 476 Ec-

349 505 417 531 quos
437 497 507 523 enim
530 498 599 522 nllus
619 503 736 530 unquam
753 500 840 529 poeta,
863 503 910 521 seu
925 494 1063 527 vetustior,
1077 502 1122 521 seu

349 542 491 572 recentior,
514 542 551 568 uti
575 540 747 575 [Escnlapius
764 541 836 572 fecit,
864 540 958 566 morbo
981 539 1123 566 liberaxit?

348 587 421 619 Quos
437 588 553 617 tandem,
568 592 595 613 nt
609 587 690 621 619
704 592 824 620 posteros
840 586 883 611 ille
897 593 972 616 suos,
984 585 1123 612 medicina:

347 633 492 666 discipulos
506 633 630 666 reliquit?
648 633 776 658 Similiter
787 632 819 657 de
833 631 936 658 artibus
948 631 1051 658 caneris
1064 631 1121 657 nul-

346 678 401 703 lum
426 686 440 704 a
463 677 540 704 nobis
556 678 665 704 verbum
693 679 748 703 liat.
774 677 808 702 At
831 684 892 703 vero
907 677 1023 702 maxima
1038 677 1081 702 illa
1096 681 1122 702 et

345 723 566 756 praestantissima
588 723 658 756 quod
681 723 784 753 attinet,
800 730 915 756 quorum
934 722 1120 748 tractationem

345 769 476 796 Homerus
493 769 608 803 attingit,
620 769 696 800 bella,
711 769 831 802 inquam,
842 769 1006 802 imperiaque
1020 768 1120 794 milita-

345 815 663 848 ria.rernmpublicarnm
679 814 934 844 administrationes.
950 819 975 840 et
991 819 1119 847 pra-cepta

346 861 499 887 hominibus
517 860 694 887 informandis
711 865 787 894 apta;
805 868 895 886 verum
911 867 974 886 sane
990 859 1069 886 fuerit
1083 859 1118 886 ita

344 905 399 932 fere
422 906 556 932 hominem
574 906 755 939 compellare:
777 905 823 931 Dic
832 906 920 932 sodes.
939 905 975 931 mi
995 904 1118 936 Homere,

343 951 366 978 si
384 951 476 978 tertius
491 951 589 984 aliquis
603 959 616 976 a
631 951 741 977 veritate
763 959 816 977 non
840 959 879 983 es,
902 952 946 985 qui
963 951 1069 977 virtutis
1081 951 1118 977 si-

343 997 491 1023 mulacrum
508 996 590 1030 lingas
603 996 693 1030 (quem
710 1003 787 1023 antea
806 997 965 1022 imitatorem
980 1004 1040 1023 esse
1054 996 1120 1022 dixi-

343 1044 425 1075 mus),
448 1042 493 1068 sed
517 1041 605 1076 potius
621 1041 654 1067 ab
667 1041 759 1067 eadem
787 1041 931 1072 secundus,
954 1046 1033 1074 atque
1047 1041 1118 1075 ejus-

342 1088 425 1118 modi,
443 1087 488 1121 qui
510 1087 609 1121 optime
625 1080 743 1118 noveris,
766 1087 864 1120 quibus
878 1087 976 1113 studiis
996 1087 1118 1113 homines

341 1137 389 1159 aut
401 1133 524 1159 meliores
536 1151 542 1163 ,
562 1138 607 1159 aut
620 1132 768 1158 deteriores
783 1137 836 1158 tam
854 1132 958 1166 publice
970 1140 1050 1166 quam
1064 1132 1117 1165 pri—

341 1178 423 1204 vatim
442 1178 505 1204 ﬁant
528 1187 534 1203 :
559 1178 602 1204 dic
615 1177 709 1208 nobis,
725 1177 850 1211 inquam,
867 1185 929 1203 num
946 1184 1005 1210 quae
1022 1184 1114 1210 respu—

342 1223 411 1249 blica
428 1222 523 1248 melius
539 1230 584 1256 per
599 1227 623 1248 te
637 1222 759 1248 instituta
775 1222 871 1253 fuerit,
888 1223 925 1249 uti
941 1222 1116 1249 Lacedaemon

343 1275 389 1301 per
403 1267 565 1302 Lycurgum,
590 1275 622 1294 ac
638 1275 684 1301 per
697 1267 765 1294 alios
785 1267 937 1301 plerosque,
963 1267 1115 1300 complures

342 1312 404 1338 item
419 1312 476 1338 alia!
489 1317 542 1338 tam
566 1311 691 1345 majores,
710 1319 789 1345 qualn
815 1311 950 1338 minores?
983 1311 1021 1338 Te
1041 1318 1114 1343 vero,

340 1363 400 1390 qua
422 1355 528 1382 tandem
551 1356 645 1383 civitas
668 1356 768 1382 bonum
793 1356 971 1390 legislatorem
989 1356 1114 1390 appellat,

340 1407 387 1428 aut
402 1401 495 1428 merita
512 1410 574 1436 erga
587 1410 615 1429 se
630 1407 674 1429 tua
690 1402 901 1429 commemorat?
917 1401 982 1428 Nam
998 1401 1117 1429 Charon-

340 1446 400 1472 dam
418 1446 491 1472 Italia
508 1447 588 1473 simul
605 1452 685 1481 atque
700 1446 803 1478 Sicilia,
830 1455 878 1473 nos
895 1446 1019 1473 Solonem
1033 1454 1115 1481 agno-

338 1490 495 1518 scimus.Te
509 1495 697 1526 autemecqua:
709 1491 993 1523 celebrabit?-——Nulla,
1008 1492 1112 1526 opinor,

340 1536 426 1570 inquit
441 1536 625 1564 Glauco—Ac
646 1545 678 1563 ne
697 1537 730 1563 ab
747 1537 813 1571 ipsis
837 1537 943 1571 quidem
966 1536 1113 1564 Homericis
1127 1547 1147 1574 ο

339 1581 471 1616 ejusmodi
491 1582 636 1616 quidquam
651 1582 754 1608 audias.
771 1581 839 1608 Num
855 1582 927 1616 quod
940 1589 1002 1609 vero
1013 1583 1111 1609 bellum

339 1626 447 1654 Homeri
463 1627 628 1660 temporibus
642 1626 798 1658 excitatum,
815 1634 847 1653 eo
859 1627 898 1653 vel
910 1627 987 1661 duce,
1009 1628 1051 1655 vel
1066 1635 1113 1655 au-

338 1676 410 1698 ctore
427 1671 538 1697 feliciter
555 1675 658 1704 gestum
683 1676 846 1697 memoratur
855 1671 902 1697 ?—
910 1670 1110 1699 Nullum.—An

339 1717 432 1744 saltem
447 1717 560 1750 plurima
574 1717 694 1750 quaedam
708 1717 777 1750 ejus,
794 1722 921 1751 tanquam
934 1717 1050 1745 hominis
1065 1726 1112 1752 ap-

321 1779 324 1782 -
340 1763 424 1796 [trime
436 1770 524 1788 rerum
536 1762 612 1796 periti
624 1782 631 1794 ,
650 1763 691 1788 vel
707 1763 732 1788 in
746 1762 864 1795 artibus,
878 1763 919 1789 vel
932 1763 958 1790 in
972 1764 1032 1790 aliis
1049 1765 1111 1799 qui-

339 1808 453 1835 huslibet
475 1808 534 1834 vita:
560 1808 670 1840 olﬁciis,
689 1807 827 1835 industria:
849 1809 1018 1843 solertiaeque
1034 1810 1110 1844 plena

339 1853 445 1880 ivventa
462 1853 646 1880 celebrantur?
668 1853 819 1887 cujusmodi
839 1860 905 1880 sane
929 1853 969 1880 vel
993 1852 1109 1881 Thaletis

338 1898 444 1930 Milesii,
460 1898 502 1925 vel
521 1899 684 1926 Anacharsis
705 1899 777 1925 illius
797 1899 903 1933 Scytha:
927 1899 1010 1925 multa
1026 1899 1109 1926 fuisse

337 1944 616 1971 Jidicimus.—Aﬂine
629 1951 740 1978 prorsus
756 1945 870 1972 nihil.—-
878 1945 911 1972 At
925 1945 947 1972 si
960 1945 1050 1973 minus
1060 1953 1109 1980 pu-

337 1989 415 2022 blice,
432 1990 556 2024 privatim
572 1990 679 2024 quidem
703 1991 801 2024 ipsum,
829 1991 892 2017 dum
909 1992 1020 2023 viveret,
1044 2000 1107 2018 num

336 2034 382 2068 qui
398 2034 544 2068 disciplinae
553 2041 609 2061 suae
620 2034 714 2062 ducem
728 2035 857 2067 habuere,
876 2036 922 2070 qui
936 2041 962 2063 et
975 2037 1034 2070 ejus
1044 2045 1108 2064 cun-

335 2079 505 2106 suetudinem
519 2080 680 2113 adamarint,
692 2085 717 2107 et
729 2081 843 2114 posteris
854 2081 904 2115 ipsi
918 2083 974 2110 suis
989 2082 1108 2110 Homeri-

335 2132 397 2152 cum
414 2125 521 2159 aliquod
536 2125 596 2152 vita:
609 2133 692 2160 genus
709 2126 876 2161 formamque
890 2128 1108 2156 transmiserint?

371 2202 426 2238 (98)
449 2202 508 2228 Τῶν
517 2202 575 2236 μὲν
590 2202 701 2238 τοίνυν.
721 2201 883 2238 Platotpag.
980 2201 1010 2228 F.

371 2236 426 2272 (99)
444 2237 621 2270 Κρεώφιλος.
644 2237 681 2262 Ita
698 2237 777 2262 etiam
792 2236 876 2272 Plato.
893 2236 925 2262 At
941 2236 1106 2272 Eustathius,

337 2270 430 2303 Iliad;
444 2272 473 2302 B,
490 2280 548 2306 pag.
564 2272 614 2298 530
626 2275 756 2302 extrema,
772 2275 799 2297 et
811 2271 918 2302 Suidas,
931 2270 1107 2305 Κρεώφυλον

336 2307 474 2337 scribunt,
489 2305 534 2340 per
549 2315 576 2332 υ.
593 2306 809 2340 SuidaerAstyclis
823 2305 903 2336 tilius,
925 2306 1009 2339 patria
1022 2305 1106 2332 Citius

335 2347 381 2368 aut
404 2339 511 2368 Samius
533 2341 651 2367 dicitur:
670 2339 809 2366 Eustathio
835 2339 940 2367 Samius
964 2340 1107 2375 διωρισμέ-

335 2385 396 2406 νως.
426 2376 448 2402 ls
465 2375 610 2402 Homerum
637 2375 752 2408 hospitio
767 2382 826 2401 cum
842 2374 1105 2408 exet'pissdféhb'a

335 2410 419 2449 :dibpov
436 2409 558 2449 egeo???)
574 2409 621 2449 τῂν
634 2409 846 2449 ἐπιγραφὴν.τοιῖ
861 2409 1020 2449 ποιήματος,
1056 2418 1106 2449 κοι-

336 2443 424 2471 λοῦσιν
447 2444 571 2479 Οἰχαλίας
592 2443 705 2479 ἅλωσινλ
721 2443 960 2479 τουτέστινηὲσχεν
977 2445 1014 2474 εἱς
1035 2443 1107 2470 ἀντί-

335 2478 405 2518 ἓξοσιν
415 2477 590 2518 ὲξςομῄρουι,
602 2478 632 2504 τὸ
650 2478 685 2518 μὴ
700 2478 844 2518 ἐπιγραψαι
855 2477 885 2504 τὸ
899 2478 997 2518 pte).th
1009 2478 1105 2513 ἐαυτῷ,

336 2513 402 2539 ἀλλὰ
423 2514 460 2548 τῷ
478 2514 545 2548 φίλῳ
563 2513 725 2548 Κρεωφύλῳ.
749 2514 799 2539 Alii
825 2514 954 2546 poematis
971 2516 1104 2548 auctorem

337 2546 514 2583 (Jreoplivlu'm
530 2546 616 2580 ipsum
634 2546 791 2581 agnoscunt,
804 2548 873 2582 quod
889 2546 1106 2583 tamenHomero

338 2581 450 2615 propter
464 2583 571 2616 hospitii
588 2581 818 2609 necessitudinem
833 2582 1007 2616 inscripserit.
1032 2581 1106 2609 Unde

336 2617 516 2644 Callimachus
533 2618 601 2643 hanc
618 2616 660 2643 isti
676 2617 790 2651 poemati
804 2624 895 2644 vocem
914 2617 1044 2648 attribuit,

1123 2219 1144 2246 ι)

339 2672 394 2698 Τοῦ
413 2673 520 2707 Σαμίου
539 2674 629 2705 πόνος
641 2674 706 2707 εἰμὶ,
722 2673 798 2706 δόμῳ
813 2673 884 2699 ποτὲ
893 2673 972 2700 θεῖον
983 2674 1106 2707 Ὅμηρον

336 2706 516 2742 Δρξᾳμένου·
538 2706 681 2742 ὐμήρείον-
693 2707 725 2733 δὲ
741 2707 881 2741 καλείψαι

338 2741 362 2766 Γ
360 2740 475 2774 ράμμιι·
490 2740 663 2776 Κρεώφύλῳ,
681 2742 736 2768 Ζεῦ
750 2740 835 2776 φίλε-ζ
845 2742 930 2769 τοῦτο
944 2741 1028 2776 μέγα.

338 2786 436 2822 Trunci
451 2794 553 2822 versus.
567 2787 633 2814 Nam
647 2788 789 2819 secundus,
803 2787 906 2822 opinor,
922 2788 1103 2822 πεντάμετρος

337 2829 396 2849 esse
416 2821 516 2857 debuit,
539 2823 632 2849 tertius
647 2823 743 2849 iterum
759 2821 914 2857 ἑξάμετρος,
929 2821 1042 2856 quartus
1060 2821 1104 2849 est

336 2856 448 2890 integer.
470 2855 540 2883 Nihil
564 2862 650 2884 tanien
674 2865 706 2883 ex
733 2855 814 2884 sensti
836 2855 992 2884 detractum.
1022 2857 1102 2884 Addit

696 168 826 196 EUSEBH
846 167 1079 194 CIESARIENSIS
1096 167 1169 194 OPP.

1181 166 1269 193 PARS
1287 165 1317 192 ll.
1326 181 1360 186 -—-
1370 166 1614 195 APOLOGETlCA.
1884 170 1952 197 409.8

1172 222 1300 255 ὲπιλέγει¹
1312 231 1328 248 ι,
1338 222 1397 248 Τῶν
1415 223 1463 257 μὲν
1473 224 1562 250 τοίνυν
1579 223 1634 257 (98)
1648 223 1732 250 ἄλλων
1751 224 1811 259 πέρι
1825 224 1862 258 μὴ
1872 225 1952 250 Em:-

1176 267 1265 302 τῶμεν
1288 267 1363 301 λόγον
1383 269 1518 304 Ὅμηρον,
1547 269 1612 304 μηδὲ
1634 268 1709 296 ἄλλον
1741 270 1877 296 ὁντιναοῦν
1898 270 1951 296 τῶν

1176 311 1304 346 ποιητῶν,
1320 312 1480 347 ἐρωτῶντες,
1497 314 1520 338 εί
1537 313 1625 347 ἰατρός
1649 322 1690 344 τις
1704 310 1737 348 ἦν
1762 313 1859 345 αὐτῶν,
1885 313 1952 340 ἀλλὰ

1177 356 1214 391 μὴ
1227 357 1348 391 μιμητὴς
1364 357 1489 392 ἰατρικῶν
1503 358 1587 391 λόγων
1603 358 1690 392 μόνον.
1706 358 1785 389 Τίνας
1801 358 1855 393 γὰρ
1866 359 1952 392 ὑγιεῖς

1175 402 1286 436 ποιητής
1301 410 1342 433 τις
1359 402 1412 428 τῶν
1434 403 1553 429 παλαιῶν
1569 403 1592 440 ἢ.
1605 403 1657 429 τῶν
1685 404 1751 429 νέων
1768 403 1872 437 λέγεται
1901 413 1952 430 πε-

1174 448 1323 482 ποιηκέναι,
1351 447 1443 483 ὥσπερ
1462 449 1632 483 .’Λσκληπιὸς
1650 457 1657 481 ;
1678 449 1694 483 ἢ
1726 449 1799 480 τίνας
1827 449 1951 484 μαθητὰς

1176 494 1297 528 ἰατρικῆς
1309 494 1475 525 κατελίπετο,
1491 494 1581 530 ὥσπερ
1610 495 1710 525 ἐκεῖνος
1726 495 1786 526 τοὺς
1803 495 1949 528 ὲγγόνους;

1175 539 1235 573 μηδ’
1251 537 1283 565 αὖ
1297 540 1358 574 περὶ
1371 539 1420 569 τὰς
1433 536 1513 570 ἄλλας
1527 540 1621 574 τέχνας
1641 539 1719 565 αὑτὸν
1731 540 1875 575 ἐρωτῶμεν
1892 540 1949 567 ἀλλ’

1172 582 1269 617 ἐῶμεν.
1282 584 1348 618 Περὶ
1356 583 1384 609 δὲ
1404 582 1456 609 τῶν
1478 585 1611 618 μεγίστων
1632 593 1661 610 τε
1675 585 1720 611 καὶ
1743 586 1901 617 καλλίστων,
1912 575 1951 612 ὧν

1173 629 1304 663 ἐπιχειρεῖ
1328 628 1414 662 λέγειν
1429 629 1560 664 Ὅμηρος,
1578 629 1700 664 πολέμων
1723 631 1783 665 πέρι
1802 632 1848 657 καὶ
1867 639 1949 666 στρα-

1170 674 1281 707 τηγιῶν,
1300 674 1346 700 καὶ
1361 674 1516 708 διοικήσεων
1538 675 1648 706 πόλεων,
1673 675 1720 701 καὶ
1747 676 1868 706 παιδείας
1885 675 1951 712 πέρι

1171 718 1328 753 ἀνθρώπων,
1358 719 1459 745 δίκαιόν
1491 729 1539 746 που
1558 721 1659 755 ἐρωτᾷν
1672 721 1750 746 αὑτὸν
1780 721 1947 756 πυνθανομέο

1170 772 1241 795 νους·
1259 763 1292 790 Ὤ
1316 764 1374 798 φίλε
1403 765 1518 800 Ὅμηρε,
1536 765 1613 800 εἴπερ
1642 766 1678 800 μὴ
1701 766 1790 801 τρίτος
1815 766 1868 792 ἀπὸ
1896 766 1947 801 τῆς

1169 809 1295 844 ἀληθείας
1308 808 1333 835 εἶ
1346 810 1444 845 ἀρετῆς
1472 810 1534 845 πέρι
1549 810 1655 836 εἰδώλου
1684 811 1856 846 δημιουργὸς,
1870 811 1900 836 ὃν
1913 809 1947 847 δὴ

1170 854 1215 880 καὶ
1234 854 1353 889 μιμητὴν
1379 855 1546 889 ὡρισάμεθα,
1574 855 1640 881 ἀλλὰ
1665 856 1711 881 καὶ
1741 848 1872 890 δεύτερος,
1899 856 1947 882 καὶ

1169 897 1221 930 οἷός
1236 908 1264 925 τε
1279 897 1349 934 ἦσθα
1359 899 1500 933 γινώσκειν
1526 901 1587 926 ποῖα
1605 900 1800 935 ἐπιτηδεύματα
1825 900 1946 935 βελτίους

1169 945 1184 980 ἢ
1210 945 1314 979 χείρους
1329 945 1486 980 ἀνθρώπους
1500 947 1570 972 ποιεῖ
1589 946 1640 980 ἰδίᾳ
1665 947 1710 972 καὶ
1736 946 1863 981 δημοσίᾳ·
1882 946 1944 980 λέγε

1168 991 1242 1024 ἡμῖν,
1255 991 1295 1022 τίς
1309 990 1361 1017 τῶν
1381 991 1481 1016 πόλεων
1499 991 1542 1017 διὰ
1554 992 1583 1017 σὲ
1603 991 1702 1026 βέλτιον
1718 992 1823 1027 ᾤκησεν
1833 1012 1841 1024 ,
1851 991 1945 1028 ὥσπερ

1166 1035 1209 1061 διὰ
1224 1036 1377 1072 Λυκοῦργον
1399 1036 1586 1071 Λακεδαίμων,
1611 1038 1656 1063 καὶ
1674 1038 1706 1063 δι’
1723 1038 1816 1069 ἄλλους
1831 1031 1945 1069 πολλοὺς

1167 1081 1260 1107 πολλαὶ
1281 1081 1394 1116 μεγάλαι
1409 1091 1438 1108 τε
1455 1082 1500 1108 καὶ
1513 1083 1642 1117 σμικραί;
1664 1084 1697 1110 Σὲ
1712 1083 1739 1109 δὲ
1756 1084 1796 1115 τίς
1825 1086 1944 1112 αἰτιᾶται

1167 1127 1240 1158 πόλις
1256 1128 1355 1161 ἀγαθὸν
1371 1128 1515 1163 νομοθέτην
1532 1129 1680 1163 γεγονέναι,
1698 1130 1743 1156 καί
1755 1139 1822 1164 σφας
1836 1131 1943 1166 ὠφελη-

1167 1172 1259 1204 κέναι;
1281 1173 1423 1208 Χαρώνδαν
1439 1173 1488 1207 μὲν
1507 1174 1558 1210 γὰρ
1581 1175 1678 1202 Ἰταλία
1698 1176 1742 1201 καὶ
1763 1176 1882 1210 Σικελία,
1896 1177 1943 1204 καὶ

1165 1220 1243 1253 ἡμεῖς
1257 1219 1370 1246 Σὸλωνα’
1389 1220 1418 1246 σὲ
1431 1221 1460 1246 δὲ
1483 1221 1523 1252 τίς
1549 1220 1602 1253 ἕξει
1621 1221 1680 1246 τινὰ
1707 1222 1810 1253 εἰπεῐν;
1837 1237 1871 1241 -
1885 1223 1944 1251 Οὐχ

1165 1265 1263 1298 οἴομαι.
1282 1264 1331 1299 ἔψη
1356 1265 1369 1290 ὁ
1385 1265 1520 1292 Γλαύκων.
1546 1282 1578 1286 -
1589 1265 1692 1292 Οὔκουν
1719 1266 1825 1300 λέγεται
1839 1275 1870 1301 γε
1887 1267 1942 1294 οὐδ’

1166 1310 1209 1336 ὑπ’
1230 1310 1318 1336 αὐτῶν
1340 1311 1498 1346 Ὁμηριδῶν.
1530 1311 1608 1337 Ἀλλὰ
1634 1311 1665 1346 δὴ
1685 1311 1726 1342 τίς
1754 1312 1872 1347 πόλεμος
1895 1313 1943 1340 ἐπὶ

1170 1355 1286 1390 Ὀμήρου
1304 1356 1348 1381 ὑπ’
1367 1356 1470 1382 ἐκείνου
1486 1356 1612 1392 ἄρχοντος
1636 1356 1652 1390 ἢ
1672 1355 1897 1391 συμϐουλεΰοπος
1910 1356 1940 1385 εὗ

1164 1402 1323 1437 πολεμηθεὶς
1352 1403 1563 1438 μνημονεύεταις
1593 1403 1695 1435 Οὐδείς.
1712 1418 1746 1423 -—
1763 1403 1832 1429 Ἀλλ’
1850 1402 1894 1430 οἷα
1908 1405 1941 1440 δὴ

1164 1448 1202 1478 είς
1218 1447 1251 1472 τὰ
1271 1447 1336 1482 ἔργα
1353 1448 1434 1481 σοφοῦ
1447 1448 1550 1483 ἀνδρὸς,
1571 1447 1666 1474 πολλαὶ
1689 1448 1803 1475 ἐπίνοιαι
1827 1449 1874 1475 καὶ
1897 1450 1942 1476 εὐ-

1165 1492 1276 1527 μήχανοι
1289 1494 1328 1524 είς
1343 1493 1465 1528 τέχναςῆ
1481 1502 1554 1524 τινας
1570 1493 1650 1524 ἄλλοις
1674 1493 1785 1528 πράξεις
1804 1493 1938 1528 λέγονται,

1163 1536 1254 1573 ὥσπερ
1270 1536 1301 1564 αὖ
1313 1538 1402 1564 Θάλεώ
1416 1547 1444 1564 τε
1456 1538 1517 1573 πέρι
1531 1538 1577 1564 τοῦ
1592 1539 1734 1574 Μιλησίου,
1745 1539 1791 1565 καὶ
1813 1540 1942 1575 Ἀναχάρ-

1165 1582 1235 1614 σιδος
1259 1583 1304 1609 τοῦ
1334 1583 1453 1615 Σκύθου;
1469 1600 1502 1604 —
1519 1583 1648 1618 Οὐδαμῶς
1672 1584 1790 1610 τοιοῦτον
1808 1585 1893 1611 οὐδέν.
1905 1601 1941 1606 -

1170 1628 1247 1654 Ἀλλὰ
1261 1628 1302 1663 δὴ,
1315 1630 1337 1654 εὶ
1354 1629 1390 1663 μὴ
1400 1629 1524 1664 δημοσίᾳ,
1539 1629 1590 1664 ἰδίᾳ
1604 1630 1674 1655 τισὶν
1687 1629 1796 1665 ἡγεμὼν
1814 1631 1939 1664 παιδείας

1163 1675 1241 1705 αὐτὸς
1256 1674 1304 1709 ζῇν
1315 1675 1421 1709 λέγεται
1437 1676 1556 1710 Ὅμηρος
1571 1675 1704 1709 γενέσθαι,
1715 1675 1739 1701 οἳ
1754 1675 1856 1702 ἐκεῖνον
1872 1677 1941 1710 ἠγά-

1163 1728 1220 1746 πων
1238 1720 1283 1746 ἐπὶ
1296 1720 1430 1755 συνουσίᾳ,
1444 1721 1489 1746 καὶ
1509 1722 1562 1752 τοῖς
1577 1721 1686 1759 ὕστερον
1706 1720 1763 1746 ὁδόν
1778 1729 1839 1748 τινα
1853 1721 1940 1757 παρέ-

1162 1765 1239 1791 δοσαν
1254 1765 1310 1800 βίου
1332 1766 1498 1801 Ὀμηρικήνς
1515 1765 1611 1802 ,ὥσπερ
1636 1765 1793 1801 Πυθαγόρας
1814 1767 1893 1798 αὐτός
1907 1775 1939 1792 τι

1161 1809 1338 1849 διαφερόντως
1350 1810 1394 1835 ἐπὶ
1404 1810 1489 1844 τούτῳ
1502 1810 1640 1844 ἠγαπήθη,
1659 1811 1703 1836 καὶ
1724 1812 1747 1836 οἱ
1765 1810 1881 1847 ὕστεροι,
1896 1812 1938 1838 ἐτι

1162 1854 1207 1880 καὶ
1218 1854 1262 1880 νῦν
1276 1854 1455 1890 Πυθαγόρειον
1471 1855 1569 1890 τρόπον
1586 1856 1795 1890 ἐπονομάζοντες
1812 1857 1858 1882 τοῦ
1866 1856 1936 1891 βίου,

1162 1899 1297 1934 διαφανεῖς
1310 1909 1347 1934 πη
1360 1900 1480 1926 δοκοῦσιν
1492 1898 1559 1926 εἶναι
1572 1900 1600 1926 ὲν
1613 1901 1668 1931 τοῖς
1680 1900 1877 1931 ἄλλοις-Οὐδ’
1889 1899 1936 1931 αὖ,

1161 1945 1222 1980 ἔφη,
1236 1945 1351 1972 τοιοῦτον
1365 1946 1438 1972 οὐδὲν
1451 1945 1568 1979 λέγεται.
1589 1946 1617 1971 '0
1633 1945 1685 1981 γὰρ
1698 1946 1852 1980 Κρεώφιλος
1867 1948 1934 1980 (99),

1160 1987 1182 2016 ὦ
1196 1990 1345 2025 Σώκρατες,
1375 1992 1389 2016 ὁ
1413 1990 1458 2016 τοῦ
1483 1991 1599 2026 Ὀμήρου
1614 1992 1727 2026 ἑταῖρος,
1747 1991 1792 2017 τοῦ
1804 1992 1936 2026 ὀνόματος

1161 2035 1193 2061 ἂν
1208 2029 1370 2070 γελοιότερος
1382 2035 1498 2071 ἑτι·πρὸς
1511 2036 1631 2062 παιδείαν
1649 2036 1754 2071 φανείη,
1767 2037 1791 2061 εί
1804 2036 1838 2062 τὰ
1859 2036 1935 2069 λεγδ-

1162 2089 1227 2115 μενα
1240 2081 1302 2116 περὶ
1324 2081 1439 2115 Ὀμήρου
1457 2080 1542 2115 ἀληθῆ
1559 2082 1626 2107 ἐστι.
1653 2082 1766 2114 Λέγεται
1793 2081 1846 2115 γάρ
1869 2089 1932 2113 που,

1158 2125 1195 2156 ὡς
1203 2125 1286 2160 ’πολλὴ
1301 2125 1412 2160 ἀμέλεια
1425 2126 1461 2160 (i)
1474 2127 1536 2161 περὶ
1548 2126 1626 2152 αὐτὸν
1652 2124 1685 2160 ἦν
1701 2127 1742 2152 ἐπ’
1753 2126 1834 2152 αὑτοῦ
1859 2127 1933 2152 ὲκεί-

1158 2202 1313 2230 Eustathius
1339 2203 1481 2229 nonnullos
1503 2203 1679 2237 Creophylum
1706 2202 1786 2229 istum
1820 2202 1931 2230 Homeri

1157 2242 1344 2272 praeceptorem
1370 2238 1527 2272 appellasse.
1557 2238 1589 2264 At
1605 2237 1706 2264 Platoni
1723 2237 1773 2263 hoc
1795 2237 1855 2264 loco
1875 2245 1931 2264 non

1158 2276 1259 2298 tantum
1273 2272 1390 2303 nomine,
1406 2272 1451 2298 sed
1466 2272 1544 2298 etiam
1559 2272 1725 2299 institutione
1735 2272 1864 2298 ridiculus
1875 2276 1930 2302 est,

1156 2307 1226 2340 quod
1243 2307 1268 2332 in
1286 2306 1396 2333 Homeri
1418 2311 1606 2340 praeceptorem
1629 2306 1714 2333 cadat.
1732 2305 1764 2332 Et
1780 2306 1932 2333 subobscu-

1157 2348 1215 2366 rum
1231 2346 1280 2372 est,
1298 2341 1366 2374 quod
1386 2341 1514 2370 insinuat.
1531 2349 1610 2375 quant
1624 2341 1751 2368 ridiculus
1765 2341 1821 2374 ipse
1836 2341 1929 2375 luerit,

1156 2383 1187 2401 ex
1203 2375 1235 2400 iis
1248 2383 1308 2409 quae
1322 2376 1354 2402 de
1368 2375 1482 2402 Homero
1500 2374 1650 2407 traduntur,
1665 2375 1795 2409 intelligi;
1813 2375 1865 2402 nisi
1880 2374 1929 2401 τοῦ

1155 2408 1264 2443 γελοίου
1273 2417 1380 2436 causam
1394 2410 1454 2437 inde
1471 2415 1568 2442 sumat,
1580 2411 1650 2444 quod
1663 2409 1686 2435 ei
1700 2408 1814 2444 carmini
1829 2417 1928 2435 nomen

1156 2451 1234 2470 suum
1260 2445 1369 2471 inscribi
1396 2449 1546 2478 pateretur,
1571 2443 1648 2479 cujus
1671 2451 1768 2477 parens
1794 2443 1930 2470 Homerus

1155 2483 1236 2504 CSSCI.

1191 2513 1235 2548 (θλ
1246 2513 1345 2546 Πολλὴ
1364 2513 1493 2548 ἀμέλεια.
1511 2513 1645 2548 Incertum
1665 2519 1706 2539 est
1721 2516 1811 2539 utrum
1831 2513 1929 2548 adver-

1156 2546 1202 2573 sus
1214 2546 1357 2574 Homerum
1373 2546 1551 2582 Creophylus,
1576 2555 1609 2574 an
1626 2547 1756 2574 Homerus
1766 2554 1828 2580 erga
1844 2546 1928 2574 Creo-

1155 2582 1262 2617 phylum
1278 2583 1452 2617 negligentior
1466 2582 1560 2614 fuerit;
1578 2590 1611 2608 an
1626 2583 1740 2617 denique
1754 2582 1892 2616 neglectus
1909 2588 1925 2607 ι

1156 2617 1211 2652 suis
1231 2616 1420 2652 Creophylus,
1445 2618 1524 2644 etiam
1548 2617 1610 2643 dnln
1643 2616 1775 2652 Homerus
1800 2617 1923 2652 rviveret.

1155 2651 1280 2677 Eamdem
1303 2652 1329 2677 in
1351 2652 1470 2678 versione
1490 2652 1688 2682 ambiguitatem
1709 2651 1837 2682 retinuit,
1861 2657 1925 2677 con—

1156 2690 1283 2719 temptum
1300 2686 1405 2719 quidem
1427 2686 1500 2712 illum
1523 2687 1549 2712 in
1563 2684 1739 2719 Creophylum
1756 2684 1922 2719 caderetyei

1154 2728 1185 2746 eo
1198 2717 1333 2754 probabile
1348 2720 1376 2747 lit
1387 2721 1457 2754 quod
1473 2720 1602 2747 ridiculus
1616 2717 1718 2746 Platoni
1732 2719 1848 2746 dicatur.
1868 2717 1923 2744 Nec

1154 2762 1208 2780 veri
1223 2759 1310 2781 tamen
1326 2755 1455 2787 absimile,
1467 2755 1529 2788 quin
1546 2754 1658 2781 Homero
1672 2754 1825 2784 conveniat,
1841 2760 1921 2787 quem

1154 2789 1193 2814 sui
1210 2797 1317 2821 omnes,
1337 2795 1365 2815 ut
1388 2790 1468 2823 paulo
1480 2795 1539 2824 post
1551 2789 1698 2824 signiﬁcat,
1714 2796 1806 2815 errare
1821 2788 1922 2823 passim

1132 2842 1137 2846 ς
1153 2827 1179 2850 et
1191 2824 1280 2857 vagari
1296 2828 1456 2858 paterentur.
