2078 3207
306 175 371 203 1051
634 170 769 199 EUSEBll
786 168 1024 197 C/ESARIENSIS
1043 168 1118 196 OPP.
1143 168 1232 196 PARS
1251 168 1282 195 ll.
1304 183 1336 189 ———
1356 167 1608 196 APOLOGETICA.
1855 170 1922 200 I032

303 232 392 265 leant,
417 230 499 262 satis,
525 229 635 264 opinor,
663 229 797 264 intelligis.
830 229 870 254 An
897 233 924 255 tu
946 227 986 255 sic
1013 235 1045 254 ea
1074 227 1219 259 aliquando
1248 227 1600 262 spectasti?—Equidem,
1618 226 1706 262 inquit
1731 226 1785 254 illc.
1806 237 1816 253 ι
1833 227 1923 254 Athis

303 277 339 304 ita
351 275 506 304 constitutis
519 275 605 309 placet
616 274 661 301 hic
684 274 766 301 etiam
787 281 820 300 ex
839 272 951 300 Platone
971 281 1059 308 pauca
1087 274 1209 308 quaedam
1225 278 1353 305 attexere,
1366 273 1465 308 quibus
1480 273 1558 307 longe
1575 272 1724 307 sapientius
1738 280 1799 299 cum
1815 273 1848 299 de
1862 272 1924 305 Deo,

301 330 360 352 tum
388 324 422 351 de
438 323 530 350 divina
554 322 724 350 Providentia
756 321 980 357 philosophatur,
1000 320 1175 349 Hebraeorum
1209 322 1291 349 etiam
1321 321 1416 348 hocin
1439 328 1536 356 genere
1562 320 1714 348 doctrinam
1748 325 1867 348 secutus.
1888 321 1925 348 Ac

301 373 419 408 primum
449 370 590 398 hominum
620 369 765 404 impiorum
787 376 820 396 ac
839 369 1006 397 divinitatem
1039 369 1162 397 funditus
1187 369 1425 397 exterminantium
1443 369 1603 400 sententias,
1633 368 1863 403 quemadmodum
1879 376 1926 396 ex-

302 424 396 454 ponat,
416 419 566 446 videamus.

564 463 643 498 321
664 461 777 490 CAPUT
798 462 828 489 L.

384 509 418 536 De
434 510 569 535 alheorum
583 510 712 536 ovinione.
734 509 774 535 Ea:
787 509 888 543 Legum
902 509 1010 537 decimo.

337 597 346 612 ‹
367 587 477 618 Do’cent,
504 587 592 622 inquit
613 587 700 617 Plato.
716 586 849 620 nonnulli,
865 593 909 614 res
929 594 1024 614 omnes
1039 594 1087 614 seu

296 641 359 667 quae
374 640 446 660 nunc
462 632 530 659 ﬁunt
542 654 549 664 ,
566 640 613 660 seu
626 640 686 667 quae
700 632 776 660 factae
787 632 842 667 jam
854 651 862 664 ,
876 640 923 659 seu
935 639 995 667 qua:
1011 632 1087 660 dein-

299 686 362 712 (νινε
387 678 485 705 futura-2
501 683 580 709 sunt,
606 678 646 705 vel
671 683 783 710 natura,
807 679 848 705 vel
862 682 936 710 arte,
965 678 1005 705 vel
1021 686 1086 706 casu

298 723 366 751 licri.
379 739 414 744 —
427 723 558 752 Praeclare
575 724 598 751 id
613 725 732 760 quidem.
743 738 779 744 —
792 724 936 751 Probabile
951 732 1016 751 sane
1029 724 1088 751 fue-

298 771 344 802 rit,
360 772 481 799 eruditos
499 771 623 798 homines
638 775 710 798 recte
727 770 834 798 locutos
845 778 915 798 esse.
932 769 986 798 Nos
997 775 1087 798 tamen

296 822 392 845 eorum
411 817 532 853 vestigiis
548 817 714 848 insistentes,
731 817 796 851 quid
812 816 925 851 ii.porro
940 817 1086 849 senserint,

298 863 345 896 qui
360 870 455 890 eorum
469 870 502 889 ex
517 862 661 897 disciplina
673 861 785 897 profecti
798 867 872 893 sunt,
889 862 1040 890 videamus.
1053 878 1087 882 —

297 907 445 935 Videamus
460 909 560 936 hercle.
575 923 610 928 ——
626 907 758 935 Videntur
769 928 777 939 ,
801 908 945 943 inquiunt,
968 909 1086 936 maxima

297 961 410 988 quaeque
432 961 463 980 ac
485 954 721 988 praestantissima.
748 954 788 981 vel
810 959 906 982 natura
934 955 975 982 vel
1001 963 1085 988 casu;

297 999 403 1026 minora
418 1006 483 1026 vero
507 1003 565 1026 arte
584 999 640 1025 ﬁeri
656 1008 662 1025 :
686 1006 747 1034 qua:
766 999 891 1027 videlicet
906 1001 1040 1035 majorum
1055 1007 1087 1027 ac

296 1044 450 1079 principum
474 1047 578 1070 natur-te
601 1051 715 1078 operum
732 1044 838 1078 copiam
863 1049 952 1076 nacta,
973 1045 1085 1071 minima

296 1090 425 1124 deinceps
442 1090 487 1116 illa
503 1089 586 1124 lingat
600 1095 683 1124 atque
702 1090 843 1122 moliatur,
858 1098 917 1125 qua).
939 1091 1085 1118 artiﬁciosa

295 1137 376 1173 vulgo
393 1137 577 1164 nominamus.
591 1152 627 1157 -—
637 1136 796 1172 Cujusmodi
823 1142 865 1165 est
885 1137 957 1173 quod
978 1137 1039 1165 ais?
1052 1153 1085 1157 -—

1407 458 1601 484 ΚΕΦΑΛΑΙΟΝ
1619 458 1663 484 N'.

1103 499 1126 528 Α
1139 505 1208 539 Περὶ
1220 504 1276 539 τῆς
1287 504 1346 532 τῶν
1356 504 1450 531 ἀθέων
1459 503 1562 537 δόξης.
1584 503 1656 530 Ἀπὸ
1665 502 1718 530 τοῦ
1733 502 1859 529 δεκάτου
1869 502 1925 529 τῶν

1475 539 1513 565 Νό
1517 547 1582 574 μων.

1177 586 1313 621 «Λέγουσί
1332 585 1382 613 πού
1401 585 1438 621 (8)
1454 594 1542 618 τινες,
1558 585 1596 617 ὡς
1613 584 1700 612 πάντα
1724 585 1782 611 ἐστὶ
1798 584 1832 611 τὰ
1858 585 1925 620 ττρά-

1137 641 1230 668 γματα
1243 633 1403 668 γιγνόμενα,
1422 633 1469 658 καὶ
1482 632 1624 667 γενόμενα,
1640 632 1686 658 καὶ
1697 631 1876 666 γενησόμενα,
1893 630 1924 658 τὰ

1140 680 1188 715 μὲν
1207 673 1296 714 φύσει,
1313 679 1348 705 τὰ
1357 679 1385 705 δὲ
1399 679 1479 714 τέχνῃ
1489 698 1495 709 ,
1515 678 1549 704 τὰ
1565 677 1593 704 δὲ
1607 676 1651 703 διὰ
1662 676 1756 712 τύχην.
1775 691 1809 695 —-
1821 676 1923 703 Οὐκοῦν

1137 725 1237 757 καλῶς.
1251 741 1286 745 -
1300 725 1379 756 Εἱκός
1392 725 1424 758 γέ
1441 725 1480 750 τοί
1497 732 1547 750 που
1565 724 1663 757 σοφοὺς
1675 722 1773 758 ἄνδρας
1784 721 1871 758 ὀρθῶς
1881 721 1924 748 λέ-

1136 780 1204 806 γειν.
1240 771 1380 806 Ἐπόμενοί
1396 779 1428 805 γε
1444 770 1481 806 (9)
1498 769 1549 805 μὴν
1561 770 1669 801 αὺτοῖς,
1687 767 1849 803 σκεψώμεθα
1863 769 1923 800 τοὺς

1137 817 1250 850 ἐκεῖθεν,
1265 817 1291 842 τί
1301 824 1366 842 ποτε
1377 815 1424 842 καὶ
1434 814 1596 849 τυγχάνουσι
1605 812 1797 848 διανοούμενοι.
1808 828 1843 832 -
1853 813 1923 838 Πάν-

1135 871 1199 894 τως.
1213 878 1248 883 —
1258 862 1359 893 'Eotxa,
1374 861 1451 896 φασὶ,
1462 861 1496 887 τὰ
1507 860 1556 896 μὲν
1571 859 1686 895 μέγιστα
1698 858 1786 885 αὐτῶν
1802 859 1849 884 καὶ
1860 858 1922 885 κάλ-

1136 910 1213 936 λιστα
1229 907 1432 944 ἀπεργάζεσθαι
1450 906 1530 941 φύσιν
1547 905 1592 932 καὶ
1603 904 1688 940 τύχην
1698 924 1705 936 ,
1722 904 1756 931 τὰ
1767 903 1795 930 δὲ
1811 904 1924 939 σμικρό-

1135 962 1202 988 τερα
1218 952 1327 988 τέχνην·
1355 952 1388 986 ἢν
1405 951 1437 986 δὴ
1455 950 1531 987 παρὰ
1549 950 1655 985 φύσεως
1671 949 1861 985 λαμϐάνουσαν
1875 949 1922 984 τὴν

1135 1001 1189 1027 τῶν
1201 1000 1325 1035 μεγάλων
1336 999 1383 1025 καὶ
1395 997 1511 1034 πρώτων
1523 997 1629 1032 γένεσιν
1641 996 1727 1032 ἔργων
1739 995 1865 1023 πλάττειν
1877 996 1922 1022 καὶ

1136 1045 1319 1073 τεκταίνεσθαι
1332 1045 1419 1072 πάντα
1429 1044 1464 1070 τὰ
1478 1044 1657 1080 σμικρότατα,
1669 1043 1687 1070 ἃ
1696 1043 1727 1079 δὴ
1739 1043 1849 1078 τεχνικὰ
1860 1043 1923 1070 πάν-

1135 1102 1180 1124 τες
1195 1091 1443 1127 προσαγορεύομεν.
1455 1107 1490 1111 -
1503 1090 1565 1122 Πῶς
1577 1090 1683 1124 λέγειςς
1697 1105 1731 1109 -
1747 1086 1810 1115 Ὧδέ
1823 1099 1861 1124 πη
1875 1098 1921 1115 σα-

1136 1139 1266 1174 φέστερον
1281 1139 1345 1174 ὲρῶ.
1357 1137 1426 1172 Πῦρ,
1436 1137 1484 1164 καὶ
1497 1136 1579 1172 ὓδωρ,
1596 1137 1642 1163 καὶ
1653 1136 1716 1171 γῆν,
1727 1137 1774 1163 καὶ
1784 1136 1863 1172 ἀέρα,
1876 1136 1922 1169 φύ-

297 1183 364 1209 Ιὶειη
390 1185 426 1210 ita
451 1183 552 1210 clarius
572 1183 673 1217 accipe.
695 1182 797 1218 Ignem,
815 1191 924 1218 aquam.
943 1188 1042 1211 terram
1059 1190 1079 1211 ei

1138 1194 1178 1212 σει
1192 1185 1281 1212 πάντα
1298 1182 1366 1211 εἶναι
1382 1184 1429 1210 καὶ
1445 1183 1514 1220 τύχῃ
1531 1183 1613 1217 φασὶ,
1634 1182 1716 1219 τέχνῃ
1730 1182 1759 1208 δὲ
1773 1182 1850 1209 οὐδὲν
1862 1181 1923 1208 τού-

295 1236 397 1261 aerem,
421 1229 460 1256 sic
476 1233 571 1256 natura
599 1228 680 1256 simul
703 1233 729 1256 et
751 1237 816 1256 casu
834 1230 966 1257 exsistere
982 1230 1085 1261 volunt,

296 1274 364 1300 nihil
383 1279 411 1301 ut
425 1282 520 1302 eorum
537 1274 571 1300 ab
585 1279 642 1301 arte
658 1274 781 1308 pendeat.
809 1273 941 1302 Similiter
954 1282 1015 1310 qua:
1025 1275 1086 1302 loco

295 1325 357 1355 post
368 1327 400 1348 ea
418 1321 537 1347 secundo
548 1325 724 1348 recensentur
735 1327 862 1355 corpora,
872 1321 925 1348 hoc
939 1325 980 1349 est
994 1329 1085 1349 rerum

294 1365 479 1400 terrestrium,
495 1367 561 1394 solis
572 1388 579 1400 ,
599 1367 669 1394 lunae
680 1387 687 1399 ,
706 1368 881 1403 siderumque
898 1368 1019 1396 omnium
1030 1389 1037 1401 ,
1051 1377 1084 1396 ex

294 1419 411 1448 quatuor
425 1414 489 1445 illis,
505 1414 596 1440 anima
620 1414 684 1441 licet
704 1414 816 1441 omnino
840 1415 1006 1447 carentibus,
1023 1423 1084 1443 esse

293 1460 408 1487 conﬂata
426 1469 432 1486 :
449 1466 509 1494 quae
519 1460 617 1487 deinde
632 1468 681 1494 pro
703 1468 759 1487 sum
782 1468 896 1495 quaeque
912 1461 952 1488 vis
967 1461 1083 1489 faculta-

294 1507 382 1541 tisque
398 1506 508 1533 fortuna
523 1506 576 1533 huc
590 1511 637 1533 aut
652 1506 716 1533 illuc
725 1506 856 1539 ferantur,
865 1512 947 1541 atque
960 1507 1004 1534 ubi
1016 1515 1083 1535 con-

293 1552 438 1584 currerint,
456 1552 620 1579 familiarius
637 1552 707 1579 inter
721 1560 781 1580 sese
795 1553 976 1586 conveniant,
994 1554 1081 1581 calida

293 1606 354 1624 cum
370 1597 557 1633 l‘rigidis,cu‘m
574 1598 694 1626 humidis
708 1599 793 1632 arida,
809 1600 901 1627 mollia
915 1603 976 1627 cum
992 1600 1078 1632 duris,

293 1644 384 1678 itaque
401 1644 433 1671 de
445 1644 559 1676 cmteris,
578 1651 638 1679 quae
655 1647 746 1672 rerum
762 1645 959 1672 contrariarum
977 1650 1079 1681 tempe-

292 1689 407 1721 ratione,
431 1696 496 1716 casu
522 1689 643 1724 quidem,
659 1690 705 1717 sed
724 1695 812 1717 tamen
837 1692 990 1718 necessario
1005 1699 1080 1718 com-

291 1735 453 1762 miscentur.
469 1736 558 1770 Atque
573 1735 624 1762 hoc
640 1736 747 1770 penitus
762 1737 852 1768 modo,
868 1742 894 1764 et
906 1737 1004 1765 cadum
1019 1737 1079 1764 uni-

290 1788 411 1813 versum,
425 1773 451 1808 et
462 1788 522 1815 quas
535 1781 605 1808 caelo
620 1782 792 1809 continentur
805 1783 907 1814 omnia,
925 1783 1078 1810 animantes

291 1825 373 1853 simul
393 1826 555 1861 plantasque
579 1833 684 1855 omnes.
709 1835 770 1854 cum
786 1828 992 1863 tempestatibus
1013 1829 1077 1856 item

290 1871 428 1903 omnibds,
445 1879 505 1906 qua),
518 1879 550 1898 ex
566 1869 753 1907 superioribus
767 1873 819 1900 illis
834 1874 957 1901 oriantur
967 1893 974 1906 ,
992 1875 1078 1902 exsti»

289 1916 365 1949 tisse,
381 1924 436 1944 non
446 1917 503 1951 jam
519 1917 545 1944 vi
560 1917 659 1945 mentis
672 1923 720 1945 aut
733 1919 865 1950 numinis,
883 1923 930 1946 aut
943 1920 1010 1947 artis
1027 1920 1078 1946 ali—

288 1963 379 1998 cujus,
393 1968 423 1990 ut
436 1963 524 1997 aiunt,
540 1970 645 1996 verum,
662 1964 700 1991 uti
711 1965 768 1999 jam
781 1965 948 1998 dicebamus,
974 1970 1077 1993 naturae

288 2010 376 2037 solum
400 2014 427 2037 et
450 2016 540 2037 casus.
561 2010 653 2039 Artem
677 2018 758 2046 porro
773 2011 806 2038 ab
827 2012 880 2039 illis
901 2012 967 2047 ipsis
981 2012 1077 2041 deinde

288 2058 471 2090 proereatam,
501 2057 643 2084 mortalem
674 2065 708 2084 ex
736 2058 905 2092 mortalibus,
932 2059 1076 2087 nonnullos

287 2105 382 2135 postea
395 2102 471 2129 lusus
488 2103 636 2137 peperisse,
648 2103 695 2138 qui
708 2111 803 2139 parum
816 2104 961 2132 admodum
975 2105 1075 2132 verita-

286 2148 324 2175 tis
341 2149 467 2180 habeant,
485 2150 530 2176 sed
545 2150 635 2184 potius
653 2150 798 2178 simulacra
814 2151 948 2185 quaedam,
966 2159 1027 2179 cum
1042 2152 1074 2179 iis

288 2200 377 2223 tamen
392 2195 522 2224 allinitate
534 2197 679 2231 conjuncta
694 2197 851 2231 videantur;
873 2198 1027 2232 cujusmodi
1042 2205 1073 2226 ea

287 2246 351 2269 sunt
365 2250 425 2277 quae
445 2250 461 2269 a
482 2243 598 2278 pictura,
614 2243 736 2275 musica,
754 2248 781 2271 et
795 2243 856 2271 aliis
874 2244 994 2278 ejusdem
1008 2252 1074 2271 cou-

287 2287 399 2315 ditionis
413 2287 519 2315 artibus
536 2287 756 2322 proﬁciScuntur.
787 2287 865 2320 Quod
887 2288 910 2315 si
937 2289 1073 2316 nonnulla:

284 2331 423 2360 interdum
446 2338 517 2361 artes
538 2334 639 2361 serium
651 2333 789 2369 quidpiam
807 2338 997 2369 maturumque
1011 2343 1073 2369 pro-

284 2377 450 2413 ducant,eas
459 2379 567 2406 demum
582 2387 653 2413 esse,
667 2386 727 2415 quae
741 2381 793 2407 vim
809 2388 870 2407 cum
886 2385 982 2408 natura
994 2390 1071 2409 suam

285 2425 463 2461 conjungant,
475 2426 570 2460 quales
585 2426 730 2458 medicina,
758 2427 926 2461 agricultura
951 2432 979 2454 et
994 2436 1071 2463 gym-

284 2472 392 2498 nastica
418 2479 477 2499 esse
500 2472 613 2507 possint.
635 2472 705 2505 Quin
731 2473 813 2499 etiam
831 2473 868 2500 illi
892 2473 998 2500 civilem
1022 2475 1071 2501 do-

283 2517 412 2550 ctrinam,
438 2518 547 2545 nonnisi
579 2518 737 2553 particulam
762 2519 907 2553 quamdam
936 2526 996 2546 esse
1022 2518 1071 2546 do-

331 2594 357 2633 §)
376 2595 505 2633 ᾼέγορσι
520 2603 589 2624 που.
609 2596 695 2633 Plato,
711 2597 775 2633 Leg.
792 2606 820 2630 x,
834 2605 893 2633 pag.
911 2594 977 2630 665,
996 2595 1030 2625 H.

332 2629 541 2667 9).Ὲπόμενοι
559 2641 602 2667 γε.
633 2629 761 2661 Είοὶιιυδ”
773 2629 909 2661 ὴωίῐῐὸιι
936 2634 1001 2661 satis
1033 2641 1066 2660 ex

283 2663 438 2700 philusophi
450 2663 543 2704 incute
556 2663 569 2704 ξ
583 2667 671 2704 Quare
686 2676 827 2704 sequamur
845 2669 915 2703 ipsos
924 2688 931 2701 ,
945 2668 1067 2703 inquira-

282 2707 392 2733 musque
410 2702 536 2734 quidnam
552 2702 737 2732 intellexerint.

320 2734 375 2770 (l0)
397 2735 720 2773 Οὕτω-γεγεννηκέναι.
746 2739 816 2772 Quid
837 2739 858 2766 si
881 2737 966 2770 ὅντως
986 2746 1067 2773 γεγο-

284 2769 358 2809 νέναι
367 2789 374 2801 ,
389 2775 419 2809 ut
433 2769 513 2805 paulo
526 2769 597 2804 ante,
610 2769 634 2800 (Ξ.
647 2775 673 2805 5,
685 2774 728 2802 διὰ
737 2769 838 2801 τούτων
848 2769 997 2808 γεγονέναιξ
1011 2769 1067 2802 Nec

284 2804 447 2844 _enim__o'3'rui_
466 2809 649 2844 cumaab-rﬁ'.
666 2814 692 2836 et
707 2810 777 2837 κατὰ
790 2804 895 2842 ταύτά,
912 2810 971 2837 sine
990 2810 1064 2837 into-

283 2839 386 2880 lerabili
403 2841 561 2880 ταὺτολογίᾳ
581 2839 708 2880 conjungi
728 2850 830 2880 potest;
857 2839 907 2873 nec
931 2853 1063 2880 γεγεννη-

285 2874 426 2914 ιένᾳιὶψὲ)
442 2874 585 2914 referatur,
604 2874 750 2914 quidquam
765 2874 854 2908 habet.

318 2910 372 2945 (ll)
392 2911 522 2946 Παιδιᾶς.
544 2910 636 2947 Plato,
651 2910 782 2949 παιδείας.
797 2915 917 2951 Ficinus,
934 2924 985 2944 res.
1005 2915 1063 2945 Ma-
1099 2952 1104 2957 ξ

1136 1240 1190 1258 των
1200 1240 1206 1246 ·
1220 1231 1267 1258 καὶ
1279 1230 1312 1257 τὰ
1325 1230 1393 1266 μετὰ
1404 1229 1488 1256 ταῦτα
1503 1227 1536 1256 αὖ
1550 1229 1672 1265 σώματα,
1690 1229 1740 1264 γῆς
1750 1237 1779 1254 τε
1790 1228 1836 1255 καὶ
1847 1228 1922 1264 ἡλίου

1137 1277 1182 1303 καὶ
1197 1277 1311 1312 σελήνης
1321 1296 1328 1307 ,
1345 1275 1451 1311 ἄστρων
1465 1283 1494 1302 τε
1510 1275 1583 1310 πέρι,
1598 1274 1642 1301 διὰ
1657 1274 1757 1300 τούτων
1771 1273 1922 1308 γεγονέναι,

1137 1321 1274 1353 παντελῶς
1293 1321 1376 1347 ὄντων
1399 1319 1524 1355 ἀψύχων·
1543 1319 1611 1354 τύχῃ
1628 1319 1656 1346 δὲ
1672 1319 1808 1355 φερόμενα
1823 1320 1855 1354 τῇ
1873 1318 1922 1352 τῆς

1135 1367 1274 1402 δυνάμεως
1291 1366 1393 1392 ἕκαστα
1407 1365 1530 1391 ἑκάστων
1539 1383 1545 1395 ,
1594 1363 1804 1398 συμπέπτωκεν,
1820 1362 1922 1398 ἁρμότ-

1135 1423 1214 1441 τοντα
1224 1413 1329 1444 οἰκείως
1341 1421 1396 1444 πως
1409 1411 1496 1447 θερμὰ
1508 1410 1630 1446 ψυχροῖς,
1645 1409 1661 1445 ἢ
1676 1409 1745 1445 ξηρὰ
1757 1409 1824 1445 πρὸς
1837 1409 1920 1444 ὑγρὰ,

1134 1462 1180 1488 καὶ
1199 1459 1307 1496 μαλακὰ
1322 1459 1388 1495 πρὸς
1404 1458 1522 1494 σκληρὰ,
1541 1458 1588 1484 καὶ
1604 1457 1692 1483 πάντα
1711 1457 1797 1482 ὁπόσα
1818 1457 1850 1491 τῇ
1865 1455 1922 1482 τῶν

1133 1507 1261 1534 ἐναντίων
1273 1507 1370 1542 κράσει
1381 1505 1451 1532 κατὰ
1461 1504 1546 1539 τύχην
1560 1503 1589 1535 ἐξ
1601 1503 1724 1539 ἀνάγκης
1738 1501 1918 1537 συνεκράσθη.

1133 1551 1224 1588 Ταύτῃ
1248 1552 1294 1578 καὶ
1310 1550 1381 1577 κατὰ
1396 1549 1481 1577 ταύτὰ
1497 1548 1567 1575 οὕτω
1583 1547 1774 1583 γεγεννηκέναι
1801 1547 1855 1582 (l0)
1876 1547 1922 1573 τόν

1132 1608 1160 1626 τε
1173 1599 1285 1633 οὐρανὸν
1296 1598 1355 1624 ὅλον
1365 1597 1412 1623 καὶ
1426 1596 1514 1622 πάντα
1525 1595 1611 1621 ὁπόσα
1623 1594 1655 1622 ἃν
1668 1596 1728 1621 κατ’
1738 1593 1861 1629 οὐρανὸν,
1874 1594 1922 1620 καὶ

1132 1644 1188 1676 ζῶα
1202 1642 1235 1670 αὖ
1245 1663 1252 1675 ,
1265 1644 1312 1670 χαί
1328 1642 1400 1677 φυτὰ
1416 1641 1568 1676 ξύμπαντα,
1580 1641 1658 1677 ὡρῶν
1670 1640 1763 1667 πασῶν
1774 1641 1805 1666 ὲκ
1817 1638 1921 1666 τούτων

1131 1691 1298 1727 γενομένων,
1316 1690 1346 1716 οὐ
1362 1689 1406 1716 διὰ
1422 1688 1484 1715 νοῦν
1495 1709 1502 1719 ,
1521 1688 1601 1722 φασὶν
1613 1708 1620 1719 ,
1642 1687 1701 1714 οὐδὲ
1715 1687 1758 1714 διά
1770 1695 1830 1714 τινα
1846 1687 1919 1719 θεὸν,

1130 1738 1190 1765 οὐδὲ
1214 1736 1258 1764 διὰ
1276 1736 1374 1771 τέχνην
1386 1756 1393 1767 ,
1415 1734 1471 1761 ἀλλ’
1491 1734 1504 1760 ὃ
1523 1734 1654 1769 λέγομεν,
1680 1733 1759 1768 φύσει
1776 1734 1823 1760 καὶ
1837 1733 1919 1770 τύχῃ.

1130 1784 1233 1819 Τέχνην
1240 1782 1385 1818 δὲῦστερον
1394 1783 1425 1807 ὲκ
1432 1781 1533 1807 τούτων
1542 1781 1657 1816 ὑστέραν
1665 1781 1824 1816 γενομένην.
1834 1781 1920 1816 αὑτὴν

1129 1829 1228 1864 θνητὴν
1245 1829 1276 1854 ὲκ
1288 1827 1406 1862 θνητῶν,
1421 1827 1521 1863 ὕστερα
1536 1826 1730 1862 γεγεννηκέναι
1743 1826 1853 1858 παιδιάς
1863 1827 1920 1859 (ll)

1128 1882 1222 1906 τινας,
1245 1873 1373 1908 ἀληθείας
1394 1873 1424 1899 οὐ
1443 1873 1543 1908 σφόδρα
1563 1871 1742 1908 μετεχούσας,
1757 1872 1814 1899 ἀλλ’
1831 1873 1920 1899 εἴδωλ’

1128 1921 1195 1948 ἄττα
1220 1910 1337 1955 ξυγγενῆ
1354 1919 1458 1946 ἑαυτῶν
1475 1919 1531 1955 (l2)
1542 1938 1549 1950 ,
1573 1917 1617 1945 οἷα
1634 1919 1756 1954 γραφικὴ
1772 1919 1855 1954 γεννᾷ
1872 1920 1921 1945 καὶ

1129 1965 1245 2001 μουσικὴ
1261 1966 1308 1991 καὶ
1320 1965 1379 1991 ὅσαι
1395 1964 1506 1994 ταύταις
1523 1963 1576 1989 εἰσὶ
1599 1964 1733 2000 συνέριθοι
1750 1964 1854 1999 τέχναι.
1885 1965 1919 1990 Αἰ

1126 2011 1149 2038 δ’
1167 2012 1229 2038 εἴτι
1243 2012 1290 2038 καὶ
1305 2011 1447 2037 σπουδαῖον
1460 2010 1514 2046 ἄρα
1527 2009 1641 2045 γεννῶσι
1656 2010 1709 2036 τῶν
1719 2010 1832 2046 τεχνῶν,
1846 2008 1919 2037 εἶναι

1126 2057 1236 2089 ταύτας,
1253 2057 1350 2083 ὁπόσαι
1366 2058 1398 2092 τῇ
1416 2055 1494 2090 φύσει
1510 2056 1657 2083 ἐκοίνωσαν
1671 2055 1719 2092 τὴν
1733 2055 1822 2083 αὐτῶν
1836 2056 1920 2083 δύνα-

1127 2113 1183 2139 μιν,
1195 2100 1249 2130 οἷον
1263 2101 1297 2130 αὖ
1324 2103 1431 2139 ἰατρικὴ
1441 2123 1449 2134 ,
1460 2103 1506 2128 καὶ
1515 2102 1663 2138 γεωργικὴ,
1676 2102 1721 2129 καὶ
1731 2105 1918 2138 γυμναστική.

1126 2150 1180 2176 Kal.
1192 2149 1223 2185 δὴ
1238 2150 1285 2176 καὶ
1300 2149 1350 2185 τὴν
1364 2149 1503 2184 πολιτικὴν
1519 2149 1633 2184 σμικρόν
1648 2157 1674 2175 τι
1688 2148 1768 2185 μέρος
1782 2148 1852 2177 εἶναί
1865 2159 1921 2185 φαρ-

1126 2205 1168 2228 σι,
1185 2195 1329 2223 κοινωνοῦν
1345 2196 1423 2230 φύσει
1433 2215 1440 2226 ,
1457 2195 1538 2231 τέχνῃ
1556 2195 1584 2222 δὲ
1595 2196 1625 2222 τὸ
1637 2195 1713 2222 πολύ.
1731 2196 1810 2224 Οὕτω
1825 2197 1855 2224 δὲ
1868 2198 1919 2225 καὶ

1123 2242 1172 2278 τὴν
1195 2241 1354 2277 νομοθεσίαν
1372 2242 1461 2268 πᾶσαν
1478 2241 1507 2267 οὐ
1525 2241 1622 2275 φύσει,
1638 2242 1719 2278 τέχνῃ
1739 2241 1785 2275 δὲ,
1812 2240 1848 2280 ἦς
1864 2244 1918 2271 οὐκ

1124 2288 1233 2324 ἀληθεῖς
1245 2285 1314 2314 εἶναι
1326 2288 1374 2320 τὰς
1387 2287 1484 2320 θέσεις.
1496 2303 1529 2307 -
1538 2287 1601 2320 Πῶς
1615 2288 1717 2323 λέγειςς
1730 2305 1765 2310 -
1777 2289 1880 2323 Θεοὺς,
1890 2287 1917 2318 ὦ

1125 2334 1253 2370 μακάριε,
1271 2334 1377 2371 πρῶτον
1394 2332 1462 2361 εἷναί
1479 2344 1560 2370 φασιν
1572 2333 1644 2363 οὗτοι
1659 2335 1756 2372 τέχνῃ,
1773 2337 1805 2363 οὐ
1819 2337 1915 2372 φύσει,

1122 2379 1191 2406 ἀλλά
1204 2388 1258 2406 τισι
1274 2380 1375 2415 νόμοις,
1391 2381 1437 2407 καὶ
1453 2381 1563 2413 τούτους
1576 2382 1669 2413 ἄλλους
1683 2382 1748 2418 ἄλλῃ
1762 2383 1816 2419 (15)
1827 2404 1835 2416 ,
1857 2386 1913 2421 ὅπη

1121 2425 1231 2452 ἕκαστοι
1247 2427 1353 2458 ἑαυτοῖς
1366 2427 1591 2463 συνωμολόγησαν
1606 2428 1830 2464 νομοθετούμενοι
1845 2431 1914 2465 (14).

1122 2472 1176 2499 Kal.
1191 2472 1223 2508 δὴ
1238 2472 1285 2499 καὶ
1298 2473 1332 2499 τὰ
1348 2473 1418 2500 καλὰ
1433 2473 1512 2508 φύσει
1531 2474 1579 2509 μὲν
1594 2475 1659 2501 ἄλλα
1675 2472 1745 2502 εἶναι
1757 2495 1764 2507 ,
1784 2476 1861 2512 νόμῳ
1883 2477 1916 2504 δὲ

1124 2519 1204 2556 ἕτερα
1215 2528 1221 2534 ·
1239 2519 1273 2546 τὰ
1284 2519 1313 2546 δὲ
1328 2519 1360 2556 δὴ
1373 2520 1464 2547 δίκαια
1478 2521 1530 2547 οὐδ’
1547 2519 1615 2548 εἶναι
1627 2522 1658 2548 τὸ
1671 2522 1800 2558 παράπαν
1818 2523 1913 2558 φύσει,

1122 2600 1162 2636 lui
1176 2597 1288 2636 arcuata;
1304 2607 1366 2626 cum
1382 2598 1519 2636 ‘Euselzio;
1534 2609 1598 2628 mox
1616 2601 1687 2627 enim
1705 2601 1831 2636 sequitur
1849 2604 1914 2629 κατ’

1118 2634 1318 2673 ανθυποφαρᾴν,
1327 2640 1353 2662 et
1361 2634 1389 2661 αἳ
1396 2635 1422 2673 β’
1427 2636 1453 2673 ἐί
1462 2644 1487 2662 τι
1496 2636 1542 2662 καὶ
1555 2635 1696 2673 σπουδαῖον
1704 2634 1757 2673 ἄρα
1766 2638 1911 2672 γεννῶσιν.

1119 2670 1158 2697 Ex
1174 2669 1330 2706 aliisigitur
1343 2669 1451 2702 παιδιάς
1467 2679 1541 2702 τινας
1555 2671 1687 2699 exsistere
1702 2669 1760 2699 vult
1773 2669 1783 2706 ζ
1797 2681 1830 2700 ex
1847 2674 1913 2701 aliis

1119 2705 1260 2732 σπουδαῖόν
1272 2713 1298 2731 τι
1315 2706 1389 2741 nasci
1405 2713 1541 2741 utcunque
1555 2706 1689 2734 concedit.

1155 2741 1210 2776 (12)
1236 2740 1372 2767 Ἑαυτῶν.
1393 2740 1513 2774 Quorum
1527 2763 1533 2772 ,
1556 2741 1689 2770 obseCro?
1711 2743 1751 2769 An
1768 2742 1912 2772 εἰδώλωνῖ

1119 2775 1242 2809 Ridicula
1266 2781 1337 2803 esset
1352 2776 1402 2803 ista
1423 2777 1574 2809 sententia,
1590 2777 1644 2804 imo
1663 2776 1748 2804 nulla.
1776 2778 1910 2807 Scriberi-

1118 2807 1182 2838 dum
1194 2812 1275 2850 igitur
1287 2811 1385 2850 αὐτῶν,
1399 2816 1431 2850 ut
1441 2807 1572 2839 referatur
1582 2813 1615 2839 ad
1628 2811 1743 2848 θνητῶν,
1758 2820 1807 2842 aut
1819 2815 1910 2850 αὐτῆς

1119 2851 1148 2874 ut
1159 2854 1220 2873 cum
1233 2846 1359 2880 ἀληθείας
1372 2847 1559 2881 contjungatur.

1153 2881 1209 2916 (15)
1231 2882 1337 2915 Ἀλλη-
1359 2882 1444 2914 Plato,
1465 2883 1564 2914 ἄλλοις.

1153 2917 1207 2953 (Η)
1227 2918 1483 2951 Νομοθετούμενοι.
1497 2916 1616 2951 Ficinus,
1632 2925 1680 2953 pro
1693 2919 1907 2954 νομοθετοῦντες
