2078 3207
186 177 256 206 1035

758 173 918 200 i‘Iixlil‘AR.
940 173 1064 202 EVANG.
1086 174 1147 201 LIB.
1170 173 1224 201 XII.

1745 173 1812 201 1074

183 237 242 264 ἀλλ’
255 235 491 272 ἀμφισϐητοῦντας
505 235 634 262 διατελεῖν
647 233 770 269 ἀλλήλοις
780 253 786 264 ,
800 233 846 259 καὶ
861 241 970 266 μετατι-

1025 237 1094 263 rvnt,
1108 240 1168 267 qua:
1184 239 1245 258 cum
1268 232 1294 258 in
1312 235 1425 262 naturm,
1443 235 1497 257 tum
1519 231 1545 257 in
1567 231 1633 257 artis
1650 231 1734 258 tnulto
1755 240 1813 258 ma-

184 282 312 318 Oapévzu;
326 282 368 308 ἀεὶ
379 281 474 308 ταῦτα·
486 282 503 308 ἃ
517 281 538 307 δ’
547 281 580 307 ἂν
592 274 760 315 μετάθωνται
773 279 819 305 καὶ
830 279 902 307 ὅταν,
915 278 974 304 τότε

183 327 266 363 κύρια
281 327 384 354 ἕκαστα
395 325 473 358 εἶναι,
491 326 637 361 γιγνόμενα
652 325 732 359 τέχνῃ
746 323 792 350 καὶ
803 324 858 353 τοῖς
872 322 974 356 νόμοις,

183 373 241 400 ἀλλ’
254 373 284 400 οὐ
295 374 326 408 δή
343 382 395 400 τινι
411 373 500 408 φύσει.
527 372 608 399 Ταῦτ’
623 371 697 397 ἐστὶν
707 391 714 402 ,
730 367 752 396 ὦ
766 369 836 404 φίλοι
847 389 853 400 ,
868 368 975 395 ἅπαντα

183 418 288 454 ἀνδρῶν
311 418 400 453 σοφῶν
422 418 496 454 παρὰ
519 418 588 449 νέοις
604 416 773 453 ἀνθρώποις,
792 414 902 441 ἰδιωτῶν
919 413 974 448 (15)

183 464 213 492 δὲ
225 466 271 492 καὶ
283 465 411 500 ποιητῶν,
429 466 585 500 φασκόντων
599 461 667 490 εἶναι
683 463 713 488 τὸ
728 461 906 492 δικαιότατον,
924 461 938 486 ὃ
950 461 974 486 τί

183 520 227 543 τις
236 512 268 538 ἂν
278 512 341 547 νικᾷ
352 511 519 547 βιαζόμενος,
533 511 613 537 Ὂοεν
623 508 746 536 ἀσέϐειαί
756 517 785 534 τε
795 507 975 542 ἐμπίπτουσιν

185 556 338 593 ἀνθρώποις
361 557 446 590 νέοις,
465 557 503 588 ὡς
523 557 572 583 οὐκ
588 556 672 582 ὄντων
690 555 758 582 θεῶν
777 555 849 586 οἴους
865 554 879 579 ὁ
895 553 975 588 νόμος

184 604 349 640 προστάττει
368 603 530 630 διανοεῖσθαι
552 603 622 629 δεῖν’
652 602 759 633 στάσεις
775 601 804 627 δὲ
820 600 863 628 διὰ
878 600 974 631 ταῦτα,

183 649 316 676 ἑλκόντων
333 648 402 684 πρὸς
417 648 462 675 τὸν
479 648 548 675 κατὰ
560 648 640 682 φύσιν
656 647 711 682 βίον
725 647 814 682 ὀρθὸν,
829 646 858 677 ὃς
873 647 930 672 ἐστι
942 647 974 681 τῇ

183 694 299 730 ἀληθείᾳ
312 693 463 730 κρατοῦντα
474 693 522 729 ζῇν
535 693 589 720 τῶν
603 693 699 725 ἄλλων,
711 693 757 719 καὶ
770 692 807 728 μὴ
818 692 976 719 δουλεύοντα

184 741 302 776 ἑτέροισι
317 740 387 768 κατὰ
395 741 523 776 νόμον.-
532 738 593 767 Οἷον
601 740 769 776 διελήλυθας,
778 737 800 766 ὢ
809 740 877 772 ξένε,
886 739 974 773 λόγον,

183 787 233 814 καὶ
255 787 321 821 ὅσην
342 787 432 823 λώϐην
454 785 605 823 ἀνθρώπων
626 786 692 812 νέων
706 786 823 822 δημοσίᾳ
839 785 932 812 πόλεσί
947 794 976 811 τε

183 834 233 860 καὶ
257 833 331 864 ἰδίοις
353 833 456 864 οἵκοιςῐ
472 843 481 858 ι
507 833 560 859 Καὶ
578 831 636 868 μεθ’
651 832 732 867 ἕτερά
750 840 848 867 φησιν’
869 841 878 856 ι
897 831 976 857 Ἀλλά

183 888 216 913 γε
231 879 263 915 δὴ
279 879 369 910 πάλιν,
381 878 443 913 λέγε
454 888 509 914 μοι,
525 878 646 909 Κλεινία,
658 878 705 904 καὶ
719 877 749 903 σύ
761 886 767 892 '
784 877 910 904 κοινωνὸν
921 877 974 914 γὰρ

181 925 224 952 δεῖ
237 933 266 952 σε
278 923 346 951 εἶναι
357 924 410 951 τῶν
425 925 510 959 λόγων
520 933 526 939 ·
541 924 689 951 κινδυνεύει
699 923 754 960 γὰρ
765 924 779 949 ὁ
790 923 877 957 λέγων
889 923 974 950 ταῦτα

183 972 251 1008 πῦρ,
260 972 307 998 καὶ
315 972 397 1007 ὕδωρ,
411 973 457 998 καὶ
472 971 533 1006 γῆν,
544 971 590 998 καὶ
601 971 681 1006 ἀέρα,
694 970 789 1006 πρῶτα
800 970 855 996 τῶν
866 970 974 996 πάντων

181 1018 310 1054 ἡγεῖσθαι
323 1016 403 1050 εἶναι,
420 1019 466 1044 καὶ
481 1018 532 1054 τὴν
548 1018 628 1052 φύσιν
642 1017 784 1053 ὀνομάζειν
795 1016 881 1044 ταῦτα
894 1017 973 1048 αὐτὰ,

182 1064 275 1100 ψυχὴν
288 1064 310 1090 δ’
326 1065 357 1090 ἐκ
374 1063 476 1090 τούτων
490 1064 612 1099 ὕστερον.
638 1063 730 1089 Ἐοικε
745 1062 773 1088 δὲ
788 1062 819 1088 οὺ
836 1061 974 1088 κινδυνεύ-

182 1119 242 1142 ειν,
264 1110 322 1138 an”
337 1110 421 1142 ὅντως
445 1110 586 1145 σημαίνειν
605 1111 690 1137 ταῦτα
710 1110 774 1145 ἡμῖν
790 1108 829 1144 τῷ
842 1109 922 1144 λόγῳ.
941 1124 975 1128 —

182 1156 260 1184 Πάνυ
276 1157 325 1192 μὲν
341 1154 397 1183 οὖν.
407 1154 504 1191 -τΑρ’
516 1154 561 1183 οὖν
576 1156 644 1192 πρὸς
661 1155 720 1183 Διὸς
736 1152 790 1182 οἷον
806 1155 897 1190 πηγήν
914 1163 974 1180 τινα.

181 1203 298 1239 ἀνοήτου
320 1203 398 1238 δόξης
419 1203 608 1238 ἀνευρήκαμεν
623 1201 789 1237 ἀνθρώπων.
806 1201 898 1228 ὁπόσοι
916 1200 973 1227 πών

181 1257 250 1277 ποτε
266 1248 320 1276 τῶν
343 1248 406 1284 περὶ
423 1249 530 1284 φύσεως
547 1248 684 1284 ἐφήψαντο
703 1247 886 1282 ζητημάτων;
906 1246 973 1273 2x6-

183 1303 231 1322 πει
246 1295 333 1322 πάντα
345 1295 421 1328 λόγον
435 1294 582 1326 ἐξετάζων·
597 1294 626 1320 οὐ
639 1293 691 1330 γὰρ
705 1293 821 1329 σμικρόν
833 1301 864 1327 γε
874 1292 904 1319 τὸ
917 1292 974 1318 δια-

183 1340 284 1377 φέρον,
301 1341 325 1367 εἱ
342 1341 450 1375 φανεῖεν
463 1341 488 1367 οἱ
502 1336 588 1375 λόγων
601 1340 748 1375 ἁπτόμενοι
764 1338 869 1365 ἀσεϐῶν
885 1338 974 1370 ἄλλοις

181 1396 214 1415 τε
227 1387 385 1424 ἐξάρχοντες
402 1387 468 1423 μηδὲ
482 1387 511 1414 εὖ
526 1389 581 1419 τοῖς
595 1387 693 1422 λόγοις,
711 1386 767 1413 ἀλλ’
780 1386 973 1421 ἐξημαρτημέο

181 1443 238 1467 νως
250 1433 395 1471 χρώμενοι.
404 1449 437 1454 ——
445 1435 523 1460 Δοκεῖ
537 1433 625 1460 τοίνυν
638 1441 684 1468 μοι
696 1433 781 1468 ταῦτα
792 1432 878 1467 οὕτως
890 1432 972 1467 ἔχειν.

183 1478 222 1508 Εὖ
238 1481 327 1515 λέγεις
337 1502 344 1514 ,
356 1481 412 1508 ἀλλ’
424 1481 477 1515 ὅπη
489 1480 531 1515 δὴ,
543 1479 629 1515 πειρῶ
640 1478 762 1515 φράζειν.
774 1495 808 1499 -
821 1479 912 1505 Ἔοικε
923 1478 974 1504 τοί-

183 1537 234 1555 νυν
248 1528 421 1564 ἀηθεστέρων
429 1528 530 1554 ἁπτέον
547 1524 616 1553 εἶναι
629 1525 742 1560 λόγων.»
759 1526 815 1553 Καὶ
831 1524 898 1560 μετὰ
910 1524 974 1560 βρα-

184 1574 237 1610 χέα
251 1574 370 1608 ἐπιλέγει
380 1583 386 1589 ⁸
408 1584 416 1599 ι
430 1573 534 1609 Ψυχὴν,
549 1570 570 1600 ὦ
586 1572 868 1620 ἑταῖρε,“ὴγνοηκέναι
885 1572 974 1598 κινδυ-
986 1592 1008 1620 C

184 1620 293 1647 νεύουσι
317 1620 365 1656 μὲν
383 1619 472 1654 ὀλίγου
489 1619 642 1654 ξύμπαντες
654 1639 661 1649 ,
681 1615 735 1644 οἷόν
748 1627 777 1644 τε
792 1618 821 1644 ὂν
835 1617 972 1652 τυγχάνει,

182 1667 233 1692 καὶ
251 1666 364 1701 δύναμιν
379 1665 412 1700 ἢν
428 1665 483 1700 ἔχει
495 1685 502 1695 ,
526 1664 578 1691 τῶν
599 1672 628 1690 τε
646 1663 733 1691 ἄλλων
749 1664 834 1699 αὐτῆς
851 1664 913 1698 πέρι
929 1663 974 1690 καὶ

181 1714 217 1749 δὴ
231 1714 279 1740 καὶ
293 1713 425 1748 γενέσεως
445 1713 482 1744 ὡς
499 1714 527 1739 ἐν
549 1712 667 1748 πρώτοις
681 1711 756 1743 ἐστὶ,
774 1710 907 1745 σωμάτων
926 1710 975 1745 ἔμ-

183 1759 302 1795 προσθεν
324 1759 379 1794 (l6)
406 1759 514 1785 πάντων
538 1759 688 1794 γενομένη,
713 1757 759 1784 καὶ
777 1756 926 1792 μεταϐολῆς
945 1764 974 1782 τε

183 1805 277 1833 αὐτῶν
288 1806 334 1840 καὶ
346 1806 575 1842 μετακοσμήσεως
588 1804 697 1839 ἁπάσης
708 1803 785 1838 ἄρχει
798 1802 898 1833 παντὸς
912 1801 975 1837 μᾶλ-

183 1851 242 1878 λον.
268 1852 298 1878 Εἰ
315 1851 336 1877 δ’
353 1851 410 1878 ἔστι
423 1851 509 1888 ταῦτα
523 1850 608 1882 οὕτως
620 1870 627 1882 ,
643 1848 686 1885 ἆρ’
702 1849 750 1875 οὑκ
762 1849 791 1881 ἐξ
806 1849 927 1883 ἀνάγκης
941 1847 974 1874 τὰ

181 1897 274 1932 ψυχῆς
291 1896 408 1932 συγγενῆ
424 1897 543 1932 πρότερα
558 1896 590 1922 ἂν
601 1895 643 1931 εἴη
656 1894 786 1930 γεγονότα
802 1894 855 1920 τῶν
868 1893 974 1929 σώματι

183 1942 377 1978 προσηκόντων
391 1962 398 1972 ,
414 1942 496 1977 οὔσης
510 1951 540 1976 γε
553 1942 638 1976 αὐτῆς
651 1940 837 1977 πρεσϐυτέρας
850 1940 867 1975 ἢ
884 1939 975 1975 σώμα-

181 1996 248 2020 τος;
262 2004 295 2008 --
311 1989 438 2024 Ἀνάγκη.
453 2004 487 2009 —
499 1987 567 2021 Δόξα
577 1988 608 2024 δὴ
620 1988 666 2014 καὶ
677 1987 829 2022 ἐπιμέλεια,
841 1987 888 2012 καὶ
902 1986 973 2018 νοῦς,

183 2035 232 2062 καὶ
248 2035 328 2070 τέχνη
341 2054 348 2065 ,
366 2036 411 2062 καὶ
427 2035 524 2070 νόμος,
543 2033 668 2070 σκληρῶν
678 2055 685 2065 ,
701 2034 747 2060 καὶ
763 2033 891 2068 μαλακῶν
901 2053 908 2064 ,
928 2034 974 2060 καὶ

183 2080 309 2116 βαρέων,
324 2082 370 2108 καὶ
387 2080 493 2115 κούφων
513 2081 630 2116 πρότερα
645 2080 677 2106 ἂν
696 2079 755 2115 εἴη·
773 2079 819 2106 καὶ
833 2079 865 2115 δὴ
880 2080 926 2106 καὶ
941 2080 974 2106 τὰ

184 2127 294 2162 μεγάλα
304 2128 350 2154 καὶ
361 2127 454 2163 πρῶτα
465 2127 532 2163 ἔργα
543 2127 590 2154 καὶ
601 2126 714 2162 πράξεις
723 2126 819 2161 τέχνης
831 2125 862 2152 ἂν
874 2126 975 2159 γίγνοι-

184 2182 228 2204 το,
245 2173 308 2200 ὄντα
330 2175 357 2200 ἐν
372 2174 498 2209 πρώτοις·
512 2173 545 2200 τὰ
559 2173 587 2199 δὲ
602 2172 680 2208 φύσει
697 2173 744 2199 καὶ
758 2171 849 2206 φύσις,
873 2172 904 2207 ἢν
926 2172 974 2198 οὐκ

183 2218 275 2253 βρθῶς
289 2219 364 2245 αὐτοὶ
379 2218 433 2254 (I7)
451 2218 662 2253 ἐπονομάζουσι,
680 2218 774 2244 τούτου
793 2217 911 2253 ὕστερα,
929 2218 975 2243 καὶ

181 2263 324 2298 ἀρχόμενα
338 2263 369 2290 ἂν
382 2264 414 2290 ἐκ
427 2263 523 2299 τέκνης
534 2263 576 2299 εἴη
590 2264 637 2290 καὶ
650 2263 705 2289 νοῦ.
724 2279 757 2282 -
775 2263 837 2294 Πῶς
848 2271 854 2293 ;
867 2278 900 2282 -
918 2263 973 2288 Οὐκ
991 2272 1011 2299 ι)

181 2309 274 2344 ὀρθῶς
297 2309 376 2343 φύσιν
400 2309 537 2343 βούλονται
553 2310 641 2344 λέγειν
658 2310 764 2344 γένεσιν
790 2310 838 2345 τὴν
861 2311 924 2345 περὶ
940 2310 974 2336 τὰ

183 2355 293 2390 πρῶτα.
310 2356 342 2381 Εἰ
358 2355 385 2382 δὲ
406 2356 554 2390 φανήσεται
569 2356 641 2391 ψυχὴ
656 2356 773 2392 πρῶτον,
789 2357 819 2383 οὺ
835 2356 900 2392 πῦρ,
914 2356 974 2382 οὐδὲ

183 2401 257 2435 ἀὴρ,
275 2400 347 2436 ψυχὴ
360 2401 382 2427 δ’
398 2402 426 2427 ὲν
456 2401 573 2436 πρώτοις
589 2402 644 2437 (18)
661 2402 832 2437 γεγενημένη
846 2422 852 2431 ,
882 2401 974 2436 σχεδὸν

181 2445 319 2481 ὀρθότατα
344 2447 441 2480 λέγοιτ’
468 2446 500 2473 ἂν
525 2444 594 2473 εἶναι
611 2447 792 2482 διαφερόντως
810 2447 889 2480 (θύσει
907 2446 972 2480 (19).

182 2577 337 2611 intellexit;
351 2578 429 2605 vertit
442 2579 514 2605 enim
525 2599 532 2610 ,
553 2582 629 2611 prout
647 2577 745 2612 singuli
761 2585 847 2603 secum
863 2585 974 2604 constu-

184 2613 280 2639 tienles
295 2612 349 2648 lege
363 2619 517 2640 sanxerunt.
538 2612 648 2640 Rectius
663 2613 748 2639 multo
771 2613 803 2639 de
826 2613 878 2639 diis
896 2613 974 2647 ipsis.

184 2655 238 2682 pro
253 2648 341 2682 legum
355 2649 513 2676 diversitate
527 2649 653 2680 diversis,
671 2648 816 2682 intelligas.

224 2693 281 2727 (15)
307 2693 445 2720 Ἰὸιωτών.
466 2693 556 2726 Quare
572 2692 684 2720 Ficinus
707 2690 815 2722 ἰδιώτας
835 2692 974 2725 scriptores

185 2729 310 2759 verterit,
328 2737 382 2755 non
401 2729 488 2756 video.
718 2738 720 2740 τ

224 2773 280 2808 (16)
305 2773 451 2808 Σωμάτων
472 2774 650 2808 ἔμπροσθεν.
682 2771 739 2798 lloc
764 2775 973 2808 argumentum.

185 2816 243 2843 quo
256 2806 410 2836 animorum
428 2806 659 2836 immorialttatem
682 2806 837 2839 concludit,
864 2807 974 2833 uberius

186 2845 215 2870 in
230 2843 363 2871 Phazdone
377 2845 560 2879 persequitur.

223 2889 279 2925 (l7)
306 2889 411 2925 Ὀρθῶς
425 2890 600 2925 αὑτοίνοιο,
616 2888 693 2925 Plato
708 2889 764 2916 haec
781 2889 816 2916 ita
833 2888 912 2925 legit,
929 2886 976 2922 6p-

186 2923 241 2957 θῶς
257 2923 468 2961 ἐπονομάζουσιν
482 2924 546 2950 αὐτὸ
559 2924 647 2955 τοῦτο,
663 2923 773 2960 ὕστερα,
784 2929 836 2952 clc.
852 2923 917 2956 Qua:
932 2930 975 2949 vc-

388 2971 524 3002 PATnOL.
544 2971 604 3002 Gn.
625 2973 708 3001 XXI.

1026 278 1067 312 gis
1081 278 1301 305 communionem
1314 286 1344 304 ac
1359 277 1514 304 societatem
1531 282 1651 304 vocetur.
1671 277 1752 313 622
1769 277 1814 304 Sic

1027 329 1108 350 totam
1125 325 1203 351 istam
1219 325 1292 359 leges
1303 324 1436 351 condendi
1454 324 1586 350 rationem
1603 323 1636 350 ab
1650 329 1708 350 arte
1722 324 1813 358 potius

1025 378 1106 404 quam
1123 371 1171 398 abs
1192 375 1288 397 natura
1306 369 1451 405 proﬁcisci,
1466 369 1544 404 cujus
1558 370 1639 396 etiam
1658 370 1814 397 sanctiones

1025 422 1106 452 atque
1133 417 1266 452 principia
1291 417 1405 444 veritate
1427 422 1595 444 carcant.-—
1612 418 1672 449 Quo
1704 421 1732 444 tu
1761 416 1814 444 ista

1026 463 1172 490 scnsu?—-—
1184 463 1266 494 Deos,
1282 464 1323 490 vir
1338 464 1439 498 optime
1450 485 1456 496 ,
1474 464 1500 490 in
1520 464 1616 498 primis
1639 464 1682 491 isti
1707 463 1812 496 volunt,

1027 519 1080 538 non
1094 511 1150 546 jam
1168 516 1276 542 natura,
1295 511 1341 538 sed
1363 515 1431 543 arte,
1453 511 1504 537 hoc
1518 515 1560 537 est
1582 509 1686 544 legibus
1701 510 1814 544 quibus-

1026 557 1088 584 dam
1104 557 1245 587 exsistere,
1256 556 1379 592 adeoque
1392 557 1460 584 alios
1475 556 1552 583 aliter
1566 564 1595 583 sc
1611 556 1719 589 habere,
1734 561 1814 589 prout

1027 603 1096 629 inter
1112 611 1181 635 sese,
1200 603 1305 639 legibus
1328 603 1456 635 instituti,
1474 603 1561 637 magis
1577 602 1701 629 minusve
1715 609 1815 629 conve-

1026 650 1112 676 niant.
1146 649 1185 676 Ex
1210 649 1288 677 bonis
1312 649 1456 681 similiter,
1479 649 1531 676 alia
1556 653 1667 681 natura,
1687 649 1745 683 lege
1759 649 1814 678 alia

1026 696 1094 723 ﬁeri.
1118 695 1170 722 lies
1192 700 1281 722 autem
1297 695 1397 730 justas,
1414 700 1517 722 natura:
1540 695 1564 721 vi
1592 695 1680 721 nullas
1701 695 1815 722 omnino

1025 751 1100 776 csse;
1118 747 1146 770 at
1168 742 1193 769 in
1221 743 1254 769 iis
1278 742 1439 769 deﬁniendis
1463 742 1587 769 homines
1613 742 1648 769 ab
1670 742 1731 770 aliis
1745 741 1814 770 alios

1026 793 1155 822 perpetuo
1170 787 1326 818 dissontire,
1343 795 1467 821 nevaque
1478 787 1593 815 subinde
1607 792 1733 815 statuere.
1748 787 1815 821 Quae

1026 840 1100 865 vero,
1117 838 1142 860 et
1159 833 1377 868 quandocunque
1400 834 1550 865 sanxerint.
1576 841 1607 861 ea
1634 839 1690 861 tum
1703 835 1813 862 domum

1027 879 1126 910 valere,
1141 887 1195 906 non
1209 879 1302 914 utique
1317 883 1425 911 natura,
1450 879 1496 906 sed
1512 884 1569 907 arte
1584 888 1615 907 ac
1631 879 1736 915 legibus
1749 888 1814 908 con—

1026 925 1129 952 stituta.
1147 924 1208 952 “me
1221 925 1322 957 omnia,
1339 933 1355 951 ο
1369 925 1465 958 amici,
1483 926 1580 961 partim
1595 934 1610 953 a
1623 926 1709 954 doctis
1725 927 1814 954 homi-

1027 971 1118 1003 nibus,
1136 972 1232 1006 partim
1246 972 1280 998 ab
1298 971 1390 998 idiotis
1403 977 1429 998 ct
1444 972 1530 1006 poetis
1543 972 1613 1007 apud
1628 973 1752 1008 juniores
1769 981 1813 1001 ce-

1026 1017 1175 1047 lebrantur,
1190 1025 1305 1052 quorum
1328 1025 1379 1043 vox
1401 1025 1433 1044 ea
1453 1018 1608 1046 communis
1622 1023 1673 1050 est,
1690 1019 1815 1054 aequissi-

1026 1071 1100 1090 mum
1117 1063 1142 1090 id
1161 1071 1221 1090 esse
1235 1064 1305 1092 uuod
1321 1072 1366 1098 per
1382 1064 1436 1091 vim
1461 1065 1616 1092 extorseris.
1646 1065 1706 1098 Quo
1724 1065 1769 1096 iit,
1785 1070 1816 1094 ut

1023 1107 1145 1142 iuniores
1160 1108 1197 1135 illi
1212 1116 1272 1135 cum
1288 1109 1452 1143 impietatem
1469 1109 1610 1143 itnbibant,
1625 1111 1696 1145 quod
1712 1119 1758 1139 eos
1772 1117 1812 1139 ta-

1025 1155 1065 1182 les
1081 1155 1145 1182 deos
1161 1162 1223 1182 esse
1236 1162 1290 1182 non
1309 1156 1431 1188 credant,
1458 1156 1552 1191 quales
1566 1161 1594 1183 ut
1609 1157 1760 1185 habeantur
1773 1158 1813 1186 lc-

1025 1202 1104 1236 gibus
1128 1201 1262 1229 sancitum
1279 1203 1320 1229 est
1345 1212 1351 1229 ε
1377 1207 1434 1229 ιιιιιι
1457 1202 1538 1230 etiam
1554 1203 1657 1230 mutuis
1673 1208 1814 1238 propterea

1024 1247 1242 1275 dissensionibus
1263 1247 1395 1280 laborent,
1419 1248 1483 1274 dum
1497 1248 1530 1275 ad
1546 1253 1646 1275 rectam
1665 1250 1746 1276 vitam
1763 1258 1814 1276 nan

1026 1300 1145 1330 tuncque
1167 1299 1376 1322 consentancam
1402 1294 1557 1329 pertrahere
1581 1299 1725 1326 conantur.
1754 1304 1814 1331 quae

1025 1342 1133 1377 quidem
1155 1342 1207 1368 alia
1222 1349 1314 1369 revera
1331 1348 1384 1368 non
1408 1341 1442 1368 sit
1453 1361 1460 1373 ,
1478 1349 1558 1376 quam
1578 1347 1606 1368 ut
1620 1343 1757 1377 quomodo
1769 1351 1815 1370 ve-

1025 1397 1084 1416 rum
1100 1389 1162 1421 erit,
1188 1388 1303 1415 aliorum
1321 1387 1448 1415 dominus
1461 1388 1546 1421 vivas,
1566 1396 1616 1416 nec
1630 1389 1690 1416 aliis
1702 1398 1734 1416 ex
1748 1389 1814 1425 legis

1026 1434 1181 1468 prmscripto
1205 1434 1317 1461 servias.
1329 1448 1365 1452 —-
1384 1433 1406 1460 0
1419 1441 1500 1468 quam
1517 1438 1545 1461 tu
1563 1441 1618 1461 rem
1628 1456 1636 1467 ,
1651 1435 1688 1461 mi
1703 1435 1813 1470 hospes,

1025 1488 1162 1514 quamque
1183 1487 1291 1515 gravem
1316 1479 1457 1514 juniorum
1473 1483 1586 1514 pestem,
1601 1487 1663 1507 cutn
1680 1481 1707 1507 in
1721 1481 1815 1508 civita-

1025 1526 1098 1553 tibus
1110 1526 1290 1560 publice,tum
1304 1526 1428 1561 privatim
1442 1527 1514 1554 domi
1529 1531 1695 1562 grassantem
1708 1528 1815 1562 aperui-

1026 1573 1058 1599 sti
1070 1571 1166 1599 lr—Et
1177 1572 1269 1607 paucis
1280 1572 1441 1607 quibusdam
1454 1573 1600 1607 interiectis
1613 1583 1618 1599 :
1635 1573 1760 1606 iVerum,
1774 1574 1816 1600 in-

1026 1617 1094 1652 quit,
1112 1617 1149 1644 mi
1164 1617 1261 1648 Clinia,
1284 1617 1336 1644 hoc
1360 1625 1468 1645 rursum
1483 1617 1550 1644 mihi
1567 1617 1709 1652 responde,
1726 1623 1813 1645 tecum

1026 1662 1097 1689 enim
1111 1663 1228 1689 rationes
1244 1663 1301 1690 ista:
1314 1662 1511 1689 communicari
1528 1662 1637 1690 debent.
1659 1662 1753 1690 Nonne
1767 1664 1814 1698 qui

1026 1708 1063 1734 ita
1075 1707 1212 1742 loquatur,
1232 1707 1255 1734 is
1268 1711 1386 1742 quatuor
1398 1707 1442 1734 illa
1458 1707 1558 1743 ignem,
1575 1715 1684 1741 aquam.
1701 1714 1813 1742 terram,

1026 1762 1127 1786 aerem,
1141 1754 1264 1781 omnium
1277 1754 1389 1781 omnino
1404 1754 1490 1789 pritna
1504 1759 1639 1788 statuere,
1654 1755 1746 1782 eadem
1765 1764 1815 1783 na-

1027 1803 1114 1826 turam
1128 1800 1272 1834 appellare,
1301 1799 1475 1834 animamque
1485 1800 1622 1834 posterius
1635 1808 1667 1827 ex
1681 1800 1735 1827 illis
1748 1800 1815 1838 ipsis

1027 1846 1144 1873 conflare
1156 1846 1297 1872 videatur?
1314 1845 1474 1880 Quanquam
1488 1854 1540 1872 non
1554 1846 1659 1873 videtur
1669 1852 1741 1874 certe
1751 1848 1815 1882 qui-

1026 1892 1098 1922 dem,
1117 1899 1210 1919 verum
1226 1891 1305 1918 nobis
1322 1891 1348 1918 id
1363 1891 1441 1926 plane
1458 1892 1508 1918 hoc
1527 1892 1652 1927 loquendi
1669 1900 1766 1927 genere
1778 1893 1817 1920 si-

1025 1937 1144 1972 gniﬁcat.
1158 1951 1193 1955 ——
1209 1935 1247 1962 Ita
1274 1943 1396 1970 prorsus.
1410 1951 1444 1955 ——
1458 1935 1585 1971 Nunquid
1606 1937 1686 1972 igitur
1711 1938 1817 1965 stolida:

1026 1982 1166 2009 hominum
1184 1989 1278 2008 eorum
1293 1981 1430 2015 opinionis
1441 1982 1585 2016 quemdam
1607 1982 1685 2017 quasi
1713 1982 1815 2010 fontem

1025 2027 1187 2062 reperimus,
1211 2027 1257 2062 qui
1281 2035 1372 2054 rerum
1401 2027 1565 2054 naturalium
1588 2028 1751 2062 qumstioues
1765 2036 1815 2054 un-

1026 2081 1108 2109 quam
1125 2073 1277 2108 attigerint?
1303 2073 1341 2099 Ac
1356 2073 1421 2099 mihi
1432 2093 1439 2105 ,
1458 2080 1568 2108 quaeso,
1582 2081 1637 2101 rem
1654 2079 1736 2101 totam
1754 2074 1816 2101 dili-

1025 2120 1132 2154 gentius
1146 2119 1298 2147 considera.
1320 2118 1375 2146 Nec
1390 2119 1462 2146 enim
1479 2127 1574 2154 parum
1592 2121 1714 2152 interest,
1728 2120 1750 2147 si
1767 2121 1814 2154 qui

1025 2168 1052 2191 et
1069 2164 1139 2191 hanc
1151 2164 1298 2198 impietatis
1314 2163 1465 2191 doctrinam
1482 2168 1620 2191 sectantur
1633 2164 1694 2199 ipsi,
1709 2170 1738 2192 et
1754 2166 1815 2192 aliis

1025 2209 1146 2245 ejusdem
1160 2215 1286 2237 aUctores
1301 2217 1360 2236 sese
1373 2210 1553 2244 doctoresque
1574 2209 1734 2245 proﬁtentur
1745 2230 1751 2241 ,
1766 2219 1814 2238 eos

1027 2262 1080 2282 non
1094 2260 1166 2282 recte
1187 2255 1244 2282 suis
1261 2255 1314 2282 illis
1327 2255 1510 2290 argumentis,
1528 2259 1555 2282 at
1572 2263 1712 2290 perperam
1727 2256 1814 2287 abuti,

1027 2301 1138 2338 fallique
1154 2301 1316 2329 constiterit.
1332 2316 1361 2322 —-
1383 2301 1447 2328 Mihi
1469 2301 1578 2336 quidem
1601 2301 1706 2328 videtur
1721 2301 1757 2328 ita
1771 2309 1815 2330 res

1027 2349 1134 2376 habere.
1157 2347 1190 2375 Et
1210 2348 1276 2375 tnihi
1291 2356 1400 2383 quoque
1422 2356 1476 2375 rem
1494 2349 1600 2382 probas.
1638 2347 1690 2375 Sed
1712 2356 1760 2383 age
1775 2353 1815 2375 ta-

1026 2402 1099 2425 men,
1116 2401 1231 2429 eamque
1255 2394 1333 2421 nobis
1360 2394 1460 2420 clarius
1484 2393 1506 2420 si
1529 2398 1605 2427 potes
1626 2393 1764 2428 eloquere.
1779 2408 1815 2412 —

1025 2440 1059 2467 At
1086 2439 1289 2467 insolentiorem
1316 2439 1383 2466 mihi
1412 2440 1624 2473 disputationem
1653 2439 1781 2474 imponis.
1803 2450 1812 2463 ι

1027 2569 1082 2596 rior
1095 2569 1175 2596 lectio
1189 2573 1238 2595 est.
1254 2568 1325 2594 Sane
1340 2568 1411 2602 apud
1429 2567 1574 2594 Eusebium
1591 2567 1685 2593 τούτου
1700 2566 1813 2602 ὕστερα,

1026 2605 1052 2631 itt
1065 2603 1166 2630 τούτων
1178 2603 1277 2638 ὕστερα
1293 2603 1452 2630 mutandum
1467 2608 1549 2629 esset.

1062 2661 1118 2696 (i8)
1141 2660 1227 2694 Ψυχὴ
1247 2659 1272 2685 δ’
1293 2659 1327 2686 ἐν
1346 2659 1481 2692 πρώτοις.
1504 2657 1814 2696 ῐξιιιιοιιίυοέγειιιιηάτιιι-

1027 2694 1070 2723 ιίει
1087 2702 1145 2727 est,
1167 2704 1228 2729 qua:
1249 2696 1275 2721 iu
1292 2696 1470 2729 sequentibus
1487 2694 1568 2720 etiam
1585 2694 1705 2729 cernitur
1717 2714 1724 2725 ,
1751 2701 1812 2721 cum

1027 2732 1100 2758 addit
1116 2727 1250 2770 ἃζιξᾷυχήν
1264 2739 1304 2770 τις
1318 2727 1436 2770 ἐπιδείξῃ
1453 2729 1641 2770 πρεσϐυτέραν
1657 2727 1740 2770 οὖσαν
1751 2729 1813 2768 ,σώ-

1028 2775 1121 2802 ματος.
1142 2763 1238 2797 T.‘.,".‘.
1257 2766 1364 2800 placet,
1380 2763 1472 2792 Graeca
1497 2773 1559 2791 cum
1585 2763 1671 2791 Ficini
1689 2763 1813 2791 versione

1027 2810 1169 2836 compone.

1061 2849 1115 2883 (19)
1135 2849 1336 2882 Διαφερόντως
1351 2848 1457 2882 φύσει,
1485 2851 1536 2874 etc.
1561 2845 1744 2883 Corrigettdus
1769 2845 1814 2883 hic

1026 2880 1285 2913 “Platone-locus,
1311 2880 1380 2916 apud
1397 2890 1477 2917 quem
1495 2888 1530 2908 ita
1547 2882 1652 2916 legitur,
1671 2880 1812 2915 διαφερόν-

1026 2927 1080 2950 τως
1091 2938 1098 2950 ,
1115 2919 1154 2946 ὅτι
1170 2918 1248 2953 φύσει
1261 2919 1347 2946 ταῦτά
1359 2918 1413 2944 ἐσθ’
1424 2918 1509 2949 οὕτως
1523 2917 1628 2952 ἕγοντα,
1643 2921 1695 2942 ι-ιυ.
1754 2926 1756 2928 ·

1643 2962 1683 2992 33
