2078 3207
323 173 401 205 ‘toss

667 176 797 205 EliSEb‘ll
813 176 1050 204 CxESARIENSlS
1064 177 1136 204 Ol’P.
1155 177 1244 204 PARS
1260 177 1289 203 ll.
1312 192 1345 197 —
1366 177 1614 206 APOLOGETIGA.

1887 178 1948 206 1056

332 239 485 273 krt'tttttque
499 243 557 273 post
574 246 669 272 paura,
692 248 699 261 ι
718 236 857 267 Videntur,
875 237 972 271 inquit,
987 244 1002 262 0
1019 237 1104 263 amice

1168 236 1249 263 Ταῦτ’
1275 237 1330 263 Ξ;0“
1349 237 1434 270 οὕτως
1458 238 1570 273 ἔχοντα,
1593 238 1626 265 ἃν
1651 239 1737 275 ψυχήν
1766 248 1806 270 τις
1832 239 1952 277 ἐπιδείξῃ

331 285 452 319 plerique
467 292 560 311 otnnes
575 285 722 317 ignorasse,
737 288 792 309 tum
808 283 871 318 quid
885 283 977 310 anima
989 283 1040 314 sit,
1057 287 1112 310 tum

331 339 399 365 quas
422 331 479 365 ipsa
501 331 571 356 vires
594 330 700 360 habeat,
728 337 776 356 tice
789 330 815 355 in
834 329 939 356 etetcris
957 329 1038 356 modo
1053 337 1114 364 quae

1168 282 1353 317 πρεσϐυτέραν
1377 281 1457 310 οὖσαν
1478 283 1613 319 σώματος,
1638 284 1724 316 ἄλλως
1734 285 1761 311 at
1772 285 1907 320 οὐδαμῶς.
1920 301 1951 307 -

1173 329 1353 364 Ἀληοέστατα
1363 329 1460 363 λέγεις.

331 379 390 412 (με
400 378 508 413 propria
522 382 594 408 sunt,
613 384 704 403 rerum
722 377 802 402 etiam
818 377 843 403 in
861 377 980 411 ejusdem
1012 381 1072 403 ortu
1105 376 1226 410 hospites
1260 384 1292 403 ac
1312 377 1444 411 peregrini
1465 376 1560 410 fuisse,
1576 377 1657 413 623
1671 384 1732 404 cum
1745 384 1804 404 eam
1821 382 1849 404 et
1865 377 1892 404 in
1910 385 1951 404 re-

332 432 390 450 rum
413 424 563 458 principum
595 431 717 453 numero.
740 428 766 449 et
784 424 944 458 corporibus
959 424 1085 451 omnibus
1115 423 1244 458 priorem,
1260 424 1380 459 adeoque
1398 432 1453 459 pro:
1474 425 1579 452 caateris
1601 433 1712 453 causam
1735 425 1787 453 illis
1807 433 1839 453 ac
1853 425 1951 452 fontem

330 471 490 498 nnttationis
510 471 599 497 multis
627 478 659 496 ac.
682 470 848 497 dirersitatis
871 477 930 497 esse
959 469 1113 497 nescierint.
1134 469 1211 502 Quod
1226 470 1335 504 quidem
1357 470 1380 498 si
1400 478 1494 498 verum
1519 476 1578 501 est.
1592 479 1683 499 nonne
1712 473 1842 499 continuo
1864 473 1952 507 sequi-

330 522 383 547 tur.
400 521 428 543 ut
444 523 504 550 qua:
521 516 552 542 ad
570 516 668 542 auinne
694 515 825 542 rationem
852 514 996 549 pertinent,
1028 514 1134 547 eadem,
1155 519 1185 542 ut
1211 523 1325 550 corpore
1349 517 1485 551 antiquior
1506 517 1594 544 anima
1609 522 1667 550 est,
1685 518 1724 545 sic
1745 517 1873 545 omnibus
1894 526 1953 552 qua:

330 562 438 596 CurpOI'i
455 562 622 593 tribuuntur,
630 561 785 589 necessario
800 561 889 596 priora
907 562 1119 589 habeantur‘.’-—-
1137 561 1255 590 Omnino
1282 563 1414 598 sequitur.
1426 579 1462 584 —
1474 563 1556 600 Igitur
1580 565 1681 599 opinio,
1703 573 1778 595 cura,
1795 572 1883 598 mens,
1898 573 1952 594 ars.

329 613 409 643 atque
433 608 486 641 lex,
500 608 577 635 duris
599 612 626 635 et
646 608 793 640 mollibus,
811 608 938 642 gravibus
960 612 986 635 et
1010 608 1114 636 levibus
1134 609 1239 643 priores
1269 609 1322 636 sint
1350 615 1465 645 oportet.
1489 611 1545 638 lmo
1562 604 1642 638 etiam
1662 619 1759 646 magna
1786 612 1830 638 illa
1854 612 1953 646 prima-

330 662 382 689 que
400 662 494 688 opera,
520 654 678 689 similesque
705 654 845 686 actiones,
863 654 894 680 ad
914 658 998 681 artem
1019 655 1181 686 referentur,
1214 659 1347 690 quotquot
1371 656 1522 690 primorum
1546 657 1572 682 in
1593 657 1680 684 classe
1699 665 1731 685 ac
1761 665 1876 684 numero
1890 664 1953 683 con-

329 701 467 728 sebantur.
490 699 556 732 Qua:
567 706 631 726 vero
660 703 755 726 natura
785 700 864 732 tiunt,
889 698 1002 733 ipsaque
1026 699 1094 726 adeo
1122 704 1218 726 natura
1238 700 1335 734 (quam
1361 701 1469 735 quidem
1497 701 1540 729 isti
1564 710 1705 737 perperam
1733 703 1785 732 ltoc
1820 706 1954 740 appellant

329 750 448 783 nomine)
473 747 605 782 posterior
627 747 681 774 illis
702 746 794 778 fuerit,
813 751 893 780 atqtte
909 746 942 773 ab
969 751 1027 773 arte
1044 747 1125 774 simul
1145 755 1176 774 ac
1209 753 1299 774 mente
1320 748 1426 775 initium
1453 749 1563 784 aliquod
1584 749 1717 777 habuerit.
1732 766 1767 772 —
1780 751 1832 785 Qui
1847 754 1953 780 tandem

329 794 417 821 istuc?
432 809 464 813 —-
480 792 590 827 Nempe,
608 797 734 823 naturam
764 791 818 824 isti,
845 792 1044 826 generationem
1060 793 1154 827 primis
1179 793 1205 820 in
1236 793 1316 821 rebus
1336 799 1489 822 versantem
1513 795 1564 822 dici
1592 801 1726 830 oportere,
1739 804 1794 825 non
1821 803 1894 826 recte
1908 799 1954 828 de-

328 840 449 867 fetidum.
472 839 551 872 Atqui
575 837 596 864 si
622 838 751 870 animam,
769 842 815 865 aut
832 837 968 872 primam',
985 842 1032 865 aut
1052 843 1124 866 certe
1143 846 1204 866 cum
1232 839 1337 874 primis,
1353 847 1406 867 non
1434 840 1521 875 ignem
1536 841 1575 868 vel
1589 849 1688 875 acrem,
1712 848 1801 870 natam
1813 851 1876 872 esse
1890 853 1954 872 eon-

328 887 441 918 stiterit;
475 884 555 912 simul
577 883 659 912 etiam
686 885 787 919 optiue
810 893 841 911 ac
861 886 997 919 przeeipuo
1029 886 1146 920 quodam
1171 886 1232 920 jure
1254 888 1370 919 dicatur,
1400 888 1459 915 illas
1485 888 1556 922 ipsas
1581 894 1684 917 natura:
1699 890 1725 917 vi
1739 891 1904 925 consistere;
1929 895 1953 926 si

327 936 408 960 modo
437 940 556 959 animam
584 940 699 966 corpore
721 932 906 967 antiquiorem
946 941 1007 960 esse
1030 933 1227 961 demonstratis
1254 944 1261 962 :
1292 942 1370 962 secus
1397 943 1475 967 vero,
1510 943 1710 970 nunquam.—
1728 936 1878 966 Verissime
1913 939 1953 967 lo-

327 989 428 1015 queris.
447 989 455 1005 ι

630 1027 716 1053 ίῖΑΡυ
728 1027 741 1053 Γ
762 1026 801 1053 Ll.

1410 1029 1604 1056 KE‘MAMON
1622 1030 1670 1056 ΝΛ
1677 1033 1692 1056 '.

391 1072 615 1104 Quemadmodum
635 1071 711 1098 l‘lato
728 1072 760 1098 de
775 1071 826 1098 Dea
839 1072 1044 1106 philosophetur.

363 1130 369 1144 ι
390 1121 443 1154 Age
464 1125 538 1152 ergo,
560 1117 646 1152 inquit
664 1117 749 1149 Plato,
766 1117 787 1144 si
810 1117 880 1144 Deus
896 1118 975 1145 nobis
991 1125 1110 1152 unquam

325 1165 490 1194 lll\‘0€.‘1|l(l||§
514 1164 573 1195 fuit,
593 1171 664 1190 nunc
685 1163 795 1199 quidem
821 1164 846 1190 id
869 1164 981 1192 omnino
1007 1163 1109 1192 facien—

323 1214 397 1238 dum.
417 1211 509 1246 Itaque
523 1211 593 1237 hanc
610 1210 642 1236 ad
656 1210 877 1244 disputationem,
896 1217 956 1245 qua:
972 1214 1027 1237 tota
1047 1210 1110 1236 deo-

324 1266 383 1285 rum
400 1263 451 1287 cst.
467 1261 559 1291 utpote
573 1265 624 1289 qua
641 1256 699 1283 illos
717 1264 776 1283 esse
803 1256 1033 1283 leuionstrandum
1049 1264 1108 1283 sus-

324 1304 449 1338 cipimus,
481 1310 574 1329 corum
597 1310 674 1336 opem
700 1302 773 1328 omni
795 1303 885 1329 studio
907 1302 1084 1337 itnploretnus
1101 1305 1127 1329 ε’

324 1350 458 1383 simulque
475 1353 582 1383 arrepto
602 1348 653 1376 hoc.
670 1353 797 1383 tanquam
812 1353 887 1375 certo
901 1349 1016 1383 quodam
1032 1357 1109 1375 secu-

324 1403 407 1429 roque
429 1394 492 1421 fune
503 1415 510 1425 ,
529 1394 695 1428 propositum
712 1393 791 1420 nobis
805 1400 956 1420 sermonem
973 1393 1106 1420 ineamus.

322 1442 359 1468 Ae
376 1440 440 1467 mihi
457 1440 565 1474 quidem
582 1439 632 1465 hoc
648 1438 673 1465 in
689 1446 795 1473 genere,
813 1439 958 1465 admodum
977 1439 1109 1472 probatur

322 1496 352 1513 ea
371 1486 450 1518 ratio,
466 1490 495 1512 ut
507 1485 618 1520 perinde
635 1492 666 1511 ac
680 1484 702 1511 si
720 1484 781 1519 quis
796 1492 838 1511 me
853 1484 933 1511 certis
946 1485 1106 1519 quibusdam

323 1532 579 1567 interrogationibus
596 1535 798 1565 percunctetur,
824 1530 863 1557 sic
883 1530 1002 1557 vicissim
1022 1530 1045 1557 ei
1064 1537 1107 1556 re-

323 1579 479 1614 spondeain,
497 1578 568 1604 hunc
582 1577 607 1603 in
624 1577 744 1603 modum.
763 1575 870 1606 Utrum,
890 1575 927 1601 mi
943 1575 1039 1609 hospes
1053 1577 1108 1609 (ro-

322 1632 366 1661 get
380 1634 422 1652 tne
439 1622 597 1659 quispiam),
614 1623 650 1650 ita
664 1622 819 1650 consistunt
833 1621 935 1653 omnia,
954 1625 983 1647 ut
998 1628 1105 1647 morea-

323 1679 365 1699 tur
381 1672 462 1701 nihil;
482 1679 514 1697 an
534 1669 645 1696 omnino
670 1668 768 1696 secus?
795 1668 835 1694 An
853 1667 944 1702 potius
966 1672 1108 1694 moveatur

1170 1075 1218 1106 Ὠς
1229 1076 1244 1101 ό
1256 1075 1380 1102 Πλάτων
1392 1075 1443 1101 τὸν
1458 1076 1521 1110 περὶ
1535 1076 1608 1102 Θεοῦ
1623 1074 1835 1106 κατασκευάζει
1847 1076 1948 1110 λόγον.

1202 1130 1210 1146 ι
1223 1121 1288 1155 ’Ἄγε
1299 1121 1330 1156 δὴ
1346 1122 1400 1156 (20)
1416 1122 1481 1148 Θεὸν
1495 1121 1550 1157 (21)
1565 1122 1662 1148 εἴποτε
1675 1121 1864 1158 παρακλητέον
1874 1123 1949 1157 ἡμῖν,

1163 1166 1210 1193 νῦν
1222 1166 1291 1193 ἔστω
1305 1166 1382 1193 τοῦτο
1395 1165 1466 1193 οὕτω
1478 1168 1620 1202 γενόμενον
1631 1176 1637 1182 ·
1651 1168 1697 1194 ἐπί
1712 1176 1743 1202 γε
1756 1167 1891 1199 ἀπόδειξιν
1903 1168 1951 1203 τὴν

1163 1212 1251 1238 αὐτῶν
1263 1231 1270 1242 ,
1294 1212 1331 1244 ὡς
1348 1213 1401 1239 εἰσὶ
1415 1233 1421 1243 ,
1441 1213 1540 1248 σπουδῇ
1559 1214 1632 1249 πάσῃ
1648 1212 1866 1248 παρακεκλήσθω
1882 1212 1947 1247 (‘22).

1169 1257 1307 1293 Ἑχόμενοι
1320 1257 1347 1283 δὲ
1362 1257 1417 1292 (25)
1432 1256 1469 1288 ὥς
1481 1266 1552 1288 τινος
1568 1257 1704 1292 ἀσφαλοῦς
1718 1258 1878 1292 πείσματος,
1892 1258 1951 1284 ἐπι-

1163 1303 1298 1337 ϐαίνωμεν
1311 1303 1348 1334 εἰς
1361 1303 1405 1329 τδν
1417 1302 1464 1329 νῦν
1476 1302 1563 1336 λόγον.
1579 1303 1632 1329 Καί
1646 1312 1690 1338 μοι
1702 1303 1874 1338 ἐλεγχομένῳ
1887 1303 1951 1338 περὶ

1162 1348 1195 1374 τὰ
1205 1347 1325 1376 τοιαῦτα.
1340 1348 1489 1382 ἐρωτήσεσι
1504 1348 1618 1374 τοιαῖσδε
1630 1347 1818 1382 ἀσφαλέστατα
1834 1348 1949 1383 ἀποκρί-

1162 1393 1253 1419 νεσθαι
1268 1392 1391 1427 φαίνεται
1407 1392 1475 1419 κατὰ
1489 1393 1550 1419 τάδε
1561 1393 1614 1428 (εὶ-ί)
1625 1401 1631 1408 ·
1649 1391 1683 1419 Ὦ
1700 1393 1759 1426 ξένε
1770 1413 1777 1424 ,
1792 1393 1892 1420 ὁπὸταν
1911 1395 1947 1427 φῇ

1161 1447 1220 1471 τις,
1240 1437 1294 1474 ἆρα
1309 1438 1406 1474 ἕστηκε
1427 1439 1475 1474 μὲν
1491 1438 1596 1470 πάντα,
1618 1441 1733 1466 κινεῖται
1757 1439 1786 1465 δὲ
1810 1439 1884 1465 οὐδὲν
1898 1461 1904 1472 ,
1931 1439 1947 1473 ἦ

1161 1485 1246 1519 τούτῳ
1260 1485 1313 1510 πᾶν
1329 1484 1496 1515 τούναντίον;
1514 1484 1530 1519 ἢ
1549 1484 1582 1510 τὰ
1599 1485 1647 1519 μὲν
1662 1484 1750 1511 αὐτῶν
1767 1486 1898 1516 κινεῖται,
1915 1483 1946 1511 τι

1160 1530 1189 1558 δὲ
1208 1530 1300 1565 μένει;
1320 1530 1359 1556 Τὰ
1375 1530 1423 1564 μὲν
1440 1529 1553 1556 κινεῖταί
1568 1538 1618 1555 που
1630 1550 1637 1562 ,
1656 1531 1733 1565 φήσω
1745 1550 1752 1561 ,
1768 1530 1800 1556 τὰ
1817 1530 1846 1556 δὲ
1863 1529 1938 1565 μένει

1160 1593 1194 1597 -—
1206 1577 1272 1604 Μῶν
1285 1575 1330 1603 οὖν
1347 1577 1396 1602 οὐκ
1411 1577 1440 1603 ἐν
1454 1575 1531 1612 χώρᾳ
1547 1576 1598 1603 τινὶ
1614 1576 1648 1602 τά
1663 1585 1692 1603 τε
1717 1576 1823 1603 ἑστῶτα
1837 1576 1948 1612 ἕστηκε,

1161 1624 1207 1649 καὶ
1226 1622 1260 1649 τὰ
1276 1623 1421 1657 κινούμενα
1438 1623 1567 1653 κινεῖται;
1585 1638 1618 1642 ——
1633 1622 1695 1654 Πῶς
1713 1622 1766 1658 γὰρ
1780 1622 1828 1654 ob;
1848 1638 1881 1643 —-
1894 1623 1950 1649 Καὶ

1160 1668 1193 1695 τὰ
1209 1669 1257 1704 μέν
1274 1677 1305 1702 γε
1321 1670 1348 1694 ἐν
1367 1669 1416 1703 μιᾷ
1430 1667 1495 1703 ἕδρα
1511 1676 1561 1694 που
1579 1667 1656 1694 τοῦτο
1672 1668 1705 1694 ἂν
1722 1668 1794 1704 δρῴη
1806 1688 1813 1700 ,
1830 1669 1864 1695 τὰ
1878 1667 1906 1694 δὲ
1921 1669 1951 1694 ἐν

321 1718 384 1749 alia,
403 1718 454 1744 alia
470 1715 632 1751 quiescunt?
661 1714 712 1742 Cui
728 1722 793 1749 ego,
818 1713 969 1746 Moventur,
986 1709 1106 1748 inquam,

1162 1715 1274 1741 πλείοσι.
1309 1714 1349 1740 Τὰ
1365 1714 1412 1749 τὴν
1427 1714 1480 1742 τῶν
1503 1714 1625 1741 ἑστώτων
1642 1716 1670 1740 ἐν
1687 1714 1762 1749 μέσῳ
1777 1713 1949 1749 λαμϐάνοντα

321 1764 383 1796 alia,
400 1764 451 1790 alia
467 1762 659 1797 quiescunt.-
674 1759 799 1793 Nunquid
810 1760 891 1796 igitur
905 1764 978 1787 certo
992 1759 1108 1794 quodam

321 1811 347 1836 in
363 1810 432 1840 loco,
444 1808 485 1835 Vel
497 1808 640 1842 quiescunt
656 1807 711 1838 illa,
725 1807 767 1833 vel
782 1804 1110 1833 moventur?—Planc.——

320 1856 352 1882 Et
367 1855 420 1882 alia
436 1854 543 1889 quidem
559 1853 585 1880 in
601 1861 652 1880 una
662 1853 751 1888 aliqua
767 1853 831 1880 sede
848 1851 874 1879 id
888 1851 1000 1884 faciunt,
1016 1851 1067 1878 alia
1082 1851 1108 1878 in

319 1902 451 1938 pluribus.
473 1899 531 1927 Vio‘
555 1905 594 1929 tu.
616 1900 740 1934 inquam,
757 1906 810 1926 uno
824 1898 851 1925 in
870 1898 929 1925 loco
944 1905 975 1924 ea
996 1897 1107 1928 moveri,

319 1956 379 1983 qua:
393 1947 600 1975 eonsistentium
620 1947 645 1973 in
667 1946 756 1973 medio
770 1945 823 1971 vim
846 1944 1032 1977 rationemque
1051 1950 1108 1970 sor-

319 1996 440 2027 tiuntur;
456 2001 510 2028 quo
525 1993 605 2020 modo
621 1992 796 2024 circulorum,
813 1997 883 2026 quos
895 1995 966 2018 stare
981 1989 1106 2020 dicimus,

317 2042 399 2078 624
415 2041 557 2069 conversio
573 2041 687 2067 volvitur
696 2039 886 2074 ?—Equidem,
902 2037 1015 2072 inquit.)
1037 2036 1105 2063 Tum

318 2087 465 2122 inter-jectis
487 2087 650 2120 quihusdam
677 2087 713 2113 ita
730 2085 880 2120 subiungit
904 2094 912 2112 ;
930 2093 939 2109 ‹
960 2083 1106 2118 Pergamus

317 2142 391 2166 vero,
405 2134 501 2169 inquit,
518 2133 694 2167 eamdemque
713 2139 793 2166 porro
810 2130 946 2166 qumrendi
960 2130 1059 2164 pariter
1075 2137 1105 2156 ac

316 2180 494 2216 respondendi
530 2180 661 2206 rationem
702 2183 853 2205 teneamus.
885 2175 913 2203 Si
938 2182 995 2203 orta
1024 2175 1104 2202 simul

316 2227 416 2257 omnia,
434 2231 464 2253 ut
477 2226 592 2253 istorum
614 2225 736 2260 plerique
752 2231 910 2251 asseverare
930 2223 1038 2254 audent,
1058 2229 1105 2256 per

316 2281 375 2300 sese
389 2272 544 2304 constitere,
562 2279 641 2306 quem
655 2271 762 2297 tandem
779 2290 786 2301 .
799 2277 832 2297 cx
849 2270 882 2296 iis
895 2276 965 2304 quos
981 2273 1042 2295 ante
1057 2276 1104 2302 po-

316 2319 431 2349 suimus,
449 2317 595 2344 excitatum
619 2317 644 2343 in
665 2317 717 2343 illis
749 2324 809 2343 esse
829 2320 932 2342 molunt
950 2313 1103 2349 oportebit?

1160 1760 1281 1795 δύναμιν,
1296 1759 1384 1794 λὲγεις
1399 1759 1543 1796 (φήσομεν)
1559 1760 1587 1785 ἐν
1603 1759 1642 1785 ἐν).
1655 1759 1803 1792 κινεῖσθαι,
1821 1758 1952 1794 καθάπερ

1159 1808 1175 1841 ἡ
1193 1806 1245 1832 τῶν
1258 1806 1367 1832 ἑστάναι
1379 1805 1531 1841 λεγομένων
1548 1804 1654 1832 κύκλων
1672 1805 1817 1840 στρέφεται
1832 1813 1951 1840 περιφο-

1161 1850 1323 1887 ράς-Ναί.
1338 1860 1346 1876 ι
1361 1851 1415 1877 Καὶ
1428 1851 1490 1885 ἐξῆς
1506 1850 1625 1885 ἐπιλέγει
1636 1859 1642 1865 ·
1659 1860 1666 1875 ι
1682 1851 1741 1877 Ἔτι
1753 1851 1801 1877 καὶ
1813 1851 1876 1886 τῇδε
1890 1851 1950 1885 (25)

1158 1897 1288 1932 εἴπωμεν,
1303 1897 1349 1922 καὶ
1361 1895 1571 1932 ἀποκρινώμεθα
1585 1895 1664 1922 πάλιν
1678 1896 1743 1931 ἡμῖν
1760 1896 1889 1922 αὐτοῖσιν.
1915 1897 1950 1922 ΕΞ

1160 1943 1238 1978 σταίη
1254 1951 1312 1974 πως
1326 1942 1360 1968 τὰ
1375 1943 1463 1968 πάντα
1477 1941 1545 1977 ὁμοῦ
1560 1942 1692 1976 γενόμενα
1704 1962 1711 1973 ,
1729 1941 1855 1978 καθάπερ
1873 1942 1952 1968 πλεῖ-

1159 1996 1214 2014 στοι
1225 1987 1276 2015 τῶν
1287 1987 1413 2014 τοιούτων
1424 1987 1543 2022 τολμῶσι
1556 1987 1646 2021 λέγειν
1654 2008 1661 2019 ,
1676 1987 1735 2014 τινα.
1746 1988 1800 2024 ἄρα
1814 1989 1843 2014 ἐν
1855 1989 1951 2020 αὐτοῖς

1157 2034 1262 2070 ἀνάγκη
1285 2033 1394 2069 πρώτην
1416 2033 1521 2067 κίνησιν
1548 2033 1671 2066 γενέσθαι
1698 2033 1750 2060 τῶν
1774 2034 1950 2070 εἰρημένωις

1157 2079 1212 2115 Τὴν
1220 2080 1302 2115 αὐτὴν
1311 2079 1410 2115 ἑαυτὴν
1419 2079 1503 2114 δήπου
1515 2078 1651 2105 κινοῦσαν.
1665 2080 1724 2106 ’Υπ’
1734 2079 1812 2106 ἄλλου
1825 2080 1881 2115 (26)
1890 2080 1950 2116 γὰρ

1156 2125 1185 2152 οὑ
1202 2127 1305 2160 μήποτε
1321 2125 1476 2160 ἔμπροσθεν
1493 2125 1642 2160 μεταπέσῃ,
1661 2125 1795 2160 μηδεμιᾶς
1811 2125 1837 2159 γ’
1852 2125 1882 2151 ὲν
1896 2126 1951 2152 αὖ·

1155 2173 1210 2203 τοῖς
1225 2171 1307 2206 οὔσης
1321 2171 1473 2206 ἔμπροσθεν
1489 2171 1698 2206 μεταπτώσεως.
1719 2170 1819 2206 ’Λρχὴν
1835 2172 1889 2206 ἄρα
1901 2181 1949 2198 κι-

1155 2218 1257 2252 νήσεων
1269 2216 1363 2243 πατῶν
1373 2236 1379 2246 ,
1393 2217 1438 2243 καὶ
1453 2216 1574 2252 πρώτην,
1591 2217 1619 2243 ἓν
1632 2225 1661 2242 τε
1674 2216 1771 2243 ἑστῶσι
1783 2218 1948 2252 γενομένην,

1155 2264 1199 2289 καὶ
1210 2264 1238 2289 ἐν
1253 2263 1420 2297 κινουμένοις
1432 2261 1522 2293 οὖσαν,
1538 2263 1587 2298 τὴν
1599 2262 1697 2298 ἑαυτὴν
1708 2262 1846 2294 κινοῦσαν,
1861 2264 1950 2299 φήσο-

1155 2317 1204 2344 μεν
1214 2308 1369 2342 ἀναγκαίως
1380 2306 1448 2334 εἶναι
1463 2307 1663 2344 πρεσϐυτάτην,
1676 2308 1722 2334 καὶ
1735 2309 1884 2344 κρατίστην
1897 2319 1951 2344 με·

315 2364 382 2391 ιεὶιιιιι
397 2364 593 2398 videlicet,quo
606 2363 669 2397 quid
681 2370 710 2390 se
723 2363 811 2397 ipsutn
827 2365 942 2388 moveat.
963 2359 1017 2387 Nec
1027 2360 1098 2387 enim

1158 2353 1271 2380 ταϐολῶν
1282 2352 1375 2379 πασῶν
1384 2361 1390 2367 ⁸
1402 2352 1448 2387 τὴν
1461 2351 1489 2378 δὲ
1508 2351 1698 2388 ἀλλοιουμένην
1712 2352 1755 2386 ὑφ’
1767 2352 1863 2387 ἐτέρου
1873 2373 1880 2384 ,
1904 2362 1951 2380 κι-

316 2410 351 2437 ab
365 2410 418 2437 alio
434 2411 561 2444 quopiam
584 2418 615 2437 ea
640 2413 823 2440 tnutarentur,
849 2407 902 2434 nisi
920 2407 1008 2441 aliqua
1024 2407 1098 2440 prius

317 2457 343 2481 in
362 2456 394 2482 iis
412 2456 477 2490 ipsis
494 2456 608 2482 mutatio
631 2455 809 2490 contingeret.
836 2453 1000 2488 Principium
1019 2452 1099 2488 igitur

318 2501 380 2527 illud
396 2502 567 2535 primumque
584 2505 705 2526 motuum
719 2499 850 2530 omnium,
863 2497 909 2533 qui
924 2497 964 2524 vel
980 2497 1006 2523 in
1023 2498 1099 2532 quir-

316 2547 463 2578 seentibus,
481 2547 521 2572 vel
539 2547 564 2572 in
581 2546 614 2572 iis
625 2553 685 2579 qum
699 2549 854 2576 moventur,
870 2543 1013 2575 excitatur,
1035 2551 1096 2569 cum

351 2636 406 2669 (20)
428 2637 492 2670 Ἄγε
507 2635 561 2668 δή,
576 2641 628 2663 etc.
648 2636 735 2667 Plato,
754 2634 853 2670 Legum
867 2643 894 2667 Χ,
911 2641 972 2669 pag.
986 2633 1048 2670 667,
1066 2633 1097 2660 F.

350 2671 405 2706 (2'1)
426 2669 508 2697 om.
529 2670 608 2698 Forte
632 2671 725 2703 θεούς,
749 2669 871 2704 sequitur
896 2670 969 2697 enim
994 2669 1040 2694 ἐπί
1067 2677 1098 2702 γε

315 2706 450 2738 ἀπόδειξιν
466 2706 514 2739 τὴν
529 2705 627 2732 αὐτῶν.

350 2741 406 2774 (‘22)
432 2740 679 2773 Παρακεκλήσθω.
709 2740 764 2774 lta,
789 2740 811 2767 si
834 2739 893 2765 Οεόν
916 2739 1053 2773 legamus;
1074 2739 1097 2766 si

316 2775 401 2835 Osougo,
415 2774 694 2810 παρακεκλήσοωσαν.
717 2775 795 2810 Apud
810 2775 961 2805 Platonem,
977 2782 1098 2808 παρακε-

316 2811 384 2835 κΛήσ
402 2819 449 2835 ων.

316 2811 364 2836 κλή
369 2811 449 2836 σοων.

349 2819 583 2880 ῗὲἕςυῖὶῖχόμενοι
603 2844 645 2876 δέ,
664 2849 714 2871 etc.
731 2844 853 2875 Ficinus,
865 2845 1044 2880 rationemque
1055 2845 1097 2870 iu-

315 2881 475 2911 qrrdiamur,
491 2879 641 2906 rudentibus
657 2881 785 2908 tutissime
802 2881 889 2907 tensis.
904 2879 1008 2906 Judica.

1151 2399 1248 2425 νοῦσαν
1257 2399 1283 2425 δὲ
1294 2399 1385 2434 ἕτερα,
1396 2398 1533 2432 δευτέραν.
1550 2413 1584 2418 —-
1597 2398 1778 2433 ’Λληοέστατα
1790 2398 1891 2432 λέγεις.
1910 2415 1949 2420 --

1157 2444 1249 2470 Ὁπότε
1263 2444 1294 2479 δὴ
1311 2443 1398 2470 τοίνυν
1409 2443 1526 2470 ἐνταῦθά
1538 2444 1620 2478 ἐσμεν
1634 2443 1681 2469 τοῦ
1696 2443 1788 2477 λόγου,
1801 2444 1863 2470 τάδε
1876 2445 1934 2471 ἀπο
1947 2463 1950 2464 ν

1151 2489 1316 2526 κρινώμεθα.
1336 2506 1369 2509 —
1385 2489 1422 2516 Τὸ
1444 2491 1534 2521 ποῖον;
1551 2505 1584 2510 -
1609 2489 1671 2516 Ἐὰν
1694 2489 1794 2524 ἴδωμέν
1812 2499 1862 2516 που
1877 2492 1948 2516 ταύ-

1150 2543 1199 2569 την
1216 2533 1363 2568 γενομένην
1378 2535 1406 2560 ὲν
1420 2534 1459 2569 τῷ
1471 2534 1571 2569 γηΐνῳ,
1587 2534 1603 2569 ἢ
1623 2533 1740 2569 ἐνύδρῳ,
1756 2534 1772 2569 ἣ
1791 2535 1947 2570 «0.0052522,

1188 2634 1242 2667 (“24)
1263 2635 1397 2660 Φαίνεται
1416 2635 1489 2661 κατὰ
1506 2635 1584 2661 τάδε.
1614 2634 1682 2661 llinc
1703 2635 1841 2661 emendari
1865 2634 1950 2661 Plato

1152 2670 1254 2705 possit.
1275 2670 1345 2703 apud
1359 2677 1440 2703 quem
1456 2670 1551 2696 vitiose
1573 2670 1688 2703 legitur,
1706 2670 1842 2703 φαίνεται.
1863 2668 1948 2705 Κᾷτα

1151 2704 1178 2730 δὲ
1189 2724 1196 2735 ,
1212 2701 1234 2730 ὥ
1251 2701 1325 2736 gela,
1343 2701 1395 2731 ere.

1187 2739 1242 2774 (‘25)
1264 2740 1324 2765 Ἔτι
1340 2739 1387 2765 καὶ
1404 2738 1484 2773 τῇδε.
1506 2738 1592 2769 Plato,
1608 2739 1673 2766 ibid.
1690 2747 1718 2774 p.
1733 2738 1797 2772 668,
1815 2738 1847 2772 D,
1869 2740 1949 2766 unde

1152 2774 1318 2808 sumpsimus
1335 2774 1394 2800 Ἔτι
1411 2782 1460 2809 pro
1468 2774 1544 2800 Ἐπεί
1558 2775 1631 2808 quod
1646 2780 1709 2800 ante
1726 2774 1882 2808 legebatur;
1899 2783 1950 2801 se-

1151 2809 1262 2843 quentia
1279 2809 1325 2835 καὶ
1341 2809 1404 2844 τῇδε
1422 2809 1541 2842 retinui,
1567 2810 1629 2836 licet
1642 2809 1714 2843 apud
1730 2809 1871 2836 Platonem
1893 2810 1948 2835 ha-

1153 2844 1257 2875 beatur,
1273 2844 1304 2879 δὴ
1319 2844 1365 2870 καὶ
1376 2844 1444 2870 τόδε.

1188 2879 1242 2914 (ﬂii)
1254 2878 1373 2905 Ἂλλου.
1387 2879 1432 2906 Sie
1446 2879 1529 2911 Plato,
1540 2886 1594 2906 non
1609 2878 1702 2913 ἄλλης,
1712 2883 1742 2905 ut
1756 2879 1832 2913 prior
1844 2879 1946 2907 editio.
