2078 3207
152 196 222 224 1057

763 195 921 225 ΡΒιΕΡΑΒ.
943 195 1067 224 EVANG.
1089 195 1153 224 LIB.
1173 195 1231 225 XII.

1705 200 1773 228 1038

150 257 359 293 κεχωρισμένῳ,
380 258 397 293 ἢ
416 258 467 285 καὶ
482 258 628 294 ξυμμιγεί,
649 258 675 285 τί
690 266 754 285 ποτε
769 258 891 294 φήσομεν
907 258 931 284 ἐν

988 256 1098 290 inquam
1114 259 1229 290 motum,
1254 256 1301 291 qui
1324 264 1372 292 per
1392 265 1421 285 se
1441 257 1527 292 ipsum
1543 258 1667 290 exsistit.
1683 264 1768 287 muta-

149 302 190 338 τῷ
204 303 316 338 τοιούτῳ
332 303 418 335 πάθος
439 305 553 337 ὲνεῖναις
567 316 603 325 ~—-
615 303 681 330 Μῶν
697 304 750 339 ἄρα
765 312 798 339 με
819 304 936 340 ἐρωτᾷςι

149 349 174 375 εἰ
188 348 238 384 ζῇν
255 349 321 375 αὐτὸ
334 349 522 385 προσεροῦμεν
534 370 543 382 ,
563 350 626 376 ὃταν
640 349 705 376 αὐτὸ
721 350 787 376 αὐτὸ
804 350 864 384 κινῇ
877 358 885 380 ς
902 365 936 369 ——

149 394 218 425 Ναί,
234 394 292 429 ζῇνο
305 393 364 427 πῶς
378 394 433 430 γὰρ
455 394 486 421 οὗ
497 394 585 426 ;-Τι
595 394 640 426 δέ;
654 395 717 421 ὅταν
728 394 816 430 ψυχὴν
826 394 853 420 ἓν
866 403 936 421 τισιν

148 439 272 474 ὁρῶμεν,
288 439 346 474 μῶν
355 439 418 466 ἄλλο
430 439 484 474 (27)
501 440 517 475 ἢ
534 439 630 466 ταύτὸν
642 439 727 474 τούτῳ
740 439 788 475 ζῇν
804 439 935 475 ὁμολογη-

149 484 224 516 τέον;
237 500 271 504 -
282 485 338 511 Οὐκ
352 484 529 520 ἄλλαι-Ἔχε
547 485 589 521 δὴ,
607 486 673 521 πρὸς
690 486 760 517 Διδς⁶
778 484 821 522 ἆρ’
836 486 885 512 οὑκ
902 486 934 512 ἂν

149 529 250 560 ἐθέλοις
265 530 328 565 περὶ
341 530 454 556 ’ἕκαστον
470 530 532 566 τρῖα
548 531 634 565 νοεῐνξ;
649 547 681 551 -—
696 531 760 568 (Πῶς
782 531 884 566 λέγεις;
901 548 935 552 -

151 574 200 600 Ἓν
216 574 265 610 μὲν
282 574 331 610 τὴν
344 574 453 606 οὐσίαν,
476 575 505 601 ἓν
519 575 546 602 δὲ
559 576 609 611 τῆς
625 575 716 607 οὐσίας
732 576 777 602 τὸν
793 577 871 611 λόγον
882 596 888 608 ,
905 578 934 603 ἓν

147 619 177 646 δὲ
191 620 222 646 τὺ
235 620 336 655 ὄνομα·
357 621 402 647 καὶ
414 621 445 657 δὴ
463 622 508 647 καὶ
524 622 672 657 ἐρωτήσεις
693 622 761 650 εἶναι
779 624 843 658 περὶ
861 624 891 650 τὸ
905 624 934 650 ὃν

150 665 238 698 am,
255 665 309 692 δύο.
322 666 428 698 -Πῶς
445 667 504 699 δύο;
527 682 562 687 —
582 668 647 694 Τοτὲ
663 668 711 703 μὲν
726 669 803 704 ἡμῶν
820 670 933 696 ἕκαστον

147 711 267 747 τοῦνομα
281 713 486 748 προτεινόμενον
498 713 562 740 αὐτὸ
574 713 618 740 τὸν
630 714 707 748 λόγον
722 715 859 747 ἀπαιτεῖν,
873 716 933 742 τοτὲ

147 758 176 784 δὲ
188 758 233 784 τὸν
246 758 322 792 λόγον
336 759 416 785 αὑτὸν
427 760 632 794 προτεινόμενον
644 761 748 796 ἐρωτᾷν
760 759 792 787 αὖ
805 761 931 796 τοῦνομα.

148 801 184 829 ’Δ
189 804 223 838 ρά
231 811 263 837 γε
271 803 300 830 τὸ
307 804 401 830 τοιόνδ’
414 802 446 831 αὖ
458 805 607 840 βουλόμεθα
617 806 663 832 νῦν
671 806 758 840 λέγειν
767 816 773 839 ;
782 823 816 826 -
827 807 863 833 Τὸ
872 808 932 833 ποῖ-

147 857 178 876 ον
190 857 197 882 ;
211 866 244 870 —
257 850 333 876 Ἐστι
344 859 394 876 που
407 850 468 886 δίχα
481 851 666 886 διαιρούμενον
677 853 715 883 εἰς
726 853 770 879 ἴσα
783 853 852 888 μέρη
867 853 931 887 (28),

148 896 177 921 ἐν
193 895 295 922 ἄλλοισί
312 905 340 922 τε
358 897 405 923 καὶ
421 898 449 923 ἐν
465 897 582 932 ἀριθμῷ.
598 897 691 933 Τούτῳ
703 899 733 933 δὴ
749 898 787 933 τῷ
800 900 859 925 κατ’
873 900 933 934 ἀρι-

148 942 216 976 θμὸν
230 942 313 976 ὄνομα
326 943 374 978 μὲν
386 943 476 979 ἄρτιον
487 953 492 959 ·
504 943 580 978 λόγος
589 944 616 971 δὲ
628 944 741 979 ἀριθμὸς
750 945 933 980 διαιρούμενος

148 987 189 1018 εἰς
201 986 245 1013 ἴσα
258 987 327 1022 μέρη
339 987 393 1014 δύο.
407 1003 440 1008 ——-
451 989 513 1015 Ναί.
527 1005 560 1009 —
571 990 606 1016 Τὸ
616 990 733 1016 τοιοῦτον
746 991 853 1025 φράζω·
876 991 932 1026 μῶν

147 1029 194 1057 οὖν
203 1031 232 1057 οὺ
240 1031 334 1058 ταύτὸν
342 1032 478 1067 ἑκατέρως
487 1034 733 1069 προσαγορεύομεν,
742 1036 788 1061 ἐὰν
797 1044 836 1068 τε,
844 1036 887 1061 τὸν
895 1037 935 1063 λὸ-

148 1085 196 1111 γον
204 1077 384 1113 ἐρωτώμενοι,
395 1078 511 1114 τοῦνομα
522 1080 700 1115 ἀποδιδῶμεν,
713 1081 759 1108 ἐάν
767 1090 795 1107 τε
806 1080 932 1117 τοῦνομα,

147 1122 193 1149 τὸν
204 1123 290 1157 λόγον,
305 1123 396 1159 ἄρτιον
407 1124 515 1160 ὀνόματι
527 1125 581 1160 (29)
593 1126 640 1152 καὶ
650 1125 720 1160 λόγῳ
730 1146 736 1157 ,
750 1126 810 1161 δίχα
819 1126 935 1162 διαιρού-

149 1175 230 1202 μενον
243 1168 357 1203 ἀριθμὸν
369 1170 624 1205 προσαγορεύοντες,
633 1171 728 1198 ταύτὸν
738 1171 766 1198 ὗν
775 1172 933 1203 ς-Ιῖαντά-

148 1221 216 1239 πασι
227 1213 275 1248 μὲν
285 1211 340 1240 οὖν.
351 1211 420 1249 -ᾮ
433 1214 464 1250 δὴ
472 1215 544 1250 ψυχὴ
553 1215 680 1251 τοῦνομα,
691 1215 732 1247 τίς
739 1216 831 1242 τούτου
840 1216 916 1250 λόγος
926 1225 932 1248 ;

150 1258 271 1293 Ἔχομεν
283 1259 374 1290 ἄλλον,
393 1260 462 1295 πλὴν
479 1261 522 1286 τὸν
540 1261 585 1287 νῦν
602 1261 633 1297 δὴ
653 1262 778 1297 ρηθέντα.
793 1262 841 1297 τὴν
855 1263 934 1289 δυνα-

149 1303 235 1339 μένην
250 1305 333 1340 αὐτὴν
346 1306 442 1341 ἑαυτὴν
461 1308 544 1333 κινεῖν
564 1308 668 1342 κίνησιν
681 1317 687 1339 ;
704 1308 740 1334 Τὸ
751 1308 830 1334 ἑαυτὸ
850 1311 933 1334 κινεῖν

148 1350 202 1385 φῄς
213 1350 290 1384 λόγον
302 1351 372 1386 ἔχειν
386 1351 434 1387 τὴν
450 1353 533 1387 αὐτὴν
553 1354 656 1385 οὐσίαν,
719 1354 786 1389 πρὸς
803 1354 931 1390 τοῦνομα.

147 1395 162 1421 ὃ
178 1395 210 1431 δὴ
227 1396 322 1428 πάντες
334 1397 421 1433 ψυχὴν
433 1399 670 1434 προσαγορεύομεν
681 1399 798 1435 ;-Φη.μί
813 1408 856 1434 γε.
867 1401 932 1426 -Εἱ

147 1440 170 1466 ὂ⁴
184 1441 243 1467 ἐστὶ
262 1441 339 1468 τοῦτο
348 1442 432 1474 οὕτως
444 1443 513 1478 ἔχον,
529 1442 572 1479 ἀρ’
587 1445 626 1471 ἔτι
636 1445 768 1481 ποθοῦμεν
784 1446 820 1482 μὴ
835 1447 932 1479 ἱκανῶς

147 1486 282 1522 δεδεῖχθαι
293 1487 382 1524 ψυχὴν
394 1489 489 1515 ταύτὸν
503 1490 542 1520 ὃν,
563 1491 609 1517 καὶ
625 1491 675 1526 τὴν
690 1491 799 1526 πρώτην
816 1492 931 1527 κίνησιν,

148 1532 198 1558 καὶ
210 1533 316 1566 γένεσιν
330 1534 384 1560 τῶν
395 1543 423 1561 τε
438 1535 532 1567 ὄντων,
545 1537 590 1562 καὶ
605 1538 763 1571 γεγονότων,
778 1540 822 1565 καὶ
838 1539 932 1573 ἐσομέ-

147 1587 213 1610 νων,
230 1579 276 1606 καὶ
286 1579 393 1607 πάντων
406 1578 438 1607 αὖ
450 1581 502 1607 τῶν
519 1582 646 1608 ἐναντίων
660 1583 779 1615 τούτοιςς
791 1585 883 1620 ἐπειδή
900 1594 931 1620 γε

147 1625 271 1660 ἀνεφάνη
292 1627 441 1662 μεταϐολῆς
462 1636 491 1654 τε
513 1629 559 1654 καλ⁵
576 1630 706 1664 κινήσεως
727 1631 834 1666 ἁπάσης
859 1632 931 1658 αἰτία

148 1671 261 1699 ἅπασιν.
274 1686 308 1691 —
321 1671 386 1700 Οὗκ.
401 1687 434 1692 —
455 1673 532 1700 Ἀλλὰ
550 1674 699 1701 ἱκανώτατα
715 1676 846 1703 δέδεικται
860 1677 931 1712 ψυχὴ

145 1717 203 1744 τῶν
211 1717 318 1745 πάντων
326 1719 510 1756 πρεσϐυτάτη,
518 1721 651 1756 γενομένη
665 1730 694 1747 τε
703 1722 773 1757 ἀρχὴ
787 1724 929 1758 κινήσεως.

146 1761 212 1798 ⁷Λρ’
227 1761 273 1791 οὖν
289 1765 338 1800 οὐχ
350 1765 367 1800 ἡ
380 1765 412 1791 δι’
433 1765 524 1802 ἕτερον
548 1767 576 1793 ἐν
590 1767 660 1802 ἄλλῳ
674 1767 802 1803 γινομένη
817 1768 930 1803 κίνησις,

147 1809 215 1835 αὐτὸ
227 1809 255 1836 δὲ
268 1810 297 1836 ὲν
313 1810 386 1846 αὐτῷ
404 1811 536 1846 μηδέποτε
558 1812 714 1848 παρέχουσα
735 1814 865 1840 κινεῖσθαι
882 1823 932 1850 μη-

145 1853 202 1886 δὲν,
218 1853 330 1891 δευτέρα
342 1864 382 1888 τε,
395 1856 441 1882 καὶ
451 1857 556 1883 ὁπόσων
573 1858 695 1893 ἀριθμῶν
707 1858 825 1893 βούλοιτο
840 1859 872 1887 ἄν
891 1868 932 1892 τις

145 1899 273 1935 ἀριθμεῖν
285 1901 369 1937 αὐτὴν
380 1902 537 1938 πολλοστὴν,
555 1904 697 1935 τοσούτων,
721 1905 845 1941 σώματος
865 1905 931 1933 οὖσα

145 1945 232 1978 ὅντως
246 1946 348 1983 ἀψύχου
368 1949 518 1985 μεταϐολή;
543 1965 567 1969 -
587 1950 698 1983 Ὀρθῶς.
711 1951 852 1987 -Ὀρθῶς
868 1954 930 1988 ἄρα,

145 1991 196 2018 καὶ
212 1991 322 2028 κυρίως,
333 1993 503 2029 ἀληθέστατά
517 2004 557 2025 τε,
572 1996 618 2022 καὶ
629 1996 781 2023 τελεώτατα
792 1999 931 2033 εἰρηκότες

145 2036 182 2063 ἄν
197 2037 293 2073 εἴημεν
307 2038 394 2074 ψυχὴν
411 2040 459 2074 μὲν
479 2040 614 2076 προτέραν
631 2042 771 2075 γεγονέναι
794 2043 930 2078 σώματος,

145 2085 162 2120 ἢ
177 2084 236 2120 μή;
259 2084 336 2119 σῶμα
354 2084 381 2111 δὲ
399 2085 522 2121 δεύτερόν
541 2095 570 2113 τε
589 2087 635 2114 καὶ
653 2087 764 2123 ὕστερον
779 2088 867 2124 ψυχῆς
886 2091 932 2125 ἁρ-

144 2130 247 2166 χούσης
262 2130 411 2166 ἀρχόμενον
428 2131 497 2158 κατὰ
513 2132 606 2166 edem;
624 2148 658 2152 —
678 2133 857 2169 Ἀληθὲστατα
882 2136 931 2170 μὲν

143 2174 204 2203 οὗν.
223 2190 257 2195 —
272 2176 442 2211 Μεμνήμεθά
464 2185 495 2210 γε
507 2178 570 2215 ¹μὴν
592 2178 807 2214 ὁμολογήσαντες
826 2181 854 2207 ἐν
875 2182 931 2212 τοῖς

144 2222 280 2258 πρόσθεν,
303 2223 377 2262 ὡςνεί
399 2224 470 2259 ψυχὴ
490 2224 586 2260 φανείη
613 2225 784 2262 πρεσϐυτέρα
807 2226 931 2262 σώματος

142 2268 224 2300 οὖσα,
242 2270 288 2296 καὶ
299 2270 332 2296 τὰ
343 2261 429 2304 dum;
440 2269 493 2295 τῶν
507 2269 554 2296 τοῦ
573 2269 696 2305 σώματος
708 2271 793 2298 ἔσοιτο
809 2272 928 2307 πρεσϐύ-

142 2323 230 2350 τερα;
245 2314 362 2341 -Πάνυ
382 2316 430 2349 μὲν
451 2313 506 2342 οὖν.
523 2331 557 2335 ———
572 2315 673 2351 Τρὸποι
693 2317 721 2343 δὲ
731 2317 777 2343 καὶ
796 2317 859 2351 ἢθη,
885 2319 930 2344 καὶ

144 2360 296 2396 βουλήσεις,
313 2361 359 2387 καὶ
380 2360 512 2396 λογισμοὶ,
539 2361 585 2387 καὶ
606 2361 679 2393 δόξαι
695 2362 813 2398 ἀληθεῖς,
836 2363 930 2398 ἐπιμέ-

142 2406 217 2433 λειαί
228 2415 256 2432 τε
271 2406 317 2432 καὶ
335 2407 455 2441 μνῆμαι,
471 2407 590 2441 πρότερα
609 2409 711 2442 μήκους
735 2409 866 2443 σωμάτων
882 2409 929 2435 καὶ

145 2451 274 2483 πλάτους,
287 2452 333 2478 καὶ
350 2451 456 2486 βάθους,
471 2453 515 2478 καὶ
528 2451 625 2487 ῥώμης
636 2452 676 2487 εἴη
688 2454 816 2486 γεγονότα
834 2454 877 2484 ἂν,
893 2455 929 2480 εἴ·

142 2505 200 2532 περ
208 2497 254 2523 καὶ
266 2497 338 2533 ψυχὴ
347 2497 517 2533 σώματος.-
525 2497 752 2534 Ἀνάγκη-Ἀρ
766 2497 811 2525 οὖν
822 2499 851 2525 τὸ
861 2500 930 2534 μετὰ

139 2542 218 2569 τοῦθ’
227 2543 365 2578 ὁμολογεῖν
383 2544 540 2577 ἀναγκαῖον,
553 2543 606 2569 τῶν
620 2552 648 2569 τε
664 2544 774 2578 ἀγαθῶν
788 2545 875 2571 αἰτίαν
893 2543 930 2570 εἴ-

141 2597 189 2615 ναι
204 2589 292 2624 ψυχὴν
312 2590 357 2616 καὶ
370 2589 422 2616 τῶν
438 2590 538 2621 κακῶν,
554 2590 599 2616 καὶ
621 2590 710 2616 καλῶν
738 2591 783 2616 καὶ
796 2591 926 2626 αἰσχρῶν,

180 2667 238 2702 (27)
257 2667 327 2694 Μῶν
340 2668 433 2697 ἄλλο.
449 2674 499 2695 etc.
516 2668 640 2698 Ficinvts.
660 2668 730 2694 Num
755 2669 785 2694 ob
801 2669 874 2695 aliud
890 2671 926 2696 vi-

141 2710 203 2730 vere
220 2704 315 2736 ipsum,
327 2711 405 2737 quam
422 2704 452 2729 ub
465 2705 512 2730 hoc
526 2704 676 2737 putabimus
688 2705 700 2731 ?
714 2703 751 2730 0b
767 2704 814 2730 hoc
830 2705 925 2736 ipsum.

141 2737 222 2776 Legit
238 2737 306 2776 forte
319 2738 348 2763 ἐν
362 2747 425 2776 τινι,
437 2748 505 2776 non
518 2739 546 2765 ἕν
560 2743 665 2776 πασῃ-οι
676 2738 762 2776 τούτῳ
777 2748 824 2776 pro
841 2739 925 2776 ταύτῃ

140 2774 176 2808 τῇ
186 2771 265 2808 illum
280 2773 406 2807 sumpsit.
429 2774 463 2800 At
478 2773 553 2801 Plato
568 2773 686 2800 nondum
702 2773 727 2800 id
742 2771 806 2808 agit.
824 2779 852 2800 ut
867 2771 924 2800 eoi-'5

141 2815 196 2848 pus
207 2809 302 2835 animo
313 2808 403 2848 vivere
415 2809 549 2848 ostendat,
565 2808 619 2848 sed
629 2812 743 2848 tantum.
763 2810 792 2834 u't
804 2809 924 2848 animnm

142 2843 232 2880 ipsum
246 2850 293 2880 per
308 2850 368 2870 sese
378 2843 469 2871 vivere
484 2844 589 2871 doceat.
601 2843 679 2870 Forte
689 2843 767 2869 τοῦτο
782 2851 830 2878 pro
840 2843 926 2880 τούτῳ

142 2877 242 2904 melius
258 2878 400 2909 legeretur.

179 2912 235 2947 (28)
255 2913 307 2945 Εἰς
322 2912 375 2939 (cru
391 2912 474 2947 μέρη.
491 2912 553 2940 ιιιεε
569 2912 645 2940 Plato
659 2921 712 2941 non
731 2913 819 2941 habet.

952 938 971 966 ll

946 1608 965 1635 C

946 2278 967 2304 ἰ)

989 302 1093 329 tionum
1107 302 1240 330 omnium
1255 306 1285 330 ut
1297 303 1515 338 antiquissimam
1526 326 1533 337 ,
1552 305 1586 331 itu
1601 305 1771 339 potissimam

989 355 1021 375 ac
1033 347 1283 382 praestantissumam
1297 349 1420 376 dicamus
1434 357 1543 377 necesse
1559 356 1614 382 est;
1640 352 1686 386 qui
1708 360 1773 378 vero

988 394 1157 421 extrinsecus
1172 394 1315 426 inferatur.
1331 395 1437 430 aliaque
1451 401 1567 429 moveat,
1580 397 1700 425 secundo
1713 398 1774 425 loco

990 440 1194 468 numerandam.
1207 457 1241 460 —
1254 440 1311 468 Non
1328 442 1437 476 potuisti
1453 442 1690 474 verius.—Nuuc.
1703 451 1774 478 quo-

988 485 1060 512 niam
1077 486 1129 512 huc
1144 494 1228 520 usque
1243 487 1413 520 devenimus,
1437 496 1485 523 age
1501 488 1551 516 hoc
1561 489 1641 516 etiam
1658 497 1772 524 respou-

989 531 1147 558 deainus.——
1161 531 1230 564 Quid
1246 533 1352 560 tandem
1362 534 1408 560 ?—
1423 534 1451 561 Si
1463 535 1572 569 quando
1583 541 1684 562 motum
1696 536 1771 563 illum

988 577 1147 612 principem,
1172 578 1198 604 in
1223 586 1251 605 re
1273 579 1362 614 aliqua
1378 580 1418 607 vel
1437 581 1568 612 terrestri,
1588 581 1627 608 vel
1648 582 1771 616 aquatili,

988 624 1027 649 vel
1045 624 1133 658 ignea,
1147 632 1193 652 seu
1208 625 1321 659 simplex
1336 626 1390 657 illa,
1404 635 1451 652 seu
1469 627 1546 653 mista
1568 627 1658 657 fuerit.
1684 628 1772 655 inesse

987 669 1137 701 videmnus,
1162 671 1388 704 quemadmodum
1402 673 1523 699 adiectam
1540 673 1611 700 illam
1627 682 1687 701 esse
1699 674 1772 702 dice-

987 723 1048 742 mus
1056 715 1239 750 ?—-Rogasne,
1249 721 1338 744 utrum
1351 725 1409 744 eam
1426 726 1485 752 qua:
1501 726 1530 745 se
1545 719 1628 753 ipsam
1643 720 1770 751 mnvebit,

986 761 1077 788 vivere
1093 763 1264 789 statuamus?
1277 777 1308 782 —
1325 763 1373 794 Ita,
1387 764 1486 791 vivere.
1507 764 1575 797 Quid
1590 766 1662 792 enim
1678 767 1772 794 aliud?

986 807 1114 834 Animum
1139 815 1202 835 vero
1225 809 1247 836 si
1272 810 1388 842 cuipiam
1407 810 1495 837 inesse
1514 810 1677 844 viderimus,
1705 819 1770 838 num

986 854 1058 880 aliud
1073 855 1118 889 qui
1132 857 1137 880 l
1152 855 1250 889 ipsum.
1269 863 1349 890 quam
1368 857 1418 883 hoc
1440 857 1520 887 idem,
1536 857 1635 888 vivere.
1649 857 1768 892 inquam,

986 900 1125 928 dicemus?
1138 916 1172 921 —-
1186 902 1263 928 Aliud
1288 903 1401 929 nihil.—
1413 903 1526 930 Attende
1547 911 1593 938 per
1606 903 1708 934 Jovem.
1724 913 1770 932 so—

1079 955 1167 974 anmn
1191 948 1272 974 rebus
1294 949 1319 974 in
1347 949 1461 983 singulis
1487 949 1537 975 tria
1561 949 1668 983 quidem
1686 957 1770 984 agno-

988 993 1058 1019 scis?
1069 1008 1101 1013 —
1113 993 1194 1026 Qum?
1206 1009 1241 1013 —
1251 994 1383 1026 Primum,
1403 995 1563 1028 essentiam;
1583 995 1707 1027 alterum,
1724 1003 1769 1023 es-

986 1039 1079 1065 sentia:
1102 1039 1250 1072 rationem;
1271 1040 1377 1067 tertium
1394 1041 1523 1075 denique,
1537 1049 1635 1068 nomen
1659 1042 1767 1077 ipsum;

986 1084 1092 1118 duoque
1112 1090 1240 1119 praeterea
1263 1085 1296 1112 de
1318 1086 1432 1119 singulis
1448 1087 1532 1121 quaeri
1552 1094 1640 1121 posse.
1656 1102 1690 1106 —
1703 1086 1769 1120 Quae

984 1129 1058 1156 duo?
1071 1145 1104 1149 —
1121 1130 1240 1157 Alterum
1256 1132 1376 1166 quidem,
1390 1132 1454 1159 dum
1465 1133 1574 1160 nomine
1597 1133 1655 1167 ipso
1667 1141 1766 1168 propo-

984 1176 1047 1206 sito.
1068 1176 1200 1203 rationem
1216 1178 1363 1212 quaerimus
1377 1187 1385 1211 ;
1409 1178 1522 1205 alterunt
1538 1186 1599 1205 vero
1610 1198 1617 1210 ,
1642 1178 1706 1206 dum
1723 1187 1768 1206 ra-

985 1223 1057 1249 tione
1073 1223 1214 1256 producta.
1235 1231 1332 1251 nomen
1369 1232 1506 1259 rogamus.
1536 1223 1604 1251 Ntun
1627 1232 1691 1252 vero
1715 1225 1767 1252 tale

985 1268 1047 1302 quid
1061 1269 1148 1303 placet
1159 1269 1239 1296 etiam
1253 1269 1278 1296 in
1293 1271 1434 1304 praesentia
1449 1270 1537 1297 dicere
1546 1270 1725 1316 ?.—Quidnam
1735 1271 1768 1298 il-

986 1314 1028 1340 lud
1039 1314 1074 1339 ?—
1088 1313 1133 1340 Est
1147 1314 1274 1342 nimirum
1291 1315 1316 1342 in
1331 1315 1436 1343 caeteris
1447 1313 1626 1351 aliquidftuui
1642 1316 1723 1344 etiam
1739 1316 1766 1344 in

984 1367 1106 1391 numero,
1133 1360 1205 1394 quod
1230 1361 1256 1387 in
1275 1366 1363 1395 partes
1385 1362 1502 1396 :equales
1528 1362 1663 1389 dividatur
1687 1362 1765 1391 duas.

984 1404 1015 1432 Et
1030 1406 1057 1432 in
1070 1414 1184 1434 numero
1199 1408 1307 1442 quidem
1324 1408 1383 1442 ejus
1397 1409 1504 1442 generis
1518 1416 1614 1436 nomen
1628 1413 1679 1440 est.
1697 1417 1765 1443 par;

984 1453 1052 1479 ratio
1066 1460 1140 1485 vero,
1160 1460 1290 1480 numerus
1305 1455 1371 1489 ipse,
1387 1455 1432 1489 qui
1447 1456 1515 1482 duas
1530 1455 1555 1481 in
1572 1459 1662 1490 partes
1677 1463 1767 1490 xequa-

984 1498 1022 1526 les
1036 1498 1182 1525 dividatur.
1197 1514 1231 1518 —
1245 1499 1292 1526 Sic
1316 1504 1368 1527 esl.
1386 1515 1417 1520 -
1432 1499 1489 1535 Ego
1513 1508 1577 1528 vero
1598 1501 1686 1528 simile
1702 1502 1766 1536 quid

983 1543 1053 1570 dico.
1075 1542 1201 1578 Nunquid
1227 1551 1283 1570 rem
1297 1544 1418 1571 eamdem
1435 1549 1550 1579 utroque
1564 1545 1643 1571 modo
1660 1544 1765 1579 signiti-

984 1596 1089 1622 eamus,
1105 1597 1153 1616 seu
1166 1591 1229 1616 dum
1244 1590 1312 1617 ratio
1329 1590 1469 1624 quaeritur,
1487 1598 1585 1618 nomen
1602 1590 1766 1625 respondea-

983 1643 1060 1667 mus,
1078 1644 1125 1663 seu
1139 1636 1204 1663 dum
1220 1644 1316 1663 nomen
1327 1657 1334 1669 ,
1357 1637 1509 1664 rationem?
1530 1637 1567 1664 ita
1583 1643 1627 1668 ut.
1646 1641 1700 1664 tam
1719 1645 1767 1664 nn-

982 1682 1065 1713 mine,
1080 1690 1161 1717 quam
1175 1682 1290 1714 ratione,
1306 1690 1398 1717 parem
1420 1691 1505 1710 unum
1520 1683 1697 1718 eumdemque
1713 1691 1766 1709 nu-

984 1735 1088 1755 merum
1111 1728 1235 1755 bifariam
1251 1729 1379 1761 divisum,
1409 1730 1591 1764 appellemus?
1603 1745 1638 1749 —
1651 1729 1766 1757 Prorsus

982 1774 1116 1801 eamdem.
1131 1789 1166 1794 —
1182 1773 1248 1808 Ejus
1274 1778 1364 1802 autem
1387 1776 1444 1806 rei.
1461 1775 1504 1802 cui
1528 1783 1624 1802 nomen
1648 1775 1765 1808 animus,

982 1828 1042 1854 quae
1056 1820 1162 1847 tandem
1175 1821 1246 1848 ratio
1271 1822 1331 1849 est?
1344 1822 1425 1857 625
1438 1822 1561 1849 Alianine
1584 1822 1702 1857 aliquam
1718 1822 1767 1849 ha-

983 1866 1076 1893 bemus
1100 1874 1181 1901 quam
1197 1875 1257 1894 eam
1269 1887 1277 1899 ,
1292 1875 1344 1903 qua
1359 1869 1392 1895 de
1405 1868 1485 1903 paulo
1499 1873 1560 1895 ante
1570 1887 1578 1900 ,
1593 1873 1706 1901 motum,
1723 1868 1767 1895 iti-

983 1920 1074 1947 quam,
1088 1907 1172 1943 illum,
1187 1913 1288 1948 quiper
1303 1922 1332 1941 se
1345 1914 1432 1948 ipsum
1445 1914 1576 1941 exsistat?
1591 1913 1650 1941 Vin‘
1663 1919 1692 1941 tu
1705 1914 1766 1948 ejus

983 1965 1094 1991 natura,
1123 1966 1205 1993 quam
1231 1959 1314 1986 animi
1338 1960 1447 1987 nomine
1469 1968 1563 1988 omnes
1588 1960 1764 1995 appellamus.

983 2005 1118 2040 propriam
1136 2005 1207 2032 hanc
1229 2005 1360 2032 rationem
1376 2014 1447 2039 esse,
1465 2007 1537 2041 quod
1557 2014 1587 2034 se
1608 2006 1693 2041 ipsam
1707 2015 1765 2033 mo-

983 2051 1173 2083 veam—Volo,
1184 2051 1426 2079 enimvero—Hoc
1440 2057 1529 2079 autem
1546 2053 1570 2079 si
1585 2052 1621 2079 ita
1636 2057 1687 2085 est,
1701 2059 1764 2079 num

982 2097 1082 2131 aliquid
1097 2102 1225 2132 prmterea
1240 2097 1436 2129 desideramus,
1446 2098 1524 2132 quasi
1539 2098 1626 2125 minus
1639 2098 1763 2125 ellectuin

982 2145 1071 2171 adhuc
1099 2145 1297 2180 probatumque
1313 2144 1404 2177 fuerit.
1429 2146 1548 2172 animum
1566 2146 1634 2173 idem
1657 2153 1718 2173 esse
1733 2153 1765 2172 ac

982 2192 1096 2225 primam
1110 2191 1311 2226 generationem
1329 2195 1486 2226 motumque
1503 2199 1603 2221 rerum.
1619 2200 1671 2218 non
1685 2192 1767 2219 modo

983 2244 1043 2270 qua:
1058 2237 1122 2269 sint,
1146 2245 1237 2264 verum
1252 2237 1332 2264 etiam
1347 2245 1407 2272 quae
1423 2238 1463 2264 vel
1477 2237 1587 2269 fuerint,
1613 2237 1654 2264 vel
1667 2235 1765 2265 ῐυιιιιιιι

981 2283 1052 2314 sint;
1077 2283 1194 2318 itemque
1211 2283 1410 2310 contrariarum
1426 2284 1478 2311 illis
1491 2285 1625 2316 omnium,
1641 2284 1765 2320 quando—

981 2329 1088 2363 quidem
1117 2329 1198 2357 semel
1226 2337 1285 2357 eam
1311 2330 1468 2358 mutationis
1493 2338 1525 2358 ac
1545 2335 1637 2359 motus
1663 2330 1763 2362 omnis,

981 2383 1109 2410 omnibus
1123 2390 1232 2411 causam
1250 2391 1311 2411 esse
1324 2384 1495 2412 constiterit?
1506 2399 1540 2406 -
1553 2383 1626 2412 Nihil
1639 2393 1715 2413 sane.
1729 2398 1766 2405 —

988 947 1035 972 des
1053 955 1058 972 :

981 2435 1037 2463 lmo
1058 2436 1177 2463 animum
1198 2442 1225 2464 et
1240 2445 1330 2465 rerum
1347 2438 1564 2473 antiquissimam
1580 2438 1720 2471 omnium,
1737 2443 1766 2466 et

981 2494 1070 2516 motus
1086 2490 1249 2525 principium
1265 2498 1336 2523 esse,
1362 2491 1428 2518 satis
1443 2497 1579 2526 superque
1592 2490 1763 2518 demonstra-

981 2547 1037 2569 tum
1049 2547 1100 2569 est.
1121 2541 1216 2570 Nonne
1227 2543 1308 2578 igitur
1324 2543 1473 2579 impressus
1488 2543 1566 2571 alteri
1582 2543 1692 2572 aliunde
1705 2550 1765 2571 mo~

980 2598 1033 2624 ius,
1045 2592 1147 2628 quique
1162 2601 1299 2628 nunquam
1313 2593 1418 2625 eﬂiciat,
1428 2598 1458 2621 ut
1472 2601 1501 2621 se
1514 2593 1603 2628 ipsum
1615 2593 1763 2629 quidquam

1015 2672 1069 2707 (‘29)
1084 2673 1197 2706 Ἄρτιον
1211 2673 1342 2707 ὀνόματι,
1354 2677 1404 2700 etc.
1422 2673 1532 2700 Fieinus
1547 2673 1625 2708 legit,
1639 2673 1760 2708 ὀνόματι,

979 2708 1024 2734 καὶ
1043 2707 1114 2742 λόγῳ
1135 2707 1196 2742 δίχα
1214 2708 1400 2742 διαιρούμενον
1413 2727 1420 2738 ,
1445 2713 1474 2734 ιιι
1498 2708 1590 2743 ἄρτιον
1610 2716 1672 2735 cum
1687 2707 1761 2736 rsolu

977 2742 1104 2777 ὀνόματι,
1129 2747 1156 2769 et
1182 2743 1368 2778 διαιρούμενον
1390 2751 1452 2778 cum
1475 2742 1546 2778 λόγῳ
1569 2743 1759 2778 conjttngatur.

979 2777 1033 2804 Nec
1050 2777 1173 2812 displicet
1184 2785 1215 2804 ea
1233 2778 1380 2805 distinctio.
1398 2777 1547 2813 Utramque
1563 2777 1652 2806 tamen
1665 2777 1762 2805 editio.

978 2819 1040 2839 nem
1054 2818 1248 2848 secutusAsupi,
1261 2813 1334 2847 quod
1351 2813 1377 2839 in
1392 2813 1510 2840 lectione
1521 2813 1609 2848 major
1622 2814 1758 2848 quaedam.

977 2852 1004 2874 et
1018 2847 1112 2884 qualis
1127 2855 1142 2874 a
1162 2844 1278 2884 Plaione'
1294 2848 1456 2882 postulatur,
1479 2844 1610 2884 ὀΜματῦς
1630 2844 1657 2876 et
1679 2844 1762 2884 λόγού

977 2882 1133 2917 conjunctio
1152 2882 1284 2909 videatur.
