2078 3207
322 203 333 227 1
338 200 388 227 039

651 193 785 224 EUSEBII
804 183 1044 221 Cz‘ESARlENSlS
1063 191 1137 219 OPP.
1156 190 1246 217 PARS
1264 190 1296 217 ll.
1317 206 1350 209 —
1363 189 1600 218 APOLOGETICA

1882 190 1943 218 ιθιο

322 264 438 290 inm-eat,
462 257 596 286 secundus
611 256 672 290 jnrc
689 255 820 282 habeatur
831 275 837 284 ,
861 258 942 288 atquc
957 253 1025 279 adeo
1039 259 1106 286 quo-

1160 251 1273 278 δικαίων
1292 259 1321 277 τε
1346 251 1393 277 καὶ
1410 251 1510 277 ἀδίκων
1521 271 1528 282 ,
1545 250 1593 277 καὶ
1616 250 1724 276 πάντων
1736 249 1788 276 τῶν
1809 250 1942 280 εναντὶων,

322 313 365 334 tus
379 307 476 341 cuique
498 305 538 331 vel
561 302 720 338 longissime
742 301 912 328 numerando
927 300 1109 335 progredienti

322 353 460 387 placuerit.
472 359 534 379 cum
546 349 662 376 inanimi
676 348 798 381 corporis
812 355 874 374 vere
890 347 1004 373 mutatio
1016 346 1052 373 sit
1064 346 1111 372 ἵ·-

320 400 384 426 Jure
398 397 529 434 proiecto.
539 395 665 422 —Bccte
677 395 759 430 igitur
770 402 800 421 ac
818 394 935 429 proprie,
951 393 1006 420 itno
1022 393 1110 419 veris-

321 446 389 472 sime
405 443 655 479 perfectissimcque
672 441 842 473 dixerimus,
869 447 972 472 annon,
989 439 1108 466 animam

320 499 434 526 corpore
446 491 563 526 priorem
579 496 654 521 esse;
672 495 772 523 corpus
782 494 848 514 vero
861 486 1110 520 secundum,atque

319 537 472 572 postrrius,
496 536 635 570 animique
653 534 766 568 imperio
790 538 885 568 suapte
901 538 998 560 natura
1016 532 1109 560 subdi-

321 584 399 612 tum?
412 599 445 604 —
459 582 617 611 Verissime.
630 596 664 601 —
677 580 736 608 Jam
751 587 831 613 vero.
852 580 903 607 hac
918 579 951 606 de
966 587 995 606 re
1012 579 1108 606 memi-

319 633 410 659 nimus
429 631 498 657 intrr
509 637 557 657 nos
581 635 662 663 supra
679 627 855 658 convenisse,
869 630 899 653 ut
914 626 936 654 si
953 626 1033 653 modo
1047 625 1105 652 ani-

319 686 393 705 mum
409 685 524 712 corpore
540 676 657 711 priorem
681 681 742 702 esse
757 677 911 705 constaret,
928 677 984 700 tum
999 680 1060 708 qum
1073 672 1107 699 ad

321 725 402 752 animi
419 724 553 751 rationem
564 722 711 757 pertinent,
729 720 761 747 iis
776 727 836 754 quze
848 719 955 754 corpori
983 718 1108 745 tribuun-

320 775 378 801 tur,
407 770 496 803 priora
524 765 852 795 renserentur?—Sane
878 765 1109 793 meminimus.—

320 815 409 843 Mores
424 815 515 850 igitur,
540 814 678 848 animique
703 819 812 844 sensus,
827 813 991 844 voluntates,
1005 812 1108 847 cogita-

320 863 419 894 tiones,
448 869 518 889 verae
538 861 692 896 opiniones,
710 866 798 892 curae,
815 858 1027 890 recordationes,
1047 865 1107 886 cor-

320 915 416 943 porum
444 907 622 943 proceritate.
642 906 843 937 crassitudine,
860 906 1002 933 altitudine
1019 913 1050 932 ac
1064 913 1107 931 ro-

319 955 384 981 bore
409 954 514 989 priores
536 953 638 981 fuerint
660 956 776 988 oportet,
800 953 822 979 si
846 952 970 978 animum
995 959 1109 986 corpore

319 1002 436 1035 priorem
455 1001 538 1029 fuisse
553 999 884 1034 concedimus—Utique
895 1007 1006 1027 necesse
1020 1004 1110 1026 est.—

320 1048 387 1075 llinc
398 1055 479 1082 porro
489 1047 612 1082 nunquid
626 1046 781 1074 necessario
791 1045 924 1080 sequitur,
936 1049 965 1072 ut
976 1045 1107 1083 animum‘

321 1094 341 1120 si
360 1094 481 1121 omnium
505 1101 616 1121 causam
641 1092 715 1120 illam
739 1099 799 1120 esse
813 1091 949 1122 volumus,
975 1091 1108 1119 bonorum

319 1141 399 1168 simul
415 1145 442 1168 et
458 1140 604 1171 malorum,
627 1140 803 1167 honestorum
827 1145 859 1165 ac
875 1138 1005 1173 turpium,
1021 1138 1109 1172 justo-

322 1195 380 1214 rum
394 1193 421 1214 et
438 1187 611 1222 injustorum,
629 1185 752 1220 adeoque
769 1185 969 1212 contrariorum
985 1184 1107 1211 omnium

317 1240 427 1260 causam
443 1240 503 1259 esse
518 1231 699 1260 dicamus?——
713 1231 781 1264 Quis
796 1231 936 1267 neget?—
949 1230 1043 1258 Nonne
1058 1231 1108 1265 igi-

318 1284 363 1306 tur
380 1286 490 1306 necesse
506 1283 558 1311 est,
580 1279 702 1305 animum
728 1278 775 1313 qui
804 1277 886 1305 rebus
905 1277 1032 1305 omnibus
1047 1284 1107 1311 qua:

319 1332 538 1361 quoquoversum
557 1329 716 1356 moventur,
736 1328 762 1351 ct
779 1324 951 1356 moderetur,
968 1328 994 1350 et
1020 1324 1046 1349 in
1074 1323 1107 1349 il-

1124 935 1144 962 Β

319 1371 352 1398 iis
368 1371 540 1406 insit,ipsum
554 1377 664 1405 quoque
674 1369 773 1397 cmlum
788 1376 836 1404 per
850 1376 910 1396 sese
919 1369 1052 1396 moderari
1061 1369 1106 1395 ?—
1134 1401 1138 1404 ι

317 1415 610 1444 0mnino.—Unumne
623 1420 713 1442 autem
726 1423 761 1443 an
775 1415 885 1450 plures?
902 1415 997 1442 Plures
1013 1419 1085 1442 certe
1098 1424 1104 1441 :

318 1471 379 1489 nam
407 1470 456 1497 pro
481 1463 558 1490 vobis
583 1462 746 1497 respondere
768 1461 852 1496 juvat.
883 1460 938 1488 Nec
962 1461 1106 1495 pauciores

318 1508 425 1535 duobus
443 1514 514 1536 recte
531 1509 704 1543 posuerimus
716 1528 722 1540 ,
743 1508 894 1535 beneﬁcum
910 1508 1040 1540 alterum,
1065 1507 1106 1534 al-

317 1562 403 1582 terum
421 1554 653 1582 maleﬁcum—Et
670 1555 722 1582 hoc
735 1555 800 1582 milii
816 1555 990 1582 vehementer
1006 1554 1104 1589 proba-

1161 297 1239 332 εἴπερ
1251 297 1307 323 τῶν
1325 297 1432 323 πάντων
1443 305 1475 331 γε
1487 297 1571 332 αὐτὴν
1585 296 1704 331 ϐήσομεν
1717 296 1806 323 αἰτίαν
1819 304 1826 328 ;
1842 311 1875 315 —
1887 296 1946 326 Πῶς

1160 343 1213 378 γὰρ
1232 342 1326 374 οὓ;-
1339 341 1435 377 Ψυχὴν
1455 342 1486 377 δὴ
1505 341 1660 368 διοικοῦσαν
1677 342 1725 367 καὶ
1742 340 1898 367 ἐνοικοῦσαν
1919 341 1944 366 ἐν

1159 389 1244 415 ἅπασι
1259 389 1314 420 τοῖς
1326 388 1412 424 πάντη
1434 387 1613 423 κινουμένοις,
1627 387 1685 423 μῶν
1699 387 1729 413 οὐ
1748 387 1794 413 καὶ
1809 386 1855 413 τὸν
1867 386 1944 421 οὐρα-

1159 436 1202 462 νὸν
1229 436 1333 471 ἀνάγκη
1357 435 1467 462 διοικεῖν
1486 435 1582 469 φάναις
1596 449 1626 452 -
1642 433 1674 459 Τί
1697 434 1765 468 μήν;
1783 447 1818 451 -
1843 431 1944 467 Μίανῆ

1159 482 1282 514 πλείους;
1310 481 1430 512 Πλείους·
1455 480 1510 514 ἐγὼ
1538 480 1607 515 ὑπὲρ
1634 478 1708 513 σφῶν
1735 478 1942 514 ἀποκρινοῦμαι.

1158 530 1235 555 Δυοίν
1252 529 1300 564 μέν
1311 529 1344 563 γέ
1360 537 1410 561 που
1422 527 1530 554 ἔλαττον
1545 527 1627 561 μηδὲν
1646 525 1778 561 τιθῶμεν,
1793 526 1842 560 τῆς
1857 533 1886 551 τε
1900 525 1943 551 εὖ-

1158 575 1304 610 εργέτιδος,
1321 575 1368 601 καὶ
1380 573 1430 609 τῆς
1438 573 1566 600 τάναντία
1577 572 1729 608 δυναμένης
1740 571 1941 607 ἐξεργάζεσθαι.

1158 638 1192 642 —
1212 621 1317 656 Σφόδρα
1339 620 1427 656 ὀρθῶς
1451 621 1574 656 εἴρηκας.
1591 617 1707 646 -Είεν,
1729 619 1805 653 Ἀγει
1831 618 1881 653 μὲν
1913 618 1942 652 δὴ

1157 668 1230 704 ψυχὴ
1245 669 1335 695 πάντα
1347 667 1380 694 τὰ
1392 667 1453 694 κατ’
1467 666 1591 702 οὐρανὸν.
1607 666 1652 692 καὶ
1667 665 1728 700 γῆν,
1738 666 1785 692 καὶ
1801 665 1943 695 θάλατταν,

1157 716 1216 746 ταῖς
1231 715 1316 750 αὐτῆς
1328 714 1482 749 κινήσεσιν,
1496 711 1539 745 αἷς
1558 713 1678 747 ὀνόματά
1694 713 1763 743 ἐστι,
1785 712 1926 747 βούλεσθαι
1936 732 1944 742 .

1159 759 1327 791 σκοπεῖσθαι,
1342 759 1540 795 ἐπιμελεῖσθαι,
1556 758 1740 794 βουλεύεσθαι,
1760 758 1890 791 δοξάζειν,
1899 759 1944 794 όρ-

1158 806 1221 838 θῶς,
1231 805 1414 840 ἐψευσμένως,
1423 805 1581 840 χαίρουσαν,
1588 805 1672 831 λυπου
1677 805 1771 840 μένην,
1779 804 1813 830 θα
1815 805 1830 840 ῤ
1835 803 1882 840 ροὖ
1887 812 1944 834 σαν,

1158 851 1337 887 φοὸουμένην,
1353 851 1485 886 μισοῦσαν
1495 871 1502 882 ,
1518 851 1693 886 στέργουσαν,
1709 851 1757 877 καὶ
1771 849 1872 882 πάσαις
1885 850 1945 876 ὅσαι

1157 899 1259 926 τούτων
1279 898 1418 933 ξυγγενεῖς
1434 898 1450 934 ἦ
1466 898 1638 934 πρωτουργοὶ
1653 898 1775 933 κινήσεις
1787 897 1837 929 τὰς
1857 897 1946 924 δευτε-

1162 946 1293 981 ρουργοὺς
1311 943 1344 971 αὗ
1367 945 1628 980 παραλαμϐάνουσαι
1651 945 1772 979 κινήσεις
1795 943 1944 979 σωμάτων,

1160 992 1254 1026 ἄγουσι
1269 993 1356 1019 πάντα
1371 993 1410 1023 εἰς
1423 991 1546 1027 αὔξησιν,
1559 992 1605 1018 καὶ
1621 991 1721 1026 φθίσιν,
1738 991 1785 1018 καὶ
1800 991 1944 1026 διάκρισιν,

1160 1037 1206 1064 καὶ
1217 1038 1368 1073 σύγκρισιν,
1383 1038 1430 1064 καὶ
1442 1037 1547 1069 τούτοις
1556 1037 1690 1072 ἑπομένας
1705 1037 1882 1073 θερμότητας,
1894 1037 1945 1071 ψῦ-

1160 1083 1224 1115 ξεις,
1242 1083 1406 1120 βαρύτητας,
1417 1084 1588 1120 κουφότητας
1597 1105 1604 1116 ,
1622 1084 1739 1120 σκληρὸν
1753 1085 1800 1111 καὶ
1814 1083 1946 1119 μαλακὶν,

1159 1129 1253 1156 λευκὸν
1266 1130 1313 1156 καὶ
1330 1129 1423 1165 μέλαν,
1443 1130 1579 1166 αὐστηρὸν
1599 1130 1646 1157 καὶ
1663 1130 1759 1164 γλυκὺ,
1773 1131 1822 1157 καὶ
1837 1130 1945 1166 πικρὸν,

1159 1176 1205 1202 καὶ
1221 1177 1303 1202 πᾶσιν
1319 1173 1360 1208 οἷς
1375 1176 1448 1212 ψυχὴ
1464 1176 1590 1212 χρωμένη
1600 1197 1607 1208 ,
1620 1176 1682 1203 νοῦν
1698 1176 1746 1211 μὲν
1771 1177 1947 1212 προσλαμῧάε

1159 1231 1250 1254 νουσα,
1262 1223 1317 1249 αἰεὶ
1329 1222 1405 1255 Θεὸν,
1415 1222 1481 1254 Θεὸς
1495 1220 1572 1252 οὖσα.
1586 1222 1653 1259 ὀρθὰ
1665 1223 1712 1249 καὶ
1727 1222 1872 1258 εὐδαίμονα
1885 1231 1947 1249 πσι-

1157 1269 1276 1303 δαγωγεῖ
1283 1269 1380 1296 πάντα·
1390 1269 1468 1305 ἀνοίᾳ
1473 1269 1501 1296 δὲ
1509 1268 1691 1304 ξυγγενομένη
1696 1289 1703 1300 ,
1712 1268 1802 1296 πάντα
1808 1266 1841 1295 αὗ
1849 1269 1947 1295 τάναν-

1157 1316 1202 1342 τία
1212 1314 1318 1346 τούτοις
1329 1315 1524 1351 ἀπεργάζεται.
1536 1314 1661 1350 Τιοῶμεν
1672 1314 1760 1341 ταῦτα
1771 1314 1858 1345 οὕτως
1875 1314 1947 1349 ἔχειν

1157 1362 1173 1397 ἢ
1188 1361 1227 1388 ἔτι
1241 1361 1401 1396 διστάζομεν
1411 1382 1418 1392 ,
1432 1362 1456 1388 εἰ
1469 1361 1569 1397 ἑτέρως
1585 1370 1643 1392 πως
1660 1361 1735 1396 Extat;
1751 1377 1786 1382 —
1802 1360 1944 1396 Οὐδαμῶς.

1157 1424 1191 1429 --
1201 1409 1318 1444 Πότερον
1333 1407 1378 1434 οὖν
1388 1408 1419 1443 δὴ
1431 1408 1520 1443 ψυχῆς
1534 1408 1565 1434 τὸ
1579 1407 1656 1441 γένος
1669 1407 1802 1443 ἐγκρατὲς
1818 1407 1945 1442 cupavo-3,

1157 1454 1202 1481 καὶ
1215 1454 1277 1489 γῆς,
1291 1454 1337 1480 καὶ
1348 1455 1437 1490 πάσης
1447 1454 1497 1488 τῆς
1509 1453 1632 1488 περιόδου
1647 1454 1787 1488 γεγονέναι
1800 1452 1907 1488 φῶμεν,
1917 1453 1948 1479 τὸ

1156 1499 1296 1536 φρόνιμον,
1311 1500 1358 1526 καὶ
1373 1500 1472 1535 ἀρετῆς
1484 1500 1595 1535 πλῆρες,
1615 1499 1631 1534 ἢ
1644 1500 1674 1526 τὸ
1690 1499 1824 1535 μηδέτερα
1848 1507 1947 1535 κεκτη-

1156 1547 1235 1582 μένον
1247 1555 1255 1579 ;
1267 1546 1398 1572 Βούλεσθε
1410 1543 1456 1572 οὖν
1477 1545 1544 1582 πρὸς
1553 1545 1640 1572 ταῦτα
1653 1542 1703 1572 ὦδε
1717 1545 1928 1582 ἀποκρινώμεθα
1939 1554 1946 1577 ;

318 1599 472 1628 tun—llam
481 1601 562 1636 igitur
574 1608 635 1628 cum
650 1600 685 1628 ita
694 1601 749 1628 sint
764 1610 770 1627 :
784 1600 899 1628 Animus
912 1604 985 1628 certe
993 1601 1103 1635 quidem

1156 1606 1189 1612 -—-
1205 1592 1281 1625 Πῶς;
1294 1608 1329 1613 -
1342 1593 1373 1620 Εἰ
1392 1593 1451 1628 μὲν,
1466 1589 1488 1619 ὦ
1500 1592 1644 1628 θαυμάσιε,
1656 1592 1766 1628 φῶμεν,
1781 1594 1798 1627 ἡ
1814 1592 1947 1626 ξύμπασα

319 1648 445 1674 universa
462 1647 515 1679 illa,
526 1654 587 1681 qua:
603 1646 676 1679 cteli,
686 1651 830 1679 terrarum,
840 1646 1012 1681 mariumque
1028 1654 1104 1674 com-

318 1694 414 1729 plexus
428 1693 522 1725 ambit,
538 1694 595 1721 suis
606 1694 663 1729 ipsa
676 1694 794 1721 motibus
807 1695 863 1730 agit
874 1702 905 1721 ac
920 1699 1021 1727 versat,
1036 1703 1105 1729 quo-

315 1748 375 1767 rum
403 1740 461 1767 haec
486 1739 595 1767 nomina
619 1743 692 1772 sunt,
709 1739 792 1776 626
815 1740 892 1772 velle,
917 1740 1102 1772 considerare,

317 1791 424 1816 curare,
441 1783 558 1818 opinari,
576 1791 624 1811 seti
641 1792 713 1816 verc,
729 1793 776 1812 seu
793 1784 872 1817 falso,
886 1785 982 1816 lauari,
1000 1785 1102 1817 dolere,

316 1829 426 1861 audere,
444 1835 574 1862 metuere,
587 1831 688 1863 odisse,
705 1831 832 1865 diligere,
848 1839 880 1858 ac
892 1832 998 1859 caeteris
1013 1833 1104 1859 omni-

317 1877 384 1907 lms,
409 1876 455 1911 qui
480 1877 520 1903 vel
536 1877 650 1904 istorum
674 1877 767 1904 attines
788 1885 821 1905 ac
845 1878 944 1912 gemini
960 1882 1044 1909 sunt,
1063 1879 1104 1905 vel

318 1922 438 1956 primarii
466 1922 608 1958 fontesque
625 1923 803 1958 reliquorum,
820 1924 968 1959 assumptis
984 1932 1036 1951 una
1053 1931 1103 1959 po-

317 1968 477 1996 sterioribus
498 1975 643 2003 corporum
665 1970 795 2001 motibus,
818 1970 844 1997 in
867 1971 993 1998 omnibus
1006 1970 1104 1998 deinde

315 2014 493 2041 accretionem
511 2018 558 2041 aut
574 2014 781 2043 diminutionem
796 2036 802 2048 ,
828 2017 966 2044 raritatem
981 2021 1028 2044 aut
1041 2017 1104 2044 den-

315 2061 433 2093 sitatem,
449 2069 563 2096 quaeque
577 2061 627 2089 ltos
642 2063 816 2093 comitantur.
845 2063 962 2095 calores,
989 2063 1100 2098 frigora.

315 2105 471 2139 gravitates,
496 2106 627 2139 levitates,
645 2107 743 2134 dttrum
761 2111 788 2134 et
806 2107 896 2139 molle,
915 2107 1006 2134 album
1023 2113 1049 2134 et
1066 2109 1105 2134 ni-

282 2178 283 2182 η
315 2156 409 2183 prum,
426 2149 569 2182 accrbttm,
588 2149 680 2180 dulce,
698 2158 820 2178 amarum
838 2151 973 2183 cilicium,
992 2157 1102 2179 caetera-

313 2191 368 2230 ἤια
379 2203 492 2236 prorsus
508 2196 616 2228 omnia,
639 2197 738 2231 quibus
752 2197 859 2224 animus
880 2197 945 2224 dum
961 2198 1061 2230 utitur,
1081 2199 1102 2224 si

317 2237 497 2272 intellectum.
513 2241 584 2269 Deus
599 2242 671 2276 ipse,
687 2241 770 2270 Deum
797 2247 928 2275 assumat,
946 2247 1044 2270 cuncta
1061 2251 1103 2270 re-

1157 1640 1272 1676 οὒρανοῦ
1289 1639 1348 1671 ὁδὸς
1358 1639 1417 1675 ἅμα
1433 1640 1479 1666 καὶ
1499 1639 1570 1675 φορὰ
1580 1660 1588 1671 ,
1601 1641 1647 1667 καὶ
1660 1639 1713 1666 τῶν
1729 1640 1758 1665 ἐν
1773 1638 1848 1675 αὑτῷ
1862 1639 1948 1666 ὅντων

1155 1686 1297 1717 ἁπάντων,
1312 1686 1358 1712 νοῦ
1373 1686 1478 1721 κινήσει
1501 1687 1546 1712 καὶ
1565 1686 1717 1722 περιφορᾷ,
1738 1686 1785 1712 καὶ
1805 1685 1948 1720 λογισμοῖς

1155 1733 1249 1768 ὁμοίαν
1263 1732 1343 1767 φύσιν
1359 1732 1431 1767 ἔχει,
1453 1732 1499 1758 καὶ
1517 1731 1653 1766 ξυγγενῶς
1669 1732 1789 1767 ἔρχεται,
1806 1731 1888 1766 δῆλον
1910 1731 1949 1762 ὡς

1155 1780 1203 1815 τὴν
1215 1779 1328 1815 ἀρίστην
1346 1779 1434 1815 ψυχὴν
1450 1779 1548 1814 φατέον
1568 1778 1756 1814 ἐπιμελεῖσθαι
1770 1777 1818 1804 τοῦ
1841 1778 1947 1813 κόσμου

1156 1826 1266 1857 παντὸς,
1284 1825 1331 1852 καὶ
1347 1825 1424 1860 ἄγειν
1441 1825 1522 1851 αὐτὸν
1539 1824 1587 1859 τὴν
1603 1824 1729 1860 τοιαύτην
1748 1824 1806 1850 ὁδὸν
1826 1824 1946 1859 ἐκείνην.

1154 1887 1187 1891 —
1203 1871 1315 1908 Ὀρθῶς.
1324 1888 1358 1892 -
1371 1872 1402 1898 Εί
1416 1871 1445 1898 δὲ
1460 1871 1580 1906 μανικῶς
1588 1879 1617 1897 τε
1629 1870 1675 1897 καὶ
1686 1870 1810 1902 ἀτάκτως
1824 1870 1947 1905 ἔρχεται,

1155 1916 1202 1951 τὴν
1218 1916 1314 1952 κακήν.
1336 1931 1366 1936 —
1377 1917 1430 1943 Καὶ
1442 1916 1518 1943 ταῦτ’
1533 1915 1630 1952 ὀρθῶς.
1650 1931 1685 1936 —-
1695 1915 1762 1942 Τίνα
1785 1913 1832 1942 οὖν
1845 1916 1879 1952 δὴ
1900 1916 1947 1943 νοῦ

1155 1962 1260 1997 κίνησις
1272 1962 1351 1997 φύσιν
1360 1962 1426 1997 ἔχει,
1442 1962 1513 1988 τοῦτ’
1537 1962 1586 1997 ἤδη
1599 1962 1726 1997 χαλεπὸν,
1742 1959 1764 1988 ὦ
1780 1961 1862 1996 φίλοι,
1882 1962 1949 1998 ἐρεῖν

1155 2017 1186 2044 τη
1192 2017 1229 2044 μα
1245 2009 1457 2044 ἀποκρινόμενον
1470 2009 1557 2035 εἰπεῖν
1568 2009 1720 2044 ἐμφρόνως.
1735 2008 1779 2034 Διὸ
1791 2008 1823 2044 δὴ
1835 2009 1885 2035 καὶ
1897 2010 1947 2043 ἐμὲ

1154 2057 1204 2090 τῆς
1211 2055 1381 2090 ἀποκρίσεως
1391 2055 1455 2090 ὑμῖν
1464 2055 1566 2082 δίκαιον
1579 2054 1660 2081 τανῦν
1667 2054 1869 2090 προλαμϐάνειν
1879 2055 1946 2090 (50).

1156 2100 1227 2127 ῌΕὗ
1243 2101 1427 2136 λέγεις.-Μὴ
1440 2100 1530 2127 τοίνυν
1553 2100 1717 2134 ἐξεναντίας,
1732 2097 1788 2126 οἷον
1807 2102 1848 2132 εὶς
1870 2101 1947 2136 ἣλιον

1155 2147 1363 2178 ἀποϐλέποντες,
1378 2147 1462 2174 νύκτα
1472 2148 1500 2174 ὲν
1508 2147 1666 2183 μεσημϐρίᾳ
1678 2147 1855 2182 ἐπαγόμενοι,
1866 2156 1946 2183 ποιη-

1156 2193 1265 2230 σώμεθα
1277 2194 1325 2229 τὴν
1341 2193 1495 2230 ἀπόκρισιν,
1507 2193 1544 2225 ὡς
1557 2193 1619 2220 νοῦν
1628 2203 1692 2220 ποτε
1705 2193 1813 2229 θνητοῖς
1824 2194 1946 2230 ὄμμασιν

1155 2240 1282 2275 ὀψόμενοί
1295 2249 1324 2266 τε
1351 2241 1397 2266 καὶ
1413 2240 1576 2276 γνωσόμενοι
1593 2240 1702 2272 ἱκανῶς.
1721 2241 1793 2276 Πρὸς
1807 2241 1836 2267 δὲ
1852 2241 1947 2268 εἰκόνα

314 2289 358 2312 cte
369 2292 404 2314 ac
415 2283 529 2314 feliciter
545 2287 718 2317 moderatur;
739 2287 780 2313 sin
794 2290 885 2314 autem
900 2295 961 2314 cum
986 2289 1104 2314 amentia

1156 2286 1203 2312 τοῦ
1224 2285 1401 2322 ἐρωτωμένου
1419 2286 1577 2320 βλέποντας,
1595 2286 1796 2322 ἀσφαλέστερον
1818 2289 1896 2323 ὁρᾷν.
1909 2300 1947 2308 ·-

314 2332 664 2368 οοιιιιιιικιιιιν,ὀοιιῑηιιιίιι
682 2332 763 2360 efﬁcit
776 2332 878 2360 omnia.
901 2332 1039 2360 Damusnc
1053 2333 1103 2361 ista

315 2379 388 2406 hunc
401 2379 429 2406 in
442 2378 597 2409 modum,”
608 2378 717 2412 habere,
725 2387 759 2406 an
773 2379 862 2407 adhuc
876 2387 939 2406 num
951 2379 1015 2414 quid
1030 2380 1103 2406 aliud

315 2421 479 2457 statuamus,
494 2425 591 2455 incerti
607 2426 752 2453 sumus?—
761 2425 871 2453 Minime
888 2433 998 2453 vero.—
1007 2425 1102 2453 Utrum

315 2471 398 2506 igitur
420 2471 505 2500 animi
524 2478 616 2508 genus
627 2492 634 2504 ,
652 2472 714 2500 cteli
728 2480 761 2499 ac
777 2477 927 2504 terrarum,
944 2473 1000 2499 itno
1021 2472 1104 2500 totius

314 2517 389 2546 orbis
411 2517 593 2554 principatum
617 2523 710 2546 tenere
733 2519 882 2546 volumus?
906 2518 1007 2545 illudne
1031 2519 1103 2553 quod

314 2563 458 2598 prudentie
471 2569 499 2592 et
508 2563 610 2592 virtute
622 2565 764 2600 praldituin
780 2570 831 2597 cst,
849 2573 881 2592 an
900 2565 970 2600 quod
989 2570 1104 2600 utraque

315 2611 405 2637 caret?
422 2609 492 2638 Num
515 2612 547 2638 ad
569 2611 626 2638 haec
643 2611 679 2639 ita
694 2613 850 2647 responderi
867 2612 1018 2647 placet?-—
1030 2611 1104 2644 Quo-

315 2657 414 2683 modo?
438 2672 467 2677 --
489 2657 525 2685 lta
543 2658 676 2686 videlicet.
697 2659 725 2685 Si
745 2659 871 2686 universa
887 2658 948 2686 coeli
961 2658 1005 2686 via
1023 2663 1104 2694 atquc

315 2703 468 2735 conversio,
485 2713 634 2740 eorumque
647 2706 728 2732 simul
744 2706 866 2732 omnium
879 2712 940 2732 oua:
955 2705 1024 2732 coelo
1037 2712 1103 2732 con—

351 2770 404 2810 (iil)
497 2777 523 2810 et
538 2780 601 2810 In_s.,
618 2774 849 2810 προσλαμϐάνειν.

336 2805 392 2844 _l3l
400 2813 407 2838 )
431 2805 652 2844 wadna’rmr'.
674 2805 739 2844 Post
754 2809 882 2836 ἁπάντων
895 2808 996 2843 prioris
1007 2807 1103 2834 editio-

317 2841 358 2878 nis
379 2845 457 2878 turpe
472 2841 606 2878 glossema
621 2851 684 2870 cum
704 2843 817 2871 Platone
832 2841 1013 2874 sustulimus;
1032 2844 1104 2878 lege-

317 2875 490 2916 iatur‘cnjm,
504 2877 610 2916 τούτοιν
625 2878 658 2914 δὴ
672 2879 729 2916 τοῖν
745 2880 895 2914 κινήσεσιν.

350 2910 406 2945 (52)
430 2912 488 2945 Τὴν
501 2913 535 2939 ὲν
551 2913 594 2939 ἑνὶ
616 2910 805 2948 φερομέννιιτ·.’
817 2914 854 2941 Ita
879 2915 986 2948 rrposui
1009 2922 1039 2941 ex
1055 2913 1101 2941 alt.

1157 2331 1218 2363 Πῶς
1228 2332 1332 2366 λέγεις;
1350 2347 1382 2352 --
1394 2329 1433 2367 ⁷ζί
1453 2331 1592 2367 προσέοικε
1607 2332 1711 2367 κινήσει
1730 2332 1792 2363 νοῦς
1808 2332 1862 2358 τῶν
1880 2332 1948 2359 δέκα

1156 2378 1266 2405 ἐκείνων
1275 2378 1418 2413 κινήσεων,
1425 2378 1474 2414 τὴν
1482 2379 1573 2405 εἰκόνα
1583 2378 1717 2413 λάϐωμεν
1730 2378 1763 2414 ἣν
1775 2387 1949 2414 συναναμνη-

1157 2424 1229 2456 σθεὶς
1243 2425 1307 2459 ὑμῖν
1327 2424 1382 2458 ἐγὼ
1403 2425 1478 2460 κοινῆ
1498 2424 1546 2460 τὴν
1568 2425 1713 2460 ἀπόκρισιν
1735 2425 1895 2460 ποιήσομαι.
1912 2442 1949 2445 -

1155 2470 1292 2497 Κάλλιστα
1309 2469 1343 2497 ἂν
1355 2470 1454 2505 λέγοις.
1464 2486 1498 2490 -
1510 2469 1679 2506 Μεμνήμεθα
1693 2471 1783 2497 τοίνυν
1796 2472 1828 2498 τό
1840 2480 1873 2505 γε
1882 2480 1948 2498 τοσ-

1154 2516 1232 2544 οὖτον
1250 2517 1302 2543 τῶν
1321 2517 1380 2544 τότε
1396 2517 1446 2548 ἔτι,
1464 2517 1504 2543 ὅτι
1518 2516 1571 2544 τῶν
1584 2517 1712 2544 ἁπάντων
1727 2518 1784 2553 (51)
1795 2518 1832 2544 τὰ
1845 2519 1896 2553 μὲν
1904 2528 1949 2544 κι-

1155 2565 1274 2597 νεῖσοαι,
1292 2565 1325 2591 τὰ
1342 2565 1369 2592 δὲ
1387 2565 1478 2601 μένειν
1493 2565 1599 2601 ἔθεμεν.
1618 2565 1728 2592 -Ναί,
1744 2581 1779 2586 -——
1795 2565 1859 2592 Τῶν
1872 2567 1894 2593 δ’
1912 2564 1947 2593 αὖ

1155 2612 1330 2647 κινουμένων,
1344 2612 1378 2638 τὰ
1392 2612 1439 2647 μὲν
1457 2612 1486 2638 ἐν
1505 2611 1544 2637 ἐνὶ
1559 2611 1634 2646 τόπῳ
1653 2611 1785 2639 κινεῖσθαι
1798 2632 1806 2642 .
1827 2612 1863 2639 τὰ
1880 2613 1902 2639 δ’
1919 2614 1950 2639 ἐν

1155 2658 1258 2684 πλείοσι
1275 2658 1422 2694 φερόμενα.
1434 2673 1468 2677 ——
1482 2658 1559 2684 Ἐστι
1569 2657 1663 2684 ταῦτα.
1673 2658 1831 2685 -Ταύταιν
1845 2659 1878 2695 δὴ
1888 2661 1950 2686 ταῖν

1155 2705 1290 2740 κινήσεοιν
1307 2705 1356 2740 τὴν
1370 2705 1398 2731 ἐν
1416 2705 1456 2731 ἐνὶ
1473 2705 1624 2740 φερομένην
1641 2704 1697 2739 (5-2.)
1711 2705 1766 2735 ἀεὶ,
1782 2705 1848 2741 περί
1865 2706 1896 2740 γέ
1922 2714 1951 2732 τι

1156 2791 1219 2814 ms.,
1242 2790 1303 2809 cum
1326 2787 1353 2810 et
1370 2783 1396 2809 in
1413 2782 1498 2817 priori
1515 2782 1633 2810 editione
1654 2786 1682 2818 et
1704 2782 1777 2818 apud
1802 2781 1951 2811 Platonem

1155 2819 1297 2853 legeretur.
1310 2820 1366 2844 τοῖν
1380 2818 1408 2844 ὲν
1421 2818 1460 2854 ἐνὶ¹
1477 2817 1646 2854 φερομένοιν.
1663 2817 1735 2854 Sane
1748 2826 1810 2853 qua:
1822 2826 1952 2854 sequun-

1156 2860 1208 2885 tur,
1227 2854 1326 2889 αὐτὴν,
1341 2853 1523 2888 οἰκειοτάτην,
1547 2853 1659 2888 ὁμοίαν,
1681 2853 1744 2881 ltuic
1761 2853 1952 2882 emendationi

1154 2889 1260 2925 egregie
1277 2889 1469 2924 suffragantur.
1603 2909 1605 2911 μ
