2078 3207
181 191 244 218 ΙυὸἸ

765 187 924 218 ΙῚῌΞΡΑΒ.
942 187 1066 216 EVANG.
1089 188 1151 215 LIB.
1170 188 1226 216 XII.

1741 192 1807 219 104⁵2

178 260 261 287 μεσον
282 253 390 288 ἀνάγκη
414 252 562 285 κινεῖσθαι,
581 252 635 279 τῶν
657 253 789 287 ἐντόρνων
814 250 895 279 οὖσαν
910 251 953 287 (55

1018 250 1148 282 lincuntur,
1166 249 1315 278 intellectus
1331 251 1425 283 motui,
1441 252 1609 279 conversioni
1623 257 1649 280 et
1665 253 1807 288 cogitatio—

177 298 293 334 μίμημά
303 307 330 325 τι
344 298 461 330 κύκλων,
475 298 544 325 εἶναι
555 307 584 326 τε
600 299 684 335 αὐτὴν
701 300 734 335 τῇ
750 298 798 325 τοῦ
813 297 858 325 νοῦ
873 298 967 333 περιό-

174 344 212 379 ὂῳ
225 343 392 377 πάντως,ὼς
406 345 528 379 δυνατὸν,
540 345 708 380 οἰκειοτάτην
718 353 748 371 τε
761 345 807 372 καὶ
820 344 967 380 ὁμοίαν.-

177 389 239 421 Πῶς
253 390 397 424 λέγειςς-
408 391 444 417 Τὸ
458 391 530 418 κατὰ
543 390 630 417 ταύτὰ
653 390 749 425 δήπου,
764 391 812 417 καὶ
825 390 965 422 ὡσαύτως,

177 437 224 462 καὶ
239 438 268 462 ἐν
279 436 318 471 τῷ
329 437 413 472 αὐτῷ,
428 437 473 464 καὶ
487 437 552 472 περὶ
566 436 600 463 τὰ
612 437 690 468 αὐτὰ,
702 437 827 472 καὶπρὸς
838 436 872 463 τὰ
885 437 964 468 αὐτὰ,

176 481 224 507 καὶ
250 481 299 509 ἕνα
323 482 411 516 λόγον,
437 483 484 509 καὶ
499 482 575 516 τάξιν
590 482 663 517 μίαν,
678 481 762 517 ἄμφω
776 482 906 509 κινεῖσθαι
921 481 964 507 λέ-

175 534 280 560 γοντες,
295 527 368 559 νοῦν,
380 529 429 563 τήν
441 537 470 554 τε
484 529 513 555 ὲν
529 529 568 554 ένὶ
586 528 738 563 φερομένην
754 527 870 563 κίνησιν,
886 528 965 562 σφαί-

176 580 228 607 ρας
245 573 368 608 ἐντόρνου
393 574 582 609 ἀπεικασμένα
595 574 650 607 (54)
666 575 770 609 φοραῖς,
781 574 831 599 οᾷκ
846 573 877 599 ἄν
901 581 963 599 ποτε

176 619 308 654 φανεῖμεν
322 619 418 653 φαῦλοι
430 619 589 655 δημιουργοὶ
603 619 673 655 λόγῳ
687 619 775 646 καλῶν
793 619 913 646 εἰκόνων.
930 634 964 637 -

181 663 331 700 Ὀρθότατα
338 664 472 699 λέγεις.-
481 664 585 691 Οὐκοῦν
597 664 666 699 αὕτη
678 673 720 698 γε,
735 665 750 699 ἡ
761 664 894 700 μηδέποτε
909 664 958 690 ὠσ-

175 709 275 743 αύτως,
288 710 354 745 μηδὲ
366 710 435 737 κατὰ
452 711 486 737 τὰ
496 710 575 742 αὐτὰ,
591 710 651 746 μηδ’
666 712 694 736 ἐν
706 711 807 746 ταύτῷ,
818 710 883 745 μηδὲ
900 711 962 745 περὶ

173 756 277 789 ταύτὰ,
304 756 371 792 μηδὲ
391 757 458 792 πρὸς
479 757 514 784 τὰ
530 757 612 789 αὐτὰ,
630 757 692 793 μηδ’
705 758 733 784 ἐν
758 758 796 784 ἑνὶ
814 757 960 792 φερομένη.

175 802 238 837 μηδ’
254 803 283 829 ὲν
297 803 401 839 κόσμῳ,
422 804 482 839 μηδ’
503 804 530 830 ὲν
549 804 635 837 τάξει,
656 804 715 839 μηδ’
734 803 762 830 ἓν
777 804 909 838 τινιλόγῳ
918 804 959 830 κί-

172 857 260 884 νησις,
280 850 372 882 ἀνοίας
388 851 421 877 ἂν
432 848 463 877 αὖ
480 851 570 885 πάσης
586 850 627 885 εἴη
643 851 785 886 ξυγγενὴς.
797 865 830 869 -
845 850 894 886 Εἴη
907 850 959 885 γὰρ

171 894 206 921 ἂν
219 895 434 931 ἀληθέστατα,-
442 896 531 923 Τανῦν
541 896 572 932 δὴ
585 897 700 931 χαλεπὸν
710 896 784 923 οὐδὲν
798 896 837 922 ἔτι
845 897 956 932 διαρρή-

171 939 221 976 δην
235 942 330 973 εἰπεῖν,
347 941 399 975 ὡς,
418 943 510 977 ἐπειδὴ
527 942 597 978 ψυχὴ
614 942 662 978 μέν
676 944 748 969 ἑστιν
762 944 778 978 ή
790 943 958 978 περιάγουσα

171 986 238 1022 ἡμῖν
250 987 347 1021 πάντα,
365 988 414 1023 τὴν
432 988 460 1015 δὲ
479 989 593 1024 οὐρανοῦ
620 989 770 1025 περιφορὰν
786 989 815 1021 ἐξ
836 989 957 1025 ἀνάγκης

171 1033 313 1069 περιάγειν
327 1034 424 1068 φατέον
435 1034 653 1070 ἐπιμελουμένην
665 1036 711 1061 καὶ
722 1036 886 1070 κοσμοῦσαν,
899 1037 956 1071 ἤτοι

169 1079 220 1113 τὴν
233 1079 348 1115 ἀρίστην
359 1079 458 1116 ψυχὴν,
471 1081 487 1116 ἢ
504 1081 552 1116 τὴν
569 1082 702 1108 ἐναντίαν.
720 1097 754 1102 ——-
766 1080 801 1108 Ὦ
817 1082 885 1115 ξένε,
900 1083 955 1109 ἀλλ’

169 1122 204 1149 ἔκ
215 1131 248 1157 γε
265 1123 320 1150 τῶν
333 1124 382 1151 νῦν
396 1125 557 1160 εἰρημένων,
577 1126 631 1152 οὐδ’
653 1127 725 1153 ὅσιον
744 1126 830 1159 ἄλλως
845 1127 926 1162 ἔχειν,

170 1169 261 1195 πᾶσαν
277 1169 377 1206 ἀρετὴν
392 1170 505 1206 ἔχουσαν
519 1172 607 1207 ψυχὴν
624 1173 701 1207 μίαν,
720 1174 736 1209 ἢ
756 1174 863 1206 πλείους
880 1184 956 1210 περι-

168 1214 248 1248 άγειν
265 1216 344 1242 αὑτά.
356 1217 542 1249 -Κάλλιστα,
560 1218 583 1244 ὦ
599 1219 720 1251 Κλεινία,
736 1221 892 1256 ὑπήκουσας
900 1223 955 1254 τοῖς

168 1261 270 1295 λόγοις.
290 1262 355 1289 Τόδε
372 1263 399 1289 δὲ
412 1265 632 1298 προσεπάκουσον
651 1266 699 1291 ἔτι.
712 1282 745 1286 ~—
762 1267 797 1293 Τὸ
814 1269 903 1300 ποῖον;
919 1284 952 1288 —-

169 1306 275 1338 Ἥλιον,
287 1307 334 1333 καὶ
348 1307 472 1343 σελήνην,
487 1309 533 1334 καὶ
545 1309 578 1336 τὰ
593 1309 660 1336 ἄλλα
674 1311 770 1346 ἄστρα,
789 1311 867 1346 εἴπερ
881 1312 953 1347 ψυχὴ

167 1352 297 1388 περιάγει
311 1352 409 1384 πάντα,
426 1351 469 1388 ἆρ’
484 1354 514 1380 οὐ
531 1354 577 1381 καὶ
594 1355 622 1381 ἓν
638 1355 751 1382 ἕκαστον
764 1365 771 1388 ;
786 1370 819 1375 ——-
836 1357 868 1383 Τί
883 1360 952 1392 μήν;

166 1413 203 1420 -—
215 1398 283 1434 Περὶ
297 1399 356 1436 tvo;
366 1399 397 1435 δὴ
410 1399 586 1436 ποιησώμεθα
597 1401 701 1435 λόγους,
716 1402 740 1428 οἳ
752 1403 799 1428 καὶ
809 1403 855 1429 ἐπὶ
867 1403 954 1431 πάντα

167 1435 349 1479 ἁρμόττοντες
372 1446 437 1480 ἡμῖν
463 1444 496 1471 τὰ
514 1446 602 1481 ἄστρα
621 1447 775 1480 φανοῦνται.
800 1463 835 1467 -
860 1449 952 1481 Τίνος;

167 1504 203 1509 —
215 1488 305 1515 Ἡλίου
321 1490 374 1521 πᾶς
386 1489 528 1526 ἄνθρωπος
543 1491 621 1526 σῶμα
633 1491 682 1526 μὲν
691 1493 751 1528 ὁρᾷ,
765 1493 853 1529 ψυχὴν
867 1494 895 1520 δὲ
909 1495 953 1521 οὺ-

165 1534 233 1566 δείς·
246 1535 306 1561 οὐδὲ
320 1534 374 1571 γὰρ
388 1535 467 1562 ἄλλου
489 1535 614 1571 σώματος
628 1537 743 1570 οὐδενὸς,
764 1539 824 1565 οὔτε
842 1540 951 1572 ζῶντος,

1021 296 1100 323 nibus
1115 300 1210 323 natura
1225 297 1322 324 similis
1337 301 1387 329 est,
1404 301 1432 324 et
1443 296 1548 325 afﬁnem
1563 298 1587 325 ei
1601 306 1710 326 cursum
1727 299 1806 326 insti-

1019 343 1084 376 luit;
1102 343 1226 378 sequitur
1250 344 1372 377 omnino,
1395 349 1425 371 ut
1446 344 1577 379 optimum
1590 345 1665 372 illum
1682 346 1803 373 animum

1017 390 1102 418 totius
1118 389 1238 417 universi
1259 397 1352 418 curam
1367 398 1459 425 gerere
1470 411 1478 423 ,
1493 394 1576 425 atque
1589 390 1653 418 illud
1669 399 1716 426 per
1732 393 1800 421 hanc

1018 437 1102 471 ipsam
1120 436 1191 463 viam
1209 444 1288 472 agere
1307 435 1449 464 fateamur.
1462 451 1496 459 —
1509 435 1590 464 Recte
1604 437 1628 463 id
1642 437 1761 472 quidem.
1771 453 1804 458 —

1018 482 1064 509 Sin
1092 487 1181 509 autem
1207 483 1309 509 furiose
1335 490 1366 510 ac
1391 483 1546 518 perturbate
1561 483 1688 515 volvitur,
1703 489 1732 511 ut
1754 485 1804 512 Imc

1016 528 1087 555 idem
1103 528 1174 554 malo
1193 528 1283 554 animo
1307 528 1538 556 tribuanms.——Et
1553 530 1623 557 istud
1638 538 1747 565 quoque
1762 539 1803 557 re-

1015 579 1067 600 cte.
1080 590 1114 594 ——
1125 573 1202 601 Nunc
1221 582 1284 601 vero
1304 575 1382 609 cujus
1407 576 1514 603 tandem
1531 580 1634 603 natura:
1650 577 1802 604 intellectus

1016 625 1117 647 motum
1141 628 1201 647 esse
1224 620 1406 648 arbitramur?
1432 621 1501 649 IIuie
1524 629 1589 649 sane
1612 622 1771 657 quaestioni.
1786 631 1801 648 ο

1015 667 1105 699 amici,
1123 667 1259 702 sapienter
1281 667 1445 702 respondere
1462 666 1570 695 diliicile
1582 673 1632 695 est.
1654 667 1742 701 Quare
1757 676 1801 695 ve-

1015 722 1074 740 rum
1092 713 1172 740 fuerit
1187 713 1212 740 in
1229 709 1458 748 praesentia,hanc
1474 721 1516 741 me
1527 714 1604 741 vobis
1620 713 1799 749 respondendi

1013 768 1106 786 curam
1125 759 1272 794 suscipere.
1295 775 1329 779 ——
1348 758 1435 786 Probe
1451 759 1579 794 loqueris.
1595 775 1629 779 ——
1648 759 1799 787 Careamus

1014 805 1104 839 igitur,
1123 813 1155 832 nc
1172 805 1287 833 adverso
1311 806 1390 840 quasi
1406 806 1479 832 vultu
1505 806 1531 832 in
1554 806 1638 833 solem
1653 806 1797 838 intuentes,

1013 851 1123 885 ipsaque
1136 858 1187 877 met
1196 850 1249 878 idie
1259 855 1365 878 noctem
1379 851 1548 883 inducentes,
1564 852 1674 886 perinde
1687 860 1798 887 respon-

1011 897 1170 928 deamus,ut
1187 897 1209 924 si
1222 897 1382 924 mortalibus
1397 898 1484 924 oculis
1500 897 1650 925 intellectus
1668 899 1724 933 ipse
1739 907 1798 934 pcr-

983 942 994 953 ’
1010 943 1094 970 videri
1113 943 1259 978 aliquando
1278 949 1378 977 posset,
1396 944 1560 979 penitusque
1584 945 1719 980 cognosci.
1750 946 1797 973 Se~

1008 989 1203 1024 curiusitaque
1218 989 1308 1022 fuerit,
1326 990 1400 1016 illum
1418 991 1504 1025 ipsum
1521 991 1645 1018 delixoiu
1657 991 1716 1025 ejus
1730 992 1796 1018 ima-

1007 1039 1096 1071 ginem
1113 1037 1209 1063 obtutu
1225 1037 1411 1071 contemplari.
1425 1052 1460 1057 —-
1471 1036 1614 1070 Quomodo
1630 1038 1681 1065 hoc
1696 1038 1794 1066 intelli-

1007 1083 1108 1118 gis?——
1120 1083 1203 1117 Cujus
1218 1090 1251 1110 ex
1263 1083 1356 1110 decem
1373 1083 1425 1111 illis
1444 1083 1563 1111 motibus
1577 1084 1690 1111 similior
1718 1085 1794 1112 intel-

1008 1134 1093 1160 lectus
1109 1129 1199 1159 fuerit,
1217 1129 1278 1163 ejus
1302 1134 1332 1156 ut
1354 1129 1498 1164 imaginem
1515 1130 1681 1166 deligamus;
1712 1140 1792 1166 quam

1008 1176 1051 1203 ubi
1068 1175 1144 1202 vobis
1159 1176 1184 1202 in
1197 1175 1354 1203 memoriam
1369 1181 1572 1207 revocaro,tum
1587 1177 1791 1211 responsionem

1006 1221 1127 1248 omnium
1155 1228 1237 1249 causa
1260 1221 1460 1256 subjiciam.—
1483 1221 1589 1256 Optime
1615 1223 1744 1258 loqueris.
1758 1239 1792 1244 -——

1007 1267 1220 1302 Principio,illud
1227 1267 1321 1294 saltem
1329 1268 1502 1296 meminimus
1508 1270 1683 1297 constitutum
1691 1278 1705 1297 a
1713 1270 1792 1297 nobis

1006 1313 1099 1345 fuisse,
1109 1322 1142 1341 ex
1156 1313 1230 1340 omni
1239 1321 1330 1341 rerum
1340 1314 1513 1342 multitudine
1528 1317 1630 1344 moveri
1638 1317 1791 1349 alias,alias

1005 1359 1417 1395 quiescere.—Meminimus.—
1429 1361 1510 1397 627
1521 1361 1621 1390 Deinde
1636 1371 1668 1391 ex
1684 1363 1718 1391 iis
1731 1371 1791 1398 quae

1005 1411 1157 1437 moventur,
1181 1407 1242 1434 alia.
1257 1414 1312 1433 uno
1338 1407 1365 1433 in
1382 1407 1451 1440 loco,
1470 1408 1497 1434 in
1512 1407 1635 1443 pluribus
1660 1409 1711 1436 alia
1732 1417 1790 1437 mn-

1006 1454 1071 1480 vcri.
1085 1468 1118 1473 —
1132 1453 1177 1481 Sic
1190 1458 1241 1481 est.
1254 1468 1287 1473 —
1298 1453 1345 1481 His
1361 1454 1442 1488 igitur
1455 1462 1487 1481 ex
1503 1455 1621 1483 motibus
1631 1477 1638 1488 ,
1662 1463 1723 1484 eum
1743 1457 1788 1491 qui

1005 1506 1059 1526 uno
1079 1506 1186 1533 semper
1210 1499 1315 1526 inloco
1339 1504 1476 1532 Versetur,
1498 1501 1571 1528 circa
1595 1501 1713 1528 medium
1739 1502 1789 1528 ali-

1005 1544 1087 1579 quod.
1114 1544 1151 1571 uti
1174 1544 1291 1571 circulos
1319 1549 1398 1573 torno
1412 1545 1509 1578 factos,
1535 1546 1657 1574 videmus
1679 1547 1786 1580 agitari.

164 1580 229 1607 οὔτε
245 1581 424 1615 ἀποθανόντος
439 1603 446 1614 ,
467 1583 521 1610 τῶν
542 1583 618 1616 ζώων
636 1585 751 1617 οὐδενός.
780 1586 858 1613 Ἀλλὰ
877 1588 953 1624 ὲλπὶς

1006 1594 1086 1625 atque
1101 1590 1134 1617 ad
1151 1590 1303 1617 intellectus
1316 1592 1522 1619 conversionem
1539 1592 1688 1620 imitatione
1705 1601 1736 1620 ac
1749 1594 1787 1621 si-

165 1625 252 1662 πολλὴ
266 1627 333 1662 (55),
348 1628 379 1654 τὸ
389 1629 519 1664 παράπαν
532 1629 562 1655 τὸ
573 1629 722 1665 γένοςήμῐν
736 1631 814 1658 τοῦτο
825 1633 952 1670 ἀναίσθη-

163 1681 212 1699 τον
229 1673 329 1705 πάσαις
343 1675 401 1706 ταῖς
416 1674 462 1701 τοῦ
481 1675 605 1710 σώματος
618 1675 757 1711 αἰσθήσεσι
775 1683 953 1714 περιπεφυκέ-

163 1727 221 1750 vat,
236 1719 328 1755 νοητὸν
349 1719 377 1746 δὲ
396 1721 485 1755 μόνον.
504 1721 551 1756 Νῷ
569 1721 601 1757 δὴ
622 1722 669 1748 καὶ
686 1723 799 1758 νοήματι
826 1725 951 1762 λάϐωμεν

163 1765 249 1799 αὑτοῦ
267 1766 330 1801 περὶ
345 1766 374 1793 τὺ
390 1766 499 1793 τοιόνδε.
515 1782 549 1786 -
561 1768 654 1800 Ποῖον;
670 1783 705 1787 -—
716 1769 808 1796 Ἥλιον
824 1773 848 1797 ει
876 1780 952 1808 περι-

163 1808 227 1842 άγει
237 1808 321 1845 ψυχὴ,
336 1810 420 1846 τριῶν
431 1811 513 1846 αὐτὴν
525 1811 554 1838 ἒν
568 1811 691 1846 λέγοντες
705 1814 780 1849 δρᾷν,
800 1817 891 1851 σχεδὸν
901 1819 950 1844 οὑκ

162 1855 380 1890 ἀποσευξόμεθα.
395 1872 429 1876 -
442 1857 463 1882 Τ
467 1858 542 1890 ίνων;
560 1874 594 1878 -
613 1858 654 1890 Ὠς
669 1859 684 1893 ἢ
706 1859 804 1887 ἐνοῦσα
823 1863 898 1895 ἐντὸς
912 1864 950 1898 τῷ

162 1902 309 1937 περιφερεῖ
319 1902 405 1937 τούτῳ
418 1903 571 1938 φαινομένῳ
589 1903 703 1939 σώματι,
721 1906 809 1942 πάντη
830 1908 950 1944 διακομί-

162 1945 207 1978 ζει
227 1946 257 1973 τὺ
275 1947 408 1979 τοιοῦτον,
433 1948 557 1984 καθάπερ
582 1950 654 1985 ἡμᾶς
672 1953 687 1984 ἡ
715 1953 779 1986 παρ’
794 1954 860 1987 ἡμῖν
877 1954 948 1990 ψυχὴ

161 1992 252 2028 πάντη
266 1993 416 2029 περιφέρευ
429 1994 445 2029 ἤ
460 1994 540 2021 ποθεν
552 1994 649 2027 ἔξωθεν
665 1996 742 2032 σῶμα
756 1998 823 2033 αὑτῇ
838 2008 949 2034 πορισα-

162 2038 234 2074 μένη
245 2038 328 2074 πυρὸς
342 2040 358 2074 ἦ
375 2048 447 2072 τινος
458 2040 538 2076 ἀέρος
547 2061 554 2072 ,
570 2041 608 2073 ὡς
620 2041 696 2075 λόγος
712 2043 768 2069 ἐστι
782 2053 872 2076 τινων,
885 2046 950 2072 ὡοεῖ

228 2083 332 2120 σώματι
361 2086 457 2120 σῶμα·
476 2086 492 2122 ἢ
514 2087 614 2122 τρίτον,
641 2087 708 2123 αὑτὴ
733 2088 796 2124 ψιλὴ
825 2090 947 2125 σώματος

159 2127 241 2162 οὖσα,
257 2130 356 2166 ἔχουσα
363 2131 392 2157 δὲ
399 2132 525 2167 δυνάμεις
535 2132 616 2165 ἄλλοις
630 2134 705 2166 τινὰς
718 2135 945 2170 ὑπερϐαλλούσας,

160 2175 282 2212 θαύματι
305 2177 425 2213 ποδηγεῖ.
446 2194 479 2198 -
495 2179 557 2206 Ναί.
578 2196 611 2200 -
628 2181 712 2207 Τοῦτο
744 2183 793 2217 μὲν
820 2184 924 2219 ἀνάγκη
938 2206 944 2216 ,

159 2222 266 2249 τούτων
279 2222 308 2249 ἓν
321 2223 352 2257 γέ
365 2232 391 2249 τι
404 2223 508 2259 δρῶσαν
521 2225 608 2260 ψυχὴν
628 2226 715 2253 πάντα
732 2227 834 2262 διάγειν
854 2230 918 2265 (36).
935 2242 944 2256 ι

159 2267 255 2294 Ταῦτα
270 2268 319 2303 μὲν
333 2267 378 2296 οὖν
393 2270 422 2295 ἐν
435 2270 474 2305 τῷ
485 2270 589 2306 δεκάτῳ
601 2272 654 2298 τῶν
666 2274 772 2307 Alﬁum!
786 2275 891 2311 εἴρηται
908 2278 946 2312 τῷ

1005 2285 1107 2312 quoque
1122 2278 1303 2305 verissimum.
1320 2294 1354 2298 —
1366 2278 1425 2305 Jam
1437 2287 1501 2314 ergo
1516 2280 1606 2314 palam
1823 2296 1828 2298 -
1867 2286 1871 2290 ”

157 2313 309 2349 φιλοσόφῳ.
319 2316 372 2341 Καὶ
391 2316 420 2342 ὲν
431 2316 470 2351 τῷ
485 2317 600 2351 Φιλήϐῳ
610 2317 637 2344 δὲ
646 2319 805 2352 ἐπάκουσον,
815 2321 887 2354 ὅπως
898 2332 946 2349 κα-

156 2360 323 2392 τασκευάζει
339 2361 466 2388 διάνοιαν.
477 2371 486 2386 ι
499 2362 601 2394 Πάντες
619 2364 672 2399 γὰρ
683 2365 738 2399 (57)
758 2368 946 2401 συμφωνοῦσιν

157 2406 186 2433 οἱ
203 2406 289 2441 σοφοὶ,
303 2407 387 2440 ὅντως
399 2408 462 2444 (58)
484 2409 594 2441 ἑαυτοὺς
615 2412 790 2445 σεμνύνοντες
801 2433 807 2443 ,
822 2414 859 2445 ὡς
884 2415 946 2446 νοῦς

157 2453 219 2478 ἐστι
235 2452 362 2487 βασιλεὺς
375 2455 440 2488 ἡμῖν
459 2455 573 2490 οὐρανοῦ
585 2464 613 2482 τε
632 2457 677 2482 καὶ
691 2458 751 2492 γῆς·
771 2459 816 2484 καὶ
837 2460 900 2491 ἴσως
915 2458 944 2486 εὖ

156 2497 279 2531 λέγουσι.
291 2498 339 2525 Διὰ
348 2500 523 2536 μακροτέρων
534 2501 566 2533 δ’,
576 2502 599 2527 εἰ
613 2501 710 2536 βούλει,
723 2503 772 2537 τὴν
784 2504 879 2538 σκέψιν
894 2506 943 2531 αὑ-

155 2544 207 2571 τοῦ
231 2544 277 2572 τοῦ
299 2546 392 2580 γένους
413 2547 599 2582 ποιησώμεθα.
615 2548 726 2582 -Λέγε
748 2549 821 2581 ὅπως
841 2550 943 2584 βούλει,

194 2623 252 2662 (ξῇ)
273 2625 386 2652 θῦσαν.
407 2626 452 2654 Sic
466 2627 577 2653 omnino
593 2627 751 2662 legendum,
775 2637 826 2656 non
845 2630 942 2662 οὐσῶν,

165 2663 189 2686 ιι
202 2658 280 2695 Plato
293 2665 317 2686 et
334 2662 407 2695 prior
419 2662 512 2689 editio.

193 2693 252 2731 (54)
277 2693 497 2731 Ἀπέικασμένιι.
518 2696 553 2724 Ita
579 2702 651 2724 recte
675 2697 766 2731 Plato,
790 2707 843 2727 non
867 2701 943 2727 ἀπει-

193 2695 241 2727 (54
277 2696 497 2731 Ἀπεικασμένιι.
518 2696 553 2724 Ita
579 2702 651 2724 recte
675 2697 766 2731 Plato,
790 2707 843 2727 non
867 2701 897 2726 ἁτ

159 2695 309 2792 ςασένην,
324 2731 395 2765 quod
410 2740 548 2766 perperam
561 2737 623 2759 ante
638 2733 785 2774 legebatur.

192 2767 201 2799 (
242 2764 251 2800 )
281 2766 377 2798 Ελπὶς
400 2767 510 2800 πολλή.
541 2767 599 2794 Non
619 2773 699 2795 vertit
726 2768 844 2797 Flemus.
872 2771 897 2797 Id

192 2777 251 2800 too)
281 2777 377 2798 manu;
400 2777 510 2800 30.1.42].
541 2777 599 2794 non
619 2777 699 2795 \‘erllt
726 2777 844 2797 rtcnnus.
872 2777 941 2798 Idem

153 2805 216 2831 est,
238 2808 278 2837 ac_
292 2801 455 2833 κινδυνεύει,
472 2803 572 2835 ἔοικεν,
591 2803 733 2837 φαίνεται,
759 2809 786 2831 ct
800 2811 893 2832 ca-tera
918 2808 943 2833 id

155 2843 243 2875 genus
263 2835 369 2863 Platoni
388 2837 545 2870 familiaria,
561 2835 621 2865 cuin
635 2840 782 2866 verisimile
799 2841 863 2875 quid
882 2850 942 2869 ess:-

154 2876 204 2897 θιι.

192 2906 248 2942 (36)
269 2906 393 2942 Διάγειν.
416 2907 511 2935 Mirum
533 2913 574 2937 est
598 2910 760 2944 pta‘lcl‘itam
779 2911 811 2939 ab
826 2911 940 2940 Eusebio

1008 1636 1168 1667 militudine,
1185 1643 1265 1670 quam
1282 1636 1404 1670 proxime
1421 1637 1478 1664 ﬁeri
1496 1643 1593 1671 potest,
1603 1638 1729 1666 accedere
1742 1648 1789 1666 ne-

1005 1689 1081 1709 cesse
1106 1686 1158 1709 est.
1172 1696 1206 1702 --
1218 1680 1326 1709 Clarius
1350 1682 1438 1715 istud,
1463 1690 1563 1717 quaeso.
1578 1698 1612 1703 —-
1629 1683 1746 1718 Nempe,
1764 1686 1785 1711 si

1006 1732 1169 1762 utrumque,
1188 1728 1351 1755 intellectum
1362 1747 1370 1759 ,
1389 1728 1497 1763 inquam
1508 1749 1515 1762 ,
1537 1734 1564 1756 et
1579 1734 1681 1757 motum
1698 1730 1785 1761 illum,

1004 1772 1050 1806 qui
1066 1780 1119 1800 uno
1134 1780 1241 1808 semper
1256 1774 1283 1800 in
1299 1774 1358 1801 loco
1371 1778 1504 1806 versatur,
1529 1782 1583 1809 quo
1602 1776 1683 1802 modo
1697 1776 1784 1810 spine-

1004 1826 1062 1845 ram
1075 1819 1193 1854 aliquam
1206 1820 1275 1847 volvi
1289 1820 1396 1847 solitam
1411 1820 1604 1853 videmus,una
1621 1829 1728 1856 seraper
1742 1831 1787 1849 ea-

1003 1864 1119 1899 demque
1134 1866 1249 1899 ratione,
1269 1866 1296 1893 in
1314 1866 1420 1898 eodem,
1443 1866 1513 1894 circa
1529 1868 1634 1899 eadem,
1657 1872 1737 1902 atque
1753 1868 1785 1894 ad

1002 1909 1107 1942 eadem,
1124 1917 1233 1945 unoque
1247 1911 1342 1938 ordine
1358 1911 1479 1938 converti
1493 1911 1657 1946 dixerimus;
1673 1913 1783 1944 nemini.

1002 1955 1109 1989 opinor,
1126 1955 1271 1989 praclaras
1293 1956 1423 1991 imagines
1436 1957 1622 1984 ratiocinando
1643 1966 1783 1993 perperam

1002 2000 1102 2035 ﬁngere
1129 2000 1225 2027 merito
1242 2001 1390 2028 videamur.
1406 2016 1441 2022 —-
1454 2001 1560 2037 Optime
1574 2003 1599 2029 id
1613 2005 1732 2037 quidem.
1749 2021 1785 2025 —

1003 2046 1072 2081 Ergo
1088 2046 1154 2073 alter
1171 2046 1214 2073 ille
1224 2051 1325 2079 motus,
1350 2048 1394 2082 qui
1413 2056 1552 2083 nunquam
1576 2049 1717 2084 similiter,
1735 2060 1783 2079 nec

1001 2092 1148 2119 secundum
1165 2092 1269 2122 eadem,
1286 2100 1335 2119 nec
1359 2093 1385 2119 in
1407 2093 1512 2126 eodem,
1533 2101 1583 2121 nec
1596 2094 1666 2122 circa
1679 2096 1783 2128 eadem,

1000 2145 1051 2165 nec
1061 2138 1093 2165 ad
1109 2138 1214 2172 eadem,
1228 2147 1278 2166 nec
1293 2146 1348 2166 uno
1363 2139 1389 2166 in
1402 2139 1472 2170 loco,
1487 2148 1536 2167 nec
1548 2145 1611 2175 apto
1627 2142 1743 2176 quodam
1758 2149 1784 2169 et

1000 2185 1115 2220 eleganti
1132 2185 1236 2218 ordine,
1261 2193 1309 2213 nec
1327 2190 1400 2213 certa
1416 2187 1521 2213 ratione
1535 2192 1667 2219 versatur,
1675 2196 1798 2230 Silllllitiﬂ“
1830 2182 1834 2186 Α

1001 2239 1062 2258 eum
1089 2232 1207 2258 amentia
1230 2232 1390 2266 coniunctus
1409 2232 1500 2260 haberi
1524 2233 1611 2260 debet.
1625 2233 1711 2270 -—,‘E¢
1730 2231 1783 2269 hoc

997 2329 1072 2356 ceat,
1107 2324 1326 2360 quandoquidem
1357 2326 1464 2353 animus
1492 2326 1600 2359 is,..eitt,
1618 2327 1666 2362 qui
1693 2333 1783 2356 versat

997 2372 1099 2403 omnia,
1117 2373 1202 2406 ipsam
1217 2380 1326 2407 quoque
1340 2373 1400 2400 ρωιί
1416 2372 1618 2409 conversionem
1635 2375 1718 2402 animi
1729 2375 1776 2403 ali-

996 2419 1086 2452 cujus,
1103 2427 1150 2445 seu
1173 2419 1247 2447 boni.
1267 2428 1314 2447 seu
1337 2420 1465 2447 contrarii
1484 2418 1782 2454 arbitrioaemodera-

997 2465 1071 2490 tione
1086 2463 1438 2498 gubernari.—-Enimvero.
1456 2465 1491 2491 mi
1508 2465 1658 2500 hospes,ex
1675 2466 1709 2493 iis
1722 2472 1783 2501 quia

994 2509 1106 2544 jamjam
1121 2510 1192 2537 dicta
1211 2515 1284 2542 sunt,
1301 2511 1373 2537 aliml
1400 2512 1548 2549 quidquam
1572 2516 1692 2540 statuere
1704 2512 1782 2540 nefas

995 2554 1047 2587 sit,
1066 2563 1147 2590 quam
1160 2556 1216 2583 sive
1231 2564 1315 2583 unum
1331 2557 1451 2591 aliquem
1470 2549 1603 2592 animum,
1619 2558 1677 2587 sive
1688 2557 1780 2593 plures

995 2637 1151 2670 sequentem
1166 2634 1317 2667 periodum,
1330 2644 1390 2670 qua:
1404 2637 1541 2670 conceptis
1554 2635 1642 2664 verbis
1656 2631 1778 2664 animum

996 2667 1081 2704 illum:
1097 2668 1179 2704 alium
1201 2677 1251 2695 non
1267 2678 1328 2696 esse
1339 2667 1423 2704 quam
1443 2667 1537 2699 Deum.
1560 2672 1595 2698 ita
1615 2671 1754 2699 conéiltdit
1770 2683 1777 2699 :

995 2702 1080 2742 ᾼὺτοῦ
1095 2703 1192 2742 (ἡλίου)
1207 2703 1238 2739 δὴ
1250 2702 1362 2742 ἄμεινον
1381 2706 1483 2739 ταύτην
1497 2706 1545 2742 τὴν
1556 2706 1659 2742 ψυχὴν,
1679 2707 1734 2734 εἴτε
1750 2709 1778 2734 ὲν

995 2738 1115 2776 ἅρμασιν
1129 2738 1308 2776 ἕχουγσανήμῐν
1323 2740 1397 2774 ἥλιον
1407 2761 1414 2772 ,
1434 2741 1495 2775 ἄγει
1517 2738 1573 2776 {adis
1588 2738 1643 2773 τοῖς
1666 2743 1777 2775 ἃπατιν,

995 2774 1042 2814 εἰτ’
1052 2774 1160 2814 ἔξωρεν.
1173 2774 1314 2814 εἴθ’ᾓποζς,
1332 2774 1538 2814 εἷθ’μόπηίθεὸν
1551 2778 1677 2814 ἡγεῖσθαι
1688 2780 1777 2814 χρεὼν

995 2787 1033 2798 ιι..
1052 2787 1160 2806 εςωυεν.
1173 2787 1212 2800 ειυ
1230 2787 1314 2807 οπως,
1332 2787 1372 2802 ειυ
1397 2787 1460 2812 οπη,
1473 2787 1538 2803 σεον
1551 2787 1677 2812 ηγεισυαι
1709 2787 1777 2814 ρειυν

995 2809 1082 2848 πάντα
1103 2809 1186 2848 ἄνδρα
1199 2810 1238 2848 ,ιῆ
1256 2810 1414 2848 πῷςςικειὶ,
1437 2812 1482 2838 τόν
1503 2813 1533 2846 γέ
1552 2821 1602 2838 που
1625 2813 1662 2848 μὴ
1687 2787 1734 2841 ἔτεϊ
1748 2815 1778 2840 τὸ

994 2844 1105 2878 ἔσχατον
1120 2845 1268 2879 ἀφιγμένον
1282 2846 1382 2877 ἀνοίας.

1030 2880 1084 2917 (ᾗῖ)
1100 2880 1213 2913 Πάντες
1226 2880 1289 2917 γάρ.
1306 2881 1390 2913 Plato,
1407 2890 1467 2917 pag.
1483 2882 1515 2908 79
1532 2882 1561 2909 Ι).

1030 2915 1084 2949 (58)
1103 2916 1218 2950 Ὄντως.
1237 2916 1332 2944 Melius
1348 2915 1428 2953 quam
1445 2915 1477 2946 ut
1495 2918 1520 2944 in
1540 2918 1660 2952 b‘latune,
1678 2918 1771 2951 οὕτως.
