2078 3207
342 193 409 221 1045

669 192 802 220 EUSEBll
812 190 1048 220 CESARIENSiS
1067 189 1144 216 03H).
1166 188 1254 217 PARS
1275 190 1306 218 ll.
1327 207 1361 212 —
1387 191 1636 220 APOLOGETICA.

1885 191 1938 217 lilii

341 251 413 277 omni
429 250 533 277 virtutis
548 257 644 284 genere
657 254 831 284 praestantes,
853 256 996 282 corporum
1011 247 1116 274 illorum

1175 247 1256 282 μηδὲν
1273 248 1358 283 μῆχος
1374 248 1598 284 ὑπολογιζόμενος
1618 249 1692 284 ἡμῖν,
1709 245 1731 274 ὦ
1744 247 1896 282 Σώκρατες,
1910 247 1938 278 ὡς

341 296 511 324 conversioni
527 302 652 330 praeesse.
666 310 700 315 —
713 295 840 330 Egregie,
854 295 891 321 mi
902 294 990 321 Clinia
1000 315 1007 325 ,
1026 293 1124 327 dispu—

341 341 451 368 tationis
464 340 544 375 hujus
559 340 613 367 vim
629 340 734 374 cepisti.
760 339 812 367 Sed
831 344 920 366 tamen
937 339 1041 366 audisis
1056 338 1124 365 illud

340 394 456 422 quoque.
472 401 506 406 -—
527 385 727 418 Quidnam?—
748 386 856 417 Solem,
881 386 971 412 lunam
994 389 1124 419 astraque

339 436 452 462 eaztera,
472 431 495 459 si
516 432 622 458 animus
645 432 768 459 universa
790 431 966 466 circumagit,
989 430 1123 465 numquid

339 477 419 503 etiam
435 477 600 511 singula?-——
611 476 710 510 Quidni
721 477 812 511 enimi?
824 492 853 497 —
874 476 911 504 De
923 484 978 504 uno
993 477 1075 511 igitur
1088 483 1123 504 ea

340 522 473 554 dicamus,
499 530 559 556 qua:
584 523 610 549 in
635 523 765 558 reliquam
782 523 901 550 siderum
919 522 1122 550 multitudinem

338 569 481 595 convenire
507 568 619 603 possint.
635 585 670 589 —
689 569 749 602 Quo
762 569 794 596 de
806 574 895 596 autem
904 569 916 596 τ
925 584 960 589 —-
970 568 1042 596 Solis
1058 576 1119 596 cor-

340 620 391 647 pus
404 621 482 641 nemo
497 622 549 640 non
563 614 644 647 videt,
668 615 788 642 animum
807 615 879 642 videt
893 622 982 642 nemo.
998 630 1033 634 —
1049 614 1119 647 Quid

339 657 500 684 mirum?—-
514 657 552 686 Ne
570 659 651 686 ullius
673 660 781 694 quidem
807 660 919 687 alterius
939 660 1118 687 animantium

339 703 470 738 corporis,
486 712 532 731 seu
546 705 659 732 viventis
671 705 769 737 adhuc,
791 712 838 732 seu
853 705 909 739 jam
924 705 1033 732 mortui.
1065 705 1117 732 Sed

338 748 466 776 nimirum
478 749 615 782 probabile
627 750 771 777 admodum
785 755 835 783 est,
854 757 939 785 genus
952 750 1017 778 illud
1032 755 1117 778 totum

337 794 469 828 ejusmodi
483 803 542 823 esse
553 816 559 828 ,
576 795 649 830 quod
670 803 763 823 omnes
777 797 900 830 cerporis
916 804 1013 824 sensus
1025 797 1060 823 ita
1075 796 1116 823 fu-

338 839 404 874 giat,
419 845 447 867 ut
464 844 554 868 tamen
573 841 755 876 intelligentiae
767 842 792 869 vi
808 842 938 876 capiatur.
967 841 1054 869 Mente
1068 841 1116 876 igi-

338 889 382 912 tur
394 890 475 920 atque
489 887 675 922 intelligentia,
688 888 759 922 quod
776 895 791 914 a
807 888 884 915 nobis
895 888 928 915 de
940 887 986 915 illo
998 888 1115 921 additur,

338 930 524 959 informemus.
538 947 572 952 —
587 931 656 965 Quid
672 933 736 960 illud
748 933 799 959 ‘?—
809 933 898 960 Solem
912 935 934 961 si
947 934 1055 961 animus
1069 934 1119 960 cir-

339 976 468 1011 cumagit,
496 985 511 1004 e
535 977 621 1005 tribus
646 986 728 1005 unum
751 979 785 1005 ab
800 987 832 1006 eo
847 979 904 1007 lieri
921 980 944 1008 si
957 980 1117 1014 dixerimus,

338 1022 419 1054 haud,
431 1023 536 1057 opinor,
561 1024 863 1057 aberrabimus—Quae
877 1029 904 1052 tu
920 1025 985 1052 mihi
1001 1026 1074 1053 tria?
1085 1042 1119 1046 ——

337 1065 488 1100 Nimirum,
506 1072 553 1095 aut
577 1068 711 1096 inclusum
725 1070 809 1105 628
822 1071 938 1098 rotundo
962 1071 1024 1103 illo,
1047 1071 1118 1106 quod

336 1112 482 1146 cernimus,
498 1120 610 1148 corpore
622 1114 754 1146 animum,
773 1116 837 1143 illud
849 1124 956 1144 omnem
974 1116 1000 1143 in
1013 1121 1116 1151 partem

335 1157 520 1191 circumferre,
537 1159 575 1186 uti
590 1167 808 1194 quoquoversum
825 1169 840 1188 a
853 1167 948 1189 nostra
962 1162 1012 1197 ipsi
1025 1163 1116 1190 animo

335 1203 552 1232 circumferimur
572 1212 580 1232 :
604 1210 651 1233 aut
665 1206 790 1234 eumdem
812 1207 906 1235 induto
924 1209 975 1236 sibi
1000 1208 1116 1240 aliunde,

336 1249 376 1275 vel
390 1249 480 1284 igneo,
496 1251 538 1277 vel
555 1252 628 1278 aerio
639 1259 762 1287 corpore,
775 1253 847 1288 quod
863 1255 987 1282 nonnulli
1002 1254 1116 1287 malunt,

335 1295 457 1330 corporis
473 1296 497 1322 vi
509 1304 609 1332 corpus
623 1298 759 1332 impellere
778 1308 783 1325 :
801 1303 847 1326 aut
861 1307 1009 1332 postremo.
1028 1300 1116 1334 ipsum

335 1340 421 1373 illum,
437 1346 465 1368 ut
482 1349 594 1377 corpore
605 1344 677 1370 omni
695 1352 741 1378 per
756 1352 816 1372 sese
831 1350 931 1376 careat,
951 1345 1012 1372 aliis
1027 1351 1116 1373 tamen

328 1386 494 1420 "eximiisque
509 1388 612 1416 viribus
626 1389 798 1421 instructum,
828 1391 979 1417 admirabili
998 1391 1116 1426 quodam

334 1432 417 1459 modo
432 1433 515 1460 solem
531 1433 711 1462 deducere.-
728 1434 809 1462 Sane.
826 1451 860 1455 —
875 1436 917 1463 Ab
933 1436 1035 1468 animo,
1051 1437 1115 1464 dum

333 1487 365 1506 ex
381 1479 414 1507 iis
430 1487 514 1507 unum
536 1481 637 1516 aliquid
662 1478 751 1516 efﬁcit,
768 1483 870 1510 versari
892 1483 983 1510 omnia
1006 1484 1116 1518 regique

333 1532 444 1553 necesse
466 1532 517 1554 est.
538 1536 546 1551 ›
565 1527 652 1562 Atque
675 1528 732 1555 lure
756 1528 931 1562 philosophus
951 1528 1046 1563 Legum
1069 1528 1116 1555 de<

333 1570 415 1599 cimo.
444 1571 513 1599 Audi
526 1572 582 1606 jam
596 1573 823 1607 quemadmodum
840 1573 866 1600 in
879 1573 991 1600 Philebo
1006 1579 1114 1600 senten-
1129 1587 1150 1616 ο

334 1615 398 1641 tiam
417 1615 461 1642 ille
475 1623 552 1642 suam
569 1621 683 1644 astruat.
704 1627 713 1642 ι
725 1617 877 1652 Sapientes,
893 1618 990 1652 inquit,
1007 1625 1113 1651 omnes,

333 1660 379 1694 qui
393 1660 473 1687 modo
486 1661 546 1695 jure
572 1662 623 1688 hoc
646 1664 754 1690 nomine
769 1664 934 1698 gloriantur,
951 1664 1116 1692 intellectum

333 1705 394 1732 coeli
411 1711 597 1741 terrarumque
615 1715 701 1742 regem
714 1717 774 1736 esse
788 1710 973 1736 consentiunt.
994 1711 1033 1738 Ac
1047 1710 1116 1738 forte

333 1752 441 1787 quidem
465 1759 516 1780 noc
541 1758 622 1781 recte.
644 1753 698 1782 Nos
718 1763 783 1783 vero
799 1755 822 1783 si
838 1758 940 1791 placet,
956 1756 1043 1784 fusms
1057 1765 1114 1784 rem

332 1803 415 1825 totam
426 1799 589 1834 uberiusque
599 1800 832 1828 tractemus—Tu
847 1801 961 1832 vero.uti
971 1801 1113 1835 videbitur,

332 1851 349 1871 ο
364 1843 500 1878 Socrates,
518 1854 567 1873 nec
584 1846 664 1873 ullum
683 1847 732 1874 hoc
756 1847 782 1875 in
807 1855 905 1883 genere
919 1848 1114 1884 longitudinem

333 1897 453 1923 vereare,
471 1898 532 1917 cum
549 1892 649 1918 nemini
663 1893 794 1920 molestus
808 1893 846 1921 sis
858 1894 976 1922 futurus.
991 1909 1029 1915 —
1043 1894 1114 1921 Prm-

332 1937 414 1964 clare.
448 1937 609 1972 Incipiamus
643 1939 724 1973 igitur
752 1939 824 1966 hunc
853 1940 879 1966 iu
902 1940 1012 1966 modum
1041 1947 1114 1974 qua:-

333 1992 445 2012 rere.—
459 1984 554 2018 Quem,
571 1985 650 2012 sodes
660 1985 713 2011 ’ίμ-
727 1985 834 2019 Utrum,
847 1988 883 2014 mi
899 1986 1056 2018 Protarche,
1071 1994 1114 2014 res

331 2038 438 2064 omnes,
456 2035 536 2066 atque
556 2032 617 2063 hoc,
636 2031 674 2058 uti
696 2040 835 2066 vocamus,
861 2033 1016 2061 universum
1033 2041 1114 2060 casus

331 2081 358 2104 et
383 2076 497 2104 fortuna:
520 2077 545 2104 vi
571 2082 669 2104 temere
694 2078 735 2112 agi
767 2078 929 2111 statuimus;
951 2087 984 2105 an
1010 2084 1112 2111 contra,

331 2123 559 2157 quemadmodum
576 2123 693 2157 majores
717 2124 801 2151 nostri
828 2125 946 2155 voluere,
972 2124 1070 2151 mentis
1083 2132 1115 2152 ac

332 2167 471 2203 sapientiae
486 2167 626 2203 cujusdam
642 2168 811 2196 admirabilis
824 2169 939 2197 consilio
953 2170 1115 2204 gubernari?

330 2226 340 2230 -
354 2226 364 2230 -
374 2211 460 2245 Absit,
479 2219 495 2238 ο
508 2212 706 2246 sapientissime
720 2211 854 2244 Socrates,
869 2213 906 2238 uti
921 2213 996 2247 prius
1016 2213 1080 2240 illud
1098 2221 1113 2240 a

1175 294 1223 319 οὑκ
1237 293 1463 329 ἀπεχθησόμενος.
1485 309 1519 313 —-
1533 294 1629 326 Καλῶς
1642 292 1729 325 εἶπας.
1751 292 1902 328 ’Λρξώμεθα
1917 292 1940 318 δέ

1174 347 1231 370 πως
1249 335 1299 365 ὦδε
1327 339 1560 374 ἐπανερωτῶντες.
1577 354 1610 359 —
1627 339 1688 370 Πῶς
1700 347 1707 370 ;
1720 353 1754 357 —
1770 338 1883 372 Πότερον
1895 357 1901 369 ,
1922 334 1940 362 ὦ

1174 386 1332 421 Πρώταρχε,
1353 386 1386 412 τὰ
1402 386 1563 420 ξύμπαντα,
1585 385 1630 412 καὶ
1652 385 1710 411 τόδε
1735 384 1764 410 τὸ
1790 383 1939 418 καλούμενοι

1172 432 1246 462 ὅλον,
1270 431 1456 466 ἐπιτροπεύειν
1473 431 1565 466 φῶμεν
1585 431 1635 466 τὴν
1651 431 1696 457 τοῦ
1714 430 1809 464 ἀλόγου
1832 429 1877 456 καὶ
1890 430 1941 464 εἰκῆ

1173 476 1295 511 δύναμιν,
1309 478 1355 504 καὶ
1368 477 1403 503 τὰ
1416 477 1469 510 ὅπη
1483 477 1595 512 ἔτυχεν;
1609 477 1625 512 ἢ
1638 475 1777 508 τάναντία,
1789 475 1909 510 καθάπερ
1921 477 1941 501 οἱ

1173 522 1289 557 πρόσθεν
1300 523 1378 557 ἡμῶν
1393 522 1495 557 ἔλεγον,
1507 522 1568 549 νοῦν
1579 522 1626 548 καὶ
1637 522 1765 557 φρόνησιν
1776 530 1834 550 τινα
1849 521 1942 556 Θαυμα-

1173 567 1237 603 στὴν
1252 568 1449 595 συεηὰττουσαν
1460 567 1638 604 διακυὸερνᾷν
1650 567 1775 599 ς-οὺδὲν
1787 566 1840 593 τῶν
1853 567 1941 599 αὐτῶν,

1172 611 1194 640 ὦ
1208 614 1342 649 θαυμάσιε
1353 613 1505 649 Σώκρατες.
1525 614 1558 639 Ὃ
1575 613 1625 648 μὲν
1638 613 1692 648 γὰρ
1708 613 1739 648 δὴ
1752 613 1783 640 σὺ
1797 613 1894 646 λέγεις,
1903 613 1943 639 νῦν

1172 660 1225 686 οὐδ’
1238 660 1311 687 ὅσιον
1324 657 1391 686 εἷναί
1409 669 1454 694 μοι
1474 660 1599 694 φαίνεται
1612 668 1619 674 ”
1632 659 1662 685 τὸ
1673 659 1700 685 δὲ
1718 659 1780 685 νοῦν
1794 659 1881 685 πάντα
1891 659 1943 685 δαι-

1172 703 1283 737 κοςμεῖν
1298 703 1367 729 αὐτὰ
1380 703 1477 737 φάναι,
1491 704 1537 730 καὶ
1550 703 1599 737 τῆς
1613 703 1700 737 ὄψεως
1717 702 1764 729 τοῦ
1779 703 1891 738 κόσμου,
1903 703 1945 730 καὶ

1171 747 1257 782 ἡλίου,
1271 747 1318 774 καὶ
1335 747 1458 783 σελήνης,
1483 747 1531 774 καὶ
1548 747 1663 783 ἄστρων,
1679 747 1726 774 καὶ
1744 747 1832 782 πάσης
1843 748 1891 782 τῆς
1903 756 1946 774 πε-

1171 795 1283 830 ριφορᾶς
1302 794 1386 826 ἄξιον,
1400 795 1446 821 καὶ
1459 794 1508 820 οὐκ
1516 794 1601 825 ἄλλως
1614 793 1694 828 ἔγωγ’
1706 793 1738 820 ἄν
1752 802 1815 819 ποτε
1832 794 1893 828 περὶ
1900 794 1945 819 αὑ-

1171 839 1226 868 ττῶν
1237 841 1350 875 εἴποιμι,
1366 840 1422 866 οὐδ’
1435 839 1467 866 ἂν
1474 839 1719 874 δόξαιμι.-Βούλει
1735 839 1803 874 δῆτα
1816 840 1861 866 καὶ
1873 841 1946 875 iussi;

1168 886 1227 917 τοῖς
1254 884 1407 920 ἔμπροσθεν
1429 884 1651 920 ὁμολογουμένοις
1684 884 1866 919 ξυμφήσωμεν
1880 905 1889 916 ,
1911 885 1945 916 ὡς

1168 931 1246 958 ταῦθ’
1261 931 1345 963 οὕτως
1356 931 1426 966 ἔχει;
1448 931 1495 957 καὶ
1513 931 1550 966 μὴ
1567 931 1645 965 μόνον
1657 931 1711 966 ('59)
1723 930 1841 965 οἰώμεθα
1852 931 1903 957 δεῖν
1916 931 1947 957 τὰ

1170 978 1297 1013 amcam:
1307 978 1370 1006 ἄνευ
1387 977 1514 1004 κινδύνων
1537 977 1624 1010 λέγειν
1637 997 1644 1008 ,
1659 976 1728 1002 ἀλλὰ
1748 976 1795 1002 καὶ
1812 975 1947 1009 συγκινδυ-

1172 1023 1295 1057 νεῶωμεν
1305 1041 1312 1053 ,
1329 1022 1374 1049 καὶ
1391 1021 1547 1057 μετέχωμεν
1562 1021 1609 1047 τοῦ
1628 1021 1712 1055 ψόγου
1722 1042 1728 1051 ,
1744 1021 1806 1047 ὅταν
1819 1021 1887 1055 ἀνὴρ
1898 1021 1947 1047 δει-

1169 1070 1211 1101 νος
1227 1070 1264 1104 φῇ
1275 1068 1359 1095 ταῦτα
1380 1068 1416 1104 μὴ
1429 1068 1524 1100 οὕτως,
1542 1067 1598 1095 ἀλλ’
1609 1068 1732 1098 ἀτάκτως
1746 1067 1834 1102 ἕχειν;
1850 1082 1882 1086 -
1891 1067 1947 1098 Πῶς

1168 1116 1221 1152 γὰρ
1242 1115 1293 1142 οὐκ
1310 1115 1343 1141 ἂν
1359 1114 1520 1150 βουλοίμην;
1536 1130 1567 1134 --
1587 1114 1689 1148 Ἰθιδὴ,
1706 1113 1750 1140 τὸν
1765 1113 1874 1139 ἐπιόντα
1888 1114 1948 1148 περὶ

1168 1163 1268 1189 τούτων
1282 1160 1330 1187 νῦν
1343 1162 1408 1196 ἡμῖν
1427 1159 1504 1194 λόγον
1521 1159 1608 1194 ἄθρει.
1622 1174 1655 1178 —
1672 1159 1740 1193 Λέγε
1761 1159 1851 1193 μόνον.
1864 1174 1895 1178 ——
1910 1158 1948 1184 Τὰ

1170 1209 1234 1244 περὶ
1250 1216 1301 1239 την
1320 1206 1374 1232 τῶν
1397 1205 1531 1241 σωμάτων
1553 1205 1634 1240 φύσιν
1652 1206 1776 1232 ἁπάντων
1790 1204 1843 1230 τῶν
1862 1204 1946 1236 ζώων,

1172 1255 1238 1290 πῦρ,
1252 1255 1298 1281 καὶ
1310 1252 1393 1288 ὕδωρ,
1405 1253 1451 1278 καὶ
1464 1251 1572 1286 πνεῦμα
1588 1250 1747 1286 καθορῶμέν
1758 1258 1819 1280 που,
1834 1250 1880 1276 καὶ
1887 1249 1949 1284 γῆν,

1168 1300 1291 1335 καθάπερ
1325 1299 1350 1326 οἱ
1376 1297 1567 1332 *(ειμαζόμενοί
1604 1305 1704 1330 φασιν,
1739 1296 1831 1322 ἐνόντα
1862 1296 1890 1321 ὲν
1917 1297 1948 1329 τῇ

1169 1345 1317 1376 eumdem;
1348 1358 1383 1363 -ν
1410 1343 1464 1369 Καὶ
1497 1343 1578 1377 μάλα.
1613 1357 1647 1362 -—
1672 1341 1864 1377 Χειμαζόμεθα
1896 1341 1950 1375 γὰρ

1167 1391 1250 1421 ὅντως
1276 1390 1327 1417 ὑπὸ
1351 1388 1466 1424 impia;
1493 1389 1521 1414 ἐν
1537 1389 1593 1419 τοῖς
1625 1387 1672 1413 νῦν
1701 1387 1799 1420 λόγοις.
1828 1386 1895 1421 Φέρε
1917 1385 1949 1420 δὴ

1167 1437 1230 1472 περὶ
1256 1436 1370 1472 ἑκάστου
1395 1435 1449 1461 τῶν
1473 1433 1537 1469 παρ’
1561 1434 1626 1469 ἡμῖν
1648 1433 1712 1459 λάϐε
1735 1433 1772 1458 τὸ·
1788 1432 1899 1459 τοιόνδε.
1915 1448 1948 1452 -

1169 1484 1246 1510 Ποῖον
1257 1492 1264 1514 ;
1274 1470 1375 1508 —"(5-.t
1395 1480 1509 1516 σμικρόν
1524 1489 1551 1506 τι
1562 1480 1662 1506 τούτων
1677 1480 1790 1506 ἕκαστον
1806 1479 1870 1513 παρ’
1885 1479 1950 1513 ἡμῖν

1167 1529 1265 1560 ἔνεστι,
1280 1529 1326 1554 καὶ
1348 1527 1457 1562 φαῦλον.
1475 1526 1523 1554 καὶ
1537 1525 1640 1561 οὐδαμῆ
1665 1524 1789 1560 οὐδαμῶς
1807 1524 1949 1558 εἰλικρινὲς

1167 1573 1207 1605 ὃν,
1225 1574 1272 1599 καὶ
1281 1573 1328 1608 τὴν
1341 1572 1454 1606 δύναμιν
1467 1573 1516 1598 οὐκ
1528 1570 1606 1602 αξίαν
1621 1570 1669 1605 τῆς
1685 1569 1791 1604 φύσεως
1814 1569 1885 1603 ἕχον.
1906 1569 1949 1594 Ἐν

1166 1619 1205 1645 ἑνὶ
1222 1619 1249 1645 δὲ
1269 1618 1367 1649 λαϐὼν,
1395 1619 1458 1654 περὶ
1479 1618 1587 1645 πάντων
1610 1616 1664 1643 νόει
1687 1615 1798 1642 ταύτόν·
1817 1612 1872 1641 οἷον
1896 1615 1949 1649 πῦρ

1166 1665 1224 1690 ἐστι
1242 1664 1291 1699 μέν
1306 1672 1356 1690 που
1373 1665 1436 1698 τΔρ’
1450 1664 1524 1698 ἡμῖν,
1545 1663 1602 1689 ἐστι
1619 1661 1639 1687 δ’
1661 1662 1689 1687 ἐν
1710 1660 1748 1696 τῷ
1769 1661 1903 1686 παπῐ.-ο
1917 1660 1949 1686 Ti

1168 1710 1279 1745 μήν;-
1295 1709 1398 1736 οὺκοῦν
1424 1709 1537 1744 σμικρὸν
1560 1708 1609 1744 μέν
1631 1716 1656 1733 τι
1671 1707 1700 1733 τὸ
1722 1707 1786 1741 παρ’
1809 1707 1887 1740 ἡμῖν,
1904 1705 1949 1731 καὶ

1167 1755 1288 1786 ἀσθενὲς,
1306 1755 1352 1781 καὶ
1374 1755 1490 1789 φαῦλον,
1504 1755 1534 1780 τὸ
1556 1754 1577 1780 δ’
1598 1754 1626 1780 ἐν
1647 1752 1685 1788 τῷ
1701 1752 1790 1785 παντὶ,
1806 1752 1907 1787 πλῆθει
1921 1760 1949 1778 τε

1166 1800 1318 1836 θαυμαστὸν
1335 1801 1381 1827 καὶ
1397 1801 1498 1832 κάλλει,
1515 1801 1561 1827 καὶ
1577 1801 1648 1835 πάσῃ
1665 1799 1776 1834 δυνάμει
1789 1800 1822 1833 τῇ
1840 1798 1905 1833 περὶ
1921 1798 1950 1824 τὸ

1166 1844 1221 1880 πῦρ
1236 1844 1364 1880 citam——
1381 1845 1435 1871 Καὶ
1459 1844 1529 1880 μάλα
1545 1843 1642 1879 ἀληθὲς
1662 1843 1676 1869 ὃ
1692 1843 1791 1877 λέγεις.
1807 1858 1842 1863 ——
1854 1843 1887 1868 Τί
1905 1842 1949 1873 δές

1164 1891 1293 1925 τρέφεται
1307 1891 1352 1917 καὶ
1367 1891 1469 1924 γίνεται
1484 1891 1515 1916 ὲκ
1535 1890 1640 1920 τούτου,
1655 1890 1702 1915 καὶ
1723 1889 1836 1924 ἄρχεται
1858 1888 1890 1915 τὸ
1904 1887 1950 1914 τοῦ

1165 1936 1264 1967 παντὸς
1282 1936 1346 1971 πῦρ,
1364 1937 1416 1963 ὑπὸ
1429 1936 1475 1962 τοῦ
1497 1936 1558 1972 παρ’
1569 1937 1634 1971 ἡμῖν
1647 1935 1741 1971 πυρὸς,
1755 1935 1771 1970 ἦ
1783 1935 1949 1965 τούναντίον,

1165 1982 1210 2008 ὑπ’
1224 1982 1326 2008 ἐκείνου
1340 1983 1368 2008 τό
1379 1991 1405 2008 τε
1419 1982 1493 2017 ἐμὸν,
1511 1982 1557 2008 καὶ
1570 1983 1599 2008 τὸ
1615 1977 1670 2014 σὺν,
1688 1983 1734 2008 καὶ
1747 1982 1782 2010 τὸ.
1791 1982 1845 2008 τῶν
1863 1982 1951 2009 ἄλλων

1165 2028 1252 2060 ζωων,
1268 2028 1362 2055 ᾶπανέ
1380 2028 1449 2063 ἴσχει
1460 2028 1608 2060 ταῦτα;--
1625 2028 1710 2054 Τοῦτο
1728 2028 1777 2063 μὲν
1799 2029 1862 2055 οὐδὲ
1884 2030 1951 2055 ἁπο-

1164 2077 1280 2108 κρισεως
1295 2074 1368 2107 ἄξιον
1381 2075 1537 2109 ἐρωτᾷς.-
1554 2074 1665 2110 Ὀρθῶς.
1686 2075 1776 2101 Tauri
1794 2076 1850 2110 γὰρ
1868 2077 1951 2111 ἐρεῖς,

1165 2124 1249 2156 οἶμαι,
1266 2121 1329 2156 περί
1343 2129 1372 2146 τε
1385 2121 1434 2155 τῆς
1451 2122 1479 2146 ἐν
1495 2122 1550 2151 τοῖς
1563 2120 1641 2152 ζώοις
1654 2121 1704 2156 γῆς
1719 2121 1767 2155 τῆς
1781 2121 1887 2152 ἐνθάδε,
1905 2122 1953 2147 καὶ

1164 2168 1213 2202 τῆς
1229 2168 1258 2193 ὲν
1271 2166 1308 2202 τῷ
1323 2166 1420 2193 παντί·
1442 2166 1488 2192 καὶ
1509 2166 1562 2192 τῶν
1577 2165 1663 2192 ἄλλων
1682 2166 1714 2201 δὴ
1733 2167 1802 2192 ὅσων
1819 2167 1952 2202 ἠρώτησα

1164 2214 1250 2248 ὀλίγον
1267 2212 1431 2248 ἔμπροσθεν,
1449 2212 1534 2243 οὕτως
1545 2212 1731 2248 ἁποκρινῇ.-
1745 2213 1792 2243 Τίς
1809 2213 1865 2248 γὰρ
1884 2214 1952 2239 ἁπο-

331 2258 408 2285 nohis
418 2258 614 2292 dicatur,quod
629 2258 668 2284 vel
680 2266 726 2285 ore
738 2263 816 2285 tenus
831 2258 944 2293 proferri
961 2258 1038 2286 nefas
1052 2267 1112 2286 esse

1165 2260 1321 2294 κρινόμενος
1330 2259 1416 2290 ἄλλως
1428 2258 1554 2292 ὑγιαίνων
1564 2258 1596 2284 ἄν
1613 2267 1675 2284 ποτε
1690 2258 1784 2294 φανείη
1795 2267 1801 2289 ;
1812 2274 1846 2277 ——
1854 2259 1955 2294 Σχεδὸν

329 2303 454 2331 dixerim.
476 2303 509 2330 At
525 2311 590 2332 vero
605 2305 687 2331 menti
710 2312 800 2331 rerum
815 2304 1004 2332 universarum
1019 2305 1111 2332 mode-

330 2350 462 2377 rationem
486 2350 636 2385 assignare.
663 2351 688 2377 id
714 2350 839 2385 equidem
864 2356 890 2377 et
914 2351 1007 2378 mundi
1029 2350 1111 2385 hujus

329 2400 450 2430 aspectu,
465 2401 493 2422 et
509 2395 584 2426 solis,
602 2396 671 2423 [mue
696 2396 866 2430 aliorumque
882 2396 1013 2429 Siderum,
1030 2396 1111 2424 adeo-

329 2449 381 2475 que
406 2441 480 2468 omni
508 2441 557 2468 hac
578 2442 755 2469 conversione
777 2442 888 2477 dignum
902 2442 1046 2474 existimo,
1062 2450 1111 2470 nec

329 2487 406 2514 aliter
423 2495 540 2522 unquam
562 2488 612 2514 hac
627 2488 659 2514 de
674 2495 701 2515 re
718 2493 765 2514 aut
779 2488 874 2522 loquar
890 2493 937 2514 aut
948 2488 1111 2515 sentiam.—

329 2531 378 2559 Vis
394 2533 541 2564 enimvero,
565 2533 603 2559 uti
617 2533 666 2559 hac
681 2533 707 2560 in
722 2541 811 2560 rerum
828 2533 1013 2560 moderatione
1026 2537 1110 2560 statu-

330 2579 407 2606 enda,
425 2579 497 2614 quod
512 2585 614 2606 veteres
631 2587 684 2606 uno
697 2587 830 2606 consensu
855 2579 968 2614 professi
991 2584 1064 2611 sunt,
1083 2580 1109 2606 id

331 2623 432 2651 nostris
446 2624 495 2658 ipsi
511 2625 599 2651 verbis
617 2625 824 2659 comprobemus
835 2645 841 2657 ,
858 2633 908 2652 nec
921 2625 1036 2652 aliorum
1052 2633 1109 2652 scn-

331 2669 439 2695 tentiam
456 2670 523 2696 citra
546 2671 694 2704 perieulum
711 2671 807 2698 all‘erre
830 2671 961 2703 contenti.
987 2672 1108 2698 eaunlem

329 2723 408 2749 quam
423 2716 473 2751 ipsi
489 2717 574 2744 ali-um
589 2718 857 2753 nmledictiouemque
872 2718 1028 2751 subeamus,
1047 2727 1108 2746 cum

330 2766 441 2796 argutus
468 2769 498 2788 ac
528 2763 671 2791 vehemens
684 2765 830 2799 quispiam,
855 2772 909 2791 non
924 2772 957 2791 eo
975 2771 1029 2798 quo
1042 2765 1109 2792 dici-

364 2851 542 2890 (ὕθλμιιζμὴ
556 2854 660 2890 μένον,
676 2853 868 2890 ete._f’iciiius,
883 2861 929 2879 nec
949 2853 1025 2890 modo
1038 2858 1108 2887 pule-

329 2894 384 2913 mus
402 2886 455 2913 alia
470 2887 524 2912 sine
541 2888 657 2920 periculo
680 2886 791 2922 proferri
806 2896 856 2914 non
871 2897 956 2923 posse,
977 2889 1058 2922 nullo,
1080 2891 1109 2916 ut

1164 2307 1218 2332 οὐδ’
1231 2305 1354 2332 ὁστισοῦν
1364 2314 1370 2320 ·
1392 2304 1459 2331 ἀλλὰ
1480 2304 1510 2330 τὸ
1525 2304 1580 2339 (40)
1594 2305 1666 2339 μετὰ
1682 2305 1760 2331 τοῦτο
1785 2305 1848 2339 ἑξῆς
1872 2305 1954 2331 ἕπου.

1165 2352 1256 2378 Πάντα
1272 2351 1326 2387 γὰρ
1338 2351 1423 2378 ταῦτα
1439 2351 1518 2386 ἡμεῖς
1534 2350 1615 2377 τανῦν
1627 2351 1659 2386 δὴ
1677 2350 1815 2386 λεχθέντα,
1830 2349 1875 2386 ἆρ’
1891 2351 1955 2381 οὑκ,

1165 2399 1203 2428 εἰς
1219 2397 1248 2423 ἓν
1267 2397 1431 2432 συγκείμενα
1446 2397 1556 2428 ἰδόντες,
1572 2396 1787 2431 ἐπωνομάσαμεν
1804 2397 1905 2431 0619.3;
1919 2411 1957 2416 ——

1164 2443 1196 2468 Τί
1212 2442 1265 2477 μήν
1275 2441 1428 2474 ςαταῦτὸν
1442 2441 1473 2476 δὴ
1488 2441 1551 2468 λάϐε
1569 2441 1690 2475 καὶπερὶ
1706 2441 1792 2472 τοῦδε,
1803 2442 1832 2467 ὃν
1850 2442 1957 2476 κόσμον

1163 2489 1277 2523 λέγομεν
1286 2497 1292 2503 ·
1305 2488 1348 2514 διὰ
1362 2488 1407 2514 τὸν
1424 2487 1503 2514 αὑτὸν
1515 2487 1567 2523 γὰρ
1581 2487 1679 2522 τρόπον
1691 2487 1722 2513 ἂν
1736 2488 1778 2522 εἴη
1794 2496 1845 2514 που
1861 2488 1955 2522 σῶμα,

1165 2535 1288 2561 σύνθετον
1296 2534 1324 2560 ὃν
1333 2534 1364 2559 ἐκ
1373 2534 1424 2559 τῶν
1433 2533 1567 2560 αὑτῶν.-
1575 2533 1720 2570 ὐροότατα
1728 2532 1957 2566 λέγεις-Πῶς-

1164 2589 1209 2615 ρον
1223 2578 1267 2606 οὖν
1278 2581 1309 2606 ἐκ
1320 2579 1413 2605 τούτου
1422 2579 1468 2605 τοῦ
1478 2579 1599 2614 σώματος
1607 2578 1667 2604 ὅλου
1673 2579 1703 2605 τὸ
1711 2587 1749 2604 πα
1754 2579 1776 2613 9'
1784 2579 1852 2614 ἡμῖν
1861 2579 1955 2612 σῶμα.

1163 2625 1270 2662 ἦέκτοῦ
1284 2627 1346 2661 παρ’
1359 2626 1423 2661 ἡμῖν
1438 2625 1515 2651 τοῦτο
1530 2625 1658 2661 τρέφεταί
1672 2633 1713 2655 τε,
1729 2625 1778 2651 καὶ
1790 2625 1840 2651 ὅσοι
1857 2625 1906 2650 νῦν
1922 2625 1956 2658 δὴ

1163 2672 1224 2707 περὶ
1233 2671 1319 2697 αὐτῶν
1333 2671 1488 2706 ὲπείπομεν,
1497 2670 1589 2705 εἴληφέ
1596 2678 1625 2695 τε
1636 2671 1682 2696 καὶ
1695 2670 1751 2704 ἔχει
1763 2671 1870 2702 ;-Κατ.
1880 2669 1957 2696 τοῦθ’

1162 2719 1264 2754 ἓτερον,
1279 2716 1301 2744 ὧ
1313 2717 1454 2753 Σώκρατες
1464 2737 1470 2748 ,
1486 2717 1534 2743 οὐκ
1548 2715 1620 2747 ἄξιον
1636 2716 1807 2752 ἐρωτήσεως.
1818 2717 1891 2743 -Τί
1907 2715 1956 2747 δὲς

1161 2765 1219 2791 τόδε
1241 2762 1294 2799 ἆρα
1311 2763 1383 2796 ἄξιον
1403 2763 1577 2798 ὲρωτήσεως;
1594 2761 1674 2796 ἢπῶς
1690 2762 1762 2797 ἐρεῖς
1773 2770 1780 2795 ;
1793 2762 1909 2796 -Λὲγε
1926 2761 1958 2787 τὸ

1164 2854 1278 2882 videtur.
1295 2860 1388 2881 sensu.
1406 2853 1540 2888 autplane
1554 2851 1700 2879 contrario.

1200 2889 1254 2924 (50)
1270 2888 1350 2916 Forte
1366 2887 1413 2923 τῷ.
