  <div class='ocr_page' id='page_1' title='image "/cluster/home/n/w/nwhite01/storage/ocr_20150623/21/njp.32101077772489/566.png"; bbox 0 0 2078 3207; ppageno 0'>
   <div class='ocr_carea' id='block_1_1' title="bbox 194 186 266 216">
    <p class='ocr_par' dir='ltr' id='par_1_1' title="bbox 194 186 266 216">
     <span class='ocr_line' id='line_1_1' title="bbox 194 186 266 216; baseline 0 -2"><span class='ocrx_word' id='word_1_1' title='bbox 194 186 266 216; x_wconf 68' lang='grc'><strong>1049</strong></span> 
     </span>
    </p>
   </div>
   <div class='ocr_carea' id='block_1_2' title="bbox 770 186 1236 235">
    <p class='ocr_par' dir='ltr' id='par_1_2' title="bbox 770 186 1236 235">
     <span class='ocr_line' id='line_1_2' title="bbox 770 186 1236 235; baseline 0.004 -22"><span class='ocrx_word' id='word_1_2' title='bbox 770 186 929 215; x_wconf 70' lang='lat' dir='ltr'><strong>PRJSPAR.</strong></span> <span class='ocrx_word' id='word_1_3' title='bbox 952 187 1078 215; x_wconf 77' lang='lat' dir='ltr'><strong>EVANG.</strong></span> <span class='ocrx_word' id='word_1_4' title='bbox 1094 188 1165 235; x_wconf 36' lang='lat' dir='ltr'><strong>LIB;</strong></span> <span class='ocrx_word' id='word_1_5' title='bbox 1181 187 1236 215; x_wconf 79' lang='lat' dir='ltr'><strong>XII.</strong></span> 
     </span>
    </p>
   </div>
   <div class='ocr_carea' id='block_1_3' title="bbox 1751 190 1825 216">
    <p class='ocr_par' dir='ltr' id='par_1_3' title="bbox 1751 190 1825 216">
     <span class='ocr_line' id='line_1_3' title="bbox 1751 190 1825 216; baseline 0 0"><span class='ocrx_word' id='word_1_6' title='bbox 1751 190 1825 216; x_wconf 70' lang='grc' dir='ltr'>ίῡῗᾷσ</span> 
     </span>
    </p>
   </div>
   <div class='ocr_carea' id='block_1_4' title="bbox 193 243 981 281">
    <p class='ocr_par' dir='ltr' id='par_1_4' title="bbox 193 243 980 280">
     <span class='ocr_line' id='line_1_4' title="bbox 193 243 980 280; baseline 0.003 -10"><span class='ocrx_word' id='word_1_7' title='bbox 193 245 310 280; x_wconf 77' lang='grc' dir='ltr'>ποιητὴς</span> <span class='ocrx_word' id='word_1_8' title='bbox 424 245 527 280; x_wconf 80' lang='grc' dir='ltr'><strong>κηφῆσι</strong></span> <span class='ocrx_word' id='word_1_9' title='bbox 554 243 705 279; x_wconf 75' lang='grc' dir='ltr'><strong>κοθούροισι</strong></span> <span class='ocrx_word' id='word_1_10' title='bbox 732 245 848 280; x_wconf 72' lang='grc' dir='ltr'>μάλιστα</span> <span class='ocrx_word' id='word_1_11' title='bbox 877 245 980 272; x_wconf 70' lang='grc' dir='ltr'>εἴκελον</span> 
     </span>
    </p>
   </div>
   <div class='ocr_carea' id='block_1_5' title="bbox 1033 243 1819 281">
    <p class='ocr_par' dir='ltr' id='par_1_5' title="bbox 1033 246 1819 281">
     <span class='ocr_line' id='line_1_5' title="bbox 1033 246 1819 281; baseline 0.001 -9"><span class='ocrx_word' id='word_1_12' title='bbox 1033 246 1129 274; x_wconf 82' lang='lat' dir='ltr'><strong>vitiosa</strong></span> <span class='ocrx_word' id='word_1_13' title='bbox 1144 251 1218 277; x_wconf 83' lang='lat' dir='ltr'><strong>sunt,</strong></span> <span class='ocrx_word' id='word_1_14' title='bbox 1235 254 1265 273; x_wconf 90' lang='lat' dir='ltr'><strong>ea</strong></span> <span class='ocrx_word' id='word_1_15' title='bbox 1280 246 1368 273; x_wconf 84' lang='lat' dir='ltr'><strong>locum</strong></span> <span class='ocrx_word' id='word_1_16' title='bbox 1385 247 1411 273; x_wconf 87' lang='lat' dir='ltr'><strong>in</strong></span> <span class='ocrx_word' id='word_1_17' title='bbox 1431 247 1510 274; x_wconf 86' lang='lat' dir='ltr'><strong>nobis</strong></span> <span class='ocrx_word' id='word_1_18' title='bbox 1529 247 1627 274; x_wconf 82' lang='lat' dir='ltr'><strong>habere</strong></span> <span class='ocrx_word' id='word_1_19' title='bbox 1652 255 1741 281; x_wconf 81' lang='lat' dir='ltr'><strong>posse,</strong></span> <span class='ocrx_word' id='word_1_20' title='bbox 1759 248 1819 273; x_wconf 76' lang='lat' dir='ltr'><strong>nul-</strong></span> 
     </span>
    </p>
   </div>
   <div class='ocr_carea' id='block_1_6' title="bbox 194 289 983 326">
    <p class='ocr_par' dir='ltr' id='par_1_6' title="bbox 194 289 983 326">
     <span class='ocr_line' id='line_1_6' title="bbox 194 289 983 326; baseline 0.003 -10"><span class='ocrx_word' id='word_1_21' title='bbox 194 290 326 326; x_wconf 69' lang='grc' dir='ltr'>ἑφασκεψ</span> <span class='ocrx_word' id='word_1_22' title='bbox 342 289 428 322; x_wconf 73' lang='grc' dir='ltr'>εἶναι,</span> <span class='ocrx_word' id='word_1_23' title='bbox 443 290 555 325; x_wconf 82' lang='grc' dir='ltr'>γίγνοιτ’</span> <span class='ocrx_word' id='word_1_24' title='bbox 572 290 605 317; x_wconf 85' lang='grc' dir='ltr'>ἂν</span> <span class='ocrx_word' id='word_1_25' title='bbox 629 291 644 317; x_wconf 99' lang='lat'><strong>6</strong></span> <span class='ocrx_word' id='word_1_26' title='bbox 669 290 788 323; x_wconf 79' lang='grc' dir='ltr'>τοιοῦτος</span> <span class='ocrx_word' id='word_1_27' title='bbox 816 290 871 326; x_wconf 71' lang='grc'><strong>(46)</strong></span> <span class='ocrx_word' id='word_1_28' title='bbox 902 292 983 318; x_wconf 79' lang='grc' dir='ltr'>πᾶσιν</span> 
     </span>
    </p>
   </div>
   <div class='ocr_carea' id='block_1_7' title="bbox 194 332 983 372">
    <p class='ocr_par' dir='ltr' id='par_1_7' title="bbox 194 332 983 372">
     <span class='ocr_line' id='line_1_7' title="bbox 194 332 983 372; baseline 0.003 -14"><span class='ocrx_word' id='word_1_29' title='bbox 194 333 259 368; x_wconf 83' lang='grc' dir='ltr'>ἡμῖν</span> <span class='ocrx_word' id='word_1_30' title='bbox 268 341 274 364; x_wconf 88' lang='lat'><strong>;</strong></span> <span class='ocrx_word' id='word_1_31' title='bbox 284 349 318 372; x_wconf 71' lang='lat'><strong>:—</strong></span> <span class='ocrx_word' id='word_1_32' title='bbox 332 333 480 368; x_wconf 86' lang='grc' dir='ltr'>Ὀρθότατά</span> <span class='ocrx_word' id='word_1_33' title='bbox 494 342 524 368; x_wconf 89' lang='grc' dir='ltr'><strong>γε</strong></span> <span class='ocrx_word' id='word_1_34' title='bbox 537 332 630 360; x_wconf 73' lang='grc' dir='ltr'>εἰπών.</span> <span class='ocrx_word' id='word_1_35' title='bbox 643 349 677 354; x_wconf 89' lang='grc'><strong>--</strong></span> <span class='ocrx_word' id='word_1_36' title='bbox 690 333 794 360; x_wconf 82' lang='grc' dir='ltr'>Οὐκοῦν</span> <span class='ocrx_word' id='word_1_37' title='bbox 809 333 855 360; x_wconf 85' lang='grc' dir='ltr'><strong>τόν</strong></span> <span class='ocrx_word' id='word_1_38' title='bbox 868 343 899 368; x_wconf 92' lang='grc' dir='ltr'><strong>γε</strong></span> <span class='ocrx_word' id='word_1_39' title='bbox 917 334 983 360; x_wconf 82' lang='grc' dir='ltr'><strong>Θεὸν</strong></span> 
     </span>
    </p>
   </div>
   <div class='ocr_carea' id='block_1_8' title="bbox 192 377 982 416">
    <p class='ocr_par' dir='ltr' id='par_1_8' title="bbox 192 377 982 416">
     <span class='ocr_line' id='line_1_8' title="bbox 192 377 982 416; baseline 0.001 -11"><span class='ocrx_word' id='word_1_40' title='bbox 192 379 224 405; x_wconf 86' lang='grc' dir='ltr'>οὺ</span> <span class='ocrx_word' id='word_1_41' title='bbox 244 379 340 415; x_wconf 73' lang='grc' dir='ltr'>ῥητέον</span> <span class='ocrx_word' id='word_1_42' title='bbox 357 379 429 414; x_wconf 74' lang='grc' dir='ltr'>ἔχειν</span> <span class='ocrx_word' id='word_1_43' title='bbox 443 377 509 415; x_wconf 81' lang='grc' dir='ltr'>ἦθος</span> <span class='ocrx_word' id='word_1_44' title='bbox 517 379 648 412; x_wconf 81' lang='grc' dir='ltr'>τοιοῦτον,</span> <span class='ocrx_word' id='word_1_45' title='bbox 663 381 676 406; x_wconf 81' lang='grc' dir='ltr'><strong>ὃ</strong></span> <span class='ocrx_word' id='word_1_46' title='bbox 687 380 718 414; x_wconf 78' lang='grc' dir='ltr'>γέ</span> <span class='ocrx_word' id='word_1_47' title='bbox 734 389 774 406; x_wconf 90' lang='grc' dir='ltr'><strong>τοι</strong></span> <span class='ocrx_word' id='word_1_48' title='bbox 791 380 872 412; x_wconf 80' lang='grc' dir='ltr'>αὐτὸς</span> <span class='ocrx_word' id='word_1_49' title='bbox 891 382 982 416; x_wconf 68' lang='grc' dir='ltr'>μισεῖν</span> 
     </span>
    </p>
   </div>
   <div class='ocr_carea' id='block_1_9' title="bbox 192 423 984 460">
    <p class='ocr_par' dir='ltr' id='par_1_9' title="bbox 192 423 984 460">
     <span class='ocr_line' id='line_1_9' title="bbox 192 423 984 460; baseline 0 -10"><span class='ocrx_word' id='word_1_50' title='bbox 192 423 231 458; x_wconf 86' lang='grc' dir='ltr'>τῷ</span> <span class='ocrx_word' id='word_1_51' title='bbox 247 423 275 450; x_wconf 81' lang='grc' dir='ltr'><strong>δέ</strong></span> <span class='ocrx_word' id='word_1_52' title='bbox 288 432 314 450; x_wconf 87' lang='grc' dir='ltr'><strong>τι</strong></span> <span class='ocrx_word' id='word_1_53' title='bbox 326 423 445 450; x_wconf 83' lang='grc' dir='ltr'>τοιοῦτον</span> <span class='ocrx_word' id='word_1_54' title='bbox 461 424 625 459; x_wconf 78' lang='grc' dir='ltr'>φθέγγεσθαι</span> <span class='ocrx_word' id='word_1_55' title='bbox 637 425 796 460; x_wconf 80' lang='grc' dir='ltr'>πειρωμένῳ</span> <span class='ocrx_word' id='word_1_56' title='bbox 807 425 856 451; x_wconf 79' lang='grc' dir='ltr'>οὐκ</span> <span class='ocrx_word' id='word_1_57' title='bbox 876 425 984 460; x_wconf 78' lang='grc' dir='ltr'>ἐπιτρε-</span> 
     </span>
    </p>
   </div>
   <div class='ocr_carea' id='block_1_10' title="bbox 193 467 982 507">
    <p class='ocr_par' dir='ltr' id='par_1_10' title="bbox 193 467 982 507">
     <span class='ocr_line' id='line_1_10' title="bbox 193 467 982 507; baseline 0.003 -11"><span class='ocrx_word' id='word_1_58' title='bbox 193 470 283 497; x_wconf 84' lang='grc' dir='ltr'>πτέον.</span> <span class='ocrx_word' id='word_1_59' title='bbox 298 485 333 490; x_wconf 85' lang='lat'><strong><em>—</em></strong></span> <span class='ocrx_word' id='word_1_60' title='bbox 351 470 388 496; x_wconf 87' lang='grc' dir='ltr'><strong>Οὺ</strong></span> <span class='ocrx_word' id='word_1_61' title='bbox 405 470 455 505; x_wconf 80' lang='grc' dir='ltr'>μὲν</span> <span class='ocrx_word' id='word_1_62' title='bbox 471 470 502 506; x_wconf 84' lang='grc' dir='ltr'><strong>δή</strong></span> <span class='ocrx_word' id='word_1_63' title='bbox 514 479 520 485; x_wconf 85' lang='lat'>&#39;</span> <span class='ocrx_word' id='word_1_64' title='bbox 547 471 605 503; x_wconf 83' lang='grc' dir='ltr'><strong>πῶς</strong></span> <span class='ocrx_word' id='word_1_65' title='bbox 621 471 675 506; x_wconf 80' lang='grc' dir='ltr'><strong>γὰρ</strong></span> <span class='ocrx_word' id='word_1_66' title='bbox 688 471 783 503; x_wconf 74' lang='grc' dir='ltr'>ἆνς-</span> <span class='ocrx_word' id='word_1_67' title='bbox 799 467 833 507; x_wconf 81' lang='grc' dir='ltr'><strong>’ᾯ</strong></span> <span class='ocrx_word' id='word_1_68' title='bbox 849 471 880 506; x_wconf 86' lang='grc' dir='ltr'><strong>δὴ</strong></span> <span class='ocrx_word' id='word_1_69' title='bbox 899 480 982 507; x_wconf 84' lang='grc' dir='ltr'>προσ-</span> 
     </span>
    </p>
   </div>
   <div class='ocr_carea' id='block_1_11' title="bbox 193 517 984 553">
    <p class='ocr_par' dir='ltr' id='par_1_11' title="bbox 193 517 984 553">
     <span class='ocr_line' id='line_1_11' title="bbox 193 517 984 553; baseline 0.001 -11"><span class='ocrx_word' id='word_1_70' title='bbox 193 517 255 550; x_wconf 79' lang='grc' dir='ltr'>ήκει</span> <span class='ocrx_word' id='word_1_71' title='bbox 282 517 332 551; x_wconf 82' lang='grc' dir='ltr'>μὲν</span> <span class='ocrx_word' id='word_1_72' title='bbox 358 517 487 552; x_wconf 84' lang='grc' dir='ltr'>πράττειν</span> <span class='ocrx_word' id='word_1_73' title='bbox 511 518 557 544; x_wconf 76' lang='grc' dir='ltr'>καὶ</span> <span class='ocrx_word' id='word_1_74' title='bbox 590 517 778 552; x_wconf 76' lang='grc' dir='ltr'>ἐπιμελεῖσθαι</span> <span class='ocrx_word' id='word_1_75' title='bbox 802 517 984 553; x_wconf 70' lang='grc' dir='ltr'><strong>διαφερόντως</strong></span> 
     </span>
    </p>
   </div>
   <div class='ocr_carea' id='block_1_12' title="bbox 191 558 983 597">
    <p class='ocr_par' dir='ltr' id='par_1_12' title="bbox 191 558 983 597">
     <span class='ocr_line' id='line_1_12' title="bbox 191 558 983 597; baseline 0.005 -13"><span class='ocrx_word' id='word_1_76' title='bbox 191 558 281 590; x_wconf 82' lang='grc' dir='ltr'>τινός·</span> <span class='ocrx_word' id='word_1_77' title='bbox 310 560 324 585; x_wconf 92' lang='lat'><strong>6</strong></span> <span class='ocrx_word' id='word_1_78' title='bbox 342 559 369 586; x_wconf 73' lang='grc' dir='ltr'><strong>δὲ</strong></span> <span class='ocrx_word' id='word_1_79' title='bbox 399 560 493 587; x_wconf 79' lang='grc' dir='ltr'>τούτου</span> <span class='ocrx_word' id='word_1_80' title='bbox 518 560 564 587; x_wconf 83' lang='grc' dir='ltr'>τοῦ</span> <span class='ocrx_word' id='word_1_81' title='bbox 585 561 680 595; x_wconf 78' lang='grc' dir='ltr'>γένους</span> <span class='ocrx_word' id='word_1_82' title='bbox 702 561 756 588; x_wconf 86' lang='grc' dir='ltr'><strong>τῶν</strong></span> <span class='ocrx_word' id='word_1_83' title='bbox 782 561 832 597; x_wconf 81' lang='grc' dir='ltr'>μὲν</span> <span class='ocrx_word' id='word_1_84' title='bbox 859 562 983 597; x_wconf 81' lang='grc' dir='ltr'><strong>μεγάλων</strong></span> 
     </span>
    </p>
   </div>
   <div class='ocr_carea' id='block_1_13' title="bbox 191 605 983 644">
    <p class='ocr_par' dir='ltr' id='par_1_13' title="bbox 191 605 983 644">
     <span class='ocr_line' id='line_1_13' title="bbox 191 605 983 644; baseline 0.004 -12"><span class='ocrx_word' id='word_1_85' title='bbox 191 605 374 641; x_wconf 76' lang='grc' dir='ltr'>ἐπιμελεῖται,</span> <span class='ocrx_word' id='word_1_86' title='bbox 390 607 443 633; x_wconf 87' lang='grc' dir='ltr'><strong>τῶν</strong></span> <span class='ocrx_word' id='word_1_87' title='bbox 460 607 584 643; x_wconf 77' lang='grc' dir='ltr'><strong>σμικρῶν</strong></span> <span class='ocrx_word' id='word_1_88' title='bbox 597 608 625 634; x_wconf 84' lang='grc' dir='ltr'>δὲ</span> <span class='ocrx_word' id='word_1_89' title='bbox 651 608 756 644; x_wconf 87' lang='grc' dir='ltr'>ἀμελεῖ,</span> <span class='ocrx_word' id='word_1_90' title='bbox 774 608 844 635; x_wconf 87' lang='grc' dir='ltr'>κατὰ</span> <span class='ocrx_word' id='word_1_91' title='bbox 864 609 924 635; x_wconf 84' lang='grc' dir='ltr'>τίνα</span> <span class='ocrx_word' id='word_1_92' title='bbox 937 606 983 635; x_wconf 81' lang='grc' dir='ltr'>οὖν</span> 
     </span>
    </p>
   </div>
   <div class='ocr_carea' id='block_1_14' title="bbox 191 651 983 689">
    <p class='ocr_par' dir='ltr' id='par_1_14' title="bbox 191 651 983 689">
     <span class='ocr_line' id='line_1_14' title="bbox 191 651 983 689; baseline 0.004 -12"><span class='ocrx_word' id='word_1_93' title='bbox 191 651 367 684; x_wconf 76' lang='grc' dir='ltr'>ἐπαινοῦντες</span> <span class='ocrx_word' id='word_1_94' title='bbox 390 653 434 680; x_wconf 83' lang='grc' dir='ltr'>τὸν</span> <span class='ocrx_word' id='word_1_95' title='bbox 457 653 576 680; x_wconf 87' lang='grc' dir='ltr'>τοιοῦτον</span> <span class='ocrx_word' id='word_1_96' title='bbox 593 654 681 689; x_wconf 87' lang='grc' dir='ltr'>λόγον,</span> <span class='ocrx_word' id='word_1_97' title='bbox 698 655 747 681; x_wconf 84' lang='grc' dir='ltr'>οὐκ</span> <span class='ocrx_word' id='word_1_98' title='bbox 772 654 804 681; x_wconf 84' lang='grc' dir='ltr'>ἂν</span> <span class='ocrx_word' id='word_1_99' title='bbox 826 655 983 682; x_wconf 85' lang='grc' dir='ltr'>παντάπασι</span> 
     </span>
    </p>
   </div>
   <div class='ocr_carea' id='block_1_15' title="bbox 191 697 982 736">
    <p class='ocr_par' dir='ltr' id='par_1_15' title="bbox 191 697 982 736">
     <span class='ocr_line' id='line_1_15' title="bbox 191 697 982 736; baseline 0.005 -13"><span class='ocrx_word' id='word_1_100' title='bbox 191 698 398 734; x_wconf 80' lang='grc' dir='ltr'>πλημμελοῖμεν</span> <span class='ocrx_word' id='word_1_101' title='bbox 407 709 413 731; x_wconf 85' lang='grc'>;</span> <span class='ocrx_word' id='word_1_102' title='bbox 424 699 573 735; x_wconf 82' lang='grc' dir='ltr'>Σκοπῶμεν</span> <span class='ocrx_word' id='word_1_103' title='bbox 582 700 609 726; x_wconf 79' lang='grc' dir='ltr'>δὲ</span> <span class='ocrx_word' id='word_1_104' title='bbox 621 697 747 735; x_wconf 69' lang='grc' dir='ltr'><strong>ὦδε.τΑρ“</strong></span> <span class='ocrx_word' id='word_1_105' title='bbox 754 700 783 727; x_wconf 80' lang='grc' dir='ltr'>οὑ</span> <span class='ocrx_word' id='word_1_106' title='bbox 793 701 862 727; x_wconf 86' lang='grc' dir='ltr'><strong>κατά</strong></span> <span class='ocrx_word' id='word_1_107' title='bbox 872 700 917 726; x_wconf 82' lang='grc' dir='ltr'><strong>δύο</strong></span> <span class='ocrx_word' id='word_1_108' title='bbox 926 700 982 736; x_wconf 82' lang='grc' dir='ltr'><strong>εἴδη</strong></span> 
     </span>
    </p>
   </div>
   <div class='ocr_carea' id='block_1_16' title="bbox 190 745 982 783">
    <p class='ocr_par' dir='ltr' id='par_1_16' title="bbox 190 745 982 783">
     <span class='ocr_line' id='line_1_16' title="bbox 190 745 982 783; baseline 0.005 -12"><span class='ocrx_word' id='word_1_109' title='bbox 190 745 221 771; x_wconf 87' lang='grc' dir='ltr'><strong>τὺ</strong></span> <span class='ocrx_word' id='word_1_110' title='bbox 228 746 345 772; x_wconf 83' lang='grc' dir='ltr'>τοιοῦτον</span> <span class='ocrx_word' id='word_1_111' title='bbox 354 746 467 781; x_wconf 77' lang='grc' dir='ltr'><strong>πράττει</strong></span> <span class='ocrx_word' id='word_1_112' title='bbox 474 747 486 773; x_wconf 88' lang='lat'><strong>6</strong></span> <span class='ocrx_word' id='word_1_113' title='bbox 494 747 630 782; x_wconf 79' lang='grc' dir='ltr'><strong>πράττων,</strong></span> <span class='ocrx_word' id='word_1_114' title='bbox 637 747 690 773; x_wconf 80' lang='grc' dir='ltr'>εἴτε</span> <span class='ocrx_word' id='word_1_115' title='bbox 699 747 822 778; x_wconf 82' lang='grc' dir='ltr'>Θεὸςεῖτε</span> <span class='ocrx_word' id='word_1_116' title='bbox 830 748 877 774; x_wconf 83' lang='grc' dir='ltr'>ἄνθ</span> <span class='ocrx_word' id='word_1_117' title='bbox 882 756 982 783; x_wconf 85' lang='grc' dir='ltr'>ρωπος;</span> 
     </span>
    </p>
   </div>
   <div class='ocr_carea' id='block_1_17' title="bbox 190 790 981 828">
    <p class='ocr_par' dir='ltr' id='par_1_17' title="bbox 190 790 981 828">
     <span class='ocr_line' id='line_1_17' title="bbox 190 790 981 828; baseline 0.004 -12"><span class='ocrx_word' id='word_1_118' title='bbox 190 791 307 826; x_wconf 81' lang='grc' dir='ltr'>-Ποίῳ</span> <span class='ocrx_word' id='word_1_119' title='bbox 319 790 350 826; x_wconf 86' lang='grc' dir='ltr'><strong>δὴ</strong></span> <span class='ocrx_word' id='word_1_120' title='bbox 366 791 480 827; x_wconf 82' lang='grc' dir='ltr'>λέγομεν</span> <span class='ocrx_word' id='word_1_121' title='bbox 493 791 563 826; x_wconf 61' lang='lat'><strong>(47);</strong></span> <span class='ocrx_word' id='word_1_122' title='bbox 575 793 649 818; x_wconf 89' lang='grc' dir='ltr'><strong>-Ἢ</strong></span> <span class='ocrx_word' id='word_1_123' title='bbox 663 791 792 827; x_wconf 73' lang='grc' dir='ltr'><strong>διαφέρον</strong></span> <span class='ocrx_word' id='word_1_124' title='bbox 805 792 880 819; x_wconf 80' lang='grc' dir='ltr'>οὐδὲν</span> <span class='ocrx_word' id='word_1_125' title='bbox 891 793 981 828; x_wconf 82' lang='grc' dir='ltr'>οἰόμε-</span> 
     </span>
    </p>
   </div>
   <div class='ocr_carea' id='block_1_18' title="bbox 190 833 981 874">
    <p class='ocr_par' dir='ltr' id='par_1_18' title="bbox 190 833 981 874">
     <span class='ocr_line' id='line_1_18' title="bbox 190 833 981 874; baseline 0.003 -12"><span class='ocrx_word' id='word_1_126' title='bbox 190 844 236 867; x_wconf 84' lang='grc' dir='ltr'><strong>νος</strong></span> <span class='ocrx_word' id='word_1_127' title='bbox 250 833 319 863; x_wconf 86' lang='grc' dir='ltr'>εἶναι</span> <span class='ocrx_word' id='word_1_128' title='bbox 329 836 367 872; x_wconf 78' lang='grc' dir='ltr'>τῷ</span> <span class='ocrx_word' id='word_1_129' title='bbox 377 837 441 872; x_wconf 76' lang='grc' dir='ltr'>ὅλῳ,</span> <span class='ocrx_word' id='word_1_130' title='bbox 453 837 645 872; x_wconf 76' lang='grc' dir='ltr'><strong>ἀμελουμένων</strong></span> <span class='ocrx_word' id='word_1_131' title='bbox 661 837 714 864; x_wconf 82' lang='grc' dir='ltr'><strong>τῶν</strong></span> <span class='ocrx_word' id='word_1_132' title='bbox 727 838 885 874; x_wconf 77' lang='grc' dir='ltr'>σμικρῶν,ἢ</span> <span class='ocrx_word' id='word_1_133' title='bbox 899 839 981 874; x_wconf 77' lang='grc' dir='ltr'>ρᾳθυ-</span> 
     </span>
    </p>
   </div>
   <div class='ocr_carea' id='block_1_19' title="bbox 192 881 982 920">
    <p class='ocr_par' dir='ltr' id='par_1_19' title="bbox 192 881 982 920">
     <span class='ocr_line' id='line_1_19' title="bbox 192 881 982 920; baseline 0.004 -12"><span class='ocrx_word' id='word_1_134' title='bbox 192 881 242 918; x_wconf 69' lang='grc' dir='ltr'><strong>μὶᾳ</strong></span> <span class='ocrx_word' id='word_1_135' title='bbox 255 883 300 909; x_wconf 77' lang='grc' dir='ltr'>καὶ</span> <span class='ocrx_word' id='word_1_136' title='bbox 314 885 415 919; x_wconf 69' lang='grc' dir='ltr'>τρυφῇ.</span> <span class='ocrx_word' id='word_1_137' title='bbox 426 884 449 909; x_wconf 88' lang='grc' dir='ltr'><strong>εἰ</strong></span> <span class='ocrx_word' id='word_1_138' title='bbox 463 883 586 919; x_wconf 71' lang='grc' dir='ltr'>διαφέρει</span> <span class='ocrx_word' id='word_1_139' title='bbox 600 885 614 910; x_wconf 84' lang='lat'><strong>6</strong></span> <span class='ocrx_word' id='word_1_140' title='bbox 624 884 652 910; x_wconf 81' lang='grc' dir='ltr'><strong>δὲ</strong></span> <span class='ocrx_word' id='word_1_141' title='bbox 668 884 773 919; x_wconf 73' lang='grc' dir='ltr'>ἀμελεῖ’</span> <span class='ocrx_word' id='word_1_142' title='bbox 785 884 801 920; x_wconf 77' lang='grc' dir='ltr'><strong>ἢ</strong></span> <span class='ocrx_word' id='word_1_143' title='bbox 816 884 888 911; x_wconf 80' lang='grc' dir='ltr'>ἔστιν</span> <span class='ocrx_word' id='word_1_144' title='bbox 896 885 982 917; x_wconf 85' lang='grc' dir='ltr'>ἄλλως</span> 
     </span>
    </p>
   </div>
   <div class='ocr_carea' id='block_1_20' title="bbox 1035 292 1818 329">
    <p class='ocr_par' dir='ltr' id='par_1_20' title="bbox 1035 292 1818 329">
     <span class='ocr_line' id='line_1_20' title="bbox 1035 292 1818 329; baseline 0.001 -10"><span class='ocrx_word' id='word_1_145' title='bbox 1035 292 1089 319; x_wconf 92' lang='lat' dir='ltr'><strong>lum</strong></span> <span class='ocrx_word' id='word_1_146' title='bbox 1106 293 1131 319; x_wconf 89' lang='lat' dir='ltr'><strong>in</strong></span> <span class='ocrx_word' id='word_1_147' title='bbox 1144 292 1263 320; x_wconf 84' lang='lat' dir='ltr'><strong>diis?—-</strong></span> <span class='ocrx_word' id='word_1_148' title='bbox 1282 292 1318 320; x_wconf 86' lang='lat' dir='ltr'><strong>Ne</strong></span> <span class='ocrx_word' id='word_1_149' title='bbox 1335 293 1406 320; x_wconf 98' lang='lat' dir='ltr'><strong>istud</strong></span> <span class='ocrx_word' id='word_1_150' title='bbox 1420 294 1528 328; x_wconf 80' lang='lat' dir='ltr'><strong>quidem</strong></span> <span class='ocrx_word' id='word_1_151' title='bbox 1546 301 1560 320; x_wconf 88' lang='lat' dir='ltr'><strong>a</strong></span> <span class='ocrx_word' id='word_1_152' title='bbox 1579 301 1714 329; x_wconf 86' lang='lat' dir='ltr'><strong>quoquam</strong></span> <span class='ocrx_word' id='word_1_153' title='bbox 1737 301 1818 328; x_wconf 79' lang='lat' dir='ltr'><strong>nege-</strong></span> 
     </span>
    </p>
   </div>
   <div class='ocr_carea' id='block_1_21' title="bbox 1035 338 1817 374">
    <p class='ocr_par' dir='ltr' id='par_1_21' title="bbox 1035 338 1817 374">
     <span class='ocr_line' id='line_1_21' title="bbox 1035 338 1817 374; baseline 0 -9"><span class='ocrx_word' id='word_1_154' title='bbox 1035 338 1217 370; x_wconf 83' lang='lat' dir='ltr'><strong>tur.—Jam,</strong></span> <span class='ocrx_word' id='word_1_155' title='bbox 1244 339 1444 374; x_wconf 76' lang='lat' dir='ltr'><strong>negligentiam,</strong></span> <span class='ocrx_word' id='word_1_156' title='bbox 1469 340 1553 366; x_wconf 90' lang='lat' dir='ltr'><strong>otium</strong></span> <span class='ocrx_word' id='word_1_157' title='bbox 1592 344 1674 374; x_wconf 87' lang='lat' dir='ltr'><strong>atque</strong></span> <span class='ocrx_word' id='word_1_158' title='bbox 1697 340 1817 370; x_wconf 80' lang='lat' dir='ltr'><strong>delicias,</strong></span> 
     </span>
    </p>
   </div>
   <div class='ocr_carea' id='block_1_22' title="bbox 1034 383 1816 416">
    <p class='ocr_par' dir='ltr' id='par_1_22' title="bbox 1034 383 1816 416">
     <span class='ocr_line' id='line_1_22' title="bbox 1034 383 1816 416; baseline -0.001 -6"><span class='ocrx_word' id='word_1_159' title='bbox 1034 389 1124 411; x_wconf 88' lang='lat' dir='ltr'><strong>utrum</strong></span> <span class='ocrx_word' id='word_1_160' title='bbox 1141 383 1224 410; x_wconf 88' lang='lat' dir='ltr'><strong>animi</strong></span> <span class='ocrx_word' id='word_1_161' title='bbox 1246 383 1338 410; x_wconf 85' lang='lat' dir='ltr'><strong>virtuti</strong></span> <span class='ocrx_word' id='word_1_162' title='bbox 1355 383 1511 415; x_wconf 74' lang='lat' dir='ltr'><strong>tribuimus,</strong></span> <span class='ocrx_word' id='word_1_163' title='bbox 1530 392 1563 410; x_wconf 91' lang='lat' dir='ltr'><strong>an</strong></span> <span class='ocrx_word' id='word_1_164' title='bbox 1580 384 1652 410; x_wconf 83' lang='lat' dir='ltr'><strong>non?</strong></span> <span class='ocrx_word' id='word_1_165' title='bbox 1678 383 1728 416; x_wconf 87' lang='lat' dir='ltr'><strong>Qui</strong></span> <span class='ocrx_word' id='word_1_166' title='bbox 1745 384 1816 410; x_wconf 91' lang='lat' dir='ltr'><strong>enim</strong></span> 
     </span>
    </p>
   </div>
   <div class='ocr_carea' id='block_1_23' title="bbox 1034 430 1818 464">
    <p class='ocr_par' dir='ltr' id='par_1_23' title="bbox 1034 430 1818 464">
     <span class='ocr_line' id='line_1_23' title="bbox 1034 430 1818 464; baseline 0 -7"><span class='ocrx_word' id='word_1_167' title='bbox 1034 430 1206 458; x_wconf 87' lang='lat' dir='ltr'><strong>tribuamus?</strong></span> <span class='ocrx_word' id='word_1_168' title='bbox 1224 430 1291 456; x_wconf 84' lang='lat' dir='ltr'><strong>Nunt</strong></span> <span class='ocrx_word' id='word_1_169' title='bbox 1309 430 1391 464; x_wconf 78' lang='lat' dir='ltr'><strong>igitur</strong></span> <span class='ocrx_word' id='word_1_170' title='bbox 1409 431 1596 457; x_wconf 84' lang='lat' dir='ltr'><strong>eoutrario?—</strong></span> <span class='ocrx_word' id='word_1_171' title='bbox 1613 430 1738 457; x_wconf 87' lang='lat' dir='ltr'><strong>Certe.—</strong></span> <span class='ocrx_word' id='word_1_172' title='bbox 1753 430 1818 463; x_wconf 69' lang='lat' dir='ltr'><strong>Quae</strong></span> 
     </span>
    </p>
   </div>
   <div class='ocr_carea' id='block_1_24' title="bbox 1034 476 1818 511">
    <p class='ocr_par' dir='ltr' id='par_1_24' title="bbox 1034 476 1818 511">
     <span class='ocr_line' id='line_1_24' title="bbox 1034 476 1818 511; baseline 0 -8"><span class='ocrx_word' id='word_1_173' title='bbox 1034 481 1097 503; x_wconf 80' lang='lat' dir='ltr'><strong>sunt</strong></span> <span class='ocrx_word' id='word_1_174' title='bbox 1112 476 1195 511; x_wconf 79' lang='lat' dir='ltr'><strong>igitur</strong></span> <span class='ocrx_word' id='word_1_175' title='bbox 1207 476 1240 503; x_wconf 84' lang='lat' dir='ltr'><strong>iis</strong></span> <span class='ocrx_word' id='word_1_176' title='bbox 1253 477 1399 508; x_wconf 76' lang='lat' dir='ltr'><strong>contraria,</strong></span> <span class='ocrx_word' id='word_1_177' title='bbox 1412 477 1550 503; x_wconf 80' lang='lat' dir='ltr'><strong>contrario</strong></span> <span class='ocrx_word' id='word_1_178' title='bbox 1563 476 1771 511; x_wconf 78' lang='lat' dir='ltr'><strong>assignabinms.</strong></span> <span class='ocrx_word' id='word_1_179' title='bbox 1782 490 1818 495; x_wconf 86' lang='lat'><strong>-—</strong></span> 
     </span>
    </p>
   </div>
   <div class='ocr_carea' id='block_1_25' title="bbox 1033 520 1816 557">
    <p class='ocr_par' dir='ltr' id='par_1_25' title="bbox 1033 520 1816 557">
     <span class='ocr_line' id='line_1_25' title="bbox 1033 520 1816 557; baseline 0.001 -10"><span class='ocrx_word' id='word_1_180' title='bbox 1033 520 1070 547; x_wconf 82' lang='lat' dir='ltr'><strong>Ita</strong></span> <span class='ocrx_word' id='word_1_181' title='bbox 1083 541 1090 552; x_wconf 87' lang='lat'><strong>,</strong></span> <span class='ocrx_word' id='word_1_182' title='bbox 1106 522 1253 548; x_wconf 85' lang='lat' dir='ltr'><strong>contrario.</strong></span> <span class='ocrx_word' id='word_1_183' title='bbox 1268 536 1303 540; x_wconf 91' lang='lat'><strong>—</strong></span> <span class='ocrx_word' id='word_1_184' title='bbox 1317 521 1386 554; x_wconf 89' lang='lat' dir='ltr'><strong>Quid</strong></span> <span class='ocrx_word' id='word_1_185' title='bbox 1408 522 1505 557; x_wconf 78' lang='lat' dir='ltr'><strong>igitur?</strong></span> <span class='ocrx_word' id='word_1_186' title='bbox 1530 522 1659 557; x_wconf 83' lang='lat' dir='ltr'><strong>Quisquis</strong></span> <span class='ocrx_word' id='word_1_187' title='bbox 1680 522 1816 554; x_wconf 86' lang='lat' dir='ltr'><strong>deliciose,</strong></span> 
     </span>
    </p>
   </div>
   <div class='ocr_carea' id='block_1_26' title="bbox 1034 567 1821 602">
    <p class='ocr_par' dir='ltr' id='par_1_26' title="bbox 1034 567 1821 602">
     <span class='ocr_line' id='line_1_26' title="bbox 1034 567 1821 602; baseline 0 -8"><span class='ocrx_word' id='word_1_188' title='bbox 1034 567 1199 602; x_wconf 69' lang='lat' dir='ltr'><strong>negligenter</strong></span> <span class='ocrx_word' id='word_1_189' title='bbox 1220 573 1246 594; x_wconf 86' lang='lat' dir='ltr'><strong>et</strong></span> <span class='ocrx_word' id='word_1_190' title='bbox 1266 567 1351 594; x_wconf 82' lang='lat' dir='ltr'><strong>otiose</strong></span> <span class='ocrx_word' id='word_1_191' title='bbox 1367 568 1448 600; x_wconf 83' lang='lat' dir='ltr'><strong>vivit,</strong></span> <span class='ocrx_word' id='word_1_192' title='bbox 1472 575 1562 595; x_wconf 89' lang='lat' dir='ltr'><strong>nonne</strong></span> <span class='ocrx_word' id='word_1_193' title='bbox 1578 568 1600 595; x_wconf 88' lang='lat' dir='ltr'><strong>is</strong></span> <span class='ocrx_word' id='word_1_194' title='bbox 1613 567 1746 602; x_wconf 74' lang='lat' dir='ltr'><strong>ejusmodi</strong></span> <span class='ocrx_word' id='word_1_195' title='bbox 1763 575 1821 595; x_wconf 87' lang='lat' dir='ltr'><strong>me-</strong></span> 
     </span>
    </p>
   </div>
   <div class='ocr_carea' id='block_1_27' title="bbox 1034 613 1819 648">
    <p class='ocr_par' dir='ltr' id='par_1_27' title="bbox 1034 613 1819 648">
     <span class='ocr_line' id='line_1_27' title="bbox 1034 613 1819 648; baseline -0.001 -8"><span class='ocrx_word' id='word_1_196' title='bbox 1034 613 1087 640; x_wconf 87' lang='lat' dir='ltr'><strong>rito</strong></span> <span class='ocrx_word' id='word_1_197' title='bbox 1100 620 1114 639; x_wconf 87' lang='lat' dir='ltr'><strong>a</strong></span> <span class='ocrx_word' id='word_1_198' title='bbox 1128 613 1206 640; x_wconf 91' lang='lat' dir='ltr'><strong>nobis</strong></span> <span class='ocrx_word' id='word_1_199' title='bbox 1229 613 1358 639; x_wconf 90' lang='lat' dir='ltr'><strong>omnibus</strong></span> <span class='ocrx_word' id='word_1_200' title='bbox 1382 613 1522 646; x_wconf 75' lang='lat' dir='ltr'><strong>habeatur,</strong></span> <span class='ocrx_word' id='word_1_201' title='bbox 1544 621 1624 648; x_wconf 83' lang='lat' dir='ltr'><strong>quem</strong></span> <span class='ocrx_word' id='word_1_202' title='bbox 1642 613 1710 640; x_wconf 88' lang='lat' dir='ltr'><strong>fucis</strong></span> <span class='ocrx_word' id='word_1_203' title='bbox 1725 613 1819 640; x_wconf 86' lang='lat' dir='ltr'><strong>inerti-</strong></span> 
     </span>
    </p>
   </div>
   <div class='ocr_carea' id='block_1_28' title="bbox 1034 656 1820 692">
    <p class='ocr_par' dir='ltr' id='par_1_28' title="bbox 1034 656 1820 692">
     <span class='ocr_line' id='line_1_28' title="bbox 1034 656 1820 692; baseline -0.001 -8"><span class='ocrx_word' id='word_1_204' title='bbox 1034 657 1085 685; x_wconf 88' lang='lat' dir='ltr'><strong>bus</strong></span> <span class='ocrx_word' id='word_1_205' title='bbox 1110 657 1278 684; x_wconf 92' lang='lat' dir='ltr'><strong>simillimum</strong></span> <span class='ocrx_word' id='word_1_206' title='bbox 1306 662 1385 692; x_wconf 89' lang='lat' dir='ltr'><strong>poeta</strong></span> <span class='ocrx_word' id='word_1_207' title='bbox 1407 656 1665 692; x_wconf 83' lang='lat' dir='ltr'><strong>vocat?-—-Optime</strong></span> <span class='ocrx_word' id='word_1_208' title='bbox 1694 657 1738 684; x_wconf 90' lang='lat' dir='ltr'><strong>ille</strong></span> <span class='ocrx_word' id='word_1_209' title='bbox 1761 657 1820 692; x_wconf 87' lang='lat' dir='ltr'><strong>qui-</strong></span> 
     </span>
    </p>
   </div>
   <div class='ocr_carea' id='block_1_29' title="bbox 1034 702 1818 737">
    <p class='ocr_par' dir='ltr' id='par_1_29' title="bbox 1034 702 1818 737">
     <span class='ocr_line' id='line_1_29' title="bbox 1034 702 1818 737; baseline -0.003 -7"><span class='ocrx_word' id='word_1_210' title='bbox 1034 703 1154 730; x_wconf 86' lang='lat' dir='ltr'><strong>dem.—</strong></span> <span class='ocrx_word' id='word_1_211' title='bbox 1171 702 1241 737; x_wconf 79' lang='lat' dir='ltr'><strong>Ergo</strong></span> <span class='ocrx_word' id='word_1_212' title='bbox 1264 711 1313 730; x_wconf 90' lang='lat' dir='ltr'><strong>nec</strong></span> <span class='ocrx_word' id='word_1_213' title='bbox 1339 703 1358 729; x_wconf 86' lang='lat' dir='ltr'><strong>ii</strong></span> <span class='ocrx_word' id='word_1_214' title='bbox 1388 711 1476 730; x_wconf 82' lang='lat' dir='ltr'><strong>mores</strong></span> <span class='ocrx_word' id='word_1_215' title='bbox 1500 702 1554 730; x_wconf 91' lang='lat' dir='ltr'><strong>Deo</strong></span> <span class='ocrx_word' id='word_1_216' title='bbox 1578 703 1722 734; x_wconf 82' lang='lat' dir='ltr'><strong>tribuendi,</strong></span> <span class='ocrx_word' id='word_1_217' title='bbox 1748 709 1818 737; x_wconf 89' lang='lat' dir='ltr'><strong>quos</strong></span> 
     </span>
    </p>
   </div>
   <div class='ocr_carea' id='block_1_30' title="bbox 1033 749 1819 784">
    <p class='ocr_par' dir='ltr' id='par_1_30' title="bbox 1033 749 1819 784">
     <span class='ocr_line' id='line_1_30' title="bbox 1033 749 1819 784; baseline -0.001 -8"><span class='ocrx_word' id='word_1_218' title='bbox 1033 750 1147 784; x_wconf 82' lang='lat' dir='ltr'><strong>ipsemet</strong></span> <span class='ocrx_word' id='word_1_219' title='bbox 1163 749 1260 782; x_wconf 87' lang='lat' dir='ltr'><strong>oderit,</strong></span> <span class='ocrx_word' id='word_1_220' title='bbox 1280 757 1329 776; x_wconf 85' lang='lat' dir='ltr'><strong>nee</strong></span> <span class='ocrx_word' id='word_1_221' title='bbox 1341 749 1468 776; x_wconf 82' lang='lat' dir='ltr'><strong>ferendus</strong></span> <span class='ocrx_word' id='word_1_222' title='bbox 1483 750 1639 784; x_wconf 77' lang='lat' dir='ltr'><strong>quisquam,</strong></span> <span class='ocrx_word' id='word_1_223' title='bbox 1655 750 1702 784; x_wconf 87' lang='lat' dir='ltr'><strong>qui</strong></span> <span class='ocrx_word' id='word_1_224' title='bbox 1727 749 1763 775; x_wconf 88' lang='lat' dir='ltr'><strong>ita</strong></span> <span class='ocrx_word' id='word_1_225' title='bbox 1779 749 1819 775; x_wconf 93' lang='lat' dir='ltr'><strong>lo-</strong></span> 
     </span>
    </p>
   </div>
   <div class='ocr_carea' id='block_1_31' title="bbox 1033 794 1819 830">
    <p class='ocr_par' dir='ltr' id='par_1_31' title="bbox 1033 794 1819 830">
     <span class='ocr_line' id='line_1_31' title="bbox 1033 794 1819 830; baseline -0.003 -8"><span class='ocrx_word' id='word_1_226' title='bbox 1033 796 1080 830; x_wconf 88' lang='lat' dir='ltr'><strong>qui</strong></span> <span class='ocrx_word' id='word_1_227' title='bbox 1106 795 1213 822; x_wconf 86' lang='lat' dir='ltr'><strong>audeat.</strong></span> <span class='ocrx_word' id='word_1_228' title='bbox 1226 810 1261 814; x_wconf 93' lang='lat'><strong>—</strong></span> <span class='ocrx_word' id='word_1_229' title='bbox 1274 794 1404 822; x_wconf 76' lang='lat' dir='ltr'><strong>Neutrum</strong></span> <span class='ocrx_word' id='word_1_230' title='bbox 1419 802 1484 822; x_wconf 89' lang='lat' dir='ltr'><strong>sane</strong></span> <span class='ocrx_word' id='word_1_231' title='bbox 1501 804 1506 821; x_wconf 88' lang='lat'>:</span> <span class='ocrx_word' id='word_1_232' title='bbox 1526 795 1572 830; x_wconf 87' lang='lat' dir='ltr'><strong>qui</strong></span> <span class='ocrx_word' id='word_1_233' title='bbox 1585 795 1657 822; x_wconf 87' lang='lat' dir='ltr'><strong>enim</strong></span> <span class='ocrx_word' id='word_1_234' title='bbox 1670 794 1819 822; x_wconf 82' lang='lat' dir='ltr'><strong>deceat?—</strong></span> 
     </span>
    </p>
   </div>
   <div class='ocr_carea' id='block_1_32' title="bbox 1032 839 1819 875">
    <p class='ocr_par' dir='ltr' id='par_1_32' title="bbox 1032 839 1819 875">
     <span class='ocr_line' id='line_1_32' title="bbox 1032 839 1819 875; baseline -0.001 -8"><span class='ocrx_word' id='word_1_235' title='bbox 1032 840 1092 867; x_wconf 80' lang='lat' dir='ltr'><strong>Jam</strong></span> <span class='ocrx_word' id='word_1_236' title='bbox 1108 841 1186 875; x_wconf 91' lang='lat' dir='ltr'><strong>cujus</strong></span> <span class='ocrx_word' id='word_1_237' title='bbox 1202 840 1237 867; x_wconf 81' lang='lat' dir='ltr'><strong>sit</strong></span> <span class='ocrx_word' id='word_1_238' title='bbox 1249 839 1350 874; x_wconf 88' lang='lat' dir='ltr'><strong>aliquid</strong></span> <span class='ocrx_word' id='word_1_239' title='bbox 1363 839 1466 866; x_wconf 76' lang='lat' dir='ltr'><strong>t-llirere</strong></span> <span class='ocrx_word' id='word_1_240' title='bbox 1480 840 1577 871; x_wconf 89' lang='lat' dir='ltr'><strong>simul,</strong></span> <span class='ocrx_word' id='word_1_241' title='bbox 1594 844 1621 866; x_wconf 89' lang='lat' dir='ltr'><strong>et</strong></span> <span class='ocrx_word' id='word_1_242' title='bbox 1644 840 1773 873; x_wconf 77' lang='lat' dir='ltr'><strong>majorem</strong></span> <span class='ocrx_word' id='word_1_243' title='bbox 1791 839 1819 866; x_wconf 91' lang='lat' dir='ltr'><strong>in</strong></span> 
     </span>
    </p>
   </div>
   <div class='ocr_carea' id='block_1_33' title="bbox 1035 885 1822 919">
    <p class='ocr_par' dir='ltr' id='par_1_33' title="bbox 1035 885 1822 919">
     <span class='ocr_line' id='line_1_33' title="bbox 1035 885 1822 919; baseline 0 -8"><span class='ocrx_word' id='word_1_244' title='bbox 1035 885 1146 912; x_wconf 90' lang='lat' dir='ltr'><strong>modum</strong></span> <span class='ocrx_word' id='word_1_245' title='bbox 1164 892 1271 919; x_wconf 83' lang='lat' dir='ltr'><strong>curare,</strong></span> <span class='ocrx_word' id='word_1_246' title='bbox 1291 885 1313 911; x_wconf 89' lang='lat' dir='ltr'><strong>is</strong></span> <span class='ocrx_word' id='word_1_247' title='bbox 1328 885 1349 912; x_wconf 88' lang='lat' dir='ltr'><strong>si</strong></span> <span class='ocrx_word' id='word_1_248' title='bbox 1366 892 1397 910; x_wconf 75' lang='lat' dir='ltr'><strong>ex</strong></span> <span class='ocrx_word' id='word_1_249' title='bbox 1412 892 1444 911; x_wconf 86' lang='lat' dir='ltr'><strong>eo</strong></span> <span class='ocrx_word' id='word_1_250' title='bbox 1459 892 1556 919; x_wconf 75' lang='lat' dir='ltr'><strong>genere</strong></span> <span class='ocrx_word' id='word_1_251' title='bbox 1575 885 1677 918; x_wconf 81' lang='lat' dir='ltr'><strong>majora</strong></span> <span class='ocrx_word' id='word_1_252' title='bbox 1702 885 1822 917; x_wconf 80' lang='lat' dir='ltr'><strong>curabit,</strong></span> 
     </span>
    </p>
   </div>
   <div class='ocr_carea' id='block_1_34' title="bbox 178 929 981 966">
    <p class='ocr_par' dir='ltr' id='par_1_34' title="bbox 178 929 981 966">
     <span class='ocr_line' id='line_1_34' title="bbox 178 929 981 966; baseline 0.004 -11"><span class='ocrx_word' id='word_1_253' title='bbox 178 936 250 960; x_wconf 62' lang='grc' dir='ltr'>,πως</span> <span class='ocrx_word' id='word_1_254' title='bbox 263 929 410 964; x_wconf 76' lang='grc' dir='ltr'>γιγνομένη</span> <span class='ocrx_word' id='word_1_255' title='bbox 424 930 556 965; x_wconf 81' lang='grc' dir='ltr'>ἀμέλεια;</span> <span class='ocrx_word' id='word_1_256' title='bbox 571 930 608 956; x_wconf 80' lang='grc' dir='ltr'><strong>Οὐ</strong></span> <span class='ocrx_word' id='word_1_257' title='bbox 621 930 674 966; x_wconf 87' lang='grc' dir='ltr'>γάρ</span> <span class='ocrx_word' id='word_1_258' title='bbox 688 939 750 962; x_wconf 83' lang='grc' dir='ltr'>που,</span> <span class='ocrx_word' id='word_1_259' title='bbox 760 931 824 958; x_wconf 81' lang='grc' dir='ltr'>ὅταν</span> <span class='ocrx_word' id='word_1_260' title='bbox 837 941 868 966; x_wconf 84' lang='grc' dir='ltr'><strong>γε</strong></span> <span class='ocrx_word' id='word_1_261' title='bbox 884 932 981 958; x_wconf 81' lang='grc' dir='ltr'>ἀδύνα-</span> 
     </span>
    </p>
   </div>
   <div class='ocr_carea' id='block_1_35' title="bbox 1033 929 1820 966">
    <p class='ocr_par' dir='ltr' id='par_1_35' title="bbox 1035 929 1820 964">
     <span class='ocr_line' id='line_1_35' title="bbox 1035 929 1820 964; baseline 0 -8"><span class='ocrx_word' id='word_1_262' title='bbox 1035 930 1150 964; x_wconf 69' lang='lat' dir='ltr'><strong>negligct</strong></span> <span class='ocrx_word' id='word_1_263' title='bbox 1165 929 1281 962; x_wconf 87' lang='lat' dir='ltr'><strong>minora,</strong></span> <span class='ocrx_word' id='word_1_264' title='bbox 1311 937 1364 964; x_wconf 84' lang='lat' dir='ltr'><strong>qua</strong></span> <span class='ocrx_word' id='word_1_265' title='bbox 1380 929 1485 955; x_wconf 78' lang='lat' dir='ltr'><strong>tandem</strong></span> <span class='ocrx_word' id='word_1_266' title='bbox 1502 937 1563 956; x_wconf 88' lang='lat' dir='ltr'><strong>eum</strong></span> <span class='ocrx_word' id='word_1_267' title='bbox 1579 929 1658 956; x_wconf 87' lang='lat' dir='ltr'><strong>laude</strong></span> <span class='ocrx_word' id='word_1_268' title='bbox 1673 937 1820 963; x_wconf 86' lang='lat' dir='ltr'><strong>proseque-</strong></span> 
     </span>
    </p>
   </div>
   <div class='ocr_carea' id='block_1_36' title="bbox 191 972 981 1013">
    <p class='ocr_par' dir='ltr' id='par_1_36' title="bbox 191 972 981 1013">
     <span class='ocr_line' id='line_1_36' title="bbox 191 972 981 1013; baseline 0.004 -13"><span class='ocrx_word' id='word_1_269' title='bbox 191 982 238 1000; x_wconf 88' lang='grc' dir='ltr'><strong>τον</strong></span> <span class='ocrx_word' id='word_1_270' title='bbox 253 972 270 1011; x_wconf 86' lang='grc' dir='ltr'>ᾖ</span> <span class='ocrx_word' id='word_1_271' title='bbox 285 974 340 1000; x_wconf 87' lang='grc' dir='ltr'><strong>τῶν</strong></span> <span class='ocrx_word' id='word_1_272' title='bbox 356 975 463 1002; x_wconf 80' lang='grc' dir='ltr'>πάντων</span> <span class='ocrx_word' id='word_1_273' title='bbox 481 975 678 1010; x_wconf 74' lang='grc' dir='ltr'>ἐπιμελεῖσθαι,</span> <span class='ocrx_word' id='word_1_274' title='bbox 696 977 755 1003; x_wconf 78' lang='grc' dir='ltr'>τότε</span> <span class='ocrx_word' id='word_1_275' title='bbox 778 977 891 1013; x_wconf 78' lang='grc' dir='ltr'>ἀμέλεια</span> <span class='ocrx_word' id='word_1_276' title='bbox 906 977 981 1004; x_wconf 71' lang='grc' dir='ltr'>ἔσται</span> 
     </span>
    </p>
   </div>
   <div class='ocr_carea' id='block_1_37' title="bbox 191 1020 981 1058">
    <p class='ocr_par' dir='ltr' id='par_1_37' title="bbox 191 1020 981 1058">
     <span class='ocr_line' id='line_1_37' title="bbox 191 1020 981 1058; baseline 0.005 -12"><span class='ocrx_word' id='word_1_277' title='bbox 191 1020 245 1047; x_wconf 74' lang='grc' dir='ltr'><strong>τῶν</strong></span> <span class='ocrx_word' id='word_1_278' title='bbox 263 1021 386 1057; x_wconf 80' lang='grc' dir='ltr'><strong>σμικρῶν</strong></span> <span class='ocrx_word' id='word_1_279' title='bbox 401 1021 417 1057; x_wconf 83' lang='grc' dir='ltr'>ἢ</span> <span class='ocrx_word' id='word_1_280' title='bbox 445 1021 584 1057; x_wconf 82' lang='grc' dir='ltr'><strong>μεγάλων,</strong></span> <span class='ocrx_word' id='word_1_281' title='bbox 604 1022 641 1058; x_wconf 75' lang='grc' dir='ltr'>μὴ</span> <span class='ocrx_word' id='word_1_282' title='bbox 658 1023 879 1058; x_wconf 77' lang='grc' dir='ltr'>ἐπιμελουμένῳ,</span> <span class='ocrx_word' id='word_1_283' title='bbox 896 1021 933 1050; x_wconf 78' lang='grc' dir='ltr'>ὧν</span> <span class='ocrx_word' id='word_1_284' title='bbox 949 1023 981 1050; x_wconf 86' lang='grc' dir='ltr'>ἂν</span> 
     </span>
    </p>
   </div>
   <div class='ocr_carea' id='block_1_38' title="bbox 190 1066 982 1105">
    <p class='ocr_par' dir='ltr' id='par_1_38' title="bbox 190 1066 982 1105">
     <span class='ocr_line' id='line_1_38' title="bbox 190 1066 982 1105; baseline 0.005 -13"><span class='ocrx_word' id='word_1_285' title='bbox 190 1066 303 1102; x_wconf 83' lang='grc' dir='ltr'>δυνάμει</span> <span class='ocrx_word' id='word_1_286' title='bbox 314 1067 390 1099; x_wconf 80' lang='grc' dir='ltr'>Θεὸς,</span> <span class='ocrx_word' id='word_1_287' title='bbox 403 1067 419 1103; x_wconf 78' lang='grc' dir='ltr'>ἦ</span> <span class='ocrx_word' id='word_1_288' title='bbox 436 1067 535 1102; x_wconf 79' lang='grc' dir='ltr'>φαῦλός</span> <span class='ocrx_word' id='word_1_289' title='bbox 547 1077 588 1100; x_wconf 80' lang='grc' dir='ltr'><strong>τις</strong></span> <span class='ocrx_word' id='word_1_290' title='bbox 605 1068 641 1094; x_wconf 84' lang='grc' dir='ltr'>ὢν</span> <span class='ocrx_word' id='word_1_291' title='bbox 658 1068 778 1104; x_wconf 78' lang='grc' dir='ltr'>ἐλλιπὴς,</span> <span class='ocrx_word' id='word_1_292' title='bbox 791 1070 837 1095; x_wconf 82' lang='grc' dir='ltr'><strong>καὶ</strong></span> <span class='ocrx_word' id='word_1_293' title='bbox 855 1069 891 1105; x_wconf 84' lang='grc' dir='ltr'>μὴ</span> <span class='ocrx_word' id='word_1_294' title='bbox 904 1069 982 1096; x_wconf 74' lang='grc' dir='ltr'>δυνασ</span> 
     </span>
    </p>
   </div>
   <div class='ocr_carea' id='block_1_39' title="bbox 187 1113 981 1150">
    <p class='ocr_par' dir='ltr' id='par_1_39' title="bbox 187 1113 981 1150">
     <span class='ocr_line' id='line_1_39' title="bbox 187 1113 981 1150; baseline 0.004 -11"><span class='ocrx_word' id='word_1_295' title='bbox 187 1113 235 1145; x_wconf 82' lang='grc' dir='ltr'>τὸς</span> <span class='ocrx_word' id='word_1_296' title='bbox 250 1113 439 1149; x_wconf 75' lang='grc' dir='ltr'>ἐπιμελεῖσθαι</span> <span class='ocrx_word' id='word_1_297' title='bbox 456 1114 591 1150; x_wconf 75' lang='grc' dir='ltr'>γίγνηται.</span> <span class='ocrx_word' id='word_1_298' title='bbox 612 1130 646 1134; x_wconf 84' lang='grc'><strong><em>-</em></strong></span> <span class='ocrx_word' id='word_1_299' title='bbox 659 1114 720 1146; x_wconf 85' lang='grc' dir='ltr'>Πῶς</span> <span class='ocrx_word' id='word_1_300' title='bbox 737 1115 792 1150; x_wconf 78' lang='grc' dir='ltr'><strong>γὰρ</strong></span> <span class='ocrx_word' id='word_1_301' title='bbox 809 1115 858 1148; x_wconf 79' lang='grc' dir='ltr'><strong>ἄν;</strong></span> <span class='ocrx_word' id='word_1_302' title='bbox 877 1131 911 1135; x_wconf 83' lang='lat'><strong>——</strong></span> <span class='ocrx_word' id='word_1_303' title='bbox 925 1115 981 1142; x_wconf 78' lang='grc' dir='ltr'><strong>Νῦν</strong></span> 
     </span>
    </p>
   </div>
   <div class='ocr_carea' id='block_1_40' title="bbox 188 1159 980 1197">
    <p class='ocr_par' dir='ltr' id='par_1_40' title="bbox 188 1159 980 1197">
     <span class='ocr_line' id='line_1_40' title="bbox 188 1159 980 1197; baseline 0.003 -12"><span class='ocrx_word' id='word_1_304' title='bbox 188 1159 221 1194; x_wconf 83' lang='grc' dir='ltr'>δὴ</span> <span class='ocrx_word' id='word_1_305' title='bbox 235 1159 282 1186; x_wconf 81' lang='grc' dir='ltr'>δύο</span> <span class='ocrx_word' id='word_1_306' title='bbox 294 1159 369 1192; x_wconf 75' lang='grc' dir='ltr'>ὄντες</span> <span class='ocrx_word' id='word_1_307' title='bbox 386 1161 473 1194; x_wconf 80' lang='grc' dir='ltr'>τρισὶν</span> <span class='ocrx_word' id='word_1_308' title='bbox 492 1162 556 1196; x_wconf 81' lang='grc' dir='ltr'>ἡμῖν</span> <span class='ocrx_word' id='word_1_309' title='bbox 577 1159 652 1188; x_wconf 76' lang='grc' dir='ltr'>οὖσιν</span> <span class='ocrx_word' id='word_1_310' title='bbox 678 1160 930 1197; x_wconf 74' lang='grc' dir='ltr'><strong>ἀποκρινάσθωσαν,</strong></span> <span class='ocrx_word' id='word_1_311' title='bbox 956 1162 980 1187; x_wconf 79' lang='grc' dir='ltr'>οἱ</span> 
     </span>
    </p>
   </div>
   <div class='ocr_carea' id='block_1_41' title="bbox 189 1205 980 1243">
    <p class='ocr_par' dir='ltr' id='par_1_41' title="bbox 189 1205 980 1243">
     <span class='ocr_line' id='line_1_41' title="bbox 189 1205 980 1243; baseline 0.003 -12"><span class='ocrx_word' id='word_1_312' title='bbox 189 1205 269 1237; x_wconf 81' lang='grc' dir='ltr'>θεοὺς</span> <span class='ocrx_word' id='word_1_313' title='bbox 288 1206 337 1241; x_wconf 85' lang='grc' dir='ltr'><strong>μὲν</strong></span> <span class='ocrx_word' id='word_1_314' title='bbox 352 1206 500 1242; x_wconf 82' lang='grc' dir='ltr'>ἀμφότεροι</span> <span class='ocrx_word' id='word_1_315' title='bbox 517 1207 710 1242; x_wconf 82' lang='grc' dir='ltr'>ὁμολογοῦντες</span> <span class='ocrx_word' id='word_1_316' title='bbox 742 1205 823 1239; x_wconf 78' lang='grc' dir='ltr'>εἶναι,</span> <span class='ocrx_word' id='word_1_317' title='bbox 844 1216 980 1243; x_wconf 83' lang='grc' dir='ltr'>παραιτη-</span> 
     </span>
    </p>
   </div>
   <div class='ocr_carea' id='block_1_42' title="bbox 187 1252 981 1290">
    <p class='ocr_par' dir='ltr' id='par_1_42' title="bbox 187 1252 981 1290">
     <span class='ocr_line' id='line_1_42' title="bbox 187 1252 981 1290; baseline 0.003 -12"><span class='ocrx_word' id='word_1_318' title='bbox 187 1252 252 1284; x_wconf 83' lang='grc' dir='ltr'>τοὺς</span> <span class='ocrx_word' id='word_1_319' title='bbox 264 1252 292 1278; x_wconf 84' lang='grc' dir='ltr'>δὲ</span> <span class='ocrx_word' id='word_1_320' title='bbox 310 1252 419 1288; x_wconf 75' lang='grc' dir='ltr'>ἕτερος,</span> <span class='ocrx_word' id='word_1_321' title='bbox 445 1255 458 1280; x_wconf 88' lang='lat'><strong>6</strong></span> <span class='ocrx_word' id='word_1_322' title='bbox 475 1253 501 1280; x_wconf 87' lang='grc' dir='ltr'><strong>δὲ</strong></span> <span class='ocrx_word' id='word_1_323' title='bbox 519 1254 628 1289; x_wconf 76' lang='grc' dir='ltr'><strong>ἀμελεῖς</strong></span> <span class='ocrx_word' id='word_1_324' title='bbox 642 1254 696 1280; x_wconf 86' lang='grc' dir='ltr'><strong>τῶν</strong></span> <span class='ocrx_word' id='word_1_325' title='bbox 714 1253 846 1290; x_wconf 79' lang='grc' dir='ltr'>σμικρῶν.</span> <span class='ocrx_word' id='word_1_326' title='bbox 871 1253 981 1289; x_wconf 85' lang='grc' dir='ltr'>Πρῶτον</span> 
     </span>
    </p>
   </div>
   <div class='ocr_carea' id='block_1_43' title="bbox 191 1298 981 1335">
    <p class='ocr_par' dir='ltr' id='par_1_43' title="bbox 191 1298 981 1335">
     <span class='ocr_line' id='line_1_43' title="bbox 191 1298 981 1335; baseline 0.001 -10"><span class='ocrx_word' id='word_1_327' title='bbox 191 1298 241 1334; x_wconf 80' lang='grc' dir='ltr'>μὲν</span> <span class='ocrx_word' id='word_1_328' title='bbox 258 1298 335 1331; x_wconf 82' lang='grc' dir='ltr'>θεοὺς</span> <span class='ocrx_word' id='word_1_329' title='bbox 350 1300 500 1335; x_wconf 83' lang='grc' dir='ltr'>ἀμφότεροί</span> <span class='ocrx_word' id='word_1_330' title='bbox 517 1309 585 1334; x_wconf 81' lang='grc' dir='ltr'>φατε</span> <span class='ocrx_word' id='word_1_331' title='bbox 600 1300 755 1334; x_wconf 75' lang='grc' dir='ltr'>γινώσκειν,</span> <span class='ocrx_word' id='word_1_332' title='bbox 778 1301 824 1326; x_wconf 80' lang='grc' dir='ltr'><strong>καὶ</strong></span> <span class='ocrx_word' id='word_1_333' title='bbox 841 1300 918 1335; x_wconf 81' lang='grc' dir='ltr'>ὁρᾷν,</span> <span class='ocrx_word' id='word_1_334' title='bbox 934 1300 981 1326; x_wconf 79' lang='grc' dir='ltr'>καὶ</span> 
     </span>
    </p>
   </div>
   <div class='ocr_carea' id='block_1_44' title="bbox 189 1342 982 1377">
    <p class='ocr_par' dir='ltr' id='par_1_44' title="bbox 189 1342 982 1377">
     <span class='ocr_line' id='line_1_44' title="bbox 189 1342 982 1377; baseline 0 -7"><span class='ocrx_word' id='word_1_335' title='bbox 189 1343 300 1370; x_wconf 80' lang='grc' dir='ltr'>ἀκούειν</span> <span class='ocrx_word' id='word_1_336' title='bbox 317 1344 416 1376; x_wconf 80' lang='grc' dir='ltr'>πάντα,</span> <span class='ocrx_word' id='word_1_337' title='bbox 432 1344 523 1372; x_wconf 82' lang='grc' dir='ltr'><strong>λαθεῖν</strong></span> <span class='ocrx_word' id='word_1_338' title='bbox 538 1345 566 1371; x_wconf 78' lang='grc' dir='ltr'>δὲ</span> <span class='ocrx_word' id='word_1_339' title='bbox 583 1346 681 1377; x_wconf 82' lang='grc' dir='ltr'>αὐτοὺς</span> <span class='ocrx_word' id='word_1_340' title='bbox 695 1346 771 1372; x_wconf 77' lang='grc' dir='ltr'>οὐδὲν</span> <span class='ocrx_word' id='word_1_341' title='bbox 784 1344 894 1371; x_wconf 77' lang='grc' dir='ltr'>δυνατὸν</span> <span class='ocrx_word' id='word_1_342' title='bbox 911 1342 982 1370; x_wconf 76' lang='grc' dir='ltr'>εἶναι</span> 
     </span>
    </p>
   </div>
   <div class='ocr_carea' id='block_1_45' title="bbox 188 1389 979 1427">
    <p class='ocr_par' dir='ltr' id='par_1_45' title="bbox 188 1389 979 1427">
     <span class='ocr_line' id='line_1_45' title="bbox 188 1389 979 1427; baseline 0.001 -12"><span class='ocrx_word' id='word_1_343' title='bbox 188 1389 245 1416; x_wconf 87' lang='grc' dir='ltr'><strong>τῶν</strong></span> <span class='ocrx_word' id='word_1_344' title='bbox 265 1390 372 1417; x_wconf 87' lang='grc' dir='ltr'><strong>ὁπόσων</strong></span> <span class='ocrx_word' id='word_1_345' title='bbox 399 1391 468 1417; x_wconf 70' lang='grc' dir='ltr'>εἰσὶν</span> <span class='ocrx_word' id='word_1_346' title='bbox 493 1392 520 1417; x_wconf 84' lang='grc' dir='ltr'>αἱ</span> <span class='ocrx_word' id='word_1_347' title='bbox 539 1391 679 1427; x_wconf 77' lang='grc' dir='ltr'><strong>αἰσθήσεις</strong></span> <span class='ocrx_word' id='word_1_348' title='bbox 698 1400 727 1418; x_wconf 87' lang='grc' dir='ltr'><strong>τε</strong></span> <span class='ocrx_word' id='word_1_349' title='bbox 749 1391 796 1417; x_wconf 73' lang='grc' dir='ltr'>καὶ</span> <span class='ocrx_word' id='word_1_350' title='bbox 820 1390 979 1425; x_wconf 75' lang='grc' dir='ltr'>ἐπιστῆμαι.</span> 
     </span>
    </p>
   </div>
   <div class='ocr_carea' id='block_1_46' title="bbox 189 1435 980 1473">
    <p class='ocr_par' dir='ltr' id='par_1_46' title="bbox 189 1435 980 1473">
     <span class='ocr_line' id='line_1_46' title="bbox 189 1435 980 1473; baseline 0 -11"><span class='ocrx_word' id='word_1_351' title='bbox 189 1435 283 1472; x_wconf 80' lang='grc' dir='ltr'><strong>Ταύτῃ</strong></span> <span class='ocrx_word' id='word_1_352' title='bbox 295 1436 323 1463; x_wconf 78' lang='grc' dir='ltr'><strong>δέ</strong></span> <span class='ocrx_word' id='word_1_353' title='bbox 340 1445 372 1471; x_wconf 81' lang='grc' dir='ltr'><strong>γε</strong></span> <span class='ocrx_word' id='word_1_354' title='bbox 385 1437 478 1471; x_wconf 82' lang='grc' dir='ltr'>λέγετε</span> <span class='ocrx_word' id='word_1_355' title='bbox 492 1437 564 1472; x_wconf 80' lang='grc' dir='ltr'>ἔχειν</span> <span class='ocrx_word' id='word_1_356' title='bbox 589 1438 684 1470; x_wconf 78' lang='grc' dir='ltr'>ταῦτα,</span> <span class='ocrx_word' id='word_1_357' title='bbox 702 1437 717 1473; x_wconf 81' lang='grc' dir='ltr'>ἦ</span> <span class='ocrx_word' id='word_1_358' title='bbox 744 1437 819 1469; x_wconf 55' lang='lat' dir='ltr'><strong>nam;</strong></span> <span class='ocrx_word' id='word_1_359' title='bbox 835 1436 980 1467; x_wconf 64' lang='lat' dir='ltr'><strong>———Obrm;.</strong></span> 
     </span>
    </p>
   </div>
   <div class='ocr_carea' id='block_1_47' title="bbox 189 1481 981 1518">
    <p class='ocr_par' dir='ltr' id='par_1_47' title="bbox 189 1481 981 1518">
     <span class='ocr_line' id='line_1_47' title="bbox 189 1481 981 1518; baseline 0.003 -11"><span class='ocrx_word' id='word_1_360' title='bbox 189 1497 226 1502; x_wconf 88' lang='lat'><strong>-—</strong></span> <span class='ocrx_word' id='word_1_361' title='bbox 240 1482 272 1508; x_wconf 86' lang='grc' dir='ltr'>Τί</span> <span class='ocrx_word' id='word_1_362' title='bbox 288 1482 349 1515; x_wconf 68' lang='lat' dir='ltr'><strong>But;</strong></span> <span class='ocrx_word' id='word_1_363' title='bbox 375 1482 503 1510; x_wconf 78' lang='grc' dir='ltr'>δύνασθαι</span> <span class='ocrx_word' id='word_1_364' title='bbox 518 1483 606 1510; x_wconf 81' lang='grc' dir='ltr'>πάντα</span> <span class='ocrx_word' id='word_1_365' title='bbox 619 1484 725 1510; x_wconf 78' lang='grc' dir='ltr'>ὁπόσων</span> <span class='ocrx_word' id='word_1_366' title='bbox 740 1481 772 1510; x_wconf 80' lang='grc' dir='ltr'>αὖ</span> <span class='ocrx_word' id='word_1_367' title='bbox 789 1483 902 1518; x_wconf 73' lang='grc' dir='ltr'>δύναμίς</span> <span class='ocrx_word' id='word_1_368' title='bbox 925 1484 981 1509; x_wconf 83' lang='grc' dir='ltr'>ἐστι</span> 
     </span>
    </p>
   </div>
   <div class='ocr_carea' id='block_1_48' title="bbox 190 1529 983 1566">
    <p class='ocr_par' dir='ltr' id='par_1_48' title="bbox 190 1529 983 1566">
     <span class='ocr_line' id='line_1_48' title="bbox 190 1529 983 1566; baseline 0 -10"><span class='ocrx_word' id='word_1_369' title='bbox 190 1529 298 1565; x_wconf 81' lang='grc' dir='ltr'>Θνητοίς</span> <span class='ocrx_word' id='word_1_370' title='bbox 308 1538 338 1556; x_wconf 84' lang='grc' dir='ltr'><strong>τε</strong></span> <span class='ocrx_word' id='word_1_371' title='bbox 350 1529 397 1556; x_wconf 75' lang='grc' dir='ltr'>καὶ</span> <span class='ocrx_word' id='word_1_372' title='bbox 411 1529 554 1561; x_wconf 79' lang='grc' dir='ltr'><strong>ἀθανάτοις</strong></span> <span class='ocrx_word' id='word_1_373' title='bbox 563 1530 669 1562; x_wconf 86' lang='grc' dir='ltr'><strong>;-ῐ1ῶς</strong></span> <span class='ocrx_word' id='word_1_374' title='bbox 681 1529 736 1565; x_wconf 87' lang='grc' dir='ltr'>γὰρ</span> <span class='ocrx_word' id='word_1_375' title='bbox 750 1530 780 1556; x_wconf 84' lang='grc' dir='ltr'>οὑ</span> <span class='ocrx_word' id='word_1_376' title='bbox 794 1531 983 1566; x_wconf 81' lang='grc' dir='ltr'>συγχωρήσον-</span> 
     </span>
    </p>
   </div>
   <div class='ocr_carea' id='block_1_49' title="bbox 189 1574 981 1610">
    <p class='ocr_par' dir='ltr' id='par_1_49' title="bbox 189 1574 981 1610">
     <span class='ocr_line' id='line_1_49' title="bbox 189 1574 981 1610; baseline 0 -10"><span class='ocrx_word' id='word_1_377' title='bbox 189 1583 236 1601; x_wconf 81' lang='grc' dir='ltr'><strong>ται</strong></span> <span class='ocrx_word' id='word_1_378' title='bbox 252 1575 300 1601; x_wconf 81' lang='grc' dir='ltr'>καὶ</span> <span class='ocrx_word' id='word_1_379' title='bbox 314 1574 398 1602; x_wconf 80' lang='grc' dir='ltr'>ταῦτα</span> <span class='ocrx_word' id='word_1_380' title='bbox 410 1575 496 1607; x_wconf 77' lang='grc' dir='ltr'>οὕτως</span> <span class='ocrx_word' id='word_1_381' title='bbox 513 1575 600 1610; x_wconf 79' lang='grc' dir='ltr'>ἕχειν;</span> <span class='ocrx_word' id='word_1_382' title='bbox 613 1589 648 1595; x_wconf 86' lang='lat'><strong>—</strong></span> <span class='ocrx_word' id='word_1_383' title='bbox 663 1575 718 1601; x_wconf 77' lang='grc' dir='ltr'>Καὶ</span> <span class='ocrx_word' id='word_1_384' title='bbox 742 1575 794 1610; x_wconf 84' lang='grc' dir='ltr'>μὴν</span> <span class='ocrx_word' id='word_1_385' title='bbox 810 1574 930 1608; x_wconf 83' lang='grc' dir='ltr'>ἀγαθούς</span> <span class='ocrx_word' id='word_1_386' title='bbox 951 1583 981 1600; x_wconf 88' lang='grc' dir='ltr'><strong>τε</strong></span> 
     </span>
    </p>
   </div>
   <div class='ocr_carea' id='block_1_50' title="bbox 1033 975 1819 1009">
    <p class='ocr_par' dir='ltr' id='par_1_50' title="bbox 1033 975 1819 1009">
     <span class='ocr_line' id='line_1_50' title="bbox 1033 975 1819 1009; baseline -0.001 -8"><span class='ocrx_word' id='word_1_387' title='bbox 1033 983 1103 1006; x_wconf 88' lang='lat' dir='ltr'><strong>tnur,</strong></span> <span class='ocrx_word' id='word_1_388' title='bbox 1118 975 1182 1009; x_wconf 85' lang='lat' dir='ltr'><strong>quin</strong></span> <span class='ocrx_word' id='word_1_389' title='bbox 1200 979 1257 1001; x_wconf 88' lang='lat' dir='ltr'><strong>toto</strong></span> <span class='ocrx_word' id='word_1_390' title='bbox 1273 975 1342 1002; x_wconf 63' lang='lat' dir='ltr'><strong>coelo</strong></span> <span class='ocrx_word' id='word_1_391' title='bbox 1354 975 1532 1001; x_wconf 81' lang='lat' dir='ltr'><strong>aberremus?</strong></span> <span class='ocrx_word' id='word_1_392' title='bbox 1551 975 1694 1001; x_wconf 81' lang='lat' dir='ltr'><strong>Enimvero</strong></span> <span class='ocrx_word' id='word_1_393' title='bbox 1709 975 1748 1002; x_wconf 83' lang='lat' dir='ltr'><strong>sic</strong></span> <span class='ocrx_word' id='word_1_394' title='bbox 1759 975 1819 1009; x_wconf 90' lang='lat' dir='ltr'><strong>phi-</strong></span> 
     </span>
    </p>
   </div>
   <div class='ocr_carea' id='block_1_51' title="bbox 1033 1019 1819 1055">
    <p class='ocr_par' dir='ltr' id='par_1_51' title="bbox 1033 1019 1819 1055">
     <span class='ocr_line' id='line_1_51' title="bbox 1033 1019 1819 1055; baseline 0.001 -9"><span class='ocrx_word' id='word_1_395' title='bbox 1033 1021 1218 1055; x_wconf 82' lang='lat' dir='ltr'><strong>losophentur.</strong></span> <span class='ocrx_word' id='word_1_396' title='bbox 1237 1019 1333 1047; x_wconf 86' lang='lat' dir='ltr'><strong>Nonne</strong></span> <span class='ocrx_word' id='word_1_397' title='bbox 1348 1020 1428 1055; x_wconf 77' lang='lat'><strong>632</strong></span> <span class='ocrx_word' id='word_1_398' title='bbox 1441 1020 1487 1054; x_wconf 87' lang='lat' dir='ltr'><strong>qui</strong></span> <span class='ocrx_word' id='word_1_399' title='bbox 1504 1019 1604 1054; x_wconf 84' lang='lat' dir='ltr'><strong>aliquid</strong></span> <span class='ocrx_word' id='word_1_400' title='bbox 1627 1020 1761 1054; x_wconf 79' lang='lat' dir='ltr'><strong>ejusmodi</strong></span> <span class='ocrx_word' id='word_1_401' title='bbox 1779 1020 1819 1047; x_wconf 82' lang='lat' dir='ltr'><strong>la-</strong></span> 
     </span>
    </p>
   </div>
   <div class='ocr_carea' id='block_1_52' title="bbox 1032 1065 1820 1099">
    <p class='ocr_par' dir='ltr' id='par_1_52' title="bbox 1032 1065 1820 1099">
     <span class='ocr_line' id='line_1_52' title="bbox 1032 1065 1820 1099; baseline 0.001 -7"><span class='ocrx_word' id='word_1_402' title='bbox 1032 1067 1095 1099; x_wconf 83' lang='lat' dir='ltr'><strong>ciat,</strong></span> <span class='ocrx_word' id='word_1_403' title='bbox 1114 1067 1136 1093; x_wconf 92' lang='lat' dir='ltr'><strong>is</strong></span> <span class='ocrx_word' id='word_1_404' title='bbox 1152 1066 1208 1092; x_wconf 78' lang='lat' dir='ltr'><strong>sive</strong></span> <span class='ocrx_word' id='word_1_405' title='bbox 1223 1065 1294 1092; x_wconf 81' lang='lat' dir='ltr'><strong>Deus</strong></span> <span class='ocrx_word' id='word_1_406' title='bbox 1310 1065 1402 1097; x_wconf 83' lang='lat' dir='ltr'><strong>fuerit,</strong></span> <span class='ocrx_word' id='word_1_407' title='bbox 1419 1066 1476 1092; x_wconf 82' lang='lat' dir='ltr'><strong>sive</strong></span> <span class='ocrx_word' id='word_1_408' title='bbox 1500 1065 1591 1098; x_wconf 88' lang='lat' dir='ltr'><strong>homo,</strong></span> <span class='ocrx_word' id='word_1_409' title='bbox 1606 1065 1713 1093; x_wconf 87' lang='lat' dir='ltr'><strong>duobus</strong></span> <span class='ocrx_word' id='word_1_410' title='bbox 1730 1066 1820 1093; x_wconf 87' lang='lat' dir='ltr'><strong>modis</strong></span> 
     </span>
    </p>
   </div>
   <div class='ocr_carea' id='block_1_53' title="bbox 1033 1111 1814 1145">
    <p class='ocr_par' dir='ltr' id='par_1_53' title="bbox 1033 1111 1814 1145">
     <span class='ocr_line' id='line_1_53' title="bbox 1033 1111 1814 1145; baseline 0 -7"><span class='ocrx_word' id='word_1_411' title='bbox 1033 1113 1082 1139; x_wconf 90' lang='lat' dir='ltr'><strong>hoc</strong></span> <span class='ocrx_word' id='word_1_412' title='bbox 1099 1111 1211 1139; x_wconf 82' lang='lat' dir='ltr'><strong>fecerit?</strong></span> <span class='ocrx_word' id='word_1_413' title='bbox 1226 1127 1257 1130; x_wconf 98' lang='lat'>—</span> <span class='ocrx_word' id='word_1_414' title='bbox 1275 1111 1378 1144; x_wconf 87' lang='lat' dir='ltr'><strong>Quibus</strong></span> <span class='ocrx_word' id='word_1_415' title='bbox 1394 1111 1518 1137; x_wconf 81' lang='lat' dir='ltr'><strong>tandem?</strong></span> <span class='ocrx_word' id='word_1_416' title='bbox 1531 1111 1639 1141; x_wconf 81' lang='lat' dir='ltr'><strong>—-Aut,</strong></span> <span class='ocrx_word' id='word_1_417' title='bbox 1656 1111 1727 1145; x_wconf 89' lang='lat' dir='ltr'><strong>quod</strong></span> <span class='ocrx_word' id='word_1_418' title='bbox 1742 1111 1814 1138; x_wconf 85' lang='lat' dir='ltr'><strong>illam</strong></span> 
     </span>
    </p>
   </div>
   <div class='ocr_carea' id='block_1_54' title="bbox 1032 1157 1818 1192">
    <p class='ocr_par' dir='ltr' id='par_1_54' title="bbox 1032 1157 1818 1192">
     <span class='ocr_line' id='line_1_54' title="bbox 1032 1157 1818 1192; baseline 0.001 -9"><span class='ocrx_word' id='word_1_419' title='bbox 1032 1166 1121 1184; x_wconf 79' lang='lat' dir='ltr'><strong>rerum</strong></span> <span class='ocrx_word' id='word_1_420' title='bbox 1135 1158 1270 1185; x_wconf 89' lang='lat' dir='ltr'><strong>minortun</strong></span> <span class='ocrx_word' id='word_1_421' title='bbox 1288 1157 1596 1192; x_wconf 81' lang='lat' dir='ltr'><strong>dospicientiam,totius</strong></span> <span class='ocrx_word' id='word_1_422' title='bbox 1614 1157 1732 1185; x_wconf 78' lang='lat' dir='ltr'><strong>universi</strong></span> <span class='ocrx_word' id='word_1_423' title='bbox 1750 1158 1818 1184; x_wconf 88' lang='lat' dir='ltr'><strong>nihil</strong></span> 
     </span>
    </p>
   </div>
   <div class='ocr_carea' id='block_1_55' title="bbox 1033 1204 1817 1239">
    <p class='ocr_par' dir='ltr' id='par_1_55' title="bbox 1033 1204 1817 1239">
     <span class='ocr_line' id='line_1_55' title="bbox 1033 1204 1817 1239; baseline 0 -9"><span class='ocrx_word' id='word_1_424' title='bbox 1033 1205 1163 1232; x_wconf 77' lang='lat' dir='ltr'><strong>interesse</strong></span> <span class='ocrx_word' id='word_1_425' title='bbox 1176 1210 1262 1239; x_wconf 86' lang='lat' dir='ltr'><strong>putet,</strong></span> <span class='ocrx_word' id='word_1_426' title='bbox 1286 1210 1333 1231; x_wconf 88' lang='lat' dir='ltr'><strong>aut</strong></span> <span class='ocrx_word' id='word_1_427' title='bbox 1348 1204 1369 1231; x_wconf 91' lang='lat' dir='ltr'><strong>si</strong></span> <span class='ocrx_word' id='word_1_428' title='bbox 1386 1212 1448 1231; x_wconf 93' lang='lat' dir='ltr'><strong>cum</strong></span> <span class='ocrx_word' id='word_1_429' title='bbox 1465 1204 1583 1236; x_wconf 86' lang='lat' dir='ltr'><strong>intersit,</strong></span> <span class='ocrx_word' id='word_1_430' title='bbox 1599 1205 1716 1239; x_wconf 70' lang='lat' dir='ltr'><strong>negligat</strong></span> <span class='ocrx_word' id='word_1_431' title='bbox 1729 1211 1817 1231; x_wconf 80' lang='lat' dir='ltr'><strong>tamen</strong></span> 
     </span>
    </p>
   </div>
   <div class='ocr_carea' id='block_1_56' title="bbox 1031 1250 1818 1285">
    <p class='ocr_par' dir='ltr' id='par_1_56' title="bbox 1031 1250 1818 1285">
     <span class='ocr_line' id='line_1_56' title="bbox 1031 1250 1818 1285; baseline 0 -8"><span class='ocrx_word' id='word_1_432' title='bbox 1031 1250 1103 1285; x_wconf 76' lang='lat' dir='ltr'><strong>quod</strong></span> <span class='ocrx_word' id='word_1_433' title='bbox 1129 1250 1236 1285; x_wconf 79' lang='lat' dir='ltr'><strong>pigritia</strong></span> <span class='ocrx_word' id='word_1_434' title='bbox 1260 1251 1420 1285; x_wconf 87' lang='lat' dir='ltr'><strong>deliciisque</strong></span> <span class='ocrx_word' id='word_1_435' title='bbox 1450 1251 1595 1277; x_wconf 79' lang='lat' dir='ltr'><strong>vincatur:</strong></span> <span class='ocrx_word' id='word_1_436' title='bbox 1615 1251 1666 1278; x_wconf 87' lang='lat' dir='ltr'><strong>nisi</strong></span> <span class='ocrx_word' id='word_1_437' title='bbox 1689 1251 1741 1278; x_wconf 81' lang='lat' dir='ltr'><strong>alia</strong></span> <span class='ocrx_word' id='word_1_438' title='bbox 1771 1251 1818 1277; x_wconf 89' lang='lat' dir='ltr'><strong>tibi</strong></span> 
     </span>
    </p>
   </div>
   <div class='ocr_carea' id='block_1_57' title="bbox 1032 1296 1818 1332">
    <p class='ocr_par' dir='ltr' id='par_1_57' title="bbox 1032 1296 1818 1332">
     <span class='ocr_line' id='line_1_57' title="bbox 1032 1296 1818 1332; baseline -0.001 -9"><span class='ocrx_word' id='word_1_439' title='bbox 1032 1297 1154 1332; x_wconf 66' lang='lat' dir='ltr'><strong>qumdam</strong></span> <span class='ocrx_word' id='word_1_440' title='bbox 1179 1298 1300 1324; x_wconf 89' lang='lat' dir='ltr'><strong>occurrit</strong></span> <span class='ocrx_word' id='word_1_441' title='bbox 1323 1297 1491 1332; x_wconf 62' lang='lat' dir='ltr'><strong>negligentiae</strong></span> <span class='ocrx_word' id='word_1_442' title='bbox 1516 1298 1594 1324; x_wconf 80' lang='lat' dir='ltr'><strong>ratio.</strong></span> <span class='ocrx_word' id='word_1_443' title='bbox 1626 1296 1679 1324; x_wconf 87' lang='lat' dir='ltr'><strong>Nec</strong></span> <span class='ocrx_word' id='word_1_444' title='bbox 1702 1297 1774 1324; x_wconf 84' lang='lat' dir='ltr'><strong>enim</strong></span> <span class='ocrx_word' id='word_1_445' title='bbox 1796 1297 1818 1323; x_wconf 91' lang='lat' dir='ltr'><strong>si</strong></span> 
     </span>
    </p>
   </div>
   <div class='ocr_carea' id='block_1_58' title="bbox 1032 1342 1820 1378">
    <p class='ocr_par' dir='ltr' id='par_1_58' title="bbox 1032 1342 1820 1378">
     <span class='ocr_line' id='line_1_58' title="bbox 1032 1342 1820 1378; baseline 0.001 -9"><span class='ocrx_word' id='word_1_446' title='bbox 1032 1343 1153 1370; x_wconf 90' lang='lat' dir='ltr'><strong>omnium</strong></span> <span class='ocrx_word' id='word_1_447' title='bbox 1173 1344 1284 1370; x_wconf 84' lang='lat' dir='ltr'><strong>omnino</strong></span> <span class='ocrx_word' id='word_1_448' title='bbox 1300 1343 1394 1370; x_wconf 88' lang='lat' dir='ltr'><strong>haberi</strong></span> <span class='ocrx_word' id='word_1_449' title='bbox 1418 1351 1483 1370; x_wconf 89' lang='lat' dir='ltr'><strong>cura</strong></span> <span class='ocrx_word' id='word_1_450' title='bbox 1511 1345 1568 1370; x_wconf 73' lang='lat' dir='ltr'><strong>non</strong></span> <span class='ocrx_word' id='word_1_451' title='bbox 1581 1343 1683 1378; x_wconf 86' lang='lat' dir='ltr'><strong>possit,</strong></span> <span class='ocrx_word' id='word_1_452' title='bbox 1697 1343 1722 1370; x_wconf 89' lang='lat' dir='ltr'><strong>ei</strong></span> <span class='ocrx_word' id='word_1_453' title='bbox 1735 1342 1820 1378; x_wconf 75' lang='lat' dir='ltr'><strong>negli-</strong></span> 
     </span>
    </p>
   </div>
   <div class='ocr_carea' id='block_1_59' title="bbox 1032 1390 1820 1425">
    <p class='ocr_par' dir='ltr' id='par_1_59' title="bbox 1032 1390 1820 1425">
     <span class='ocr_line' id='line_1_59' title="bbox 1032 1390 1820 1425; baseline 0.003 -9"><span class='ocrx_word' id='word_1_454' title='bbox 1032 1390 1128 1424; x_wconf 62' lang='lat' dir='ltr'><strong>gentiae</strong></span> <span class='ocrx_word' id='word_1_455' title='bbox 1144 1390 1289 1423; x_wconf 84' lang='lat' dir='ltr'><strong>tribuatur,</strong></span> <span class='ocrx_word' id='word_1_456' title='bbox 1315 1390 1362 1425; x_wconf 91' lang='lat' dir='ltr'><strong>qui</strong></span> <span class='ocrx_word' id='word_1_457' title='bbox 1385 1397 1476 1417; x_wconf 85' lang='lat' dir='ltr'><strong>rerqu</strong></span> <span class='ocrx_word' id='word_1_458' title='bbox 1491 1391 1531 1417; x_wconf 90' lang='lat' dir='ltr'><strong>vel</strong></span> <span class='ocrx_word' id='word_1_459' title='bbox 1549 1391 1686 1417; x_wconf 86' lang='lat' dir='ltr'><strong>minorum</strong></span> <span class='ocrx_word' id='word_1_460' title='bbox 1705 1391 1746 1418; x_wconf 86' lang='lat' dir='ltr'><strong>vel</strong></span> <span class='ocrx_word' id='word_1_461' title='bbox 1761 1397 1820 1418; x_wconf 87' lang='lat' dir='ltr'><strong>ma—</strong></span> 
     </span>
    </p>
   </div>
   <div class='ocr_carea' id='block_1_60' title="bbox 1030 1435 1819 1471">
    <p class='ocr_par' dir='ltr' id='par_1_60' title="bbox 1030 1435 1819 1471">
     <span class='ocr_line' id='line_1_60' title="bbox 1030 1435 1819 1471; baseline 0.003 -9"><span class='ocrx_word' id='word_1_462' title='bbox 1030 1435 1120 1470; x_wconf 89' lang='lat' dir='ltr'><strong>jorum</strong></span> <span class='ocrx_word' id='word_1_463' title='bbox 1134 1443 1226 1462; x_wconf 86' lang='lat' dir='ltr'><strong>curatn</strong></span> <span class='ocrx_word' id='word_1_464' title='bbox 1244 1443 1298 1462; x_wconf 92' lang='lat' dir='ltr'><strong>non</strong></span> <span class='ocrx_word' id='word_1_465' title='bbox 1320 1435 1468 1471; x_wconf 80' lang='lat' dir='ltr'><strong>suscipiat,</strong></span> <span class='ocrx_word' id='word_1_466' title='bbox 1482 1436 1583 1470; x_wconf 85' lang='lat' dir='ltr'><strong>quibus</strong></span> <span class='ocrx_word' id='word_1_467' title='bbox 1603 1436 1745 1470; x_wconf 85' lang='lat' dir='ltr'><strong>curandis,</strong></span> <span class='ocrx_word' id='word_1_468' title='bbox 1762 1438 1819 1465; x_wconf 83' lang='lat' dir='ltr'><strong>sive</strong></span> 
     </span>
    </p>
   </div>
   <div class='ocr_carea' id='block_1_61' title="bbox 1033 1482 1815 1518">
    <p class='ocr_par' dir='ltr' id='par_1_61' title="bbox 1033 1482 1815 1518">
     <span class='ocr_line' id='line_1_61' title="bbox 1033 1482 1815 1518; baseline -0.001 -8"><span class='ocrx_word' id='word_1_469' title='bbox 1033 1482 1114 1516; x_wconf 85' lang='lat' dir='ltr'><strong>Deus,</strong></span> <span class='ocrx_word' id='word_1_470' title='bbox 1133 1483 1190 1510; x_wconf 84' lang='lat' dir='ltr'><strong>sive</strong></span> <span class='ocrx_word' id='word_1_471' title='bbox 1206 1483 1335 1510; x_wconf 91' lang='lat' dir='ltr'><strong>humilior</strong></span> <span class='ocrx_word' id='word_1_472' title='bbox 1349 1483 1497 1518; x_wconf 84' lang='lat' dir='ltr'><strong>quispiam,</strong></span> <span class='ocrx_word' id='word_1_473' title='bbox 1512 1487 1621 1518; x_wconf 81' lang='lat' dir='ltr'><strong>propter</strong></span> <span class='ocrx_word' id='word_1_474' title='bbox 1633 1483 1815 1510; x_wconf 81' lang='lat' dir='ltr'><strong>infirmitatem</strong></span> 
     </span>
    </p>
   </div>
   <div class='ocr_carea' id='block_1_62' title="bbox 1033 1519 1819 1563">
    <p class='ocr_par' dir='ltr' id='par_1_62' title="bbox 1033 1519 1819 1563">
     <span class='ocr_line' id='line_1_62' title="bbox 1033 1519 1819 1563; baseline 0 -9"><span class='ocrx_word' id='word_1_475' title='bbox 1033 1537 1110 1556; x_wconf 85' lang='lat' dir='ltr'><strong>suam</strong></span> <span class='ocrx_word' id='word_1_476' title='bbox 1125 1536 1172 1563; x_wconf 87' lang='lat' dir='ltr'><strong>par</strong></span> <span class='ocrx_word' id='word_1_477' title='bbox 1183 1535 1243 1555; x_wconf 84' lang='lat' dir='ltr'><strong>esse</strong></span> <span class='ocrx_word' id='word_1_478' title='bbox 1257 1536 1310 1555; x_wconf 91' lang='lat' dir='ltr'><strong>non</strong></span> <span class='ocrx_word' id='word_1_479' title='bbox 1323 1528 1419 1563; x_wconf 82' lang='lat' dir='ltr'><strong>possit.</strong></span> <span class='ocrx_word' id='word_1_480' title='bbox 1434 1543 1470 1547; x_wconf 98' lang='lat'>—</span> <span class='ocrx_word' id='word_1_481' title='bbox 1485 1527 1553 1561; x_wconf 86' lang='lat' dir='ltr'><strong>Quis</strong></span> <span class='ocrx_word' id='word_1_482' title='bbox 1564 1529 1637 1555; x_wconf 88' lang='lat' dir='ltr'><strong>enim</strong></span> <span class='ocrx_word' id='word_1_483' title='bbox 1654 1528 1679 1554; x_wconf 89' lang='lat' dir='ltr'><strong>id</strong></span> <span class='ocrx_word' id='word_1_484' title='bbox 1699 1528 1760 1562; x_wconf 87' lang='lat' dir='ltr'><strong>jure</strong></span> <span class='ocrx_word' id='word_1_485' title='bbox 1780 1519 1819 1555; x_wconf 78' lang='lat' dir='ltr'><strong>fe-</strong></span> 
     </span>
    </p>
   </div>
   <div class='ocr_carea' id='block_1_63' title="bbox 1034 1573 1818 1609">
    <p class='ocr_par' dir='ltr' id='par_1_63' title="bbox 1034 1573 1818 1609">
     <span class='ocr_line' id='line_1_63' title="bbox 1034 1573 1818 1609; baseline -0.004 -7"><span class='ocrx_word' id='word_1_486' title='bbox 1034 1575 1120 1603; x_wconf 84' lang='lat' dir='ltr'><strong>cerit?</strong></span> <span class='ocrx_word' id='word_1_487' title='bbox 1131 1589 1166 1594; x_wconf 98' lang='lat'>—</span> <span class='ocrx_word' id='word_1_488' title='bbox 1180 1573 1258 1601; x_wconf 88' lang='lat' dir='ltr'><strong>Nunc</strong></span> <span class='ocrx_word' id='word_1_489' title='bbox 1269 1574 1360 1609; x_wconf 76' lang='lat' dir='ltr'><strong>igitur</strong></span> <span class='ocrx_word' id='word_1_490' title='bbox 1382 1574 1460 1601; x_wconf 88' lang='lat' dir='ltr'><strong>nobis</strong></span> <span class='ocrx_word' id='word_1_491' title='bbox 1477 1574 1562 1601; x_wconf 89' lang='lat' dir='ltr'><strong>tribus</strong></span> <span class='ocrx_word' id='word_1_492' title='bbox 1575 1574 1629 1601; x_wconf 87' lang='lat' dir='ltr'><strong>duo</strong></span> <span class='ocrx_word' id='word_1_493' title='bbox 1642 1574 1686 1601; x_wconf 90' lang='lat' dir='ltr'><strong>isti</strong></span> <span class='ocrx_word' id='word_1_494' title='bbox 1704 1581 1818 1608; x_wconf 86' lang='lat' dir='ltr'><strong>respon-</strong></span> 
     </span>
    </p>
   </div>
   <div class='ocr_carea' id='block_1_64' title="bbox 190 1617 981 1656">
    <p class='ocr_par' dir='ltr' id='par_1_64' title="bbox 190 1617 980 1656">
     <span class='ocr_line' id='line_1_64' title="bbox 190 1617 980 1656; baseline 0 -10"><span class='ocrx_word' id='word_1_495' title='bbox 190 1620 238 1646; x_wconf 74' lang='grc' dir='ltr'>καὶ</span> <span class='ocrx_word' id='word_1_496' title='bbox 248 1620 375 1656; x_wconf 77' lang='grc' dir='ltr'><strong>ἀρίστους</strong></span> <span class='ocrx_word' id='word_1_497' title='bbox 385 1619 602 1656; x_wconf 82' lang='grc' dir='ltr'>ὡμολογήκαμεν</span> <span class='ocrx_word' id='word_1_498' title='bbox 614 1620 712 1651; x_wconf 76' lang='grc' dir='ltr'>αὐτοὺς</span> <span class='ocrx_word' id='word_1_499' title='bbox 723 1617 792 1646; x_wconf 78' lang='grc' dir='ltr'>εἶναι</span> <span class='ocrx_word' id='word_1_500' title='bbox 805 1620 884 1646; x_wconf 77' lang='grc' dir='ltr'>πέντε</span> <span class='ocrx_word' id='word_1_501' title='bbox 896 1620 980 1652; x_wconf 67' lang='grc' dir='ltr'>ὄντες.</span> 
     </span>
    </p>
   </div>
   <div class='ocr_carea' id='block_1_65' title="bbox 1033 1617 1817 1656">
    <p class='ocr_par' dir='ltr' id='par_1_65' title="bbox 1033 1620 1817 1655">
     <span class='ocr_line' id='line_1_65' title="bbox 1033 1620 1817 1655; baseline -0.003 -7"><span class='ocrx_word' id='word_1_502' title='bbox 1033 1621 1124 1652; x_wconf 79' lang='lat' dir='ltr'><strong>deant,</strong></span> <span class='ocrx_word' id='word_1_503' title='bbox 1141 1620 1186 1655; x_wconf 88' lang='lat' dir='ltr'><strong>qui</strong></span> <span class='ocrx_word' id='word_1_504' title='bbox 1202 1627 1262 1647; x_wconf 91' lang='lat' dir='ltr'><strong>eum</strong></span> <span class='ocrx_word' id='word_1_505' title='bbox 1280 1620 1360 1647; x_wconf 89' lang='lat' dir='ltr'><strong>ambo</strong></span> <span class='ocrx_word' id='word_1_506' title='bbox 1375 1621 1440 1647; x_wconf 88' lang='lat' dir='ltr'><strong>deos</strong></span> <span class='ocrx_word' id='word_1_507' title='bbox 1458 1628 1518 1648; x_wconf 87' lang='lat' dir='ltr'><strong>esse</strong></span> <span class='ocrx_word' id='word_1_508' title='bbox 1532 1620 1683 1651; x_wconf 82' lang='lat' dir='ltr'><strong>fateantur,</strong></span> <span class='ocrx_word' id='word_1_509' title='bbox 1708 1621 1817 1647; x_wconf 83' lang='lat' dir='ltr'><strong>eosdem</strong></span> 
     </span>
    </p>
   </div>
   <div class='ocr_carea' id='block_1_66' title="bbox 189 1663 980 1702">
    <p class='ocr_par' dir='ltr' id='par_1_66' title="bbox 189 1663 980 1702">
     <span class='ocr_line' id='line_1_66' title="bbox 189 1663 980 1702; baseline 0.001 -11"><span class='ocrx_word' id='word_1_510' title='bbox 189 1680 226 1685; x_wconf 91' lang='grc'><strong><em>--</em></strong></span> <span class='ocrx_word' id='word_1_511' title='bbox 235 1665 341 1701; x_wconf 75' lang='grc' dir='ltr'>Σφόδρα</span> <span class='ocrx_word' id='word_1_512' title='bbox 353 1673 394 1700; x_wconf 82' lang='grc' dir='ltr'>γε.</span> <span class='ocrx_word' id='word_1_513' title='bbox 404 1681 438 1684; x_wconf 89' lang='grc'><strong>-</strong></span> <span class='ocrx_word' id='word_1_514' title='bbox 449 1663 511 1702; x_wconf 72' lang='grc' dir='ltr'><strong>’Λρ“</strong></span> <span class='ocrx_word' id='word_1_515' title='bbox 529 1663 574 1692; x_wconf 79' lang='grc' dir='ltr'><strong>οὖν</strong></span> <span class='ocrx_word' id='word_1_516' title='bbox 590 1666 620 1692; x_wconf 83' lang='grc' dir='ltr'>οὐ</span> <span class='ocrx_word' id='word_1_517' title='bbox 638 1665 757 1702; x_wconf 75' lang='grc' dir='ltr'>ῥᾳθυμίᾳ</span> <span class='ocrx_word' id='word_1_518' title='bbox 773 1666 822 1701; x_wconf 85' lang='grc' dir='ltr'>μὲν</span> <span class='ocrx_word' id='word_1_519' title='bbox 835 1667 881 1693; x_wconf 74' lang='grc' dir='ltr'>καὶ</span> <span class='ocrx_word' id='word_1_520' title='bbox 891 1667 980 1702; x_wconf 79' lang='grc' dir='ltr'>τρυφῇ</span> 
     </span>
    </p>
   </div>
   <div class='ocr_carea' id='block_1_67' title="bbox 188 1711 981 1748">
    <p class='ocr_par' dir='ltr' id='par_1_67' title="bbox 188 1711 981 1748">
     <span class='ocr_line' id='line_1_67' title="bbox 188 1711 981 1748; baseline 0.001 -11"><span class='ocrx_word' id='word_1_521' title='bbox 188 1711 321 1738; x_wconf 84' lang='grc' dir='ltr'>ἀδύνατον</span> <span class='ocrx_word' id='word_1_522' title='bbox 337 1712 437 1744; x_wconf 77' lang='grc' dir='ltr'>αὐτοὺς</span> <span class='ocrx_word' id='word_1_523' title='bbox 448 1711 589 1748; x_wconf 82' lang='grc' dir='ltr'>ὁμολογεῖν</span> <span class='ocrx_word' id='word_1_524' title='bbox 605 1713 734 1748; x_wconf 84' lang='grc' dir='ltr'>πράττειν</span> <span class='ocrx_word' id='word_1_525' title='bbox 747 1711 835 1738; x_wconf 86' lang='grc' dir='ltr'>ὁτιοῦν</span> <span class='ocrx_word' id='word_1_526' title='bbox 847 1712 877 1738; x_wconf 81' lang='grc' dir='ltr'>τὸ</span> <span class='ocrx_word' id='word_1_527' title='bbox 892 1712 981 1748; x_wconf 88' lang='grc' dir='ltr'>παρά-</span> 
     </span>
    </p>
   </div>
   <div class='ocr_carea' id='block_1_68' title="bbox 189 1756 982 1792">
    <p class='ocr_par' dir='ltr' id='par_1_68' title="bbox 189 1756 982 1792">
     <span class='ocr_line' id='line_1_68' title="bbox 189 1756 982 1792; baseline 0 -9"><span class='ocrx_word' id='word_1_528' title='bbox 189 1764 260 1788; x_wconf 77' lang='grc' dir='ltr'>παν,</span> <span class='ocrx_word' id='word_1_529' title='bbox 285 1756 365 1788; x_wconf 73' lang='grc' dir='ltr'>ὄντας</span> <span class='ocrx_word' id='word_1_530' title='bbox 379 1765 410 1791; x_wconf 87' lang='grc' dir='ltr'><strong>γε</strong></span> <span class='ocrx_word' id='word_1_531' title='bbox 429 1757 652 1792; x_wconf 53' lang='grc' dir='ltr'>οῖουςλέγομεκ</span> <span class='ocrx_word' id='word_1_532' title='bbox 676 1757 779 1788; x_wconf 84' lang='grc' dir='ltr'>Δειλίας</span> <span class='ocrx_word' id='word_1_533' title='bbox 795 1756 849 1792; x_wconf 82' lang='grc' dir='ltr'><strong>γὰρ</strong></span> <span class='ocrx_word' id='word_1_534' title='bbox 873 1757 982 1791; x_wconf 75' lang='grc' dir='ltr'>ἔγγονος</span> 
     </span>
    </p>
   </div>
   <div class='ocr_carea' id='block_1_69' title="bbox 189 1802 982 1838">
    <p class='ocr_par' dir='ltr' id='par_1_69' title="bbox 189 1802 982 1838">
     <span class='ocr_line' id='line_1_69' title="bbox 189 1802 982 1838; baseline -0.001 -9"><span class='ocrx_word' id='word_1_535' title='bbox 189 1802 219 1829; x_wconf 77' lang='grc' dir='ltr'>ἐν</span> <span class='ocrx_word' id='word_1_536' title='bbox 236 1811 268 1837; x_wconf 86' lang='grc' dir='ltr'><strong>γε</strong></span> <span class='ocrx_word' id='word_1_537' title='bbox 283 1803 349 1838; x_wconf 78' lang='grc' dir='ltr'>ἡμῖν</span> <span class='ocrx_word' id='word_1_538' title='bbox 369 1802 462 1838; x_wconf 78' lang='grc' dir='ltr'>ἀργία,</span> <span class='ocrx_word' id='word_1_539' title='bbox 479 1803 598 1838; x_wconf 55' lang='grc' dir='ltr'>ῥᾳθυμία</span> <span class='ocrx_word' id='word_1_540' title='bbox 615 1803 642 1829; x_wconf 73' lang='grc' dir='ltr'><strong>δὲ</strong></span> <span class='ocrx_word' id='word_1_541' title='bbox 657 1802 756 1838; x_wconf 82' lang='grc' dir='ltr'>ἀργίας</span> <span class='ocrx_word' id='word_1_542' title='bbox 771 1803 816 1829; x_wconf 83' lang='grc' dir='ltr'>καὶ</span> <span class='ocrx_word' id='word_1_543' title='bbox 829 1803 982 1838; x_wconf 72' lang='grc' dir='ltr'>τρυφῆς.-</span> 
     </span>
    </p>
   </div>
   <div class='ocr_carea' id='block_1_70' title="bbox 197 1848 982 1884">
    <p class='ocr_par' dir='ltr' id='par_1_70' title="bbox 197 1848 982 1884">
     <span class='ocr_line' id='line_1_70' title="bbox 197 1848 982 1884; baseline 0.001 -10"><span class='ocrx_word' id='word_1_544' title='bbox 197 1848 382 1884; x_wconf 79' lang='grc' dir='ltr'>’Δληθέστατα</span> <span class='ocrx_word' id='word_1_545' title='bbox 403 1849 502 1882; x_wconf 74' lang='grc' dir='ltr'>λέγεις.</span> <span class='ocrx_word' id='word_1_546' title='bbox 515 1864 549 1867; x_wconf 90' lang='grc'><strong><em>-</em></strong></span> <span class='ocrx_word' id='word_1_547' title='bbox 568 1849 664 1884; x_wconf 80' lang='grc' dir='ltr'>’Δργίᾳ</span> <span class='ocrx_word' id='word_1_548' title='bbox 692 1849 739 1884; x_wconf 79' lang='grc' dir='ltr'>μὲν</span> <span class='ocrx_word' id='word_1_549' title='bbox 755 1849 786 1884; x_wconf 83' lang='grc' dir='ltr'>δὴ</span> <span class='ocrx_word' id='word_1_550' title='bbox 801 1849 847 1875; x_wconf 73' lang='grc' dir='ltr'>καὶ</span> <span class='ocrx_word' id='word_1_551' title='bbox 862 1849 982 1884; x_wconf 65' lang='grc' dir='ltr'>ρᾳθυμὶᾳ</span> 
     </span>
    </p>
   </div>
   <div class='ocr_carea' id='block_1_71' title="bbox 189 1897 982 1933">
    <p class='ocr_par' dir='ltr' id='par_1_71' title="bbox 189 1897 982 1933">
     <span class='ocr_line' id='line_1_71' title="bbox 189 1897 982 1933; baseline 0.001 -10"><span class='ocrx_word' id='word_1_552' title='bbox 189 1897 279 1929; x_wconf 71' lang='grc' dir='ltr'>οὐδεὶς</span> <span class='ocrx_word' id='word_1_553' title='bbox 296 1897 392 1932; x_wconf 87' lang='grc' dir='ltr'>ἀμελεί</span> <span class='ocrx_word' id='word_1_554' title='bbox 409 1897 491 1924; x_wconf 86' lang='grc' dir='ltr'>θεῶν·</span> <span class='ocrx_word' id='word_1_555' title='bbox 511 1898 541 1923; x_wconf 79' lang='grc' dir='ltr'><strong>ου</strong></span> <span class='ocrx_word' id='word_1_556' title='bbox 558 1897 612 1933; x_wconf 85' lang='grc' dir='ltr'>γὰρ</span> <span class='ocrx_word' id='word_1_557' title='bbox 628 1898 750 1932; x_wconf 73' lang='grc' dir='ltr'>μέτεστιν</span> <span class='ocrx_word' id='word_1_558' title='bbox 771 1897 845 1933; x_wconf 82' lang='grc' dir='ltr'><strong>αὑτῷ</strong></span> <span class='ocrx_word' id='word_1_559' title='bbox 862 1907 912 1924; x_wconf 81' lang='grc' dir='ltr'>που</span> <span class='ocrx_word' id='word_1_560' title='bbox 927 1898 982 1924; x_wconf 87' lang='grc' dir='ltr'>δει-</span> 
     </span>
    </p>
   </div>
   <div class='ocr_carea' id='block_1_72' title="bbox 189 1942 981 1979">
    <p class='ocr_par' dir='ltr' id='par_1_72' title="bbox 189 1942 981 1979">
     <span class='ocr_line' id='line_1_72' title="bbox 189 1942 981 1979; baseline 0.001 -10"><span class='ocrx_word' id='word_1_561' title='bbox 189 1943 263 1975; x_wconf 81' lang='grc' dir='ltr'>λίας,</span> <span class='ocrx_word' id='word_1_562' title='bbox 284 1959 318 1964; x_wconf 90' lang='lat'><strong>——</strong></span> <span class='ocrx_word' id='word_1_563' title='bbox 343 1943 492 1979; x_wconf 84' lang='grc' dir='ltr'>Ὀρθότατα</span> <span class='ocrx_word' id='word_1_564' title='bbox 516 1942 614 1977; x_wconf 77' lang='grc' dir='ltr'>λέγεις.</span> <span class='ocrx_word' id='word_1_565' title='bbox 635 1959 669 1963; x_wconf 91' lang='grc'><strong>--</strong></span> <span class='ocrx_word' id='word_1_566' title='bbox 692 1943 796 1970; x_wconf 80' lang='grc' dir='ltr'>Οὐκοῦν</span> <span class='ocrx_word' id='word_1_567' title='bbox 821 1943 851 1969; x_wconf 76' lang='grc' dir='ltr'>τὸ</span> <span class='ocrx_word' id='word_1_568' title='bbox 873 1944 981 1976; x_wconf 77' lang='grc' dir='ltr'>λοιπὸν,</span> 
     </span>
    </p>
   </div>
   <div class='ocr_carea' id='block_1_73' title="bbox 189 1988 983 2025">
    <p class='ocr_par' dir='ltr' id='par_1_73' title="bbox 189 1988 983 2025">
     <span class='ocr_line' id='line_1_73' title="bbox 189 1988 983 2025; baseline 0 -10"><span class='ocrx_word' id='word_1_569' title='bbox 189 1989 270 2025; x_wconf 76' lang='grc' dir='ltr'>εἴπερ</span> <span class='ocrx_word' id='word_1_570' title='bbox 285 1988 415 2024; x_wconf 83' lang='grc' dir='ltr'>ἀμελοῦσι</span> <span class='ocrx_word' id='word_1_571' title='bbox 428 1988 481 2015; x_wconf 86' lang='grc' dir='ltr'><strong>τῶν</strong></span> <span class='ocrx_word' id='word_1_572' title='bbox 497 1989 620 2025; x_wconf 83' lang='grc' dir='ltr'>σμικρῶν</span> <span class='ocrx_word' id='word_1_573' title='bbox 636 1989 681 2015; x_wconf 75' lang='grc' dir='ltr'>καὶ</span> <span class='ocrx_word' id='word_1_574' title='bbox 698 1989 796 2023; x_wconf 82' lang='grc' dir='ltr'>ὀλίγων</span> <span class='ocrx_word' id='word_1_575' title='bbox 807 1988 860 2015; x_wconf 89' lang='grc' dir='ltr'><strong>τῶν</strong></span> <span class='ocrx_word' id='word_1_576' title='bbox 877 1990 940 2024; x_wconf 80' lang='grc' dir='ltr'>περὶ</span> <span class='ocrx_word' id='word_1_577' title='bbox 953 1989 983 2015; x_wconf 86' lang='grc' dir='ltr'>τὸ</span> 
     </span>
    </p>
   </div>
   <div class='ocr_carea' id='block_1_74' title="bbox 191 2028 982 2071">
    <p class='ocr_par' dir='ltr' id='par_1_74' title="bbox 191 2028 982 2071">
     <span class='ocr_line' id='line_1_74' title="bbox 191 2028 982 2071; baseline -0.001 -9"><span class='ocrx_word' id='word_1_578' title='bbox 191 2036 258 2067; x_wconf 85' lang='grc' dir='ltr'>πᾶν,</span> <span class='ocrx_word' id='word_1_579' title='bbox 280 2035 297 2071; x_wconf 84' lang='grc' dir='ltr'><strong>ἢ</strong></span> <span class='ocrx_word' id='word_1_580' title='bbox 320 2034 516 2070; x_wconf 81' lang='grc' dir='ltr'>γινώσκοντες,</span> <span class='ocrx_word' id='word_1_581' title='bbox 533 2028 621 2067; x_wconf 52' lang='grc' dir='ltr'>ὡς’τὸ</span> <span class='ocrx_word' id='word_1_582' title='bbox 645 2036 776 2071; x_wconf 83' lang='grc' dir='ltr'>παράπαν</span> <span class='ocrx_word' id='word_1_583' title='bbox 800 2034 904 2067; x_wconf 76' lang='grc' dir='ltr'>οὐδενὸς</span> <span class='ocrx_word' id='word_1_584' title='bbox 929 2035 982 2061; x_wconf 89' lang='grc' dir='ltr'><strong>τῶν</strong></span> 
     </span>
    </p>
   </div>
   <div class='ocr_carea' id='block_1_75' title="bbox 190 2080 983 2117">
    <p class='ocr_par' dir='ltr' id='par_1_75' title="bbox 190 2080 983 2117">
     <span class='ocr_line' id='line_1_75' title="bbox 190 2080 983 2117; baseline -0.003 -9"><span class='ocrx_word' id='word_1_585' title='bbox 190 2081 320 2108; x_wconf 80' lang='grc' dir='ltr'>τοιούτων</span> <span class='ocrx_word' id='word_1_586' title='bbox 334 2081 522 2117; x_wconf 74' lang='grc' dir='ltr'>ἐπιμελεῖσθαι</span> <span class='ocrx_word' id='word_1_587' title='bbox 537 2081 586 2114; x_wconf 79' lang='grc' dir='ltr'>δεῖ,</span> <span class='ocrx_word' id='word_1_588' title='bbox 610 2081 696 2117; x_wconf 77' lang='grc' dir='ltr'>δρῷεν</span> <span class='ocrx_word' id='word_1_589' title='bbox 712 2080 745 2107; x_wconf 85' lang='grc' dir='ltr'>ἂν</span> <span class='ocrx_word' id='word_1_590' title='bbox 765 2081 853 2113; x_wconf 81' lang='grc' dir='ltr'>τοῦτο,</span> <span class='ocrx_word' id='word_1_591' title='bbox 875 2081 891 2116; x_wconf 86' lang='grc' dir='ltr'>ἢ</span> <span class='ocrx_word' id='word_1_592' title='bbox 907 2081 933 2106; x_wconf 86' lang='grc' dir='ltr'><strong>τί</strong></span> <span class='ocrx_word' id='word_1_593' title='bbox 953 2081 983 2106; x_wconf 81' lang='grc' dir='ltr'>τὸ</span> 
     </span>
    </p>
   </div>
   <div class='ocr_carea' id='block_1_76' title="bbox 190 2127 983 2163">
    <p class='ocr_par' dir='ltr' id='par_1_76' title="bbox 190 2127 983 2163">
     <span class='ocr_line' id='line_1_76' title="bbox 190 2127 983 2163; baseline 0 -9"><span class='ocrx_word' id='word_1_594' title='bbox 190 2128 284 2154; x_wconf 81' lang='grc' dir='ltr'>λοιπὸν</span> <span class='ocrx_word' id='word_1_595' title='bbox 298 2127 368 2163; x_wconf 82' lang='grc' dir='ltr'>πλὴν</span> <span class='ocrx_word' id='word_1_596' title='bbox 387 2129 434 2154; x_wconf 81' lang='grc' dir='ltr'>τοῦ</span> <span class='ocrx_word' id='word_1_597' title='bbox 450 2127 593 2162; x_wconf 82' lang='grc' dir='ltr'>γινώσκειν</span> <span class='ocrx_word' id='word_1_598' title='bbox 608 2127 762 2154; x_wconf 80' lang='grc' dir='ltr'>τούναντίον</span> <span class='ocrx_word' id='word_1_599' title='bbox 773 2135 779 2160; x_wconf 91' lang='grc'><strong>;</strong></span> <span class='ocrx_word' id='word_1_600' title='bbox 792 2141 827 2146; x_wconf 90' lang='lat'>—</span> <span class='ocrx_word' id='word_1_601' title='bbox 844 2127 936 2154; x_wconf 77' lang='grc' dir='ltr'><strong>Οὐδέν.</strong></span> <span class='ocrx_word' id='word_1_602' title='bbox 949 2142 983 2147; x_wconf 92' lang='grc'><strong>-</strong></span> 
     </span>
    </p>
   </div>
   <div class='ocr_carea' id='block_1_77' title="bbox 191 2171 982 2210">
    <p class='ocr_par' dir='ltr' id='par_1_77' title="bbox 191 2171 982 2210">
     <span class='ocr_line' id='line_1_77' title="bbox 191 2171 982 2210; baseline -0.004 -9"><span class='ocrx_word' id='word_1_603' title='bbox 191 2175 310 2210; x_wconf 79' lang='grc' dir='ltr'>Πότερον</span> <span class='ocrx_word' id='word_1_604' title='bbox 325 2172 380 2206; x_wconf 85' lang='grc' dir='ltr'>οὖν,</span> <span class='ocrx_word' id='word_1_605' title='bbox 399 2171 422 2200; x_wconf 81' lang='grc' dir='ltr'>ὦ</span> <span class='ocrx_word' id='word_1_606' title='bbox 436 2175 530 2210; x_wconf 83' lang='grc' dir='ltr'>ἄριστε</span> <span class='ocrx_word' id='word_1_607' title='bbox 549 2174 595 2200; x_wconf 63' lang='grc' dir='ltr'><strong>καὶ¹</strong></span> <span class='ocrx_word' id='word_1_608' title='bbox 625 2173 747 2208; x_wconf 79' lang='grc' dir='ltr'>βέλτιστε</span> <span class='ocrx_word' id='word_1_609' title='bbox 758 2193 764 2205; x_wconf 95' lang='grc'>,</span> <span class='ocrx_word' id='word_1_610' title='bbox 779 2173 870 2208; x_wconf 81' lang='grc' dir='ltr'>θῶμέν</span> <span class='ocrx_word' id='word_1_611' title='bbox 891 2181 921 2199; x_wconf 88' lang='grc' dir='ltr'><strong>σε</strong></span> <span class='ocrx_word' id='word_1_612' title='bbox 938 2173 982 2198; x_wconf 80' lang='grc' dir='ltr'><strong>λέ-</strong></span> 
     </span>
    </p>
   </div>
   <div class='ocr_carea' id='block_1_78' title="bbox 194 2219 982 2255">
    <p class='ocr_par' dir='ltr' id='par_1_78' title="bbox 194 2219 982 2255">
     <span class='ocr_line' id='line_1_78' title="bbox 194 2219 982 2255; baseline -0.004 -7"><span class='ocrx_word' id='word_1_613' title='bbox 194 2229 289 2255; x_wconf 84' lang='grc' dir='ltr'>γοντα,</span> <span class='ocrx_word' id='word_1_614' title='bbox 307 2221 344 2252; x_wconf 87' lang='grc' dir='ltr'><strong>ὼς</strong></span> <span class='ocrx_word' id='word_1_615' title='bbox 361 2220 525 2255; x_wconf 81' lang='grc' dir='ltr'>ἀγνοοῦντάς</span> <span class='ocrx_word' id='word_1_616' title='bbox 554 2228 594 2252; x_wconf 87' lang='grc' dir='ltr'><strong>τε,</strong></span> <span class='ocrx_word' id='word_1_617' title='bbox 623 2219 687 2251; x_wconf 77' lang='grc' dir='ltr'>καὶ,</span> <span class='ocrx_word' id='word_1_618' title='bbox 704 2219 761 2245; x_wconf 84' lang='grc' dir='ltr'>δέον</span> <span class='ocrx_word' id='word_1_619' title='bbox 784 2219 982 2254; x_wconf 78' lang='grc' dir='ltr'>ἐπιμελεῖσθαι,</span> 
     </span>
    </p>
   </div>
   <div class='ocr_carea' id='block_1_79' title="bbox 190 2266 983 2302">
    <p class='ocr_par' dir='ltr' id='par_1_79' title="bbox 190 2266 983 2302">
     <span class='ocr_line' id='line_1_79' title="bbox 190 2266 983 2302; baseline -0.003 -8"><span class='ocrx_word' id='word_1_620' title='bbox 190 2267 226 2294; x_wconf 82' lang='grc' dir='ltr'>δι’</span> <span class='ocrx_word' id='word_1_621' title='bbox 240 2267 351 2301; x_wconf 81' lang='grc' dir='ltr'>ἄγνοιαν</span> <span class='ocrx_word' id='word_1_622' title='bbox 365 2267 544 2302; x_wconf 77' lang='grc' dir='ltr'>ἀμελοῦντας,</span> <span class='ocrx_word' id='word_1_623' title='bbox 561 2266 578 2302; x_wconf 84' lang='grc' dir='ltr'>ἦ</span> <span class='ocrx_word' id='word_1_624' title='bbox 597 2266 780 2300; x_wconf 83' lang='grc' dir='ltr'>γινώσκοντας</span> <span class='ocrx_word' id='word_1_625' title='bbox 803 2266 844 2293; x_wconf 81' lang='grc' dir='ltr'>ὅτι</span> <span class='ocrx_word' id='word_1_626' title='bbox 861 2266 901 2292; x_wconf 83' lang='grc' dir='ltr'><strong>δεῖ</strong></span> <span class='ocrx_word' id='word_1_627' title='bbox 917 2266 983 2301; x_wconf 88' lang='grc' dir='ltr'>(κα-</span> 
     </span>
    </p>
   </div>
   <div class='ocr_carea' id='block_1_80' title="bbox 191 2312 980 2348">
    <p class='ocr_par' dir='ltr' id='par_1_80' title="bbox 191 2312 980 2348">
     <span class='ocr_line' id='line_1_80' title="bbox 191 2312 980 2348; baseline -0.001 -9"><span class='ocrx_word' id='word_1_628' title='bbox 191 2313 282 2348; x_wconf 77' lang='grc' dir='ltr'>θάπερ</span> <span class='ocrx_word' id='word_1_629' title='bbox 298 2314 322 2339; x_wconf 81' lang='grc' dir='ltr'>οἱ</span> <span class='ocrx_word' id='word_1_630' title='bbox 336 2312 499 2347; x_wconf 77' lang='grc' dir='ltr'>φαυλότατοι</span> <span class='ocrx_word' id='word_1_631' title='bbox 516 2312 570 2339; x_wconf 85' lang='grc' dir='ltr'><strong>τῶν</strong></span> <span class='ocrx_word' id='word_1_632' title='bbox 583 2312 734 2348; x_wconf 85' lang='grc' dir='ltr'>ἀνθρώπων</span> <span class='ocrx_word' id='word_1_633' title='bbox 746 2312 870 2347; x_wconf 82' lang='grc' dir='ltr'>λέγονται</span> <span class='ocrx_word' id='word_1_634' title='bbox 884 2313 980 2343; x_wconf 84' lang='grc' dir='ltr'>ποιεῖν,</span> 
     </span>
    </p>
   </div>
   <div class='ocr_carea' id='block_1_81' title="bbox 191 2355 981 2394">
    <p class='ocr_par' dir='ltr' id='par_1_81' title="bbox 191 2355 981 2394">
     <span class='ocr_line' id='line_1_81' title="bbox 191 2355 981 2394; baseline 0 -9"><span class='ocrx_word' id='word_1_635' title='bbox 191 2359 293 2390; x_wconf 77' lang='grc' dir='ltr'>εἰδότες</span> <span class='ocrx_word' id='word_1_636' title='bbox 304 2358 370 2386; x_wconf 84' lang='grc' dir='ltr'>ἄλλα</span> <span class='ocrx_word' id='word_1_637' title='bbox 381 2357 449 2385; x_wconf 81' lang='grc' dir='ltr'>εἶναι</span> <span class='ocrx_word' id='word_1_638' title='bbox 461 2358 557 2393; x_wconf 81' lang='grc' dir='ltr'>βελτίω</span> <span class='ocrx_word' id='word_1_639' title='bbox 567 2359 707 2394; x_wconf 84' lang='grc' dir='ltr'>πράττειν,</span> <span class='ocrx_word' id='word_1_640' title='bbox 717 2355 753 2386; x_wconf 84' lang='grc' dir='ltr'><strong>ὧν</strong></span> <span class='ocrx_word' id='word_1_641' title='bbox 766 2359 797 2394; x_wconf 83' lang='grc' dir='ltr'><strong>δὴ</strong></span> <span class='ocrx_word' id='word_1_642' title='bbox 811 2359 981 2394; x_wconf 78' lang='grc' dir='ltr'>πράττουσι),</span> 
     </span>
    </p>
   </div>
   <div class='ocr_carea' id='block_1_82' title="bbox 191 2404 982 2439">
    <p class='ocr_par' dir='ltr' id='par_1_82' title="bbox 191 2404 982 2439">
     <span class='ocr_line' id='line_1_82' title="bbox 191 2404 982 2439; baseline -0.001 -8"><span class='ocrx_word' id='word_1_643' title='bbox 191 2405 236 2431; x_wconf 72' lang='grc' dir='ltr'>διὰ</span> <span class='ocrx_word' id='word_1_644' title='bbox 248 2413 323 2436; x_wconf 84' lang='grc' dir='ltr'>τινας</span> <span class='ocrx_word' id='word_1_645' title='bbox 345 2405 429 2439; x_wconf 73' lang='grc' dir='ltr'>ἥττας</span> <span class='ocrx_word' id='word_1_646' title='bbox 446 2404 546 2439; x_wconf 76' lang='grc' dir='ltr'>ἡδονῶν</span> <span class='ocrx_word' id='word_1_647' title='bbox 562 2404 578 2439; x_wconf 86' lang='grc' dir='ltr'>ἢ</span> <span class='ocrx_word' id='word_1_648' title='bbox 599 2404 691 2430; x_wconf 88' lang='grc' dir='ltr'>λυπῶν</span> <span class='ocrx_word' id='word_1_649' title='bbox 707 2405 737 2430; x_wconf 86' lang='grc' dir='ltr'>οὺ</span> <span class='ocrx_word' id='word_1_650' title='bbox 764 2405 864 2436; x_wconf 83' lang='grc' dir='ltr'>ποιεῐν;</span> <span class='ocrx_word' id='word_1_651' title='bbox 876 2420 909 2424; x_wconf 87' lang='lat'><strong>-—</strong></span> <span class='ocrx_word' id='word_1_652' title='bbox 921 2404 982 2435; x_wconf 86' lang='grc' dir='ltr'>Πῶς</span> 
     </span>
    </p>
   </div>
   <div class='ocr_carea' id='block_1_83' title="bbox 191 2450 983 2486">
    <p class='ocr_par' dir='ltr' id='par_1_83' title="bbox 191 2450 983 2486">
     <span class='ocr_line' id='line_1_83' title="bbox 191 2450 983 2486; baseline -0.001 -9"><span class='ocrx_word' id='word_1_653' title='bbox 191 2451 247 2486; x_wconf 86' lang='grc' dir='ltr'><strong>γάρ</strong></span> <span class='ocrx_word' id='word_1_654' title='bbox 259 2450 292 2477; x_wconf 76' lang='grc' dir='ltr'>ἄν</span> <span class='ocrx_word' id='word_1_655' title='bbox 302 2459 346 2480; x_wconf 85' lang='lat'><strong>;—</strong></span> <span class='ocrx_word' id='word_1_656' title='bbox 352 2450 454 2477; x_wconf 73' lang='grc' dir='ltr'>Οὐκοῦν</span> <span class='ocrx_word' id='word_1_657' title='bbox 470 2451 501 2485; x_wconf 84' lang='grc' dir='ltr'><strong>δὴ</strong></span> <span class='ocrx_word' id='word_1_658' title='bbox 512 2450 547 2477; x_wconf 85' lang='grc' dir='ltr'><strong>τά</strong></span> <span class='ocrx_word' id='word_1_659' title='bbox 557 2459 589 2484; x_wconf 89' lang='grc' dir='ltr'><strong>γε</strong></span> <span class='ocrx_word' id='word_1_660' title='bbox 602 2450 760 2486; x_wconf 81' lang='grc' dir='ltr'>ἀνθρώπινα</span> <span class='ocrx_word' id='word_1_661' title='bbox 773 2450 923 2486; x_wconf 84' lang='grc' dir='ltr'>πράγματα</span> <span class='ocrx_word' id='word_1_662' title='bbox 934 2450 983 2485; x_wconf 82' lang='grc' dir='ltr'>τῆς</span> 
     </span>
    </p>
   </div>
   <div class='ocr_carea' id='block_1_84' title="bbox 191 2496 982 2532">
    <p class='ocr_par' dir='ltr' id='par_1_84' title="bbox 191 2496 982 2532">
     <span class='ocr_line' id='line_1_84' title="bbox 191 2496 982 2532; baseline 0 -9"><span class='ocrx_word' id='word_1_663' title='bbox 191 2505 223 2524; x_wconf 85' lang='grc' dir='ltr'><strong>τε</strong></span> <span class='ocrx_word' id='word_1_664' title='bbox 245 2497 366 2532; x_wconf 66' lang='grc' dir='ltr'>ἐμψύχου</span> <span class='ocrx_word' id='word_1_665' title='bbox 382 2497 491 2532; x_wconf 83' lang='grc' dir='ltr'>μετέχει</span> <span class='ocrx_word' id='word_1_666' title='bbox 506 2496 612 2531; x_wconf 83' lang='grc' dir='ltr'>φύσεως</span> <span class='ocrx_word' id='word_1_667' title='bbox 625 2496 693 2531; x_wconf 74' lang='grc' dir='ltr'>ἃμα,</span> <span class='ocrx_word' id='word_1_668' title='bbox 712 2497 758 2523; x_wconf 78' lang='grc' dir='ltr'><strong>καὶ</strong></span> <span class='ocrx_word' id='word_1_669' title='bbox 775 2496 982 2523; x_wconf 76' lang='grc' dir='ltr'>θεοσεϐέστατον</span> 
     </span>
    </p>
   </div>
   <div class='ocr_carea' id='block_1_85' title="bbox 192 2542 979 2578">
    <p class='ocr_par' dir='ltr' id='par_1_85' title="bbox 192 2542 979 2578">
     <span class='ocr_line' id='line_1_85' title="bbox 192 2542 979 2578; baseline -0.003 -8"><span class='ocrx_word' id='word_1_670' title='bbox 192 2543 259 2570; x_wconf 80' lang='grc' dir='ltr'>αὑτό</span> <span class='ocrx_word' id='word_1_671' title='bbox 275 2545 332 2570; x_wconf 78' lang='grc' dir='ltr'>ἐστι</span> <span class='ocrx_word' id='word_1_672' title='bbox 360 2544 465 2570; x_wconf 76' lang='grc' dir='ltr'>πάντων</span> <span class='ocrx_word' id='word_1_673' title='bbox 482 2543 558 2575; x_wconf 79' lang='grc' dir='ltr'>ζώων</span> <span class='ocrx_word' id='word_1_674' title='bbox 577 2542 728 2578; x_wconf 82' lang='grc' dir='ltr'>ἄνθρωπος.</span> <span class='ocrx_word' id='word_1_675' title='bbox 746 2557 779 2562; x_wconf 88' lang='lat'><strong>—-</strong></span> <span class='ocrx_word' id='word_1_676' title='bbox 798 2543 888 2570; x_wconf 82' lang='grc' dir='ltr'>Ἔοικε</span> <span class='ocrx_word' id='word_1_677' title='bbox 906 2543 979 2577; x_wconf 80' lang='grc' dir='ltr'>γοῦν.</span> 
     </span>
    </p>
   </div>
   <div class='ocr_carea' id='block_1_86' title="bbox 192 2588 981 2624">
    <p class='ocr_par' dir='ltr' id='par_1_86' title="bbox 192 2588 981 2624">
     <span class='ocr_line' id='line_1_86' title="bbox 192 2588 981 2624; baseline 0.001 -11"><span class='ocrx_word' id='word_1_678' title='bbox 192 2603 228 2608; x_wconf 91' lang='grc'><strong>--</strong></span> <span class='ocrx_word' id='word_1_679' title='bbox 238 2588 311 2614; x_wconf 82' lang='grc' dir='ltr'>Θεῶν</span> <span class='ocrx_word' id='word_1_680' title='bbox 326 2596 357 2622; x_wconf 89' lang='grc' dir='ltr'><strong>γε</strong></span> <span class='ocrx_word' id='word_1_681' title='bbox 382 2589 434 2624; x_wconf 80' lang='grc' dir='ltr'>μὴν</span> <span class='ocrx_word' id='word_1_682' title='bbox 451 2588 580 2623; x_wconf 74' lang='grc' dir='ltr'>κτήματὰ</span> <span class='ocrx_word' id='word_1_683' title='bbox 605 2596 694 2622; x_wconf 77' lang='grc' dir='ltr'>φαμεν</span> <span class='ocrx_word' id='word_1_684' title='bbox 710 2588 780 2614; x_wconf 84' lang='grc' dir='ltr'>εἶναι</span> <span class='ocrx_word' id='word_1_685' title='bbox 795 2588 882 2614; x_wconf 85' lang='grc' dir='ltr'>πάντα</span> <span class='ocrx_word' id='word_1_686' title='bbox 896 2589 981 2614; x_wconf 80' lang='grc' dir='ltr'>ὁπόσα</span> 
     </span>
    </p>
   </div>
   <div class='ocr_carea' id='block_1_87' title="bbox 193 2631 981 2671">
    <p class='ocr_par' dir='ltr' id='par_1_87' title="bbox 193 2631 981 2671">
     <span class='ocr_line' id='line_1_87' title="bbox 193 2631 981 2671; baseline 0.001 -11"><span class='ocrx_word' id='word_1_687' title='bbox 193 2634 279 2669; x_wconf 77' lang='grc' dir='ltr'>θνητὰ</span> <span class='ocrx_word' id='word_1_688' title='bbox 292 2634 348 2666; x_wconf 75' lang='grc' dir='ltr'>ζῶα</span> <span class='ocrx_word' id='word_1_689' title='bbox 362 2635 379 2670; x_wconf 85' lang='grc' dir='ltr'><strong>ἦ</strong></span> <span class='ocrx_word' id='word_1_690' title='bbox 396 2634 486 2671; x_wconf 80' lang='grc' dir='ltr'>νοερὰ,</span> <span class='ocrx_word' id='word_1_691' title='bbox 503 2631 595 2670; x_wconf 81' lang='grc' dir='ltr'>ὦνπερ</span> <span class='ocrx_word' id='word_1_692' title='bbox 612 2635 658 2661; x_wconf 81' lang='grc' dir='ltr'>καὶ</span> <span class='ocrx_word' id='word_1_693' title='bbox 674 2634 720 2660; x_wconf 77' lang='grc' dir='ltr'>τὸν</span> <span class='ocrx_word' id='word_1_694' title='bbox 736 2635 849 2670; x_wconf 74' lang='grc' dir='ltr'>οὐρανὸν</span> <span class='ocrx_word' id='word_1_695' title='bbox 864 2635 932 2661; x_wconf 77' lang='grc' dir='ltr'>ὅλον.</span> <span class='ocrx_word' id='word_1_696' title='bbox 950 2650 981 2655; x_wconf 82' lang='lat'><strong>——-</strong></span> 
     </span>
    </p>
   </div>
   <div class='ocr_carea' id='block_1_88' title="bbox 230 2714 980 2755">
    <p class='ocr_par' dir='ltr' id='par_1_88' title="bbox 230 2714 980 2755">
     <span class='ocr_line' id='line_1_88' title="bbox 230 2714 980 2755; baseline 0 -14"><span class='ocrx_word' id='word_1_697' title='bbox 230 2714 287 2750; x_wconf 75' lang='grc'><strong>(45)</strong></span> <span class='ocrx_word' id='word_1_698' title='bbox 307 2715 334 2741; x_wconf 88' lang='lat'><strong>&#39;0</strong></span> <span class='ocrx_word' id='word_1_699' title='bbox 354 2715 489 2749; x_wconf 78' lang='grc' dir='ltr'>ποιητής.</span> <span class='ocrx_word' id='word_1_700' title='bbox 510 2715 654 2755; x_wconf 65' lang='lat' dir='ltr'><strong>Hesiodus,</strong></span> <span class='ocrx_word' id='word_1_701' title='bbox 668 2715 747 2749; x_wconf 88' lang='lat' dir='ltr'><strong>cujus</strong></span> <span class='ocrx_word' id='word_1_702' title='bbox 765 2715 792 2742; x_wconf 90' lang='lat' dir='ltr'><strong>in</strong></span> <span class='ocrx_word' id='word_1_703' title='bbox 814 2715 892 2749; x_wconf 69' lang='grc' dir='ltr'><strong>Ἕρτ.</strong></span> <span class='ocrx_word' id='word_1_704' title='bbox 915 2715 980 2742; x_wconf 90' lang='lat' dir='ltr'><strong>illud</strong></span> 
     </span>
    </p>
   </div>
   <div class='ocr_carea' id='block_1_89' title="bbox 193 2755 256 2777">
    <p class='ocr_par' dir='ltr' id='par_1_89' title="bbox 193 2755 256 2777">
     <span class='ocr_line' id='line_1_89' title="bbox 193 2755 256 2777; baseline -0.032 0"><span class='ocrx_word' id='word_1_705' title='bbox 193 2755 236 2777; x_wconf 82' lang='lat' dir='ltr'><strong>est</strong></span> <span class='ocrx_word' id='word_1_706' title='bbox 249 2759 256 2775; x_wconf 70' lang='grc' dir='ltr'><strong>ε</strong></span> 
     </span>
    </p>
   </div>
   <div class='ocr_carea' id='block_1_90' title="bbox 586 2785 906 2818">
    <p class='ocr_par' dir='ltr' id='par_1_90' title="bbox 586 2785 906 2818">
     <span class='ocr_line' id='line_1_90' title="bbox 586 2785 906 2818; baseline 0 -7"><span class='ocrx_word' id='word_1_707' title='bbox 586 2804 593 2811; x_wconf 90' lang='grc'><strong>.</strong></span> <span class='ocrx_word' id='word_1_708' title='bbox 615 2805 621 2811; x_wconf 89' lang='grc'><strong>.</strong></span> <span class='ocrx_word' id='word_1_709' title='bbox 644 2805 651 2812; x_wconf 86' lang='grc'><strong>.</strong></span> <span class='ocrx_word' id='word_1_710' title='bbox 673 2785 722 2818; x_wconf 74' lang='grc' dir='ltr'><strong>’⁷ος</strong></span> <span class='ocrx_word' id='word_1_711' title='bbox 735 2794 789 2811; x_wconf 67' lang='grc' dir='ltr'><strong>κεν</strong></span> <span class='ocrx_word' id='word_1_712' title='bbox 801 2786 906 2818; x_wconf 67' lang='grc' dir='ltr'>ἀεργὺς</span> 
     </span>
    </p>
   </div>
   <div class='ocr_carea' id='block_1_91' title="bbox 232 2820 891 2856">
    <p class='ocr_par' dir='ltr' id='par_1_91' title="bbox 232 2820 891 2856">
     <span class='ocr_line' id='line_1_91' title="bbox 232 2820 891 2856; baseline -0.003 -8"><span class='ocrx_word' id='word_1_713' title='bbox 232 2820 306 2856; x_wconf 81' lang='grc' dir='ltr'><strong>Ζῴη,</strong></span> <span class='ocrx_word' id='word_1_714' title='bbox 324 2822 478 2856; x_wconf 61' lang='grc' dir='ltr'>κηφήνῃσι</span> <span class='ocrx_word' id='word_1_715' title='bbox 493 2822 645 2855; x_wconf 72' lang='grc' dir='ltr'>κοθούροις</span> <span class='ocrx_word' id='word_1_716' title='bbox 662 2821 778 2854; x_wconf 76' lang='grc' dir='ltr'>εἴκελος</span> <span class='ocrx_word' id='word_1_717' title='bbox 793 2820 891 2855; x_wconf 75' lang='grc' dir='ltr'>ὁρμήν.</span> 
     </span>
    </p>
   </div>
   <div class='ocr_carea' id='block_1_92' title="bbox 195 2854 470 2892">
    <p class='ocr_par' dir='ltr' id='par_1_92' title="bbox 195 2854 470 2892">
     <span class='ocr_line' id='line_1_92' title="bbox 195 2854 470 2892; baseline 0.004 -11"><span class='ocrx_word' id='word_1_718' title='bbox 195 2854 304 2890; x_wconf 62' lang='grc' dir='ltr'>νιι-μίιζ,</span> <span class='ocrx_word' id='word_1_719' title='bbox 316 2865 341 2884; x_wconf 84' lang='grc' dir='ltr'><strong>ιν</strong></span> <span class='ocrx_word' id='word_1_720' title='bbox 355 2854 448 2892; x_wconf 53' lang='lat' dir='ltr'><strong>Georg}</strong></span> <span class='ocrx_word' id='word_1_721' title='bbox 462 2865 470 2882; x_wconf 94' lang='lat'><strong><em>:</em></strong></span> 
     </span>
    </p>
   </div>
   <div class='ocr_carea' id='block_1_93' title="bbox 233 2892 862 2926">
    <p class='ocr_par' dir='ltr' id='par_1_93' title="bbox 233 2892 862 2926">
     <span class='ocr_line' id='line_1_93' title="bbox 233 2892 862 2926; baseline -0.002 -8"><span class='ocrx_word' id='word_1_722' title='bbox 233 2892 362 2925; x_wconf 78' lang='lat' dir='ltr'><strong>Ignarum</strong></span> <span class='ocrx_word' id='word_1_723' title='bbox 380 2893 452 2924; x_wconf 78' lang='lat' dir='ltr'><strong>fucos</strong></span> <span class='ocrx_word' id='word_1_724' title='bbox 467 2901 545 2926; x_wconf 74' lang='lat' dir='ltr'><strong>pecus</strong></span> <span class='ocrx_word' id='word_1_725' title='bbox 562 2901 578 2918; x_wconf 84' lang='grc' dir='ltr'><strong>α</strong></span> <span class='ocrx_word' id='word_1_726' title='bbox 592 2892 750 2926; x_wconf 72' lang='grc' dir='ltr'><strong>νι·α’δρρί1τιιδ</strong></span> <span class='ocrx_word' id='word_1_727' title='bbox 763 2896 862 2917; x_wconf 74' lang='lat' dir='ltr'><strong>arcent.</strong></span> 
     </span>
    </p>
   </div>
   <div class='ocr_carea' id='block_1_94' title="bbox 232 2927 978 2962">
    <p class='ocr_par' dir='ltr' id='par_1_94' title="bbox 232 2927 978 2962">
     <span class='ocr_line' id='line_1_94' title="bbox 232 2927 978 2962; baseline -0.003 -8"><span class='ocrx_word' id='word_1_728' title='bbox 232 2928 287 2962; x_wconf 62' lang='lat'><strong>(46)</strong></span> <span class='ocrx_word' id='word_1_729' title='bbox 307 2927 456 2962; x_wconf 55' lang='lat' dir='ltr'><strong>Tomi-rce,</strong></span> <span class='ocrx_word' id='word_1_730' title='bbox 469 2927 578 2955; x_wconf 76' lang='lat' dir='ltr'><strong>l-‘ieinus</strong></span> <span class='ocrx_word' id='word_1_731' title='bbox 592 2933 616 2954; x_wconf 84' lang='lat' dir='ltr'><strong>et</strong></span> <span class='ocrx_word' id='word_1_732' title='bbox 634 2928 767 2955; x_wconf 73' lang='lat' dir='ltr'><strong>Serranus</strong></span> <span class='ocrx_word' id='word_1_733' title='bbox 788 2931 904 2959; x_wconf 77' lang='lat' dir='ltr'><strong>vertunt,</strong></span> <span class='ocrx_word' id='word_1_734' title='bbox 919 2927 978 2953; x_wconf 83' lang='lat' dir='ltr'><strong>odio</strong></span> 
     </span>
    </p>
   </div>
   <div class='ocr_carea' id='block_1_95' title="bbox 1033 1666 1819 1701">
    <p class='ocr_par' dir='ltr' id='par_1_95' title="bbox 1033 1666 1819 1701">
     <span class='ocr_line' id='line_1_95' title="bbox 1033 1666 1819 1701; baseline -0.001 -8"><span class='ocrx_word' id='word_1_735' title='bbox 1033 1674 1123 1693; x_wconf 87' lang='lat' dir='ltr'><strong>tamen</strong></span> <span class='ocrx_word' id='word_1_736' title='bbox 1141 1666 1208 1693; x_wconf 80' lang='lat' dir='ltr'><strong>alter</strong></span> <span class='ocrx_word' id='word_1_737' title='bbox 1230 1666 1337 1693; x_wconf 78' lang='lat' dir='ltr'><strong>exorari</strong></span> <span class='ocrx_word' id='word_1_738' title='bbox 1353 1666 1443 1698; x_wconf 80' lang='lat' dir='ltr'><strong>facile,</strong></span> <span class='ocrx_word' id='word_1_739' title='bbox 1458 1666 1526 1693; x_wconf 81' lang='lat' dir='ltr'><strong>alter</strong></span> <span class='ocrx_word' id='word_1_740' title='bbox 1539 1674 1582 1693; x_wconf 88' lang='lat' dir='ltr'><strong>res</strong></span> <span class='ocrx_word' id='word_1_741' title='bbox 1601 1666 1720 1693; x_wconf 89' lang='lat' dir='ltr'><strong>minores</strong></span> <span class='ocrx_word' id='word_1_742' title='bbox 1734 1666 1819 1701; x_wconf 81' lang='lat' dir='ltr'><strong>negli-</strong></span> 
     </span>
    </p>
   </div>
   <div class='ocr_carea' id='block_1_96' title="bbox 1032 1711 1819 1748">
    <p class='ocr_par' dir='ltr' id='par_1_96' title="bbox 1032 1711 1819 1748">
     <span class='ocr_line' id='line_1_96' title="bbox 1032 1711 1819 1748; baseline -0.001 -8"><span class='ocrx_word' id='word_1_743' title='bbox 1032 1720 1094 1748; x_wconf 77' lang='lat' dir='ltr'><strong>gere</strong></span> <span class='ocrx_word' id='word_1_744' title='bbox 1107 1712 1256 1740; x_wconf 88' lang='lat' dir='ltr'><strong>contendit.</strong></span> <span class='ocrx_word' id='word_1_745' title='bbox 1286 1711 1442 1747; x_wconf 77' lang='lat' dir='ltr'><strong>Principio,</strong></span> <span class='ocrx_word' id='word_1_746' title='bbox 1471 1713 1536 1740; x_wconf 85' lang='lat' dir='ltr'><strong>deos</strong></span> <span class='ocrx_word' id='word_1_747' title='bbox 1559 1712 1641 1739; x_wconf 86' lang='lat' dir='ltr'><strong>ambo</strong></span> <span class='ocrx_word' id='word_1_748' title='bbox 1669 1720 1761 1744; x_wconf 88' lang='lat' dir='ltr'><strong>nosse,</strong></span> <span class='ocrx_word' id='word_1_749' title='bbox 1778 1713 1819 1739; x_wconf 87' lang='lat' dir='ltr'><strong>vi-</strong></span> 
     </span>
    </p>
   </div>
   <div class='ocr_carea' id='block_1_97' title="bbox 1032 1758 1818 1792">
    <p class='ocr_par' dir='ltr' id='par_1_97' title="bbox 1032 1758 1818 1792">
     <span class='ocr_line' id='line_1_97' title="bbox 1032 1758 1818 1792; baseline 0 -7"><span class='ocrx_word' id='word_1_750' title='bbox 1032 1759 1106 1791; x_wconf 87' lang='lat' dir='ltr'><strong>dere,</strong></span> <span class='ocrx_word' id='word_1_751' title='bbox 1124 1758 1219 1786; x_wconf 86' lang='lat' dir='ltr'><strong>audire</strong></span> <span class='ocrx_word' id='word_1_752' title='bbox 1234 1759 1326 1786; x_wconf 85' lang='lat' dir='ltr'><strong>oumia</strong></span> <span class='ocrx_word' id='word_1_753' title='bbox 1341 1759 1507 1792; x_wconf 79' lang='lat' dir='ltr'><strong>conceditis,</strong></span> <span class='ocrx_word' id='word_1_754' title='bbox 1526 1767 1557 1786; x_wconf 86' lang='lat' dir='ltr'><strong>ac</strong></span> <span class='ocrx_word' id='word_1_755' title='bbox 1574 1759 1642 1785; x_wconf 91' lang='lat' dir='ltr'><strong>nihil</strong></span> <span class='ocrx_word' id='word_1_756' title='bbox 1658 1766 1753 1786; x_wconf 87' lang='lat' dir='ltr'><strong>eorum</strong></span> <span class='ocrx_word' id='word_1_757' title='bbox 1770 1765 1818 1792; x_wconf 84' lang='lat' dir='ltr'><strong>pc-</strong></span> 
     </span>
    </p>
   </div>
   <div class='ocr_carea' id='block_1_98' title="bbox 1033 1804 1820 1840">
    <p class='ocr_par' dir='ltr' id='par_1_98' title="bbox 1033 1804 1820 1840">
     <span class='ocr_line' id='line_1_98' title="bbox 1033 1804 1820 1840; baseline -0.004 -8"><span class='ocrx_word' id='word_1_758' title='bbox 1033 1806 1106 1832; x_wconf 87' lang='lat' dir='ltr'><strong>nitus</strong></span> <span class='ocrx_word' id='word_1_759' title='bbox 1123 1805 1206 1831; x_wconf 85' lang='lat' dir='ltr'><strong>latere</strong></span> <span class='ocrx_word' id='word_1_760' title='bbox 1221 1813 1312 1840; x_wconf 86' lang='lat' dir='ltr'><strong>posse,</strong></span> <span class='ocrx_word' id='word_1_761' title='bbox 1328 1812 1390 1839; x_wconf 78' lang='lat' dir='ltr'><strong>qua:</strong></span> <span class='ocrx_word' id='word_1_762' title='bbox 1404 1805 1443 1830; x_wconf 81' lang='lat' dir='ltr'><strong>rel</strong></span> <span class='ocrx_word' id='word_1_763' title='bbox 1460 1812 1569 1836; x_wconf 85' lang='lat' dir='ltr'><strong>sensus,</strong></span> <span class='ocrx_word' id='word_1_764' title='bbox 1580 1805 1622 1831; x_wconf 87' lang='lat' dir='ltr'><strong>vel</strong></span> <span class='ocrx_word' id='word_1_765' title='bbox 1636 1804 1747 1831; x_wconf 84' lang='lat' dir='ltr'><strong>scientia</strong></span> <span class='ocrx_word' id='word_1_766' title='bbox 1759 1811 1820 1838; x_wconf 82' lang='lat' dir='ltr'><strong>per-</strong></span> 
     </span>
    </p>
   </div>
   <div class='ocr_carea' id='block_1_99' title="bbox 1032 1851 1819 1887">
    <p class='ocr_par' dir='ltr' id='par_1_99' title="bbox 1032 1851 1819 1887">
     <span class='ocr_line' id='line_1_99' title="bbox 1032 1851 1819 1887; baseline -0.003 -8"><span class='ocrx_word' id='word_1_767' title='bbox 1032 1853 1126 1887; x_wconf 85' lang='lat' dir='ltr'><strong>cipiat.</strong></span> <span class='ocrx_word' id='word_1_768' title='bbox 1147 1851 1244 1878; x_wconf 88' lang='lat' dir='ltr'><strong>Utrum</strong></span> <span class='ocrx_word' id='word_1_769' title='bbox 1268 1852 1294 1878; x_wconf 90' lang='lat' dir='ltr'><strong>iu</strong></span> <span class='ocrx_word' id='word_1_770' title='bbox 1310 1859 1342 1878; x_wconf 85' lang='lat' dir='ltr'><strong>eo</strong></span> <span class='ocrx_word' id='word_1_771' title='bbox 1358 1852 1546 1884; x_wconf 87' lang='lat' dir='ltr'><strong>convenimus,</strong></span> <span class='ocrx_word' id='word_1_772' title='bbox 1559 1859 1591 1878; x_wconf 89' lang='lat' dir='ltr'><strong>an</strong></span> <span class='ocrx_word' id='word_1_773' title='bbox 1613 1851 1685 1878; x_wconf 92' lang='lat' dir='ltr'><strong>non?</strong></span> <span class='ocrx_word' id='word_1_774' title='bbox 1699 1866 1733 1870; x_wconf 94' lang='lat'><strong><em>—</em></strong></span> <span class='ocrx_word' id='word_1_775' title='bbox 1746 1851 1819 1878; x_wconf 85' lang='lat' dir='ltr'><strong>Con-</strong></span> 
     </span>
    </p>
   </div>
   <div class='ocr_carea' id='block_1_100' title="bbox 1033 1897 1818 1931">
    <p class='ocr_par' dir='ltr' id='par_1_100' title="bbox 1033 1897 1818 1931">
     <span class='ocr_line' id='line_1_100' title="bbox 1033 1897 1818 1931; baseline -0.004 -6"><span class='ocrx_word' id='word_1_776' title='bbox 1033 1899 1166 1926; x_wconf 87' lang='lat' dir='ltr'><strong>venimus.</strong></span> <span class='ocrx_word' id='word_1_777' title='bbox 1184 1914 1219 1918; x_wconf 94' lang='lat'><strong><em>—</em></strong></span> <span class='ocrx_word' id='word_1_778' title='bbox 1235 1897 1306 1931; x_wconf 87' lang='lat' dir='ltr'><strong>Quid</strong></span> <span class='ocrx_word' id='word_1_779' title='bbox 1332 1898 1417 1925; x_wconf 82' lang='lat' dir='ltr'><strong>illud?</strong></span> <span class='ocrx_word' id='word_1_780' title='bbox 1444 1906 1508 1924; x_wconf 91' lang='lat' dir='ltr'><strong>num</strong></span> <span class='ocrx_word' id='word_1_781' title='bbox 1534 1897 1594 1925; x_wconf 86' lang='lat' dir='ltr'><strong>illos</strong></span> <span class='ocrx_word' id='word_1_782' title='bbox 1618 1897 1699 1924; x_wconf 87' lang='lat' dir='ltr'><strong>etiam</strong></span> <span class='ocrx_word' id='word_1_783' title='bbox 1727 1897 1818 1923; x_wconf 88' lang='lat' dir='ltr'><strong>omnia</strong></span> 
     </span>
    </p>
   </div>
   <div class='ocr_carea' id='block_1_101' title="bbox 1032 1943 1820 1980">
    <p class='ocr_par' dir='ltr' id='par_1_101' title="bbox 1032 1943 1820 1980">
     <span class='ocr_line' id='line_1_101' title="bbox 1032 1943 1820 1980; baseline -0.005 -7"><span class='ocrx_word' id='word_1_784' title='bbox 1032 1953 1124 1980; x_wconf 86' lang='lat' dir='ltr'><strong>pusse,</strong></span> <span class='ocrx_word' id='word_1_785' title='bbox 1138 1952 1199 1980; x_wconf 72' lang='lat' dir='ltr'><strong>qua:</strong></span> <span class='ocrx_word' id='word_1_786' title='bbox 1213 1945 1240 1971; x_wconf 93' lang='lat' dir='ltr'><strong>in</strong></span> <span class='ocrx_word' id='word_1_787' title='bbox 1255 1944 1362 1971; x_wconf 85' lang='lat' dir='ltr'><strong>mortali</strong></span> <span class='ocrx_word' id='word_1_788' title='bbox 1386 1948 1433 1971; x_wconf 85' lang='lat' dir='ltr'><strong>aut</strong></span> <span class='ocrx_word' id='word_1_789' title='bbox 1449 1943 1595 1971; x_wconf 87' lang='lat' dir='ltr'><strong>immortali</strong></span> <span class='ocrx_word' id='word_1_790' title='bbox 1610 1947 1741 1978; x_wconf 86' lang='lat' dir='ltr'><strong>potestate</strong></span> <span class='ocrx_word' id='word_1_791' title='bbox 1757 1950 1820 1969; x_wconf 81' lang='lat' dir='ltr'><strong>ver—</strong></span> 
     </span>
    </p>
   </div>
   <div class='ocr_carea' id='block_1_102' title="bbox 1033 1989 1819 2026">
    <p class='ocr_par' dir='ltr' id='par_1_102' title="bbox 1033 1989 1819 2026">
     <span class='ocr_line' id='line_1_102' title="bbox 1033 1989 1819 2026; baseline -0.005 -7"><span class='ocrx_word' id='word_1_792' title='bbox 1033 1990 1249 2020; x_wconf 85' lang='lat' dir='ltr'><strong>sentur?—Nam</strong></span> <span class='ocrx_word' id='word_1_793' title='bbox 1263 1990 1324 2026; x_wconf 88' lang='lat' dir='ltr'><strong>quis</strong></span> <span class='ocrx_word' id='word_1_794' title='bbox 1338 1991 1390 2018; x_wconf 89' lang='lat' dir='ltr'><strong>hoc</strong></span> <span class='ocrx_word' id='word_1_795' title='bbox 1403 1990 1485 2018; x_wconf 87' lang='lat' dir='ltr'><strong>etiam</strong></span> <span class='ocrx_word' id='word_1_796' title='bbox 1499 1995 1577 2025; x_wconf 73' lang='lat' dir='ltr'><strong>neget.</strong></span> <span class='ocrx_word' id='word_1_797' title='bbox 1587 1989 1716 2024; x_wconf 87' lang='lat' dir='ltr'><strong>?—-Atqui</strong></span> <span class='ocrx_word' id='word_1_798' title='bbox 1732 1989 1819 2016; x_wconf 87' lang='lat' dir='ltr'><strong>bonos</strong></span> 
     </span>
    </p>
   </div>
   <div class='ocr_carea' id='block_1_103' title="bbox 1034 2035 1820 2072">
    <p class='ocr_par' dir='ltr' id='par_1_103' title="bbox 1034 2035 1820 2072">
     <span class='ocr_line' id='line_1_103' title="bbox 1034 2035 1820 2072; baseline -0.006 -6"><span class='ocrx_word' id='word_1_799' title='bbox 1034 2039 1095 2066; x_wconf 93' lang='lat' dir='ltr'><strong>illos</strong></span> <span class='ocrx_word' id='word_1_800' title='bbox 1106 2045 1176 2070; x_wconf 87' lang='lat' dir='ltr'><strong>esse,</strong></span> <span class='ocrx_word' id='word_1_801' title='bbox 1191 2037 1313 2072; x_wconf 84' lang='lat' dir='ltr'><strong>adeoque</strong></span> <span class='ocrx_word' id='word_1_802' title='bbox 1329 2037 1447 2071; x_wconf 91' lang='lat' dir='ltr'><strong>optimos</strong></span> <span class='ocrx_word' id='word_1_803' title='bbox 1457 2056 1464 2068; x_wconf 96' lang='lat'><strong>,</strong></span> <span class='ocrx_word' id='word_1_804' title='bbox 1480 2036 1536 2071; x_wconf 87' lang='lat' dir='ltr'><strong>jam</strong></span> <span class='ocrx_word' id='word_1_805' title='bbox 1552 2043 1601 2063; x_wconf 91' lang='lat' dir='ltr'><strong>nos</strong></span> <span class='ocrx_word' id='word_1_806' title='bbox 1617 2035 1739 2070; x_wconf 85' lang='lat' dir='ltr'><strong>quinque</strong></span> <span class='ocrx_word' id='word_1_807' title='bbox 1755 2041 1820 2062; x_wconf 86' lang='lat' dir='ltr'><strong>con-</strong></span> 
     </span>
    </p>
   </div>
   <div class='ocr_carea' id='block_1_104' title="bbox 1034 2081 1820 2119">
    <p class='ocr_par' dir='ltr' id='par_1_104' title="bbox 1034 2081 1820 2119">
     <span class='ocr_line' id='line_1_104' title="bbox 1034 2081 1820 2119; baseline -0.008 -6"><span class='ocrx_word' id='word_1_808' title='bbox 1034 2085 1178 2113; x_wconf 86' lang='lat' dir='ltr'><strong>cessimus.</strong></span> <span class='ocrx_word' id='word_1_809' title='bbox 1193 2099 1227 2105; x_wconf 90' lang='lat'><strong>—-</strong></span> <span class='ocrx_word' id='word_1_810' title='bbox 1244 2084 1276 2112; x_wconf 91' lang='lat' dir='ltr'><strong>Et</strong></span> <span class='ocrx_word' id='word_1_811' title='bbox 1292 2084 1402 2119; x_wconf 90' lang='lat' dir='ltr'><strong>quidem</strong></span> <span class='ocrx_word' id='word_1_812' title='bbox 1418 2083 1608 2110; x_wconf 78' lang='lat' dir='ltr'><strong>libentissime.</strong></span> <span class='ocrx_word' id='word_1_813' title='bbox 1620 2097 1656 2102; x_wconf 89' lang='lat'><strong>——</strong></span> <span class='ocrx_word' id='word_1_814' title='bbox 1669 2081 1739 2108; x_wconf 86' lang='lat' dir='ltr'><strong>Fieri</strong></span> <span class='ocrx_word' id='word_1_815' title='bbox 1755 2088 1820 2113; x_wconf 68' lang='lat' dir='ltr'><strong>ergo</strong></span> 
     </span>
    </p>
   </div>
   <div class='ocr_carea' id='block_1_105' title="bbox 1034 2127 1820 2167">
    <p class='ocr_par' dir='ltr' id='par_1_105' title="bbox 1034 2127 1820 2167">
     <span class='ocr_line' id='line_1_105' title="bbox 1034 2127 1820 2167; baseline -0.008 -7"><span class='ocrx_word' id='word_1_816' title='bbox 1034 2141 1087 2160; x_wconf 87' lang='lat' dir='ltr'><strong>non</strong></span> <span class='ocrx_word' id='word_1_817' title='bbox 1101 2137 1198 2167; x_wconf 89' lang='lat' dir='ltr'><strong>potest,</strong></span> <span class='ocrx_word' id='word_1_818' title='bbox 1218 2137 1247 2159; x_wconf 89' lang='lat' dir='ltr'><strong>ut</strong></span> <span class='ocrx_word' id='word_1_819' title='bbox 1262 2132 1334 2166; x_wconf 90' lang='lat' dir='ltr'><strong>quod</strong></span> <span class='ocrx_word' id='word_1_820' title='bbox 1350 2130 1484 2166; x_wconf 89' lang='lat' dir='ltr'><strong>ejusmodi</strong></span> <span class='ocrx_word' id='word_1_821' title='bbox 1508 2137 1567 2157; x_wconf 89' lang='lat' dir='ltr'><strong>esse</strong></span> <span class='ocrx_word' id='word_1_822' title='bbox 1580 2129 1768 2160; x_wconf 84' lang='lat' dir='ltr'><strong>defendimus,</strong></span> <span class='ocrx_word' id='word_1_823' title='bbox 1786 2127 1820 2154; x_wconf 85' lang='lat' dir='ltr'><strong>ab</strong></span> 
     </span>
    </p>
   </div>
   <div class='ocr_carea' id='block_1_106' title="bbox 1034 2171 1819 2213">
    <p class='ocr_par' dir='ltr' id='par_1_106' title="bbox 1034 2171 1819 2213">
     <span class='ocr_line' id='line_1_106' title="bbox 1034 2171 1819 2213; baseline -0.008 -8"><span class='ocrx_word' id='word_1_824' title='bbox 1034 2177 1067 2205; x_wconf 90' lang='lat' dir='ltr'><strong>iis</strong></span> <span class='ocrx_word' id='word_1_825' title='bbox 1079 2178 1228 2213; x_wconf 87' lang='lat' dir='ltr'><strong>quidquam</strong></span> <span class='ocrx_word' id='word_1_826' title='bbox 1246 2177 1358 2204; x_wconf 85' lang='lat' dir='ltr'><strong>omnino</strong></span> <span class='ocrx_word' id='word_1_827' title='bbox 1381 2176 1422 2203; x_wconf 80' lang='lat' dir='ltr'><strong>vel</strong></span> <span class='ocrx_word' id='word_1_828' title='bbox 1447 2175 1550 2202; x_wconf 87' lang='lat' dir='ltr'><strong>desidia</strong></span> <span class='ocrx_word' id='word_1_829' title='bbox 1576 2174 1618 2202; x_wconf 87' lang='lat' dir='ltr'><strong>vel</strong></span> <span class='ocrx_word' id='word_1_830' title='bbox 1638 2173 1750 2201; x_wconf 87' lang='lat' dir='ltr'><strong>mollitie</strong></span> <span class='ocrx_word' id='word_1_831' title='bbox 1762 2171 1819 2199; x_wconf 81' lang='lat' dir='ltr'><strong>fieri</strong></span> 
     </span>
    </p>
   </div>
   <div class='ocr_carea' id='block_1_107' title="bbox 1033 2218 1819 2256">
    <p class='ocr_par' dir='ltr' id='par_1_107' title="bbox 1033 2218 1819 2256">
     <span class='ocr_line' id='line_1_107' title="bbox 1033 2218 1819 2256; baseline -0.01 -5"><span class='ocrx_word' id='word_1_832' title='bbox 1033 2224 1158 2251; x_wconf 90' lang='lat' dir='ltr'><strong>velimus.</strong></span> <span class='ocrx_word' id='word_1_833' title='bbox 1188 2221 1257 2249; x_wconf 84' lang='lat' dir='ltr'><strong>Nam</strong></span> <span class='ocrx_word' id='word_1_834' title='bbox 1275 2227 1302 2249; x_wconf 88' lang='lat' dir='ltr'><strong>et</strong></span> <span class='ocrx_word' id='word_1_835' title='bbox 1324 2221 1395 2256; x_wconf 88' lang='lat' dir='ltr'><strong>apud</strong></span> <span class='ocrx_word' id='word_1_836' title='bbox 1411 2229 1461 2248; x_wconf 89' lang='lat' dir='ltr'><strong>nos</strong></span> <span class='ocrx_word' id='word_1_837' title='bbox 1477 2219 1630 2247; x_wconf 87' lang='lat' dir='ltr'><strong>timiditatis</strong></span> <span class='ocrx_word' id='word_1_838' title='bbox 1646 2218 1717 2245; x_wconf 90' lang='lat' dir='ltr'><strong>fetus</strong></span> <span class='ocrx_word' id='word_1_839' title='bbox 1733 2219 1819 2245; x_wconf 88' lang='lat' dir='ltr'><strong>otium</strong></span> 
     </span>
    </p>
   </div>
   <div class='ocr_carea' id='block_1_108' title="bbox 1035 2264 1820 2303">
    <p class='ocr_par' dir='ltr' id='par_1_108' title="bbox 1035 2264 1820 2303">
     <span class='ocr_line' id='line_1_108' title="bbox 1035 2264 1820 2303; baseline -0.009 -6"><span class='ocrx_word' id='word_1_840' title='bbox 1035 2275 1093 2302; x_wconf 85' lang='lat' dir='ltr'><strong>est,</strong></span> <span class='ocrx_word' id='word_1_841' title='bbox 1111 2269 1214 2297; x_wconf 83' lang='lat' dir='ltr'><strong>desidia</strong></span> <span class='ocrx_word' id='word_1_842' title='bbox 1230 2276 1294 2296; x_wconf 87' lang='lat' dir='ltr'><strong>vero</strong></span> <span class='ocrx_word' id='word_1_843' title='bbox 1307 2273 1387 2303; x_wconf 89' lang='lat' dir='ltr'><strong>atque</strong></span> <span class='ocrx_word' id='word_1_844' title='bbox 1405 2267 1533 2294; x_wconf 88' lang='lat' dir='ltr'><strong>mollities</strong></span> <span class='ocrx_word' id='word_1_845' title='bbox 1555 2266 1613 2293; x_wconf 91' lang='lat' dir='ltr'><strong>otii.</strong></span> <span class='ocrx_word' id='word_1_846' title='bbox 1625 2280 1661 2285; x_wconf 92' lang='lat'><strong>—</strong></span> <span class='ocrx_word' id='word_1_847' title='bbox 1673 2264 1820 2292; x_wconf 83' lang='lat' dir='ltr'><strong>Verissime</strong></span> 
     </span>
    </p>
   </div>
   <div class='ocr_carea' id='block_1_109' title="bbox 1035 2311 1820 2350">
    <p class='ocr_par' dir='ltr' id='par_1_109' title="bbox 1035 2311 1820 2350">
     <span class='ocr_line' id='line_1_109' title="bbox 1035 2311 1820 2350; baseline -0.008 -7"><span class='ocrx_word' id='word_1_848' title='bbox 1035 2316 1087 2343; x_wconf 86' lang='lat' dir='ltr'><strong>hoc</strong></span> <span class='ocrx_word' id='word_1_849' title='bbox 1108 2320 1134 2343; x_wconf 89' lang='lat' dir='ltr'><strong>tu</strong></span> <span class='ocrx_word' id='word_1_850' title='bbox 1152 2316 1272 2350; x_wconf 89' lang='lat' dir='ltr'><strong>quidem.</strong></span> <span class='ocrx_word' id='word_1_851' title='bbox 1286 2330 1322 2335; x_wconf 84' lang='lat'><strong>———</strong></span> <span class='ocrx_word' id='word_1_852' title='bbox 1336 2314 1452 2341; x_wconf 89' lang='lat' dir='ltr'><strong>Deorum</strong></span> <span class='ocrx_word' id='word_1_853' title='bbox 1477 2320 1543 2347; x_wconf 79' lang='lat' dir='ltr'><strong>ergo</strong></span> <span class='ocrx_word' id='word_1_854' title='bbox 1564 2312 1656 2339; x_wconf 90' lang='lat' dir='ltr'><strong>nullus</strong></span> <span class='ocrx_word' id='word_1_855' title='bbox 1670 2311 1820 2345; x_wconf 86' lang='lat' dir='ltr'><strong>quidquam</strong></span> 
     </span>
    </p>
   </div>
   <div class='ocr_carea' id='block_1_110' title="bbox 1034 2356 1819 2398">
    <p class='ocr_par' dir='ltr' id='par_1_110' title="bbox 1034 2356 1819 2398">
     <span class='ocr_line' id='line_1_110' title="bbox 1034 2356 1819 2398; baseline -0.008 -9"><span class='ocrx_word' id='word_1_856' title='bbox 1034 2371 1089 2398; x_wconf 75' lang='lat' dir='ltr'><strong>pra:</strong></span> <span class='ocrx_word' id='word_1_857' title='bbox 1106 2362 1162 2389; x_wconf 87' lang='lat' dir='ltr'><strong>otio</strong></span> <span class='ocrx_word' id='word_1_858' title='bbox 1181 2361 1339 2395; x_wconf 88' lang='lat' dir='ltr'><strong>desidiaque</strong></span> <span class='ocrx_word' id='word_1_859' title='bbox 1354 2359 1474 2395; x_wconf 74' lang='lat' dir='ltr'><strong>negligil,</strong></span> <span class='ocrx_word' id='word_1_860' title='bbox 1491 2366 1553 2386; x_wconf 85' lang='lat' dir='ltr'><strong>cum</strong></span> <span class='ocrx_word' id='word_1_861' title='bbox 1570 2357 1701 2385; x_wconf 86' lang='lat' dir='ltr'><strong>timiditas</strong></span> <span class='ocrx_word' id='word_1_862' title='bbox 1716 2356 1742 2382; x_wconf 91' lang='lat' dir='ltr'><strong>in</strong></span> <span class='ocrx_word' id='word_1_863' title='bbox 1756 2363 1819 2384; x_wconf 86' lang='lat' dir='ltr'><strong>eum</strong></span> 
     </span>
    </p>
   </div>
   <div class='ocr_carea' id='block_1_111' title="bbox 1034 2402 1820 2441">
    <p class='ocr_par' dir='ltr' id='par_1_111' title="bbox 1034 2402 1820 2441">
     <span class='ocr_line' id='line_1_111' title="bbox 1034 2402 1820 2441; baseline -0.01 -4"><span class='ocrx_word' id='word_1_864' title='bbox 1034 2409 1107 2436; x_wconf 88' lang='lat' dir='ltr'><strong>nulla</strong></span> <span class='ocrx_word' id='word_1_865' title='bbox 1124 2409 1213 2436; x_wconf 83' lang='lat' dir='ltr'><strong>cadat.</strong></span> <span class='ocrx_word' id='word_1_866' title='bbox 1227 2423 1262 2427; x_wconf 92' lang='lat'><strong>—</strong></span> <span class='ocrx_word' id='word_1_867' title='bbox 1277 2407 1309 2434; x_wconf 90' lang='lat' dir='ltr'><strong>Et</strong></span> <span class='ocrx_word' id='word_1_868' title='bbox 1325 2407 1396 2434; x_wconf 82' lang='lat' dir='ltr'><strong>istud</strong></span> <span class='ocrx_word' id='word_1_869' title='bbox 1412 2413 1494 2441; x_wconf 92' lang='lat' dir='ltr'><strong>quam</strong></span> <span class='ocrx_word' id='word_1_870' title='bbox 1510 2405 1621 2439; x_wconf 81' lang='lat' dir='ltr'><strong>optime.</strong></span> <span class='ocrx_word' id='word_1_871' title='bbox 1634 2418 1669 2423; x_wconf 89' lang='lat'>—</span> <span class='ocrx_word' id='word_1_872' title='bbox 1688 2402 1782 2436; x_wconf 74' lang='lat' dir='ltr'><strong>Igitur,</strong></span> <span class='ocrx_word' id='word_1_873' title='bbox 1797 2403 1820 2430; x_wconf 91' lang='lat' dir='ltr'><strong>si</strong></span> 
     </span>
    </p>
   </div>
   <div class='ocr_carea' id='block_1_112' title="bbox 1034 2452 1820 2483">
    <p class='ocr_par' dir='ltr' id='par_1_112' title="bbox 1034 2452 1820 2483">
     <span class='ocr_line' id='line_1_112' title="bbox 1034 2452 1820 2483; baseline -0.006 0"><span class='ocrx_word' id='word_1_874' title='bbox 1034 2465 1124 2483; x_wconf 85' lang='lat' dir='ltr'><strong>rerum</strong></span> <span class='ocrx_word' id='word_1_875' title='bbox 1143 2457 1194 2483; x_wconf 88' lang='lat' dir='ltr'><strong>hoc</strong></span> <span class='ocrx_word' id='word_1_876' title='bbox 1210 2456 1235 2482; x_wconf 94' lang='lat' dir='ltr'><strong>in</strong></span> <span class='ocrx_word' id='word_1_877' title='bbox 1254 2455 1383 2483; x_wconf 84' lang='lat' dir='ltr'><strong>universo</strong></span> <span class='ocrx_word' id='word_1_878' title='bbox 1398 2455 1532 2481; x_wconf 92' lang='lat' dir='ltr'><strong>minorum</strong></span> <span class='ocrx_word' id='word_1_879' title='bbox 1551 2460 1583 2479; x_wconf 86' lang='lat' dir='ltr'><strong>ac</strong></span> <span class='ocrx_word' id='word_1_880' title='bbox 1601 2452 1755 2480; x_wconf 59' lang='lat' dir='ltr'><strong>tenuiorum</strong></span> <span class='ocrx_word' id='word_1_881' title='bbox 1773 2459 1820 2478; x_wconf 83' lang='lat' dir='ltr'><strong>cu-</strong></span> 
     </span>
    </p>
   </div>
   <div class='ocr_carea' id='block_1_113' title="bbox 1033 2498 1820 2538">
    <p class='ocr_par' dir='ltr' id='par_1_113' title="bbox 1033 2498 1820 2538">
     <span class='ocr_line' id='line_1_113' title="bbox 1033 2498 1820 2538; baseline -0.008 -8"><span class='ocrx_word' id='word_1_882' title='bbox 1033 2511 1091 2530; x_wconf 90' lang='lat' dir='ltr'><strong>ram</strong></span> <span class='ocrx_word' id='word_1_883' title='bbox 1107 2503 1391 2538; x_wconf 84' lang='lat' dir='ltr'><strong>abjieiunt,reliquum</strong></span> <span class='ocrx_word' id='word_1_884' title='bbox 1405 2507 1456 2532; x_wconf 78' lang='lat' dir='ltr'><strong>est,</strong></span> <span class='ocrx_word' id='word_1_885' title='bbox 1474 2501 1500 2527; x_wconf 91' lang='lat' dir='ltr'><strong>id</strong></span> <span class='ocrx_word' id='word_1_886' title='bbox 1512 2504 1543 2526; x_wconf 92' lang='lat' dir='ltr'><strong>ut</strong></span> <span class='ocrx_word' id='word_1_887' title='bbox 1559 2498 1669 2531; x_wconf 84' lang='lat' dir='ltr'><strong>faciant,</strong></span> <span class='ocrx_word' id='word_1_888' title='bbox 1685 2503 1732 2525; x_wconf 87' lang='lat' dir='ltr'><strong>aut</strong></span> <span class='ocrx_word' id='word_1_889' title='bbox 1748 2498 1820 2533; x_wconf 90' lang='lat' dir='ltr'><strong>quod</strong></span> 
     </span>
    </p>
   </div>
   <div class='ocr_carea' id='block_1_114' title="bbox 1033 2545 1818 2582">
    <p class='ocr_par' dir='ltr' id='par_1_114' title="bbox 1033 2545 1818 2582">
     <span class='ocr_line' id='line_1_114' title="bbox 1033 2545 1818 2582; baseline -0.005 -8"><span class='ocrx_word' id='word_1_890' title='bbox 1033 2548 1101 2575; x_wconf 91' lang='lat' dir='ltr'><strong>nihil</strong></span> <span class='ocrx_word' id='word_1_891' title='bbox 1117 2556 1230 2582; x_wconf 86' lang='lat' dir='ltr'><strong>prorsus</strong></span> <span class='ocrx_word' id='word_1_892' title='bbox 1243 2555 1338 2574; x_wconf 88' lang='lat' dir='ltr'><strong>eorum</strong></span> <span class='ocrx_word' id='word_1_893' title='bbox 1357 2547 1408 2574; x_wconf 88' lang='lat' dir='ltr'><strong>sibi</strong></span> <span class='ocrx_word' id='word_1_894' title='bbox 1433 2545 1585 2573; x_wconf 82' lang='lat' dir='ltr'><strong>curantium</strong></span> <span class='ocrx_word' id='word_1_895' title='bbox 1602 2552 1663 2572; x_wconf 87' lang='lat' dir='ltr'><strong>esse</strong></span> <span class='ocrx_word' id='word_1_896' title='bbox 1677 2549 1818 2576; x_wconf 85' lang='lat' dir='ltr'><strong>statuant;</strong></span> 
     </span>
    </p>
   </div>
   <div class='ocr_carea' id='block_1_115' title="bbox 1032 2590 1820 2629">
    <p class='ocr_par' dir='ltr' id='par_1_115' title="bbox 1032 2590 1820 2629">
     <span class='ocr_line' id='line_1_115' title="bbox 1032 2590 1820 2629; baseline -0.006 -8"><span class='ocrx_word' id='word_1_897' title='bbox 1032 2599 1079 2622; x_wconf 88' lang='lat' dir='ltr'><strong>aut</strong></span> <span class='ocrx_word' id='word_1_898' title='bbox 1091 2595 1156 2629; x_wconf 90' lang='lat' dir='ltr'><strong>quid</strong></span> <span class='ocrx_word' id='word_1_899' title='bbox 1173 2593 1247 2620; x_wconf 91' lang='lat' dir='ltr'><strong>aliud</strong></span> <span class='ocrx_word' id='word_1_900' title='bbox 1260 2597 1395 2628; x_wconf 87' lang='lat' dir='ltr'><strong>superest,</strong></span> <span class='ocrx_word' id='word_1_901' title='bbox 1420 2592 1473 2619; x_wconf 87' lang='lat' dir='ltr'><strong>nisi</strong></span> <span class='ocrx_word' id='word_1_902' title='bbox 1489 2597 1518 2619; x_wconf 87' lang='lat' dir='ltr'><strong>ut</strong></span> <span class='ocrx_word' id='word_1_903' title='bbox 1530 2597 1623 2618; x_wconf 86' lang='lat' dir='ltr'><strong>contra</strong></span> <span class='ocrx_word' id='word_1_904' title='bbox 1637 2590 1775 2618; x_wconf 86' lang='lat' dir='ltr'><strong>sentiant?</strong></span> <span class='ocrx_word' id='word_1_905' title='bbox 1787 2604 1820 2609; x_wconf 94' lang='lat'><strong>-—</strong></span> 
     </span>
    </p>
   </div>
   <div class='ocr_carea' id='block_1_116' title="bbox 1032 2636 1820 2674">
    <p class='ocr_par' dir='ltr' id='par_1_116' title="bbox 1032 2636 1820 2674">
     <span class='ocr_line' id='line_1_116' title="bbox 1032 2636 1820 2674; baseline -0.008 -6"><span class='ocrx_word' id='word_1_906' title='bbox 1032 2641 1115 2668; x_wconf 88' lang='lat' dir='ltr'><strong>Nihil.</strong></span> <span class='ocrx_word' id='word_1_907' title='bbox 1133 2657 1169 2661; x_wconf 93' lang='lat'><strong><em>——</em></strong></span> <span class='ocrx_word' id='word_1_908' title='bbox 1186 2639 1281 2667; x_wconf 84' lang='lat' dir='ltr'><strong>Utrum</strong></span> <span class='ocrx_word' id='word_1_909' title='bbox 1296 2639 1389 2674; x_wconf 79' lang='lat' dir='ltr'><strong>igitur,</strong></span> <span class='ocrx_word' id='word_1_910' title='bbox 1407 2639 1448 2665; x_wconf 83' lang='lat' dir='ltr'><strong>vir</strong></span> <span class='ocrx_word' id='word_1_911' title='bbox 1468 2638 1580 2673; x_wconf 88' lang='lat' dir='ltr'><strong>optime,</strong></span> <span class='ocrx_word' id='word_1_912' title='bbox 1598 2637 1664 2664; x_wconf 84' lang='lat' dir='ltr'><strong>deos</strong></span> <span class='ocrx_word' id='word_1_913' title='bbox 1678 2636 1820 2664; x_wconf 80' lang='lat' dir='ltr'><strong>existimas</strong></span> 
     </span>
    </p>
   </div>
   <div class='ocr_carea' id='block_1_117' title="bbox 1031 2713 1818 2751">
    <p class='ocr_par' dir='ltr' id='par_1_117' title="bbox 1031 2713 1818 2751">
     <span class='ocr_line' id='line_1_117' title="bbox 1031 2713 1818 2751; baseline -0.008 -6"><span class='ocrx_word' id='word_1_914' title='bbox 1031 2718 1167 2745; x_wconf 76' lang='lat' dir='ltr'><strong>habeatur.</strong></span> <span class='ocrx_word' id='word_1_915' title='bbox 1184 2717 1249 2750; x_wconf 67' lang='lat' dir='ltr'><strong>Qua)</strong></span> <span class='ocrx_word' id='word_1_916' title='bbox 1270 2717 1362 2744; x_wconf 86' lang='lat' dir='ltr'><strong>odium</strong></span> <span class='ocrx_word' id='word_1_917' title='bbox 1385 2716 1527 2751; x_wconf 78' lang='lat' dir='ltr'><strong>signiticet,</strong></span> <span class='ocrx_word' id='word_1_918' title='bbox 1543 2723 1593 2742; x_wconf 83' lang='lat' dir='ltr'><strong>vox</strong></span> <span class='ocrx_word' id='word_1_919' title='bbox 1610 2715 1681 2751; x_wconf 78' lang='lat' dir='ltr'><strong>nulla</strong></span> <span class='ocrx_word' id='word_1_920' title='bbox 1695 2719 1752 2751; x_wconf 77' lang='lat' dir='ltr'><strong>est;</strong></span> <span class='ocrx_word' id='word_1_921' title='bbox 1771 2713 1818 2751; x_wconf 63' lang='lat' dir='ltr'><strong>sed</strong></span> 
     </span>
    </p>
   </div>
   <div class='ocr_carea' id='block_1_118' title="bbox 1031 2749 1818 2786">
    <p class='ocr_par' dir='ltr' id='par_1_118' title="bbox 1031 2749 1818 2786">
     <span class='ocr_line' id='line_1_118' title="bbox 1031 2749 1818 2786; baseline -0.008 -6"><span class='ocrx_word' id='word_1_922' title='bbox 1031 2754 1167 2781; x_wconf 84' lang='lat' dir='ltr'><strong>Platonica</strong></span> <span class='ocrx_word' id='word_1_923' title='bbox 1193 2749 1330 2786; x_wconf 75' lang='lat' dir='ltr'><strong>trajectio,</strong></span> <span class='ocrx_word' id='word_1_924' title='bbox 1353 2749 1432 2786; x_wconf 76' lang='lat' dir='ltr'><strong>quasi</strong></span> <span class='ocrx_word' id='word_1_925' title='bbox 1455 2752 1556 2777; x_wconf 69' lang='lat' dir='ltr'><strong>diceret</strong></span> <span class='ocrx_word' id='word_1_926' title='bbox 1579 2750 1698 2782; x_wconf 82' lang='grc' dir='ltr'>τοιοῦτος</span> <span class='ocrx_word' id='word_1_927' title='bbox 1721 2749 1753 2786; x_wconf 80' lang='grc' dir='ltr'><strong>ειν</strong></span> <span class='ocrx_word' id='word_1_928' title='bbox 1774 2749 1818 2782; x_wconf 85' lang='grc' dir='ltr'>γί-</span> 
     </span>
    </p>
   </div>
   <div class='ocr_carea' id='block_1_119' title="bbox 1031 2784 1817 2823">
    <p class='ocr_par' dir='ltr' id='par_1_119' title="bbox 1031 2784 1817 2823">
     <span class='ocr_line' id='line_1_119' title="bbox 1031 2784 1817 2823; baseline -0.006 -8"><span class='ocrx_word' id='word_1_929' title='bbox 1031 2797 1136 2823; x_wconf 82' lang='grc' dir='ltr'>γνοιτο,</span> <span class='ocrx_word' id='word_1_930' title='bbox 1153 2788 1182 2814; x_wconf 81' lang='grc' dir='ltr'><strong>ὃν</strong></span> <span class='ocrx_word' id='word_1_931' title='bbox 1197 2789 1211 2814; x_wconf 86' lang='grc' dir='ltr'>ὁ</span> <span class='ocrx_word' id='word_1_932' title='bbox 1235 2784 1368 2822; x_wconf 60' lang='grc' dir='ltr'>ῖποιητής,</span> <span class='ocrx_word' id='word_1_933' title='bbox 1385 2793 1436 2813; x_wconf 88' lang='lat' dir='ltr'><strong>etc.</strong></span> <span class='ocrx_word' id='word_1_934' title='bbox 1460 2786 1597 2813; x_wconf 82' lang='lat' dir='ltr'><strong>At-tieulus</strong></span> <span class='ocrx_word' id='word_1_935' title='bbox 1614 2789 1703 2813; x_wconf 85' lang='lat' dir='ltr'><strong>autem</strong></span> <span class='ocrx_word' id='word_1_936' title='bbox 1725 2784 1739 2810; x_wconf 85' lang='lat'><strong>6</strong></span> <span class='ocrx_word' id='word_1_937' title='bbox 1756 2792 1817 2810; x_wconf 91' lang='lat' dir='ltr'><strong>cum</strong></span> 
     </span>
    </p>
   </div>
   <div class='ocr_carea' id='block_1_120' title="bbox 1030 2822 1494 2856">
    <p class='ocr_par' dir='ltr' id='par_1_120' title="bbox 1030 2822 1494 2856">
     <span class='ocr_line' id='line_1_120' title="bbox 1030 2822 1494 2856; baseline -0.006 -5"><span class='ocrx_word' id='word_1_938' title='bbox 1030 2822 1149 2855; x_wconf 74' lang='grc' dir='ltr'>τοιοῦτος</span> <span class='ocrx_word' id='word_1_939' title='bbox 1168 2824 1254 2849; x_wconf 69' lang='lat' dir='ltr'><strong>Attice.</strong></span> <span class='ocrx_word' id='word_1_940' title='bbox 1269 2822 1431 2856; x_wconf 85' lang='lat' dir='ltr'><strong>eonjunclus</strong></span> <span class='ocrx_word' id='word_1_941' title='bbox 1446 2827 1494 2849; x_wconf 74' lang='lat' dir='ltr'><strong>est.</strong></span> 
     </span>
    </p>
   </div>
   <div class='ocr_carea' id='block_1_121' title="bbox 1065 2853 1816 2894">
    <p class='ocr_par' dir='ltr' id='par_1_121' title="bbox 1065 2853 1816 2894">
     <span class='ocr_line' id='line_1_121' title="bbox 1065 2853 1816 2894; baseline -0.005 -9"><span class='ocrx_word' id='word_1_942' title='bbox 1065 2859 1120 2894; x_wconf 62' lang='lat'><strong>(.57)</strong></span> <span class='ocrx_word' id='word_1_943' title='bbox 1137 2853 1215 2890; x_wconf 77' lang='grc' dir='ltr'>Ποίῳ</span> <span class='ocrx_word' id='word_1_944' title='bbox 1228 2858 1266 2892; x_wconf 77' lang='grc' dir='ltr'><strong>δὴ</strong></span> <span class='ocrx_word' id='word_1_945' title='bbox 1281 2853 1416 2891; x_wconf 45' lang='grc' dir='ltr'>λὲγομεν.</span> <span class='ocrx_word' id='word_1_946' title='bbox 1435 2856 1558 2890; x_wconf 76' lang='lat' dir='ltr'><strong>Rectius,</strong></span> <span class='ocrx_word' id='word_1_947' title='bbox 1574 2863 1655 2891; x_wconf 85' lang='lat' dir='ltr'><strong>quam</strong></span> <span class='ocrx_word' id='word_1_948' title='bbox 1670 2854 1741 2891; x_wconf 86' lang='lat' dir='ltr'><strong>apud</strong></span> <span class='ocrx_word' id='word_1_949' title='bbox 1753 2853 1816 2882; x_wconf 84' lang='lat' dir='ltr'><strong>Pla-</strong></span> 
     </span>
    </p>
   </div>
   <div class='ocr_carea' id='block_1_122' title="bbox 1031 2893 1408 2929">
    <p class='ocr_par' dir='ltr' id='par_1_122' title="bbox 1031 2893 1408 2929">
     <span class='ocr_line' id='line_1_122' title="bbox 1031 2893 1408 2929; baseline -0.008 -8"><span class='ocrx_word' id='word_1_950' title='bbox 1031 2900 1118 2922; x_wconf 89' lang='lat' dir='ltr'><strong>tonem</strong></span> <span class='ocrx_word' id='word_1_951' title='bbox 1134 2894 1204 2929; x_wconf 80' lang='grc' dir='ltr'>Ποίῳ</span> <span class='ocrx_word' id='word_1_952' title='bbox 1217 2894 1265 2929; x_wconf 68' lang='grc' dir='ltr'><strong>δήἒ</strong></span> <span class='ocrx_word' id='word_1_953' title='bbox 1284 2893 1408 2928; x_wconf 68' lang='grc' dir='ltr'>λὲγομεν.</span> 
     </span>
    </p>
   </div>
  </div>
