2078 3207
298 168 366 196 1051

653 168 786 198 EUSEBII
802 170 1041 199 C.~ESARIENSIS
1059 173 1135 200 OPP.
1156 170 1244 198 PARS
1266 170 1599 200 ll.—.\POLOGF.TIC.\.
1846 174 1915 201 1032!

299 224 451 260 ignorantia
467 225 605 256 laborare,
620 233 756 261 quamque
771 226 806 253 ab
821 227 853 254 iis
868 229 966 254 curam'
977 229 1076 263 suscipi

1130 227 1192 259 Πῶς
1204 227 1257 262 γὰρ
1271 227 1300 253 οὗ
1313 235 1319 258 ;
1332 240 1367 246 -
1380 227 1448 262 Ἰιδη
1466 228 1553 254 τοίνυν
1571 228 1586 263 ἢ
1603 229 1705 264 σμικρὶ
1724 229 1740 263 ἦ
1757 229 1859 264 μεγάλα
1875 239 1915 262 τις

299 274 447 304 oporteret,
473 270 509 297 ob
533 272 655 298 eamdem
682 271 863 306 ignorantiam
884 273 1018 307 abjicerc;
1036 282 1081 307 an,

298 324 360 342 cum
375 323 406 343 ea
421 316 471 342 sibi
487 316 608 343 curanda
633 324 693 344 esse
720 318 860 350 noverint,
885 323 975 346 tamen
999 319 1081 354 (quod

298 361 425 395 pessimis
445 360 620 393 hominibus,
646 370 697 389 usu
711 362 801 389 venire
823 363 935 396 dicunt,
959 364 1006 398 qui
1029 365 1081 392 alia

297 415 379 442 quam
395 414 456 441 quae
479 406 591 440 faciant,
609 406 682 434 factu
703 409 814 436 meliora
832 417 892 436 esse
904 409 969 437 satis
984 409 1082 437 intelli-

297 454 372 486 gant)
388 459 434 478 seu
451 452 598 486 voluptate,
608 460 654 479 seu
669 453 764 480 dolore
778 454 864 481 victos
875 461 927 480 non
940 454 1028 481 facere
1035 455 1081 481 ἳ-

295 497 361 530 Quis
386 497 494 525 tandem
519 499 569 525 hoc
592 498 692 526 illudre
713 499 804 527 dicat?
817 515 852 520 ——
868 499 900 526 Et
912 500 1021 534 quidem
1037 508 1081 528 res

296 544 422 572 humana:
443 552 505 571 eum
530 545 647 572 animata
672 550 769 572 natura
793 545 910 580 praedita:
925 551 1005 579 sunt,
1023 551 1079 573 tum

295 597 360 616 vero
377 590 563 618 animantibus
576 591 704 619 omnibus
720 591 849 626 religione
861 599 892 618 ac
901 591 994 618 divino
1006 592 1079 618 cultu

278 635 378 662 Ihomo
393 637 540 663 antecellit.
559 652 593 656 ——
609 636 828 664 Consentaneum
847 637 872 664 id
889 637 979 664 hercle
992 643 1080 665 est.—

296 681 435 717 Quidquid
460 690 541 717 porro
555 683 733 710 animantium
745 704 751 715 ,
777 691 824 710 seu
842 684 1014 716 mort:-.Iium,
1031 693 1077 712 seu

295 729 459 762 spiritalium
485 734 537 761 est,
561 738 678 764 quorum
695 730 721 757 in
741 738 855 757 numero
868 735 953 757 totum
970 739 1080 766 quoque

296 775 394 802 caelum
412 776 570 810 reponitur,
595 776 620 803 id
644 784 723 803 omne
739 777 850 803 deorum
879 777 1076 811 possessionem

296 829 356 848 esse
366 821 768 857 conccdimus.633—Quidni
783 823 854 849 enim
862 822 972 850 ?—Esto
986 823 1077 858 igitur,

296 867 353 894 lucc
367 875 382 894 a
395 867 447 895 diis
460 868 500 894 vel
513 868 593 895 exilia
601 869 643 895 vel
666 877 762 904 magna
781 869 931 896 habeantur
947 877 954 895 :
972 874 1077 896 utrum-

1136 273 1212 308 φάτω
1226 273 1312 300 ταῦτα
1333 271 1471 305 εἶναιτοῖς
1494 273 1580 304 θεαῖς*
1598 274 1650 300 οὐδ’
1673 275 1773 310 ἑτέρως
1790 275 1845 310 (58)
1863 276 1916 312 γὰρ

1134 321 1190 352 τοῖς
1205 320 1382 355 κεκτημένοις
1392 321 1464 354 ἡμᾶς
1476 321 1584 355 ἀμελεῖν
1595 320 1626 347 Ξιν
1639 321 1680 356 εἴη
1698 321 1844 356 προσῆκον,
1855 323 1916 348 ἑπι-

1136 366 1310 401 μελεστάτοις
1338 373 1367 399 γε
1386 363 1445 392 οὖσι
1469 367 1515 392 καὶ
1532 366 1661 400 ἀρίστοις.
1677 367 1825 401 Σκοπῶμεν
1840 367 1869 393 δὲ
1885 367 1915 402 δὴ

1134 411 1182 437 καὶ
1194 411 1254 438 τόδε
1275 410 1314 436 ἔτι
1332 410 1400 446 πρὸς
1424 411 1536 442 τούτοις.
1549 426 1582 430 -
1597 411 1634 437 Τὸ
1650 412 1742 443 ποῖον;
1758 427 1792 432 -
1808 412 1875 446 Περί
1887 421 1915 438 τε

1133 458 1284 493 αίσθήσεως
1300 457 1345 484 καὶ
1357 457 1496 492 δυνάμεως
1508 466 1514 471 ·
1525 455 1568 491 ἆρ’
1578 457 1628 483 οὐκ
1646 457 1774 484 ἐναντίως
1793 457 1916 492 ἀλλήλοιν

1134 504 1201 539 πρὸς
1227 503 1366 539 ῥᾳστώνην
1390 504 1435 530 καὶ
1461 503 1630 538 χαλεπότητά
1650 504 1727 530 ἐστον
1762 504 1914 538 πεφυκότες

1133 549 1241 581 -Πῶς
1263 549 1368 583 λέγεις;
1385 565 1419 569 —
1436 550 1518 584 Ὀρᾷν
1540 549 1590 584 μέν
1615 558 1665 575 που
1690 550 1736 576 καὶ
1757 549 1866 576 ἀκούειν
1883 550 1916 577 τὰ

1133 595 1235 630 σμικρὰ
1249 595 1436 630 χαλεπώτερον
1453 595 1470 630 ἢ
1487 595 1521 621 τὰ
1534 595 1638 630 μεγάλα
1648 603 1654 609 ·
1666 595 1758 630 φέρειν
1769 595 1796 621 ἃ
1810 593 1854 627 αὖ,
1869 595 1915 621 καὶ

1133 643 1252 676 κρατεῖν,
1269 642 1315 667 καὶ
1327 641 1513 676 ἐπιμελεῖσθαι
1537 642 1590 667 τῶν
1608 641 1730 677 σμικρῶν
1746 642 1793 667 καὶ
1807 641 1914 675 ὀλίγων,

1133 689 1214 714 παντὶ
1232 688 1297 723 ῥᾷον
1309 687 1324 723 ἢ
1335 687 1389 714 τῶν
1409 687 1547 714 ἐναντίων.
1565 702 1599 707 -
1610 687 1664 713 Καὶ
1680 687 1746 713 πολύ
1757 695 1798 721 γε.
1815 703 1847 707 —-
1865 688 1915 713 Ἰα-

1132 733 1188 769 τρῷ
1207 733 1238 768 δὴ
1271 732 1507 768 προστεταγμένον
1520 732 1580 758 ὅλον
1603 741 1628 758 τι
1643 733 1804 768 θεραπεύειν
1822 733 1914 768 βουλο-

1133 779 1205 815 μένῳ
1234 779 1280 805 καὶ
1305 779 1456 814 δυναμένῳ,
1486 778 1540 804 τῶν
1567 779 1616 813 μὲν
1643 780 1767 814 μεγάλων
1788 781 1915 815 ἐπιμελὲς

1132 825 1207 852 ἔσται
1223 825 1288 859 (49),
1302 825 1354 851 τῶν
1368 825 1468 860 μορίων
1484 824 1511 851 δὲ
1527 825 1573 851 καὶ
1590 825 1712 860 σμικρῶν
1726 825 1825 861 ἀμελές
1839 826 1896 861 (50)
1908 835 1913 839 ·

1131 869 1181 897 εἶθ’
1194 871 1250 906 (51)
1265 871 1319 903 ἕξει
1337 871 1400 897 ποτὲ
1413 871 1501 902 καλῶς
1515 871 1580 897 αὐτὸ
1590 871 1619 897 τὸ
1640 872 1710 903 xiv;
1723 887 1756 892 —-—
1773 872 1914 907 Οὐδαμῶς.

296 913 337 940 vis
349 913 422 940 enim
438 914 500 948 quis
516 914 625 947 dixerit,
640 923 778 949 nunquam
793 915 827 942 ab
843 915 877 942 iis
892 919 991 947 tamen,
1009 923 1076 950 quo-

1129 932 1161 936 —
1170 916 1206 941 Οὐ
1221 917 1272 950 μὴν
1283 915 1342 942 οὐδέ
1350 923 1381 949 γε
1392 915 1580 950 κυϐερνήταις,
1597 915 1655 942 οὐδὲ
1673 918 1843 950 στρατηγοῖς,
1861 917 1915 943 οὐδ’

296 967 356 986 rum
375 959 400 986 in
416 961 588 994 possessione
603 969 709 993 smnus,
721 969 783 989 cum
800 961 879 989 iidem
895 966 921 989 et
935 962 1078 996 providen—

296 1005 394 1032 tissimi
409 1010 435 1033 et
449 1007 542 1040 optimi
560 1007 625 1039 sint,
639 1007 701 1042 jure
718 1008 895 1042 negligantur.
923 1007 1021 1035 Verum
1036 1009 1077 1035 al—

298 1055 385 1077 terum
401 1051 452 1079 hoc
469 1057 596 1086 prteterea
611 1053 826 1081 consideremus.
839 1069 872 1073 —
887 1053 1020 1087 Quidnam
1032 1055 1079 1081 ?—

295 1095 391 1124 Nonne
406 1105 502 1125 sensus
524 1103 550 1126 et
572 1099 692 1134 potentia
707 1100 874 1127 contrariam
891 1109 906 1128 a
919 1105 1015 1128 natura
1030 1101 1078 1127 ha-

295 1142 359 1170 bent
370 1142 510 1172 facilitatis
527 1153 559 1172 ac
569 1145 734 1173 diﬂlcultatis
749 1146 903 1173 rationem?
916 1162 950 1166 —
959 1147 1077 1179 Clarius,

294 1189 419 1216 obsecro.
435 1205 470 1210 -—
482 1189 569 1218 Parva
586 1191 714 1218 nimirum
728 1192 862 1220 dillieilius
875 1198 900 1220 et
919 1193 1011 1221 videre
1026 1198 1078 1226 est,

294 1239 322 1261 et
337 1235 442 1267 audire,
469 1244 552 1270 quam
577 1245 672 1272 magna
701 1247 707 1265 :
733 1238 803 1265 ferre
821 1247 902 1269 vero.
916 1244 962 1267 aut
977 1244 1078 1271 tenere,

295 1287 343 1309 aut
368 1290 466 1310 curare
482 1291 563 1318 parva
587 1285 674 1319 quivis
702 1289 730 1312 et
752 1286 833 1312 exilia
852 1285 974 1317 facilius,
997 1293 1078 1320 quam

296 1335 393 1364 magna
421 1330 517 1364 possit.
530 1344 564 1350 -
579 1330 671 1366 Longe
696 1331 828 1366 proiecto.
842 1347 876 1352 ——-
889 1332 930 1359 An
951 1332 975 1359 si
999 1332 1080 1359 medi-

294 1382 344 1402 cus
358 1375 468 1410 aliquis,
485 1384 546 1404 eum
565 1377 698 1412 integrum
715 1385 813 1411 corpus
828 1377 887 1404 fidei
905 1377 1078 1405 commissum

295 1428 350 1447 suae
365 1428 461 1449 curare
477 1431 530 1449 non
547 1423 626 1450 vellet
639 1423 729 1454 modo,
748 1423 793 1449 sed
811 1423 891 1450 etiam
908 1427 1011 1458 posset,
1026 1432 1079 1451 ma-

293 1465 399 1500 joribus
416 1472 519 1494 tantum
534 1469 656 1503 partibus
672 1469 843 1502 mederetur,
866 1469 986 1496 minores
1002 1474 1080 1496 mete-

296 1518 340 1537 ras
359 1511 516 1546 negligcret,
533 1520 630 1547 corpus
655 1512 786 1547 integrum
802 1512 852 1540 hac
868 1513 927 1547 ejus
940 1513 1080 1540 curatione

1127 962 1287 996 οίκονόμοις,
1296 959 1389 988 οὐδάὖ
1398 969 1451 987 τισι
1463 961 1619 993 πολιτικοῖς,
1628 961 1681 987 οὐδ’
1690 961 1762 996 ἄλλῳ
1770 961 1822 988 τῶν
1833 962 1916 988 τοιού‹

1128 1016 1180 1034 των
1207 1007 1293 1033 οὐδενὶ
1310 1007 1393 1043 χωρὶς
1409 1007 1462 1033 τῶν
1469 1007 1589 1042 ὀλίγωνῆ
1602 1007 1735 1043 σμικρῶν,
1751 1007 1856 1043 πολλὰῆ
1868 1016 1916 1042 με-

1129 1053 1207 1087 γάλα·
1217 1053 1336 1088 οὐδὲγὰρ
1347 1054 1410 1080 ἄνευ
1417 1053 1471 1079 τῶν
1487 1053 1610 1088 σμικρῶν
1618 1054 1680 1084 τοὺς
1689 1053 1821 1089 μεγάλους
1833 1055 1916 1088 φασιν

1129 1100 1153 1125 οἱ
1161 1099 1292 1133 λιθολόγοι
1304 1099 1392 1130 λίθους
1404 1097 1431 1126 εὖ
1441 1099 1594 1126 κεῖσθαι,-
1605 1099 1667 1131 Πῶς
1684 1099 1738 1134 γὰρ
1753 1099 1802 1131 civ;
1820 1113 1856 1118 —-
1870 1100 1915 1134 Μὴ

1129 1145 1217 1171 τοίνυν
1228 1145 1272 1171 τὸν
1288 1144 1353 1170 Θεὸν
1367 1144 1526 1179 ἀξιώσωμέν
1545 1153 1609 1170 ποτε
1627 1144 1731 1180 θνητῶν
1743 1144 1915 1180 δημιουργῶν

1130 1190 1303 1225 φαυλότερον,
1317 1190 1340 1216 οἳ
1365 1191 1398 1216 τὰ
1415 1190 1585 1225 προσήκοντα
1609 1190 1699 1222 αὐτοῖς
1712 1190 1790 1225 ἔργα,
1806 1191 1916 1226 ὅσῳπερ

1129 1235 1162 1261 ἂν
1177 1235 1303 1270 ἀμείνους
1313 1232 1458 1270 ὧσι,τόσῳ
1490 1234 1671 1270 ἀκριῧὲστερα
1694 1235 1740 1261 καὶ
1765 1235 1916 1272 τελεώτερα

1131 1281 1180 1316 μιᾷ
1197 1281 1279 1317 τέχνῃ
1291 1281 1394 1316 σμικρέι
1411 1281 1458 1307 καὶ
1475 1281 1578 1316 μεγάλα
1594 1281 1810 1316 ἀπεργάζονται·
1827 1282 1874 1308 τὸν
1887 1282 1915 1309 δὲ

1121 1326 1196 1352 ’Θεὸν
1210 1326 1274 1352 ὄντα
1289 1335 1319 1353 τε
1337 1326 1499 1360 σοφώτατον,
1514 1326 1674 1361 βουλόμενόν
1686 1335 1715 1353 τε
1729 1327 1915 1362 ἐπιμελεῖσθαι

1130 1372 1177 1398 καὶ
1193 1372 1351 1407 δυνάμενον,
1371 1369 1408 1399 ὧν
1426 1373 1473 1408 μὲν
1490 1373 1553 1408 ῥᾷον
1567 1372 1775 1408 ἐπιμεληθῆναι,
1791 1373 1916 1408 σμικριῖιν

1129 1418 1223 1449 ὅντων,
1237 1418 1349 1454 μηδαμῆ
1360 1417 1557 1452 ἐπιμελεῖσθαι,
1572 1418 1695 1454 καθάπερ
1706 1418 1814 1453 ἀργὺνῆ
1829 1418 1914 1444 δειλόν

1130 1474 1190 1492 τινα
1211 1465 1254 1492 διὰ
1282 1465 1379 1496 πόνους
1409 1464 1592 1500 ῥᾳθυμοῦντα,
1616 1464 1711 1491 τῶνδὲ
1729 1464 1915 1499 μεγάλων.’-

1132 1510 1271 1546 Μηδαμῶς
1285 1511 1362 1542 δόξαν
1379 1510 1505 1545 τοιαύτην
1516 1510 1579 1546 περὶ
1592 1510 1670 1542 θεῶν,
1685 1507 1708 1537 ὦ
1726 1510 1795 1544 ξένε,
1813 1511 1914 1538 ἀποδε-

294 1556 441 1591 aliquando
471 1557 734 1584 convalesceret?—-
750 1557 828 1585 Nullo
851 1566 916 1586 sane
938 1559 1027 1587 modo.
1046 1574 1077 1579 —

1132 1555 1258 1592 χιῦμεοα·
1273 1556 1376 1591 οὐδαμῇ
1388 1556 1442 1591 γὰρ
1457 1555 1517 1582 οὔτε
1534 1556 1616 1586 ὅσιον,
1628 1555 1684 1582 οὔτ’
1701 1555 1796 1591 ἀληθὲς
1808 1555 1841 1582 τὸ
1857 1555 1916 1582 δια·

296 1602 332 1629 he
349 1603 576 1637 gubernatoribus
591 1605 710 1639 quidem,
729 1605 948 1639 imperatoribus,
968 1613 1077 1632 oecono-

294 1650 357 1682 mis,
383 1654 431 1676 aut
454 1650 487 1676 iis
509 1650 554 1685 qui
574 1650 600 1676 in
625 1650 691 1684 reip.
718 1650 952 1678 administratione
966 1658 1076 1678 versen-

295 1700 350 1726 tnr,
374 1699 421 1722 aut
444 1694 491 1722 ulli
513 1695 625 1722 omnino
649 1695 754 1730 generis
777 1695 916 1730 ejusdem,
943 1696 965 1723 si
991 1704 1076 1731 pauca

295 1740 418 1775 quaedam
435 1740 575 1768 minorave
592 1741 796 1776 contempserit,
815 1741 932 1776 plurium
956 1747 1001 1769 aut
1018 1750 1076 1769 ma-

275 1779 277 1781 ’
292 1786 382 1820 jorum
397 1785 510 1814 feliciter
523 1794 587 1814 cura
604 1787 739 1814 succedat.
768 1787 883 1822 Majores
895 1788 993 1823 quippe
1008 1788 1075 1823 lapi~

294 1832 343 1860 des
357 1833 416 1861 sine
430 1833 580 1860 minoribus
605 1833 718 1860 lirmitcr
733 1833 870 1860 cohaerere
893 1841 971 1868 posse
987 1834 1077 1862 archi-

295 1879 360 1906 tecti
373 1884 481 1914 negant.
496 1895 531 1899 —
546 1878 578 1906 Et
595 1887 659 1906 vero
673 1879 718 1914 qui
731 1880 862 1914 possmtt?
876 1895 909 1900 —
925 1879 1077 1908 Cavvamus

294 1933 370 1962 ergo,
385 1934 418 1953 ne
435 1925 518 1953 Deum
536 1925 696 1952 mortalibus
710 1933 828 1960 unquam
843 1925 991 1952 artilit-ibus
1004 1925 1077 1952 dete-

294 1972 393 2000 riorem
416 1977 541 2008 putemus
567 1982 573 2000 :
599 1977 628 2000 ut
654 1981 715 2000 cnm
732 1973 769 2000 illi
790 1974 897 2008 propria
913 1974 964 2000 sibi
981 1981 1074 2008 opera.

295 2023 349 2045 tam
374 2018 479 2046 minora
506 2027 587 2054 quam
613 2019 732 2054 majora,
761 2027 815 2054 quo
842 2019 1042 2054 prmstantiores
1059 2021 1076 2047 ii

294 2069 369 2098 sunt,
394 2064 446 2092 hoc
468 2073 521 2092 una
535 2065 684 2100 eademque
705 2070 763 2093 arte
776 2066 931 2101 diligentius
947 2074 979 2093 ac
991 2065 1077 2100 perfe-

293 2111 366 2138 ctius
379 2111 532 2144 elaborent;
552 2111 622 2139 Deus
638 2116 745 2145 tamen,
763 2113 845 2147 quiet
861 2112 1077 2146 sapientissimus

295 2157 352 2191 ipse
369 2157 415 2190 sit,
440 2162 467 2185 et
490 2166 602 2193 operum
620 2166 732 2186 suorum
752 2167 846 2186 curam
864 2159 1000 2193 suscipere
1015 2158 1078 2186 velit

296 2203 366 2231 idem
385 2212 417 2231 ac
429 2204 525 2239 possit,
542 2204 648 2232 minora
666 2205 766 2240 quibus
784 2204 890 2231 facilius
914 2204 1076 2239 provideret,

1130 1602 1217 1638 νόημα
1245 1601 1407 1637 διανοοίμεθ’
1422 1602 1463 1629 ἄν.
1481 1618 1515 1622 -
1528 1601 1663 1637 Δοκοῦμεν
1683 1601 1711 1628 δέ
1736 1609 1780 1637 μοι
1797 1602 1852 1637 (52)
1867 1602 1915 1629 νῦν

1128 1649 1177 1683 ἤδη
1192 1649 1238 1675 καὶ.
1257 1649 1361 1684 μεγάλα
1381 1648 1498 1684 μετρίως
1511 1648 1656 1682 διειλέχθαι
1669 1647 1707 1683 τῷ
1723 1648 1849 1683 φιλαιτίῳ
1863 1648 1916 1683 τῆς

1127 1694 1254 1728 ἀμελείας
1269 1693 1332 1729 πέρι
1343 1693 1427 1726 θεῶν;
1441 1709 1473 1714 -
1487 1693 1548 1720 Ναί.
1559 1693 1643 1728 -Τῷ
1654 1702 1685 1728 γε
1702 1693 1842 1728 βιάζεσθαι
1858 1694 1915 1725 τοῖς

1127 1739 1215 1773 λόγοις
1229 1739 1369 1774 ὁμολογεῖν
1386 1740 1466 1766 αὑτὸν
1484 1740 1520 1775 μὴ
1537 1739 1625 1774 λέγειν
1638 1739 1725 1775 ὀρθῶς
1825 1740 1914 1775 Ἑπῳ-

1127 1785 1179 1812 δῶν
1191 1794 1220 1820 γε
1238 1786 1290 1821 μὴν
1314 1786 1486 1821 προσδεῖσθαί
1508 1795 1552 1821 μοι
1569 1785 1642 1812 δοκεί
1662 1785 1753 1820 μύθων
1770 1786 1810 1812 ἔτι
1822 1786 1914 1814 τινῶν.

1128 1847 1160 1851 ——-
1170 1831 1265 1862 Ποίων,
1287 1828 1309 1857 ὧ
1319 1831 1403 1865 ἀγαθέ
1416 1840 1422 1863 ς
1434 1847 1466 1851 -—
1475 1831 1666 1866 Πείσωμεντὸν
1682 1831 1788 1858 νεανίαν
1800 1833 1856 1863 τοῖς
1872 1831 1916 1858 λό-

1127 1885 1184 1911 γοις
1203 1877 1268 1912 (5l),
1285 1877 1322 1909 ὡς
1338 1877 1376 1912 τῷ
1391 1877 1438 1903 τοῦ
1449 1877 1547 1908 παντδς
1564 1877 1767 1912 ἐπιμελουμένῳ
1782 1878 1850 1912 πρὸς
1866 1877 1914 1912 τὴν

1129 1923 1262 1959 σωτηρίαν
1291 1924 1338 1949 καὶ
1363 1923 1462 1959 ἀρετὴν
1483 1923 1530 1949 τοῦ
1552 1923 1611 1949 ὅλου
1637 1924 1713 1950 πάντ’
1739 1924 1797 1950 ἐστὶ
1820 1932 1914 1949 συντε-

1127 1969 1260 2004 ταγμένα,
1284 1965 1323 1995 ὧν
1347 1970 1394 1995 καὶ
1410 1969 1440 1995 τὺ
1457 1969 1539 2005 μέρος
1565 1970 1604 2000 εἰς
1624 1969 1737 2005 δύναμιν
1758 1970 1874 1996 ἕκαστον
1886 1969 1916 1995 τὸ

1128 2017 1264 2051 προσῆκον
1278 2016 1377 2050 πάσχει
1393 2017 1438 2042 καὶ
1452 2017 1532 2043 ποιεῖ.
1544 2015 1655 2047 Τούτοις
1662 2016 1689 2042 δέ
1703 2018 1772 2042 εἰσιν
1784 2017 1915 2052 ἄρχοντες

1128 2062 1360 2097 προστεταγμένοι
1376 2062 1500 2093 ἑκάστοις
1516 2062 1562 2088 ἐπὶ
1569 2062 1599 2088 τὸ
1610 2062 1790 2098 σμικρότατον
1803 2063 1848 2088 ἀεὶ
1864 2063 1917 2090 πά-

1128 2108 1177 2143 θης
1191 2109 1237 2135 καὶ
1262 2108 1397 2144 πράξεως,
1421 2109 1460 2140 είς
1487 2108 1620 2144 μερισμὸν
1639 2109 1685 2134 τὺν
1703 2108 1815 2144 ἔσχατον
1838 2109 1916 2140 τέλος

1127 2154 1343 2190 ἀπειργασμένοι
1353 2162 1360 2169 ·
1374 2151 1410 2180 ὧν
1422 2153 1451 2180 ἓν
1465 2154 1550 2180 καὶτὸ
1567 2154 1622 2185 σὺν,
1637 2153 1660 2180 ὡ
1674 2154 1789 2189 σχέτλιε.
1810 2155 1915 2190 μόριον,

1129 2200 1168 2232 εἰς
1181 2200 1211 2226 τὸ
1227 2202 1280 2226 πᾶν
1292 2199 1421 2232 ξυντείνει
1432 2199 1528 2234 βλέπον
1543 2199 1597 2230 ἀεὶ,
1617 2199 1717 2234 καίπερ
1742 2199 1915 2235 πάνσμικρον

295 2251 367 2286 quod
389 2252 495 2279 minora
517 2252 582 2284 sint,
603 2258 733 2287 tanquam
747 2253 832 2287 piger,
854 2259 885 2279 ac
897 2253 986 2280 mollis
1000 2252 1076 2287 quis-

1129 2245 1165 2272 ὗν.
1183 2246 1216 2272 Σὲ
1244 2245 1271 2272 δὲ
1296 2245 1390 2280 λέληθε
1404 2244 1459 2279 (55)
1481 2245 1544 2280 περὶ
1565 2244 1643 2270 τοῦτο
1668 2243 1743 2276 αὐτὸ,
1756 2244 1794 2275 ὡς
1808 2243 1916 2277 γένεσις

295 2298 366 2332 piam
381 2301 408 2325 et
422 2298 544 2325 laborum
560 2298 746 2334 magnitudine
760 2299 862 2326 fractus
872 2319 879 2331 ,
903 2298 1015 2325 omnino
1029 2298 1076 2325 de-

294 2344 401 2378 spiciat,
420 2352 474 2372 una
490 2345 516 2371 in
539 2345 672 2379 majorum
696 2345 891 2380 gubernatione
912 2344 1026 2371 delixus.
1044 2359 1077 2364 —

295 2388 369 2418 lianc
381 2390 415 2417 de
429 2390 481 2418 diis
497 2390 663 2425 opinionem,
681 2391 717 2418 mi
733 2391 846 2426 hospes,
861 2391 933 2418 nulla
950 2399 983 2418 ex
1000 2394 1077 2425 parte

295 2443 413 2471 unquam
427 2437 582 2471 probemus.
599 2436 646 2463 Est
657 2437 729 2463 enim
745 2437 802 2464 lnec
817 2444 869 2464 non
881 2437 963 2471 impia
974 2436 1075 2467 minus,

293 2489 374 2516 qttam
402 2483 468 2510 falsa
493 2483 633 2519 cogitatio.
648 2498 684 2503 —
697 2482 765 2510 Num
781 2491 844 2510 vero
862 2483 908 2510 tibi
926 2483 981 2517 jam
1001 2482 1074 2509 vide-

295 2536 356 2555 nlur
379 2529 413 2556 de
429 2528 541 2556 deorum
567 2529 747 2564 negligentia,
765 2537 814 2564 pro
829 2529 867 2556 rei
893 2529 1077 2564 magnitudine

330 2635 387 2674 (ﬁt)
405 2637 484 2674 [orte
498 2639 655 2674 οὐδετέρως.

406 2672 561 2709 Ἐπιμετιὲς
573 2671 667 2700 ἔσται.
679 2673 766 2709 Plato,
781 2673 995 2709 ἐπιμελουμένῳ.

405 2707 538 2744 Byrsica
553 2708 637 2739 Plato,
650 2708 804 2744 ᾀμελοῦντι.

342 2741 386 2776 Si)
401 2740 472 2769 Εἶθ’.
489 2742 546 2769 Non
561 2743 645 2770 habet-
658 2740 733 2770 Plato
747 2744 817 2771 istud
833 2741 893 2770 εἷθ’.

341 2775 384 2808 52)
399 2775 478 2804 Forte
493 2785 543 2804 σοι.

330 2810 453 2848 (55)-Μὴᾼ
467 2812 567 2846 λέγειν
587 2813 688 2846 ίρθῶς.
704 2812 794 2840 Recte.
810 2812 877 2840 Nam
895 2812 964 2848 apud
986 2812 1075 2839 Plato-

295 2845 474 2883 nemtﬁpﬁqjg
491 2845 662 2881 respondenti
675 2848 769 2875 Clinia:
785 2845 924 2883 perperam
938 2848 1073 2874 tribuitur.

333 2880 388 2915 (Μ)
405 2881 466 2914 Τιῐς
489 2880 598 2915 ,ίιτξῖριςκ
622 2883 685 2911 l‘ost
705 2880 792 2916 λόγοις
810 2880 839 2910 in
860 2883 941 2918 priori
960 2883 1076 2910 editione

1670 2286 1683 2296 γ

1127 2291 1207 2317 ἕνεκα
1232 2290 1335 2317 ἐκείνου
1359 2289 1462 2324 γίνεται
1484 2289 1568 2319 πᾶσα.
1581 2289 1655 2320 ὅπως
1701 2288 1740 2323 τῷ
1751 2287 1801 2314 τοῦ
1814 2287 1916 2319 παντὸς

1129 2336 1178 2371 βίῳ
1191 2335 1351 2370 ὑπάρχουσα
1366 2334 1501 2369 εὐδαίμων
1516 2334 1605 2364 οὐσία.
1619 2334 1668 2369 οὐχ
1681 2334 1761 2360 ἕνεκα
1778 2333 1825 2360 σοῦ
1840 2341 1916 2367 γινο-

1129 2382 1208 2417 μένη,
1223 2382 1255 2407 σὺ
1277 2381 1299 2407 δ’
1315 2381 1396 2407 ἕνεκα
1409 2381 1524 2407 ἐκείνου.
1545 2381 1602 2411 Πᾶς
1618 2379 1672 2415 γὰρ
1683 2379 1773 2415 ἰατρὸς
1787 2381 1837 2406 καὶ
1862 2381 1917 2410 xi;

1127 2428 1249 2463 ἔντεχνος
1269 2426 1433 2462 δημιουργὸς
1457 2426 1556 2458 παντὸς
1576 2426 1624 2461 μὲν
1638 2425 1719 2452 ’ἕνεκα
1736 2425 1825 2452 πάντα
1837 2425 1918 2461 ἐργά-

1127 2473 1212 2506 ζεται,
1226 2472 1293 2508 πρὸς
1305 2472 1334 2498 τὸ
1346 2472 1421 2507 κοινῇ
1438 2471 1578 2503 ξυντείνων
1596 2470 1742 2505 βέλτιστον,
1759 2471 1842 2506 μέρος
1864 2470 1918 2506 μὴν

1126 2520 1206 2546 ’ἑνεκα
1217 2519 1288 2550 ὅλου,
1300 2518 1347 2544 καὶ
1360 2517 1420 2552 οὐχὶ
1430 2517 1488 2544 ὅλον
1505 2518 1603 2552 μέρους
1616 2516 1697 2543 ἕνεκα
1714 2516 1916 2551 ἀπεργάζεται.

1127 2637 1292 2668 addebatur,
1306 2635 1446 2671 ὁμολογεῖν
1461 2635 1549 2671 αὑτὸν
1575 2634 1612 2670 μὴ
1626 2635 1724 2671 ,λέγειν
1746 2634 1834 2669 ὀρθῶς
1843 2634 1916 2671 'dsed

1127 2673 1184 2699 lucc
1199 2671 1276 2698 Plato
1292 2669 1344 2698 non
1359 2670 1490 2705 agnoscit,
1505 2676 1531 2697 et
1542 2669 1728 2705 superioribus
1744 2677 1776 2696 ex
1791 2669 1917 2696 versibus

1126 2708 1244 2734 alienum
1260 2707 1286 2733 in
1303 2706 1392 2733 loctnn
1410 2705 1583 2740 irrepserunt.

1161 2742 1217 2776 (55)
1232 2741 1270 2768 Σὲ
1284 2741 1318 2767 δὲ
1334 2740 1455 2776 λέληθε,
1465 2739 1519 2767 lete.
1535 2740 1563 2776 S.
1577 2739 1782 2776 Augustirnlib.
1799 2747 1807 2766 t
1822 2743 1915 2776 contra

1126 2774 1289 2808 Academia,
1302 2776 1378 2802 initio
1390 2783 1396 2801 :
1411 2775 1515 2801 Etenim
1527 2774 1649 2809 fortasse,
1659 2775 1756 2809 inquit.
1768 2782 1828 2809 quia
1839 2774 1915 2807 alt/go

1127 2812 1233 2845 fortuna
1254 2811 1417 2841 nominatur,
1439 2810 1542 2836 occulto
1558 2811 1672 2845 quodam
1691 2810 1782 2836 ordine
1804 2810 1913 2843 regitur.

1126 2847 1244 2881 nihilque
1260 2855 1304 2871 seu
1327 2845 1467 2876 commodi,
1485 2853 1529 2870 seu
1547 2845 1706 2871 incommodi
1737 2845 1864 2878 contingit
1888 2845 1914 2869 in

1127 2880 1210 2916 parte,
1226 2882 1293 2916 quod
1308 2889 1357 2907 non
1379 2881 1513 2907 conveniat
1528 2885 1551 2907 et
1567 2885 1691 2914 renyruut
1708 2880 1838 2906 uuirci‘so.
