2078 3207
183 186 251 214 1057

777 178 935 206 PRASPAR.
954 176 1078 204 EVANG.
1100 176 1163 204 LIB.
1179 175 1246 203 Xlll.

1742 179 1754 206 l
1759 177 1812 206 058

183 246 230 272 επὶ
249 244 370 279 ἀνόμοις,
395 243 504 279 εἰρήνην
527 239 697 277 ἁμαρτωλῶν
715 239 840 274 Θεωρῶν·
861 248 870 263 ι
885 246 967 273 μετα-
983 241 1000 268 Α

1024 236 1098 269 Quod
1121 244 1209 271 ipsum
1230 235 1278 263 tibi
1303 236 1336 264 de
1359 236 1411 264 illis
1434 244 1543 272 quoque
1569 236 1743 265 statuendum
1759 241 1811 269 est,

137 318 139 322 .
183 291 341 327 ηφράσθαι
365 299 409 325 μοι
433 289 506 316 δοκεῖ
528 289 580 315 ὺπδ
600 287 646 314 τοῦ
673 286 815 317 Πλάτωνος
837 285 881 312 διὰ
905 284 967 311 τοῦ·

186 349 194 364 ι
223 338 251 364 Ὁ
263 337 343 368 αὐτὸς
358 336 386 362 δὲ
410 336 487 370 λόγος
505 343 547 361 σοι
565 335 612 361 καὶ
636 334 700 368 περὶ
722 332 833 358 ἐκείνων
859 331 892 358 ἂν
916 331 969 365 εἴη,

181 384 236 410 τῶν
250 383 298 414 οὒς
312 383 343 409 ab
359 381 473 409 κατιδὼν
498 381 529 407 ἐκ
551 379 654 416 μικρῶν
671 378 802 414 μεγάλους
815 377 970 412 γεγονότας,

182 428 459 464 ἁνοπιουργήσαντας,
476 427 492 462 ἦ
513 435 539 453 τι
561 424 678 452 τοιοῦτον
693 423 858 460 πράξαντας,
880 421 971 458 ᾠήθης

183 475 212 507 ἐξ
229 475 328 502 ἀθλίων
358 473 518 508 εὐδαίμονας
532 472 679 507 γεγονέναι.
699 481 708 496 ι
728 471 783 498 Καὶ
799 471 833 498 τὰ
846 470 912 498 ἄλλα
932 470 970 501 δὲ,

184 521 234 547 ὅσα
246 521 350 552 τούτοις
364 520 465 556 ὁμοίως
476 519 593 555 εἴρηται,
605 516 741 554 προῦλαΰε
753 517 802 553 τὴν
817 517 856 548 εἰς
872 516 972 548 πλάτος

185 567 341 593 ὲκτεθεῖσαν
356 566 401 593 τοῦ
416 566 557 596 Πλάτωνος
570 564 716 601 ἑρμηνείαν
728 565 756 590 ὲν
769 564 825 594 τοῖς
840 562 973 599 Ἐϐραίων

185 613 284 648 λόγοις.
300 613 435 640 "Erus-:0»;
451 613 472 638 δ’
482 610 530 638 οὖν
546 611 635 638 αὐτῶν
652 610 722 637 κατὰ
739 609 820 645 μέρος
833 609 922 644 εὕροις
940 608 973 634 ἃν

185 660 307 696 ἀκριϐῶς
339 659 472 692 ἐξετάζων
507 660 562 689 τοῖς
605 656 736 692 Ἐὒραίων
770 655 974 690 συμφερόμενον

185 708 342 742 γράμμασι.
371 701 503 742 Ἑϐραίων
518 705 546 731 δὲ
572 702 640 731 εἶναι
662 703 768 737 λόγους,
790 701 820 728 οὐ
841 701 920 736 μόνον
939 699 974 726 τὰ

187 753 263 787 παρὰ
282 753 384 786 Μωῡσῇ
403 751 481 785 λόγιά
495 759 575 786 φημι,
605 748 673 776 ἀλλὰ
696 748 743 774 καὶ
767 746 801 773 τὰ
813 746 868 773 τῶν
889 745 975 773 ἄλλων

192 798 263 835 μετά
276 799 394 825 Μωῡσέα
409 797 539 831 θεοφιλῶν
553 795 668 831 ἀνδρῶν,
689 794 742 820 εἴτε
754 792 901 830 προφητῶν
921 792 975 818 εἴτε

187 846 234 873 καὶ
251 845 405 873 ἀποστόλων
423 843 469 870 τοῦ
492 843 615 878 Σωτῆρος
629 840 716 876 ἡμῶν,
729 836 766 866 ὧν
776 841 791 872 ἡ
807 839 858 865 τῶν
875 837 976 873 δογμά-

1020 290 1091 317 quos
1103 286 1132 310 tu
1144 290 1206 310 cum
1219 291 1252 310 ex
1265 284 1355 318 parvis
1369 291 1483 319 magnos
1502 285 1633 318 evasisse,
1657 288 1718 319 post
1731 291 1813 319 grave

1021 330 1131 364 aliquod
1157 330 1199 356 vel
1220 329 1376 364 impietatis,
1399 331 1441 357 vel
1458 331 1571 358 alterius
1595 331 1705 359 sceleris
1719 337 1814 357 exem-

1021 375 1095 410 plum
1109 375 1226 409 videres,
1244 376 1338 403 beatos
1352 384 1385 403 ex
1403 377 1512 405 miseris
1527 377 1615 405 factos
1629 377 1765 412 putabas;
1784 381 1812 404 et

1022 428 1139 455 quorum
1162 421 1190 448 in
1213 421 1366 454 malelteiis,
1385 427 1514 458 umquam
1538 423 1565 450 in
1583 423 1711 458 speculis,
1729 430 1812 457 quam

1022 468 1071 495 abs
1087 467 1142 495 diis
1166 468 1257 495 omnia
1283 469 1464 504 negligantur,
1482 470 1574 497 videre
1599 471 1646 497 tibi
1675 470 1812 502 videbare,

1022 515 1152 550 ignorans
1168 515 1304 548 videlicet,
1327 515 1373 550 qui
1390 516 1498 543 tandem
1516 522 1563 543 aut
1578 525 1632 545 qua
1653 523 1729 552 parte
1745 516 1812 543 isto-

1024 570 1084 589 rum
1108 561 1170 589 ﬁnis
1186 566 1214 589 et
1230 562 1318 589 exitus
1333 570 1395 590 cum
1419 564 1540 591 universi
1558 564 1711 592 rationibus
1724 565 1814 592 colite-

1024 614 1105 637 reret.
1134 609 1209 636 Illum
1225 617 1324 645 porro.
1343 610 1383 637 vir
1398 612 1624 646 generosissime,
1642 612 1688 646 qui
1704 613 1814 639 tandem

1024 656 1115 683 sciens
1130 656 1278 691 volensque
1303 656 1440 692 negligere
1461 665 1537 692 potes
1548 678 1555 689 ς
1570 658 1615 693 qui
1632 662 1722 686 tamen
1740 659 1815 694 ejus-

1025 701 1097 728 modi
1113 706 1164 734 est,
1182 702 1272 737 utqui
1291 703 1325 729 ab
1343 703 1402 737 ejus
1415 703 1568 738 cognitione
1591 704 1674 740 636
1696 704 1815 739 impara-

1026 753 1070 775 tus
1084 749 1128 780 sit,
1150 749 1217 775 nihil
1234 757 1354 784 unquam
1379 750 1421 776 vel
1445 751 1537 777 animo
1556 750 1703 778 informare
1717 751 1814 786 possit,

1027 802 1076 820 nec
1092 794 1172 820 ullam
1187 794 1219 821 de
1235 794 1361 822 humana:
1374 795 1435 823 vitae
1447 803 1494 823 seu
1509 795 1646 829 felicitate,
1665 805 1712 824 seu
1732 796 1815 824 mise-

1027 841 1066 867 ria
1081 840 1291 875 disputationem
1305 841 1456 869 instituere.
1479 841 1535 869 Hoc
1549 843 1571 870 si
1590 844 1637 870 tibi
1647 843 1751 872 Clinias
1765 844 1819 871 istc

185 902 241 920 των
253 891 406 928 συμςςωνία,
429 892 492 927 μιᾶς
511 889 624 921 εἰκότως
639 889 736 920 αὐτοὺς
748 887 796 914 καὶ
815 887 864 922 τῆς
878 894 976 921 προση-

1028 887 1060 913 de
1075 886 1140 919 diis,
1157 894 1188 914 ac
1203 892 1315 914 senatus
1332 887 1376 915 hic
1389 893 1482 915 noster
1494 889 1583 916 omnis
1595 889 1757 924 persuadere
1769 898 1818 925 po-

187 939 282 975 γορῐας
296 938 446 972 ἀξιώσειεν.
993 931 1000 958 1

1031 934 1121 964 tuerit,
1143 933 1247 960 nescire
1261 938 1286 960 te
1297 933 1361 968 quid
1378 934 1500 969 loquare,
1508 935 1645 970 singulare
1659 943 1674 962 a
1687 935 1740 963 Deo
1756 936 1821 971 ipso

187 985 347 1013 beneﬁcium
364 982 511 1017 acceperis.
540 981 586 1008 Sin
606 979 722 1014 longiori
739 978 828 1006 adhuc
849 979 973 1005 oratione
993 986 1062 1012 opus
1079 978 1201 1012 habebis,
1223 987 1272 1014 age
1294 988 1387 1015 porro,
1416 989 1520 1016 nosque
1550 981 1582 1009 de
1599 983 1678 1010 tertio
1704 983 1750 1010 illo
1763 983 1817 1010 dis-

187 1036 328 1064 serentes,
345 1031 368 1058 si
390 1030 455 1065 quid
472 1029 585 1056 omnino
613 1027 711 1055 mentis
744 1026 838 1059 habes,
859 1025 977 1052 attende.
995 1035 1003 1051 ι
1027 1024 1089 1053 Ηίεο
1106 1025 1192 1053 Plato.
1222 1026 1344 1060 Quorum
1363 1034 1430 1055 sane
1454 1035 1550 1059 mens,
1574 1028 1598 1056 si
1621 1029 1713 1056 minus
1735 1029 1818 1056 verba

188 1081 259 1114 ipsa,
286 1078 371 1106 multo
393 1082 455 1104 ante
484 1076 658 1103 Hebraaorum
676 1074 801 1102 exstabat
819 1074 846 1100 in
864 1073 972 1104 litteris,
993 1072 1040 1100 sed
1058 1073 1217 1101 brevissime
1233 1082 1265 1102 ac
1290 1074 1464 1109 paucissimis
1487 1075 1602 1103 vocibus
1620 1075 1820 1110 comprehensa

187 1126 333 1154 sententia.
358 1124 426 1152 Nam
452 1124 516 1151 illud
542 1123 667 1158 quidem,
685 1132 694 1148 ι
712 1121 766 1149 Nec
788 1126 841 1148 tam
861 1121 976 1156 pusillus
998 1121 1056 1154 lies,
1073 1125 1103 1148 ut
1116 1122 1151 1149 ab
1167 1121 1227 1155 ejus
1245 1126 1271 1150 te
1296 1122 1384 1149 oculis
1406 1123 1434 1150 in
1458 1123 1565 1151 abditos
1580 1127 1660 1151 teme
1683 1123 1762 1151 sinus
1777 1123 1820 1150 la-

189 1174 336 1209 tebrasque
353 1173 508 1205 subducas;
528 1179 577 1198 nec
602 1179 666 1197 vero
683 1175 738 1198 tam
769 1170 895 1197 sublimis
906 1190 912 1201 ,
928 1174 960 1209 _ut
981 1170 1007 1196 in
1038 1170 1139 1197 coelum
1152 1173 1268 1204 evoles,»
1281 1171 1355 1198 dicto
1370 1171 1434 1199 huic
1448 1172 1576 1199 Davidico
1587 1172 1741 1207 proximum
1756 1177 1816 1199 est:

193 1233 201 1249 ι
217 1222 277 1255 Quo
292 1222 337 1249 iho
353 1229 368 1248 a
381 1221 476 1256 spiritu
495 1220 559 1247 tuo?
576 1224 602 1246 et
617 1226 670 1254 quo
682 1227 697 1246 a
713 1218 782 1245 facie
814 1222 859 1244 tua
885 1206 1006 1252 fugiam?
1026 1217 1053 1244 Si
1067 1218 1216 1245 ascendere
1233 1218 1259 1244 in
1275 1219 1385 1251 etelum,
1404 1224 1432 1246 tu
1446 1219 1501 1246 illic
1512 1227 1557 1253 es;
1573 1219 1596 1247 si
1611 1219 1778 1247 descendere
1792 1218 1819 1245 in

192 1270 341 1300 infernum,
357 1269 431 1296 ades.
450 1267 477 1295 Si
493 1274 635 1302 sumpsero
651 1273 765 1301 pennas,
780 1271 807 1293 et
822 1265 980 1293 habitavero
1000 1266 1026 1292 in
1052 1265 1181 1293 extremis
1199 1266 1298 1298 maris;
1320 1267 1420 1293 etenim
1438 1267 1500 1294 illnc
1516 1275 1614 1295 manus
1644 1271 1689 1294 tua
1706 1267 1827 1297 deducet.

190 1324 235 1344 me
249 1316 292 1349 ¹;›
312 1315 409 1343 deinde
425 1315 476 1342 hoc
492 1313 613 1348 ejusdem
628 1313 765 1347 prophetae
790 1321 796 1338 ε
815 1311 900 1338 «Coali
926 1316 1055 1338 enarrant
1069 1312 1182 1346 gloriam
1202 1311 1260 1344 Dei,
1281 1316 1308 1339 et
1333 1321 1416 1348 opera
1449 1321 1578 1340 matmum
1596 1313 1655 1348 ejus
1676 1313 1821 1341 annuntiat

188 1364 391 1393 ﬁrmamentum
407 1364 433 1396 ';
456 1372 464 1388 ι
482 1355 600 1397 itemque
615 1361 679 1388 illud
701 1360 796 1387 Isaize:
818 1368 826 1385 ι
846 1359 943 1386 Tollite
956 1359 982 1386 in
1002 1359 1088 1387 altum
1111 1360 1205 1388 oculos
1225 1365 1343 1393 vestros,
1374 1366 1401 1388 et
1433 1361 1530 1394 videte,
1548 1362 1609 1397 quis
1623 1362 1742 1389 ostendit
1764 1361 1828 1389 hac

189 1410 284 1437 omnia
298 1411 324 1442 ';
345 1419 354 1435 ι
371 1409 483 1436 ethoc:
499 1417 508 1434 ι
522 1408 559 1434 Ex
592 1406 779 1442 magnitudine
801 1410 827 1433 et
849 1405 1050 1440 pulchritudine
1073 1412 1260 1435 creaturarum
1286 1407 1400 1435 Creator
1426 1416 1488 1435 cum
1516 1408 1693 1444 proportione
1714 1413 1825 1444 specta-

191 1463 237 1484 tur
249 1457 273 1490 λς
292 1466 300 1482 ι
317 1457 427 1483 ethoc:
447 1465 456 1482 ι
472 1455 620 1482 invisibilia
646 1455 717 1482 enim
731 1455 790 1489 ejus
813 1461 828 1481 a
849 1459 974 1482 creatura
994 1455 1099 1486 mundi,
1118 1463 1166 1490 per
1191 1455 1248 1483 bzec
1272 1463 1332 1490 quae
1359 1455 1436 1486 facta,
1459 1462 1539 1488 sunt,
1565 1456 1698 1483 intellecta
1712 1457 1821 1492 conspi-

189 1503 313 1534 ciuntur,
335 1503 499 1537 sempiterna
524 1509 633 1536 quoque
656 1501 715 1535 ejus
733 1501 817 1527 virtus
845 1507 876 1527 ac
904 1500 1034 1527 divinitas
1047 1501 1075 1533 5;
1092 1510 1101 1526 ι
1122 1505 1260 1535 postremo
1275 1502 1346 1528 istud
1363 1512 1369 1528 ι
1388 1511 1396 1527 ι
1417 1501 1511 1528 Zelavi‘
1533 1510 1614 1537 super
1635 1502 1756 1537 iniquos,
1772 1510 1821 1537 pa-

191 1559 252 1579 Cem
266 1556 438 1585 peccatorum
454 1550 548 1577 videns
561 1553 591 1575 ⁶;
613 1559 623 1575 ι
644 1549 702 1576 haec
721 1549 812 1576 omnia
841 1549 1032 1583 interpretatus
1060 1549 1165 1576 videtur
1193 1549 1270 1576 Plato
1285 1549 1350 1576 dum
1368 1550 1416 1583 ait,
1435 1559 1443 1575 ι
1464 1549 1520 1577 Hoc
1545 1551 1632 1585 ipsum
1649 1550 1695 1577 tibi
1714 1551 1748 1577 de
1769 1550 1827 1578 iliis

191 1606 302 1634 quoque
316 1599 488 1625 statuendum
504 1602 554 1629 est.
565 1604 634 1632 quos
664 1601 691 1624 tu
709 1604 769 1623 cum
804 1604 837 1623 ex
860 1597 952 1631 parvis
981 1604 1094 1631 magnos
1118 1597 1253 1630 evasisse,
1279 1603 1341 1634 post
1363 1606 1444 1633 grave
1466 1598 1574 1633 aliquod
1598 1598 1763 1633 impietatis,
1780 1599 1822 1625 vel

191 1647 306 1674 alterius
321 1647 431 1675 sceleris
442 1646 593 1681 exemplum
611 1646 727 1676 videres.
743 1646 836 1672 beatos
850 1652 882 1671 ex
908 1645 1015 1672 miseris
1035 1644 1121 1672 factos
1138 1645 1263 1679 putabas.
1281 1655 1290 1671 ι
1308 1646 1346 1673 Ac
1361 1651 1458 1673 emtera
1479 1654 1540 1680 quae
1568 1646 1691 1673 eamdem
1706 1646 1732 1672 in
1761 1653 1823 1673 sen-

192 1694 305 1720 tentiam
331 1694 401 1720 dicta
427 1696 502 1724 sunt,
534 1694 560 1719 in
591 1692 765 1720 Hebraeorum
796 1692 972 1718 monimentis
1005 1691 1240 1719 fusiorem-illam
1264 1691 1384 1720 Platonis
1410 1693 1618 1728 explicationem
1643 1695 1822 1727 occuparunt.

192 1739 260 1772 Quir
286 1745 312 1767 tn
340 1740 464 1774 singula,
481 1740 503 1766 si
521 1743 648 1766 accurate
677 1747 708 1766 ac
736 1738 879 1772 diligenter
902 1737 1048 1772 cxpendes,
1067 1745 1129 1764 cum
1163 1738 1338 1766 Hebraeorum
1367 1739 1492 1766 doctrina
1519 1739 1674 1767 consentire
1693 1739 1822 1774 reperies.

192 1784 369 1812 Hebraeorum
383 1789 472 1812 autent
490 1784 620 1810 librormn
652 1783 777 1814 nomine,
795 1791 848 1810 non
880 1782 936 1810 sola
964 1782 1066 1818 Moysis
1087 1784 1198 1811 oracula
1225 1785 1355 1820 intelligo,
1373 1785 1420 1812 sed
1447 1786 1561 1812 aliorum
1587 1786 1668 1812 etiam
1692 1786 1738 1820 qni
1762 1789 1830 1820 post.

190 1842 256 1861 eum
274 1835 418 1868 scripsere.
445 1833 585 1860 hominum
616 1832 671 1859 Deo
700 1832 939 1862 charissimorum,
968 1838 1015 1858 seu
1037 1832 1183 1866 prophetm,
1209 1840 1258 1859 seu
1284 1833 1368 1860 nestri
1393 1840 1503 1867 quoque
1530 1831 1682 1859 Servatoris
1708 1832 1823 1867 apostoli

193 1883 314 1915 fuerint,
341 1882 440 1917 quibus
474 1881 508 1908 ob
550 1888 684 1907 sunnnam
719 1880 875 1915 dogmalum
915 1879 1143 1911 consensionem,
1172 1888 1225 1907 una
1270 1886 1351 1913 atque
1389 1881 1482 1908 eadem
1515 1881 1659 1916 appellatio
1686 1881 1747 1915 jure
1777 1880 1824 1907 tri-

193 1932 307 1958 buatur.

232 1990 239 2005 '
261 1988 331 2016 Psal.
347 1996 479 2020 cxxxvm,
501 1987 528 2014 7.
567 1988 576 2002 ‘
595 1986 667 2014 Psal.
682 1994 758 2018 xvm,
774 1985 800 2012 εὶ.
840 1986 850 2001 ³
865 1984 916 2012 lia.
934 1993 977 2016 XL,
991 1984 1036 2011 ‘26.
1077 1983 1087 1998 ⁸
1102 1983 1165 2017 Sap.
1184 1991 1243 2016 xm,
1259 1983 1285 2010 5.
1323 1984 1333 1998 ⁵
1350 1983 1429 2011 Rom.
1448 1991 1466 2016 I,
1481 1983 1525 2010 20.
1565 1983 1576 1998 ⁸
1592 1983 1664 2010 Psal.
1680 1991 1766 2014 Lxxtl,
1780 1983 1813 2009 5..

391 2163 1056 2226 ΠΡΟΠΑΡΑΣΚΕΥΗΣ
1085 2159 1621 2220 ΕΥΑΓΓΕΛΙΚΗΣ

653 2277 870 2320 ΒΙΒΛΙΟΝ
909 2273 1404 2318 ΤΡΙΣΚΑΙΔΕΚΑΤΟΝ.

451 2459 1000 2520 ΡΒᾸΕΡΑΒΑΤΙΟΝΙ

1024 2458 1046 2514 3
1101 2454 1579 2514 EVANGELICZE

602 2585 787 2630 LIBER
828 2579 1093 2627 DECIMUS
1119 2577 1407 2624 TERTIUS.

197 2766 291 2794 ΤΑΔΕ
317 2765 489 2792 ΠΕΡΙΕΧΕΙ
517 2763 906 2827 ΊέυἹὸιῗέΣΚΛῙΔΕΚΛΤΟΝ
930 2765 983 2791 BI—

553 2814 562 2827 ,
646 2819 652 2824 .

553 2814 652 2827 λιιυη.

194 2851 230 2875 α’.
261 2848 357 2881 Ὅπως
385 2849 401 2874 ό
431 2846 555 2874 Πλάτων
583 2846 638 2879 τῆς
671 2844 851 2880 Ἑλληνικῆς
881 2847 983 2872 θεολο-

232 2884 314 2954 ῐίῦἓυ
330 2882 485 2917 (imusne
511 2882 568 2916 τὴν
597 2881 733 2909 ἀτοπίαν.
769 2882 819 2908 Ἐκ
851 2881 903 2907 τοῦ
935 2881 983 2906 Τι-

1090 2768 1170 2804 637
1192 2764 1296 2794 LIBRI
1317 2762 1455 2792 DECIMI
1477 2761 1604 2790 TERTII
1624 2760 1770 2789 CAPITA.

1039 2848 1064 2876 1.
1086 2845 1311 2880 Quemadmodum
1320 2843 1409 2880 WPlalo
1435 2843 1534 2870 Gra’ta:
1558 2843 1693 2878 theologia:
1711 2843 1824 2878 ineptias

1074 2879 1233 2917 coargueril.
1254 2880 1294 2907 £11
1310 2879 1422 2907 Timavo.
