2078 3207
230 149 292 176 1061

790 149 948 177 ΡΙὶίΕΡΑῐζ.
972 149 1092 177 EVANG.
1113 149 1177 177 LIB.
1199 149 1265 176 XIII.

1779 152 1847 180 1062

225 217 312 243 γμασι
332 209 476 245 προσήκων
495 211 559 245 ἡμῖν
583 210 679 243 γένοιτ’
705 210 737 237 ἂν
758 210 885 246 Ἕλλησιν
901 209 974 237 οὖσιν

1062 211 1212 238 doctrinam
1240 219 1396 246 sequantur,
1426 219 1488 239 eum
1515 220 1594 240 secus
1619 213 1712 247 utique
1744 211 1843 238 factum

232 254 385 290 Ἐλληνικὸς
409 254 507 289 μᾶλλον
529 255 545 290 ἣ
562 255 576 282 ὁ
597 255 739 291 βάρϐαρος.
761 255 862 282 Ὀκνῶν
879 255 907 282 δὲ
923 256 1008 282 ἀπαν-

224 302 305 337 τῆσαι
321 301 388 336 πρὸς
403 300 490 333 τοῦτο,
505 301 575 327 αἰδοῖ
589 302 621 336 τῇ
644 301 711 336 πρὸς
723 301 769 327 τὸν
783 301 934 336 φιλόσοφον,
948 301 1008 328 τοῦ-

222 355 269 373 τον
286 346 335 382 μὲν
352 347 391 378 εἰς
413 346 525 382 ὕστερον
545 346 704 382 ἀνατίθεμαι
720 346 766 373 τὸν
779 346 871 381 λόγον·
887 346 920 372 τὰ
934 346 961 373 δέ
976 355 1007 380 γε

223 392 320 427 πρῶτά
335 401 379 427 μοι
394 392 522 427 λεχθέντα
537 392 631 426 πρῶτα
647 392 834 428 διασκεψομαι.
851 392 946 418 Λαϐὼν
960 390 1006 418 οὖν

222 437 368 471 ἀνάγνωθι,
385 437 479 464 ὁποίαν
494 439 611 472 ἐπήγετο
625 437 702 470 δόξαν
720 439 734 464 ὁ
750 437 860 464 Πλάτων
875 438 939 473 περὶ
951 437 1006 464 τῶν

228 483 391 518 Ἑλληνικῶν
413 483 545 517 θεολόγων
559 492 588 510 τε
604 484 649 510 καὶ
667 483 795 518 ποιητῶν,
808 484 881 516 ὅπως
901 493 930 511 τε
951 484 1003 510 πά-

223 536 272 560 σας
287 528 336 559 τὰς
350 528 479 563 πατρίους
494 529 558 563 περὶ
579 528 631 554 τῶν
652 528 719 554 Θεῶν
735 528 881 564 ὑπολήψεις
902 529 1003 564 ἠοέτει,

221 574 269 600 καὶ
283 574 331 609 τὴν
349 574 377 600 ἐν
393 574 483 605 αὐτοῖς
497 574 611 600 ἀτοπίαν
625 573 774 609 διήλεγχεν.

1062 260 1209 291 oporteret,
1230 258 1301 291 quod
1328 261 1426 292 prreter
1449 258 1605 293 dogmatum
1630 259 1845 292 similitudinem,

1062 303 1204 330 nobiseum
1222 303 1314 335 etiam,
1331 308 1424 338 utpote
1447 303 1558 336 Graacis,
1581 304 1675 332 Grteco
1694 305 1780 340 magis
1795 304 1845 331 ho-

1061 349 1127 375 mini
1151 357 1233 384 quam
1248 343 1366 377 barbaro
1382 351 1550 378 conveniret.
1579 351 1611 378 Et
1628 351 1758 386 quoniam
1782 359 1844 386 ego,

1060 401 1113 428 qua
1128 394 1320 430 philosophum
1336 395 1409 423 hunc
1419 396 1590 423 observantia
1607 404 1766 431 prosequor,
1781 397 1844 424 huic

1060 439 1149 467 adhuc
1169 440 1374 474 reprehensioni
1396 449 1540 470 occurrere
1559 451 1665 475 vereor,
1683 444 1734 470 hac
1747 444 1844 471 tantis-

1058 491 1105 518 per
1125 485 1248 512 oratione
1262 485 1357 519 dilata,
1371 495 1433 522 qua:
1446 489 1565 523 primum
1583 489 1631 516 abs
1648 496 1690 515 me
1704 490 1842 524 proposita

1057 535 1130 563 sunt,
1152 539 1183 558 ea
1212 532 1302 566 primo
1327 533 1388 561 loco
1413 534 1567 562 discutiam.
1586 535 1669 562 Sume
1685 543 1751 570 ergo
1775 536 1842 562 mihi

1057 576 1207 610 Platonem,
1221 587 1252 606 ac
1266 580 1382 614 perlege,
1397 580 1505 614 qualem
1521 581 1578 615 ipse
1593 581 1701 608 demum
1718 581 1841 608 habuerit

220 620 376 648 Graecorum
401 620 587 655 theologorum
619 627 650 647 ac
669 625 810 655 poetarum
831 621 998 656 opinionem,
1017 626 1043 650 et
1061 625 1289 659 quemadmodum
1319 628 1422 661 patrias
1448 635 1543 655 omnes
1559 628 1593 655 de
1611 629 1664 655 diis
1692 628 1842 656 sententias

224 667 359 701 rejeccril,
373 673 522 701 earumque
536 666 652 701 ineptias
670 667 831 702 coarguerit.

481 711 678 738 ΚΕΦΛΛΔΙΟΝ
694 711 733 738 A'.

237 769 347 803 "0.7:ch
362 769 378 794 ὁ
406 767 531 794 Πλάτων
560 768 615 802 τῆς
633 768 812 802 Ἑλληνικῆς
831 769 985 803 θεολογίας

287 802 438 837 ἀπήλεγχε
454 803 511 836 τὴν
525 803 659 830 ἀτοπίαν.
680 803 725 830 Ἐκ
739 804 792 830 τοῦ
805 802 930 838 Τιμαίουζ

255 859 264 874 ι
286 849 354 884 Περὶ
368 850 397 876 δὲ
418 849 472 875 τῶν
488 850 574 876 ἄλλων
587 850 641 885 (67)
661 850 794 885 δαιμόνων
808 851 894 876 εἰπεῖν
911 860 939 876 τε
954 851 1001 877 καὶ

215 895 317 929 γνῶναι
329 896 379 931 τὴν
397 895 503 929 γένεσιν
521 895 612 931 μεῖζον
626 896 642 930 ἢ
659 896 718 922 καθ’
734 897 816 931 ἡμᾶς,
840 896 1001 923 Πιστευτέον

214 941 243 968 δὲ
257 943 312 973 τοῖς
324 942 461 978 εἰρηκόσιν
481 941 644 977 ἔμπροσθεν,
660 943 781 977 ἐκγόνοις
800 943 847 978 μὲν
869 943 937 969 θεῶν
954 941 999 969 οὗ·

216 997 269 1020 σιν,
286 988 323 1020 ὡς
345 988 457 1023 ἔφασαν,
475 988 568 1023 σαφῶς
584 988 612 1015 δέ
635 998 687 1015 που
706 990 766 1020 τοὺς
783 989 884 1016 ἑαυτῶν
900 991 1000 1025 προγό-

214 1043 277 1066 νους
299 1035 405 1061 εἰδόσιν.
426 1035 566 1061 ’Δδύνατον
589 1033 635 1061 οὖν
659 1034 727 1061 Θεῶν
748 1036 842 1061 παισὶν
867 1036 1000 1067 ἀπιστεῖν,

214 1081 315 1117 καίπερ
330 1082 392 1109 ἄνευ
412 1081 524 1108 εἰκότων
539 1082 586 1108 καὶ
602 1081 757 1116 ἀναγκαίων
774 1082 937 1114 ἀποδείξεων
961 1082 1001 1108 λέ-

213 1135 306 1162 γουσιν
317 1136 323 1142 ·
341 1127 397 1154 ἀλλ’
414 1127 451 1159 ὡς
465 1128 552 1154 οἰκεῖα
567 1128 714 1162 φάσκουσιν
734 1128 923 1162 ἀπαγγέλλειν,
937 1129 1000 1155 ἑπο-

215 1173 312 1207 μένους
330 1172 369 1207 τῷ
391 1172 465 1208 νόμῳ
486 1173 652 1199 πιστευτέον.
674 1172 766 1204 Οὕτως
788 1171 834 1200 οὖν
855 1174 914 1200 κατ’
931 1174 999 1200 ἐκεί-

213 1227 274 1250 νους
291 1219 355 1253 ἡμῖν
375 1219 390 1253 ἠ
414 1218 520 1252 γένεσις
541 1218 604 1253 περὶ
622 1218 724 1244 τούτων
747 1218 800 1245 τῶν
818 1218 887 1245 θεῶν
902 1220 998 1254 ἐχέτω,

213 1264 260 1289 καὶ
279 1263 407 1298 λεγέσθω.
427 1264 479 1299 Γῆς
499 1272 529 1289 τε
551 1264 597 1290 καὶ
623 1264 744 1299 Οὐρανοῦ
761 1265 854 1296 παῖδες
875 1265 999 1297 Ὠκεανός

210 1318 241 1336 τε
257 1311 303 1336 καὶ
318 1310 407 1345 Τηθὺς
420 1310 578 1345 ἐγενέσθην·
597 1310 699 1337 τούτων
716 1311 746 1337 δὲ
768 1311 882 1347 Φόρκυς,
896 1312 999 1347 Κρόνος

210 1364 251 1386 τε,
267 1357 312 1382 καὶ
331 1356 401 1387 Ῥέα,
423 1355 471 1382 καὶ
484 1356 541 1382 ὅσοι
565 1356 633 1391 μετά
654 1356 771 1382 τούτων·
791 1357 824 1384 ἐκ
844 1357 873 1383 δὲ
893 1358 997 1393 Κρόνου

211 1403 258 1428 καὶ
279 1402 368 1433 Ῥέας,
382 1403 458 1434 Ζεὺς,
476 1403 548 1438 ’Ἡρα
571 1411 611 1434 τε,
636 1403 683 1430 καὶ
709 1403 807 1435 πάντες
831 1404 908 1434 ὅσους
921 1404 997 1439 ἴσμεν

210 1447 339 1481 ἀδελφοὺς
363 1447 524 1482 λεγομένους
536 1447 635 1479 αὐτῶν,
653 1447 692 1474 ἐτι
712 1456 741 1474 τε
755 1449 819 1479 τοὺς
838 1447 938 1474 τούτων
952 1449 998 1475 ἆ).-

210 1494 272 1526 λους
296 1494 432 1528 ἐγγόνους.
461 1504 470 1520 ›
497 1494 546 1520 Διά
571 1494 672 1521 τούτων
689 1495 825 1521 πιστεύειν
853 1497 908 1527 τοῖς
934 1497 997 1532 περὶ

209 1539 278 1566 θεῶν
294 1539 397 1574 μύθοις,
413 1540 459 1566 καὶ
471 1540 562 1571 αὐτοῖς
573 1540 600 1566 δὲ
613 1541 669 1571 τοῖς
685 1540 739 1566 τῶν
755 1540 846 1575 μύθων
862 1542 995 1576 ποιηταῖς,
1011 1551 1031 1579 C

208 1585 246 1617 ὡς
261 1585 292 1621 δὴ
311 1585 378 1611 θεῶν
395 1586 515 1620 ἐγγόνοις
532 1584 591 1612 οὖσι
606 1586 889 1622 παρακελευσάμενος,
902 1586 996 1622 πρῶτα

213 1633 263 1668 μὲν
275 1632 318 1658 διὰ
331 1632 377 1658 τοῦ
390 1632 472 1666 φάναι
484 1632 612 1666 ἐγγόνους
623 1630 692 1658 εἷναι
703 1632 757 1658 τῶν
770 1632 837 1658 θεῶν
850 1633 912 1663 τοὺς
923 1641 996 1668 ποιη-

211 1679 262 1711 τὰς
279 1678 420 1714 χλευάζειν
442 1679 487 1714 μοὶ
510 1679 593 1711 δοκεῖ,
615 1678 652 1710 ὡς
672 1678 785 1705 καὶτῶν
802 1678 871 1705 θεῶν
892 1678 996 1714 ἀνθρώ-

208 1735 267 1753 πων
287 1726 448 1760 γεγονότων,
472 1725 518 1752 καὶ
543 1727 598 1757 τοῖς
620 1725 740 1759 ἐγγόνοις
758 1724 857 1759 ὁμοίων
874 1724 924 1760 τὴν
946 1724 995 1758 φύ-

207 1780 265 1799 σιν·
287 1772 423 1799 διαϐάλλει
439 1772 461 1798 δ’
475 1771 537 1806 ἑξῆς
552 1772 680 1806 ἄντικρυς
707 1771 770 1802 τοὺς
791 1771 929 1805 ϐεολόγους
948 1769 994 1801 οὓς

206 1818 334 1853 ἐγγόνους
346 1819 445 1853 ἔφησεν
462 1817 529 1844 εἶναι
544 1817 622 1849 θεῶν,
637 1817 670 1843 δι’
692 1825 730 1843 ων
744 1816 840 1850 ἐπάγει
860 1815 972 1850 φάσκων
984 1824 991 1831 ·

207 1876 218 1892 ε
235 1868 343 1903 Καῑπερ
365 1866 428 1893 ἄνευ
450 1866 562 1892 εἰκότων
587 1865 634 1892 καὶ
659 1863 814 1898 ἀναγκαίων
830 1862 992 1894 ἀποδείξεων

204 1912 329 1946 λέγουσι·
351 1922 360 1937 ι
379 1911 412 1937 δι’
436 1908 473 1937 ὧν
499 1919 527 1937 τε
552 1909 712 1945 προστίθησι
729 1909 770 1940 τὸ,
799 1908 838 1940 ὠς
863 1908 990 1939 ἔφασαν.

203 1957 316 1989 Παίζειν
329 1957 350 1983 δ’
365 1957 436 1984 ἔοικε
450 1956 551 1990 λέγων·
573 1966 581 1981 ι
603 1954 699 1989 Σαφῶς
721 1954 752 1988 γέ
778 1962 828 1980 που
848 1953 910 1984 τοὺς
931 1954 993 1979 ἑαυ-

202 2004 258 2030 τῶν
275 2003 421 2038 προγόνους
443 2002 540 2029 εἰδόσι·
559 2011 567 2027 ι
591 2001 638 2028 καὶ
661 2000 700 2031 τὸ,
729 2009 738 2024 ‹
761 1999 902 2025 Ἀδύνατον
924 1999 991 2025 Θεῶν

203 2049 298 2076 παισὶν
319 2050 453 2075 ἀπιστεῖν.
473 2058 481 2072 ι
509 2048 563 2073 Καὶ
580 2047 609 2072 τὸ
633 2045 709 2081 παρὰ
730 2044 842 2080 γνώμην
858 2044 886 2070 δὲ
906 2044 991 2071 ταῦτα

201 2095 292 2129 λέγειν
309 2094 363 2120 τῶν
380 2095 469 2128 νόμων
488 2093 569 2119 ἕνεκα
585 2092 733 2128 διαρρήδην
751 2091 912 2126 παρίστησιν
927 2091 991 2126 ὁμο-

201 2141 328 2176 λογήσας,
340 2141 380 2166 ὃτι
396 2140 449 2166 δέοι
467 2139 616 2174 ἑπομένους
636 2137 675 2172 τῷ
691 2137 765 2172 νόμῳ
780 2136 917 2162 πιστεύειν
939 2136 988 2161 αὺ-

200 2188 267 2218 τοῖς.
283 2186 343 2212 Ὅτι
359 2186 386 2212 δὲ
403 2185 477 2212 ταῦτ’
491 2185 571 2217 ὲνόει,
586 2184 737 2211 ἐπάκουσον
751 2182 824 2213 ὅπως
838 2183 926 2217 γυμνῇ
942 2182 989 2208 καὶ

1370 717 1484 745 CAPUT
1504 718 1523 745 I.

1095 760 1321 793 thnadmodum
1335 763 1411 790 ΡΙηιυ
1428 764 1526 800 (ἐι-ρεαδ
1542 765 1677 800 theologiw
1689 765 1800 800 ineptia:

1271 799 1428 832 coargueril.
1448 799 1489 826 Ea:
1505 799 1617 826 Timaeo.

1090 862 1099 877 ‹
1119 853 1241 880 Aliorum
1258 860 1347 882 autem
1359 855 1524 889 daemonum,
1540 856 1627 891 inquit
1642 857 1697 889 ille,
1712 865 1838 892 procrea-

1053 898 1152 926 tionem
1182 901 1224 926 vel
1249 901 1393 935 explicare,
1415 902 1456 928 vel
1485 909 1575 934 nosse,
1603 910 1647 930 res
1674 907 1715 930 est
1745 908 1836 930 nostra

1052 942 1181 982 facultate
1199 945 1295 979 major.
1315 945 1405 978 Quare
1420 946 1473 973 hoc
1490 947 1516 973 in
1534 955 1642 981 genere,
1663 947 1760 982 priscis
1784 948 1838 975 illis

1050 981 1164 1017 testibus
1179 991 1333 1018 adhibenda
1358 991 1444 1023 ﬁdes,”
1459 992 1505 1026 qui
1530 997 1557 1018 ut
1574 981 1669 1024 deum,
1689 992 1761 1027 quod
1786 992 1836 1027 ipsi

1050 1035 1136 1068 aiunt,
1168 1041 1280 1070 nepotes
1306 1040 1394 1069 erant,
1421 1036 1457 1063 ita
1483 1037 1601 1071 majores
1630 1045 1694 1064 suos
1718 1037 1838 1065 maxime

1049 1085 1129 1107 notos
1148 1080 1309 1108 habuerunt.
1326 1080 1380 1108 Nec
1396 1082 1452 1109 ﬁeri
1474 1082 1584 1109 omnino
1602 1087 1701 1117 potest,
1725 1087 1754 1110 ut
1770 1083 1838 1110 [idos

1049 1134 1143 1154 eorum
1159 1127 1220 1155 (iliis
1236 1128 1396 1155 detrahatur
1409 1148 1416 1160 ,
1434 1128 1541 1155 etiamsi
1559 1128 1639 1156 nullis
1666 1129 1836 1156 demonstra-

1050 1173 1169 1201 tionibus
1196 1174 1368 1206 necessariis,
1393 1182 1424 1201 ac
1453 1182 1486 1201 ne
1514 1174 1700 1209 probabilibus
1724 1175 1836 1210 quidem

1050 1219 1217 1253 argumentis
1234 1219 1353 1254 ipsorum
1370 1220 1523 1247 testimonia
1541 1221 1753 1255 comprobentur
1766 1229 1774 1248 :
1788 1221 1835 1248 sed

1049 1272 1160 1291 necesse
1187 1265 1265 1299 plane
1287 1270 1340 1297 est,
1368 1271 1397 1292 ut
1419 1267 1462 1298 iis,
1482 1267 1619 1300 quomodo
1645 1267 1685 1294 lex
1704 1267 1835 1301 imperat.

1049 1315 1178 1345 tanquam
1195 1319 1305 1338 suarum
1331 1311 1357 1338 in
1384 1319 1474 1338 rerum
1498 1313 1759 1339 commemoratione
1775 1320 1836 1340 cre-

1048 1356 1153 1382 damus.
1185 1356 1261 1383 lllam
1287 1364 1351 1391 ergo
1378 1357 1490 1383 deorum
1517 1357 1731 1391 procreationem
1762 1357 1834 1392 quod

1048 1400 1155 1432 attinet,
1178 1402 1215 1428 uti
1230 1406 1314 1436 poetae
1340 1402 1472 1434 scribunt,
1491 1402 1526 1429 ita
1551 1410 1600 1429 nos
1616 1410 1725 1437 quoque
1751 1402 1785 1430 de'
1803 1411 1834 1431 ea

1048 1450 1200 1474 statuamus
1225 1454 1258 1474 ac
1275 1447 1428 1482 loquamur.
1446 1447 1527 1483 640
1546 1447 1637 1475 Terrae
1654 1447 1777 1483 Coelique
1800 1449 1834 1475 li-

1047 1491 1115 1524 beri,
1139 1491 1262 1519 Oceanus
1276 1498 1303 1519 et
1324 1492 1444 1528 Tethys:
1464 1493 1560 1519 horum
1585 1492 1720 1528 Phorcyn,
1739 1493 1834 1520 Satur-

1048 1544 1100 1563 nus
1121 1541 1148 1563 et
1166 1535 1231 1572 Ops,
1247 1538 1392 1572 caaterique
1416 1537 1524 1565 fratres.
1540 1537 1578 1564 Ex
1594 1537 1713 1566 Saturno
1728 1544 1755 1566 et
1765 1539 1831 1573 Ope,

1049 1581 1165 1617 Jupiter,
1184 1580 1265 1616 Juno,
1291 1591 1324 1610 ac
1350 1584 1457 1619 reliqui,
1483 1591 1552 1619 quos
1570 1585 1711 1619 utriusque
1734 1583 1832 1611 fratres

1048 1629 1176 1664 appellari
1192 1630 1303 1661 Scimus,
1322 1630 1466 1664 procreati.
1484 1630 1572 1665 Atque
1594 1631 1630 1657 ita
1648 1630 1775 1665 deinceps
1797 1631 1832 1658 de

1049 1679 1103 1702 tota
1120 1679 1245 1710 nepotum
1265 1676 1345 1702 serie.
1374 1685 1383 1701 ι
1403 1675 1451 1702 llis
1469 1675 1556 1708 Plato,
1584 1676 1647 1702 dum
1670 1680 1697 1703 et
1716 1675 1829 1703 deorum

1047 1719 1156 1753 fabulis,
1175 1726 1202 1747 et
1215 1728 1307 1747 earum
1328 1721 1485 1748 auctoribus
1508 1720 1604 1755 poetis,
1636 1719 1676 1747 sic
1701 1725 1829 1755 tanquam

1046 1767 1158 1794 deorum
1174 1767 1317 1802 nepotibus
1335 1767 1412 1794 Iidem
1429 1766 1556 1794 adhibere
1567 1766 1653 1801 jubet,
1670 1766 1786 1801 primum
1805 1766 1829 1794 is

1046 1811 1124 1845 mihi,
1142 1811 1206 1838 dum
1225 1816 1320 1847 poetas
1342 1811 1454 1838 deorum
1469 1815 1581 1845 nepotes
1598 1811 1724 1845 appellat,
1741 1810 1829 1837 ridere

1045 1864 1077 1884 ac
1100 1856 1187 1891 jocari
1209 1856 1327 1889 videtur,
1354 1856 1431 1891 quasi
1455 1855 1520 1882 deos
1548 1855 1622 1889 ipsos
1644 1858 1671 1881 et
1703 1854 1828 1881 homines

1046 1901 1140 1936 fuisse,
1152 1906 1179 1929 et
1195 1902 1311 1929 similem
1329 1900 1472 1935 nepotibus
1488 1899 1545 1926 suis
1560 1903 1685 1925 naturam
1700 1898 1828 1925 habuisse

1043 1947 1118 1975 velit.
1139 1946 1239 1974 Deinde
1253 1954 1326 1978 vero,
1347 1953 1416 1980 quos
1432 1944 1544 1971 deorum
1569 1947 1680 1978 nepotes
1694 1947 1804 1970 vocarat
1817 1961 1825 1974 ,

1044 1993 1152 2020 eosdem
1183 1993 1240 2027 ipse
1269 1992 1410 2026 theologos
1443 1989 1586 2017 manifeste
1614 1988 1752 2020 traducit,
1783 1988 1826 2015 his

1044 2039 1143 2071 verbis,
1159 2037 1287 2065 (Etiamsi
1313 2038 1395 2065 nullis
1409 2035 1686 2065 demonstrationibus
1701 2041 1825 2062 necessi-

1044 2085 1101 2116 riis,
1118 2093 1149 2112 ac
1163 2092 1195 2111 ne
1213 2084 1401 2119 probabilibus
1424 2084 1532 2118 quidem
1548 2082 1715 2117 argumentis
1728 2089 1823 2109 eorum

1043 2131 1198 2158 testimonia
1212 2130 1441 2165 comprobentur;
1463 2139 1472 2156 ι
1499 2129 1617 2163 itemque
1640 2129 1704 2155 dum
1728 2127 1822 2158 addit,

1045 2184 1054 2201 ι
1072 2175 1149 2209 Quod
1169 2176 1220 2211 ipsi
1235 2176 1321 2203 aiunt.
1343 2185 1352 2201 ι
1371 2175 1441 2208 Quin
1459 2179 1485 2201 et
1505 2174 1597 2201 ludere
1612 2173 1691 2208 plane
1706 2173 1822 2204 videtur,

199 2232 419 2267 ἀκατακαλύπτῳ
445 2232 519 2266 φωνῇ
544 2231 606 2261 τοὺς
633 2229 664 2264 δὴ
692 2227 835 2261 θεολόγους
865 2227 988 2258 ἃπαντας

1047 2221 1104 2249 Ium
1120 2223 1168 2255 ait,
1189 2232 1198 2248 ‹
1216 2222 1319 2257 Quippe
1338 2222 1384 2256 qui
1399 2221 1517 2256 majores
1532 2228 1597 2248 suos
1613 2219 1730 2246 maxime
1743 2222 1823 2245 notos

199 2278 345 2310 διαϐάλλει,
368 2278 474 2304 κόπτων
495 2278 524 2303 ἐν
547 2274 710 2310 Ἐπινομίδι
733 2273 836 2304 τούτοις
855 2274 911 2304 τοῖς
935 2273 984 2308 ῥή-

1047 2269 1170 2296 habuere.
1192 2279 1201 2295 ι
1219 2268 1347 2303 Itemque,
1367 2277 1379 2298 ι
1395 2267 1465 2294 Fieri
1490 2267 1565 2293 nullo
1591 2267 1671 2293 modo
1685 2271 1777 2300 posse,
1793 2268 1823 2290 ut

201 2331 294 2356 μασιν.
1040 2316 1106 2343 lides
1121 2315 1234 2342 deorum
1250 2315 1312 2342 ﬁliis
1325 2315 1493 2342 detrahatur.
1516 2324 1525 2340 ι
1544 2313 1677 2341 Caeterum
1697 2319 1779 2346 quam
1794 2310 1823 2337 id

199 2368 289 2401 legum
304 2375 398 2397 causa,
411 2371 507 2401 praeter
519 2369 637 2392 mentem
656 2364 712 2399 ipse
744 2363 854 2394 dixerit.
887 2362 1028 2397 perspicue
1048 2363 1114 2389 satis
1126 2362 1254 2394 declarat,
1273 2361 1337 2389 dum
1359 2369 1406 2388 eos
1421 2361 1465 2395 qui
1484 2361 1568 2395 legem
1586 2359 1665 2386 modo
1687 2357 1762 2392 sequi
1775 2364 1822 2383 vo-

198 2412 321 2443 luerint,
350 2412 428 2439 ﬁdem
456 2412 521 2446 ipsis
551 2411 680 2438 adhibere
716 2415 842 2444 oportere
873 2407 981 2436 fatetur.
1002 2408 1090 2442 Atque
1108 2408 1178 2435 hanc
1195 2408 1267 2434 illius
1286 2414 1349 2434 vere
1380 2407 1542 2434 sententiam
1575 2405 1680 2438 fuisse;
1703 2409 1732 2432 ut
1755 2403 1822 2431 faci-

199 2458 252 2484 lius
284 2458 428 2492 intelligas,
449 2457 552 2484 audisis
567 2455 797 2491 quemadmodum
825 2454 896 2481 nuda
925 2453 1052 2487 claraque
1086 2461 1152 2481 voce
1182 2459 1267 2480 totum
1287 2453 1339 2480 hoc
1366 2453 1549 2487 theologorum
1575 2459 1660 2487 genus
1679 2451 1821 2486 reprehen-

198 2503 254 2530 dat.
274 2503 319 2531 Sic
336 2504 408 2531 enim
425 2503 484 2530 illos
495 2502 521 2529 in
541 2501 695 2536 Epinomide
711 2501 837 2528 vellicat-

1033 2628 1097 2659 τοὺς
1112 2628 1160 2662 μὲν
1173 2627 1269 2658 παῖδας
1280 2626 1347 2653 Θεοῦ
1361 2625 1602 2662 ἀνηγορευμένους,
1618 2625 1663 2654 τὸν
1677 2625 1706 2662 δὲ
1717 2625 1821 2662 Κύριον

235 2634 290 2670 (67)
304 2633 418 2671 Περι-δὲ
433 2633 492 2660 τῶν
506 2633 574 2659 ἄλλ.
596 2631 761 2671 ldemmlocus
783 2628 975 2671 citaturmiphfra‘,

1112 2628 1160 2671 ιξὲν
1173 2628 1269 2669 παῖδας
1280 2628 1347 2653 Θεοῦ
1361 2628 1602 2671 ἀνηγορευιεένους,
1618 2628 1663 2671 τον
1677 2628 1698 2667 δέ

1034 2664 1098 2702 Υζὸν
1113 2661 1184 2689 νδντα
1199 2663 1345 2702 γνήσιον.-
1356 2661 1465 2702 ἀληθεῖς
1489 2661 1558 2702 εἶναι
1585 2661 1647 2702 περι.
1666 2661 1718 2702 τῷν
1739 2661 1822 2702 Ostth

199 2663 260 2704 pag.
282 2663 350 2697 i592:
367 2669 483 2695 llahetur
502 2667 641 2704 autem_in
664 2665 778 2697 Ttma'o,
791 2663 979 2704 pag:u:“)50._F.

198 2699 323 2731 ΕΙΕιιιι-ιιε
349 2704 524 2731 Alexandria.
549 2711 564 2728 γ
589 2701 732 2739 Stromat,
755 2707 815 2739 pag:
838 2699 979 2739 429_edit.

198 2739 366 2766 Graeco-Lat.
389 2740 512 2774 eumdem
538 2737 645 2774 laudat,
661 2744 693 2763 ex
713 2734 765 2769 quo
779 2734 979 2774 _id_eonclud_i_t,

199 2775 285 2801 multo
300 2775 390 2801 verius
406 2773 515 2800 Christo
538 2773 691 2805 sanctisque
710 2769 862 2805 prophetis,
878 2777 921 2796 nes
938 2769 980 2795 di-

199 2811 276 2836 vinas
294 2809 472 2843 pandentibus
494 2807 570 2834 [idem
589 2804 690 2832 ludicri.
709 2805 764 2832 υὺκ
783 2804 977 2843 οξμαιιίιιιιιιίιι,

199 2839 366 2878 σαφέστερον
386 2843 438 2869 ὑπὸ
464 2843 595 2877 Ἑλλήνων
618 2840 918 2878 προσμαρτυρήσεσοαι,
935 2839 980 2864 τὸν

198 2874 414 2914 Σωτῆρα’ἡμῶν,
426 2874 542 2909 καὶτοὺς
553 2874 764 2912 εἰςπροφητεῖαν
778 2874 980 2910 κεχρισμένους,

1035 2699 1185 2734 μάρτυρας,
1197 2693 1237 2734 6ὶρ
1249 2693 1295 2723 καὶ
1306 2696 1360 2724 δεῖν
1373 2693 1508 2734 πιστεύειν
1520 2693 1737 2734 αὐτοῖςεξρνθέοις
1748 2693 1819 2734 οὖσι,

1034 2730 1200 2769 προσέθηκε.
1218 2731 1351 2769 Eusebius
1374 2735 1482 2769 contra,
1502 2731 1558 2758 hinc
1580 2738 1594 2757 a
1612 2730 1722 2769 Platone
1738 2732 1819 2766 εἰρω-

1033 2766 1115 2799 νίκῶς
1128 2766 1154 2795 et
1170 2766 1352 2802 χλευαστικῶς
1365 2766 1658 2802 dictainterpretatur,
1675 2766 1737 2793 licet
1754 2773 1814 2792 eum

1034 2803 1113 2834 infra,
1134 2800 1193 2837 pai.
1206 2802 1268 2833 692,
1282 2801 1354 2828 serio
1367 2800 1553 2837 reprehendat,
1569 2801 1645 2837 quod
1658 2801 1742 2835 poetis
1757 2805 1815 2827 tan-

1034 2843 1090 2865 tum
1117 2835 1142 2864 in
1162 2837 1259 2864 Timeo
1274 2836 1414 2868 tribuerit,
1432 2836 1531 2870 quibus
1554 2836 1615 2862 alibi
1633 2835 1711 2863 iilem
1734 2842 1816 2870 prope

1035 2881 1142 2901 omnem
1158 2872 1319 2899 detraheret.
