2078 3207
181 148 252 180 ισθι»

754 150 913 179 ΡΝΕΡΑΒ.
932 150 1060 179 EVANG.
1081 150 1144 178 LIB.
1161 150 1230 178 XIII.

1738 151 1807 179 £066

179 209 301 246 ἡμετέρᾳ
314 210 399 237 πόλει.
416 210 481 237 οὐδὲ
503 209 610 237 λεκτέον
633 216 685 245 νεῳ
707 208 842 242 ἀκούοντι,
859 210 896 241 ὼς
912 210 966 236 ἁδι-

1019 211 1117 242 solent,
1132 207 1368 239 communicanda,
1381 212 1407 233 et
1422 206 1531 241 quidem
1549 206 1722 235 auditoribus
1733 208 1807 243 ejus-

179 256 236 284 κῶν
254 256 288 283 τὰ
310 254 428 291 ἔσχατα,
443 255 519 282 οὐδὲν
540 255 573 282 ἂν
592 255 746 291 θαυμαστὸν
766 257 846 287 ποιοῖ,
866 255 920 282 οὐδ’
936 254 969 283 αὖ

180 302 322 328 ἀδικοῦντα
337 303 442 336 πατέρα
461 301 580 339 κολάζων
602 303 683 328 παντὶ
700 302 802 337 τρόπῳ,
817 301 883 328 ἀλλὰ
897 301 969 336 δρῴη

179 349 213 375 ἃν
229 349 296 384 ὅπερ
315 348 383 374 Θεῶν
398 350 421 375 οἱ
437 349 538 384 πρῶτοί
553 358 582 375 τε
596 350 641 375 καί
664 349 795 384 μέγιστοι.
810 350 847 375 Οὐ
867 349 904 383 μὰ
925 349 970 374 τὸν

179 394 240 426 Δία,
253 393 271 429 ἦ
291 395 312 421 δ’
333 395 372 426 ὃς,
392 396 450 422 οὐδὲ
482 395 555 430 αὐτῷ
581 404 625 431 μοι
650 395 723 421 δοκεῖ
747 395 885 430 ἐπιτήδεια
901 392 969 420 εἶναι

180 441 280 475 λέγειν.
295 457 329 461 -
341 441 407 467 Οὑδέ
421 450 463 475 γε,
486 440 520 477 ἦν
537 441 558 467 δ’
579 441 644 475 ἐγὼ,
660 441 689 466 τὸ
703 441 841 475 παράπαν,
861 440 897 471 ὡς
916 440 970 466 θεοὶ

179 487 251 518 Θεοῖς
273 487 418 522 πολεμοῦσί
439 496 479 519 τε,
495 487 542 513 καὶ
567 486 779 517 ἐπιϐουλεύουσι,
802 486 848 512 καὶ
872 486 970 520 μάχον-

178 542 224 560 ται
235 532 317 559 ’,οὔτε
335 533 387 568 γὰρ
400 533 486 568 ἀληθῆ
497 542 503 548 ⁸
519 533 545 559 εἴ
560 541 591 567 γε
608 533 647 559 δεῖ
662 533 726 568 ἡμῖν
746 533 808 563 τοὺς
825 532 969 566 μέλλοντας

178 578 229 613 τὴν
244 578 319 605 πόλιν
336 578 492 612 φυλάσσειν,
516 579 653 613 αἴσχιστον
680 577 798 612 νομίζειν
818 577 848 604 τὸ
871 578 969 613 ῥᾳδίως

179 625 302 660 ἀλλήλοις
327 624 540 659 ἀπεχθάνεσθαι·
566 623 661 650 πολλοῦ
689 624 729 650 δεῖ
753 624 969 658 Γιγαντομαχίας

178 679 210 697 τε
225 671 418 706 μυθολογητέον
441 671 540 702 αὐτοῖς,
562 671 608 696 καὶ
632 670 795 703 ποικιγτέον,
821 669 867 695 καὶ
887 669 969 700 ἄλλας

179 718 279 754 ἔχθρας
294 718 394 749 πολλὰς
417 718 463 744 καὶ
482 717 662 749 παντοδαπὰς,
681 716 748 743 θεῶν
762 725 790 742 τε
806 717 852 742 καὶ
872 715 968 751 ἡρώων

177 764 248 799 πρὸς
263 765 401 798 συγγενεῖς
420 772 448 789 τε
465 764 510 789 καὶ
526 763 641 794 οἰκείους
655 762 755 789 αὐτῶν.
778 761 846 788 Ἀλλ’
868 761 894 787 εἴ
911 770 968 792 πως

180 810 321 845 μέλλοιμεν
340 809 452 841 πείσειν,
468 809 504 841 ὡς
521 809 607 840 οὐδεὶς
627 808 734 835 πώποτε
752 808 862 841 πολίτης
876 807 968 842 ἔτερος

178 855 264 891 ἑτέρῳ
279 855 424 890 ἀπήχθετο,
441 856 492 881 οὐδ’
508 855 563 881 ἔστι
583 855 661 881 τοῦτο
677 856 759 885 ὅσιον,
772 854 882 881 τοιαῦτα
900 852 966 888 μᾶλν

176 902 223 928 λον
240 901 335 927 λεκτέα
352 901 419 936 πρὸς
438 901 470 927 τὰ
492 901 586 928 παιδία
607 901 696 932 εὐθὺς,
719 901 766 927 καὶ
790 900 898 935 γέρουσι
921 897 968 925 καὶ
986 889 1004 916 Β

176 948 296 982 γραυσὶ,
322 947 366 973 καὶ
394 947 585 982 πρεσϐυτέροις
612 947 801 982 γιγνομένοις,
830 945 876 972 καὶ
904 945 967 976 τοὺς

177 993 292 1028 ποιητὰς
303 994 385 1027 ἐγγὺς
395 993 495 1019 τούτων
510 992 694 1026 ἀναγκαστέον
709 991 867 1025 λογοποιεῖν.
880 990 968 1025 Ἤρας

175 1039 204 1065 δὲ
218 1039 332 1074 δεσμοὺς
347 1039 398 1065 ὑπὸ
413 1039 494 1070 υἱέος,
512 1039 558 1065 καὶ
576 1038 723 1072 Ἡφαίστου
738 1037 824 1073 ῥίψεις
842 1036 894 1062 ὑπὸ
913 1044 966 1062 πα-

176 1085 250 1120 τρὸς,
275 1084 415 1120 μέλλοντος
437 1085 468 1119 τῇ
498 1084 580 1120 μητρὶ
604 1083 717 1118 ἀμύνειν
746 1082 908 1117 τυπτομένῃ,
921 1084 967 1110 καὶ

176 1130 323 1166 θεομαχίας
334 1131 397 1161 ὅτας
416 1130 538 1166 Ὅμηρος
556 1130 713 1165 πεποίηκεν,
735 1129 763 1155 οὺ
785 1128 967 1164 παραδεκτέον

176 1177 217 1207 είς
242 1176 290 1212 τὴν
317 1177 403 1207 πόλιν,
435 1175 489 1202 οὔτ’
516 1175 654 1207 ὑπονοίαις
685 1174 882 1209 πεποιημένας,
905 1174 966 1201 οὔτε

175 1223 239 1249 ἄνευ
254 1223 393 1249 ὑπονοιῶν.
416 1222 444 1249 Ὀ
458 1222 511 1257 γὰρ
524 1222 582 1253 νέος
596 1222 644 1256 οὐχ
660 1218 714 1252 οἷός
735 1230 764 1247 τε
785 1220 897 1256 κρίνειν,
912 1221 926 1246 ὅ
942 1229 967 1246 τι

175 1269 299 1300 ὑπόνοια,
314 1270 360 1295 καλ¹
375 1269 389 1295 ὃ
402 1278 427 1295 τι
443 1270 494 1303 μήθ
512 1268 568 1295 ἀλλ’
583 1267 600 1294 ἃ
613 1268 645 1294 ἂν
661 1267 818 1303 τηλικοῦτος
839 1265 876 1292 ῶν
897 1266 967 1304 λάϐῃ

175 1316 205 1341 ἐν
221 1316 281 1346 ταῖς
296 1313 396 1346 δόξαις,
411 1314 575 1340 δυσέκνιπτά
595 1322 623 1340 τε
641 1314 687 1340 καὶ
707 1314 882 1347 ἀμετάστατα
898 1313 969 1347 φιλεῖ

174 1361 326 1395 γίγνεσθαι.
336 1357 386 1386 ’Ὧν
399 1360 430 1395 δὴ
449 1360 513 1391 ἴσως
530 1360 609 1386 ἕνεκα
629 1359 692 1395 περὶ
717 1358 816 1389 παντὸς
829 1359 966 1394 ποιητέον,

173 1407 193 1433 ὃ.
214 1407 309 1442 πρῶτα
329 1407 482 1438 ἁκούουσιν,
504 1407 544 1433 ὅτι
572 1405 701 1432 κάλλιστα
724 1406 968 1442 μεμυθολογημένα

175 1452 244 1487 πρὸς
257 1452 357 1488 ἀρετὴν
368 1452 484 1479 ἀκούειν.
493 1451 677 1487 -Ἔχειγὰρ,
690 1451 752 1486 ἔφη,
763 1452 848 1486 λόγον.
867 1452 934 1478 Ἀλλ’
944 1443 971 1478 εἴ

174 1506 216 1529 τις
229 1495 261 1525 αὖ
275 1498 321 1524 καὶ
335 1497 421 1524 ταῦτα
433 1497 544 1533 ἐρωτῴη
563 1499 645 1532 ἡμᾶς.
663 1497 731 1524 ἄττα
742 1498 809 1529 ἐστὶ,
831 1498 877 1524 καὶ
898 1498 968 1529 τίνες

172 1545 199 1569 οἱ
210 1543 299 1579 μῦθοι,
313 1544 388 1575 τίνας
403 1544 435 1570 ἂν
444 1545 543 1578 φαῖμεν
554 1543 664 1576 ς-Καὶ
673 1543 727 1577 ἐγὼ
737 1540 822 1569 εἶπον
836 1541 869 1569 Ὤ
884 1543 967 1569 Ἀδεί-

175 1597 272 1624 μαντε,
290 1589 339 1616 οὒκ
357 1591 439 1624 ἐσμεν
451 1589 560 1624 ποιηταὶ
579 1588 634 1623 ἐγώ
654 1597 682 1615 τε
700 1590 746 1616 καὶ
768 1590 799 1615 σὺ
818 1590 846 1615 ὲν
860 1589 899 1624 τῷ
914 1599 967 1616 τα-

175 1636 265 1671 μόντι,
280 1635 335 1662 ἀλλ’
349 1636 466 1662 οἰκισταὶ
483 1635 595 1667 πόλεως.
621 1636 760 1667 Οίκισταῖς
781 1635 808 1662 δὲ
830 1636 892 1668 τοὺς
917 1636 966 1672 μὲν

173 1680 274 1712 τόπους
287 1682 418 1716 προσήκει
435 1681 544 1712 εἰδέναι,
561 1681 590 1706 ἐν
608 1679 649 1712 οἷς
668 1681 707 1707 δεῖ
733 1681 890 1716 μυθολογεῖν
905 1683 967 1713 τοὺς

175 1727 299 1761 ποιητὰς,
316 1727 380 1762 παρ’
397 1727 442 1758 οὓς
454 1727 500 1753 ἐὰν
517 1727 637 1759 ποιῶσιν,
658 1728 707 1753 οὐκ
728 1728 919 1762 ἐπιτρεπτέον·
934 1729 964 1754 οὐ

177 1771 231 1806 μὴν
239 1773 330 1804 αὐτοῖς
339 1781 370 1806 γε
382 1773 505 1808 ποιητέον
523 1773 632 1808 μύθους.
642 1788 677 1794 -
698 1773 810 1808 Ὀρθῶς,
822 1773 872 1808 ἔφη
884 1782 890 1787 ·
908 1773 965 1799 ἀλλ’

173 1818 242 1844 αὐτὸ
256 1818 288 1853 δὴ
299 1818 386 1851 τοῦτο,
401 1819 425 1844 οἱ
437 1818 515 1844 τύποι
528 1818 591 1854 περὶ
608 1817 744 1852 θεολογίας
761 1818 832 1849 τίνες
846 1818 879 1844 ἂν
893 1816 963 1845 εἷενέ

174 1864 279 1891 Τοιοίδε
308 1864 359 1890 πού
383 1873 464 1896 τινες,
489 1862 521 1900 ἦν
537 1864 559 1890 δ’
575 1864 639 1897 ἐγὼ,
666 1861 720 1895 οἶος
743 1864 869 1898 τυγχάνει
892 1864 929 1890 ὢν
951 1866 965 1891 ὁ

173 1909 252 1942 ϐιὸς,
276 1910 320 1936 ἀεὶ
335 1910 366 1950 δῇ
392 1918 443 1936 που
468 1910 622 1942 ἀποδοτέον,
647 1910 693 1936 ἐάν
717 1910 746 1935 τέ
774 1919 816 1941 τις
835 1911 916 1937 αὑτὸν
935 1911 964 1937 ὲν

174 1955 253 1981 ἔπεσι
268 1957 342 1990 ποιῇ,
359 1955 405 1981 ἐάν
421 1964 449 1981 τε
469 1956 497 1981 ὲν
513 1955 614 1990 μέλεσι,
627 1955 673 1982 ὲάν
691 1964 720 1982 τε
734 1956 761 1982 ἐν
773 1956 919 1991 τραγῳδίᾳ.
930 1972 964 1976 --

174 2003 222 2029 Δεῖ
237 2002 300 2036 γάρ.
312 2001 454 2028 -Οὑκοῦν
467 2001 567 2035 ἀγαθὸς
577 2002 663 2033 ὁθεὺς
678 2001 716 2036 τῷ
732 2002 788 2029 ὄντι
807 2011 846 2034 τε,
863 2003 909 2029 καὶ
920 2003 963 2028 λε-

174 2048 254 2074 κτέον
275 2047 355 2074 οὕτω.
372 2063 404 2067 —-
422 2047 454 2074 Τί
474 2048 543 2082 μήν;
570 2047 647 2073 Ἀλλὰ
676 2048 728 2083 μὴν
755 2048 831 2074 οὐδέν
853 2056 884 2082 γε
909 2049 963 2074 τῶν

174 2092 296 2127 ἀγαθῶν,
315 2091 604 2128 βλαϐερόν.--⁷Ηγάρ;
620 2108 652 2113 -
663 2092 700 2119 Οΰ
714 2101 758 2128 μοι
772 2093 852 2119 δοκεῖ.
866 2091 962 2130 -τΑρ“

174 2137 224 2166 οὖν
239 2139 268 2166 τὸ
289 2139 325 2175 μὴ
340 2139 470 2174 βλαϐερὸν
485 2138 612 2173 ﬁlim“;
627 2154 663 2158 —
678 2139 818 2173 Οὐδαμῶς.
837 2154 872 2158 -
886 2139 917 2164 Ὂ
933 2139 961 2165 δὲ

177 2185 216 2221 μὴ
233 2185 354 2220 βλάπτει,
372 2184 454 2212 κακόν
463 2194 489 2211 τι
511 2186 598 2217 ποιεῖ;
614 2199 648 2203 ——
662 2184 728 2210 Οὐδὲ
744 2185 874 2211 τοῦτο.-
885 2183 918 2211 '0
934 2184 961 2210 δέ

1022 256 1106 288 modi,
1129 254 1176 289 qui
1193 262 1246 281 non
1265 260 1389 288 porrum,
1416 252 1465 279 sed
1481 253 1610 280 eximiam
1628 252 1747 288 aliquam
1767 262 1807 280 ra-

1023 309 1134 336 ramque
1147 300 1282 327 victimam
1298 299 1496 329 immolassent,
1510 303 1539 325 ut
1551 306 1632 332 quant
1648 299 1806 333 paucissimi

1021 349 1103 382 hujus
1120 348 1146 373 in
1163 345 1297 373 sermonis
1320 344 1539 371 communionem
1568 344 1701 371 venirent.
1720 359 1755 363 —
1772 344 1808 369 li-

1022 395 1143 421 nimvero
1158 399 1250 426 grave,
1274 390 1370 425 inquit,
1388 398 1420 417 ac
1436 390 1619 424 periculosum
1636 391 1687 418 hoc
1702 398 1809 418 sermo-

1022 446 1085 465 num
1099 445 1196 472 genus.
1212 451 1248 456 —
1263 436 1317 462 l‘tec
1333 435 1456 468 omnino,
1472 435 1595 469 inquam,
1611 444 1627 461 υ
1642 435 1784 462 Adimaute
1799 454 1807 466 .

1022 488 1115 511 nostra
1130 484 1155 509 in
1172 482 1308 517 republica
1329 481 1495 508 audiendum
1512 489 1518 513 ;
1535 488 1585 508 nec
1600 481 1726 508 audiente
1740 482 1808 508 ado~

1022 531 1137 557 lescente
1154 529 1217 555 huic
1241 527 1357 554 orationi
1378 527 1454 554 locus
1479 535 1539 553 esse
1559 526 1657 558 debet,
1675 527 1723 561 qui
1747 534 1806 553 sce-

1022 577 1165 603 lestissima
1177 582 1291 609 qumque
1305 574 1438 605 admittat,
1455 574 1553 599 mirum
1569 573 1603 600 ab
1620 581 1651 599 eo
1666 573 1733 599 nihil
1747 572 1805 599 fieri

1022 631 1054 649 ne
1070 623 1091 649 si
1109 626 1248 656 parentem
1264 621 1372 655 quidem
1390 620 1490 654 ipsunt,
1505 629 1519 646 a
1536 628 1590 655 quo
1608 620 1689 646 laasus
1704 619 1804 650 fuerit.

1021 669 1095 696 omni
1125 667 1319 702 suppliciorum
1335 674 1433 700 genere
1457 666 1627 693 mulctaverit
1645 675 1652 698 ;
1671 665 1718 693 sed
1738 665 1804 692 illud

1020 715 1153 741 duntaxat
1174 713 1274 747 ipsum,
1301 712 1374 747 quod
1397 712 1476 746 primi
1504 711 1670 746 maximique
1691 711 1804 738 deorqu

1021 766 1083 788 ante
1097 760 1153 795 jam
1169 759 1292 786 fecerint.
1306 774 1341 778 —-
1354 757 1409 785 Nec
1422 758 1489 785 mihi
1511 765 1558 793 per
1572 757 1676 790 Jovem,
1695 757 1782 791 inquit
1795 777 1804 790 ,

1021 806 1129 833 ferenda
1144 813 1195 832 vox
1209 813 1239 832 ea
1258 806 1391 832 videatur.
1407 819 1442 823 ——
1457 803 1549 839 Neque
1565 804 1648 831 altera
1663 811 1728 831 sane
1746 804 1804 830 haec

1022 853 1130 887 inquam
1145 861 1151 878 ε
1170 852 1270 878 bellare
1284 851 1361 882 deos,
1378 857 1552 885 pugnat-eque
1568 857 1629 876 cum
1643 849 1706 881 diis,
1723 854 1804 884 atque

1020 899 1114 926 iisdem
1138 898 1271 929 insidiari,
1288 905 1348 924 cum
1374 901 1400 924 et
1415 897 1465 923 hoc
1482 896 1516 922 ab
1536 896 1611 922 omni
1629 895 1742 923 veritate
1756 896 1804 922 ab-

1019 944 1137 975 horreat,
1151 943 1232 979 642
1248 947 1274 970 et
1287 942 1332 977 qui
1354 942 1418 976 reip.
1436 946 1537 968 nostrae
1553 940 1681 968 custodes
1698 948 1729 968 ac
1749 949 1803 967 mo-

1018 992 1157 1018 deratores
1170 990 1253 1016 futuri
1265 994 1337 1021 sunt,
1353 996 1400 1015 eos
1412 987 1482 1014 civili
1494 987 1558 1014 odio
1570 986 1648 1013 facile
1660 986 1802 1019 dissidere,

1019 1037 1096 1071 longe
1112 1035 1298 1070 turpissimum
1324 1034 1422 1060 ducere
1438 1037 1561 1066 oporteat
1575 1041 1581 1058 :
1598 1032 1708 1064 nedum,
1725 1037 1756 1059 ut
1769 1033 1802 1060 iis

1018 1082 1122 1113 ﬁctilia,
1140 1080 1282 1114 modisque
1297 1078 1424 1106 omnibus
1453 1078 1566 1110 variata,
1585 1078 1642 1105 sive
1663 1078 1801 1113 gigantum

1018 1128 1099 1158 bella,
1115 1126 1171 1155 sive
1188 1126 1241 1153 alia
1269 1125 1359 1152 omnis
1378 1125 1494 1159 generis,
1511 1124 1590 1151 deum
1607 1125 1688 1151 simul
1712 1129 1738 1151 et
1754 1125 1802 1151 he-

1019 1182 1109 1206 romu,
1136 1172 1170 1200 ab
1200 1171 1323 1198 affinibus
1349 1171 1526 1206 cognatisque
1553 1170 1667 1198 dissidia
1693 1171 1801 1197 narrari

1019 1222 1143 1249 debeant.
1171 1219 1272 1247 Contra
1289 1226 1369 1251 vero,
1400 1218 1422 1245 si
1450 1225 1504 1253 quo
1532 1218 1613 1245 modo
1639 1218 1802 1253 persuadere

1019 1266 1178 1302 poterimus,
1208 1265 1261 1292 ciri
1285 1265 1370 1292 civem
1397 1264 1473 1290 alteri
1500 1263 1638 1291 infensum
1664 1263 1800 1291 neminem

1019 1320 1138 1348 unquam
1156 1311 1252 1344 fuisse,
1278 1319 1327 1338 nec
1344 1311 1370 1337 id
1392 1310 1504 1337 omnino
1519 1309 1560 1336 fas
1576 1317 1657 1343 esse;
1677 1310 1734 1337 haec
1756 1314 1799 1337 at-

1019 1366 1071 1393 que
1089 1358 1189 1385 similia
1205 1356 1296 1391 pueris
1321 1360 1427 1382 mature
1438 1363 1454 1382 a
1473 1355 1626 1382 senioribus
1641 1359 1669 1382 et
1683 1355 1799 1382 articulis

1020 1406 1179 1433 inculcanda
1194 1409 1283 1435 erunt,
1301 1404 1406 1439 ipsique
1424 1407 1509 1437 poetae
1533 1403 1665 1437 cogendi,
1691 1410 1756 1430 suas
1770 1408 1800 1430 ut

1019 1453 1124 1480 fabulas
1146 1460 1178 1479 eo
1192 1452 1319 1478 referant.
1338 1450 1371 1477 At
1395 1449 1494 1483 injecta
1519 1447 1619 1475 Iunoni
1636 1456 1650 1474 a
1667 1448 1720 1475 lilio
1743 1449 1799 1475 vin-

1019 1499 1089 1530 cula,
1112 1497 1246 1532 deiectum
1265 1504 1280 1522 a
1306 1499 1380 1530 patre
1402 1494 1564 1527 Vulcanum,
1591 1493 1662 1528 quod
1685 1494 1799 1529 pulsata:

1019 1544 1097 1571 matri
1110 1551 1187 1578 opem
1200 1542 1271 1569 ferre
1285 1542 1372 1575 vellet,
1382 1546 1547 1575 eteterasque
1559 1540 1671 1567 deorum
1681 1547 1797 1575 pugnas,

1019 1593 1151 1623 quotquot
1164 1588 1197 1614 ab
1214 1586 1331 1614 Homero
1346 1586 1469 1614 conficta:
1488 1589 1562 1618 sunt,
1578 1586 1629 1612 hac
1644 1585 1671 1612 in
1690 1586 1800 1613 civitate

1019 1641 1156 1669 nunquam
1175 1633 1269 1660 audire
1286 1633 1437 1667 oportebit,
1457 1632 1514 1659 sive
1533 1639 1663 1659 arcanum
1680 1632 1797 1666 aliquem

1018 1687 1126 1707 sensum
1151 1678 1299 1710 includant,
1326 1678 1383 1705 sive
1398 1678 1511 1705 nullum.
1527 1677 1582 1705 Nec
1605 1685 1678 1705 emm
1691 1677 1800 1712 juvenis

1018 1730 1138 1752 statuere
1154 1729 1252 1759 potest,
1271 1724 1316 1751 ubi
1332 1724 1431 1759 aliquis
1447 1724 1580 1759 ejusmodi
1595 1731 1691 1751 sensus
1705 1724 1797 1757 lateat,

1017 1771 1062 1797 ubi
1078 1771 1167 1798 nullus
1181 1780 1187 1798 :
1206 1770 1253 1797 sed
1270 1777 1448 1805 quascunque
1472 1769 1614 1804 opiniones
1633 1774 1665 1797 ea
1680 1770 1797 1805 primum

1016 1822 1093 1844 aetate
1108 1817 1262 1849 imbiberit,
1289 1824 1327 1843 ea:
1349 1816 1434 1843 deleri
1457 1815 1513 1842 fere
1534 1820 1628 1850 postea
1651 1816 1799 1849 revellique

1016 1870 1069 1890 non
1085 1867 1209 1897 possunt.
1232 1862 1325 1896 Itaque
1343 1861 1420 1892 tanti,
1440 1861 1547 1895 opinor,
1562 1861 1625 1892 erit,
1645 1865 1675 1887 ut
1697 1861 1797 1895 quibus

1015 1908 1133 1944 primum
1152 1908 1294 1935 audiendis
1318 1908 1416 1934 fabulis
1431 1906 1645 1938 assuescent,~ad
1670 1906 1795 1934 virtutem

1014 1963 1062 1988 eae,
1072 1961 1153 1989 quam
1163 1953 1314 1981 rectissime
1330 1954 1387 1980 fieri
1398 1953 1506 1988 poterit,
1518 1952 1673 1980 collineent.
1683 1967 1720 1972 —
1732 1953 1796 1980 Jure

1014 2001 1097 2026 hoctu
1106 1998 1226 2034 quidem,
1235 2003 1329 2026 etcum
1339 1999 1451 2030 ratione,
1462 1998 1548 2032 inquit
1558 2007 1564 2024 :
1573 2002 1629 2024 atst
1639 1998 1738 2033 quisex
1750 2006 1797 2025 no-

1013 2046 1054 2073 bis
1061 2049 1171 2080 quaeret,
1181 2045 1331 2080 cujusmodi
1341 2053 1382 2077 ea,
1396 2052 1488 2079 qumve
1500 2044 1597 2071 fabulae
1604 2051 1663 2071 esse
1670 2044 1794 2077 debeant,

1012 2090 1076 2125 quid
1087 2090 1193 2117 tandem
1209 2088 1432 2123 respondebimus
1443 2088 1551 2115 ?——Uui
1564 2095 1624 2122 ego,
1635 2086 1735 2119 Poetae,
1750 2087 1794 2114 in-

1013 2143 1104 2170 quant,
1123 2136 1275 2167 Adimante,
1286 2135 1312 2161 in
1326 2134 1468 2169 praesentia
1477 2141 1564 2169 neque
1578 2142 1626 2169 ego
1639 2154 1646 2167 ,
1663 2141 1750 2168 neque
1765 2138 1795 2161 tu

1013 2189 1117 2214 sumus,
1132 2181 1178 2208 sed
1196 2181 1349 2215 reipublicae
1363 2180 1529 2208 conditores.
1549 2178 1633 2213 Quos,
1648 2184 1678 2206 ut
1690 2179 1793 2206 formas

175 2240 209 2266 γε
224 2231 306 2266 μηδὲν
318 2230 402 2258 κακὸν
416 2232 496 2263 ποιεῖ,
513 2231 565 2257 οὐδ’
577 2231 609 2257 ἄν
624 2240 695 2262 τινος
711 2230 753 2265 εἴη
765 2230 850 2257 κακοῦ
865 2230 959 2257 αἴτιον.

1016 2228 1073 2254 illas
1098 2231 1124 2254 et
1139 2227 1302 2261 exemplaria
1320 2233 1400 2253 nosse
1423 2230 1556 2261 oporteat.
1580 2232 1641 2260 qua:
1656 2225 1742 2259 poetis
1764 2225 1791 2251 in

174 2293 212 2299 —-
222 2277 284 2308 Πῶς
296 2278 348 2312 γάρ
359 2286 366 2309 ;
377 2292 413 2296 —
422 2277 454 2303 Τί
469 2277 513 2310 se;
529 2277 663 2312 ὠφέλιμον
679 2277 709 2303 τὸ
723 2277 838 2311 ἀγαθόν;
851 2291 885 2296 -—
898 2277 960 2303 Ναί.

176 2324 311 2351 -Δῖτιον
330 2324 383 2359 ἄρα
405 2323 563 2359 εὐπραγίας.
584 2324 647 2351 Ναί.
664 2340 696 2345 -—
708 2324 764 2351 Οὐκ
780 2324 834 2359 ἄρα
854 2323 961 2350 πάντων

178 2377 209 2404 γε
236 2370 320 2402 αἷςιον
341 2370 370 2396 τὺ
391 2370 505 2403 ἀγαθόν’
520 2369 587 2396 ἀλλὰ
609 2370 662 2398 τῶν
682 2370 732 2405 μὲν
747 2368 775 2396 εὖ
791 2369 905 2405 ἐχόντων
921 2369 962 2395 αἴ-

180 2423 244 2447 τιον,
257 2414 310 2441 τῶν
331 2415 359 2441 δὲ
371 2415 463 2441 κακῶν
481 2415 609 2441 ἀναίτιον.
623 2429 658 2435 -ο
675 2415 817 2447 Παντελῶς
840 2423 883 2449 γε,
897 2414 958 2448 ἔφη.

180 2461 238 2487 Οὐδ’
253 2460 314 2496 ἄρα,
331 2459 364 2496 ἦν
388 2461 409 2487 δ’
426 2461 490 2495 ἐγὼ,
508 2461 522 2487 ὁ
545 2461 620 2493 Θεὸς,
641 2462 701 2487 ἐπεὶ
727 2461 835 2494 ἀγαθὸς,
854 2461 960 2487 πάντων

172 2506 212 2534 ἂν
239 2504 281 2540 εἴη
302 2506 395 2538 αἴτιος,
419 2506 456 2536 ὠς
477 2507 501 2531 οἱ
526 2505 616 2531 τιολλο)¹
634 2505 755 2538 λέγουσιν
768 2514 775 2520 ·
793 2505 849 2531 ἀλλ’
864 2505 961 2539 ὀλίγων

175 2551 229 2587 μὲν
259 2553 313 2582 τοῖς
344 2551 496 2587 ἀνθρώποις
527 2551 621 2582 αἴτιος,
653 2550 757 2576 πολλῶν
775 2551 803 2577 δὲ
830 2550 957 2581 ἀναίτιος.

174 2597 249 2624 Πολὺ
272 2598 325 2634 γὰρ
350 2597 451 2624 ἐλάττω
468 2597 500 2623 τὰ
519 2596 607 2630 ἀγαθὰ
630 2596 682 2621 τῶν
703 2596 794 2622 κακῶν
812 2597 885 2631 ἡμῖν.
906 2596 960 2621 Καὶ

175 2644 232 2670 τῶν
250 2643 298 2679 μὲν
314 2643 422 2678 ἀγαθῶν
436 2643 530 2670 οὐδένα
542 2642 619 2668 ἄλλον
636 2642 779 2674 αἰτιατέον,
795 2641 847 2667 τῶν
870 2641 897 2667 δὲ
912 2650 960 2668 κα-

176 2689 234 2716 κῶν
262 2689 328 2716 ἄλλα
351 2690 417 2716 ἄττα
443 2689 482 2715 δεῖ
504 2688 593 2723 ζητεῖν
614 2687 647 2713 τὰ
676 2687 764 2719 αἴτια,
790 2686 846 2713 ἀλλ’
862 2687 892 2713 οὐ
915 2688 959 2713 τὸν

176 2734 492 2770 Θεόν.-“Αληθέστατα,
510 2734 572 2769 ἔφη,
586 2734 672 2765 δοκεῖς
688 2741 730 2767 μοι
747 2730 888 2767 λέγεινμέ
905 2733 960 2760 Οὐκ

176 2781 240 2815 ἄρα,
258 2779 291 2816 ἦν
301 2781 315 2807 δ
323 2781 329 2790 ‘
339 2780 403 2815 ἐγὼ,
419 2779 654 2811 ἀποδεκτέον,οῡτε
671 2779 798 2814 Ὀμήρου,
809 2779 868 2805 οὒτε
880 2779 958 2805 ἄλλου

177 2826 300 2862 ποιητοῦ,
315 2826 416 2862 ταύτην
431 2826 480 2861 τὴν
494 2825 629 2861 ἁμαρτίαν
644 2826 707 2860 περὶ
719 2825 779 2856 τοὺς
794 2825 869 2856 οεοὺς
883 2825 955 2860 ἀνοή-

176 2880 230 2908 τωί
244 2872 446 2908 ᾁμαρτάνοντος
459 2872 505 2898 καὶ
518 2871 640 2904 λέγοντος
650 2879 656 2885 ι

398 2920 494 2949 Pun.
513 2918 571 2950 Gn.
590 2918 676 2949 XXI.

1013 2273 1165 2301 fabularum
1180 2281 1292 2300 suarum
1307 2272 1461 2303 fictionibus
1478 2271 1619 2306 proposita
1635 2277 1696 2297 esse
1710 2269 1792 2297 debe-

1012 2324 1069 2352 ant,
1084 2323 1111 2346 et
1127 2327 1141 2345 a
1158 2319 1266 2353 quibus,
1283 2318 1305 2345 si
1320 2318 1429 2352 quando
1444 2317 1596 2349 deﬂectcnt,
1613 2315 1717 2343 ferendi
1737 2323 1792 2343 non

1012 2365 1077 2397 sint,
1106 2364 1213 2391 fabulas
1237 2364 1310 2398 ipsos
1335 2364 1445 2398 quidem
1470 2364 1571 2399 fingere
1595 2371 1648 2390 non
1674 2367 1792 2397 oportet.

1011 2425 1046 2429 ——
1062 2409 1168 2441 Fateor,
1195 2409 1292 2444 inquit,
1311 2409 1357 2436 sed
1384 2408 1436 2436 hoc
1462 2409 1548 2443 ipsum
1566 2413 1667 2441 tamen,
1684 2407 1790 2438 formae,

1012 2456 1133 2490 inquam,
1154 2454 1216 2486 illa,
1231 2462 1299 2489 quas
1312 2454 1356 2481 ubi
1373 2454 1406 2481 de
1421 2453 1473 2481 diis
1494 2454 1658 2489 loquendum
1675 2453 1736 2485 erit,
1748 2460 1791 2480 se-

1011 2501 1058 2535 qui
1077 2500 1220 2534 oportebit,
1237 2499 1330 2534 quales
1355 2499 1460 2526 tandem
1477 2507 1538 2526 esse
1553 2498 1675 2526 debent?
1689 2498 1769 2525 Tales
1782 2517 1789 2528 ν

1012 2547 1134 2580 inquam,
1154 2550 1182 2572 ut
1196 2545 1347 2579 CUjUSlllOdl
1362 2553 1408 2579 per
1422 2552 1481 2572 sese
1499 2543 1569 2572 Deus
1583 2549 1636 2578 est,
1656 2544 1791 2579 ejusmodi

1011 2599 1127 2625 semper,
1142 2596 1197 2618 tam
1215 2590 1342 2622 heroicis,
1360 2598 1441 2625 quam
1459 2590 1550 2625 lyricis
1565 2597 1597 2617 ac
1610 2589 1720 2624 tragicis
1733 2596 1792 2616 car-

1010 2638 1128 2664 minibus
1143 2641 1359 2670 repraesentetur.
1371 2651 1407 2655 —
1419 2627 1658 2663 Decet-enimvero.
1670 2650 1706 2656 -—
1718 2634 1790 2661 Deus

1011 2683 1102 2717 igitur,
1122 2681 1194 2716 quod
1210 2688 1304 2716 reapse
1323 2681 1412 2708 bonus
1426 2681 1472 2712 sit,
1495 2681 1583 2707 bonus
1600 2686 1709 2714 quoque
1723 2679 1790 2706 cele-

1009 2728 1129 2756 brandus
1154 2728 1215 2754 erit.
1232 2741 1268 2746 ——
1292 2726 1350 2753 Erit
1376 2726 1496 2753 omnino.
1516 2739 1552 2746 —-
1572 2725 1653 2759 Atqui
1676 2725 1787 2751 noxium

1009 2775 1111 2802 bonum
1125 2781 1184 2800 esse
1197 2771 1301 2799 nullum
1320 2777 1428 2807 potest:
1446 2771 1560 2799 nonne?
1573 2785 1608 2791 —
1622 2770 1742 2804 Nullum,
1759 2776 1789 2797 ut

1009 2821 1123 2847 videtur.
1139 2833 1175 2839 —
1188 2818 1264 2851 Quod
1278 2822 1366 2845 autem
1390 2818 1502 2844 noxium
1519 2825 1572 2844 non
1588 2821 1639 2847 est,
1657 2816 1719 2843 idne
1737 2816 1788 2842 ali-

1010 2865 1117 2893 cuando
1131 2869 1209 2892 nocet
1223 2864 1234 2891 ?
1249 2878 1283 2883 —
1296 2863 1438 2898 Nunquam
1457 2868 1538 2890 certe.
1559 2877 1594 2882 -—
1616 2860 1693 2895 Quod
1708 2869 1790 2896 porro

1182 2907 1184 2909 ’
1549 2909 1586 2938 3’4
