2078 3207
220 153 290 176 “lbi!

795 149 953 177 PRAI’AII.
974 149 1098 177 EVANG.
1120 149 1183 177 LIB.
1203 149 1272 178 XIII.

1763 150 1832 177 1070

217 210 258 241 ὡς
275 207 372 242 ἄθλιοι,
386 209 411 235 οί
424 208 500 236 καλοὶ
512 208 577 245 (76),
590 209 703 241 διδόντες
712 209 741 236 δὲ
758 209 836 245 δίκην
850 209 999 245 ὠφελοῦντο

1053 218 1148 246 ρωηιιε
1162 218 1208 239 eas
1223 209 1396 243 sustinerent,
1409 209 1469 237 illas
1485 214 1575 237 tamen
1588 207 1672 236 Deum
1687 207 1830 239 indixisse,

220 255 272 281 υπδ
287 252 335 281 τοῦ
358 254 435 286 Θεοῦ,
456 254 557 281 ἐατέον.
579 255 677 282 Κακῶν
692 254 721 281 δὲ
736 254 822 282 αἴτιον
840 255 922 290 φάναι
939 256 1005 282 Θεόν

216 308 270 326 ⁴ιεινι
295 298 452 334 γίγνεσθαι,
479 300 579 334 ἀγαθὸν
605 300 685 333 ὄντα,
713 300 894 336 διαμαχητέον
923 301 1005 328 παντὶ

217 344 318 380 τρόπῳ,
333 345 401 380 μήτε
410 345 471 372 τινὰ
482 345 568 373 ταῦτα
577 345 665 380 λέγειν
682 345 710 372 ὲν
718 347 751 381 τῇ
766 346 862 373 ἑαυτοῦ
882 347 967 378 πόλει,
979 348 1004 373 εί

219 390 310 425 μέλλει
321 390 527 426 εὐνομήσεσθαι,
535 391 792 427 μήτετινὰάκούειν,
800 392 867 427 μήτε
873 391 1003 427 νεώτερον

219 435 287 471 μήτε
300 435 492 472 πρεσϐύτερον,
509 437 576 472 μήτε
588 437 617 464 ὲν
634 437 734 473 μέτρῳ,
749 438 810 473 μήτ’
822 437 884 465 ἄνευ
905 437 1003 473 μέτρου

218 481 429 515 μυθολογοῦντα,
445 481 483 514 ὡς
498 481 560 509 οὔτε
576 483 636 509 ὅσια
657 483 691 510 ἂν
703 483 835 519 λεγόμενα
850 484 874 510 εί
888 483 1001 517 λέγοιτο,

216 525 279 553 οὒτε
306 526 429 564 ξύμφορα
452 528 533 563 ἡμῖν,
551 527 612 555 οὔτε
629 527 758 564 ξύμφωνα
775 528 843 556 αὐτὰ
859 529 1004 561 αὺτοῖς.-

216 571 365 608 Ξὺμψηφός
389 573 430 599 σοί
454 574 521 609 ειμι,
536 573 599 610 ἔφη,
623 573 715 600 τούτου
742 574 788 601 τοῦ
811 575 902 610 νόμον,
919 574 1003 609 κάμοὶ

216 618 375 653 ἀρέσκει.-
382 615 465 650 Οὗτος
475 619 523 654 μὲν
533 619 631 652 τοίνυν,
645 617 679 655 ἦν
687 619 708 646 δ’
723 619 788 654 ἐγὼ,
801 617 839 652 εἷς
846 620 879 647 ἂν
893 620 935 655 εἴη
950 620 1003 646 τῶν

217 664 280 699 περὶ
289 663 355 690 Θεοῦ
363 663 452 699 νόμων
460 672 490 690 τε
503 664 550 691 καὶ
566 664 668 697 τύπων,
682 665 711 692 ὲν
724 662 764 696 οἷς
777 665 881 701 δεήσειε
900 666 963 697 τούς
972 674 1002 692 τε

214 708 343 743 λέγοντας
356 709 454 744 λέγειν,
467 710 514 736 καὶ
521 709 583 742 τοὺς
590 711 730 743 ποιοῦντας
743 713 874 738 ποιεῖν.-
880 711 927 748 Μὴ
933 711 1002 738 πάν-

214 763 269 781 των
281 755 367 782 αἴτιον
382 755 427 782 τὸν
439 755 514 788 Θεὸν,
529 756 596 782 ἀλλὰ
606 756 659 783 τῶν
671 756 790 791 ἀγαθῶν.
804 757 859 784 Καὶ
874 757 1000 792 μάλιστα,

213 799 280 835 ἔφη,
294 800 399 837 ἀπόχρη
416 801 567 836 (77).-Τί
582 802 610 828 δὲ
628 802 660 838 δὴ
678 803 692 829 ὁ
713 802 836 838 δεύτερος
861 803 923 835 ὂδε;
949 801 1002 839 ἄρα

213 846 300 881 γόητα
322 846 368 872 τὸν
389 846 455 874 Θεὸν
480 848 529 874 οἴει
552 846 631 880 εἶναι,
653 848 698 875 καὶ
721 846 776 875 οἷον
803 849 832 882 ἐξ
857 849 1002 884 ἐπιϐουλῆς

214 891 397 926 φαντάζεσθαι
413 893 506 919 ἄλλοτε
523 894 552 920 ἐν
570 893 662 926 άλλαις
678 894 769 926 ἰδέαις,
782 894 842 921 τοτὲ
858 894 906 929 μὲν
921 895 1001 921 αὐτὸν
1019 884 1038 912 ³

213 937 382 973 γιγνόμενον,
396 938 443 965 καὶ
453 938 617 965 ἀλλάττοντα
627 939 657 965 τὸ
666 938 747 965 αὑτοῦ
762 936 830 970 εἶδος
846 940 886 971 είς
904 939 1004 970 πολλὰς

214 983 331 1019 μορφὰς,
340 983 399 1010 τοτὲ
409 984 437 1010 δὲ
448 985 464 1019 ἠ
468 985 520 1019 μᾶς
528 985 674 1011 ἀπατῶντα
690 985 736 1011 καὶ
746 983 872 1011 ποιοῦντα
881 985 944 1021 περὶ
955 986 1003 1012 αὑ-

211 1028 259 1054 τοῦ
265 1028 374 1056 τοιαῦτα
380 1029 475 1056 δοκεῖν·
485 1030 501 1065 ἢ
511 1030 610 1056 ἁπλοῦν
616 1039 644 1056 τε
652 1029 728 1062 εἶναι,
736 1030 781 1057 καὶ
791 1030 897 1057 πάντων
904 1031 1002 1066 ἥκιστα

211 1074 262 1110 τῆς
269 1074 350 1101 αὑτοῦ
363 1075 433 1107 ἰδέας
441 1075 575 1102 ἐκϐαίνειν
584 1084 591 1109 ;
601 1076 697 1103 -Οὐκ
708 1076 770 1111 ἔχω,
778 1076 839 1112 ἔφη,
849 1076 895 1102 νῦν
903 1075 1002 1110 γεοῦτ-

211 1120 430 1149 ωςείπεῖνρ-Τί
438 1120 465 1146 δὲ
474 1121 534 1147 τόδε
543 1130 550 1155 ;
559 1122 609 1147 οὐκ
621 1121 737 1156 ἀνάγκη,
748 1122 826 1157 εἴπερ
836 1121 1002 1155 τιὲξίσταιτο

210 1166 262 1201 τῆς
272 1165 354 1192 αὑτοῦ
372 1166 452 1199 ἰδέας,
464 1166 480 1201 ἥ
490 1166 554 1193 αὺτό
564 1167 609 1201 ὑφ’
631 1166 712 1193 αὑτοῦ
725 1166 910 1202 μεθίστασθαι,
926 1167 942 1202 ἢ
955 1159 1001 1193 ὑπ’

211 1210 310 1244 ww;
324 1226 359 1232 --
376 1212 506 1247 Ἀνάγκη.
525 1227 560 1232 -—
576 1211 678 1239 Οὐκοῦν
702 1211 754 1238 ὑπὸ
781 1212 830 1247 μὲν
857 1212 937 1239 ἄλλον
967 1212 1002 1239 τὰ

211 1257 312 1292 ἄριστα
343 1257 437 1292 ἔχοντα
455 1258 555 1292 ἥκιστα
575 1257 726 1284 ἀλλοιοῦται
753 1265 782 1283 τε
806 1257 852 1284 καὶ
876 1258 999 1289 κινεῖται,

209 1300 268 1329 οἷον
285 1302 363 1338 σῶμα
378 1303 430 1330 ὑπὸ
447 1303 537 1330 σιτίων
550 1312 580 1329 τε
595 1303 642 1329 καὶ
665 1303 753 1329 ποτῶν
766 1302 813 1329 καὶ¹
835 1303 937 1329 πόνων·
953 1311 1000 1337 καὶ

211 1349 267 1375 πᾶν
289 1348 371 1383 φυτὸν
394 1349 447 1376 οπο
467 1348 595 1384 εἱλήσεών
617 1357 658 1382 τε,
682 1349 730 1375 καὶ
749 1348 866 1384 ἀνέμων,
880 1349 927 1376 καὶ
944 1348 999 1375 τῶν

210 1394 338 1421 τοιούτων
355 1394 533 1430 παθημάτων,
549 1395 579 1421 οὐ
596 1394 651 1430 (78)
663 1394 694 1421 τὲ
718 1394 881 1430 ὑγιέστατον,
899 1403 929 1421 τε
951 1395 999 1421 καὶ

210 1440 386 1476 χαριέστατον
415 1441 514 1475 ἥκιστα
544 1439 704 1466 ἀλλοιοῦται.
722 1455 756 1460 -
779 1439 840 1471 Πῶς
859 1440 882 1466 δ’
902 1439 950 1473 οὓς
963 1455 1001 1462 --

210 1485 308 1521 Ψυχὴν
324 1486 352 1512 δὲ
375 1485 459 1521 αὐτὴν
473 1485 660 1520 ἀνδρειοτάτην
673 1485 728 1521 (79)
742 1494 772 1512 τε
797 1486 842 1512 καὶ
860 1495 998 1522 φρονιμω-

1055 256 1108 284 hoc
1123 261 1153 284 ut
1164 261 1243 292 poeta
1257 260 1347 288 canat.
1364 255 1502 283 ferendum
1518 262 1656 290 nunquam
1670 254 1730 282 erit.
1751 253 1834 290 6M

1054 301 1130 336 Quod
1145 302 1168 330 si
1185 302 1308 330 homines
1325 301 1473 337 improbos,
1494 306 1585 336 utpote
1601 302 1725 331 miseros,
1741 301 1832 328 anima

1054 348 1214 377 adversione
1237 356 1306 383 opus
1320 347 1450 376 habuisse
1471 347 1608 379 dicerent,
1630 354 1745 381 eamque
1766 347 1832 373 dum

1054 395 1187 428 subirent,
1202 402 1281 430 opem
1296 395 1414 422 sensisse
1428 394 1559 427 divinam,
1580 394 1710 421 hactenus
1723 393 1749 420 id
1765 393 1834 420 tole-

1053 440 1107 468 rari
1124 441 1218 476 possit.
1232 440 1266 467 At
1286 439 1381 472 Deum,
1397 447 1444 475 qut
1460 447 1509 474 per
1525 446 1585 467 sese
1604 439 1692 466 bonus
1705 438 1750 470 sit,
1766 446 1833 466 cau-

1054 494 1112 514 sam
1129 487 1176 514 ulli
1192 486 1327 513 malorum
1342 494 1412 519 esse,
1427 486 1453 512 id
1467 493 1532 513 vero
1548 493 1582 512 ne
1599 489 1646 512 aut
1661 492 1677 512 a
1696 492 1832 519 quoquam

1053 532 1080 559 in
1098 539 1147 559 sua
1164 532 1272 559 civitate
1292 530 1408 565 dicatur,
1424 531 1446 559 si
1463 539 1522 559 eam
1540 531 1621 558 modo
1636 535 1708 557 recte
1724 530 1832 557 institu-

1053 583 1108 605 tam
1124 578 1203 610 voIet,
1226 582 1273 605 aut
1294 578 1365 605 ullus
1385 578 1553 605 occinentem
1573 576 1674 608 audiat,
1689 576 1764 603 omni
1786 583 1831 602 ra-

1052 625 1126 652 tione
1149 624 1322 659 pugnandum
1348 624 1408 655 erit,
1427 623 1507 658 idque
1521 631 1568 650 seu
1586 622 1678 657 junior
1700 621 1754 654 ille,
1781 629 1831 647 seu

1052 670 1145 698 senior
1165 669 1255 702 fuerit,
1269 669 1327 697 sive
1340 669 1445 701 stricta,
1467 668 1524 696 sive
1545 668 1634 696 soluta
1653 668 1776 695 oratione
1791 666 1833 694 di-

1052 720 1129 743 catur
1144 724 1150 742 :
1164 715 1238 749 quod
1252 715 1305 742 ista
1330 722 1381 742 nec
1403 714 1446 749 pie
1467 714 1574 741 narrari
1590 713 1704 749 possint,
1724 720 1774 740 nec
1790 712 1833 739 ul-

1052 761 1106 788 lam
1121 761 1200 788 nobis
1218 761 1360 788 utilitatem
1381 760 1504 791 afferant,
1520 766 1570 787 nec
1582 767 1675 787 secum
1691 759 1747 793 ipsa
1764 766 1831 785 eon-

1052 806 1178 834 sentiant.
1202 820 1236 826 ——
1256 805 1313 841 Ego
1335 814 1409 838 vero,
1430 805 1527 840 inquit,
1547 804 1614 840 legis
1637 808 1726 831 tecum
1750 804 1831 838 hujus

1052 856 1147 880 auctor
1170 852 1284 880 libenter
1307 851 1421 883 fuerim,
1443 852 1479 879 ita
1502 850 1568 878 mibi
1593 851 1691 885 placet.
1710 865 1746 870 —
1769 849 1831 876 Haec

1052 898 1144 932 igitur,
1165 898 1286 932 inquam,
1309 905 1342 924 ex
1363 898 1396 925 iis
1417 897 1520 932 legibus
1541 901 1622 932 atque
1642 895 1746 929 formis,
1762 902 1830 930 quas

1052 942 1098 969 ubi
1113 942 1146 969 de
1160 941 1216 970 Deo
1240 942 1404 976 loquendum
1422 943 1484 972 erit.
1498 944 1552 969 t'am
1573 941 1728 968 oratoribus
1748 947 1830 975 quam

1052 986 1148 1021 poetis,
1163 986 1315 1021 propositas
1336 993 1396 1013 esse
1412 986 1556 1021 oportebit,
1581 993 1635 1012 una
1651 989 1719 1016 esto,
1745 984 1830 1011 Deum

1053 1039 1105 1058 non
1130 1031 1270 1063 omnium,
1299 1031 1344 1058 sed
1376 1031 1510 1058 bonorum
1538 1031 1685 1062 duntaxat,
1717 1037 1828 1057 causam

1052 1084 1122 1104 esse.
1136 1091 1171 1096 —
1189 1075 1289 1108 Placet,
1306 1076 1402 1111 inquit,
1417 1077 1523 1104 abunde
1535 1080 1586 1104 est.
1602 1090 1639 1096 —-—
1659 1075 1721 1103 liter
1738 1080 1829 1103 autem

1052 1123 1180 1154 secunda,
1205 1122 1291 1157 quid?
1313 1122 1354 1149 An
1378 1127 1407 1149 tu
1429 1123 1578 1150 veneﬁcum
1602 1122 1717 1156 aliquem
1744 1121 1827 1149 Deum

1051 1173 1120 1199 esse,
1145 1170 1173 1193 et
1197 1170 1325 1200 tanquam
1349 1174 1382 1193 ex
1400 1166 1506 1193 insidiis
1521 1167 1572 1193 alia
1592 1171 1701 1201 repente
1723 1166 1830 1200 aliaque

1051 1211 1138 1239 forma
1157 1211 1234 1239 nobis
1251 1219 1381 1246 apparere
1400 1211 1557 1244 existimas;
1580 1212 1616 1239 ita
1633 1217 1664 1238 ut
1677 1212 1758 1239 modo
1780 1219 1829 1246 per

1051 1265 1111 1285 sese
1127 1257 1188 1284 talis
1209 1257 1266 1292 ipse
1277 1258 1333 1289 tiat,
1349 1257 1505 1292 crebrisque
1517 1257 1712 1285 mutationibus
1726 1264 1826 1283 novum

1050 1303 1165 1330 subinde
1177 1303 1281 1330 vultum
1299 1310 1331 1330 ac
1346 1302 1463 1337 speciem
1480 1302 1591 1335 induat;
1614 1302 1693 1329 modo
1712 1301 1835 1328 illudens

1050 1349 1151 1383 oculis,
1171 1353 1202 1376 ut
1222 1348 1354 1384 ejusmodi
1377 1347 1517 1380 videatur,
1540 1347 1660 1375 eiliciat?
1683 1355 1718 1374 an
1737 1347 1827 1381 potius

1050 1395 1199 1430 simplicem
1215 1401 1276 1422 esse
1290 1394 1377 1425 illum,
1393 1393 1557 1428 minimeque
1571 1393 1693 1420 omnium
1712 1391 1826 1419 formam

1049 1447 1127 1468 suam
1144 1440 1261 1468 exuere?
1273 1455 1308 1459 —
1321 1438 1412 1471 Modo,
1425 1438 1523 1473 inquit,
1539 1438 1610 1473 quod
1627 1442 1681 1464 tam
1701 1437 1828 1464 universe

1049 1486 1224 1521 respondeam
1239 1493 1292 1513 non
1308 1485 1404 1512 habeo.
1422 1498 1456 1506 σ-
1473 1484 1542 1518 Quid
1558 1484 1639 1519 igitur
1657 1483 1691 1510 ad
1712 1483 1784 1510 hoc?
1798 1483 1825 1509 Si

209 1531 296 1567 τάτην
313 1531 402 1566 ἥκιστ’
428 1531 460 1559 ἂν
480 1531 506 1557 τί
526 1531 612 1562 πάθος
627 1531 724 1565 ἔξωθεν
740 1531 866 1567 ταράξειέ
886 1539 928 1564 τε,
951 1531 997 1558 καὶ

1048 1531 1113 1567 quid
1132 1530 1225 1558 fornae
1250 1537 1306 1557 suae
1329 1529 1505 1557 mutationem
1532 1528 1637 1560 subeat,
1669 1535 1757 1554 nonne
1780 1531 1828 1554 aut

210 1575 383 1611 ἀλλοιώσειε;
397 1592 434 1600 -ι
444 1577 507 1604 Ναί.
522 1591 558 1597 —-
570 1577 625 1604 Kal.
641 1578 693 1613 μήν
709 1586 760 1604 που
775 1577 821 1603 καὶ
838 1576 873 1603 τά
886 1585 918 1611 γε
933 1576 995 1610 ξύν-

212 1621 276 1648 θετα
291 1621 388 1655 πάντα,
405 1622 488 1658 σκεύη
503 1631 532 1649 τε
553 1623 600 1649 καὶ
619 1616 830 1658 οἰκοδομήματα,
844 1622 891 1649 καὶ
911 1623 995 1657 ἀμφι-

209 1667 325 1703 έσματα,
339 1668 409 1695 κατὰ
419 1668 464 1696 τὸν
479 1668 559 1695 αὑτὸν
574 1668 661 1703 λόγον,
675 1669 710 1694 τὰ
722 1666 752 1694 εὖ
768 1668 933 1704 εἰργασμένα
948 1668 994 1695 καὶ

209 1713 241 1741 εὖ
255 1713 360 1749 έχοντα,
373 1713 425 1742 ὑπὸ
438 1715 533 1750 χρόνου
547 1722 576 1740 τε
590 1715 636 1741 καὶ
650 1714 703 1740 τῶν
724 1714 810 1740 ἄλλων
827 1713 994 1749 παθημάτων

208 1760 309 1794 ἥκιστα
336 1759 497 1787 ἀλλοιοῦται.
516 1775 550 1779 --
565 1760 641 1786 Ἐστι
664 1760 759 1786 ταῦτα.
780 1775 814 1780 ——-
828 1760 885 1786 Πᾶν
906 1759 939 1794 δὴ
963 1759 994 1786 τὸ

210 1804 301 1836 καλῶς
316 1805 415 1841 ἔχοντῆ
434 1805 554 1841 φύσει,ἣ
579 1805 671 1841 τέχνῃ.
693 1805 710 1841 ἦ
733 1805 905 1841 ἀμφοτέροις,
929 1805 992 1831 έλα-

209 1850 305 1886 χίστην
320 1851 468 1886 μεταϐολὴν
480 1852 526 1878 ὑπ’
540 1850 619 1877 ἄλλου
644 1850 947 1886 ἐνδέχεται-Ἔοικεν.
957 1865 994 1872 ~—

216 1896 297 1923 Ἀλλὰ
312 1896 363 1932 μὴν
378 1897 393 1923 ὁ
408 1897 473 1927 Θεός
487 1905 519 1931 γε
536 1897 583 1923 καὶ
597 1896 632 1923 τὰ
647 1889 692 1924 τοῦ
712 1896 778 1923 Θεοῦ
797 1897 884 1932 πάντη
897 1897 993 1932 ἄριστα

209 1941 277 1977 ἔχει.
290 1958 324 1968 --
335 1942 397 1974 Πῶς
409 1942 432 1969 δ’
446 1941 494 1975 οὓς
511 1958 545 1963 -
559 1942 651 1979 Ταύτῃ
666 1942 714 1977 μὲν
729 1942 760 1978 δὴ
776 1942 863 1977 ἥκιστ’
879 1943 913 1969 ἂν
928 1943 993 1969 πολ-

209 1987 259 2020 λὰς
275 1988 379 2023 μορφὰς
400 1989 468 2024 ἴσχοι
488 1988 502 2014 ὁ
518 1988 592 2020 Θεός.
604 2003 639 2009 -
649 1987 766 2015 Ἥκιστα
788 1988 863 2024 δῆτα..
874 2003 908 2009 -
923 1988 992 2015 Ἀλλ’

209 2032 265 2069 ἆρα
279 2034 359 2066 αὐτὸς
371 2034 451 2061 αὐτὸν
467 2033 626 2069 μεταϐάλλοι
635 2033 668 2060 ἂν
680 2034 726 2060 καὶ
734 2033 835 2060 ἀλλοιοῖ
843 2042 850 2065 ;
858 2034 994 2070 -Δηλον-

207 2079 261 2112 ότι,
278 2079 341 2115 ἔφη,
356 2080 433 2115 εἴπερ
451 2079 647 2106 άλλοιοῦται.-
656 2077 824 2115 Πότερονῶν
832 2080 878 2106 ἐπὶ
888 2079 918 2106 τὺ
935 2079 993 2114 βέλ-

207 2125 267 2152 τιόν
291 2134 321 2152 τε
342 2126 388 2153 καὶ
412 2126 519 2153 κάλλιον
539 2124 699 2161 μεταϐάλλει
721 2124 826 2157 ἑαυτὸν,
853 2125 871 2161 ἢ
894 2125 940 2152 ἐπὶ
962 2125 993 2152 τὸ

209 2172 300 2208 χεῖρον
314 2172 360 2199 καὶ
369 2171 473 2208 αἴσχιον
481 2171 563 2198 αὑτοῦ
573 2180 618 2204 ;—
625 2171 753 2207 1Ανάγκη,
769 2171 832 2206 ἔφη,
846 2170 892 2197 ἐπὶ
898 2170 929 2198 τὺ
936 2172 993 2206 χεῖ-

1048 1577 1136 1612 ipsum
1151 1576 1250 1604 mutari
1262 1583 1309 1610 per
1328 1583 1387 1603 sese
1415 1577 1527 1603 neces‘se
1539 1579 1590 1606 est,
1603 1578 1649 1600 aut
1666 1573 1699 1600 ab
1714 1573 1828 1600 alio?-—-

1047 1618 1162 1647 Necesse
1176 1620 1202 1646 id
1221 1618 1339 1654 quidem.
1354 1632 1390 1638 ——
1402 1617 1483 1652 Atqui
1497 1617 1543 1643 vix
1559 1624 1591 1644 ac
1607 1623 1641 1642 ne
1652 1615 1696 1653 vis
1716 1615 1826 1650 quidem

1048 1665 1082 1692 ab
1102 1665 1165 1697 alio,
1182 1672 1241 1700 quae
1264 1664 1364 1700 optime
1389 1670 1449 1690 sese
1466 1663 1576 1693 habent,
1593 1660 1693 1688 mutari
1707 1661 1826 1688 moveri-

1047 1718 1100 1746 que
1113 1711 1200 1738 solent
1213 1720 1219 1738 :
1235 1718 1290 1745 quo
1304 1709 1385 1737 modo
1399 1715 1499 1743 corpus
1518 1715 1532 1734 a
1550 1706 1620 1739 cibo,
1635 1710 1711 1741 potu,
1724 1705 1826 1732 labori-

1046 1756 1107 1788 bus,
1121 1760 1148 1783 et
1158 1755 1271 1791 quodvis
1284 1755 1382 1790 planta:
1392 1760 1486 1789 genus,
1501 1753 1535 1780 ab
1547 1756 1624 1785 :estu,
1637 1751 1735 1782 ventis.
1753 1751 1839 1778 aliis-Y

1046 1809 1099 1837 que
1123 1801 1328 1836 tempestatibus
1351 1800 1389 1827 ita
1409 1803 1540 1831 mutatur,
1556 1802 1586 1825 ut
1604 1803 1694 1824 tamen
1712 1797 1783 1832 quod
1799 1797 1825 1823 in

1045 1855 1078 1876 eo
1091 1855 1188 1883 genere
1202 1847 1379 1874 sanissimum
1390 1853 1421 1873 ac
1433 1844 1646 1872 valentissimum
1661 1848 1712 1876 est,
1725 1843 1752 1870 id
1766 1850 1829 1870 mu-

1045 1892 1175 1920 tationem
1185 1891 1257 1918 illam
1270 1891 1381 1917 minime
1396 1890 1542 1917 sentiat.—
1549 1887 1616 1921 Quis
1626 1887 1698 1915 enim
1712 1887 1765 1914 hoc
1779 1895 1827 1913 ηε·-

1046 1942 1089 1973 get
1099 1938 1143 1964 l—
1160 1937 1274 1964 Animus
1285 1937 1367 1971 igitur
1376 1936 1515 1971 ipse,cum
1526 1933 1691 1961 fortissimus
1705 1933 1775 1960 idem
1790 1934 1827 1960 sit

1046 1991 1078 2012 ae
1090 1983 1328 2019 prudentissimus,
1344 1982 1378 2009 ab
1395 1985 1507 2009 externa
1521 1980 1576 2007 ulla
1589 1979 1616 2006 vi
1638 1978 1750 2005 minime
1763 1986 1826 2013 per-

1046 2029 1149 2058 turbari
1169 2028 1323 2063 mutarique
1343 2027 1450 2062 poterit.
1472 2040 1509 2046 —
1531 2025 1613 2052 Sane.
1630 2039 1666 2045 —-
1680 2023 1825 2053 Praeterea.

1046 2075 1197 2111 composita
1222 2074 1304 2102 etiam
1325 2072 1434 2105 omnia,
1454 2077 1484 2099 ut
1500 2078 1574 2104 vasa,
1601 2069 1725 2101 :ediﬁcia,
1744 2071 1826 2097 vesti-

1046 2126 1146 2152 menta.
1171 2120 1193 2148 si
1217 2120 1298 2148 modo
1320 2123 1392 2145 recte
1415 2117 1536 2145 confecta
1556 2116 1625 2149 sint,
1650 2116 1826 2150 partibusque

1045 2167 1104 2194 suis
1119 2165 1245 2193 omnibus
1262 2164 1396 2196 absoluta,
1415 2162 1552 2189 minimam
1570 2160 1695 2188 similiter
1712 2160 1752 2187 vel
1775 2161 1826 2188 abs

270 2217 377 2249 ἑαυτοῦ,
391 2205 469 2253 siste!)
483 2216 643 2244 ἀλλοιοῦται.
667 2217 704 2244 οὐ
723 2205 778 2253 γάρ
800 2205 851 2243 στου
871 2205 952 2244 Evasi
961 2226 993 2252 γε

1047 2217 1166 2246 tempore
1176 2209 1219 2238 vel
1235 2209 1270 2237 ab
1283 2209 1335 2236 alia
1348 2207 1444 2243 quavis
1460 2207 1558 2242 injuria
1572 2205 1750 2233 mutationem
1762 2205 1826 2232 sub-

209 2263 332 2300 φήσομιν
338 2264 383 2290 τδν
392 2263 458 2290 Θεὸν
465 2263 601 2298 κάλλουςῆ
610 2263 708 2300 ἀρετῆς
717 2260 833 2290 εἷναι.--
839 2262 994 2298 Ὀρθὸτατα,

207 2307 244 2345 ἦν
263 2309 285 2335 δ”
302 2308 366 2344 ἐγὼ,
380 2309 478 2343 λέγεις.
495 2308 551 2335 Καὶ
574 2308 660 2340 οὕτως
681 2308 798 2343 ἔχοντος,
813 2307 886 2335 δοκεῖ
905 2307 938 2335 ἂν
955 2308 996 2340 τίς

210 2363 262 2388 σοι,
276 2351 300 2382 ὦ
321 2355 485 2390 Ἀδείμαντε,
502 2353 572 2381 ἑκὼν
592 2354 673 2381 αὑτὸν
687 2353 771 2390 χείρω
795 2354 880 2380 ποιεῖν
894 2354 996 2390 ὁπηοῦν

209 2401 227 2436 ἢ
235 2401 304 2428 θεῶν
314 2401 331 2436 ἢ
345 2400 495 2436 ἀνθρώπων
504 2408 513 2434 ;
521 2414 556 2420 -—
563 2399 704 2427 Ἀδύνατον
713 2420 721 2432 ,
737 2399 800 2435 εφη.
810 2414 847 2419 -
854 2398 995 2426 Ἀδύνατον

209 2447 265 2483 ἄρα
280 2446 357 2482 ἔφην,
372 2446 418 2473 καὶ
436 2446 501 2473 Θεδν
516 2445 616 2472 ἐθέλειν
633 2445 714 2472 αὐτὸν
732 2444 869 2472 ἀλλοιοῦν
885 2444 942 2470 ἀλλ’
957 2443 996 2476 ὡς

209 2493 291 2527 lotus,
304 2493 445 2524 κάλλιστος
460 2492 507 2519 καὶ
522 2492 631 2528 ἄριστος
648 2489 687 2518 ὢν
706 2492 746 2523 εἰς
760 2490 791 2517 τὸ
804 2489 916 2517 δυνατὸν
930 2489 995 2516 Εκα-

211 2547 272 2570 cto;
281 2538 382 2571 αὐτῶν,
398 2538 473 2574 μένει
489 2537 533 2564 ἀεὶ
549 2536 640 2569 ἁπλῶς
658 2537 687 2563 ὲν
701 2537 735 2572 τῇ
752 2535 835 2562 αὑτοῦ
854 2536 994 2570 μορφῇ.-

245 2679 301 2715 (76)
323 2679 425 2715 Καλοζ.
440 2678 600 2715 ιῖίειιοιιεειιᾷἒ
618 2676 697 2703 κακοί
717 2683 749 2703 ex
767 2675 889 2703 Platone.
903 2675 992 2710 Atque

209 2713 254 2742 ita'
266 2713 362 2749 legitur
378 2714 458 2746 inl’ra,
477 2721 537 2748 pag.
551 2713 614 2739 648.

321 2744 456 2790 Ἀπόχρηζ
477 2744 658 2790 hpprobaqtis
672 2754 724 2790 vos
746 2750 787 2790 est
797 2765 813 2790 ,Δ
823 2753 904 2780 quam
924 2744 992 2790 satis

209 2781 324 2812 feliciter
337 2781 590 2818 animamur—{eum
605 2782 733 2816 dicimus,
746 2781 813 2809 C‘ut
829 2788 920 2813 usus;
933 2784 991 2814 aut,

211 2819 274 2847 Cela
288 2827 319 2845 ua
336 2818 471 2845 tres-bim.

226 2874 228 2877 .
248 2854 304 2885 (78}
319 2853 400 2882 Forte
411 2851 450 2882 οτι.

1045 2261 1121 2286 eunt.
1138 2271 1172 2277 ——
1192 2255 1231 2283 lta
1249 2259 1306 2290 est.
1326 2268 1359 2274 —
1374 2252 1510 2288 Quidquid
1535 2251 1618 2289 igitur
1640 2250 1681 2277 vel
1706 2249 1755 2276 abs
1776 2257 1826 2276 na-

1046 2309 1117 2336 tura.
1134 2303 1177 2331 vel
1193 2302 1228 2330 ab
1244 2307 1311 2333 arte,
1326 2299 1367 2327 vel
1388 2299 1423 2326 ab
1437 2303 1552 2333 utraque
1570 2305 1648 2325 suam
1660 2297 1741 2324 habet
1753 2296 1825 2324 inte-

1045 2350 1179 2386 gritatem,
1188 2348 1215 2375 id
1225 2346 1383 2376 extrinsecae
1393 2344 1537 2371 mutationi
1551 2343 1662 2370 minime
1676 2342 1825 2370 obnoxium

1045 2385 1136 2422 fuerit.
1155 2408 1188 2413 —-
1200 2394 1239 2420 Ita
1256 2391 1372 2419 videtur.
1387 2403 1423 2410 —
1436 2388 1497 2415 Jam
1516 2394 1589 2419 vero,
1604 2387 1677 2414 Deus
1692 2385 1823 2421 profecto,

1044 2447 1159 2476 quaeque
1166 2438 1214 2466 Dei
1222 2442 1287 2466 sunt
1292 2437 1395 2469 omnia,
1406 2435 1481 2465 omni
1495 2442 1527 2462 ex
1542 2438 1618 2470 parte
1627 2431 1826 2467 perfectissima

1043 2491 1117 2516 sunt.
1132 2501 1168 2507 —
1186 2485 1254 2519 Quis
1264 2484 1365 2520 neget!
1379 2498 1415 2504 -—
1430 2482 1557 2517 Sequitur
1574 2488 1639 2515 ergo
1652 2479 1737 2507 Deum
1752 2479 1824 2506 mul-

1043 2533 1148 2569 tiplices
1163 2531 1271 2559 aliunde
1292 2531 1394 2558 formas
1418 2528 1511 2557 subire
1530 2533 1584 2554 n0n
1601 2533 1691 2562 posse.
1705 2539 1739 2545 -
1758 2524 1825 2553 0m-

1077 2669 1134 2706 {79)
1149 2665 1382 2706 A‘A'r-BpﬂOIt-IM‘K.
1402 2664 1489 2706 Plato,
1510 2663 1541 2706 of:
1559 2663 1609 2705 τὴν
1623 2663 1754 2706 ἀνδρειοῇ
1767 2662 1823 2706 §ed

1042 2698 1134 2734 nostra
1149 2698 1229 2731 lectio
1242 2704 1328 2737 magis
1344 2698 1440 2737 placet.
1453 2700 1530 2737 Quod
1546 2698 1824 2737 sipuegatioadliibe-

1042 2733 1127 2772 retur,
1140 2739 1248 2772 mallem
1265 2733 1327 2764 ante
1339 2733 1439 2772 ἣκιστα
1458 2735 1594 2772 collocari,
1609 2741 1669 2772 quae
1687 2733 1823 2772 signiﬁca-

1041 2767 1081 2804 iéi
1106 2767 1213 2803 nonne?
1231 2771 1314 2799 Linea
1337 2767 1469 2806 superiori
1490 2777 1538 2805 pro
1556 2767 1734 2805 χαριῖστατον
1747 2767 1825 2794 Plato

1041 2811 1104 2847 legit
1124 2808 1306 2845 ἰσχυρότατον.
