2078 3207
257 133 326 162 £071
586 132 722 161 EUSEBII
742 131 981 160 CAESABIENSIS
1000 131 1074 159 OPP.
1094 131 1184 159 PARS
1205 130 1236 158 ll.
1257 147 1293 151 —
1312 131 1560 160 APOLOGETICA.
1806 129 1876 157 l0?!

250 196 316 224 nino
342 196 475 231 sequitur.
497 209 530 216 —-
544 194 585 221 An
603 202 667 221 vero
689 201 737 228 per
759 202 818 222 sese
840 186 931 221 varias
948 193 1029 229 645

1083 193 1170 224 Πᾶσα,
1186 193 1248 227 ἔφη,
1267 193 1372 228 ἀνάγκη
1389 192 1480 228 ἔμοιγε
1503 193 1630 219 δοχεϊ.-
1641 191 1743 226 Μηδεὶς
1765 190 1830 225 ἄρα,
1845 187 1878 223 ἦν

250 243 309 270 illas
321 243 362 270 sui
378 243 542 270 mutationes
554 245 581 268 et
591 241 786 269 conversiones
802 240 917 268 eﬂieiet?
931 255 965 261 -—
975 240 1032 266 Elli-

1085 239 1107 265 6'
1123 239 1187 272 ἐγὼ,
1201 235 1224 265 ὧ
1239 238 1344 274 ἄριστε,
1357 239 1459 272 λεγέτω
1477 239 1542 274 ἡμῖν
1556 238 1610 264 τῶν
1623 237 1753 272 ποιητῶν,

247 289 309 321 ciet,
329 288 427 323 inquit,
443 288 465 315 si
483 287 592 322 quando
606 287 814 315 mutabitur.—
827 286 925 314 Utrum
957 285 1038 321 igitur
1054 284 1080 311 in
1101 284 1198 312 melius
1227 291 1288 311 sese
1318 284 1419 319 aliquid
1439 284 1667 319 praistantiusque
1692 281 1816 312 mutabit.
1843 288 1878 307 an

247 341 342 363 contra
376 336 404 362 in
429 335 547 363 deterius
576 342 607 362 ac
638 335 766 369 turpius?
788 349 824 354 —
844 333 874 360 In
899 333 1029 364 deterius,
1068 332 1172 366 inquit,
1198 331 1368 364 necessario,
1395 331 1416 358 si
1443 336 1572 358 mutetur.
1601 330 1718 365 Quippe,
1738 335 1878 363 nunquam

246 383 316 410 enim
348 381 403 408 Deo
432 380 640 416 pulchritudinis
666 380 814 415 quidquam
842 384 889 407 aut
920 379 1027 406 virtutis
1047 378 1142 406 deesse
1167 378 1328 405 dixerimus.
1346 377 1560 404 ——Rectissime
1588 375 1721 410 loqueris,
1754 375 1876 409 inquam,

246 428 315 461 Sed,
342 435 403 455 eum
434 427 487 455 hoc
512 427 549 454 ita
576 427 621 459 sit,
648 434 714 453 num
740 427 803 458 tibi,
831 434 848 453 ο
876 426 1030 458 Adimante,
1063 425 1148 452 Deum
1171 425 1316 460 quisquam
1337 427 1383 450 aut
1408 423 1559 454 hominum,
1583 429 1642 449 sese
1664 421 1799 448 ullatenus
1829 419 1877 446 dc—

246 474 371 506 leriorem
399 473 470 500 ultro
494 473 616 500 facturus
642 473 814 500 videtur?——
831 471 901 500 Fieri
935 480 989 499 non
1018 475 1116 506 potest,
1151 470 1248 505 inquit.
1273 485 1306 489 —
1327 468 1381 496 Nec
1404 469 1460 496 ﬁeri
1483 476 1548 504 ergo
1577 471 1677 502 potest,
1696 467 1818 500 inquam,
1834 464 1873 491 uti

247 521 317 550 Deus
334 529 363 548 se
378 521 466 556 ipsum
480 525 587 548 mutare
601 521 665 548 velit
681 529 687 548 :
705 520 751 548 sed
767 521 867 556 potius,
884 525 913 547 ut
938 520 1032 555 liquet,
1052 519 1164 546 deorum
1188 517 1288 553 quivis,
1301 525 1362 544 cum
1377 524 1426 552 pro
1452 524 1482 544 se
1494 523 1574 551 quam
1593 514 1791 550 pulcherrimus
1805 513 1879 547 quis-

246 577 309 604 que,
335 573 416 604 atque
441 570 561 605 optimus
580 571 625 604 sit,
652 571 693 598 sui
717 579 822 606 semper
852 570 965 598 omnino
999 569 1096 596 similis
1123 568 1249 602 idemque
1277 570 1379 594 manet.
1395 581 1431 586 —
1453 565 1569 592 Prorsus
1585 565 1637 592 hoc
1659 562 1727 590 mihi
1750 569 1878 590 necessa-

245 617 317 644 rium
333 618 449 645 videtur.
477 633 514 639 —
531 618 642 646 Desinat
662 626 738 655 ergo,
763 619 805 646 vir
826 619 937 654 optime,
954 622 1033 653 poeta
1052 616 1177 652 quilibet,
1191 615 1262 642 istuc
1276 614 1356 641 nobis
1371 613 1506 645 oceinere,

501 691 527 697 -—
548 677 690 711 Peregrina
705 677 815 703 numina
831 676 916 707 cultu,

247 711 404 746 Onmigenos
425 712 519 738 indutu
537 712 652 744 habitus,
673 719 764 739 nostra
782 712 879 746 oppida
902 711 1029 738 lustrant.

246 765 299 794 Nec
316 766 387 795 ullus
403 767 431 794 in
451 772 591 802 posterum
608 768 642 795 de
657 767 755 795 Proteo
771 775 803 795 ac
824 767 938 795 Thetide
953 775 1030 795 men-

245 812 321 840 dacia
335 812 386 840 ista
401 813 538 848 conlingat
551 822 558 840 :
574 821 624 840 nec
636 813 663 840 in
679 813 828 847 tragoediis,
841 817 888 839 aut
901 812 954 839 alio
968 820 1031 847 poe-

245 858 326 885 matis
339 865 436 893 genere
450 858 585 886 Junonem
604 858 770 892 introdueat,
796 867 857 893 qum
881 859 1032 886 sacerdotis
1048 874 1070 902 Β

245 904 273 930 in
300 903 418 938 speciem
442 904 615 939 formamque
639 909 755 938 mutata,
769 905 847 932 almis
865 905 917 932 illis
938 905 1031 932 Inachi

246 950 337 985 Argivi
362 950 437 978 ﬂuvii
461 950 554 978 liberis
574 951 672 985 stipem
693 955 828 986 corroget.
846 949 908 978 llzcc
924 951 1032 986 aliaque

246 996 272 1023 id
289 1003 373 1030 genus
398 1000 525 1023 sexcenta
551 1003 631 1023 nemo
655 995 783 1030 deinceps
810 995 967 1022 mentiatur.
983 995 1032 1022 Ca-

246 1045 326 1068 veant
348 1045 477 1075 praeterea
505 1045 623 1073 matres,
652 1048 687 1068 ne
711 1040 809 1068 hausta
835 1041 919 1068 semel
940 1048 1031 1068 rerqu

246 1087 361 1114 istarum
388 1086 516 1121 opinione
542 1086 634 1114 ﬁliolis
658 1090 792 1114 terrorem
814 1086 950 1121 injiciant,
965 1086 1031 1113 dum

245 1132 380 1168 ejusmodi
409 1136 562 1160 commenta
591 1140 731 1167 perperam
764 1131 938 1165 fabulantur,
965 1133 1032 1159 deos

247 1183 328 1206 noctu
347 1179 493 1206 nonnullos
508 1178 636 1206 oherrare
649 1177 804 1213 omnigenis
827 1177 982 1212 hospitibus
995 1177 1033 1204 si-

246 1225 336 1257 miles,
353 1232 387 1252 ne
400 1224 482 1252 simul
496 1224 628 1259 injuriose
643 1224 676 1251 de
697 1224 751 1251 diis
765 1223 901 1258 impieque
914 1224 1030 1258 loquan-

247 1275 301 1302 tur,
324 1270 406 1297 simul
419 1269 519 1297 liberos
530 1277 639 1304 quoque
656 1277 722 1297 suos
742 1269 959 1297 meliculosiores
973 1269 1032 1297 eﬂi~

246 1316 330 1342 ciant.
346 1329 380 1334 —-
391 1314 547 1342 Cavendum
564 1315 588 1342 id
603 1322 680 1347 sane,
699 1315 797 1349 inquit.
818 1329 852 1334 --
869 1314 938 1342 Num
956 1322 1030 1347 vero,

247 1361 371 1396 inquam,
388 1360 425 1388 dii
443 1365 472 1387 ut
494 1366 589 1396 suapte
613 1365 709 1388 natura
725 1360 824 1388 mutari
843 1368 898 1388 non
914 1361 1029 1395 possint,

246 1404 273 1431 id
302 1409 393 1431 tamen
425 1404 598 1433 illusionibus
628 1413 660 1432 ac
692 1405 836 1440 praestigiis
866 1405 1030 1440 quibusdam

247 1454 339 1484 agunt,
358 1450 438 1476 nobis
456 1456 484 1477 ut
497 1450 570 1477 omni
591 1450 740 1478 formarum
762 1457 861 1485 genere
882 1451 969 1478 induti
988 1451 1028 1477 vi-

247 1494 380 1522 dcantur?
395 1509 428 1514 ——
440 1493 522 1522 Forte
532 1502 577 1527 an,
595 1495 694 1530 inquit.
709 1510 744 1516 —
759 1495 815 1531 Ego
836 1504 911 1529 vero,
925 1496 1031 1524 Fierine

247 1540 344 1574 possit,
361 1540 399 1567 uti
414 1540 486 1567 Deus
501 1545 547 1567 aut
558 1540 659 1572 verbis,
674 1544 721 1567 aut
735 1547 764 1568 re
786 1541 844 1575 ipsa
861 1541 982 1568 inanium
998 1542 1030 1568 li-

248 1593 377 1620 gurarum
403 1585 509 1620 objecta
532 1586 621 1620 specie
642 1586 750 1613 mentiri
768 1587 852 1614 velit?
868 1602 904 1606 —
921 1587 1031 1621 Nescio,

247 1630 346 1665 inquit.
362 1645 398 1650 —
412 1629 506 1658 Nescis
521 1634 561 1663 tu,
582 1631 704 1665 inquam,
718 1639 803 1667 genus
816 1633 866 1660 hoc
885 1634 1030 1666 mendacii,

247 1676 388 1709 omnibus,
402 1681 433 1703 ut
444 1675 481 1703 ita
500 1676 606 1711 loquar,
623 1676 675 1703 diis
690 1681 717 1704 et
739 1677 895 1706 hominibus
913 1679 1030 1707 invisum

247 1723 324 1749 esse?
346 1737 381 1741 —
402 1721 509 1749 Clarius
531 1721 602 1749 istuc
619 1721 743 1750 obsecro.
768 1738 804 1744 -—
823 1722 969 1756 Nimirum,
988 1725 1031 1752 in—

248 1775 342 1802 quam,
358 1774 439 1794 nemo
455 1771 496 1794 est
509 1767 642 1800 omnium,
656 1767 703 1802 qui
717 1767 842 1802 libenter,
855 1773 882 1796 et
896 1775 971 1804 parte
988 1770 1031 1798 sui

247 1813 396 1848 praecipua,
414 1817 441 1841 et
461 1813 604 1848 praecipuis
618 1814 644 1841 in
662 1815 743 1842 rebus
758 1813 814 1842 falli
830 1815 902 1849 velit,
917 1816 972 1845 imo
984 1818 1031 1852 qui

247 1867 303 1887 non
317 1868 401 1895 genus
422 1859 473 1888 hoc
492 1861 625 1888 mendacii
645 1868 700 1896 pra:
721 1862 825 1890 caeteris
846 1864 974 1892 omnibus
994 1872 1033 1892 re-

247 1903 385 1933 formidet.
401 1919 436 1926 -ι
458 1904 496 1933 Ne
511 1913 584 1934 nunc
600 1906 720 1941 quidem,
743 1907 840 1942 inquit,
861 1909 928 1936 satis
945 1909 972 1937 id
991 1918 1033 1937 ca-

247 1952 303 1987 pio.
324 1967 359 1972 -—-
375 1951 517 1986 Videlicet,
538 1952 661 1988 inquam,
683 1953 783 1980 mirum
808 1963 852 1982 me
875 1956 975 1992 aliquid
995 1957 1033 1984 di-

248 2006 311 2027 cere
327 1999 479 2035 arbitraris.
508 1999 564 2035 Ego
588 2008 653 2028 vero
673 2001 756 2038 θῇς
771 2007 876 2029 tantum
895 2002 947 2030 hoc
959 2002 1031 2035 dico,

249 2045 284 2072 ita
303 2050 475 2080 comparatos
489 2053 584 2074 omnes
597 2054 667 2080 esse,
683 2052 713 2074 ut
724 2048 751 2074 in
767 2055 859 2075 rerum
875 2048 1033 2076 notionibus

248 2091 440 2125 informandis,
453 2093 494 2119 vel
517 2093 604 2128 decipi
620 2101 659 2125 se,
682 2093 723 2120 vel
739 2094 867 2129 deceptos
886 2094 1033 2129 aliquando

248 2146 319 2171 esse,
344 2139 467 2172 adeoque
489 2138 641 2173 ignorantia
665 2139 802 2173 laborare,
818 2146 1034 2176 conceptumque

248 2183 420 2211 mendacium
444 2184 536 2210 animo
558 2183 661 2216 favere,
676 2191 730 2211 non
751 2189 855 2211 tantum
873 2185 1034 2219 permoleste

1136 674 1182 706 Ὠς
1201 672 1261 700 θεοὶ
1281 671 1427 703 ξείνοισιν
1446 669 1500 706 (80)
1520 669 1650 706 ἐοικότες
1669 666 1879 706 ἀλλοδαποῖσι,

1123 703 1261 735 Παὶλτοῖοι
1280 703 1462 738 τελέθοντες(⁷
1479 703 1687 739 ἐπιστρωφῶσι
1706 704 1842 737 πόληας·

1083 764 1158 801 Μηδὲ
1177 763 1310 800 Πρωτέως
1333 771 1363 789 τε
1392 762 1439 789 καὶ
1461 761 1569 792 Θέτιδος
1597 754 1807 796 καταψευδέὲθω
1825 768 1880 795 μη-

1083 811 1155 843 δείςο
1185 809 1245 845 μηδ’
1276 811 1304 835 ὲν
1337 808 1515 844 τραγῳδίαις,
1550 807 1609 843 μηδ’
1647 808 1676 833 ἐν
1707 808 1762 838 τοῖς
1788 806 1880 838 ἄλλοις

1087 857 1238 892 ποιήμασιν
1254 855 1388 888 εἰσαγέτω
1399 855 1488 890 ’Ἦραν
1506 853 1689 888 ἠλλοιωμένην
1703 853 1741 884 ὡς
1764 852 1878 888 ἱέρειαν,

1084 902 1249 938 ἁγείρονσαν
1267 901 1368 936 Ἰνάχου
1386 900 1508 936 Ἀργείου
1535 898 1657 934 ποταμοῦ
1680 899 1758 925 παισὶ
1780 897 1878 932 βιοόώο

1067 986 1074 992 .
1088 957 1145 985 ροις
1154 957 1160 964 ·
1177 948 1224 975 καὶ
1236 947 1303 975 ἄλλα
1316 947 1429 973 τοιαῦτα.
1444 946 1528 973 πολλὰ
1542 945 1578 982 μὴ
1594 947 1660 981 ἡμῖν
1674 944 1876 980 ψευδέσθωσαν.

1090 995 1161 1030 Μηδ*
1177 992 1210 1021 αὖ
1231 993 1283 1019 ὑπὸ
1303 992 1404 1019 τούτων
1429 991 1639 1026 ἀναπειθόμεναι
1658 991 1686 1018 αἱ
1708 989 1826 1025 μητέρες
1842 989 1878 1016 τὰ

1084 1041 1179 1068 παιδία
1202 1039 1449 1075 ἐκδειματούντων,
1471 1039 1598 1073 λέγουσαι
1620 1037 1683 1069 τοὺς
1703 1036 1803 1072 μύθους
1824 1044 1876 1062 κα-

1084 1087 1150 1119 κῶς,
1164 1086 1201 1118 ὡς
1216 1086 1270 1122 ἄρα
1288 1086 1343 1112 θεοί
1358 1094 1430 1117 τινες
1443 1085 1632 1120 περιέρχονται
1649 1083 1754 1119 νύκτωρ
1768 1082 1877 1114 πολλοῖς

1083 1132 1168 1164 ξένοις
1192 1131 1238 1158 καὶ
1263 1129 1442 1161 παντοδαποῖς
1471 1129 1664 1164 ἰνδαλλόμενοι,
1692 1128 1735 1154 ἵνα
1753 1127 1791 1163 μὴ
1817 1127 1877 1163 ἃμα

1084 1178 1178 1214 μὲνεῐς
1187 1177 1264 1209 θεοὺς
1273 1175 1477 1212 βλασφημῶσιν,
1493 1175 1550 1211 ἅμα
1563 1175 1591 1201 δὲ
1601 1175 1664 1207 τοὺς
1676 1174 1772 1205 παῖδας
1788 1174 1877 1209 ἀπερ-

1086 1223 1223 1259 γάζωνται
1238 1222 1414 1258 δειλοτέρους.
1424 1237 1458 1242 -
1468 1222 1513 1258 Μὴ
1527 1221 1591 1257 γὰρ,
1607 1221 1669 1256 ἔφη.
1680 1233 1716 1241 —
1729 1219 1798 1246 Ἀλλ’
1808 1217 1875 1255 ἆρα,

1084 1268 1119 1305 ἦν
1134 1269 1156 1296 δ’
1173 1268 1238 1302 ἐγὼ,
1263 1268 1339 1294 αὐτοὶ
1356 1267 1406 1303 μὲν
1421 1269 1445 1294 οἱ
1463 1267 1518 1293 Θεοί
1534 1267 1602 1293 εἰσιν
1617 1263 1669 1292 οἷοι
1687 1265 1724 1301 μὴ
1739 1265 1874 1300 μεταϐάλ-

1083 1316 1150 1347 λειν,
1168 1315 1241 1350 ἡμᾶς
1254 1314 1282 1340 δὲ
1295 1313 1400 1340 ποιοῦσι
1414 1313 1501 1340 δοκεῖν
1519 1322 1590 1347 σφας
1607 1312 1794 1343 παντοδαποὺς
1811 1312 1877 1345 φαί-

1080 1361 1183 1394 νεσθαι,
1195 1360 1382 1393 ἐξαπατῶντες
1392 1360 1438 1387 καὶ
1449 1361 1624 1395 γοητεύοντες
1637 1368 1644 1391 ;
1659 1360 1786 1390 --“Ὶσως.
1809 1358 1874 1393 ἔφη.

1082 1408 1114 1434 Τί
1138 1408 1182 1440 δὲ;
1205 1405 1238 1442 ἦν
1262 1407 1283 1433 δ’
1303 1406 1373 1441 ἐγὼ,
1394 1406 1537 1442 ψεύδεσθαι
1553 1407 1567 1432 ὁ
1588 1405 1654 1437 Θεὸς
1676 1405 1761 1431 ἐθέλοι
1786 1404 1877 1436 ἃν,-

1081 1454 1097 1489 ἢ
1112 1452 1209 1488 λόγῳῆ
1224 1452 1296 1489 ἔργῳ
1311 1453 1490 1487 φαντάσματα
1500 1452 1649 1487 προτείνων
1663 1460 1717 1484 ;-
1730 1451 1787 1477 Οὐχ
1803 1449 1875 1482 οἶδα,

1082 1497 1124 1534 ἧδ’
1136 1499 1175 1530 ὃς.
1187 1513 1221 1518 -—
1231 1498 1287 1524 Οὐκ
1300 1496 1377 1525 οἶσθα
1386 1517 1393 1530 ,
1408 1495 1442 1533 ἦν
1455 1498 1477 1524 δ’
1493 1497 1558 1531 ἐγὼ,
1570 1497 1610 1523 ὅτι
1626 1497 1656 1523 τό
1671 1504 1703 1530 γε
1717 1496 1753 1528 ὠς
1766 1495 1877 1531 ἀληθῶς

1087 1543 1198 1579 ψεῦδος,
1217 1544 1241 1569 ει
1257 1540 1313 1569 οἶόν
1333 1552 1363 1570 τε
1378 1543 1452 1570 τοῦτ’
1469 1543 1566 1574 εἰπεῖν,
1589 1541 1689 1573 πάντες
1705 1541 1760 1567 Θεοί
1781 1549 1810 1567 τε
1829 1542 1877 1567 καὶ

1084 1587 1221 1623 ἄνθρωποι
1232 1587 1355 1622 utea-31L;
1365 1586 1477 1620 -Πῶς,
1487 1587 1539 1622 ἔφη
1551 1607 1559 1619 ,
1568 1586 1656 1621 λέγεις
1666 1594 1672 1618 ;
1683 1600 1717 1605 --
1727 1585 1830 1619 Οὕτως,
1841 1584 1876 1621 ἦν

1085 1631 1108 1658 δ’
1127 1632 1192 1667 ἐγὼ,
1215 1633 1255 1659 ὅτι
1279 1634 1319 1667 τῷ
1339 1633 1500 1668 κυριωτάτῳ
1521 1633 1626 1659 ἑαυτῶν
1649 1631 1804 1667 ψεύδεσθαι,
1829 1633 1877 1658 καὶ

1087 1679 1151 1714 περὶ
1165 1678 1200 1705 τὰ
1216 1678 1371 1714 κυριώτατα
1385 1679 1472 1710 οὐδεὶς
1487 1679 1557 1705 ἑκὼν
1571 1679 1666 1712 ἐθέλει,
1684 1679 1752 1706 ἀλλὰ
1766 1679 1876 1706 πάντων

1087 1725 1202 1760 μάλιστα
1214 1725 1334 1759 φοϐεῖται
1352 1725 1409 1751 ἐκεῖ
1429 1725 1495 1751 αὐτὸ
1519 1724 1678 1760 κεκτῆσθαι.
1691 1740 1725 1745 ——
1737 1724 1804 1751 Οὐδὲ
1828 1724 1876 1751 νῦν

1086 1780 1139 1803 πω,
1155 1768 1172 1806 ἦ
1186 1771 1208 1797 δ’
1220 1771 1259 1803 ὃς,
1278 1770 1416 1806 μανθάνω.
1426 1786 1459 1790 -
1468 1771 1525 1797 Οἴει
1535 1771 1588 1806 γάρ
1601 1771 1626 1797 τί
1635 1779 1680 1807 με,
1689 1770 1768 1806 ἔφην.
1777 1770 1876 1805 σεμνὸν

1085 1817 1191 1852 λέγειν·
1213 1817 1269 1851 ἐγὼ
1292 1817 1320 1843 δὲ
1345 1817 1427 1851 λέγω,
1454 1817 1495 1843 ὅτι
1517 1818 1550 1852 τῇ
1575 1817 1648 1853 ψυχῇ
1673 1817 1789 1852 περὶτὰ
1811 1817 1876 1843 ὄντα

1085 1863 1229 1899 ψεύδεσθαι
1250 1872 1295 1896 τε,
1320 1864 1367 1890 καὶ
1387 1862 1526 1898 ἐψεῦσθαι,
1544 1863 1592 1890 καὶ
1611 1862 1703 1898 ἀμαθῆ
1728 1861 1808 1895 εἶναι,
1827 1864 1876 1889 καὶ

1087 1910 1203 1938 ἐνταῦθα
1226 1910 1296 1946 ἔχειν
1317 1918 1346 1936 τε
1365 1910 1412 1936 καὶ
1431 1909 1580 1944 κεκτῆσθαι
1597 1910 1628 1936 τὸ
1648 1909 1755 1944 ψεῦδος,
1775 1910 1876 1942 πάντες

1085 1958 1174 1992 ἥκιστ’
1189 1957 1220 1984 ἂν
1235 1957 1366 1990 δέξαιντο,
1382 1957 1428 1983 καὶ
1446 1956 1554 1992 μισοῦσι
1576 1957 1693 1992 μάλιστα
1711 1957 1776 1984 αὐτὸ
1793 1958 1822 1984 ἐν
1835 1957 1875 1992 τῷ

1085 2004 1206 2038 τοιούτῳ.
1220 2002 1331 2030 -Πολύ
1342 2004 1378 2037 γ’,
1387 2003 1487 2038 ἔφη.--
1495 2002 1574 2029 Ἀλλὰ
1583 2003 1636 2037 μὴν
1655 2003 1790 2038 ὀρθότατά
1798 2003 1873 2037 γ’ἄν,

1086 2050 1100 2076 ὃ
1113 2049 1160 2076 νῦν
1180 2049 1212 2085 δὴ
1235 2049 1336 2083 ελεγον,
1360 2049 1439 2075 τοῦτο
1461 2049 1499 2081 ὡς
1516 2049 1624 2085 ἀληθῶς
1639 2049 1736 2084 ψεῦδος
1754 2050 1872 2082 καλοῖτο,

1087 2097 1143 2131 ήὲν
1160 2097 1192 2131 τῇ
1204 2096 1275 2131 ψυχῇ
1290 2095 1336 2122 τοῦ
1358 2095 1522 2130 ἐψευσμένου
1543 2095 1638 2130 ἄγνοια
1649 2104 1656 2111 ”
1677 2096 1737 2122 ἐπεὶ
1755 2097 1786 2122 τό
1799 2105 1832 2130 γε
1844 2097 1874 2123 ὲν

1085 2143 1142 2174 τοῖς
1165 2142 1266 2176 λόγοις,
1290 2142 1403 2177 μίμημά
1419 2150 1445 2168 τι
1469 2141 1516 2167 τοῦ
1543 2143 1570 2168 ὲν
1596 2143 1627 2177 τῇ
1650 2141 1720 2177 ψυχῇ
1747 2142 1802 2178 (81)
1815 2143 1873 2169 ἐστι

1084 2188 1264 2223 παθήματος,
1285 2188 1333 2214 καὶ
1353 2187 1465 2223 ὕστερον
1484 2187 1594 2221 γεγονὸς
1616 2188 1733 2220 εἴδωλον,
1753 2189 1783 2215 οὐ
1801 2188 1872 2215 πάνυ

248 2229 348 2262 (erant,
362 2229 409 2256 sed
420 2230 502 2256 etiam
520 2229 554 2256 ab
568 2237 600 2256 eo
610 2229 661 2256 hac
675 2229 701 2256 iu
718 2236 794 2264 parte
808 2230 979 2258 vehementer
989 2232 1032 2259 ab-

1085 2235 1201 2270 ἄκρατον
1216 2233 1312 2269 ψεῦδος
1322 2242 1329 2249 ε
1347 2233 1423 2269 ἢοὺχ
1439 2232 1647 2265 οὓτω;-Πάνυ
1666 2234 1715 2269 μὲν
1727 2232 1873 2262 edin—To

250 2276 427 2302 horreant.—
435 2274 563 2308 Prorsus,
573 2275 672 2310 inquit.
679 2276 811 2310 —Atqui,
819 2281 901 2308 recte,
910 2276 1031 2311 inquam,

249 2321 373 2353 omnino,
398 2320 471 2354 quod
491 2320 603 2354 jatujam
622 2320 671 2348 abs
685 2328 729 2348 me
744 2320 897 2353 dicebatur,
920 2321 972 2349 hoc
991 2327 1034 2350 est

248 2374 308 2400 qua:
324 2367 349 2392 in
364 2366 483 2393 hominis
500 2365 604 2400 decepti
619 2366 710 2393 animo
729 2370 852 2394 versatur
867 2367 1031 2402 ignorantia,

249 2412 421 2439 mendacium
446 2411 615 2445 appelletur;
639 2411 712 2445 quod
736 2411 808 2440 enim
830 2412 856 2438 in
879 2413 970 2440 verbis
992 2419 1034 2442 est

249 2457 380 2491 positum,
405 2457 430 2483 id
455 2457 514 2491 ejus
541 2456 743 2490 tantum,quod
763 2456 885 2485 animout
907 2464 1031 2493 occupat,

248 2503 307 2530 vitii
329 2503 445 2530 imitatio
458 2503 581 2537 quaedam
598 2507 649 2535 est,
663 2510 877 2538 expressumque
899 2506 1032 2538 posterius

248 2550 437 2582 simulacrum,
456 2558 508 2576 non
529 2554 619 2577 autem
642 2557 739 2584 purum
758 2549 868 2577 omnino
884 2555 1033 2586 putumque

250 2593 432 2620 mendacium.
456 2594 498 2620 Au
514 2601 568 2620 non
589 2594 626 2620 ita
649 2594 711 2621 est?
731 2608 767 2613 ——
792 2595 833 2621 Ita
853 2602 975 2629 prorsus.
998 2611 1033 2615 —-

251 2639 329 2671 Quod
340 2645 404 2673 ergo
417 2647 445 2665 re
456 2639 514 2674 ipsa
529 2639 698 2666 mendacium
715 2644 766 2671 est,
780 2639 807 2666 id
819 2647 873 2667 non
885 2640 924 2667 dii
940 2641 1031 2673 modo,

250 2692 345 2712 verum
363 2685 443 2711 etiam
453 2685 575 2712 homines
590 2692 703 2712 exosum
717 2685 993 2719 habent.—-—Habent,
1004 2692 1033 2714 ut

370 2753 415 2784 Ὠς
443 2753 502 2778 θεοὶ
529 2752 683 2785 ξείνοισιν.
717 2751 852 2780 Homerus
879 2753 973 2788 Odyss.
999 2755 1031 2786 P,

250 2789 407 2859 flgiti-Er
427 2822 463 2856 τῇ
479 2823 575 2859 ψυχῇ,
592 2828 643 2850 ete.
660 2823 736 2859 Plato
755 2823 803 2855 sic,
819 2825 834 2858 ή
856 2824 884 2850 ἐν
907 2825 939 2859 τῇ
959 2823 1031 2858 ψυχῇ

251 2858 359 2892 Ervom,
377 2859 392 2886 ἠ
407 2859 452 2885 τοῦ
469 2858 642 2889 ἐψευσμένου.
662 2858 767 2885 Mallem
789 2860 821 2894 τῇ
839 2859 884 2886 τοῦ
963 2859 1032 2887 Fict-

1086 2281 1134 2315 μὲν
1152 2279 1183 2315 δὴ
1203 2279 1244 2314 τῷ
1264 2279 1320 2305 bim
1343 2279 1441 2313 ψεῦδος
1464 2279 1495 2305 οὑ
1519 2279 1598 2314 μόνον
1622 2279 1673 2306 ὑπὸ
1697 2279 1777 2311 θεῶν,
1803 2279 1871 2306 ἀλλὰ

1084 2326 1130 2352 καὶ
1151 2325 1202 2352 ὑπὸ
1222 2325 1372 2361 ἀνθρώπων
1391 2328 1650 2362 μισεῖται.--Δοκεῐ
1673 2336 1729 2362 μοι,
1743 2343 1780 2348 —
1792 2328 1825 2354 Τί
1843 2328 1871 2354 δὲ

1082 2370 1114 2405 δὴ
1129 2370 1158 2396 τὸ
1174 2371 1201 2397 ὲν
1216 2372 1270 2401 τοῖς
1285 2370 1375 2404 λόγοις
1387 2371 1499 2406 ψεῦδος,
1512 2373 1577 2399 πότε
1587 2392 1594 2405 ,
1614 2373 1661 2399 καὶ
1678 2373 1704 2399 τί
1722 2374 1869 2409 χρήσιμον,

1082 2416 1151 2442 ὣστε
1170 2416 1207 2451 μὴ
1228 2416 1302 2449 ἄξιον
1322 2415 1392 2444 εἶναι
1416 2417 1528 2453 μίσους;
1545 2416 1607 2454 τΑρ¹
1628 2418 1657 2445 οὐ
1676 2418 1744 2454 πρός
1761 2426 1791 2444 τε
1811 2419 1872 2449 τοὺς

1084 2461 1228 2496 πολεμίους
1242 2463 1289 2488 καὶ
1301 2462 1354 2489 τῶν
1367 2462 1539 2498 καλουμένων
1553 2464 1636 2498 φίλων
1653 2463 1739 2495 τινὰς,
1752 2464 1817 2490 ὅταν
1828 2463 1872 2489 διὰ

1084 2506 1180 2541 μανίαν
1196 2507 1213 2541 ἦ
1227 2515 1286 2533 τινα
1301 2508 1392 2534 ἄνοιαν
1409 2508 1492 2535 κακόν
1504 2517 1530 2535 τι
1543 2508 1702 2544 ἐπιχειρῶσι
1724 2509 1868 2543 πράττειν,

1082 2553 1140 2578 τότε
1158 2553 1315 2588 ἀποτροπῆς
1331 2553 1413 2581 ἕνεκα
1425 2555 1462 2586 ὡς
1474 2555 1617 2591 φάρμακον
1634 2558 1767 2591 χρήσιμον
1781 2555 1872 2589 γίγνε-

1082 2606 1143 2630 ται;
1160 2598 1214 2624 Καὶ
1232 2599 1260 2624 ἐν
1278 2596 1321 2630 αἷς
1334 2599 1381 2625 νῦν
1399 2599 1430 2635 δὴ
1451 2600 1591 2636 ἐλέγομεν,
1607 2602 1666 2632 ταῖς
1684 2600 1870 2636 μυθολογίαις,

1081 2643 1126 2669 διὰ
1143 2644 1173 2670 τὸ
1192 2644 1229 2679 μὴ
1249 2644 1362 2676 εἰδέναι,
1378 2645 1430 2680 ὅπη
1452 2645 1565 2680 τάληθὲς
1582 2646 1636 2681 ἔχει
1655 2646 1718 2681 περὶ
1741 2646 1795 2672 τῶν
1819 2655 1871 2672 πα-

1082 2689 1174 2721 λαιῶν,
1197 2691 1390 2726 ἀφομοιοῦντες
1408 2691 1446 2726 τῷ
1465 2691 1559 2727 ἀληθεῖ
1584 2692 1614 2718 τὸ
1628 2692 1735 2727 ψεῦδος,
1753 2692 1794 2719 ὅτι
1818 2693 1871 2728 μά-

1083 2762 1152 2787 nus,
1173 2756 1199 2782 in
1215 2756 1304 2783 animo
1325 2758 1474 2784 mentientis
1495 2758 1610 2785 inscitia.
1625 2758 1692 2789 lmo,
1707 2758 1753 2792 qui
1770 2759 1870 2785 menti-

1083 2795 1136 2827 tur,
1160 2795 1253 2827 contra
1279 2797 1395 2819 mentem
1424 2793 1480 2827 ipse
1506 2802 1596 2825 suam,
1621 2802 1652 2821 ac
1677 2801 1772 2820 verum
1790 2794 1867 2825 illud,

1082 2826 1362 2889 (conscius
1375 2831 1426 2862 est,
1441 2827 1570 2862 loquitur.
1590 2828 1636 2857 Est
1649 2836 1713 2865 ergo
1727 2828 1867 2864 passivum

1118 2870 1138 2886 ..μ’
1189 2875 1200 2886 ς
1249 2879 1257 2888 ι

1118 2870 1257 2888 ευσμενος.
