2078 3207
205 204 274 231 i075

793 203 953 232 PRAIPAR.
974 204 1099 233 EVANG.
1119 204 1184 232 LIB.
1204 204 1272 231 XIII.

1750 209 1762 235 ί
1766 209 1818 236 οη

201 261 281 289 λιστα
295 261 366 289 οὕτω
374 263 506 298 χρήσιμον
520 262 667 298 ποιοῦμεν;
681 277 716 285 —-
727 263 781 290 Kal
806 264 886 299 μάλα,
895 261 928 299 ἥδ
945 264 984 297 ὃς,

1036 265 1152 292 videtur.
1166 280 1201 285 —
1220 264 1280 292 Jam
1296 271 1361 293 vero
1376 265 1448 300 quod
1472 264 1499 292 in
1512 265 1602 293 verbis
1618 265 1690 294 inest
1705 266 1819 294 menda-

201 307 289 339 οὕτως
304 306 370 342 ἔχει.
383 321 417 327 -
430 308 507 335 Κατὰ
524 307 556 344 δὴ
573 308 599 334 τί
615 306 660 335 οὖν
672 308 703 344 δὴ
722 309 833 342 τούτων,
844 309 947 345 τῷΘεῷ
955 311 985 336 τὺ

196 352 298 389 ψεῦδος
317 354 466 388 χρήσιμονς
495 354 624 389 πότερον,
647 354 689 381 διὰ
715 356 745 382 τὸ
769 356 806 391 μὴ
831 356 929 384 εἰδέναι
952 357 987 383 τὰ

197 398 320 431 παλαιὰ,
334 399 475 434 ἀφομοιῶν
484 400 517 426 ἂν
539 400 680 434 ψεύδοιτος
700 416 733 421 -
744 402 849 429 Γελοῖον
863 403 934 438 μέντ’
945 403 986 430 ’ἂν

195 445 238 480 εἴη
251 465 259 476 ,
275 444 375 480 ἐφη.-
386 445 502 481 Ποιητὴς
520 445 569 480 μὲν
583 445 636 481 ἄρα
650 453 677 472 εν
685 445 744 482 Θεῴ
759 446 858 482 ψευδὴς
870 448 919 474 οὐχ
931 447 985 481 Evr;

194 489 279 516 -Ού
305 498 349 524 μοι
373 489 500 517 δοκεῖ.-
515 490 593 518 Ἀλλὰ
613 491 706 524 δεδιὼς
728 493 791 524 τοὺς
816 493 930 529 ἐχθροὺς
953 494 986 520 ἂν

195 534 339 569 ψεύδοιτοζ
354 550 389 554 -
405 535 507 562 Πολλοῦ
534 545 565 570 γε
595 536 645 563 δεῖ.
667 552 702 556 —-
724 537 802 564 Ἀλλὰ
823 538 855 564 δι’
879 540 986 565 οἰκείων

196 580 290 607 ἄνοιαν
307 580 324 616 ἢ
342 579 570 615 μανίαν;-Ἀλλ’
590 581 691 615 οὐδεὶς,
708 582 758 618 ἔφη
770 604 776 614 ,
797 582 850 610 τῶν
865 584 986 619 ἀνοήτων

197 627 245 654 καὶ
264 627 441 662 μαινομένων,
455 627 590 662 Θεοφιλὴς.
611 628 668 654 Οὐκ
680 628 733 664 ἄρα
753 629 836 660 ἐστὶν,
858 625 888 655 οὗ
907 629 986 656 ἕνεκα

197 670 230 697 ἂν
244 671 309 702 Θεὸς
320 671 453 705 ψεύδοιτο.
463 672 566 709 -ιοὺκ
583 672 651 700 ἔστι.
660 673 792 708 -Πάντη
806 673 860 709 ἄρα
873 673 986 708 ἀψευδὲς

197 716 229 744 τὸ
240 714 378 752 δαιμόνιόν
394 726 424 743 τε
437 718 483 744 καὶ
496 718 526 744 τὸ
535 719 621 746 Θεῖον.
637 734 667 739 -
684 719 842 746 Παντάπασι
860 719 908 754 μὲν
929 718 984 751 οὖν,

198 764 404 800 ἔφη.-Κομιδῇ
412 765 465 800 ἄρα
473 766 486 791 ὁ
494 764 558 796 Θεὸς
567 765 668 792 ἁπλοῦν
676 766 723 792 καὶ
737 765 834 801 ἀληθὲς
843 766 871 791 ὲν
882 765 985 806 τίἕργῳ

198 811 245 838 καὶ
257 810 338 845 λόγῳ.
365 811 418 837 Καὶ
440 809 502 836 οὔτε
525 810 605 842 αὐτὸς
625 811 796 846 μεθίσταται,
815 810 877 838 οὔτε
890 811 985 844 ἄλλους

198 856 332 892 ἐξαπατᾷ,
352 855 413 882 οὔτε
434 856 504 883 κατὰ
530 857 688 892 φαντασίας.
709 857 772 884 οὔτε
790 857 860 885 κατὰ
879 857 984 892 λόγους,

196 901 259 929 οὔτε
279 901 349 929 κατὰ
369 902 489 939 σημείων
508 903 635 938 πομπὰς,
663 902 720 930 οὗθ’
738 903 812 939 ὖπσιρ
830 903 886 930 οὔτ’
906 903 982 940 ὄναρ.

1037 311 1121 343 cium,
1141 311 1250 346 quando
1268 311 1387 344 tandem,
1410 316 1438 338 et
1451 312 1523 346 quod
1535 319 1594 339 eam
1609 313 1753 341 utilitatem
1768 313 1818 340 ha-

1036 357 1092 390 bet,
1104 362 1134 384 ut
1145 357 1208 384 odio
1219 357 1331 392 dignum
1347 357 1440 384 haberi
1455 365 1509 384 non
1522 357 1635 385 debeat?
1650 357 1745 387 Nonne
1755 367 1818 386 cum

1037 402 1167 430 adversus
1182 403 1285 436 hostes,
1305 407 1363 430 tum
1383 403 1463 430 etiam
1481 411 1545 438 erga
1562 404 1707 432 nonnullos
1723 412 1818 432 eorum

1036 455 1105 482 quos
1129 448 1231 476 amicos
1254 456 1396 482 vocamus,
1419 449 1442 476 si
1459 449 1568 483 quando
1582 449 1624 476 vel
1641 450 1694 477 acti
1715 449 1818 484 furore,

1036 494 1078 521 vel
1099 494 1253 529 ignorantia
1269 494 1349 529 lapsi,
1374 494 1437 522 mali
1455 495 1556 530 aliquid
1575 495 1738 529 moliantur,
1760 496 1819 531 ejus

1036 540 1172 567 avertendi
1199 547 1292 572 causa,
1313 545 1442 575 tanquam
1465 541 1611 569 amuletum
1638 542 1746 577 aliquod
1770 550 1820 577 op-

1036 589 1184 619 portunum
1201 585 1260 613 est?
1275 585 1344 618 Quin
1362 586 1443 614 etiam
1464 586 1492 614 in
1515 587 1568 614 illis
1581 587 1657 621 ipsis,
1673 588 1706 615 de
1721 587 1821 622 quibus

1036 631 1117 666 paulo
1132 635 1195 658 ante
1209 632 1365 666 agebamus,
1383 632 1494 664 fabulis,
1514 633 1586 668 quod
1600 640 1651 661 nos
1664 641 1753 660 rerum
1772 641 1821 660 au-

1036 675 1172 710 tiquarum
1191 676 1291 703 veritas
1303 676 1395 704 lateat.
1416 676 1484 704 Dum
1499 678 1533 704 ad
1546 678 1602 704 veri
1614 678 1819 706 similitudinem

1036 721 1206 749 mendacium
1222 722 1365 754 trahimus,
1386 731 1477 750 nonne
1491 727 1558 756 tum,
1576 728 1605 751 ut
1620 724 1720 758 aliquid
1733 731 1767 752 ex
1784 731 1818 752 eo

1036 767 1141 795 lructus
1156 768 1257 803 percipi
1276 769 1372 802 possit,
1390 768 1544 796 eﬂicimus?
1559 785 1594 789 —
1607 770 1696 803 Certe,
1721 770 1819 805 inquit.

1035 827 1070 834 —
1095 813 1219 846 Quonam
1243 813 1325 848 igitur
1347 821 1379 841 ex
1406 814 1459 842 illis
1481 814 1653 847 nominibus,
1678 815 1743 843 utile
1764 815 1819 843 Deo

1035 859 1207 887 mendacium
1222 867 1283 888 esse
1302 860 1401 895 queat?
1423 859 1531 893 Utrum,
1550 861 1622 896 quod
1638 869 1728 889 rerum
1747 862 1819 889 anti-

1035 914 1151 942 quarum
1175 906 1345 942 ignoratione
1365 907 1478 940 laboret,
1493 906 1609 942 quadam
1630 907 1687 934 veri
1708 907 1822 935 simula-

197 947 306 980 υῦτως,
326 948 392 984 ἔφη,
407 948 501 984 ἔμοιγε
518 948 563 975 καὶ
582 949 656 984 αὐτῷ
674 949 814 988 φαίνεται,
830 949 876 976 σοῦ
890 949 984 984 λέγον-

1036 954 1108 980 tione
1126 953 1291 980 mentietur?
1305 967 1340 972 —
1356 951 1521 984 Ridiculum,
1541 953 1639 988 inquit,
1654 953 1706 981 hoc
1726 953 1819 982 fuerit.

195 1001 254 1025 τος.
271 994 424 1029 Συγχωρεῖς
453 994 522 1030 ἄρα,
545 994 616 1029 ἔφη,
638 994 731 1021 τοῦτον
756 995 880 1031 δεύτερον
902 995 985 1022 τύπον

196 1035 286 1073 εἶναι,
309 1039 339 1065 ὲν
359 1036 381 1073 ᾧ
402 1040 441 1066 δεῖ
460 1040 525 1076 περὶ
544 1039 613 1066 θεῶν
642 1041 689 1067 καὶ
708 1040 797 1075 λέγειν
819 1042 866 1068 καὶ
887 1043 984 1075 ποιεῖν,

195 1085 235 1117 ὡς
266 1086 334 1122 μήτε
365 1087 463 1118 αὐτοὺς
496 1087 598 1122 γόητας
635 1086 715 1119 ὂντας
740 1087 779 1123 τῷ
810 1087 985 1123 μεταϐάλλειν

196 1132 320 1164 ἑαυτοὺς,
336 1132 400 1167 μήθ’
412 1133 487 1168 ἡμᾶς
504 1131 614 1167 ψεύδεσι
637 1133 771 1168 παράγειν
791 1134 820 1160 ἐν
832 1133 903 1169 λόγῳ
923 1134 939 1170 ἢ
957 1135 986 1161 ἐν

195 1179 270 1215 ἔργῳ
281 1187 332 1212 ;-
341 1179 488 1216 Συγχωρῶ.
497 1181 626 1207 -Πολλὰ
642 1181 696 1216 ἄρα
713 1182 833 1217 Ὀμήρου
846 1180 987 1208 ἐπαινοῦν-

195 1233 242 1256 τες
260 1224 337 1257 ἄλλα,
349 1225 428 1252 τοῦτο
441 1226 490 1253 οὐκ
498 1227 712 1262 ἐπαινεσόμεθα,
729 1227 778 1262 τὴν
797 1227 843 1253 τοῦ
862 1227 985 1254 ἐνυπνίου

196 1271 309 1305 πομπὴν
318 1266 376 1306 (82)
386 1270 438 1298 ὑπὸ
448 1271 509 1303 Διὸς
520 1271 557 1307 τῷ
571 1272 760 1308 Ἀγαμέμνονι·
771 1272 832 1299 Οὐδ’
841 1272 985 1308 Αἰσχύλου,

194 1316 261 1344 ὅταν
277 1318 313 1353 φῇ
334 1318 351 1352 ἡ
368 1317 448 1350 Θέτις
466 1317 510 1345 τὸν
529 1319 648 1345 Ἀπόλλω
667 1319 696 1345 ὲν
709 1320 765 1350 τοῖς
784 1318 868 1354 αὐτῆς
887 1318 987 1354 γάμοις

195 1362 292 1399 ᾅδοντα
297 1372 303 1378 ο

1034 1012 1069 1018 -
1085 997 1199 1026 Mendax
1221 997 1303 1033 igitur
1326 998 1352 1025 in
1377 998 1432 1025 Deo
1457 1003 1535 1033 poeta
1561 1007 1614 1026 non
1636 1003 1688 1026 est.
1703 1014 1739 1019 -—
1755 998 1821 1026 Mihi

1035 1044 1144 1079 quidem
1170 1052 1223 1070 non
1240 1044 1365 1071 'videtur.
1389 1058 1419 1063 ——
1446 1045 1487 1070 An
1503 1052 1568 1071 vero
1585 1044 1704 1072 hostium
1727 1045 1821 1073 metu?

1035 1090 1122 1118 Absit.
1130 1105 1165 1109 —
1173 1090 1213 1116 An
1223 1094 1334 1124 propter
1345 1090 1494 1117 amicorum
1504 1090 1697 1117 autstultitiam
1714 1095 1762 1118 aut
1775 1091 1820 1118 fu-

1035 1135 1143 1162 rorem?
1163 1149 1200 1155 —
1223 1133 1258 1162 At
1285 1134 1394 1167 stultus,
1421 1134 1519 1169 inquit,
1541 1134 1716 1171 furiosusque
1740 1143 1822 1164 nemo

1035 1180 1140 1208 amicus
1167 1180 1221 1208 Deo
1246 1187 1306 1208 esse
1330 1184 1428 1215 potest.
1447 1180 1544 1208 Causae
1567 1181 1648 1215 igitur
1673 1181 1741 1208 nihil
1767 1186 1820 1214 est,

1036 1226 1214 1261 quamobrem
1241 1226 1387 1253 mentiatur
1403 1225 1486 1254 Deus.
1501 1241 1537 1245 —
1550 1225 1632 1254 Nihil.
1655 1242 1690 1247 -—
1711 1227 1822 1255 Semota

1036 1281 1101 1309 ergo
1117 1273 1150 1300 ab
1165 1272 1239 1300 omni
1263 1272 1405 1300 mendacio
1429 1276 1472 1300 est
1490 1272 1633 1300 numinum
1653 1273 1822 1308 deorumque

1037 1322 1146 1346 natura.
1171 1328 1206 1338 -ἀ
1230 1317 1358 1349 Omnino,
1375 1317 1472 1352 inquit.
1495 1333 1531 1338 —-
1551 1317 1623 1346 Deus
1644 1318 1724 1353 igitur
1737 1326 1821 1354 quam

1038 1363 1258 1398 simplicissimus
1273 1366 1325 1395 est,
1340 1362 1466 1397 idemque
1479 1366 1533 1390 tam
1547 1370 1586 1396 re,
1601 1371 1683 1398 quam
1698 1364 1822 1392 oratione

195 1409 365 1443 verissimus,
387 1418 437 1438 nec
460 1415 580 1438 mutatur
609 1411 676 1446 ipse,
698 1419 748 1439 nec
779 1411 847 1439 alios
863 1415 909 1438 aut
928 1410 1055 1438 simulata
1086 1409 1186 1445 specie,
1218 1413 1266 1436 aut
1282 1408 1383 1440 verbis,
1406 1412 1454 1435 aut
1475 1409 1615 1444 signorum
1631 1409 1755 1444 ostentis,
1775 1414 1823 1439 aut

194 1457 273 1490 visis,
301 1461 348 1484 aut
370 1458 501 1493 somniis,
523 1459 551 1486 in
571 1467 692 1487 errorem
731 1460 841 1487 inducit.
876 1459 972 1487 Restat
995 1459 1088 1494 igitur,
1123 1462 1154 1485 ut
1175 1457 1322 1485 secundant
1355 1457 1426 1484 hanc
1446 1456 1561 1484 formam
1585 1465 1645 1486 esse
1676 1460 1820 1493 concedas,

193 1513 278 1540 quam
300 1511 424 1534 oratores
452 1512 479 1534 et
509 1512 604 1542 poeta),
627 1515 688 1535 cum
711 1507 745 1535 de
767 1508 820 1536 diis
841 1508 1002 1543 loquuntur,
1031 1505 1131 1534 intueri
1152 1505 1277 1538 debeant,
1304 1512 1351 1532 eos
1376 1511 1426 1532 nec
1440 1505 1510 1532 sese
1536 1508 1664 1540 tanquam
1686 1506 1821 1534 veneﬁcos

194 1553 351 1587 immutare,
371 1562 422 1583 nec
439 1555 537 1589 verbis,
553 1560 599 1583 aut
629 1564 658 1584 re
682 1557 740 1591 ipsa
770 1557 935 1590 mentiendo,
968 1555 1048 1583 nobis
1077 1555 1226 1589 imponere.
1241 1551 1422 1580 ——C.oncedo.
1439 1567 1474 1571 ——
1490 1551 1584 1587 Itaque
1604 1552 1764 1588 Homerum,
1791 1559 1823 1582 ut

194 1602 225 1629 in
242 1601 303 1630 aliis
316 1603 452 1638 plerisque
474 1603 626 1637 laudemus,
649 1605 677 1632 in
705 1612 738 1632 eo
766 1610 857 1632 tamen
889 1613 943 1632 non
975 1605 1158 1639 laudabimus,
1187 1605 1260 1640 quod
1283 1605 1418 1633 somnium
1439 1605 1505 1633 illud
1517 1605 1712 1640 Agamemnoni
1729 1603 1822 1632 aJove

193 1647 349 1678 immissum
381 1652 552 1679 conﬁnxerit.
577 1651 659 1688 647
688 1652 742 1680 Nec
765 1652 926 1689 Eschylum
960 1653 1155 1689 probabimus,
1185 1660 1248 1681 cum
1274 1652 1417 1680 Thetidem
1454 1652 1621 1685 introducit,
1655 1651 1819 1687 Apollinem,

195 1697 284 1733 ipsum
300 1706 380 1734 quem
403 1699 432 1727 in
451 1700 508 1728 suis
535 1700 580 1727 illa
597 1701 699 1735 nuptiis
715 1706 854 1729 cautorem
880 1702 1023 1736 habuerat,

236 1755 448 1793 Ἐνδαιτεῖσααι
459 1757 515 1793 (85)
531 1757 583 1790 τὰς
599 1757 651 1791 ἑὰς
661 1758 826 1792 εὐπαιδίας,

231 1791 339 1830 [Edatur
353 1791 548 1830 τέ’-ἀπείρους,
565 1793 612 1819 καὶ
625 1794 812 1830 μακραζωνος
821 1794 894 1825 βίου
914 1794 981 1830 (84),

230 1825 395 1864 gumiae;de
410 1828 433 1853 τ’
448 1825 550 1864 εἰπὼν,
564 1825 710 1864 θεοίριλεῗς
725 1825 903 1864 ὲμὰςίτύχιις

232 1861 331 1898 {latior
348 1862 574 1898 ἐπευφήμησεν,
594 1861 807 1898 εὖθυμῶνὲμέ.

233 1896 317 1934 licini)
328 1896 369 1934 ,τὸ
388 1896 494 1934 Φρὶϐὸυ
514 1898 594 1925 θεῖον
611 1896 742 1932 agt-gues,
759 1896 857 1934 tua“:

234 1930 373 1972 Ἡλίςιζρν
385 1932 476 1972 ﬂuat,
494 1933 627 1972 μαντικῇ
635 1930 739 1972 ξβρύοιῖ
750 1930 860 1972 ΔτὲχὶἪ.

239 1967 265 1993 ’0
281 1967 306 2004 δῖ
319 1967 411 2004 αὐτὸς
426 1967 538 2002 ὑμνῶν,
558 1969 649 2001 αὐτὸς
662 1967 697 1995 ἐν
710 1967 794 2003 θοίνῃ
802 1967 913 2004 παρὼν,

231 2002 328 2036 Αὐτὸς
340 2003 402 2029 τάδ’
415 2003 517 2035 εἰπὼν,
533 2005 624 2036 αὐτός
635 2004 721 2031 ἐστιν
736 2006 751 2032 v'
764 2002 881 2032 κτανὼν

236 2038 291 2064 Τὸν
310 2038 402 2065 παῖδα
420 2039 474 2066 τὸν
491 2039 574 2073 ἐμόν.

196 2095 282 2121 Ὅταν
306 2103 348 2126 τις
371 2094 482 2122 τοιαῦτα
503 2095 570 2131 λέγῃ
590 2097 652 2132 περὶ
673 2097 752 2128 Θεῶν,
778 2097 984 2133 χαλεπανοῦμέν

194 2147 237 2170 τε,
252 2139 299 2166 καὶ
311 2139 391 2175 χορὸν
404 2140 434 2166 οὐ
449 2139 570 2176 δώσομεν
583 2140 648 2176 (85),
662 2141 722 2167 οὐδὲ
735 2142 798 2174 τοὺς
810 2142 984 2174 διδασκάλους

195 2185 314 2221 ἐάσομεν
328 2186 374 2212 ἐπὶ
389 2186 496 2222 παιδείᾳ
511 2187 628 2223 χρῆσθαι
643 2187 696 2214 τῶν
708 2187 786 2219 νέων,
803 2189 827 2214 εἰ
844 2188 984 2223 μέλλουσιν

194 2234 264 2270 ἡμῖν
286 2235 310 2260 οἱ
332 2234 451 2268 φύλακες
475 2234 611 2266 οεοσεϐεῖς
633 2243 663 2260 τε
687 2235 734 2261 καὶ
749 2234 814 2262 θεῖοι
831 2235 982 2270 γίγνεσθαι,

1107 1759 1206 1786 Risisse
1219 1763 1314 1785 sortem
1326 1757 1407 1792 prolis
1423 1758 1552 1793 egregiam
1562 1765 1628 1788 suas,

1110 1794 1177 1821 Milli
1191 1802 1251 1820 nam
1266 1793 1389 1824 valenter,
1406 1792 1484 1828 atque
1498 1793 1627 1828 longtevos
1644 1792 1700 1827 fore

1108 1829 1178 1856 Dum
1193 1834 1296 1856 caneret
1315 1829 1369 1863 ipse
1382 1828 1488 1859 liberos,
1503 1828 1541 1854 nil
1556 1829 1663 1862 insuper

1110 1863 1171 1890 Non
1187 1868 1278 1898 sponte
1292 1871 1366 1898 pwon
1380 1863 1493 1895 addidit,
1508 1864 1614 1889 elmram
1627 1863 1682 1898 deis

1114 1897 1214 1926 Vocana
1231 1897 1373 1932 parentem,
1390 1906 1480 1932 meque
1497 1897 1591 1924 lwtitia
1603 1897 1724 1931 efferens,

1109 1933 1238 1968 Equidem
1254 1934 1342 1960 subire
1353 1931 1457 1967 fraudis
1469 1941 1500 1959 ac
1516 1933 1580 1967 falsi
1596 1931 1661 1958 nihil

1109 1968 1206 1996 Divina
1221 1969 1288 1995 vatis
1305 1977 1353 1995 ora
1368 1968 1531 1994 credideram
1545 1968 1624 1994 sacri.

1110 2003 1160 2030 Ille
1175 2005 1228 2038 ipse
1239 2011 1324 2038 prmco
1340 2007 1482 2038 noster,“
1494 2010 1589 2029 mensa:
1602 2010 1698 2030 comes.

1109 2037 1211 2066 Cuncta
1224 2039 1272 2065 illa
1281 2039 1401 2073 jactans,
1417 2037 1503 2073 ﬁlium
1519 2037 1614 2064 occidit
1628 2046 1733 2065 meum.

1034 2093 1098 2123 Haec
1112 2095 1266 2129 similiaque
1280 2094 1314 2121 de
1325 2094 1378 2121 diis
1391 2102 1406 2121 a
1422 2101 1586 2129 quocunque
1599 2094 1734 2127 dicantur,
1750 2093 1820 2121 fere-

1036 2148 1098 2168 mus
1123 2140 1251 2176 graviter,
1277 2147 1328 2167 nec
1349 2139 1453 2175 legendi
1476 2139 1646 2174 docendique
1670 2139 1747 2166 chori
1768 2146 1819 2174 po-

1035 2191 1158 2214 testatem
1172 2186 1195 2213 ei
1214 2186 1356 2218 faciemus,
1373 2192 1423 2212 nec
1441 2185 1474 2212 iis
1492 2189 1670 2220 praeceptores
1688 2185 1716 2211 in
1728 2184 1821 2219 junio-

1033 2233 1111 2260 ribus
1127 2231 1307 2259 inlormandis
1330 2230 1403 2257 abuti
1427 2230 1577 2265 patiemur;
1603 2230 1626 2257 si
1653 2230 1735 2257 modo
1750 2230 1818 2265 reip.

194 2279 311 2307 καθόσον
322 2279 370 2306 ἀνθ
376 2279 457 2315 ρώπῳ
467 2279 514 2306 ἐπὶ
523 2279 647 2306 πλεῖστον
655 2277 710 2306 οἷόν
719 2288 797 2306 τε.-
805 2280 981 2307 Παντάπασιν

1035 2283 1134 2306 nostra:
1148 2278 1276 2305 custodes
1295 2277 1436 2312 religiosos
1458 2280 1495 2308 et,
1515 2280 1647 2311 quantum
1669 2275 1773 2302 homini
1789 2275 1822 2302 li-

195 2326 261 2361 εφη,
283 2325 370 2360 ἔγωγε
392 2325 455 2357 τοὺς
476 2325 578 2356 τύπους
598 2325 709 2357 τούτους
729 2325 863 2361 συγχωρῶ
882 2326 928 2352 καὶ
947 2326 984 2357 ὡς

195 2372 290 2407 νόμοις
313 2371 346 2398 ἂν
366 2371 457 2404 αὐτοῖς
475 2371 598 2406 χρῴμην.
613 2381 621 2397 ι
646 2371 739 2398 Ταῦτα
761 2371 810 2407 μὲν
832 2373 846 2399 ό
860 2371 982 2398 Πλάτων.

195 2417 295 2453 Εὗροις
309 2417 332 2444 δ’
348 2417 380 2444 ἂν
393 2417 442 2453 τὴν
458 2416 590 2452 Ἑϐραίων
602 2416 720 2452 γραφὴν,
736 2416 858 2452 οὐδαμῶς
873 2417 922 2452 μὲν
938 2416 985 2452 μύ-

196 2463 261 2495 Θους
272 2464 402 2499 αἰσχροὺς
416 2463 480 2496 περὶ
489 2463 535 2490 τοῦ
546 2462 600 2489 τῶν
613 2462 681 2489 ὅλων
691 2462 770 2494 Θεοῦ,
781 2462 838 2488 ἀλλ’
849 2462 909 2489 οὐδὲ
920 2463 984 2498 περὶ

195 2510 252 2537 τῶν
267 2509 426 2545 ἀμφάὑτὸν
449 2509 527 2536 θείων
545 2509 678 2543 ἀγγέλων,
697 2508 758 2534 οὐδέ
783 2517 815 2542 γε
844 2509 909 2544 περὶ
928 2507 983 2534 τῶν

197 2555 327 2591 Θεοφιλῶν
348 2555 464 2591 ἀνδρῶν,
480 2555 579 2590 ὁμοίως
596 2556 655 2586 ταῖς
676 2554 845 2590 Ἑλληνικαῖς
869 2553 983 2589 μυθολο-

197 2603 271 2638 γίαις
281 2603 467 2638 περιέχουσαν·
481 2602 526 2628 τὸν
534 2601 562 2628 δὲ
572 2601 623 2627 ὑπὸ
633 2600 679 2627 τοῦ
688 2600 830 2633 Πλάτωνος
840 2600 984 2628 ἐκτεθέντα

192 2649 292 2680 τύπον,
308 2648 349 2674 ὅτι
372 2656 402 2674 τε
417 2646 516 2682 ἀγαθὸς
538 2646 576 2673 ὣν
595 2647 609 2672 ὸ
623 2646 689 2679 Θεὸς
711 2646 856 2682 τυγχάνει,
880 2646 927 2673 καὶ
948 2646 983 2673 τὰ

192 2761 198 2766 ⁸
227 2724 289 2766 ,(82)
315 2724 472 2751 Ἐνυπνίου
502 2723 635 2758 πομπήν.
664 2723 799 2751 Homerus
828 2721 912 2750 Iliad.
944 2723 982 2755 Β,

191 2765 289 2829 mliti?)
316 2794 534 2822 Ἐνδαιτεῖσθαι.
563 2793 624 2822 Ila’c
647 2793 716 2828 apud
745 2792 905 2829 Lacinium
929 2801 984 2821 non

197 2831 258 2865 legi.
272 2830 350 2864 Apud
365 2829 503 2856 Platonem
519 2834 561 2856 est
572 2831 746 2865 ἐνδατεισθαι.
760 2828 897 2865 Hesychia
908 2829 984 2856 ἐνδα-

195 2865 327 2900 τουμένη.
343 2872 395 2891 non
421 2869 525 2891 tantum
543 2864 802 2899 ὲπιλαμὸανομένη,
825 2864 982 2900 μερίζουσα,

197 2900 244 2926 sed
267 2900 348 2926 etiam
372 2899 573 2926 ἐνδατούμενος.
597 2900 677 2926 οἱονεὶ
700 2899 791 2926 κακῶς
812 2899 898 2926 λέγων
916 2907 982 2925 σωο-

197 2907 244 2926 εριι
267 2907 348 2926 etiam
372 2907 573 2934 ενσατουμενος.
597 2908 677 2926 οιονει
700 2908 791 2930 κακως
814 2907 898 2932 Λεγων
916 2907 982 2933 σφο-

197 2935 279 2970 ὁρῶς.
293 2934 342 2962 llic
354 2935 458 2962 videtur
469 2943 530 2963 esse
541 2934 728 2967 ἐνδαιτείσϐαι,
743 2942 791 2963 seu
806 2934 983 2969 ἐνδατεῖσθαι,

1036 2329 1088 2357 cet,
1102 2324 1209 2351 divinos
1223 2323 1324 2350 habere
1342 2323 1495 2358 cupiamus.
1510 2337 1545 2342 —
1561 2322 1617 2358 Ego
1630 2329 1704 2353 vero,
1721 2321 1819 2356 inquit,

1035 2369 1138 2397 formas
1156 2369 1216 2396 illas
1236 2369 1411 2396 vehementer
1427 2369 1524 2403 probo,
1539 2368 1627 2403 iisque
1639 2372 1766 2402 tanquam
1781 2368 1820 2395 le-

1035 2415 1114 2449 gibus
1130 2414 1246 2441 maxime
1263 2416 1303 2441 uti
1319 2414 1412 2441 velim.
1430 2424 1439 2440 ι
1459 2413 1595 2441 Ilactenus
1607 2413 1694 2441 Plato.
1709 2413 1768 2441 Iam
1790 2414 1817 2441 in

1035 2459 1211 2487 Hebrreorum
1234 2460 1343 2493 litteris,
1367 2468 1502 2494 nusquam
1524 2460 1646 2492 omnino.
1672 2464 1765 2495 turpes
1785 2461 1819 2489 de

1035 2505 1154 2533 universi
1169 2505 1340 2532 moderatore
1363 2504 1426 2538 Deo,
1442 2513 1474 2532 ac
1497 2513 1530 2532 ne
1544 2505 1577 2532 de
1593 2505 1694 2533 divinis
1705 2506 1816 2541 quidem

1035 2551 1122 2586 ipsius
1146 2551 1259 2586 angelis,
1278 2552 1333 2578 imo
1355 2559 1405 2578 nec
1427 2552 1460 2579 de
1487 2551 1642 2580 hominibus
1658 2552 1741 2579 etiam
1764 2552 1820 2580 Deo

1036 2597 1125 2625 charis
1151 2597 1275 2630 fabulas,
1301 2597 1402 2625 Grmcis
1426 2598 1479 2625 illis
1499 2598 1602 2625 similes
1631 2598 1761 2633 reperias.
1787 2599 1821 2625 At

1035 2644 1167 2672 sancitam
1189 2644 1262 2671 illam
1278 2651 1294 2671 a
1315 2643 1426 2671 Platone
1447 2644 1562 2671 formam
1582 2645 1682 2680 passim
1698 2645 1820 2672 invenias

1033 2724 1063 2760 ἐν
1079 2724 1155 2758 δαιτῇ
1171 2723 1384 2760 κατειρωνεύειν.
1402 2723 1504 2751 Sensus
1517 2723 1624 2758 quidem
1642 2723 1668 2751 id
1689 2724 1817 2759 postulat.

1033 2759 1144 2786 Fit-inus
1161 2760 1211 2786 hoc
1224 2760 1336 2786 verbum
1353 2760 1480 2793 praeterit.

1070 2794 1325 2830 (84),Μαχραίωνος
1333 2795 1414 2826 βίου.
1427 2793 1484 2822 Iloc
1496 2794 1568 2821 malo
1581 2802 1660 2830 quam
1676 2795 1817 2830 μακραίω-

1032 2838 1079 2861 νας
1097 2829 1179 2864 βίους,
1196 2834 1226 2856 ut
1242 2830 1313 2863 apud
1327 2829 1475 2856 Platonem.

1070 2865 1125 2899 (85)
1138 2864 1232 2898 Χορὸν
1249 2865 1283 2891 οὐ
1298 2864 1441 2898 δώσομεν.
1457 2863 1548 2898 Neque
1561 2864 1586 2891 id
1602 2864 1682 2891 vortit
1697 2864 1819 2892 Ficinus.

1034 2899 1130 2927 Notum
1153 2905 1194 2926 est
1219 2900 1265 2934 qui
1295 2900 1451 2935 lragmdiam
1476 2899 1607 2931 docebat,
1630 2899 1693 2926 Illth
1715 2899 1819 2933 legendi

1034 2943 1143 2971 quoque
1163 2935 1330 2969 docendique
1348 2935 1424 2963 chori
1446 2939 1607 2970 potestatem
1625 2935 1681 2962 lieri
1700 2935 1818 2963 solitam.
