2078 3207
280 204 354 235 1015

611 206 655 235 EU
660 206 746 235 SEBﬂ
762 204 1002 234 CESARIENSIS
1021 205 1057 233 οε

1117 205 1208 234 PARS
1226 205 1260 233 ﬂ.
1277 220 1312 226 —
1329 205 1587 233 ΑΡοιοοετιυΔξ

1825 203 1902 232 ’10Ἱῦ

277 265 350 297 licet,
362 263 420 292 Non
433 260 515 292 modo
529 264 630 292 bonum
647 271 708 292 esse
723 263 819 296 Deum,
835 263 882 291 sed
891 265 975 305 etiam
987 271 1057 299 quae-

1107 263 1181 299 .πρὸς
1195 263 1278 291 αὑτοῦ
1292 263 1424 298 γεγονότα
1436 263 1535 296 πάντα,
1551 262 1674 290 τοιαῦτα.
1696 262 1752 297 Ἐφ’
1767 262 1778 277 ³
1792 262 1902 298 ἑκάστῳ

276 320 386 348 cunque
401 311 505 344 fecerit,
517 310 545 337 in
560 310 690 338 bonitatis
705 318 763 338 suae
778 310 1001 338 communionem
1016 318 1064 337 vo-

274 366 362 386 casse.
387 357 459 385 Sane
480 357 592 392 quidem
615 355 783 385 admirabilis
795 356 847 392 Eille
866 355 1065 392 Moyses.post

275 404 367 438 operis
385 403 531 438 cujuslibet
547 402 748 430 enarrationem
771 402 904 438 adjungit,
923 411 933 429 ι
951 401 985 429 Et
998 402 1065 430 vidit

277 449 349 476 Deus
365 449 437 484 quod
459 449 563 476 bonum
582 452 662 482 erat;
683 457 693 474 ι
711 448 837 484 idemque
858 452 919 484 post
939 448 1063 476 omnium

274 494 485 530 expositionem,
508 494 543 521 de
555 494 692 522 universis
715 494 842 522 universe
862 494 900 522 ita
913 494 1062 528 concludit,

277 549 288 565 ι
307 539 341 567 Et
355 539 423 567 vidit
440 539 510 567 Deus
531 539 624 567 omnia
639 547 700 574 qua:
724 539 836 573 fecerat,
851 545 878 568 et
893 544 973 567 erant
985 539 1063 567 valde

274 585 357 612 bona.
387 594 397 610 ι
424 583 568 616 Praeterea,
597 591 743 611 commune
768 582 945 611 Hebrzeorum
964 583 1061 618 dogma

275 630 328 658 hoc
351 634 402 661 est,
420 629 555 657 malorum
577 634 716 656 auctorem
741 628 823 656 Deum
844 636 900 656 non
922 635 992 656 esse.
1019 627 1061 655 Si.

275 675 385 711 quidem
403 683 453 703 nee
468 679 584 703 mortem
599 674 663 702 fecit
679 673 762 707 Deus,
786 681 836 702 nec
852 673 1000 700 viventium
1015 674 1060 700 in-

275 721 355 748 tcritu
377 720 538 748 delectatur.
560 719 596 747 Ut
619 720 692 747 enim
713 723 814 751 essent,
835 719 928 747 omnia
947 718 1060 753 creavit,

275 772 393 802 suntque
414 767 547 794 salutares
572 773 606 794 ex
629 773 689 794 sese
718 764 812 792 mundi
841 764 1030 798 generationes
1051 773 1059 791 :

277 824 286 838 α
316 813 418 840 Invidia
442 818 534 840 autem
557 812 658 840 diaboli
683 819 758 840 mors
788 811 900 838 intravit
920 810 947 838 in
979 818 1059 838 mun-

273 862 338 886 dum
357 860 377 886 '.
397 869 406 885 ι
427 858 612 892 Quamobrem
634 866 650 885 a
674 858 804 893 propheta
827 857 898 885 Deus
917 857 999 884 ctiam
1015 857 1060 885 in-

273 906 437 938 troducitur,
453 913 514 933 cum
527 912 560 933 eo
572 905 619 940 qui
635 910 730 940 suapte
743 904 880 932 voluntate
898 904 986 931 malus
996 911 1060 932 cva-

273 957 355 985 svrat,
374 953 447 979 hunc
464 952 491 978 in
510 952 622 979 modum
635 952 834 986 expostulatis:
852 961 861 978 ι
889 951 1058 987 Εεςολουιοιη
1073 938 1096 966 Β

272 999 393 1033 plantavi
409 1003 436 1025 te
449 998 556 1025 vineam
571 997 751 1029 lructil‘eram,
763 1002 848 1025 totam
864 1005 954 1025 veram
972 1006 979 1022 :
995 1004 1061 1032 quo-

272 1045 353 1072 modo
374 1051 504 1072 conversa
529 1051 559 1071 es
580 1048 662 1074 retro,
685 1043 762 1070 vinea
783 1043 872 1071 aliena
895 1044 915 1070 ³.
939 1052 948 1070 ι
968 1042 1061 1071 Sicubi

273 1096 363 1118 autem
386 1090 520 1125 improbis
535 1089 666 1116 divinitus
689 1089 799 1116 evenire
822 1082 903 1116 mala'
917 1089 1058 1122 dicuntur,

272 1137 301 1163 id
312 1135 500 1171 accipiendum
516 1136 554 1162 ita
569 1142 620 1168 est,
635 1140 664 1163 ut
680 1135 750 1162 mala
770 1135 854 1164 solius
867 1137 1060 1163 communione

271 1182 346 1208 vocis
363 1189 450 1215 paena:
472 1181 524 1208 illa:
547 1181 732 1215 nominentur,
748 1189 817 1216 quas
841 1180 914 1209 Deus
932 1189 981 1217 per
999 1189 1060 1209 sese

272 1228 371 1260 bonus,
389 1228 422 1254 ad
438 1235 544 1259 eorum,
563 1227 664 1262 quibus
685 1226 880 1259 immittuntur,
896 1235 950 1254 non
965 1227 1058 1262 perui-

271 1274 353 1305 ciem,
377 1273 424 1300 sed
444 1273 586 1300 utilitatem
610 1278 637 1301 et
660 1272 834 1301 commodum
853 1273 974 1308 inﬂigere
988 1273 1060 1301 diea-

271 1324 316 1345 tur
333 1328 340 1346 :
357 1319 586 1353 quemadmodum
601 1319 684 1356 6&8
698 1320 832 1353 medicus,
857 1320 903 1354 qui
926 1320 960 1347 ad
985 1319 1058 1347 labo-

272 1364 393 1391 rautium
409 1365 535 1398 salutem,
557 1365 702 1393 molestum
717 1369 744 1392 et
761 1373 841 1401 grave
854 1365 1003 1393 curationis
1015 1374 1059 1401 ge-

272 1418 324 1437 nus
339 1410 489 1444 adhiberet,
511 1411 612 1438 malum
634 1411 669 1439 iis
684 1411 781 1438 aﬂ'erre
801 1416 947 1446 pateretur.
968 1410 1058 1444 Quare

270 1456 297 1482 iu
314 1456 414 1483 divinis
435 1456 518 1483 etiam
544 1456 660 1491 paginis,
686 1456 841 1491 ubicunque
865 1464 881 1484 a
913 1455 969 1484 Deo
986 1457 1056 1484 mala

269 1501 426 1529 hominibus
451 1501 558 1528 immitti
580 1501 718 1534 dicuntur,
745 1501 901 1535 usurpanda
923 1505 986 1528 sunt
1011 1501 1055 1528 illa

269 1545 401 1580 Platonis,
419 1547 468 1575 abs
486 1547 541 1575 Deo
552 1547 625 1581 justa
648 1547 774 1581 bonaque
796 1546 930 1581 proﬁcisci
952 1547 1055 1579 omnia,

269 1601 384 1628 quaeque
409 1594 566 1622 hominibus
585 1594 674 1621 tristia
700 1594 826 1629 malaque
850 1593 933 1621 videri
955 1593 1053 1625 solent,
1068 1609 1090 1639 ε

269 1639 357 1674 έῖειιὶδ
372 1640 536 1675 quibusdam
559 1639 660 1676 indigi;
685 1643 813 1667 ueterum
833 1639 881 1674 qui
895 1640 1054 1674 puniantur,

268 1685 388 1712 fructum
402 1693 434 1712 ex
457 1686 491 1713 iis
510 1693 606 1720 capere
622 1695 628 1712 :
646 1685 719 1720 quod
742 1693 796 1712 non
814 1690 918 1712 tantum
935 1692 949 1712 a
971 1685 1055 1720 philo-

267 1732 366 1765 sopho,
384 1732 432 1758 sed
446 1731 528 1759 etiam
547 1739 562 1758 a
572 1730 712 1766 Scriptura
726 1732 913 1763 conllrmatur,
929 1731 994 1758 dum
1005 1731 1053 1763 ait,

270 1786 280 1801 σ
309 1775 398 1810 Quem
419 1778 492 1805 enim
516 1777 603 1813 diligit
625 1777 766 1811 Dominus,
790 1777 923 1812 castigat;
939 1776 1056 1812 ﬂagellat

267 1831 359 1853 autem
375 1832 482 1852 omnem
498 1824 593 1856 lilium,
608 1831 690 1859 quem
705 1824 799 1858 recipit
816 1823 836 1850 ³.
857 1833 866 1850 ι
888 1823 923 1850 At
935 1830 1009 1856 vero,
1028 1828 1056 1850 et

269 1873 387 1900 miseros
402 1871 498 1903 fuisse,
516 1871 562 1906 qui
580 1878 677 1906 ptenas
694 1878 741 1898 eas
764 1870 940 1902 sustinerent,
955 1875 982 1897 et
995 1870 1054 1897 illas

270 1923 362 1945 tamen
383 1918 465 1945 Deum
482 1917 640 1948 immisisse.
655 1916 708 1944 hoc
722 1921 752 1944 ut
765 1921 843 1951 poeta
857 1921 947 1948 canat,
963 1915 1054 1943 feren-

268 1964 332 1990 dum
357 1970 496 1997 nunquam
520 1963 581 1989 erit.
605 1962 682 1995 Quod
710 1962 732 1989 si
755 1962 879 1989 homines
903 1961 1053 1996 improbos,

268 2014 362 2044 utpote
379 2008 505 2040 miseros,
528 2008 763 2036 animadversione
783 2015 853 2043 opus
875 2008 1004 2035 habuisse
1016 2007 1054 2034 di-

267 2060 370 2087 eercnt,
387 2062 502 2090 eamque
519 2055 582 2082 dum
597 2055 729 2087 subirent,
745 2062 824 2090 opem
848 2055 967 2082 sensisse
984 2055 1055 2082 divi-

268 2109 343 2134 num,
362 2102 495 2129 hactenus
513 2101 539 2128 id
557 2101 665 2128 tolerari
678 2101 774 2136 pOssit.
792 2101 875 2128 Deum
891 2107 993 2133 autem,
1007 2100 1054 2135 qui

267 2155 317 2183 per
336 2156 396 2175 sese
413 2148 499 2175 DUIIUS
521 2147 566 2179 sit,
589 2155 700 2174 causam
719 2148 767 2175 ulli
786 2147 919 2174 malorum
941 2154 1012 2178 esse,
1027 2147 1054 2175 id

266 2201 334 2222 Vero
351 2202 384 2221 ne
402 2201 522 2228 unquam
537 2193 653 2224 dicatur,
671 2194 745 2220 omni
761 2194 865 2220 ratione
879 2193 1053 2228 pugnandum

266 2239 328 2266 erit.
350 2238 483 2266 Praeterea
501 2238 584 2265 Deum
604 2238 703 2265 mutari
728 2246 781 2265 non
799 2246 881 2273 posse
901 2239 980 2266 docet
1002 2238 1054 2266 He-

1114 309 1137 336 δ’
1147 307 1193 337 οὖν
1199 310 1254 336 ¹τῶν
1265 310 1296 346 δη
1302 310 1516 346 μιουργημάτων
1531 310 1546 336 ό
1556 308 1708 344 θαυμάσιος
1725 309 1828 345 Μωσῆς
1843 310 1902 336 ἔπι-

1114 355 1207 390 λέγει’
1233 356 1306 383 (Καὶ
1322 354 1392 383 εἶδεν
1409 357 1423 383 ό
1437 355 1512 388 Θεὸς,
1525 356 1567 383 ὅτι
1583 355 1684 382 καλόν’
1698 365 1708 382 I
1726 355 1773 382 ἐπι
1787 364 1817 383 τε
1832 356 1902 383 πᾶσι

1113 401 1160 428 τὸν
1183 402 1247 437 περὶ
1268 401 1375 428 πάντων
1406 401 1689 437 συγκεφαλαιούμενος
1717 401 1796 435 λόγον
1821 401 1901 436 φησί’

1115 447 1186 474 «Καὶ
1204 445 1274 474 εἶδεν
1294 447 1310 473 ό
1320 446 1386 480 Θεὸς
1400 447 1489 474 πάντα
1500 447 1551 474 ὅσα
1563 447 1685 482 ἐποίησε,
1700 447 1746 474 καὶ
1759 447 1813 474 ἰδοὺ
1829 447 1902 474 καλὰ

1112 491 1183 520 λίαν.
1199 502 1209 518 ι
1235 493 1330 528 Δόγμα
1344 492 1368 519 δ’
1384 492 1517 529 Ἑϐραίων
1531 493 1591 519 ἐστὶ
1609 494 1658 520 καὶ
1672 493 1704 519 τὸ
1719 497 1758 529 μη
1771 491 1841 520 εἶναι
1852 492 1901 520 τὸν

1113 539 1180 566 Θεὸν
1194 539 1287 566 κακῶν
1301 540 1386 567 αῐτιον
1395 548 1402 554 ·
1421 540 1445 566 εἰ
1456 539 1488 576 δὴ
1502 540 1517 566 ό
1531 539 1597 571 Θεὸς
1610 539 1723 566 θάνατον
1738 539 1788 566 οὐκ
1803 539 1900 575 ἐπιοίη-

1113 594 1169 619 σεν,
1183 585 1242 612 οὐδὲ
1256 586 1385 622 τέρπεται
1399 586 1444 612 ἐπ’
1458 585 1581 621 ἀπωλείᾳ
1598 584 1706 617 ζώντων
1715 594 1722 600 -
1738 585 1830 612 ἔκτισε
1843 585 1901 620 γὰρ

1112 634 1153 664 εἰς
1167 633 1198 659 τὸ
1210 630 1279 659 εἶναι
1292 632 1326 658 τὰ
1345 632 1444 663 πάντα,
1460 632 1508 659 καὶ
1524 632 1651 667 σωτήριοι
1671 632 1700 658 αἱ
1717 631 1838 665 γενέσεις
1849 631 1898 658 τοῦ

1111 679 1231 713 κόσμου·
1256 686 1266 704 t
1279 677 1370 713 Φθόνῳ
1390 677 1418 704 δὲ
1439 677 1561 704 διαϐόλου
1584 677 1697 709 θάνατος
1714 676 1839 712 εἰσῆλθεν
1857 678 1900 708 εἰς

1109 724 1157 750 τὸν
1168 723 1280 759 κόσμον.
1296 733 1306 750 ι
1325 724 1370 751 Διὸ
1391 724 1439 750 καὶ
1461 723 1538 759 παρὰ
1560 723 1599 758 τῷ
1622 724 1748 760 προφήτῃ
1772 723 1898 758 εἰσῆκται

1110 769 1198 805 λέγων
1217 771 1232 797 ό
1255 770 1322 802 Θεὸς
1336 790 1343 802 ,
1368 769 1436 805 πρὸς
1458 769 1503 796 τὸν
1522 769 1552 801 ὲξ
1578 770 1682 801 οἰκείας
1712 769 1898 804 προαιρέσεως

1110 817 1194 844 κακὸν
1205 817 1401 853 γεγενημένον·
1422 825 1431 842 t
1443 816 1512 850 Ἐγὼ
1535 817 1564 843 δέ
1575 816 1710 851 ὲφύτευσά
1731 824 1760 843 σε
1774 816 1899 851 ἄμπελον

1112 863 1297 899 καρποφόρον,
1312 864 1400 891 πᾶσαν
1417 863 1563 898 ἀληθινή-ι’
1580 863 1639 894 πῶς
1655 863 1794 899 ἐστράφη(
1808 863 1848 894 εἰς
1860 862 1898 889 τά

1109 909 1212 941 ὀπίσω,
1234 911 1250 945 ἡ
1265 909 1385 944 ἄμπελος
1404 910 1421 945 ὴ
1439 909 1580 944 incepta;
1593 919 1602 935 ι
1622 909 1655 935 Εἰ
1672 908 1701 935 δέ
1723 917 1774 935 που
1789 909 1897 943 λέγοιτο

1111 954 1184 980 κακὰ
1203 955 1259 986 τοῖς
1280 954 1390 988 φαύλοις
1406 955 1441 981 ὲκ
1465 953 1532 980 Θεοῦ
1553 953 1727 989 συμϐαίνειν,
1742 953 1897 988 ὁμωνύμως

1110 1000 1266 1033 ἀκουστέον,
1281 1000 1318 1032 ὡς
1329 1000 1384 1027 τῶν
1402 999 1542 1036 τιμωριῶν
1558 999 1630 1027 οὕτω
1652 999 1837 1034 κεκλημένων,
1860 1000 1896 1031 ἃς

1110 1045 1211 1080 ἀγαθὸς
1225 1045 1263 1073 ὢν
1274 1047 1288 1072 ό
1299 1046 1365 1077 Θεὸς
1380 1046 1430 1073 οὒκ
1443 1046 1490 1072 ἐπὶ
1507 1045 1592 1081 βλάϐῃ
1605 1045 1658 1072 τῶν
1670 1046 1894 1081 τιμωρουμὲνων,

1110 1093 1154 1119 ἐπ’
1175 1092 1292 1128 ὠφελείᾳ
1313 1093 1342 1120 δὲ
1368 1093 1416 1119 καὶ
1441 1093 1606 1128 συμφέροντι
1631 1091 1740 1126 λέγεται
1763 1092 1897 1126 ἐπάγεινσ

1109 1138 1203 1174 ὥσπερ
1219 1139 1253 1166 ἂν
1277 1139 1324 1166 καὶ
1349 1139 1439 1175 ἰατρὸς
1459 1139 1506 1166 ἐπὶ
1523 1138 1644 1175 σωτηρίᾳ
1663 1138 1717 1165 τῶν
1735 1138 1897 1174 καμνόντων

1109 1185 1181 1212 κακὰ
1194 1185 1329 1220 νομίζοιτο
1341 1185 1516 1221 προσφέρειν,
1532 1184 1581 1216 τὰς
1592 1184 1717 1218 ἀλγεινὰς
1731 1185 1778 1210 καὶ
1790 1184 1899 1219 πικράς

1109 1230 1265 1268 θεραπείας.
1294 1231 1340 1257 Διὸ
1368 1231 1416 1257 καὶ
1440 1231 1486 1257 ἐπὶ
1508 1231 1557 1266 τῆς
1583 1230 1657 1262 θείας
1683 1230 1801 1267 γραφῆς,
1828 1230 1896 1257 ἔνθα

1108 1277 1217 1313 εἴρηται
1229 1277 1304 1304 κακά
1318 1276 1471 1312 ἀνθρώποις
1485 1276 1634 1311 ἐπάγεσθαι
1649 1276 1701 1303 ὑπὸ
1712 1276 1758 1303 τοῦ
1768 1276 1847 1308 Θεοῦ,
1858 1277 1897 1304 τά

1108 1322 1184 1357 παρὰ
1199 1322 1238 1357 τῷ
1253 1322 1376 1349 Πλάτωνι
1395 1322 1514 1354 λεκτέον,
1528 1321 1566 1353 ὡς
1582 1330 1592 1347 ε
1603 1322 1632 1348 '0
1656 1322 1705 1357 μὲν
1719 1321 1785 1354 Θεὸς
1798 1321 1895 1349 δίκαιά

1107 1375 1136 1393 τε
1153 1367 1200 1393 καὶ
1213 1367 1303 1401 ἀγαθὰ
1324 1366 1476 1402 εἰργάξετο,
1499 1367 1545 1393 κα.)⁸
1563 1367 1603 1393 ὅτι
1616 1366 1650 1392 τὰ
1669 1366 1828 1402 σκυθρωπὰ,
1845 1367 1894 1394 καὶ

1107 1412 1259 1448 ἀνθρώποις
1290 1412 1364 1439 κακὰ
1385 1412 1565 1447 νενομισμένα
1593 1412 1650 1443 τοῖς
1674 1411 1776 1438 τούτων
1805 1411 1895 1444 ἀξίοις

1106 1459 1225 1494 ἐπῆγεν·
1241 1467 1250 1484 ι
1279 1460 1302 1485 οἰ
1327 1458 1356 1484 δὲ
1377 1457 1494 1485 ῶνανται
1528 1456 1716 1492 κολαζόμενοι,
1748 1457 1778 1483 οὐ
1811 1458 1894 1492 μόνον

1107 1504 1177 1531 κατὰ
1199 1504 1244 1531 τὸν
1267 1503 1419 1538 φιλόσοφον,
1443 1503 1512 1530 ἀλλὰ
1529 1504 1576 1530 καὶ
1598 1503 1668 1530 κατὰ
1691 1503 1739 1538 τὴν
1759 1502 1893 1538 Ἑϐραίων

1106 1550 1215 1586 γραφὴν
1238 1550 1383 1584 λέγουσαν
1408 1559 1418 1576 ‹
1433 1551 1481 1576 ‘Ov
1503 1549 1556 1585 γὰρ
1579 1549 1673 1584 ἀγαπᾷ
1696 1549 1807 1584 Κύριος,
1824 1558 1893 1576 παι-

1106 1596 1195 1623 δεύει·
1222 1597 1348 1631 μαστιγοῖ
1367 1595 1395 1622 δὲ
1417 1595 1505 1622 πάντα
1525 1595 1591 1627 υἱὸν,
1615 1595 1644 1621 ὃν
1668 1594 1858 1630 παραδέχεται.
1878 1604 1890 1621 ι

1113 1643 1155 1674 Ὡς
1169 1642 1191 1668 δ’
1205 1642 1290 1669 ἄθλιοι
1307 1643 1355 1677 μὲν
1382 1642 1405 1668 οι
1432 1641 1508 1676 δίκην
1536 1641 1662 1672 διδόντες,
1684 1638 1718 1676 ἦν
1741 1639 1763 1666 δ’
1791 1639 1893 1675 ὑδρῶν

1104 1688 1192 1715 ταῦτα
1209 1689 1223 1714 ό
1234 1688 1315 1720 Θεὸς,
1331 1689 1381 1714 οὐκ
1402 1687 1495 1714 ἐατέον
1509 1686 1599 1721 λέγειν
1613 1686 1658 1712 τὸν
1672 1686 1803 1721 ποιητήν·
1819 1685 1891 1717 ἀλλ’,

1106 1735 1130 1760 εἰ
1149 1734 1208 1770 μὲν,
1222 1734 1263 1760 ὅτι
1282 1733 1430 1769 ἐδεήθησαν
1443 1733 1591 1766 κολάσεως,
1614 1732 1730 1766 λέγοιεν,
1745 1731 1783 1763 ὡς
1803 1731 1892 1758 ἄθλιοι

1106 1781 1195 1812 κακοὶ,
1215 1779 1380 1814 διδόντεςδὲ
1401 1779 1488 1814 δίκην,
1509 1777 1661 1813 ὠφελοῦντο
1677 1778 1728 1804 ὑπὸ
1746 1777 1792 1804 τοῦ
1809 1777 1890 1810 Θεοῦ,

1105 1827 1196 1853 ἐατέον
1206 1835 1212 1841 ·
1231 1825 1323 1853 κακῶν
1343 1825 1372 1852 δὲ
1391 1825 1476 1852 αἴτιον
1491 1824 1573 1859 φάναι
1586 1823 1651 1850 Θεόν
1667 1831 1719 1849 τινι
1736 1822 1890 1857 γίγνεσθαι,

1105 1871 1205 1906 ἀγαθὸν
1233 1872 1307 1905 ὅντα,
1333 1870 1513 1907 διαμαχητέον
1541 1871 1622 1897 παντὶ
1647 1869 1750 1905 τρόπῳ.
1766 1878 1775 1894 ι
1809 1868 1893 1895 Ἀλλὰ

1105 1919 1152 1946 καὶ
1179 1917 1243 1954 περὶ
1275 1917 1320 1944 τοῦ
1348 1917 1385 1953 μὴ
1415 1916 1586 1944 ἀλλοιοῦσθαι
1614 1915 1661 1942 τὸν
1685 1914 1751 1941 Θεὸν
1779 1915 1796 1950 ὴ
1824 1915 1892 1950 παρ’

1110 1964 1245 2000 Ἑϐραίοις
1260 1963 1412 2000 προφητεία
1433 1960 1484 1990 ὧδέ
1498 1971 1536 1998 πη
1554 1963 1587 1989 ὲκ
1601 1961 1746 1997 προσώπου
1761 1960 1807 1988 τοῦ
1820 1960 1891 1988 Θεοῦ

1104 2010 1222 2037 διδάσκει
1244 2010 1360 2044 λέγουσα
1371 2018 1379 2025 ο
1399 2018 1408 2035 t
1421 2009 1492 2035 Διότι
1506 2008 1561 2043 ἐγὼ
1573 2009 1675 2044 Κύριος
1690 2009 1705 2035 ό
1719 2007 1784 2039 Θεὸς
1799 2006 1890 2043 ὑμῶν,

1105 2056 1152 2083 καὶ
1174 2057 1224 2082 οὐκ
1245 2054 1406 2090 ἡλλοίωμαι.
1423 2064 1432 2080 ι
1450 2054 1502 2082 Καὶ
1525 2055 1554 2080 ἐν
1573 2055 1633 2086 ταῖς
1655 2053 1805 2087 θεολογίαις
1827 2052 1855 2079 δὲ
1874 2053 1891 2079 6

1104 2102 1186 2129 Δαϐὶδ
1210 2103 1348 2137 άναφωνεῖ
1370 2102 1470 2136 λέγων·
1497 2111 1507 2127 t
1521 2101 1624 2132 Πάντες
1645 2101 1684 2132 ὡς
1708 2101 1814 2136 ἱμάτιον
1835 2109 1890 2127 πα-

1103 2147 1310 2184 λαιωθήσονται,
1328 2148 1375 2175 καὶ
1391 2148 1456 2174 ὡσεὶ
1475 2147 1647 2184 περιϐόλαιον
1667 2146 1763 2180 ἑλίξεις
1779 2147 1889 2178 αὐτοὺς,

1104 2194 1152 2220 καὶ
1171 2193 1378 2229 ἀλλαγήσονται.
1402 2193 1438 2220 Σὺ
1462 2193 1489 2220 δὲ
1516 2193 1531 2219 ό
1557 2193 1638 2224 αὐτὸς
1661 2190 1696 2224 εἷ,
1716 2192 1763 2218 καὶ
1784 2192 1819 2218 τὰ
1840 2192 1888 2226 ἔτη

1106 2247 1152 2265 σου
1167 2239 1216 2265 οὐκ
1231 2238 1409 2273 ἐκλείψουσιν.
1422 2248 1432 2264 ι
1454 2239 1485 2266 Εἰ
1500 2237 1528 2265 δέ
1544 2246 1583 2274 πη
1595 2238 1642 2264 τὸν
1657 2237 1704 2264 τοῦ
1716 2236 1783 2264 Θεοῦ
1803 2237 1889 2269 Λόγον

267 2287 357 2314 luscus
372 2286 513 2322 propheta,
533 2286 578 2313 ubi
595 2286 634 2314 sic
648 2285 708 2321 ejus
725 2293 758 2314 ex
776 2293 892 2321 persona
910 2286 1052 2322 loquitur:

1107 2284 1269 2318 εἰσάγουσιν,
1283 2285 1312 2310 ἐν
1330 2283 1394 2310 εῖδει
1415 2284 1462 2310 καὶ
1481 2284 1600 2319 σχήματι
1619 2282 1779 2319 ἀνθρωπίνῳ
1796 2289 1888 2317 παρα-

270 2338 280 2358 t
303 2333 438 2366 Quoniam
464 2340 515 2367 ego
529 2331 660 2359 Dominus
676 2332 748 2359 Deus
766 2337 867 2364 vester,
882 2337 910 2359 et
925 2340 978 2360 non
991 2340 1053 2360 mu-

267 2385 321 2406 tor.
341 2389 350 2404 ι
368 2378 498 2405 Similiter
513 2377 596 2405 David
613 2378 639 2404 in
655 2385 702 2406 sua
719 2378 762 2405 illa
785 2378 932 2414 theologia,
953 2379 992 2406 sic
1004 2386 1052 2406 ex-

266 2426 366 2452 clamat
384 2434 390 2451 :
411 2434 420 2449 ι
449 2423 550 2451 Omnes
571 2424 642 2451 sicut
661 2425 851 2452 vestimentum
873 2429 1051 2457 veterascent,

266 2476 294 2498 ut
313 2472 384 2498 sicut
397 2471 564 2505 opertorium
577 2471 721 2498 convolves
735 2470 807 2502 illos.
821 2475 848 2498 et
863 2471 1050 2498 mutabuntur.

268 2516 308 2544 Tu
323 2522 413 2544 autem
429 2517 499 2544 idem
515 2517 573 2551 ipse
586 2525 627 2549 es,
643 2523 670 2544 et
683 2517 747 2544 anni
759 2516 797 2544 tui
813 2525 866 2544 non
880 2518 1049 2545 deﬁcient‘.»

268 2562 319 2589 ilbi
334 2568 423 2590 autem
445 2562 490 2589 Dei
510 2562 639 2596 Verbum,
658 2562 746 2590 forma
765 2564 910 2599 specieque
933 2565 1052 2591 humana

267 2609 402 2640 indutum,
418 2608 592 2636 Hebraeorum
614 2610 711 2637 litterae
733 2615 939 2645 reprarsentant,
960 2611 1053 2638 dicen-

265 2653 330 2680 dum
346 2654 495 2686 enimvero,
516 2662 569 2682 non
586 2655 724 2690 quomodo
735 2654 892 2682 Graecorum
905 2655 1003 2683 fabulae.
1018 2656 1051 2684 de

259 2698 378 2733 .l’roten,
399 2697 510 2726 Thetide
539 2707 570 2727 ac
585 2699 692 2728 lunone
715 2705 876 2733 memorant,
894 2707 941 2728 aut
956 2701 1050 2736 quales

258 2743 337 2769 ldeos
360 2743 421 2770 illos
438 2743 550 2778 jamjam
569 2745 757 2778 audiebamus,
790 2751 873 2774 noctu
890 2747 984 2774 multis
997 2748 1054 2774 ani-

259 2780 416 2823 huantibus,
435 2794 517 2824 atque
534 2791 686 2826 omnigenis
703 2791 807 2820 similes
825 2792 965 2825 oberrare,
981 2793 1052 2820 divi-

267 2841 333 2860 num
352 2836 403 2861 hoc
419 2833 536 2862 Verbum
553 2843 613 2864 sese
624 2837 782 2864 hominibus
800 2837 933 2866 exhibens
949 2838 983 2865 ab
998 2838 1052 2866 illis

267 2878 426 2906 introduci:
451 2880 498 2907 sed
522 2881 622 2915 potius,
643 2882 873 2916 quemadmodum
891 2882 968 2911 Plato
992 2884 1051 2920 ipse

1105 2331 1282 2366 φαινόμενον,
1309 2330 1437 2363 λεκτέον,
1458 2330 1495 2361 ὡς
1525 2330 1556 2356 οὐ
1582 2329 1652 2356 κατὰ
1673 2330 1736 2360 τοὺς
1755 2326 1891 2362 Ἑλλήνιον

1105 2376 1205 2412 μύθους
1227 2376 1326 2412 ὁμοίως
1345 2376 1460 2412 Πρωτεῖ,
1486 2376 1533 2402 καὶ
1548 2375 1645 2407 Θέτιδι,
1667 2375 1714 2401 καὶ
1727 2375 1811 2410 Ἥρᾳ,
1832 2373 1887 2400 οὐδ’

1104 2423 1142 2454 ὡς
1156 2423 1181 2449 οἰ
1199 2422 1256 2449 θεοὶ
1273 2423 1298 2449 οἰ
1327 2422 1534 2458 περιερχόμενοι
1548 2422 1665 2458 νύκτωρ,
1682 2421 1788 2453 πολλοῖς
1809 2420 1889 2453 ζώοις

1104 2470 1151 2496 καὶ
1173 2469 1357 2501 πανταδαποῖς
1385 2468 1581 2504 ἰνδαλλόμενοι,
1605 2469 1651 2495 καὶ
1681 2468 1726 2494 τὸν
1748 2467 1795 2494 τοῦ
1819 2467 1889 2494 Θεοῦ

1104 2515 1190 2550 Λόγον
1206 2514 1359 2550 ἀνθρώποις
1381 2513 1520 2550 πεφηνότα
1542 2514 1695 2548 εἰσάγουσιν
1713 2514 1738 2540 οἱ
1755 2513 1889 2549 Ἐϐραίων

1105 2561 1195 2595 λόγοι·
1222 2560 1279 2587 ἀλλ’
1305 2560 1342 2592 ὠς
1368 2561 1449 2592 αὐτὸς
1477 2562 1492 2587 ό
1507 2559 1618 2587 Πλάτων
1641 2560 1695 2586 δεῖν
1720 2561 1785 2587 ποτέ
1806 2569 1891 2596 φησιν

1104 2609 1151 2634 ἐπὶ
1166 2608 1251 2643 φίλων
1265 2607 1420 2643 εὐεργεσίᾳ,
1437 2608 1500 2634 ὅταν
1514 2606 1559 2634 διὰ
1574 2607 1671 2642 μανίαν
1687 2607 1704 2641 ἧ
1719 2615 1779 2632 τινα
1795 2606 1889 2634 ἄνοιαν

1104 2655 1188 2682 κακόν
1199 2663 1224 2681 τι
1237 2653 1396 2689 ἐπιχειρῶσι
1412 2654 1552 2690 πράττειν,
1567 2654 1627 2680 τότε
1641 2653 1797 2689 ἀποτροπῆς
1808 2653 1891 2681 ἕνεκα

1103 2701 1141 2733 ὡς
1157 2702 1301 2736 φάρμακον
1327 2701 1460 2736 χρήσιμον
1484 2698 1609 2733 γενέσθαι
1630 2699 1680 2734 τὴν
1693 2698 1744 2725 ’τοῦ
1758 2698 1826 2725 Θεοῦ
1849 2699 1889 2730 εἰς

1105 2746 1264 2782 ἀνθρώπους
1291 2745 1416 2780 πάροδον.
1439 2745 1515 2772 Ἐπεὶ
1532 2742 1579 2771 οῦν
1600 2744 1653 2771 τῶν
1677 2745 1722 2770 ἐπὶ
1743 2744 1796 2779 γῆς
1812 2744 1889 2777 ζώων

1103 2792 1179 2818 οὐδὲν
1193 2790 1227 2827 ἦν
1239 2791 1441 2827 θεοφιλέστερον
1453 2791 1531 2824 γένος
1541 2790 1695 2826 ἀνθρώπου,
1712 2790 1842 2824 συγγενές
1858 2798 1888 2816 τι

1104 2839 1151 2864 καὶ
1169 2839 1267 2864 οἰκεῖον
1282 2837 1322 2873 τῷ
1341 2837 1408 2864 Θεοῦ
1423 2836 1511 2872 Λόγῳ,
1527 2837 1593 2871 παρ’
1612 2832 1642 2862 οὗ
1657 2836 1704 2862 καὶ
1717 2835 1825 2870 λογικὸς
1839 2835 1888 2870 τὴν

1103 2885 1152 2920 τῆς
1160 2884 1248 2919 ψυχῆς
1259 2885 1338 2919 φύσιν
1349 2884 1530 2919 anim/«310'
1545 2882 1665 2915 εἰκότως,
1677 2879 1720 2909 οἵα
1729 2881 1806 2916 φίλου
1817 2880 1886 2914 ζώοιι

301 2937 311 2952 ⁸
330 2936 391 2970 Sap.
408 2945 436 2971 u,
452 2938 496 2966 24.
535 2941 545 2955 ¹
565 2939 618 2967 Jer.
639 2948 668 2975 ιι,
681 2940 724 2968 2|.
765 2941 874 2981 'dlebr.
895 2942 986 2978 xu,l6.
1024 2943 1117 2973 ‘Psal.
1138 2951 1174 2977 cx,
1191 2943 1226 2970 27
