2078 3207
207 193 273 222 1081

205 258 250 286 μοι
269 249 316 284 ἥδε
333 249 350 284 ἡ
368 248 435 283 τύχη
452 248 576 290 γέγονεν·
595 248 664 275 ἀλλὰ
674 249 764 284 σχεδόν
778 257 804 275 τι
822 250 908 283 ὅμοιοι
924 249 986 283 φαὶ-
1001 253 1022 278 Δ

205 295 294 321 venat
319 303 373 329 μοι,
397 295 521 326 καὶτοὺς
542 295 640 325 αὐτοὺς
661 294 804 330 πρεσϐεύω
831 295 877 321 καὶ
907 295 986 330 τιμῶ,

205 341 306 376 ὠσπερ
320 340 367 366 καὶ
381 340 510 376 πρότερον
522 340 588 375 (9l)'
605 337 655 367 ’Ὧν
667 340 713 366 ἐὰν
728 340 764 375 μὴ
778 340 873 375 βελτίω
883 340 988 375 ἔχωμεν

203 385 291 420 λέγειν
304 387 332 412 ὲν
348 386 387 421 τῷ
412 386 524 422 παρόντι
543 383 572 413 εὖ
592 386 656 417 ἴσθι,
673 387 713 413 ὅτι
730 387 758 412 οὐ
777 387 812 421 μή
828 395 868 412 σοι
883 395 988 421 συγχω-

202 433 288 467 ρήσω,
303 431 357 458 οὐδ’
375 431 408 457 ἂν
427 430 512 457 πλείω
531 431 585 457 τῶν
600 431 647 457 νῦν
661 431 801 466 παρόντων
816 431 832 465 ὴ
851 430 904 457 τῶν
924 430 988 456 πολ-

200 477 254 503 λῶν
280 477 403 512 δύναμις,
430 476 523 512 ὥσπερ
551 477 648 508 παῖδας
660 477 732 512 ἡμᾶς
758 475 985 512 μορμολύττηται,

200 521 316 556 δεσμούς
332 530 361 548 τε
376 522 423 548 καὶ
439 521 568 553 Θανάτους
593 521 795 556 ἐπιπέμπουσα,
816 521 862 547 καὶ
880 521 986 556 χρημά-

199 576 255 593 των
268 567 432 602 ἀφαιρέσεις.
451 567 512 598 Πῶς
528 565 574 593 οὖν
585 566 618 593 ἂν
632 567 802 603 μετριώτατα
819 566 986 601 σχοποίμεθα

200 613 287 645 wind;
305 613 336 639 Et
354 612 460 648 πρῶτον
477 613 524 647 μὲν
538 612 630 639 τοῦτον
645 612 690 639 τὸν
707 612 784 646 λόγον
796 612 983 646 ἀναλάϐωμεν,

198 659 229 684 ὃν
250 660 281 686 σὺ
303 659 402 693 λέγεις,
419 658 464 685 τὸν
488 659 552 695 περὶ
577 659 631 685 τῶν
652 658 745 690 δοξῶν,
765 658 876 693 πότερον
897 657 985 689 καλῶς

199 704 308 739 ἐλέγετο
335 705 474 736 ἑκάστοτε,
492 705 508 740 ἢ
534 704 575 737 οὓ,
589 705 629 731 ὅτι
645 706 704 736 ταῖς
721 705 769 739 μὲν
784 705 825 731 δεῖ
835 704 887 730 τῶν
902 704 984 737 δοξῶν

199 750 343 786 προσέχειν
353 751 399 776 τὸν
413 749 484 782 νοῦν,
499 752 558 782 ταῖς
571 751 609 781 δὲ,
624 750 654 777 οὗ
665 760 671 766 ·
686 751 702 786 ἦ
720 750 784 786 πρὶν
803 759 836 786 με
849 750 902 776 δεῖν
917 751 984 777 ἀπο-

199 796 334 832 θνήσκειν,
354 796 443 828 καλῶς
459 796 576 830 ἐλέγετο,
596 796 642 823 νῦν
653 797 680 823 δὲ
699 796 848 831 κατάδηλος
861 796 914 831 ἄρα
924 795 983 829 ἐγέ-

198 850 270 873 νετο,
289 841 329 867 ὅτι
348 841 435 872 ἄλλως
453 841 533 867 ἕνεκα
555 841 634 875 λόγου
651 841 768 875 ἐλέγετο,
788 839 821 876 ἦν
840 841 868 867 δὲ
889 840 982 867 παιδιὰ

197 887 246 913 καὶ
258 886 375 922 φλυαρία
391 887 427 919 ὡς
444 886 560 922 ἀληθῶς.
578 887 718 922 Ἐπιθυμῶ
730 887 752 913 δ’
768 886 855 921 ἔγωγε
870 886 981 912 ἐπισκέ-

197 931 309 966 ψασθαι,
326 928 347 957 ὧ
364 931 481 967 Κρίτων,
499 933 572 966 κοινῇ
589 931 656 966 μετὰ
670 931 716 958 σοῦ
735 930 761 957 εἴ
774 931 800 957 τί
820 940 864 966 μοι
878 930 980 957 ἀλλοιό-

196 985 277 1012 τερος
291 978 424 1010 φανεῖται,
435 978 527 1011 ἐπειδὴ
543 974 588 1003 ὧδ’
605 977 669 1012 ἔχω,
686 977 702 1012 ἢ
721 978 735 1004 6
751 977 832 1008 αὐτὸς
844 977 890 1003 καὶ
905 977 981 1003 ἐάσο-

199 1030 249 1057 μεν
265 1022 379 1059 χαίρειν,
392 1021 408 1057 ἦ
428 1021 575 1056 πεισόμεθα
588 1021 671 1057 αὐτῷ.
689 1022 812 1055 Ἐλέγετο
822 1022 850 1048 δέ
867 1030 934 1053 πως,
943 1021 981 1053 ὡς

196 1066 312 1101 ἐγῷμαι,
333 1063 535 1105 ἑκάστοτενῶδε
560 1067 611 1092 ὑπὸ
626 1067 679 1093 τῶν
696 1066 824 1101 οἰομένων
841 1075 867 1092 τι
882 1066 979 1100 λέγειν,

195 1112 289 1148 ὥσπερ
312 1111 359 1138 νῦν
379 1111 410 1147 δὴ
426 1111 480 1146 ἐγὼ
495 1112 596 1146 ἔλεγον,
608 1113 648 1139 ὅτι
667 1112 719 1138 τῶν
735 1111 817 1144 δοξῶν
841 1111 874 1143 ἃς
891 1113 914 1138 οἱ
932 1112 979 1138 ἇν-

195 1157 513 1194 θρωποιδοξάζουσι,δέοι
526 1158 575 1190 τὰς
589 1159 636 1194 μὲν
653 1159 715 1194 περὶ
729 1158 824 1185 πολλοῦ
836 1158 978 1191 ποιεῖσθαι,

193 1204 244 1236 τὰς
257 1204 284 1230 δὲ
298 1205 345 1239 μή.
364 1204 447 1230 Τοῦτο
466 1204 532 1240 πρὸς
545 1204 623 1235 Θεῶν,
639 1201 660 1230 ὦ
672 1204 828 1240 Κρίτων,οὺ
842 1204 914 1231 δοκεί
928 1213 978 1230 κα-

192 1249 248 1281 λῶς
266 1258 306 1276 σοι
322 1249 462 1284 λέγεσθαι;
476 1250 511 1275 Σὺ
524 1250 588 1286 γὰρ,
597 1251 647 1276 ὅσα
663 1259 694 1284 γε
707 1249 888 1286 τάνθρώπεια,
902 1250 979 1282 ἐκτὸς

193 1294 219 1322 εἷ
237 1295 284 1322 τοῦ
308 1295 412 1331 μέλλειν
433 1295 613 1331 ἀποθνήσκειν
638 1295 741 1332 αὔριον,
758 1297 803 1323 καὶ
829 1297 878 1323 οὐκ
899 1297 931 1324 ἄν
948 1305 978 1323 σε

194 1342 362 1378 παρακρούοι
387 1344 403 1378 ἡ
425 1343 550 1378 παροῦσα
576 1343 710 1379 συμφορά.
726 1343 825 1369 Σκόπει
846 1343 893 1378 δή.
922 1342 978 1378 Οὐχ

195 1388 295 1420 ἱκανῶς
316 1389 389 1415 δοκεῖ
405 1397 444 1415 σοι
462 1389 597 1422 λέγεσθαι,
618 1389 658 1416 ὅτι
676 1390 705 1415 οὐ
727 1389 815 1421 πάσας
831 1389 883 1424 χρὴ
899 1389 978 1421 δόξας

191 1434 242 1465 τὰς
256 1434 310 1460 τῶν
329 1434 478 1470 ἀνθρώπων
496 1436 587 1470 τιμᾷν,
608 1435 674 1462 ἀλλὰ
689 1435 739 1467 τὰς
757 1435 814 1470 μὲν,
831 1435 880 1466 τὰς
892 1435 913 1462 δ’
929 1435 975 1468 οὖ;

190 1481 252 1507 οὐδὲ
271 1481 390 1512 πάντων,
417 1481 484 1507 ἀλλὰ
512 1481 566 1508 τῶν
591 1482 649 1516 μὲν,
667 1481 720 1507 τῶν
745 1481 768 1508 δ’
790 1480 836 1513 οὕς
855 1481 887 1507 Τί
909 1481 975 1517 φῄςς

190 1526 277 1553 ταῦτα
289 1527 348 1562 οὐχὶ
363 1527 450 1559 καλῶς
462 1527 568 1561 λέγεται
580 1535 586 1559 ;
599 1543 633 1547 -—
650 1527 757 1558 Καλῶς.
772 1544 803 1548 -
813 1527 916 1554 οὐκοῦν
928 1527 977 1559 τὰς

191 1571 243 1607 μὲν
269 1572 389 1607 χρηστὰς
414 1573 505 1608 τιμᾷν,
523 1573 570 1604 τὰς
593 1573 621 1599 δὲ
650 1572 769 1608 πονηρὰς
785 1573 838 1608 μής
855 1589 889 1593 -
909 1572 971 1599 Ναί.
987 1585 1007 1613 C

189 1617 315 1652 Χρησταὶ
330 1618 357 1644 δὲ
371 1618 419 1652 οὐχ
436 1619 463 1644 αἱ
477 1617 530 1645 τῶν
547 1618 684 1653 φρονίμων
702 1619 815 1653 πονηραὶ
833 1619 861 1644 δὲ
878 1620 904 1645 αἱ
921 1618 975 1645 τῶν

189 1662 331 1698 ἀφρόνων;
349 1679 383 1683 --
405 1663 466 1694 Πῶς
481 1663 508 1689 δὲ
528 1663 576 1696 οὓς
600 1664 667 1699 Φέρε
691 1663 733 1700 δὴ,
752 1663 810 1695 πῶς
826 1662 859 1690 αὖ
875 1664 907 1690 τὰ
922 1673 976 1690 τοι·

189 1707 259 1734 αὔτα
278 1707 398 1742 ὲλέγετο;
418 1708 623 1744 Γυμναζόμενος
640 1709 719 1744 ἀνὴρ,
736 1709 781 1735 καὶ
796 1708 873 1735 τοῦτο
888 1709 975 1744 πράτ-

187 1761 244 1779 των
258 1753 323 1787 (92),
340 1753 452 1788 πότερον
471 1754 569 1785 παντὸς
586 1754 681 1789 ἀνδρὸς
696 1754 809 1789 ἐπαίνῳ,
829 1755 874 1781 καὶ
887 1755 972 1790 ψόγῳ,

187 1798 236 1824 καὶ
251 1798 313 1835 δόξῃ
327 1798 371 1825 τδν
386 1798 447 1825 νοῦν
461 1799 596 1835 προσέχει,
611 1799 627 1834 ἦ
640 1799 698 1831 ἐνὸς
717 1800 796 1834 μόνον
814 1800 929 1832 ἐκείνου,
944 1801 973 1832 ὃς

186 1843 221 1870 ἂν
235 1844 355 1880 τυγχάνῃ
371 1844 470 1879 ἰατρὸς,
484 1844 500 1879 ἦ
514 1844 688 1879 παιδοτρίϐης
707 1843 759 1875 div;
774 1859 809 1864 --
827 1845 901 1876 Ἑνὸς
927 1845 973 1880 μό-

186 1898 281 1916 νου.-
289 1889 393 1916 Οὐκοῦν
405 1889 542 1924 φοϐεῖσθαι
555 1889 606 1925 χρὴ
624 1890 686 1921 τοὺς
700 1889 808 1923 ψόγους,
823 1890 869 1916 καὶ
885 1890 972 1917 ἀσπάα

185 1935 281 1966 ζεσοαι
295 1936 357 1966 τοὺς
374 1935 500 1967 ἐπαίνους
508 1936 570 1967 τοὺς
580 1935 625 1961 τοῦ
639 1936 696 1967 ἑνὸς
714 1936 816 1961 ἐκείνου
827 1935 892 1970 (95),
906 1935 972 1963 ἀλλὰ

187 1981 226 2015 μὴ
242 1981 304 2012 τοὺς
317 1981 370 2007 τῶν
383 1981 497 2007 πολλῶν.
515 1981 671 2017 -Δηλαδή.
688 1997 718 2001 -
728 1981 818 2016 Ταύτῃ
834 1981 886 2017 ἄρα
900 1990 971 2017 πρα-

185 2027 264 2053 κτέον
287 2027 370 2062 αὐτῷ,
391 2028 437 2054 καὶ
463 2027 640 2062 γυμναστέον,
660 2028 706 2053 καὶ
723 2028 843 2053 ἐδεστέον
865 2036 908 2062 γε,
923 2027 971 2054 καὶ

184 2070 319 2110 ποτέον,ᾗ
335 2074 367 2100 ἂν
379 2073 418 2108 τῷ
435 2073 474 2099 ἑνὶ
493 2074 556 2108 δοκῇ
576 2072 614 2108 τῷ
634 2066 832 2108 ἐπιστάτῃ,καὶ
849 2073 969 2099 ὲπαΐοντι

185 2118 296 2153 μᾶλλον,
320 2119 335 2154 ἢ
359 2117 479 2154 ξόμπασι
500 2120 556 2150 τοῖς
582 2119 681 2150 ἄλλοις.
695 2133 727 2138 -
740 2116 818 2145 Ἔστι
833 2118 970 2145 ταῦτα.-

182 2162 257 2192 Εἷεν.
282 2165 445 2198 Ἀπειοήσας
460 2165 487 2191 δὲ
499 2165 537 2200 τῷ
557 2164 597 2190 ἐνὶ
616 2164 662 2190 καὶ
677 2165 811 2198 ἀτιμάσας
824 2164 904 2190 αὑτοῦ
920 2164 968 2199 τὴν

181 2210 262 2243 δόξαν
280 2211 326 2237 καὶ
350 2211 412 2242 τοὺς
428 2210 563 2242 ἐπαίνους,
580 2211 698 2245 τιμήσας
710 2210 738 2236 δὲ
757 2210 820 2241 τοὺς
834 2210 887 2237 τῶν
902 2210 965 2237 πολ-

789 194 948 221 ΡΒᾸΞΡΔΩ.
967 194 1090 222 EVANG.
1110 194 1174 222 LIB.
1193 195 1262 223 XIII.

996 919 1017 946 B

1749 198 1819 226 1082

1037 249 1104 276 mihi
1119 257 1175 277 rem
1189 255 1292 278 attente
1313 251 1442 286 cogitanti
1455 251 1556 286 optima
1577 253 1709 280 videnlur.
1738 254 1821 289 Atqui

1039 303 1072 322 ne
1087 296 1113 322 in
1126 295 1179 323 hac
1189 296 1297 331 quidem
1314 295 1432 329 fortuna,
1449 305 1504 332 qua
1518 306 1589 326 nunc
1605 304 1677 326 utor.
1696 307 1756 334 qua:
1769 307 1820 326 an-

1039 341 1117 368 tehac
1138 341 1186 368 abs
1210 349 1253 368 me
1267 342 1405 376 disputata
1429 348 1503 375 sunt,
1520 345 1662 379 repudiare
1684 353 1818 382 possum;

1037 383 1073 410 ita
1087 382 1143 410 fere
1161 383 1228 410 mihi
1245 391 1352 418 semper
1365 385 1406 411 Siti
1421 385 1520 414 similia
1541 388 1680 421 videntur;
1697 391 1821 428 adeoque

1036 429 1082 457 illa
1105 430 1178 465 ipsa,
1200 439 1261 464 quae
1283 431 1378 466 prius,
1398 432 1546 466 amplector
1565 435 1713 464 etiamnum
1733 446 1764 465 ac
1777 446 1821 466 se-

1036 483 1114 510 quor.
1135 475 1239 508 Quibus
1260 477 1374 510 proinde
1395 477 1418 504 si
1443 478 1541 506 melius
1566 480 1652 512 nihil,
1677 482 1729 509 hoc
1747 488 1819 511 statu

1035 529 1144 553 rerum,
1170 522 1242 556 quod
1265 522 1400 554 dicamus,
1425 525 1555 557 occurrit,
1579 534 1727 561 nunquam,
1751 530 1818 556 mihi

1035 569 1131 600 crede,
1156 568 1203 595 tibi
1224 569 1373 602 assentiar;
1399 577 1432 596 ne
1455 570 1479 597 si
1502 571 1579 598 nobis
1599 573 1706 607 quidem
1728 575 1816 609 plura,

1036 622 1116 649 quam
1131 614 1219 642 adhuc
1233 614 1385 646 videamus,
1405 615 1626 645 terriculamenta
1646 619 1687 646 vis
1707 619 1750 647 illa
1768 629 1817 655 po-

1034 660 1089 694 puli
1102 664 1229 694 tanquam
1243 660 1334 694 pueris
1347 660 1493 693 obiecerit,
1510 662 1615 690 vincula
1627 684 1634 695 ,
1647 670 1764 698 mortes,
1783 673 1817 693 ac

1033 706 1164 732 bonorum
1180 707 1346 741 direptiones
1372 707 1541 734 intentando.
1561 708 1628 741 Quis
1641 709 1722 744 igitur
1737 719 1752 737 a
1770 719 1818 738 no-

1033 751 1075 778 bis
1090 751 1208 785 nptimus
1224 751 1265 777 his
1280 751 1308 777 in
1327 751 1408 778 rebus
1430 752 1597 780 aestimandis
1621 754 1745 782 adhiberi
1761 762 1818 782 mo-

1032 796 1083 823 dus
1105 796 1222 830 poterit?
1246 795 1386 831 Principio
1407 797 1531 832 quidem,
1550 799 1572 825 si
1594 803 1667 826 tuam
1690 800 1762 827 illam
1781 801 1816 828 de

1032 841 1205 876 opinionibus
1220 841 1430 877 disputationem
1446 843 1605 878 repetimus,
1623 849 1731 873 rectene
1741 846 1816 874 vide-

1032 887 1103 917 licet.
1120 896 1154 914 an
1170 896 1259 919 secus,
1274 888 1377 915 dictum
1393 889 1519 916 universe
1533 889 1623 923 fuerit,
1637 891 1663 917 in
1677 892 1815 920 nonnullis

1031 933 1204 968 opinionibus
1219 933 1446 968 acquiescendum
1467 942 1538 965 esse,
1557 935 1583 961 in
1600 935 1661 963 aliis
1678 936 1788 964 minime
1805 947 1812 964 :

1031 987 1065 1007 an
1084 979 1191 1014 potius,
1218 985 1363 1014 antequam
1388 980 1454 1006 mihi
1481 985 1553 1008 esset
1576 981 1708 1009 moriendi
1724 982 1814 1010 oblata

1031 1026 1195 1058 necessitas,
1209 1031 1281 1053 recte
1298 1026 1324 1053 id
1339 1034 1370 1054 ae
1387 1035 1449 1053 rere
1460 1027 1596 1054 diceretur
1607 1047 1615 1060 ,
1635 1036 1706 1056 nunc
1722 1033 1813 1056 autem

1031 1071 1109 1105 plane
1121 1071 1289 1104 constiterit,
1308 1075 1364 1098 tum
1378 1071 1487 1106 quidem
1500 1072 1586 1103 aliter.
1601 1074 1648 1100 sed
1663 1074 1731 1102 dicis
1752 1079 1814 1102 tan-

1030 1121 1088 1144 tum
1105 1124 1185 1144 causa
1212 1116 1393 1151 disputatum,
1409 1118 1496 1153 reipsa
1511 1122 1600 1145 tamen
1617 1119 1709 1146 ludum
1727 1120 1751 1147 id
1769 1125 1812 1148 to-

1030 1166 1086 1189 tum
1101 1170 1133 1190 ac
1148 1170 1233 1198 nugas
1246 1162 1340 1190 fuisse.
1353 1163 1410 1198 Ego
1423 1171 1487 1191 vero
1502 1168 1590 1191 tecum
1605 1173 1668 1196 una,
1678 1166 1715 1192 mi
1725 1165 1811 1199 Crito,

1029 1209 1168 1236 attendere
1181 1217 1253 1236 nunc
1264 1213 1291 1236 et
1301 1210 1441 1244 explorare
1456 1210 1536 1245 cupio
1546 1231 1553 1243 ,
1567 1219 1631 1238 num
1650 1212 1718 1239 alius
1731 1212 1810 1245 mihi,

1029 1258 1169 1288 postquam
1187 1254 1259 1281 hunc
1275 1254 1300 1280 in
1317 1254 1406 1281 locum
1422 1254 1614 1290 fortunamque
1631 1256 1702 1287 veni.
1720 1265 1810 1284 sermo

1029 1298 1073 1325 ille
1088 1298 1220 1332 videatur,
1239 1298 1320 1334 652
1340 1307 1374 1326 an
1388 1308 1502 1333 prorsus
1518 1301 1588 1328 idem
1613 1310 1619 1328 ε
1643 1308 1676 1328 ac
1697 1302 1810 1336 proinde

1029 1348 1120 1371 utrum
1146 1352 1206 1371 eum
1228 1344 1360 1372 facessere
1380 1346 1543 1379 jubeamus.
1565 1354 1598 1373 an
1612 1347 1698 1373 eidem
1713 1355 1810 1382 parea-

1028 1395 1100 1414 mus.
1121 1387 1190 1415 Tum
1207 1388 1328 1423 qtfidem,
1345 1390 1452 1423 opinor,
1472 1390 1510 1417 uti
1526 1390 1638 1425 jamjam
1664 1391 1721 1425 ipse
1735 1392 1809 1420 diee-

1027 1433 1101 1465 bam,
1126 1433 1151 1460 id
1177 1434 1315 1460 communi
1331 1434 1447 1468 quodam
1472 1443 1578 1468 eorum,
1596 1436 1641 1470 qui
1664 1436 1764 1470 aliquid
1780 1445 1810 1464 se

1027 1479 1117 1506 dicere
1138 1479 1348 1512 existimabant,
1372 1480 1476 1514 judicio
1502 1481 1689 1514 statuebatur;
1715 1490 1748 1510 ex
1774 1483 1809 1512 iis

1027 1532 1087 1559 qua:
1101 1524 1127 1551 in
1149 1525 1289 1552 hominum
1304 1526 1432 1560 opinione
1446 1532 1588 1553 versantur
1599 1547 1607 1559 ,
1632 1529 1684 1555 alia
1698 1528 1808 1563 plurimi

1027 1569 1149 1598 facienda
1172 1578 1242 1601 esse.
1266 1571 1319 1598 alia
1344 1579 1432 1599 secus.
1462 1571 1519 1599 Hoc
1542 1573 1623 1608 igitur
1640 1582 1686 1608 per
1698 1574 1773 1607 deos,
1790 1582 1808 1602 o

1026 1614 1111 1646 Crito,
1125 1622 1179 1642 non
1193 1615 1240 1642 tibi
1254 1620 1326 1643 recte
1340 1617 1421 1644 statui
1434 1617 1560 1644 videtur?
1587 1617 1653 1645 Nam
1666 1623 1704 1651 tu,
1722 1627 1808 1655 quan-

1025 1665 1081 1688 tum
1095 1669 1160 1688 sane
1182 1661 1340 1689 humanitus
1353 1662 1482 1690 allirmari
1499 1668 1597 1698 potest,
1610 1669 1686 1692 extra
1700 1665 1807 1700 pericu-

1024 1705 1079 1732 lum
1096 1713 1125 1733 es
1139 1707 1259 1734 crastino
1276 1707 1318 1734 die
1332 1707 1478 1741 moriendi,
1488 1717 1537 1736 nec
1548 1714 1589 1736 est
1600 1710 1672 1744 quod
1688 1718 1807 1744 praesens

1024 1751 1068 1779 hic
1083 1757 1108 1779 te
1123 1760 1203 1780 casus
1217 1757 1401 1781 transversum
1414 1758 1484 1789 agat.
1507 1754 1622 1782 Attende
1636 1763 1709 1791 ergo.
1735 1755 1805 1784 Non:

1024 1801 1051 1824 tu
1065 1802 1125 1832 apte
1139 1798 1203 1824 illud
1219 1806 1251 1826 ac
1264 1799 1325 1833 jure
1341 1799 1393 1826 dici
1417 1799 1568 1833 arbitraris,
1593 1809 1643 1828 nec
1657 1801 1806 1835 'opiniones

1024 1842 1163 1869 hominum
1189 1851 1283 1871 omnes
1306 1852 1367 1872 esse
1388 1845 1548 1877 laudandus,
1564 1846 1609 1872 sed
1626 1846 1730 1881 aliquas
1745 1851 1806 1873 tan-

1023 1891 1092 1919 tum.
1104 1888 1173 1916 alias
1189 1897 1242 1916 non
1256 1890 1319 1916 item
1337 1899 1343 1917 :
1359 1898 1408 1917 nec
1420 1890 1541 1917 omnium
1555 1891 1636 1917 etiam
1652 1892 1804 1922 hominum.

1022 1934 1067 1960 sed
1080 1934 1234 1968 aliquorum
1250 1935 1392 1966 duntaxat,
1411 1936 1526 1962 aliorum
1541 1936 1638 1963 secus?
1658 1936 1726 1969 Quid
1740 1936 1805 1964 ais?

1020 1979 1148 2014 Nunquid
1169 1980 1240 2007 istud
1264 1986 1337 2008 recte
1354 1981 1473 2008 dicitur?
1485 1996 1520 2001 —-
1537 1981 1662 2008 Recte.—
1680 1981 1804 2010 Lamian-

1021 2025 1070 2052 das
1094 2033 1160 2060 ergo
1177 2034 1237 2060 qua:
1252 2026 1331 2053 bonte
1355 2031 1428 2060 sunt,
1452 2034 1513 2062 quae
1535 2034 1635 2062 pravae,
1659 2027 1804 2062 repudian-

1020 2070 1089 2098 das?
1103 2086 1135 2091 —
1147 2071 1197 2098 Ita.
1211 2087 1246 2091 —-
1261 2071 1350 2099 Bonas
1362 2078 1452 2099 autent
1469 2081 1522 2099 non
1538 2070 1584 2100 eas
1598 2077 1625 2099 tu
1638 2080 1728 2105 vocas,
1742 2081 1804 2108 quze

1020 2126 1035 2145 a
1051 2118 1240 2153 prudentibus,
1264 2118 1351 2145 malas
1373 2123 1484 2151 contra,
1503 2126 1562 2153 qua:
1575 2118 1610 2145 ab
1624 2118 1803 2152 imprudenti-

1019 2163 1070 2191 bus
1104 2163 1292 2190 imbibuntur?
1317 2171 1349 2184 έ-
1373 2163 1442 2196 Quid
1465 2164 1537 2190 enim
1564 2163 1637 2191 aliud
1666 2164 1803 2191 dicerem?

1018 2209 1074 2243 Age
1097 2217 1179 2241 nunc,
1204 2209 1432 2244 quemadmodum
1451 2209 1500 2237 ista
1524 2217 1605 2244 porro
1625 2210 1802 2245 disputaban-

183 2255 238 2282 Αῶν
249 2257 293 2282 καὶ
305 2256 386 2292 μηδὲν
399 2255 557 2288 ἐπαϊόντων,
572 2253 625 2291 ἆρα
641 2255 715 2282 οὐδὲν
733 2256 816 2283 κακὸν
829 2256 966 2288 miserat;

1025 2257 1082 2284 Lur?
1097 2256 1149 2290 Qui
1166 2259 1192 2284 in
1210 2258 1412 2293 gymnasiorum
1429 2257 1668 2286 exercitationibus
1680 2257 1802 2285 studiose

219 2345 275 2380 (9|)
294 2345 411 2381 Οὖσπερ
432 2344 481 2372 καὶ
505 2346 657 2379 πρότερον.
677 2346 790 2373 Animus
807 2346 965 2381 philosopho

181 2380 292 2413 dignus.
306 2380 375 2406 Audi
391 2385 417 2407 et
433 2381 574 2409 Senecam.
591 2381 636 2407 sed
647 2381 702 2415 jam
718 2389 821 2412 senem,
839 2389 870 2408 ac
885 2380 963 2408 merti

181 2416 422 2450 propinquiorem.
443 2416 522 2449 epist.
536 2416 570 2442 26
587 2424 593 2442 :
613 2415 667 2450 Ego
686 2421 762 2443 certe,
784 2416 880 2449 inquit,
897 2416 964 2442 velut

181 2451 370 2484 appropinquat
394 2451 608 2483 experimentum.
632 2455 655 2476 et
677 2450 721 2476 ille
741 2450 843 2476 laturus
859 2456 963 2477 senten-

182 2487 247 2511 tiam
261 2485 292 2511 de
305 2485 424 2511 omnibus
441 2486 517 2511 anuis
533 2486 595 2511 "teis
618 2486 672 2511 dies
688 2486 783 2511 venerit
806 2485 843 2511 ita
865 2493 905 2512 me
919 2486 964 2511 ob-

180 2528 254 2546 servo
270 2524 294 2546 et
318 2519 448 2554 alloquor.
470 2519 547 2546 Nihil
569 2524 626 2551 est,
643 2521 759 2554 inquam,
780 2520 875 2551 adhuc,
893 2522 962 2554 quod

180 2559 228 2581 aut
247 2555 332 2585 rebus.
352 2553 398 2581 aut
421 2555 504 2582 verbis
525 2553 699 2581 exitibuiiitus.
717 2553 796 2581 Levia
815 2559 876 2581 sunt
899 2553 960 2586 ista,

178 2594 204 2616 ct
223 2589 332 2624 fallacia
349 2590 460 2624 pignora
477 2590 570 2621 animi,
583 2589 722 2624 multisque
734 2589 849 2616 involuta
865 2589 962 2615 lettoci-

179 2625 242 2650 Itiis.
268 2624 337 2656 Quid
357 2625 526 2658 profecerim,
546 2625 624 2650 morti
648 2625 794 2651 crediturus
815 2632 882 2650 sum.
900 2624 960 2650 Non

180 2659 271 2685 timide
288 2667 428 2693 componar
449 2659 484 2686 ad
498 2659 574 2685 illum
596 2661 674 2691 diem,
691 2667 751 2693 quo,
770 2660 874 2685 remotis
889 2665 959 2685 stro-

181 2694 238 2727 phis
255 2702 286 2720 ac
300 2695 379 2728 fucis,
396 2695 428 2720 de
443 2703 482 2720 me
500 2694 670 2728 judicaturus
681 2702 749 2721 sum.
767 2699 854 2719 utrum
868 2693 961 2727 loquar

178 2728 262 2761 fortia
278 2737 311 2755 an
326 2730 439 2756 sentiam
454 2738 463 2756 :
479 2729 596 2763 nunquid
611 2729 745 2755 simulatio
764 2729 856 2762 fuerit.
869 2734 891 2755 ct
910 2730 960 2755 nti-

178 2771 254 2793 mus.
277 2764 404 2798 quidquid
429 2769 521 2790 contra
548 2764 681 2797 fortunam
696 2763 797 2796 jactuvi
824 2763 959 2789 verborum

177 2800 381 2824 contumacium.
400 2798 594 2831 Disputationes
614 2803 637 2824 et
651 2798 764 2824 litterata
778 2798 919 2832 colloquia.
935 2804 958 2824 et

178 2841 211 2859 e1
237 2834 374 2867 pt‘tt‘CL‘plis
394 2834 550 2867 sapientium
567 2833 640 2859 verba
663 2834 782 2864 collecta,
795 2838 819 2858 et
839 2833 958 2859 eruditus

178 2876 273 2898 sermo,
294 2877 344 2894 non
360 2868 498 2894 ostendunt
521 2876 606 2894 verum
621 2868 699 2894 robur
719 2868 810 2894 animi.
829 2868 874 2894 list
890 2870 958 2894 enim

179 2904 265 2929 oratio
285 2904 365 2929 etiam
384 2903 556 2929 timidissimis
582 2904 679 2929 audax.
697 2903 765 2934 Quid
781 2905 878 2932 meris.
898 2909 958 2929 tunc

1013 2345 1159 2380 apparebit,
1181 2353 1240 2371 cum
1261 2345 1377 2371 animam
1399 2353 1469 2380 ages.
1494 2345 1562 2372 Vide
1586 2350 1612 2373 et
1629 2345 1735 2380 epistol.
1752 2346 1796 2373 50.

1012 2380 1106 2413 Qualis
1129 2385 1249 2407 extremo
1273 2380 1319 2407 illo
1336 2386 1408 2411 actu,
1436 2381 1522 2414 teipsa
1549 2381 1645 2411 fuerit,
1662 2382 1750 2407 disces
1765 2389 1798 2408 ex

1012 2415 1121 2447 Tucilo,
1142 2415 1188 2441 lib.
1208 2414 1305 2440 Annal.
1324 2423 1376 2444 xv.
1395 2423 1455 2442 nam
1483 2423 1624 2449 supremas
1645 2416 1704 2450 ejus
1718 2423 1801 2444 voces

1013 2454 1163 2482 temporum
1180 2450 1274 2475 invidit
1290 2449 1401 2483 injuria.
1660 2449 1664 2450 7
1773 2461 1778 2468 -

1048 2484 1102 2519 (92)
1119 2484 1208 2511 Τοῦτο
1222 2483 1367 2517 πράττων.
1390 2484 1471 2510 Malui
1487 2492 1541 2519 uno
1556 2484 1649 2515 verbo,
1667 2484 1798 2511 studiose.

1012 2520 1083 2546 Idem
1099 2524 1187 2546 tamen
1205 2524 1256 2550 est,
1269 2519 1340 2553 quod
1362 2519 1451 2545 Latini
1470 2526 1484 2544 a
1505 2518 1591 2545 Numa
1608 2520 1733 2550 instituti,
1751 2527 1798 2546 se-

1013 2555 1062 2581 riis
1076 2554 1102 2580 in
1119 2555 1209 2585 rebus,
1225 2561 1256 2580 ac
1276 2554 1424 2587 praesertim
1443 2554 1468 2580 in
1485 2554 1569 2580 sacris
1591 2555 1771 2581 admonebant
1787 2564 1794 2582 :

1014 2588 1070 2615 Hoc
1088 2597 1144 2622 age.
1162 2588 1300 2624 Plutarch.
1323 2588 1349 2615 in
1374 2587 1463 2614 Numa
1479 2596 1488 2614 :
1505 2587 1554 2614 Ὧν
1574 2588 1645 2623 ἴχνος
1670 2597 1699 2624 τιν
1715 2588 1796 2624 μέχρι

1012 2624 1059 2650 νῦν
1071 2623 1256 2655 διασώζοντες,
1271 2623 1334 2648 ὅταν
1354 2623 1444 2658 ἄρχων
1460 2623 1528 2658 πρὸς
1543 2623 1644 2658 ὄρνισιν
1660 2623 1675 2658 ἢ
1691 2623 1798 2655 Θυσίαις

1012 2658 1441 2694 διατρίδῃ,ᾲβοῶσιννΟΚνΑιξΕη
1466 2658 1590 2693 σημαίνει
1614 2658 1642 2684 δὲ
1666 2658 1682 2693 ὴ
1707 2659 1795 2694 φωνὴ,

1014 2693 1101 2720 Τοῦτο
1115 2692 1244 2727 apricos.
1264 2693 1335 2719 Idem
1353 2693 1379 2719 iu
1396 2693 1470 2719 Rom.
1485 2692 1622 2727 qiut'stion.
1635 2701 1644 2719 :
1665 2692 1794 2728 Ῥωμαῖοι

1010 2729 1040 2755 τὸ
1063 2728 1175 2754 παλαιὸν
1192 2729 1220 2754 ἐν
1239 2730 1299 2758 ταῖς
1323 2728 1428 2762 ἑορταῖς
1451 2728 1527 2754 οὐδὲν
1549 2728 1718 2763 ᾠκονόμουν,
1734 2728 1794 2754 οὐδὲ

1011 2763 1176 2798 ὲξρόντιζον,
1193 2763 1249 2789 ἀλλ’
1270 2762 1286 2797 ἢ
1303 2763 1366 2797 περὶ
1382 2763 1444 2794 τοὺς
1466 2763 1543 2794 θεοὺς
1559 2763 1729 2798 ἠσχολοῦντο,
1746 2763 1794 2790 καὶ

1009 2799 1087 2824 τοῦτο
1101 2798 1245 2833 ἔπραττον.

1046 2834 1100 2866 (93)
1113 2833 1166 2858 Τοῦ
1174 2832 1242 2864 ἑνὸς
1251 2832 1376 2858 ἐκείνου.
1393 2832 1495 2859 Seneca
1518 2833 1543 2860 in
1563 2839 1679 2867 quartam
1692 2832 1791 2867 cpist.:

1010 2868 1196 2901 Argumentum
1222 2867 1326 2901 pessimi
1357 2867 1433 2893 turba
1458 2873 1506 2894 est.
1537 2868 1593 2896 Et:
1619 2867 1793 2895 Numeranda

1010 2911 1059 2929 non
1074 2907 1132 2929 sunt
1147 2903 1255 2933 iudicia,
1272 2903 1315 2929 sed
1332 2902 1509 2931 ponderanda.
