2078 3207
266 178 338 206 1085

594 173 732 203 EUSEBI!
750 173 991 202 CASSARIENSIS
1009 173 1084 201 OPP.
1103 172 1194 201 PARS
1210 172 1245 200 1L
1266 188 1300 193 —-—
1314 171 1567 201 APOLOGETICA.

1825 173 1898 202 1081

265 241 400 269 versatur,
418 241 508 263 utrum
522 234 546 262 is
566 235 712 269 cujuslibet
726 234 847 263 hominis
861 234 954 268 laude,
979 234 1051 262 vitu-

1114 232 1209 264 -Πῶς
1223 232 1280 269 γὰρ
1299 232 1349 266 ob;
1365 232 1445 259 -Τί
1459 232 1483 260 δ’
1502 233 1562 259 ἐστι
1576 231 1609 259 τὸ
1633 231 1717 259 κακῶν
1737 231 1896 265 nitemur-1

264 283 342 319 perio
371 286 398 310 et
419 280 550 316 opinione
570 280 675 308 moveri
698 280 797 313 debet,
813 287 849 308 an
873 279 934 315 ejus
947 284 1053 308 tantum

265 329 357 362 unius,
371 328 417 363 qui
432 331 479 355 aut
493 327 616 355 medicus
627 326 680 360 sit,
696 330 744 354 aut
765 325 898 354 similium
919 327 1053 355 exercita-

265 375 371 402 tionum
388 373 564 402 moderator?
577 387 612 393 —-
624 372 698 400 Sane
717 372 801 408 hujus
819 377 938 402 tantum.
950 387 986 393 —
996 372 1054 400 Hu-

263 422 309 455 jus
327 426 392 454 ergo
411 418 555 451 duntaxat,
567 425 621 446 non
633 422 724 446 autem
738 418 933 452 multitudinis,
945 419 986 446 vel
996 425 1054 446 me-

265 470 342 493 tuere
360 464 597 500 reprehensiones,
617 464 661 491 vel
676 464 804 492 laudibus
822 464 951 492 delectari
971 471 1053 499 opor-

265 512 343 539 tebit.
357 510 507 545 -—Utique.
519 526 553 532 ——
564 510 653 538 Unius
668 517 734 546 ergo
753 510 934 539 moderatoris
950 510 1052 546 potius,

264 564 298 584 ac
313 564 405 584 rerum
424 557 537 584 istarum
562 555 663 590 periti,
683 552 765 590 quam
794 555 911 582 aliorum
931 554 1053 582 Omnium

266 610 368 631 sensus
395 606 478 636 atque
493 601 638 636 judicium,
659 605 713 628 tam
732 601 758 628 in
773 600 908 628 obeundis
921 600 1054 628 exercita-

267 647 400 679 tionibus.
415 655 498 681 quam
519 647 546 674 in
568 647 620 674 cibi
633 651 769 682 potusque
783 646 866 674 modo
885 646 1055 681 sequendum

267 692 330 720 erit.
344 707 379 712 —
394 691 441 720 Sic
458 696 510 719 est.
523 706 558 711 —
573 691 645 719 Bene
660 691 750 718 habet.
773 690 845 724 Quid
858 691 880 719 si
892 696 981 719 autem
995 692 1056 727 ejus

268 739 351 766 unius
377 738 479 774 reiecto
503 738 597 770 ductu,
618 743 646 765 et
665 736 794 771 opinione
809 737 990 772 laudibusque
1007 745 1056 765 ne-

269 784 375 819 glectis,
395 784 485 812 stultae
502 783 684 811 multitudinis
697 782 840 810 arbitrium
857 787 998 818 sequatur,
1015 783 1058 810 ni-

268 831 344 858 hilne
359 831 469 858 tandem
484 837 516 857 ex
530 837 564 857 eo
577 829 641 856 mali
664 829 801 864 patietur?
813 843 848 849 —
862 828 929 855 Nam
945 829 992 864 qui
1007 829 1058 856 ali—

269 882 310 903 ter
322 875 527 903 ﬂat?——Malum
543 876 613 903 istuc
623 879 714 902 autem
731 875 884 910 cujusmodi
895 875 956 903 est?
969 883 1059 910 quove

1106 281 1153 307 ποῖ
1164 279 1264 312 τείνεις
1281 278 1330 306 καὶ
1351 279 1392 311 εἰς
1413 278 1439 305 τί
1453 278 1507 305 τῶν
1525 276 1573 305 τοῦ
1586 276 1779 311 ἀπειθοῦντος
1797 292 1831 298 —-
1843 279 1897 312 Δη-

1104 325 1192 352 λονότι
1212 326 1253 358 εἰς
1267 325 1299 352 τὸ
1316 325 1406 361 σῶμα,
1419 324 1499 351 τοῦτο
1523 324 1578 360 γὰρ
1601 324 1731 352 διόλλυσι.
1746 339 1782 344 ——
1796 325 1899 357 Καλῶς

1105 369 1205 404 λέγεις.
1218 369 1324 398 οὐκοῦν
1335 369 1383 397 καὶ
1396 370 1431 396 τὰ
1444 369 1521 402 ἄλλα,
1534 366 1557 396 ὧ
1570 369 1690 404 Κρίτων,
1703 369 1789 402 οὕτως
1801 370 1845 396 ἶνα
1859 371 1898 406 μὴ

1106 416 1195 443 πάντα
1220 416 1343 452 διίωμεν.
1356 416 1413 443 Καὶ
1439 416 1472 452 δὴ
1495 416 1543 443 καὶ
1563 416 1628 452 περὶ
1643 415 1698 442 τῶν
1712 416 1825 443 δικαίων
1852 417 1897 443 καὶ

1106 462 1217 492 ἀδίκων.
1240 463 1289 490 καὶ
1313 463 1446 498 αἰσχρῶν,
1464 463 1513 489 καὶ
1534 462 1636 495 καλῶν,
1650 463 1697 489 καὶ
1709 462 1833 497 ἀγαθῶν,
1851 462 1898 489 καὶ

1107 509 1211 541 κακῶν,
1231 509 1295 544 περὶ
1310 505 1349 536 ὧν
1362 508 1410 535 νῦν
1425 509 1443 544 ἡ
1461 507 1544 544 βουλὴ
1557 509 1624 543 ἡμῖν
1644 508 1714 540 ἐστι,
1730 507 1846 543 πότερον
1865 508 1900 541 τῇ

1106 553 1162 580 τῶν
1180 553 1286 580 πολλῶν
1301 553 1366 590 δόξῃ
1388 554 1429 580 δεῖ
1452 553 1526 589 ἡμᾶς
1544 551 1669 586 ἔπεσθαι,
1694 553 1741 580 καὶ
1757 552 1901 587 φοϐεῖσθαι

1107 599 1203 634 αὐτὴν,
1225 599 1242 634 ἢ
1259 600 1292 634 τῇ
1308 597 1354 625 τοῦ
1381 599 1450 631 ἐνὸς,
1476 598 1503 625 εἴ
1522 598 1564 630 τίς
1593 600 1666 626 ἐστιν
1690 600 1804 631 ἐπαΐων,
1820 598 1850 624 ὃν
1867 598 1901 633 δὴ

1108 645 1155 672 καὶ
1181 645 1356 680 αἰσχύνεσθαι
1381 645 1428 672 καὶ
1447 644 1589 680 φοὸεῖσθαι
1614 645 1714 680 μᾶλλον
1734 645 1752 681 ἢ
1774 645 1901 680 ξύμπαν-

1108 700 1157 723 τας
1183 692 1247 723 τοὺς
1280 691 1393 724 ἄλλους;
1416 688 1451 727 ᾮ
1474 691 1500 718 εἰ
1528 691 1565 727 μὴ
1591 691 1820 727 ἁκολουθήσομεν,
1839 691 1901 718 δια-

1109 737 1263 774 φθεροῦμεν
1290 739 1387 770 ἐκεῖνο,
1423 739 1471 765 καὶ
1507 737 1701 773 λωὸησὸμεθα,
1729 737 1744 764 ὃ
1774 736 1814 772 τῷ
1849 738 1903 773 μὲν

1109 784 1206 819 δικαίῳ
1238 784 1342 819 βέλτιον
1369 784 1483 819 ἐγίνετο,
1513 783 1552 819 τῷ
1575 784 1603 810 δὲ
1635 783 1720 820 ἀδίκῳ
1745 783 1901 811 ἀπώλλυτο.

1113 829 1149 856 Ἦ
1165 830 1242 857 οὐδέν
1253 831 1311 857 ἐστι
1324 830 1403 857 τοῦτο
1412 839 1460 864 ;—
1468 827 1552 865 Οἶμαι
1568 830 1665 864 ἔγωγε,
1673 827 1696 856 ὧ
1707 829 1904 865 Σώκρατες--

1109 876 1179 912 Φέρε
1196 876 1239 912 δὴ,
1256 877 1303 904 ἐὰν
1317 877 1348 904 τὸ
1369 877 1422 904 ὑπὸ
1437 876 1485 903 τοῦ
1502 876 1619 911 ὑγιεινοῦ
1640 876 1689 911 μὲν
1703 875 1806 911 βέλτιον
1827 877 1904 910 γινό-

269 922 402 958 pertinet?
418 927 465 950 aut
491 930 575 957 quam
602 923 629 949 in
657 922 810 950 refractarii
836 927 940 957 partenl
960 922 1061 949 redun-

1114 931 1204 958 μενον,
1227 923 1281 949 ὑπὸ
1294 923 1342 950 τοῦ
1361 922 1494 955 νοσώδους
1511 923 1540 950 δὲ
1564 922 1797 958 διαφθειρόμενον,
1816 922 1904 952 διολέ-

269 970 381 997 dat?——
397 968 532 996 Nimirum
549 969 576 996 in
595 976 714 1003 corpus,
732 969 797 996 huic
815 968 887 996 enim
912 968 1059 1003 perniciem

271 1021 357 1044 creat.
370 1031 406 1036 —
419 1015 502 1043 Recte
527 1015 688 1050 respondes.
716 1014 883 1043 Caeterorum
903 1015 1002 1051 igitur,
1022 1015 1061 1042 mi

271 1060 358 1093 Crito,
379 1068 414 1089 ne
427 1060 534 1096 singula
553 1068 761 1096 persequamur,
777 1060 872 1088 eadem
885 1061 1008 1088 omnium
1021 1068 1062 1088 ra-

272 1107 311 1134 tio
328 1111 380 1134 est.
401 1105 495 1142 Itaque
508 1113 553 1134 res
565 1106 646 1134 etiam
663 1106 752 1141 justas
768 1106 920 1142 injustasve
933 1106 1005 1142 quod
1025 1111 1063 1134 at-

272 1152 351 1185 tinet,
372 1156 465 1187 turpes
486 1153 551 1180 item
568 1158 616 1180 aut
632 1153 775 1186 honestas,
795 1153 882 1181 bonas
897 1158 943 1180 aut
964 1153 1061 1186 malas,

271 1198 306 1225 de
318 1198 417 1233 quibus
432 1199 555 1226 instituta
569 1207 641 1226 nunc
655 1206 671 1226 Δ
686 1199 765 1227 nobis
777 1199 891 1233 quaestio
903 1203 955 1232 est,
969 1205 1062 1227 utrum

272 1244 346 1279 vulgi
367 1245 523 1280 opinionem
552 1245 629 1280 sequi
650 1253 682 1273 ac
701 1244 850 1272 formidare
869 1253 920 1273 nos
943 1250 1061 1280 oportet,

273 1299 308 1318 an
330 1292 412 1322 unius
426 1292 575 1324 duntaxat,
593 1292 617 1320 si
629 1292 692 1327 quis
706 1292 787 1319 modo
806 1292 891 1327 probe
910 1292 1063 1327 intelligens

274 1337 453 1372 fuerit,quem
467 1339 616 1365 etiamnum
629 1337 821 1372 potius,quam
833 1337 954 1372 reliquos
968 1345 1063 1366 omnes

274 1384 361 1411 vereri
378 1392 411 1411 ac
429 1388 550 1412 metuere
576 1384 743 1412 debeamus?
771 1382 903 1411 Eumdem
927 1388 1020 1411 contra
1040 1384 1064 1411 si

274 1431 366 1458 minus
382 1431 535 1464 audiemus,
553 1431 684 1458 damnum
700 1431 724 1458 ei
739 1431 808 1466 parti
823 1439 855 1458 ac
871 1431 1063 1459 detrimentum

275 1475 383 1502 allaturi
399 1475 496 1508 simus,
512 1483 573 1510 quae
587 1481 617 1502 ut
630 1476 757 1511 aequitate
774 1476 862 1509 ﬂoret,
877 1476 918 1504 sic
941 1477 968 1504 in
983 1477 1065 1512 justi-

275 1522 312 1548 tia
326 1522 561 1549 contabescit?An
573 1527 659 1549 totum
676 1523 747 1550 istuc
758 1523 834 1549 nihili
849 1522 917 1550 facis
924 1522 1066 1550 ?—Enim-

274 1575 351 1600 vero,
363 1567 500 1599 Socrates,
510 1573 597 1595 tecum
611 1569 710 1596 sentio.
724 1584 759 1589 —
773 1569 855 1604 653
875 1570 995 1604 Agedum
1013 1570 1064 1606 igi-

276 1619 331 1646 tur,
351 1615 374 1641 si
391 1615 462 1649 quod
476 1614 503 1640 in
524 1614 610 1642 nobis
624 1622 713 1642 rerum
729 1619 756 1642 et
771 1616 921 1643 salubrium
939 1623 990 1650 ope
1001 1624 1067 1643 cen-

275 1660 430 1693 vaieseit,et
441 1661 585 1687 noxiarum
605 1668 656 1687 usu
668 1661 810 1693 deteritur,
828 1662 892 1688 illud
908 1662 1016 1696 ipsimet
1032 1662 1067 1689 ab

277 1705 434 1732 hominibus
454 1705 588 1740 imperitis
609 1705 712 1733 inducti
730 1707 981 1741 pessundabitnus,
998 1715 1067 1735 eone

274 1750 332 1785 jam
355 1750 497 1786 proﬂigato
519 1751 665 1779 vivendum
694 1753 774 1780 nobis
795 1752 865 1780 ultra
888 1753 1067 1788 putabimus?

277 1796 385 1832 Corpus
408 1803 498 1824 autem
520 1797 586 1825 illud
612 1802 669 1831 est;
694 1797 887 1832 nunquid?—
908 1799 946 1826 lla
963 1805 1015 1827 est.
1031 1815 1066 1819 —

276 1841 347 1869 Num
359 1851 423 1878 ergo
438 1844 526 1875 nobis,
540 1852 602 1871 cum
619 1850 692 1878 aegro
711 1851 743 1870 ac
761 1843 859 1871 vitioso
872 1851 998 1880 corpore,
1014 1853 1064 1880 po-

278 1892 331 1915 test
345 1896 405 1916 esse
427 1889 482 1916 vita
496 1889 605 1917 vitalis?
619 1905 654 1910 —
672 1888 752 1916 Nullo
773 1889 865 1916 tnodo.
881 1905 916 1910 —
929 1891 964 1917 At
977 1898 1010 1918 eo
1026 1891 1068 1918 vi-

232 1957 237 1962 .
277 1934 374 1962 delicet
390 1940 530 1970 corrupto,
547 1936 636 1965 vitalis
647 1938 710 1970 erit,
727 1938 771 1965 cui
785 1941 815 1965 ut
825 1937 939 1964 exitium
958 1937 1067 1973 injusti-

277 1981 326 2012 tia,
344 1981 384 2008 sic
397 1982 512 2015 aequitas
533 1990 612 2017 opem
638 1991 671 2011 ac
686 1984 803 2011 salutem
827 1984 916 2011 affert.
942 1983 983 2011 An
1003 1992 1066 2011 cor-

277 2033 344 2061 pore
364 2027 445 2054 vilius
472 2027 645 2060 habebimus,
663 2029 794 2063 quidquid
811 2029 921 2056 demum
939 2029 966 2056 in
987 2028 1067 2057 nobis

277 2072 343 2100 illml
360 2079 410 2104 est,
428 2074 502 2101 circa
533 2075 605 2109 quod
628 2075 761 2110 injustitia
775 2075 936 2110 justitiaque
956 2083 1067 2103 versan-

1114 977 1215 1004 σωμεν,
1230 967 1386 1003 πειθόμενοι
1402 968 1440 1004 μὴ
1461 969 1493 1003 τῇ
1509 967 1564 994 τῶν
1582 967 1730 994 ἐπαϊόντων
1749 966 1824 1002 δόξῃ,
1847 964 1903 1002 ἄρα

1115 1011 1210 1047 βιωτὸν
1227 1013 1293 1048 ἡμῖν
1309 1013 1367 1039 ἐστι
1383 1012 1581 1048 διεψθαρμὲνου
1597 1012 1695 1045 αὐτοῦς
1712 1012 1790 1038 Ἔστι
1806 1011 1835 1038 δέ
1850 1020 1904 1038 που

1113 1059 1193 1087 τοῦτο
1205 1059 1294 1094 σῶμα,
1309 1058 1325 1094 ἦ
1337 1059 1397 1094 οὐχί
1409 1067 1459 1092 ;—
1470 1059 1535 1086 Ναί.
1545 1057 1649 1094 —'Ap‘
1666 1056 1712 1086 οὖν
1727 1058 1824 1094 βιωτὸν
1835 1059 1906 1094 ἡμῖν

1115 1107 1173 1132 ἐστι
1188 1105 1258 1141 μετὰ
1273 1105 1409 1141 μοχθηροῦ
1432 1106 1480 1133 καὶ
1494 1105 1692 1141 διεφθαρμένου
1715 1104 1856 1140 adipem;
1867 1119 1907 1125 —

1115 1152 1258 1188 Οὐδαμῶς.
1269 1168 1303 1172 —
1316 1151 1395 1178 Ἀλλὰ
1411 1152 1470 1187 μετ’
1491 1152 1595 1179 ἐκείνου
1610 1151 1665 1187 (94)
1680 1151 1733 1187 ἄρα
1748 1151 1822 1178 ἐστὶν
1838 1151 1906 1187 ἡμῖν

1117 1197 1214 1233 βιωτὸν
1225 1198 1434 1234 διεφθαρμένου,
1450 1198 1465 1225 ὃ
1480 1198 1509 1225 τὸ
1521 1198 1613 1225 ἄδικον
1629 1198 1678 1233 μὲν
1691 1197 1862 1227 λωϐᾶται.τδ
1877 1197 1906 1224 δὲ

1115 1244 1219 1271 δίκαιον
1238 1245 1367 1281 ὀνίνησιν.
1381 1245 1415 1271 ‘H
1430 1244 1594 1279 φαυλότερον
1612 1244 1754 1280 ἡγούμεθα
1773 1241 1842 1271 εἶναι
1855 1243 1906 1271 τοῦ

1118 1289 1243 1325 σώματος
1262 1291 1360 1323 ἐκεῖνο,
1377 1290 1392 1317 ὃ
1406 1291 1432 1317 τί
1449 1291 1507 1317 ποτ’
1520 1291 1579 1317 ἐστὶ
1594 1289 1649 1317 τῶν
1662 1290 1819 1326 ἡμετέρων,
1840 1290 1906 1325 περὶ

1116 1337 1186 1373 ὖῆτε
1201 1337 1293 1364 ἀδικία
1303 1337 1351 1365 καὶ
1364 1338 1381 1373 ἡ
1396 1337 1552 1373 δικαιοσύνη
1568 1337 1658 1370 ἑστίη
1671 1352 1707 1356 -
1720 1337 1906 1372 Οὐδαμῶς.-

1124 1383 1204 1410 Ἀλλὰ
1218 1383 1379 1419 τιμιώτερον
1390 1392 1397 1417 ;
1410 1399 1444 1404 -
1455 1383 1526 1411 Πολύ
1538 1392 1580 1418 γε.
1597 1398 1631 1402 -
1647 1384 1704 1410 Οὐκ
1724 1383 1788 1418 ἄρα,
1809 1379 1832 1409 ὦ
1845 1382 1907 1417 βέλ-

1117 1438 1203 1462 τιστε,
1224 1430 1294 1457 πάνυ
1315 1430 1381 1465 ἡμῖν
1398 1429 1470 1456 οὕτω
1496 1429 1684 1465 φροντιστέον,
1707 1429 1734 1455 τί
1758 1428 1865 1464 ἐροῦσιν
1880 1429 1906 1456 οἱ

1119 1476 1212 1503 πολλοὶ
1225 1477 1309 1512 ἡμᾶς,
1323 1476 1391 1503 ἀλλὰ
1405 1477 1431 1503 τί
1444 1477 1458 1502 ὀ
1471 1477 1573 1503 ἐπαῖων
1592 1476 1657 1512 περὶ
1669 1475 1723 1502 τῶν
1733 1475 1844 1502 δικαίων
1858 1476 1907 1501 καὶ

1118 1523 1238 1554 ἀδίκων,
1257 1524 1271 1550 ὀ
1286 1520 1344 1555 εἷς,
1363 1524 1410 1550 καὶ
1434 1523 1502 1559 αὑτὴ
1524 1523 1541 1558 ἡ
1557 1522 1681 1558 ἀλήθεια.
1695 1522 1777 1548 Ὥστε
1797 1521 1908 1557 πρῶτον

1121 1568 1171 1602 μὲν
1187 1568 1272 1604 ταύτῃ
1288 1569 1338 1595 οὐκ
1356 1568 1443 1604 ὀρθῶς
1457 1568 1651 1604 εἰσηγούμενος
1666 1568 1716 1603 τῆς
1731 1567 1785 1594 τῶν
1800 1566 1908 1593 πολλῶν

1119 1613 1197 1648 δόξης
1210 1613 1265 1640 δεῖν
1286 1615 1358 1649 ἡμᾶς
1381 1615 1532 1650 φροντίζειν
1548 1614 1611 1650 περὶ
1636 1613 1690 1640 τῶν
1711 1613 1834 1645 δικαίων,
1859 1614 1909 1640 καὶ

1120 1660 1221 1693 καλῶν,
1240 1661 1286 1687 καὶ
1303 1660 1422 1694 ἀγαθῶν,
1436 1661 1481 1686 καὶ
1500 1659 1554 1686 τῶν
1574 1660 1711 1686 ἐναντίων.
1729 1670 1738 1685 t
1753 1659 1808 1686 Καὶ
1827 1660 1841 1685 ὁ
1856 1667 1909 1685 σω-

1119 1707 1213 1742 τήριος
1234 1706 1261 1732 δε
1273 1706 1358 1740 Λόγος
1378 1707 1453 1742 φησί·
1467 1715 1477 1732 t
1496 1706 1580 1739 Δόξαν
1597 1706 1646 1741 τὴν
1662 1705 1738 1741 παρὰ
1756 1704 1910 1742 ἀνθρώπων

1120 1751 1237 1787 ζητεῖτε,
1258 1752 1304 1778 καὶ
1315 1752 1364 1787 τὴν
1375 1751 1455 1785 δόξαν
1472 1753 1521 1788 τὴν
1537 1753 1613 1789 παρὰ
1637 1753 1716 1788 μόνου
1728 1752 1775 1779 τοῦ
1792 1753 1862 1784 ἑνὸς,
1878 1753 1909 1778 οὔ

1120 1799 1236 1835 ζητεῖτε.
1251 1808 1260 1825 ι
1273 1799 1320 1825 Διὺ
1333 1799 1379 1826 καὶ
1388 1800 1467 1834 ἡμεῖς
1477 1800 1506 1826 ἐν
1516 1801 1572 1831 τοῖς
1582 1799 1651 1835 ὑπὲρ
1659 1799 1797 1830 εὐσεὸείας
1806 1798 1910 1832 ἀγῶσιν

1118 1845 1207 1882 ὀρθῶς
1222 1845 1388 1881 πράττομεν,
1406 1845 1436 1872 οὐ
1457 1845 1620 1878 σκοποῦντες
1635 1846 1661 1872 τί
1683 1846 1756 1881 ἡμᾶς
1771 1846 1796 1871 οἱ
1816 1845 1910 1872 πολλοὶ

1118 1891 1237 1927 ἐροῦσιν,
1254 1890 1322 1918 ἀλλὰ
1335 1892 1362 1918 τί
1388 1891 1511 1928 βούλεται
1537 1889 1576 1924 εἷς
1592 1893 1607 1918 ὁ
1625 1892 1671 1919 τοῦ
1686 1891 1753 1918 Θεοῦ
1769 1892 1855 1925 Λόγος
1882 1891 1910 1918 ἰν

1119 1937 1194 1970 ἅπαξ
1217 1938 1307 1973 κρίσει
1324 1937 1477 1974 ἑλομένους,
1497 1939 1631 1974 προσήκει
1651 1938 1750 1973 ὁμοίως
1776 1938 1823 1964 καὶ
1836 1938 1910 1969 τότε,

1118 1983 1212 2019 ὥσπερ
1227 1982 1261 2010 αὖ
1274 1984 1321 2010 καὶ
1333 1984 1474 2020 πρότερον,
1489 1985 1581 2020 τιμᾷν,
1594 1985 1641 2011 καὶ
1656 1984 1693 2020 μὴ
1707 1983 1909 2019 μετατίθεσθαι,

1121 2028 1182 2065 μηδ’
1197 2029 1230 2056 ἂν
1244 2030 1261 2064 ἡ
1283 2029 1337 2055 τῶν
1354 2029 1464 2056 πολλῶν
1479 2028 1602 2065 δύναμις,
1614 2029 1708 2065 ῶσπερ
1724 2030 1821 2060 παῖδας
1835 2029 1909 2064 ἡμᾶς

1123 2075 1352 2111 μορμολύτητται.
1372 2076 1494 2104 Τοιοῦτοι
1511 2077 1539 2104 δὲ
1560 2075 1629 2113 ἦσαν
1641 2078 1688 2103 καὶ⁸
1706 2078 1730 2103 οἱ
1743 2077 1828 2104 πάλαι
1845 2076 1911 2111 παρ’

277 2117 386 2145 tur?——
395 2119 482 2146 Absit.
499 2134 535 2139 —
548 2119 617 2146 Num
636 2120 717 2155 igitur
736 2121 926 2155 praestantius?
937 2135 971 2140 -
984 2120 1061 2147 liluitt

1126 2121 1262 2157 Ἑϐραίοις
1279 2123 1308 2148 ὲν
1325 2123 1466 2159 μαρτυρίῳ
1478 2123 1687 2159 διαλάμψαντες.

279 2173 356 2194 sane.
370 2165 477 2193 —Non
512 2167 658 2194 admodum
683 2175 762 2202 ergo,
788 2169 830 2195 vir
866 2168 983 2202 optime,
1005 2168 1157 2196 curandum
1196 2169 1275 2197 nobis
1309 2170 1382 2203 erit,
1402 2170 1525 2205 quidede
1548 2170 1626 2197 nobis
1647 2170 1744 2205 vulgus
1763 2169 1912 2204 loquatur;

279 2213 326 2241 sed
347 2213 411 2248 quid
429 2214 473 2241 ille
487 2219 603 2247 tantum,
627 2215 674 2249 qui
705 2223 798 2242 rerum
812 2216 950 2250 justarum
983 2222 1010 2243 et
1029 2217 1193 2252 injustarum
1229 2218 1385 2253 cognitione
1422 2218 1575 2254 praestabit;
1595 2226 1677 2250 unus,
1703 2218 1835 2253 inquam,
1854 2217 1913 2249 ille.

280 2260 392 2295 ipsaque
412 2260 480 2289 adeo
500 2261 610 2289 veritas.
632 2261 722 2294 Quare
739 2262 830 2290 minus
852 2266 925 2290 recte
948 2262 1067 2297 primum
1089 2264 1156 2292 illud
1186 2265 1236 2293 abs
1252 2269 1279 2293 te
1307 2265 1426 2294 positum
1441 2269 1493 2298 est,
1510 2264 1556 2292 ubi
1573 2264 1607 2292 de
1623 2265 1704 2292 rebus
1717 2264 1812 2299 justis,
1827 2264 1914 2290 bone-

279 2307 329 2334 stis
356 2315 388 2335 ac
416 2307 496 2335 bonis
523 2313 629 2344 agatur,
645 2317 795 2344 earumque
821 2310 976 2343 contrariis,
996 2311 1068 2347 vulgi
1087 2313 1243 2347 opinionem
1265 2313 1358 2348 aliquo
1375 2313 1454 2341 nobis
1469 2313 1495 2340 in
1507 2318 1636 2346 numero)
1648 2312 1800 2339 habendam
1821 2319 1910 2339 esse»

280 2352 417 2382 Hactenus
447 2354 536 2382 Plato.
558 2354 646 2388 Quam
668 2355 696 2382 in
718 2356 882 2384 sententiam
912 2356 978 2384 illud
995 2361 1038 2385 est
1065 2359 1194 2387 salutaris
1227 2358 1378 2394 Evangelii,
1401 2369 1411 2384 ι
1427 2358 1546 2386 Gloriam
1574 2358 1609 2385 ab
1631 2357 1789 2384 hominibus
1811 2356 1913 2391 quatri-

281 2401 326 2444 Iis.
345 2406 372 2428 et
387 2401 504 2436 gloriam
521 2401 554 2428 ab
569 2409 601 2429 eo
619 2401 697 2434 solo,
720 2403 767 2437 qui
793 2411 857 2431 vere
878 2411 949 2432 unus
963 2409 1020 2437 est,
1043 2412 1097 2432 non
1129 2405 1252 2441 quaeritis
1271 2406 1293 2433 ⁸.
1312 2416 1321 2433 ι
1344 2405 1477 2440 Quocirca
1502 2414 1552 2432 nos
1569 2405 1650 2432 etiam
1673 2404 1700 2430 in
1715 2403 1916 2431 certaminibus

281 2454 331 2481 pro
347 2447 480 2481 religione
506 2446 651 2481 susceptis,
668 2447 731 2482 jure
749 2448 874 2483 profecto
895 2456 950 2476 non
977 2450 1156 2483 attendimus,
1179 2450 1244 2486 quid
1280 2450 1314 2478 de
1328 2451 1407 2478 nobis
1433 2450 1578 2478 multitudo
1594 2449 1731 2484 loquatur,
1746 2448 1791 2475 sed
1808 2452 1913 2475 tantum

281 2493 347 2528 quid
375 2501 459 2521 unum
486 2493 553 2521 illud
571 2493 618 2521 Dei
642 2493 758 2522 Verbum
784 2495 921 2530 postulet;
946 2495 980 2523 ad
1007 2496 1080 2531 quod
1101 2495 1146 2523 ubi
1169 2504 1220 2524 nos
1243 2497 1328 2524 semel
1345 2497 1518 2524 considerare
1543 2495 1730 2530 adjunximus,
1761 2498 1818 2521 tum
1847 2493 1915 2521 illud

281 2542 363 2568 etiam
378 2542 489 2576 perinde
505 2543 543 2569 uti
561 2543 637 2577 prius
654 2542 801 2571 observare
819 2552 868 2571 nos
884 2548 1001 2578 oportet,
1018 2551 1069 2571 nec
1088 2552 1209 2579 unquam
1224 2545 1338 2572 omnino
1365 2545 1513 2577 dimittere,
1542 2542 1649 2570 tametsi
1664 2541 1744 2569 nobis
1755 2540 1835 2575 quasi
1849 2548 1914 2576 put.»

280 2590 320 2618 ris
349 2590 569 2618 terriculamenta
600 2592 641 2618 vis
667 2592 713 2618 illa
737 2591 922 2620 multitudinis
953 2592 1073 2626 objiciat.
1094 2591 1195 2624 Quales
1210 2593 1292 2620 etiam
1313 2597 1406 2625 erant,
1427 2593 1473 2628 qui
1499 2591 1569 2627 apud
1600 2590 1727 2617 Hebra'os
1751 2588 1817 2616 olim
1840 2596 1916 2616 mar-

281 2635 345 2671 tyrii
361 2635 448 2670 gloria
464 2636 598 2668 claruere.

318 2713 330 2729 ⁸
346 2712 426 2740 Joan.
442 2721 469 2747 ν,
484 2715 529 2742 AM.

322 2791 377 2828 (94)
393 2791 549 2826 Ἆλλὰμετ*
562 2793 690 2821 ἐκείνου.
705 2793 832 2821 Animum
848 2794 949 2828 accipe.
961 2792 988 2819 Id
1000 2792 1072 2819 enim

1128 2796 1257 2826 corrupto
1278 2790 1380 2823 animo,
1399 2788 1448 2826 qui
1465 2789 1539 2817 solus
1558 2787 1776 2826 ju_s_titi_te_e_apax
1791 2789 1819 2813 et
1841 2783 1915 2820 initt-

286 2827 343 2867 vult
361 2825 498 2861 Socrates,
514 2828 536 2856 si
553 2836 623 2864 aegro
634 2837 753 2866 corpore
775 2825 923 2865 injucunda
948 2828 1002 2856 vita
1020 2832 1072 2862 est,

1127 2821 1220 2862 utilite;
1235 2827 1313 2862 longe
1331 2821 1482 2861 graviorem
1497 2821 1654 2851 eam'videri
1668 2821 1777 2849 debere.
