2078 3207
173 206 240 236 MSS

438 263 636 292 ΚΕΦΑΛΑΙΟΝ
656 264 694 292 Ζ¹.

170 319 233 348 ὀτι
248 320 293 356 μὴ
312 319 361 347 δεῖ
371 319 536 360 ἀμύνεσθαι
557 319 629 360 τοὺς
640 318 756 360 ἀδικεῖς·
774 318 853 360 ἡμᾶς
869 326 958 354 παρε-

303 354 542 390 σκευασμένους.
562 354 630 382 Ἀπὸ
643 354 696 382 τοῦ
712 354 818 382 αὐτοῦ.

209 423 220 439 ι
238 413 334 441 Οὐδενὶ
357 412 450 448 τρόπῳ
472 411 538 448 (95)
566 411 656 447 φαμὲν
685 411 798 442 ἑκόντας
819 410 959 446 ἀδικητέον

171 457 275 494 εἷναι,ἢ
285 458 337 485 τινὶ
349 458 398 493 μὲν
409 457 550 494 ἀδικητέον
557 456 660 492 τρόπῳ,
668 456 722 483 τινὶ
729 456 751 482 δ’
764 455 794 483 οὔ
805 464 812 488 ;
824 456 859 482 Ἦ
878 456 958 483 οὐδα-

172 503 232 539 μῶς
243 503 274 530 τό
284 511 315 538 γε
322 503 423 530 ἀδικεῖν
435 502 497 529 οὐτε
503 502 587 529 καλὸν
593 501 655 529 οὔτε
667 501 776 537 ἀγαοδν,
785 501 822 533 ὡς
830 501 959 533 πολλάκις

169 551 240 585 ἡμῖν
256 550 302 576 καὶ
316 550 345 576 ὲν
361 548 399 585 τῷ
421 548 574 584 ἔμπροσθεν
596 548 685 583 χρόνῳ
700 547 872 583 ὡμολογήθη,
891 547 959 583 ὅπερ

171 595 220 623 καὶ
234 591 296 632 ἄρτι
309 595 434 629 ὲλέγετο;
447 596 482 622 Ἦ
498 596 583 622 πᾶσαι
595 596 660 630 ἡμῖν
680 595 781 621 ἐκεῖναι
798 594 826 620 αἱ
841 594 959 630 πρόσθεν

170 641 322 678 ὁμολογίαι,
339 642 368 668 ὲν
379 641 469 668 ταῖσδε
484 642 544 672 ταῖς
559 641 663 675 ὀλίγαις
677 640 796 676 ἡμέραις
809 640 960 676 ἐκκεχυμέ-

170 698 216 716 ναι
228 689 294 716 εἰσί·
308 689 355 715 καὶ
371 688 465 721 πάλαι,
477 684 499 714 ὧ
517 687 635 724 Κρίτων,
648 686 702 724 ἄρα
718 687 853 723 τηλικοίδε
865 687 959 723 γέρον-

170 744 218 767 τες
246 735 357 771 ἄνδρες,
375 735 442 770 πρὸς
467 733 596 769 ἀλλήλους
624 733 724 770 σπουδῇ
757 733 957 769 διαλεγόμενοι,

171 782 305 818 ἐλάθομεν
328 782 402 817 ἡμᾶς
426 781 523 813 αὐτοὺς
548 781 649 807 παίδων
673 781 748 807 οὐδὲν
767 780 958 816 διαφέροντες;

171 829 208 854 'li
229 828 328 859 παντὸς
342 827 442 863 μᾶλλον
463 826 549 858 οὕτως
564 826 638 862 ἔχει,
661 826 755 862 ὥσπερ
767 827 828 853 τότε
853 826 960 860 ἐλέγετο

171 875 255 910 ἡμῖν,
273 874 328 901 εἶτε
345 873 427 908 φασὶν
449 873 474 899 οἱ
491 872 599 905 πολλοὶ,
620 873 674 899 εἴτε
693 873 744 908 μή·
770 873 815 900 καὶ
838 872 893 898 εἴτε
920 872 960 898 δεῖ

170 922 246 956 ἡμᾶς
262 920 302 947 ἔτι
318 919 399 946 τῶνδε
411 918 588 955 χαλεπώτερα
604 919 728 954 πάσχειν,
742 919 797 945 εἴτε
814 919 860 945 καὶ
875 917 960 953 πραό-

170 975 249 1002 τερα,
272 968 347 1001 ὅμως
362 965 391 992 τό
410 974 442 999 γε
459 964 561 992 ἀδικεῖν
580 964 619 1000 τῷ
643 964 788 996 ἀδικοῦντι,
811 965 858 991 καὶ
877 964 961 991 κακὸν

170 1013 220 1038 καὶ
237 1011 349 1047 αἰσχρὸν
364 1010 506 1045 τυγχάνειν
519 1010 549 1037 ὃν
568 1009 648 1037 παντὶ
662 1009 755 1044 τρόπῳ
771 1008 898 1044 φαμὲν.ἢ
913 1007 959 1041 οὓς

169 1058 315 1092 -Φαμέν,
329 1071 362 1076 ——
377 1056 508 1092 Οὐδαμῶς
527 1056 581 1092 ἄρα
599 1055 639 1082 δεῖ
658 1055 863 1088 ἀδικεῖνς-Οὐ
882 1054 960 1090 δῆτα.

170 1121 207 1127 -
225 1104 291 1131 Οὐδὲ
306 1104 481 1139 ἀδικούμενον
505 1103 558 1138 ἄρα
577 1102 742 1134 ἀνταδικεϊν,
757 1101 794 1133 ὡς
821 1101 846 1128 oi.
870 1101 961 1128 πολλοὶ

170 1152 283 1182 οἴονται,
299 1151 390 1186 ἐπειδή
412 1159 442 1185 γε
463 1148 590 1185 οὐδαμῶς
608 1149 649 1176 δεῖ
671 1149 835 1181 ἀδικεῖν;-
848 1148 884 1174 Οὐ
900 1147 962 1182 φαί-

171 1204 258 1226 νεται.
271 1213 305 1218 —-
316 1198 347 1224 Τί
366 1198 393 1224 δὲ
408 1197 456 1233 δή;
472 1197 635 1231 κακουργεῖν
651 1195 700 1228 δεῖ,
715 1192 737 1221 ὦ
751 1193 896 1231 Κρίτων,ἢ
912 1194 960 1227 οΰ;

169 1261 208 1266 ——
221 1246 257 1272 Οὺ
282 1245 321 1271 δεῖ
342 1244 374 1280 δή
391 1253 459 1276 που,
474 1241 497 1270 ὧ
516 1243 668 1278 Σώκρατες.
693 1257 728 1263 -
752 1241 784 1268 Τί
799 1241 827 1267 δὲ
850 1242 962 1268 ἀντικα-

170 1292 299 1326 κουργεῖν
316 1289 408 1322 κακῶς
422 1289 575 1324 πάσχοντα,
596 1287 633 1319 ὼς
655 1288 679 1313 οἱ
703 1285 794 1312 πολλοί
815 1294 899 1320 φασι,
920 1285 961 1311 δί-

170 1345 261 1368 καιον,
276 1336 293 1371 ἦ
308 1337 339 1363 ού
355 1336 458 1363 δίκαιον
469 1343 476 1367 ;
489 1349 525 1355 ——-
536 1333 680 1369 Οὐδαμῶς·
699 1333 730 1358 τὺ
741 1333 794 1368 γάρ
812 1341 863 1359 που
879 1332 962 1358 κακὸν

171 1384 260 1409 ποιεῖν
268 1381 425 1417 ἀνθρώπους
437 1380 483 1407 τοῦ
495 1380 595 1407 ἀδικεῖν
605 1379 680 1405 οὐδὲν
691 1377 963 1413 διαφέρει-Καλῶς

171 1430 273 1464 λέγεις.
282 1427 391 1455 -Οὐτε
404 1427 457 1464 ἄρα
472 1427 623 1454 ἀνταδικεῐν
639 1426 688 1457 δεῖ,
697 1425 758 1452 οὕτε
770 1425 862 1457 κακῶς
875 1426 962 1452 ποιεῖν

170 1475 270 1503 οὐδένα
288 1474 449 1510 ἀνθρώπων,
466 1473 520 1499 οὐδ’
537 1472 570 1499 ἂν
585 1471 673 1499 ὁτιοῦν
688 1471 779 1507 πάσχῃ
798 1479 839 1502 τις
851 1471 896 1496 ὑπ’
914 1471 963 1497 αὺ-

171 1522 237 1549 τῶν.
257 1521 326 1548 Ἀλλ’
340 1521 400 1557 ὅρα,
421 1516 443 1546 ὧ
454 1519 562 1555 Κρίτων
574 1519 660 1545 ταῦτα
676 1516 876 1553 καθομολογῶν,
889 1517 963 1548 ὅπως

173 1567 214 1603 μὴ
226 1566 302 1603 παρὰ
322 1566 400 1598 δόξαν
414 1564 555 1600 ὁμολογῇς.
582 1561 647 1590 οἶδα
661 1563 715 1598 γὰρ
736 1563 776 1589 ὅτι
794 1562 894 1596 ὀλίγοις
908 1565 963 1590 τισὶ

755 204 916 233 ΡΒᾸΞΡΑΒ.
937 205 1061 232 ΕΥΔΜΞ.
1080 205 1144 231 LIB.
1167 204 1234 230 XIII.

972 267 997 296 Α

976 949 998 979 Β

1720 192 1794 230 ἰυδιι

1306 258 1422 288 CAPUT
1437 259 1494 288 VII.

1011 308 1195 343 Reponcndam
1212 307 1246 334 iis
1258 314 1311 343 non
1323 315 1383 343 esse
1393 326 1401 338 ,
1415 314 1432 333 a
1443 304 1682 343 qgibusjnjuriosc
1701 308 1798 332 tracto-

1202 350 1272 374 mur,
1289 342 1428 376 injuriam.
1449 340 1492 368 Ex
1502 340 1603 368 eodem.

1051 397 1062 415 ι
1081 387 1187 422 Utrum,
1206 387 1296 423 inquit
1316 387 1403 420 Plato,
1422 386 1551 422 injuriam
1565 389 1662 421 sponte
1674 385 1733 413 ullo
1744 392 1798 413 un-

1011 441 1094 470 quam
1120 433 1202 462 modo
1229 433 1381 461 faciendam
1406 439 1547 468 negamus,
1571 440 1605 459 an
1627 431 1718 466 aliquo
1738 429 1798 458 ﬁeri

1011 487 1102 515 posse,
1117 478 1210 513 aliquo
1227 485 1282 505 non
1302 485 1383 513 posse
1396 475 1561 505 statuimus?
1580 475 1663 508 Num,
1674 475 1798 510 inquam,

1011 525 1139 560 injuriam
1158 524 1249 552 facere
1261 524 1416 551 nullatenus
1430 523 1573 551 honestum
1587 529 1618 550 ac
1631 522 1734 549 bonum
1745 525 1799 551 est,

1011 571 1241 608 quemadmodum
1261 570 1332 598 inter
1347 577 1398 597 nos
1412 574 1491 597 antea
1507 577 1578 604 saepe
1606 568 1749 601 convenit,
1769 571 1800 593 ut

1011 615 1093 644 etiam
1116 615 1197 650 paulo
1220 618 1283 642 ante
1304 612 1462 642 dicebatur?
1480 612 1563 649 654
1576 614 1617 640 An
1637 618 1703 638 vero
1718 609 1800 644 quid-

1011 662 1075 697 quid
1090 669 1104 689 a
1119 661 1198 688 nobis
1214 665 1293 688 antea
1305 659 1482 687 constitutum
1494 663 1571 691 erat,
1590 658 1616 685 id
1631 665 1710 684 omne
1729 664 1797 691 pau-

1012 708 1052 735 cis
1072 707 1145 734 hisce
1158 706 1255 734 diebus
1283 705 1448 738 effudimus;
1468 711 1585 739 nosque,
1606 703 1642 730 mi
1659 703 1745 735 Crito,
1766 709 1799 729 ea

1010 754 1066 789 jam
1082 757 1161 781 atate
1181 759 1270 785 senes,
1286 751 1351 779 dum
1372 751 1442 778 inter
1462 757 1514 778 nos
1528 749 1649 777 studiose
1664 748 1800 783 discepta—

1015 807 1096 832 mus,
1125 798 1219 826 tandiu
1241 797 1331 830 latuit,
1352 804 1433 831 quam
1448 796 1515 823 nihil
1530 803 1545 822 a
1560 794 1652 830 pueris
1675 794 1802 821 diﬂ'erre-

1013 844 1095 872 mus?
1112 844 1152 871 An
1168 844 1258 879 potius
1281 842 1318 869 ita
1339 843 1420 877 plane
1434 849 1463 869 se
1478 849 1521 868 res
1539 841 1620 868 habet
1637 840 1800 872 etiamnum,

1012 890 1051 918 uti
1065 898 1081 917 a
1094 890 1172 917 nobis
1187 897 1220 917 eo
1234 894 1355 924 tempore
1367 888 1567 923 disputabatur,
1585 887 1643 915 sive
1667 886 1802 921 suﬂrage-

1013 939 1057 962 tur
1065 934 1220 968 multitudo,
1234 934 1291 961 sive
1304 933 1507 969 non?adeoque
1521 940 1569 960 seu
1584 940 1633 960 nos
1649 932 1708 960 istis
1716 933 1799 959 etiam

1012 980 1137 1016 graviora
1151 985 1290 1011 maneant,
1305 987 1353 1007 seu
1367 979 1480 1013 leviora,
1497 979 1625 1014 injuriam
1642 983 1732 1006 tamen
1748 986 1800 1005 au-

1012 1025 1081 1053 ctori
1104 1033 1154 1053 suo
1180 1025 1278 1052 malam
1293 1032 1406 1060 prorsus
1424 1032 1485 1052 esse
1500 1029 1662 1059 turpemque
1676 1024 1800 1052 defendi-

1011 1080 1084 1104 mus,
1097 1079 1130 1098 an
1146 1071 1264 1098 non?—
1278 1070 1372 1098 Ilercle
1386 1070 1603 1098 defendimus.—
1616 1070 1710 1105 Itaque
1724 1070 1803 1097 nullo

1011 1118 1095 1146 modo
1119 1117 1243 1145 facienda
1270 1117 1370 1152 injuria
1388 1123 1439 1145 est.
1454 1131 1489 1136 —
1503 1116 1593 1143 Nullo.
1608 1131 1643 1136 —
1663 1116 1746 1151 Igitur
1765 1123 1802 1144 ne

1013 1161 1169 1196 reponenda
1184 1160 1293 1196 quidem
1306 1160 1444 1193 inferenti,
1459 1165 1488 1187 ut
1506 1160 1578 1188 aliud
1594 1161 1692 1196 vulgus
1705 1160 1802 1196 opine-

1011 1211 1067 1239 tur,
1094 1207 1314 1241 quandoquidem
1337 1205 1462 1233 facienda
1488 1214 1627 1241 nunquam
1654 1205 1801 1234 est.—Et

1011 1252 1066 1281 hoc
1086 1260 1258 1288 consequens
1279 1257 1379 1280 est.—~
1392 1251 1463 1285 Quid
1487 1257 1577 1279 autem
1605 1252 1800 1280 detrimentum

1012 1298 1109 1326 afferre
1121 1319 1129 1332 ,
1144 1299 1182 1326 mi
1194 1298 1269 1326 Crito
1279 1319 1286 1332 ,
1304 1298 1434 1331 decctne,
1456 1305 1490 1325 an
1516 1297 1587 1325 non?
1599 1313 1635 1318 —
1646 1296 1706 1324 Non
1722 1305 1801 1332 sane,

1012 1345 1049 1372 mi
1076 1344 1260 1372 Socrates.—-
1276 1344 1433 1380 Rependere
1458 1351 1522 1371 vero
1546 1344 1618 1379 quod
1650 1345 1800 1379 acceperis.

1012 1397 1156 1424 aequumne
1168 1397 1260 1425 porro,
1275 1398 1309 1416 an
1325 1389 1424 1417 secus?
1435 1387 1557 1416 —Nullo
1573 1389 1654 1416 modo
1672 1398 1679 1416 :
1700 1390 1801 1424 quippe

1014 1437 1208 1464 detrimentum
1226 1436 1299 1463 enim
1316 1436 1363 1471 qui
1375 1435 1478 1474 aﬂ‘erat,
1493 1436 1516 1462 is
1539 1435 1573 1462 ab
1586 1435 1713 1470 injuriam
1729 1435 1800 1462 infe-

1012 1487 1090 1510 rente
1102 1482 1169 1509 nihil
1185 1482 1301 1510 diil‘erat.
1314 1498 1348 1502 -—
1359 1481 1443 1509 Recte
1460 1480 1583 1508 omnino.
1598 1480 1733 1516 —Itaque
1749 1488 1800 1508 nec

1014 1529 1167 1564 reponenda
1188 1529 1308 1556 vicissim
1324 1528 1421 1562 injuria
1436 1533 1489 1559 est,
1511 1535 1560 1555 nec
1573 1527 1619 1554 ulli
1632 1534 1744 1562 prorsus
1761 1527 1800 1555 iu-

1013 1574 1253 1606 commodandum,
1271 1573 1402 1609 quidquid
1427 1573 1461 1601 ab
1474 1573 1534 1601 aliis
1556 1573 1630 1608 passi
1656 1573 1798 1601 fuerimus.

170 1613 260 1640 ταῦτα
278 1612 323 1639 καὶ
335 1612 406 1639 δοκεῖ
420 1611 468 1637 καὶ
481 1610 561 1643 δόξει.
573 1606 620 1641 Οἷς
632 1607 676 1636 οὖν
686 1608 757 1635 οὕτω
770 1608 901 1640 δέδοκται,
916 1609 960 1634 καὶ

1013 1620 1065 1648 Sed
1080 1621 1140 1648 vide
1153 1621 1191 1648 sis
1203 1641 1210 1654 ,
1230 1620 1266 1647 uti
1280 1606 1355 1647 ili-ito
1367 1638 1374 1651 ,
1392 1627 1425 1646 ne
1437 1619 1501 1646 dum
1515 1606 1585 1646 istuc
1602 1618 1694 1646 fateris
1706 1639 1714 1652 ,
1730 1626 1799 1654 prm—

171 1657 214 1691 οῗς
234 1658 281 1694 μὴ,
296 1658 400 1690 τούτοις
416 1658 466 1684 οὐκ
486 1656 544 1684 ἐστι
558 1656 634 1692 κοινὴ
654 1655 750 1691 βουλή·
777 1654 833 1680 ἀλλ’
853 1654 959 1689 ἀνάγκη

170 1705 285 1736 τούτους
301 1704 421 1738 ἀλλήλων
441 1703 629 1738 καταφρονεῖν,
652 1701 771 1737 ὁρῶντας
790 1700 824 1727 τὰ
841 1700 961 1735 ἀλλήλων

173 1750 357 1787 βουλεύματα.
373 1749 473 1776 Σκόπει
489 1749 520 1783 δὴ
533 1747 580 1775 οὖν
598 1748 645 1774 καὶ
660 1748 691 1774 σὺ
707 1744 736 1773 εὖ
753 1746 834 1782 μάλα,
848 1746 961 1781 πότερον

171 1798 312 1827 κοινωνεῖς
329 1796 376 1823 καὶ
390 1794 512 1822 συνδοκεῖ
534 1802 584 1827 σοι,
603 1794 649 1820 καὶ
670 1792 817 1829 ἀρχώμεθα
838 1791 961 1818 ἐντεῦθεν

173 1844 378 1880 βουλευόμενοι,
404 1843 441 1875 ὡς
457 1841 584 1868 οὐδέποτε
600 1840 686 1876 ὀρθῶς
710 1840 816 1875 ἔχοντος
838 1838 898 1865 οὐτε
915 1837 960 1865 τοῦ

171 1892 288 1922 ἀδικεῖν,
305 1889 367 1916 οὔτε
393 1889 439 1916 τοῦ
456 1888 624 1920 ἀνταδιχεῖν,
644 1886 706 1913 οὕτε
725 1886 771 1913 τοῦ
798 1886 890 1917 κακῶς
909 1885 961 1912 πά-

172 1946 275 1973 σχοντα
291 1936 442 1972 ἀμύνεσθαι
461 1934 626 1971 ἀντιδρῶντα
643 1933 749 1973 κακῷς·
770 1933 786 1969 ἢ
802 1933 960 1965 ἀφίστασαι,

172 1971 223 2010 καὶ
238 1983 268 2010 οὐ
283 1971 420 2013 κοινωνεῖς
435 1981 484 2016 τῆς
500 1981 597 2016 ἀρχῆς.
615 1971 701 2014 Ἐμοί
710 1979 759 2014 μὲν
775 1979 829 2014 γὰρ
848 1979 895 2005 καὶ
908 1977 961 2004 πά-

171 2031 220 2056 λαι
239 2029 309 2056 οὕτω
329 2029 376 2055 καὶ
392 2028 439 2055 νῦν
456 2027 496 2053 ἔτι
520 2027 601 2053 δοκεῖ.
616 2025 671 2052 Καί
687 2034 729 2051 σοι
742 2025 770 2051 δὲ
785 2025 810 2051 εἴ
831 2033 870 2059 πη
894 2023 960 2058 ἄλλη

171 2077 314 2109 δέδοκται,
341 2075 421 2110 λέγε,
449 2074 496 2101 καὶ
514 2074 634 2101 δίδασκε·
655 2073 680 2099 εί
703 2072 726 2099 δ’
748 2071 876 2107 ὲμμένεις
904 2072 960 2102 τοῖς

172 2121 310 2156 πρόσθεν,
330 2121 360 2147 τὸ
376 2119 445 2155 μετὰ
465 2118 544 2145 τοῦτο
564 2119 699 2146 ἄκουε.--
713 2117 782 2143 Ἀλλ’
805 2117 915 2152 ὲμμένω
930 2125 960 2142 τε

172 2167 222 2195 καὶ
238 2166 359 2193 συνδοκεῖ
372 2174 427 2201 μοι.
446 2165 525 2191 Ἀλλὰ
535 2163 738 2198 λέγε.-Λέγω
752 2163 783 2198 δὴ
799 2161 832 2189 αὖ
848 2162 879 2189 τὸ
892 2163 960 2196 μετὰ

170 2213 264 2246 τοῦτο,
275 2213 373 2249 μᾶλλον
388 2213 416 2239 δὲ
432 2211 536 2248 ἐρωτῶ,
552 2212 665 2247 πότερον
679 2211 697 2237 ἃ.
710 2210 742 2237 ἄν
754 2219 795 2242 τις
806 2210 960 2247 ὁμολογήσῃ

171 2269 213 2295 τῳ
228 2259 319 2287 δίκαια
333 2259 407 2292 ὄντα,
426 2258 561 2294 ποιητέον,
575 2257 592 2292 ἢ
613 2257 795 2291 ἐξαπατητέον
805 2264 812 2289 ;
824 2272 858 2277 -
876 2257 959 2292 Ποιη-

171 2292 246 2334 τέον.
269 2317 278 2332 ι
299 2306 408 2338 Τούτοις
432 2292 553 2341 παράθες
577 2304 623 2336 τὺ,
641 2314 650 2329 ι
669 2303 770 2339 Μηδενὶ
794 2303 878 2330 κακὸν
899 2303 959 2330 ἀντὶ
974 2292 997 2320 Ῑ)

173 2353 261 2381 κακοῦ
279 2352 458 2383 ἀποδιδόντες,
472 2361 481 2376 ι
499 2351 547 2377 καὶ
561 2351 601 2382 τὸ,
616 2359 624 2375 ι
639 2350 780 2383 Εὐλογεῖτε
795 2349 858 2381 τούς
872 2357 957 2376 κατα-

173 2398 314 2434 ρωμένους
343 2398 431 2432 ὑμᾶς·
457 2394 643 2431 Προσεύχεσθε
660 2395 731 2430 ὑπὲρ
756 2394 810 2421 τῶν
837 2395 957 2431 ἐπηρεα-

171 2443 274 2476 ζόντων
298 2443 345 2469 καὶ
369 2442 519 2469 διωκόντων
542 2442 624 2476 ὑμᾶς,
641 2440 684 2467 ἵνα
703 2440 818 2475 γένησθε
835 2441 887 2466 υἱοὶ
910 2440 957 2467 τοῦ

172 2489 281 2524 Πατρὸς
311 2488 388 2524 ὑμῶν
403 2508 411 2520 ,
436 2487 481 2513 τοῦ
509 2487 538 2512 ἐν
569 2488 624 2517 τοῖς
648 2486 771 2521 οὐρανοῖς
787 2505 794 2517 ,
812 2486 885 2517 ὅστις
910 2485 958 2512 τὸν

170 2535 250 2570 ἥλιον
266 2535 347 2562 αὐτοῦ
371 2533 508 2561 ἀνατέλλει
532 2532 578 2560 ὲπὶ
609 2532 743 2567 πονηροὺς
763 2532 809 2558 καὶ
823 2531 957 2566 ἀγαθοὺς,

171 2581 223 2609 καὶ
250 2581 340 2618 βρέχει
369 2581 416 2607 ἐπὶ
442 2579 563 2611 δικαίους
587 2578 635 2605 καὶ
660 2578 779 2610 ἀδίκους.
795 2587 805 2604 ι
832 2578 887 2605 Καὶ
918 2578 958 2604 ἔτι

170 2627 214 2657 τὸ,
236 2635 246 2651 ε
263 2626 468 2662 Λοιδορούμενοι
496 2624 671 2660 εὐλογοῦμεν,
685 2622 843 2658 διωκόμενοι
863 2623 958 2658 ἀνεχό-

173 2672 244 2708 μεθα
255 2691 262 2703 ,
277 2672 497 2708 δυσφημούμενοι
513 2670 725 2707 παρακαλοῦμεν
734 2690 741 2702 ,
754 2679 763 2696 ι
778 2670 807 2696 ὲν
821 2671 877 2702 τοῖς
893 2669 957 2704 παρ’

171 2719 239 2754 ἡμῖν
255 2719 336 2755 ἱεροῖς
350 2718 489 2754 φερόμενα
505 2717 659 2753 γράμμασι.
674 2716 729 2742 Καὶ
743 2716 757 2742 ὁ
774 2716 915 2752 προφήτης
929 2716 958 2743 δὲ

170 2765 239 2800 παρ’
256 2764 391 2800 Ἑϐραίοις
409 2764 506 2799 φησίν·
530 2773 539 2789 ι
559 2764 591 2790 Ei
607 2763 785 2790 ἀνταπέδωκα
805 2763 861 2794 τοῖς
877 2762 959 2789 ἀντα-

170 2809 308 2838 ποδιδοῦσί
326 2819 371 2846 μοι
392 2810 480 2837 κακά·
495 2819 505 2836 ›
527 2810 583 2837 Καὶ
598 2809 693 2836 πάλιν⁹
711 2818 720 2834 ε
736 2809 813 2836 Μετὰ
833 2809 886 2835 τῶν
912 2818 956 2844 μι-

170 2857 291 2885 σούντων
303 2857 352 2892 τὴν
365 2857 476 2892 εἰρήνην
493 2857 566 2892 ήμην
580 2855 725 2891 εἰρηνικός.
742 2865 751 2881 ›

219 2906 230 2921 ⁶
246 2905 325 2932 Rom.
340 2913 389 2938 xu,
404 2905 447 2931 I7.

1013 1673 1052 1694 ter
1069 1666 1225 1701 opinionem
1242 1666 1299 1700 ipse
1324 1669 1397 1692 tuam
1421 1665 1533 1692 fateare.
1565 1664 1662 1692 Paucis
1677 1664 1750 1691 enim
1771 1662 1800 1692 id

1011 1713 1141 1747 probatur
1158 1716 1200 1739 sat
1216 1712 1283 1745 scio,
1310 1711 1459 1746 paucisque
1477 1711 1605 1745 deinceps
1626 1710 1797 1745 probabitur.

1011 1757 1063 1790 Qui
1080 1762 1170 1785 autent
1191 1756 1244 1783 hoc
1257 1757 1284 1783 in
1302 1763 1400 1791 genere
1413 1755 1556 1787 dissident,
1570 1755 1604 1783 iis
1619 1763 1672 1782 una
1691 1755 1799 1782 consilii

1011 1803 1082 1830 ratio
1094 1803 1248 1830 communis
1264 1809 1323 1829 esse
1343 1809 1397 1828 non
1421 1805 1519 1836 potest,
1536 1801 1583 1829 sed
1602 1803 1667 1828 dum
1681 1801 1798 1828 aliorum

1011 1849 1056 1875 alii
1079 1848 1168 1876 studia
1183 1848 1368 1881 considerant,
1392 1855 1439 1875 eos
1459 1855 1520 1875 sese
1538 1852 1634 1874 mutuo
1660 1846 1799 1882 despicere

1011 1900 1124 1921 necesse
1143 1897 1194 1920 est.
1228 1892 1296 1920 Vide
1310 1897 1374 1928 ergo
1391 1897 1417 1919 tu
1432 1899 1541 1927 quoque
1559 1891 1712 1926 diligenter,
1732 1900 1797 1919 num

1011 1939 1038 1966 id
1055 1946 1131 1973 atque
1143 1938 1190 1965 tibi
1210 1938 1340 1973 probetur
1355 1945 1388 1965 ac
1398 1937 1475 1970 mihi,
1497 1937 1614 1972 indeque
1626 1936 1707 1964 ambo
1719 1945 1797 1965 com-

1010 1984 1131 2012 muniter
1161 1980 1340 2011 consilidrum
1369 1987 1524 2011 nostrorum
1549 1983 1672 2018 auspicia
1702 1991 1799 2018 capere

1010 2030 1172 2062 debeamus,
1190 2037 1284 2056 verum
1313 2036 1373 2056 esse
1394 2037 1532 2064 nunquam
1554 2034 1600 2056 aut
1619 2028 1707 2056 facere
1723 2029 1797 2066 inju:

1010 2077 1091 2108 riam,
1106 2081 1153 2103 aut
1168 2083 1298 2111 reponere
1308 2096 1315 2107 ,
1332 2075 1411 2110 eique
1434 2075 1554 2103 vicissim
1570 2084 1585 2102 a
1600 2084 1654 2111 quo
1667 2076 1737 2103 male
1753 2077 1800 2104 lia-

1011 2122 1084 2150 hitus
1099 2121 1182 2149 fueris
1201 2120 1294 2149 damni
1317 2121 1418 2156 aliquid
1446 2122 1593 2156 rependere
1617 2131 1623 2149 :
1644 2129 1679 2149 an
1701 2126 1796 2149 contra

1006 2168 1135 2196 discedas
1154 2176 1168 2195 a
1183 2167 1272 2201 nobis,
1291 2175 1379 2202 neque
1394 2167 1534 2195 nobiscum
1554 2167 1606 2195 hoc
1623 2167 1649 2194 in
1664 2168 1798 2202 principio

1009 2215 1166 2242 convenias.
1176 2213 1244 2242 Nam
1257 2214 1452 2249 mihiquidem,
1463 2214 1501 2241 uti
1512 2214 1568 2248 jam
1581 2214 1656 2246 olim,
1665 2214 1702 2241 ita
1714 2215 1797 2242 etiam

1011 2269 1084 2288 nunc
1099 2261 1126 2288 id
1139 2261 1229 2296 ipsum
1244 2261 1360 2288 videtur.
1391 2259 1432 2287 Tu
1445 2260 1467 2287 si
1481 2260 1623 2295 pristinam
1641 2260 1796 2295 opinionem

1010 2307 1145 2343 abiecisti,
1166 2307 1221 2340 dic,
1236 2312 1263 2335 et
1277 2307 1437 2334 mutationis
1460 2307 1592 2334 rationem
1609 2314 1713 2341 expone
1730 2316 1737 2334 :
1753 2307 1797 2334 sin

1011 2354 1130 2388 priorem
1143 2353 1216 2380 illam
1235 2354 1354 2387 retines,
1371 2353 1434 2380 audi
1448 2353 1521 2388 quod
1541 2353 1673 2388 sequitur.
1689 2367 1724 2373 —
1740 2352 1798 2388 Ego

1010 2406 1075 2426 vero
1087 2403 1114 2426 et
1128 2399 1247 2433 priorem
1260 2399 1335 2426 illam
1348 2400 1461 2430 retineo.
1470 2403 1496 2426 ct
1511 2399 1558 2426 tibi
1574 2407 1685 2434 prorsus
1700 2407 1796 2427 assen-

1010 2444 1073 2472 tior.
1094 2444 1158 2476 Sed,
1176 2445 1284 2477 amabo,
1302 2453 1520 2480 prosequerc.——
1533 2444 1688 2480 Prosequor
1704 2445 1795 2481 igitur,

1009 2489 1052 2516 vel
1073 2489 1164 2523 potius
1190 2497 1299 2524 quaero,
1320 2497 1385 2516 num
1406 2489 1479 2524 quod
1501 2497 1609 2524 aequum
1629 2497 1689 2517 esse
1717 2491 1795 2518 alteri

1009 2533 1152 2562 confessus
1167 2535 1239 2568 eris,
1262 2535 1415 2562 faciendum
1432 2535 1457 2562 id
1478 2535 1530 2566 sit.
1546 2543 1580 2562 an
1601 2535 1696 2563 fraude
1719 2537 1796 2564 omit-

1010 2579 1139 2608 tendum?
1151 2595 1186 2600 —
1202 2579 1369 2608 Faciendum
1393 2581 1496 2616 utique.
1516 2590 1526 2607 ι
1546 2580 1609 2609 Haec
1624 2580 1710 2609 Plato.
1729 2582 1794 2615 Qui-

1010 2623 1124 2652 buscum
1138 2625 1204 2653 illud
1218 2625 1343 2653 conferas
1355 2629 1382 2652 tu
1398 2625 1478 2652 velim
1493 2635 1499 2652 :
1517 2634 1527 2651 ι
1544 2624 1616 2653 Nulli
1630 2626 1732 2653 malum
1746 2635 1795 2661 pro

1010 2670 1081 2698 malo
1099 2670 1243 2698 reddentes
1257 2671 1279 2698 ‘.
1298 2680 1308 2698 ι
1337 2670 1394 2698 Nec
1406 2678 1460 2699 non
1475 2671 1590 2699 alterum
1606 2671 1672 2698 illud
1689 2681 1696 2699 :
1715 2680 1725 2698 σ
1742 2671 1795 2700 Be-

1010 2716 1126 2744 nedicite
1145 2716 1180 2744 iis
1191 2717 1238 2752 qui
1251 2724 1300 2745 vos
1313 2721 1489 2745 exsecrantur
1512 2725 1519 2744 :
1537 2721 1613 2745 orate
1626 2724 1676 2752 pro
1688 2717 1794 2745 calum-

1010 2762 1149 2790 niantibus
1171 2767 1199 2791 et
1222 2763 1448 2798 persequentibus
1466 2770 1515 2790 vos
1528 2784 1535 2795 ,
1561 2767 1591 2790 ιιι
1606 2763 1667 2791 sitis
1678 2763 1724 2791 ﬁlii
1740 2762 1794 2791 Pa-

1010 2808 1059 2836 tris
1080 2809 1162 2836 vestri
1177 2809 1224 2845 qui
1240 2809 1267 2837 in
1286 2808 1364 2837 caelis
1386 2812 1439 2842 est,
1454 2807 1535 2844 655
1549 2809 1595 2844 qui
1611 2808 1697 2836 solem
1713 2816 1793 2836 suum

1009 2855 1075 2882 oriri
1095 2854 1160 2882 facit
1171 2862 1252 2892 super
1266 2855 1352 2883 malos
1367 2859 1393 2883 et
1405 2854 1504 2887 bonos,
1517 2858 1543 2882 et
1566 2854 1635 2890 pluit
1654 2861 1735 2890 super
1747 2853 1791 2889 jn-

209 2952 384 2983 l95l0i'165rl
410 2953 515 2984 τρόπω.
542 2952 632 2983 Plato.
662 2953 688 2980 in
711 2952 803 2981 eodem
833 2951 953 2984 Critone,

1011 2958 1032 2984 ιζ.
1047 2949 1099 2977 572
1114 2948 1145 2976 ιθ.
