2078 3207
165 186 234 213 i089
688 172 693 177 ⁷’
713 184 871 212 etiamm.
892 183 985 211 EVAN

964 183 1018 210 NG.
1039 184 1103 212 LIB.
1117 185 1185 212 Xlll.
1716 189 1784 217 lO."0

162 243 224 270 σθαί
240 251 272 277 γε
288 243 352 279 χρή.
378 242 446 269 Ἀλλ’
464 243 496 269 ὲκ
517 243 565 278 μὲν
583 242 683 270 τούτων
698 245 751 270 τῶν
767 245 856 271 τόπων
870 249 943 271 απα-
958 248 979 272 Α

962 248 979 272 Α
994 245 1064 277 apud
1080 245 1205 272 homines
1216 245 1242 272 in
1261 246 1346 280 pretio
1359 254 1420 273 esse
1435 247 1552 274 debere?
1572 247 1626 276 Nec
1639 254 1715 283 turpe
1730 249 1782 276 Su'

162 290 229 324 ρείς,
247 288 323 323 ἥξεις
337 288 365 315 δὲ
384 289 423 319 είς
437 288 594 320 Θετταλίαν,
608 290 683 325 παρὰ
701 291 764 322 τοὺς
778 291 868 323 ξένους
884 291 946 322 τοὺς

996 289 1078 316 cratis
1095 289 1194 317 factum
1214 291 1300 318 visum
1325 291 1358 317 iri
1384 292 1543 319 existimas?
1570 294 1604 320 At
1624 296 1782 323 existiman-

159 334 308 369 Κρίτωνος.
335 335 408 361 Ἐκεῖ
420 334 474 370 γὰρ
491 335 522 370 δὴ
540 335 652 371 πλείστη
673 336 769 368 ἀταξία
784 337 830 364 καὶ
849 337 948 363 ἀκολα-

995 333 1059 360 dum
1076 341 1150 361 sane.
1181 333 1297 367 Verum,
1321 335 1355 362 iis
1378 340 1407 362 tu
1431 337 1534 364 relictis
1557 338 1624 365 locis
1648 340 1783 372 videlicet.

160 380 216 406 σία.
240 381 294 407 Καὶ
322 381 385 413 ἴσως
401 380 433 407 ἂν
455 381 540 417 ἡδέως
555 390 601 408 σου
618 382 751 415 ἀκούοιεν,
774 383 811 414 ὼς
836 383 947 417 γελοίως

996 377 1166 406 Thessaliam
1179 381 1293 414 cogitas,
1305 380 1425 409 Critonis
1439 382 1560 416 hospites
1575 383 1708 412 aditurus.
1729 385 1784 413 Illis

159 425 191 450 ἐκ
206 425 252 450 τοῦ
277 425 464 461 δεσμωτηρίου
488 426 696 462 ἀπεδίδρασκες,
714 429 813 464 σκευήν
836 430 866 455 τὲ
887 438 946 456 τινα

995 424 1066 450 enim
1082 425 1166 452 eﬂ‘usa
1186 426 1308 460 quiedam
1327 426 1441 454 licentia:
1455 428 1496 455 vis
1514 432 1565 460 est,
1584 437 1615 456 ac
1629 431 1786 464 petulantia:

159 469 338 506 περιθέμενος
354 472 370 506 ἢ
390 472 517 508 διφθέραν
529 472 627 505 λαϐὼν,
640 473 656 509 ἢ
669 474 735 500 ἄλλα
751 472 794 501 οἶα
808 475 839 510 δὴ
851 475 946 503 είώθα-

996 469 1083 504 copia.
1105 469 1138 497 Et
1151 470 1276 499 fortassis
1292 480 1323 499 ex
1344 477 1368 500 te
1382 473 1498 500 libenter
1514 475 1636 508 audient,
1649 484 1731 511 quam
1751 478 1785 504 ri-

160 522 203 541 σιν
220 511 429 548 ἐνσκευάζεσθαι
448 517 473 542 οἱ
487 517 737 553 ἀποδιδράσκοντες,
751 520 798 546 ’καὶ
811 520 841 546 τὸ
853 520 944 556 σχῆμα

996 515 1085 543 dieule
1098 516 1235 551 aufugeris
1251 526 1282 544 ex
1299 526 1418 550 carcere,
1436 520 1529 547 habitu
1544 521 1637 548 nescio
1650 530 1705 556 quo
1716 542 1722 554 ,
1738 527 1785 550 aut

157 561 189 588 τὸ
203 562 302 588 σαυτοῦ
321 563 497 597 μεταλλάξας.
513 565 573 591 "Oct
594 565 622 592 δὲ
637 566 726 602 γέρων
744 566 812 601 ἀνὴρ
823 587 829 598 ,
847 566 944 602 μικροῦ

995 561 1064 596 pelle
1078 562 1194 596 quadam
1211 563 1359 596 involutus,
1375 569 1421 591 aut
1433 566 1486 592 alio
1498 567 1618 600 quolibet
1638 568 1782 602 ejusmodi,

158 608 255 642 χρόνου
275 607 314 642 τῷ
328 608 378 643 βίῳ
390 608 481 636 λοιποῦ
499 610 584 643 ὄντος,
599 611 636 643 ὼς
651 612 681 638 τὸ
697 612 779 645 είκὺς,
795 612 945 648 ἐτόλμησας

995 607 1067 640 quod
1088 607 1202 635 induere
1218 608 1342 636 homines
1358 609 1463 644 fugitivi
1479 611 1576 644 solent,
1592 613 1695 639 vultum
1711 613 1784 641 insu-

158 653 229 680 οὕτω
241 654 375 689 γλίσχρως
388 654 528 691 ἐπιθυμεῖν
544 655 603 692 ζῇν,
615 657 713 692 νῦμους
723 658 785 689 τοὺς
801 658 944 693 μεγίστους

996 659 1044 686 per
1056 653 1228 688 speciemque
1241 658 1314 681 tuam
1332 655 1472 683 mentitus.
1501 656 1570 689 Quid
1589 658 1690 692 porro?
1705 664 1783 686 vetu-

159 699 302 734 παραϐἀς·
329 700 415 731 οὐδεὶς
442 700 471 732 ὃς
499 702 625 737 spei“);
644 703 741 734 Ἴσως,
771 702 804 730 ἂν
833 704 945 738 μήτινα

995 697 1050 724 lum
1062 698 1209 731 hominem,
1224 699 1279 731 cui,
1295 703 1324 727 ut
1339 700 1427 728 simile
1440 702 1498 728 veri
1510 710 1560 735 est,
1577 711 1673 737 parum
1688 705 1782 733 admo-

157 744 281 780 λυπήσῃς
291 753 298 759 ·
313 746 336 771 εἰ
351 745 378 772 δὲ
393 747 441 781 μὴ.
461 746 575 782 ἀκούσῃ,
593 744 615 774 ὥ
628 747 781 783 Σώκρατες,
799 748 884 775 πολλὰ
897 749 944 775 καὶ

995 742 1059 770 dum
1084 744 1145 771 vita:
1166 750 1330 779 superesset,
1352 746 1522 781 gravissimis
1536 749 1641 784 legibus
1663 751 1781 783 violatis,

157 790 254 823 ἀνάξια
270 791 377 817 σαυτοῦ.
403 792 602 828 ’Υπερχόμενος
625 793 656 829 δὴ
676 794 762 831 βιώσῃ
775 794 878 827 πάντας
898 795 945 822 ἀν-

996 792 1049 814 Iam
1073 789 1181 816 sordide
1206 798 1238 817 ac
1261 792 1352 825 putide
1374 792 1481 819 vivendi
1510 795 1658 828 cupiditate
1674 801 1782 830 captum

157 836 291 872 θρώπους,
304 837 350 863 καὶ
366 837 506 864 δουλεύων·
523 838 549 864 τί
566 838 669 872 ποιῶν;
688 839 901 875 ἢεὺωχούμενος
915 841 943 866 ὲν
961 865 970 872 η

962 865 970 872 ἢ
995 832 1094 867 fuisse;
1111 843 1190 863 nemo
1211 836 1263 863 erit
1283 837 1329 872 qui
1345 838 1472 872 objieiat?
1491 839 1576 867 Nemo
1590 841 1677 874 forte,
1699 843 1722 869 si
1737 851 1782 870 ne-

156 883 305 918 Θεττα).ίᾳ;
335 883 428 919 ὥσπερ
452 884 497 910 ἐπὶ
522 885 629 911 δεῖπνον
658 885 871 921 ἀποδεδημηκὼς
901 887 941 918 εἰς
957 919 976 924 _

995 879 1061 906 mini
1076 881 1208 909 molestus
1225 891 1344 918 unquam
1361 885 1426 911 eris.
1456 885 1503 912 Sin
1516 892 1624 921 autem;
1643 889 1781 924 pleraque,

154 927 394 963 Θετταλίαν.Λόγοι
402 929 429 955 δὲ
441 930 537 956 ἐκεῖνοι
548 931 571 956 οί
583 931 647 966 περὶ
655 919 826 967 δικαιοσῦνης
838 932 942 967 καὶτῆς
957 919 974 949 ῘῙ

960 919 980 949 Β
996 924 1133 958 Socrates,
1147 934 1179 954 ac
1195 932 1219 954 te
1237 935 1349 963 prorsus
1368 930 1479 966 indigna
1500 933 1645 961 auditurus
1669 942 1707 961 es.
1733 934 1780 962 Ita-

153 973 237 1009 ἄλλης
254 974 353 1010 ἀρετῆς
367 976 418 1001 ποῦ
428 976 493 1011 ἡμῖν
504 975 625 1010 ἕσονταις
641 977 719 1004 Ἀλλὰ
732 977 763 1013 δὴ
775 977 828 1004 τῶν
840 978 941 1005 παίδων

995 977 1048 1004 que
1059 971 1125 998 nulli
1140 979 1194 999 non
1215 973 1361 1007 obnoxius,
1380 983 1411 1002 ac
1425 977 1495 1003 servi
1511 985 1587 1004 more
1603 978 1727 1006 addictus
1741 980 1781 1006 vi-

152 1019 233 1046 ἳνεκα
245 1020 332 1055 βούλει
345 1020 404 1056 ζῇν,
415 1021 457 1048 ἵνα
467 1023 564 1054 αὐτοὺς
574 1022 709 1060 ὲκθρέψῃς
719 1023 765 1050 καὶ
778 1024 939 1061 παιδεύσῃς;

994 1023 1051 1043 ves.
1071 1015 1139 1044 Nam
1162 1018 1226 1052 quid
1249 1026 1312 1053 ages
1333 1022 1481 1054 praeterea?
1500 1022 1569 1049 Num
1594 1024 1620 1050 in
1638 1024 1779 1052 Thessalia

153 1065 186 1091 Τί
199 1065 238 1097 δὲ,
255 1067 294 1098 είς
304 1066 449 1094 Θετταλίαν
461 1067 559 1099 αὐτοὺς
575 1068 696 1102 ἀγαγὼν,
713 1068 821 1104 θρέψεις
843 1078 872 1096 τε
894 1071 941 1096 καὶ

994 1063 1118 1090 convivia
1141 1064 1310 1092 eelebrabis?
1328 1067 1441 1100 perinde
1462 1068 1590 1096 nimirum
1603 1089 1609 1101 ,
1632 1067 1698 1097 utsi
1718 1079 1779 1098 cuin

152 1111 318 1144 παιδεύσεις,
329 1112 419 1145 ξένους
430 1113 555 1148 ποιήσας,
566 1114 608 1140 ἵνα
618 1115 665 1140 καὶ
674 1114 752 1141 τοῦτό
766 1123 812 1141 σου
823 1115 939 1142 ἀπολαύ-

994 1106 1163 1136 Thessaliam
1181 1113 1284 1144 peteres
1296 1131 1303 1142 ,
1326 1112 1421 1146 epulas
1443 1120 1596 1148 sequerere.
1618 1115 1652 1141 At
1667 1117 1779 1151 egregiie

152 1165 247 1190 σωσιν,
257 1158 273 1193 ἦ
281 1157 360 1184 τοῦτο
370 1158 418 1193 μὲν
425 1158 466 1185 οὗ·
475 1159 555 1185 αὑτοῦ
562 1160 589 1185 δὲ
600 1159 821 1195 τρεφόμενοι,σοῦ
830 1159 938 1193 ζῶντος,

995 1154 1048 1181 illa:
1064 1155 1097 1181 de
1111 1154 1217 1190 justitia
1229 1175 1236 1188 ,
1264 1156 1350 1192 deque
1363 1158 1436 1184 omni
1454 1159 1563 1186 virtutis
1580 1167 1678 1194 genere
1692 1161 1770 1196 dispu

151 1203 255 1238 βέλτιον
271 1203 413 1240 θρέψονται
429 1205 476 1231 καὶ
491 1205 690 1237 παιδεύσονται,
704 1206 741 1240 μὴ
754 1206 877 1238 συνόντος
893 1215 939 1233 σου

994 1200 1119 1234 lationes,
1131 1209 1185 1237 quo
1195 1202 1302 1230 tandem
1314 1203 1465 1230 avolarint?
1475 1204 1620 1233 Enimvero
1631 1206 1778 1235 liberorum

151 1249 262 1283 αὑτοϊς;
277 1251 300 1276 οί
316 1249 370 1286 γὰρ
380 1250 524 1285 ἐπιτήδειοι
539 1250 562 1277 οί
574 1251 614 1277 σοὶ
623 1251 828 1286 ἐπιμελήσονται
839 1251 937 1278 αὐτῶν.

993 1251 1021 1273 ιιι
1036 1255 1119 1274 causa
1133 1248 1241 1275 vivendi
1254 1249 1369 1283 cupidus
1380 1245 1420 1281 es,
1440 1253 1469 1276 ut
1487 1250 1547 1278 illos
1567 1251 1685 1279 educare
1699 1257 1778 1288 atque

149 1294 267 1330 Πότερον
282 1295 320 1326 δὲ,
332 1295 379 1322 ἐὰν
396 1295 445 1330 μὲν
462 1296 502 1327 εἰς
516 1296 662 1323 Θετταλίαν
677 1296 865 1332 ἁποδημήσῃς,
880 1297 939 1323 ἐπι-

994 1292 1135 1319 instituere
1146 1293 1244 1328 possis.
1266 1294 1319 1321 Eos
1331 1294 1413 1329 igitur
1423 1296 1449 1322 in
1462 1295 1631 1324 Thessaliam
1646 1299 1778 1327 abductos

152 1341 322 1376 μελήσονται·
341 1341 388 1368 ἐὰν
403 1342 431 1368 δὲ
444 1343 482 1373 είς
494 1341 556 1377 ᾅδου
568 1342 756 1378 ἀποδημήσῃς,
769 1342 829 1377 οὐχ).
841 1343 938 1377 ἐπιμε-

991 1339 1120 1367 edtlcabis
1135 1345 1161 1367 et
1178 1340 1314 1373 institucs,
1327 1341 1371 1367 ubi
1389 1341 1510 1376 hospites
1521 1343 1602 1370 etiam
1616 1352 1647 1371 ac
1661 1345 1775 1380 peregri-

149 1386 294 1422 λήσονταις
311 1388 396 1424 Εἴπερ
415 1388 447 1421 γέ
464 1396 490 1414 τι
511 1387 605 1422 ὄφελος
625 1387 713 1415 αὐτῶν
738 1389 804 1420 ἐστι,
820 1388 873 1415 τῶν
898 1397 938 1415 σοι

993 1393 1043 1412 nos
1060 1385 1168 1419 feceris,
1188 1387 1226 1414 uti
1238 1387 1290 1414 huc
1302 1395 1411 1422 quoque
1424 1389 1471 1415 tibi
1486 1394 1624 1424 acceptum
1639 1390 1778 1418 referant!

150 1434 306 1468 φασκόντων
322 1434 480 1470 ἐπιτηδείων
489 1432 569 1467 εἶναι,
583 1433 686 1460 οἴεσθαί
701 1443 732 1469 γε
743 1435 806 1470 χρή.
823 1434 899 1465 Ἀλλ’,
915 1432 937 1461 ὦ

991 1429 1073 1465 659
1087 1431 1128 1457 An
1146 1431 1171 1458 id
1189 1432 1297 1466 quidem
1320 1433 1432 1460 minime
1448 1433 1571 1462 facturus
1590 1442 1637 1467 es;
1666 1436 1713 1463 sed
1732 1440 1776 1463 ta-

148 1479 302 1515 Σὼκρατες,
320 1479 476 1515 πειθόμενος
489 1481 554 1515 ἡμῖν
571 1481 627 1512 τοῖς
645 1481 701 1512 σοῖς
713 1480 850 1516 τροφεῦσι,
871 1482 936 1516 μήτε

992 1483 1072 1508 men,
1097 1484 1158 1503 cum
1183 1477 1227 1504 hic
1244 1478 1451 1512 educabuntur,
1476 1484 1556 1514 atque
1582 1480 1776 1514 instituentur.

149 1525 248 1556 παῖδας
263 1526 328 1561 περὶ
342 1525 462 1557 πλείονος
475 1525 563 1558 ποιοῦ,
581 1527 649 1562 μήτε
660 1526 690 1552 τὸ
709 1527 772 1562 ζῇν,
795 1527 863 1562 μήτε
875 1527 937 1554 ἄλλο

991 1522 1088 1550 melius
1103 1522 1128 1549 id
1146 1528 1172 1549 te
1187 1524 1333 1557 superstite
1346 1545 1352 1556 ,
1371 1524 1483 1552 absente
1499 1525 1576 1558 licet,
1592 1525 1714 1553 futurum
1730 1534 1775 1553 ar-

150 1571 234 1606 μηδὲν
255 1572 308 1607 προ
328 1571 374 1598 τοῦ
397 1571 511 1598 δικαίων
537 1572 580 1598 ἴνα
603 1573 642 1604 εἰς
663 1572 725 1608 ᾅδου
745 1572 845 1604 ἐλθὼν,
872 1572 937 1608 ἔχῃς
952 1598 970 1608 η

955 1598 972 1608 η
991 1567 1119 1600 bitraris,
1136 1571 1208 1603 quod
1223 1571 1369 1596 necessarii
1387 1570 1426 1597 tui
1443 1579 1537 1598 curaui
1557 1579 1652 1598 eorum
1674 1573 1775 1608 gesturi

150 1598 156 1605 .
182 1598 187 1606 .
277 1598 282 1607 .
632 1598 640 1604 ,
668 1600 673 1608 ,
839 1598 845 1604 .
887 1598 935 1608 ,ηρ

146 1617 234 1643 ταῦτα
248 1617 335 1643 πάντα
351 1617 573 1653 ἀπολογήσασθαι
587 1619 642 1649 τοῖς
652 1618 710 1644 ἐκεῖ
720 1618 857 1654 ἄρχουσιν.
867 1619 936 1645 Οὔτε
951 1598 966 1626 ί

1113 1598 1117 1600 .
1145 1598 1153 1603 _
1674 1598 1688 1608 υ
1709 1598 1730 1600 ,γ
1769 1598 1774 1599 ,

954 1598 973 1626 ε
990 1614 1064 1641 sint?
1082 1613 1173 1647 Quid?
1186 1614 1214 1641 Si
1232 1615 1258 1642 in
1284 1614 1454 1643 Thessaliam
1479 1618 1639 1652 migraveris
1653 1639 1661 1652 ,
1681 1627 1774 1646 curam

146 1663 201 1699 γὰρ
218 1663 310 1690 ἐνθάδε
324 1671 365 1690 σοι
381 1664 504 1697 φαίνεται
520 1664 606 1690 ταῦτα
620 1665 763 1699 πράττοντι
776 1665 885 1700 ἄμεινον
899 1663 936 1692 εἶ-

990 1661 1097 1688 illorum
1117 1666 1225 1695 gerent;
1255 1661 1278 1688 si
1306 1662 1464 1698 migraveris
1476 1670 1510 1690 au
1536 1664 1654 1698 inferos,
1673 1665 1775 1692 nullam

145 1717 202 1740 ναι,
216 1709 275 1735 οὐδὲ
288 1709 462 1744 δικαιότερον,
478 1709 538 1735 οὐδὲ
551 1709 623 1744 ἄλλῳ
635 1709 689 1736 τῶν
700 1709 753 1735 σῶν
762 1709 860 1741 οὐδενὶ,
874 1710 936 1736 οὔτε

989 1707 1098 1741 gerent?
1119 1707 1219 1735 Gercnt
1233 1707 1364 1742 profecto,
1383 1709 1405 1736 si
1427 1709 1491 1744 quid
1514 1710 1539 1736 in
1557 1711 1590 1737 iis
1605 1719 1686 1744 vere,
1710 1713 1775 1746 quid

144 1754 236 1780 ἐκεῖσε
252 1754 408 1790 ἀφικομένῳ
422 1754 531 1789 ἄμεινον
548 1754 633 1781 ἔσται.
654 1755 733 1781 Ἀλλὰ
749 1755 796 1781 νῦν
814 1755 862 1790 μὲν
878 1756 935 1790 ἠδι-

990 1756 1053 1780 tuos
1068 1760 1097 1780 se
1114 1753 1283 1780 necessarios
1298 1761 1358 1780 esse
1372 1754 1516 1787 dictitant,
1532 1755 1592 1790 opis
1603 1760 1645 1783 est
1663 1764 1694 1784 ac
1707 1765 1776 1792 pra:-

144 1799 265 1834 κημένος
279 1800 343 1826 ἄπει
359 1799 416 1834 (ἐὰν
431 1799 535 1835 ἀπίῃς),
551 1800 600 1835 οὺχ
611 1800 656 1834 ὑφ’
671 1800 749 1835 ἡμῶν
763 1800 817 1827 τῶν
833 1801 934 1837 νόμων,

988 1798 1049 1825 sidii
1060 1798 1250 1826 constitutum.
1265 1798 1446 1834 Quanquam,
1469 1800 1572 1835 agesis,
1594 1809 1611 1828 ο
1633 1801 1774 1836 Soet-ales,

142 1844 203 1871 ἀλλ’
218 1845 263 1871 ὑπ’
281 1845 447 1881 ἀνθρώπων·
463 1845 510 1872 ἐὰν
526 1845 553 1871 δὲ
570 1845 681 1882 ἐξέλθῃς
699 1846 785 1879 οὕτως
804 1847 933 1882 αἰσχρῶς,

988 1852 1091 1879 nosque
1107 1845 1227 1872 nutrices
1252 1849 1313 1873 tuas
1335 1846 1414 1877 audi,
1439 1853 1526 1880 neque
1548 1846 1666 1880 liberos,
1688 1855 1776 1882 neque

142 1891 325 1927 ἀνεαδικήσας
354 1900 384 1918 τε
405 1892 452 1918 καὶ
472 1886 743 1928 ἀντικακουργήσας,
763 1892 812 1925 τὰς
833 1893 933 1920 σαυτοῦ

987 1891 1085 1924 vitam,
1098 1898 1186 1925 neque
1203 1891 1276 1918 aliud
1292 1891 1440 1926 quidquam
1456 1891 1496 1924 ei,
1511 1892 1582 1926 quod
1598 1892 1702 1926 justum
1716 1898 1756 1920 est
1767 1914 1775 1926 ,

140 1936 286 1971 ὁμολογίας
297 1945 327 1963 τε
339 1937 387 1964 καὶ
399 1936 532 1972 συνθήκας
549 1936 598 1968 τὰς
616 1937 684 1973 πρὸς
701 1939 775 1973 ἡμᾶς
795 1939 932 1974 παραϐὰς,

986 1940 1180 1971 antepone:ut
1202 1945 1264 1964 eum
1288 1936 1321 1963 ad
1342 1937 1444 1964 inferos
1468 1941 1580 1964 ventum
1603 1938 1671 1971 erit,
1693 1938 1727 1966 iis
1747 1939 1772 1966 in

139 1983 192 2010 καὶ
206 1982 279 2009 κακὰ
291 1983 472 2018 ἐργαζόμενος
484 1983 605 2015 τούτους,
620 1983 666 2015 οὓς
680 1984 779 2019 ἥκιστα
790 1984 852 2016 ἔδει,
867 1993 933 2012 σαυ-

987 1983 1114 2010 omnibus
1127 1990 1239 2009 causam
1253 1982 1392 2016 judicibus
1405 1983 1458 2010 illis
1479 1988 1552 2010 tuam
1572 1984 1689 2018 probare
1709 1992 1773 2018 pos-

140 2028 188 2055 τόν
205 2037 246 2060 τε,
257 2029 303 2055 καὶ
312 2029 374 2060 τοὺς
383 2029 486 2063 φίλους,
497 2029 543 2055 καὶ
557 2029 682 2064 πατρίδα,
697 2030 744 2055 καὶ
761 2031 843 2065 ἡμᾶςε
854 2031 934 2066 ἡμεῖς

986 2029 1034 2056 sis.
1053 2027 1119 2055 Nam
1134 2028 1160 2056 id
1175 2036 1240 2055 sane
1253 2028 1355 2063 liquet,
1375 2029 1433 2056 htec
1451 2035 1480 2056 ut
1492 2029 1608 2062 feceris,
1627 2038 1716 2064 neque
1731 2035 1772 2057 tc-

140 2074 171 2100 τὲ
190 2082 232 2100 σοι
247 2073 450 2109 χαλεπανοῦμεν
479 2073 577 2106 ζῶντι,
605 2075 651 2101 καὶ
674 2076 733 2101 ἐκεῖ
756 2077 779 2102 οί
805 2076 932 2112 ἡμέτεροι

985 2082 1046 2102 cum
1070 2078 1211 2109 propterea
1229 2074 1328 2101 melius
1341 2094 1348 2106 ,
1373 2082 1462 2110 neque
1489 2083 1552 2103 cum
1572 2080 1681 2103 tuorum
1701 2076 1772 2110 ullo,

139 2120 260 2154 ἀδελφοὶ,
274 2121 298 2147 οί
316 2121 345 2147 ὲν
359 2121 423 2156 ᾆδου
439 2119 526 2155 νόμοι,
545 2121 594 2146 οὐκ
609 2121 732 2155 εὐμενῶς
746 2130 775 2147 σε
789 2122 931 2155 ὑποδέξονη

985 2121 1084 2148 melius
1100 2120 1145 2147 hic
1162 2124 1207 2147 aut
1226 2119 1332 2155 aequius
1348 2121 1503 2148 sanctiusve
1520 2125 1610 2149 aetum
1624 2121 1657 2148 iri
1672 2131 1678 2149 :
1693 2129 1725 2148 ac
1740 2129 1774 2149 ne

138 2174 198 2198 ται,
212 2166 310 2198 εἰδότες
328 2167 367 2193 ὅτι
387 2166 434 2193 καὶ
450 2167 523 2202 ἡμᾶς
537 2166 718 2202 ἐπεχείρησας
735 2167 882 2201 ἀπολέσαι,
902 2168 932 2194 τὸ

984 2166 1041 2194 illic
1055 2166 1165 2201 quidem
1184 2165 1302 2194 felicius.
1320 2165 1391 2198 Quin
1406 2171 1433 2193 tu
1451 2167 1532 2202 igitur
1552 2167 1676 2201 decedis,
1694 2167 1716 2195 si
1733 2172 1773 2194 ta-

139 2212 189 2239 σδν
201 2213 294 2248 μέρος.
309 2222 318 2238 ι

982 2221 1044 2240 men
1059 2212 1242 2240 decedendum
1257 2218 1315 2245 est,
1330 2220 1385 2239 non
1400 2220 1413 2239 a
1430 2213 1509 2240 nobis
1527 2213 1636 2249 quidem
1647 2234 1655 2247 ,
1678 2214 1724 2240 sed
1739 2213 1772 2240 ah

140 2261 300 2288 hominibus
324 2261 455 2296 injuriose
481 2262 633 2289 tractatus?
657 2260 723 2288 Nam
740 2261 763 2289 si
801 2261 877 2291 adeo,
894 2261 1010 2295 turpiter
1044 2259 1199 2295 aufugeris,
1223 2259 1338 2292 injurias
1367 2267 1428 2288 cum
1454 2260 1579 2294 injuriis,
1604 2268 1666 2287 cum
1688 2259 1773 2287 male‘

139 2307 211 2334 liciis
230 2307 361 2334 maleficia
395 2307 605 2342 compensando,
623 2312 699 2342 parta
718 2307 859 2334 nobiseum
888 2308 953 2334 inita
973 2305 1111 2338 violando,
1135 2306 1236 2333 malum
1263 2305 1297 2332 iis
1319 2306 1416 2338 etiam,
1438 2306 1538 2341 quibus
1559 2306 1670 2333 minime
1689 2314 1772 2340 opor—

138 2354 210 2387 tuit,
238 2353 304 2387 tibi,
331 2353 426 2380 amicis
439 2374 446 2386 ,
458 2353 561 2388 patriae,
586 2361 617 2380 ac
640 2354 718 2380 nobis
739 2354 807 2388 ipsis
821 2354 939 2381 creando
959 2361 966 2380 :
987 2361 1049 2380 cum
1067 2352 1132 2387 ipsae
1146 2351 1194 2378 tibi
1214 2351 1332 2387 graviter
1347 2351 1437 2379 adhuc
1452 2352 1513 2380 vivo
1530 2352 1770 2379 succensebimus.

138 2406 198 2427 tum
211 2400 266 2427 illic
279 2407 387 2427 sorores
402 2400 483 2426 etiam
500 2404 615 2432 nostrae,
634 2400 686 2430 hoc
711 2404 752 2426 est
779 2399 928 2428 inferorum
961 2399 1035 2433 leges
1047 2419 1054 2431 ,
1071 2406 1103 2425 eo
1122 2402 1147 2425 te
1171 2399 1293 2432 asperius
1323 2397 1476 2432 excipient,
1495 2406 1550 2433 quo
1568 2403 1593 2425 te
1614 2398 1691 2425 illum
1710 2406 1772 2426 esse

137 2446 307 2480 intelligent,
327 2446 373 2480 qui
394 2453 464 2476 nos.
488 2449 621 2479 quantum
645 2445 669 2472 ii.
700 2450 724 2472 te
734 2445 804 2479 fuit,
828 2445 1002 2480 exstinguere
1017 2444 1055 2471 sis
1070 2451 1101 2471 ac
1116 2443 1260 2478 proﬂigare
1274 2449 1399 2470 conatus.
1422 2453 1432 2469 ι

410 2490 605 2517 ΚΕΦᾹΛΔΙΟΝ
631 2491 660 2517 1'.
946 2494 966 2521 [)

643 2494 660 2517 '.
946 2494 966 2521 l)
1293 2489 1407 2516 CAPUT
1429 2489 1461 2516 X.

137 2550 201 2577 Ὅτι
214 2548 257 2584 μὴ
269 2549 330 2576 δέοι
343 2548 464 2584 φειξγειῗν
476 2547 529 2584 τὸν·
542 2547 618 2584 ὑπὲρ
630 2547 773 2584 ἀληθείας
785 2546 924 2575 θάνατον.

918 2568 924 2574 ,
1018 2544 1129 2572 Mortem
1143 2545 1261 2584 veritatis
1276 2553 1358 2584 causa
1377 2553 1502 2584 ftan_cs._se
1517 2545 1679 2580 fugiendam.
1696 2546 1738 2574 Ea:

283 2580 350 2611 Ἀπῦ
363 2580 419 2617 τῆ
433 2580 603 2618 Σωκράτους
614 2582 785 2616 Ἀπολογίας.

692 2583 785 2616 λογίας.
1235 2580 1356 2607 Socratis
1371 2580 1512 2615 Apologia.

175 2631 276 2662 «Ἴσως
292 2631 314 2657 δ’
331 2630 368 2666 (2)
381 2629 414 2657 ἄν
427 2627 475 2656 οὖν
485 2629 557 2655 εἴποι
572 2637 624 2660 τις’
638 2626 694 2654 Εἶτ’
706 2629 756 2654 οὐκ
773 2627 897 2664 αἰσχύνῃ,
907 2624 928 2654 ὢ

1019 2634 1028 2651 ε
1052 2625 1171 2658 Verum,
1188 2625 1277 2660 inquit
1289 2647 1296 2659 ,
1308 2626 1345 2652 ita
1361 2624 1430 2652 forte
1450 2626 1512 2660 quis
1534 2625 1663 2660 objiciet,
1681 2625 1750 2659 Quid

135 2677 280 2713 Σώκρατες
291 2696 298 2708 ,
321 2676 440 2703 τοιοῦτον
461 2674 629 2710 ἐπιτήδευμα
650 2673 838 2708 ἐπιτηδεύσας,
853 2673 882 2705 ἐξ
898 2670 927 2700 οῦ

982 2679 1036 2698 non
1051 2679 1116 2706 ergo
1141 2676 1168 2698 te
1192 2672 1293 2706 pudet,
1317 2679 1334 2698 0
1364 2672 1508 2705 Socrates,
1530 2671 1593 2698 vita:
1613 2672 1766 2700 institutum

134 2723 302 2754 κινδυνεύεις
321 2722 381 2749 νυνὶ
403 2721 566 2754 ἁποθανεῖν;
591 2719 661 2754 Ἐγὼ
674 2720 702 2746 δὲ
719 2720 805 2754 τούτῳ
825 2719 928 2746 δίκαιον

983 2717 1119 2752 ejusmodi
1134 2723 1257 2745 secutum
1276 2725 1353 2749 esse,
1367 2725 1421 2753 quo
1440 2717 1488 2745 tibi
1510 2717 1562 2745 hoc
1579 2719 1675 2745 mortis
1697 2719 1753 2753 peri

135 2769 169 2796 ἄν
181 2769 260 2803 λόγον
272 2769 437 2803 ἀντείποιμι,
448 2769 489 2795 ὅτι
502 2768 532 2794 οὑ
543 2766 631 2798 καλῶς
641 2766 741 2800 λέγεις,
753 2762 774 2792 ὧ
789 2765 926 2801 ἄνθρωπε,

981 2763 1072 2790 culum
1090 2763 1219 2790 crcares?
1233 2763 1282 2790 Cui
1297 2772 1346 2799 ego
1360 2764 1422 2798 jure
1443 2765 1483 2792 sic
1500 2772 1629 2799 reponam
1640 2785 1648 2797 .
1667 2765 1765 2799 Erras,

135 2816 158 2842 al
173 2815 224 2842 οἴει
237 2816 291 2842 δεῖν
309 2815 428 2842 κίνδυνον
439 2812 646 2848 ὑπολογίζεσθαι
658 2811 704 2838 τοῦ
722 2810 782 2847 ζῇν,
800 2811 816 2846 ἢ
832 2810 928 2837 τεθνά-

981 2809 1018 2841 rni
1036 2809 1119 2836 homo
1130 2829 1137 2842 ,
1154 2809 1178 2837 si
1194 2809 1266 2844 apud
1282 2818 1345 2837 cum
1357 2830 1364 2843 ,
1381 2811 1429 2845 qui
1447 2811 1578 2846 aliquam
1593 2819 1707 2841 numero
1721 2813 1764 2849 sit,

172 2881 211 2916 (ί)
229 2881 333 2915 Οὐδείς
348 2882 380 2915 ὃς
392 2881 460 2915 ἐρεῖ.
477 2882 515 2908 lta
535 2886 607 2908 recte
620 2879 714 2916 scribit
728 2878 923 2916 distingiiitqiie
941 2877 992 2906 Plat

909 2885 923 2905 e
941 2877 1031 2911 Plato;
1046 2878 1116 2907 male
1139 2880 1165 2907 in
1179 2879 1263 2915 priori
1281 2876 1409 2914 editione,
1422 2879 1507 2913 οὐδείς
1525 2890 1555 2908 σε
1575 2881 1634 2916 ἐρεῖ
1653 2881 1728 2913 ἴσως.

171 2913 210 2949 (2)
225 2913 375 2950 Ἴσωςδέξ
390 2913 465 2945 Plato
479 2917 506 2944 in
523 2916 632 2949 Apuloq.
651 2915 768 2947 Summ,
784 2922 809 2947 β.
823 2914 875 2941 565
888 2913 909 2939 Ι.)
