2078 3207
299 167 365 196 4091

627 158 761 188 EUSEBII
775 155 1013 186 CAESARIENSIS
1027 153 1099 181 OPP.

1148 151 1212 179 M15
1230 150 1262 178 11.
1279 165 1313 170 -
1329 147 1577 177 ΑΡοιοοΕτιεΑ.

1843 141 1913 170 1092

299 226 361 252 vita
374 220 502 249 mortisve
516 217 666 254 periculurn
682 215 749 242 tanti
760 222 821 242 esse
836 218 931 249 putes;
946 219 997 239 nec
1015 210 1079 238 illud
1095 232 1099 242 ι

1148 218 1175 236 αι
1193 208 1276 244 ἄνδρα
1286 228 1294 240 ,
1314 207 1374 234 ὅτου
1385 215 1410 233 τι
1431 205 1478 232 καὶ
1503 203 1619 240 σμικρὸν
1635 201 1730 237 ὄφελός
1748 201 1823 227 ἔστιν
1833 209 1840 215 ·
1856 199 1914 226 ἀλλ’

299 269 392 305 potius
409 273 493 295 unum
509 264 543 291 ab
559 271 592 291 eo
607 261 721 297 cogitari
734 282 740 293 ,
753 261 862 295 justene
874 267 908 286 an
925 258 1025 293 injuste
1040 264 1082 284 re-

300 303 390 344 busin
407 312 534 341 omnibus
553 316 613 337 sese
625 312 719 343 gerat,
738 306 847 341 virique
873 305 956 336 boni,
971 311 1006 330 an
1032 303 1083 330 im-

298 360 379 397 probi
391 358 462 386 t'acta
476 358 664 391 persequatur.
677 351 823 379 Enimvero
833 370 842 382 ,
859 349 882 378 si
893 349 957 384 quid
970 353 1014 375 tua
1025 347 1084 375 haec

298 394 381 435 idlicit
391 404 490 435 oratio,
503 408 619 436 nequam
635 399 736 426 fuerint
748 404 858 425 necesse
871 400 913 423 est
932 395 1030 422 heroes
1043 394 1081 420 illi

299 457 414 479 omnes.
441 446 487 481 qui
512 445 583 480 apud
609 443 718 477 Troiam
733 441 847 471 obiere,
871 439 981 474 ipseque
1003 437 1085 472 660

299 493 368 520 adeo
382 490 506 518 Thetidis
519 489 608 520 tilius,
629 487 673 522 qui
689 493 744 521 pra:
765 483 942 519 turpitudinis
962 488 989 510 et
1008 483 1085 517 igno-

299 538 393 565 miniaa
409 540 499 566 metu,
517 535 553 561 ita
579 532 730 568 periculum
751 537 832 558 omne
854 527 1035 562 contempsit,
1056 530 1085 553 ut

300 590 362 609 cum
381 589 443 609 eum
455 579 554 608 eaedem
572 577 696 604 Hectoris
719 575 908 606 anhelantem,
925 572 979 599 Dea
1000 576 1086 599 mater

301 629 352 655 hoc
370 626 428 654 fere
440 625 520 653 modo
536 630 664 651 revocare
677 625 830 649 c0naretur.
847 618 876 646 Si
895 617 1019 645 Hectoris
1034 624 1086 644 ca-

302 674 336 701 de
346 695 353 706 ,
374 672 411 700 tili
425 671 462 698 mi
472 692 481 703 ,
496 668 615 697 Patrocli
629 674 723 695 necem
736 665 886 698 ulciscare,
907 663 1044 698 periturus
1056 669 1087 689 es

303 719 362 753 ipse
379 724 490 752 quoque
498 735 506 748 ,

321 762 392 790 Nam
405 767 428 789 te
443 766 515 789 certa
529 764 616 787 manet
626 779 634 790 .
649 758 754 793 inquit,
771 765 841 784 mors
857 755 970 783 Hectore
985 762 1069 782 cano:

304 809 365 844 Ipse
381 808 425 836 his
444 807 544 835 auditis
558 826 566 838 ,
585 805 743 839 calcatoque
767 803 864 830 mortis
887 802 962 829 omni
987 801 1087 828 discri-

305 855 379 882 mine
388 875 396 887 ,
409 853 481 888 quod
494 853 576 879 vitam
596 851 681 885 ipsam
694 856 755 876 cum
768 849 874 883 ignavia
890 847 1061 882 conjunctam
1076 866 1084 877 .

306 884 473 934 suorumque
489 897 585 925 mortis
600 884 691 923 inultae
702 895 829 929 probrum
850 893 930 928 longe
943 893 1088 920 vehemen-
1104 884 1124 911 Β

307 947 361 974 tius
376 944 544 976 formidaret,
557 943 593 969 ita
610 940 796 975 responderit,
809 939 933 965 Protinus
945 946 960 965 ο
971 937 1092 973 peream!

308 992 355 1019 sed
370 991 458 1026 pcenis
474 991 508 1017 ab
522 988 620 1016 infesto
630 988 738 1014 homine
751 986 882 1021 repetitis,
893 993 927 1012 ne
938 986 982 1013 hic
991 985 1093 1012 diutius

308 1038 422 1064 classem
439 1036 472 1062 ad
490 1043 577 1062 meam
590 1033 722 1061 ridiculus
738 1033 874 1064 sessitem,
887 1033 990 1059 telluris
1002 1032 1094 1059 inutile

308 1083 421 1117 pondus.
434 1081 511 1108 Hunc
519 1086 547 1108 tu
563 1081 700 1108 hominem
710 1079 744 1107 de
756 1084 843 1106 morte
854 1087 885 1106 ac
894 1078 1014 1114 periculo
1020 1079 1096 1106 solli-

309 1129 391 1155 citum
401 1127 486 1154 fuisse
495 1126 656 1154 arbitraris?
668 1126 784 1161 Quippe,
795 1127 831 1153 ita
843 1126 914 1153 enim
924 1125 1002 1160 plane
1012 1133 1041 1152 se
1053 1132 1096 1152 res

310 1173 403 1205 habet,
416 1172 596 1200 Athenienses
610 1181 617 1199 :
632 1179 687 1207 quo
696 1172 845 1206 quisquein
855 1172 915 1198 loco
924 1171 965 1198 vel
975 1171 1095 1205 seipsum

311 1219 498 1250 constituerit,
515 1219 647 1251 optimum
675 1217 702 1244 id
716 1225 777 1244 esse
791 1222 882 1249 ratus,
907 1217 949 1243 vel
968 1217 1097 1243 constitu-

311 1268 356 1291 tus
368 1271 383 1290 a
395 1263 560 1300 magistratu
577 1262 674 1293 fuerit,
695 1262 722 1288 in
739 1269 772 1288 eo
789 1262 828 1289 sic
842 1260 1004 1288 manendum
1027 1259 1077 1294 ipsi
1088 1279 1096 1291 ,

312 1316 345 1336 ac
359 1308 510 1343 periculum
525 1314 606 1334 omne
624 1307 794 1334 subeundum
807 1313 867 1332 esse
880 1309 985 1338 statuo,
1001 1309 1031 1332 ut
1044 1312 1098 1338 pra:

313 1361 369 1382 uno
394 1352 570 1387 turpitudinis
593 1357 686 1384 metu,
718 1359 768 1379 nec
798 1355 928 1382 mortem,
949 1357 999 1377 nec
1024 1349 1099 1377 aliud

312 1399 461 1434 quidquam
474 1398 516 1424 vel
530 1397 610 1424 nauci
634 1397 725 1424 faciat.
743 1396 875 1431 Equidem
897 1394 1005 1422 facinus
1024 1395 1097 1422 indi-

313 1453 396 1478 gnum
410 1444 578 1471 admitterem
592 1464 600 1476 ,
615 1442 795 1470 Athenienses
805 1462 812 1474 ,
826 1442 848 1469 si
864 1449 943 1476 quem
966 1440 1032 1468 mihi
1055 1441 1097 1467 lo-

314 1499 376 1518 cum
391 1491 570 1525 imperatores
581 1489 618 1515 illi
636 1489 717 1516 vestri
732 1508 739 1521 ,
756 1489 856 1524 quibus
879 1495 923 1515 me
941 1494 1036 1523 parere
1048 1494 1097 1514 vo-

315 1536 405 1564 luistis
417 1555 424 1568 ,
439 1535 496 1562 sive
507 1535 577 1570 apud
591 1534 747 1568 Potidzeam,
758 1533 891 1568 siveapud
900 1532 1094 1568 Amphipolim,

315 1581 372 1608 sive
395 1580 467 1615 apud
490 1579 610 1612 Delium,
632 1580 689 1606 sive
701 1579 792 1606 ubiubi
807 1579 1004 1613 _assignarant,
1025 1577 1097 1604 ineo

315 1634 378 1654 cum
393 1627 521 1653 haererem
536 1644 543 1657 ,
557 1630 586 1652 ut
600 1625 689 1660 quivis
713 1625 783 1652 alius
805 1624 956 1659 mortisque
978 1624 1097 1651 subirem

316 1672 436 1707 pericula
451 1680 457 1704 ;
471 1676 528 1698 tum
542 1678 604 1698 vero
615 1677 702 1702 nunc,
718 1678 779 1698 cum
795 1671 830 1697 ita
846 1670 879 1697 de
895 1677 938 1696 me
948 1690 955 1702 ,
969 1669 1100 1704 quemad—

317 1717 428 1744 modum
441 1717 498 1751 jam
512 1716 578 1743 mihi
592 1716 696 1751 pridem
710 1715 853 1750 persuasi,
878 1715 949 1742 Deus
968 1715 1026 1750 ipse
1045 1719 1101 1742 sta-

317 1762 418 1795 tuerit,
446 1766 476 1788 ut
500 1769 543 1789 me
565 1761 718 1796 philosophi
736 1762 819 1788 vitam
846 1761 954 1793 vivere,
976 1769 1026 1788 nec
1058 1768 1101 1788 me

317 1807 408 1842 ipsum
424 1807 523 1840 modo,
540 1815 634 1834 verum
647 1807 728 1834 etiam
749 1807 818 1834 alios
841 1811 946 1834 tentare
969 1806 1102 1841 probare-

318 1860 372 1888 que
387 1853 520 1886 voluerit,
540 1853 637 1881 mortis
652 1858 699 1880 aut
722 1853 835 1880 alterius
855 1854 1042 1888 cujuscunque
1063 1853 1102 1880 rei

318 1903 409 1931 metu,
425 1901 536 1934 gradum
557 1899 631 1927 hunc
654 1907 744 1926 meum
773 1899 972 1933 stationemque
994 1899 1104 1926 desere-

319 1952 377 1971 rem
396 1953 403 1971 :
416 1944 574 1979 Indignum,
587 1944 698 1979 inquam
713 1963 720 1976 ,
733 1944 864 1980 ﬂagitium
879 1949 970 1977 esset,
991 1949 1104 1978 tumque

319 1991 387 2018 adeo
401 1990 527 2026 mcjuste
543 1990 605 2025 quis
621 1991 733 2017 omnino
745 2011 751 2023 ,
765 1990 844 2025 quasi
862 1990 928 2017 deos
940 1997 1001 2017 esse
1011 1989 1101 2016 nullos

321 2040 467 2070 putarem,
491 2034 639 2069 impietatis
666 2039 833 2068 arcesseret;
856 2035 957 2069 quippe
983 2034 1030 2069 qui
1055 2041 1105 2061 nec

320 2080 432 2108 oraculo
446 2088 582 2115 parerem,
602 2085 629 2107 et
645 2085 762 2108 mortem
774 2080 981 2108 extimescerem
992 2100 1000 2113 ,
1020 2085 1048 2107 et
1064 2087 1106 2107 sa-

321 2128 398 2162 piens
414 2126 521 2154 viderer
534 2127 593 2161 ipse
609 2126 697 2160 mihi,
721 2135 783 2155 cum
802 2135 855 2154 non
874 2133 974 2154 essem.
991 2125 1105 2153 Mortem

320 2173 394 2200 enim
415 2172 525 2204 timere,
542 2171 739 2206 Athenienses,
764 2172 836 2199 aliud
859 2172 926 2199 nihil
947 2175 1005 2203 est,
1022 2178 1104 2206 quam

1131 256 1182 282 οὐκ
1195 255 1281 280 ἐκεῖνο
1298 253 1377 288 μόνον
1393 252 1514 283 σκοπεῖν,
1528 251 1593 277 ὅταν
1611 248 1728 284 πράττῃ,
1746 247 1861 281 πότερον
1876 245 1916 271 δί-

1132 299 1225 334 καιαῆ
1242 299 1322 325 ἄδικα
1345 297 1468 332 ’πράττει⁹
1492 296 1540 323 καὶ
1559 294 1656 330 ἀνδρὸς
1675 291 1777 327 ἀγαθοῦ
1794 291 1880 326 ἔργα,
1897 290 1914 325 ἢ

1133 345 1229 372 κακοῦ.
1240 343 1340 371 ¹ιναῦλοι
1353 343 1407 378 γὰρ
1419 343 1463 373 ἂν,
1473 341 1512 376 τῷ
1525 349 1557 375 γε
1571 339 1609 375 τῷ
1621 339 1692 373 λόγῳ
1707 335 1771 368 εἷεν,
1788 337 1842 363 τῶν
1851 337 1918 370 ἡμι-

1133 391 1200 416 θέων
1212 390 1268 416 ὅσοι
1288 391 1317 416 ὲν
1333 388 1418 424 Τροίᾳ
1429 386 1649 421 τετελευτήκασιν
1662 406 1669 417 ,
1683 383 1738 410 οἵτε
1751 382 1826 410 ἄλλοι
1839 382 1888 407 καὶ
1903 381 1917 406 ὁ

1132 436 1182 472 τῆς
1192 435 1299 467 Θέτιδος
1312 434 1378 466 υίὸς,
1396 433 1425 465 ὃς
1437 432 1563 460 τοσοῦτον
1579 430 1626 458 τοῦ
1642 429 1763 457 κινδύνου
1783 427 1918 462 κατεφρό-

1134 491 1208 518 νησε,
1223 481 1296 517 παρὰ
1312 481 1342 507 τὸ
1354 480 1464 515 αἰσχρόν
1475 488 1502 505 τι
1517 479 1670 513 ὑπομεῖναι,
1683 475 1765 508 ὥστε,
1775 474 1868 507 ἐπειδὴ
1876 471 1916 500 εἶ-

1135 528 1212 563 πενή
1229 528 1320 562 μήτηρ
1335 526 1408 561 αὐτῷ
1429 523 1643 561 προθυμουμένῳ
1652 522 1772 557 Ἕκτορα
1792 521 1918 547 ἀποκτεῖ-

1135 583 1190 606 ναι,
1210 573 1269 606 θεὸς
1283 571 1364 605 οὖσα,
1384 571 1481 599 οὑτωσί
1504 579 1572 602 πως,
1586 569 1623 601 ὠς
1640 565 1802 604 ὲγῷμαιίὯ
1819 568 1878 596 παῖ,
1895 567 1918 591 εἰ

1135 620 1302 656 τιμωρήσεις
1315 618 1464 654 Πατρόκλῳ
1475 616 1513 652 τῷ
1525 616 1624 652 ἑταίρῳ
1637 614 1682 640 τὸν
1695 614 1784 648 φόνον,
1796 614 1844 639 καὶ
1851 612 1920 638 Ἕκ-

1136 675 1203 703 τορα
1228 666 1398 696 ἀποκτενεῖς,
1419 663 1499 694 αὐτὸς
1519 661 1658 696 ἀποθανῇ·

1137 759 1249 787 Αὐτίκα
1256 757 1310 793 γάρ
1320 765 1373 787 τοι.
1380 755 1465 791 φησί,
1471 755 1534 790 μεθ’
1542 752 1786 787 “Εκτοραπότμος
1795 749 1920 783 ἑτοῖμος·

1144 805 1173 831 Ὀ
1186 805 1215 832 δὲ
1229 804 1306 830 τοῦτο
1317 802 1444 834 ἀκούσας,
1453 800 1499 827 τοῦ
1510 800 1558 836 μὲν
1565 799 1679 826 θανάτου
1688 798 1735 824 καὶ
1744 796 1790 823 τοῦ
1799 795 1923 822 κινδύνου

1140 848 1308 884 ὠλιγώρησε,
1317 848 1383 874 πολὺ
1399 847 1427 873 δὲ
1435 845 1626 881 μᾶλλονδείσας
1637 843 1666 869 τὸ
1675 843 1723 878 ζῇν
1731 842 1813 873 κακὸς
1820 841 1868 870 ὢν.
1878 841 1925 866 καὶ

1141 896 1195 926 τοῖς
1204 895 1288 929 φίλοις
1295 893 1331 929 μὴ
1343 893 1483 928 τιμωρεῖν,
1493 891 1611 920 αὐτίκα,
1621 889 1696 924 φησί’
1705 887 1925 920 τεθναίηνδίκην

1142 940 1244 971 ἐπιθεὶς
1257 939 1295 975 τῷ
1310 937 1454 970 ἀδικοῦντι,
1468 937 1511 963 ἴνα
1524 935 1560 971 μὴ
1577 934 1670 961 ἐνθάδε
1679 934 1757 969 -μένω
1775 931 1926 966 καταγέλα-

1144 995 1204 1018 στος
1217 985 1292 1021 παρὰ
1306 984 1384 1019 νηυσὶ
1398 982 1552 1019 κορωνίσιν,
1565 981 1657 1015 ἄχθος
1672 980 1812 1014 ἀρούρης.
1824 978 1871 1012 Μὴ
1880 978 1927 1004 αὖος

1142 1033 1189 1060 τὸν
1203 1033 1254 1059 οἴει
1274 1030 1413 1066 φροντίσαι
1430 1029 1544 1056 Θανάτου
1559 1027 1605 1054 καὶ
1619 1026 1740 1054 κινδύνου
1753 1033 1761 1057 ;
1778 1024 1858 1051 Οὕτω
1874 1023 1927 1058 γὰρ

1144 1078 1209 1114 ἔχει,
1222 1075 1244 1104 ὣ
1258 1077 1352 1111 ἄνδρες
1370 1075 1515 1110 Ἀθηναῖοι,
1527 1075 1559 1109 τῇ
1572 1073 1693 1108 ἀληθείᾳ·
1707 1069 1737 1098 οὗ
1750 1071 1781 1097 ἄν
1792 1079 1834 1101 τις
1846 1069 1928 1096 αὐτὸν

1144 1124 1222 1160 τάξῃ,
1243 1122 1416 1159 ἡγησάμενος
1441 1121 1577 1155 βέλτιστον
1593 1117 1677 1150 εἶναι,
1691 1118 1708 1153 ἢ
1724 1117 1776 1144 ὑπὸ
1799 1117 1928 1152 ἄρχοντος

1145 1171 1230 1206 ταχθῇ
1241 1189 1248 1201 ,
1269 1168 1385 1195 ἐνταῦθα
1401 1167 1457 1198 δεῖ,
1472 1167 1510 1198 ὡς
1531 1166 1592 1201 ἐμοὶ
1604 1166 1691 1197 δοκεῖ,
1709 1163 1825 1199 μένοντα
1838 1161 1928 1188 κινδυ-

1145 1216 1247 1246 νεύειν,
1269 1213 1351 1249 μηδὲν
1374 1211 1607 1246 ὑπολογιζόμενον,
1630 1209 1696 1244 μήτε
1712 1208 1840 1237 θάνατον,
1861 1207 1929 1241 μήτε

1146 1262 1210 1289 ἄλλο
1223 1260 1316 1296 μηδὲν,
1331 1258 1384 1294 πρὸ
1399 1257 1444 1284 τοῦ
1457 1256 1581 1292 αἰσχροῦ.
1601 1255 1670 1289 Ἐγὼ
1681 1252 1726 1281 οὖν
1738 1253 1811 1280 δεινὰ
1822 1252 1856 1278 ἂν
1872 1252 1932 1284 εἴην

1147 1307 1333 1343 εἰργασμένος,
1353 1303 1375 1332 ὧ
1388 1303 1664 1340 ἀνδρεςἈοηναῖοι,εἰ
1675 1301 1719 1328 ὅτε
1737 1300 1787 1335 μέν
1799 1307 1833 1334 με
1848 1299 1873 1324 οἱ
1882 1298 1931 1332 ἄρ-

1148 1363 1239 1390 χοντες
1255 1354 1375 1385 ἔταττον,
1393 1351 1439 1383 οὓς
1450 1351 1526 1386 ὑμεῖς
1542 1348 1647 1376 εἵλεσθε
1657 1347 1750 1383 ἄρχειν
1764 1345 1932 1382 μουξκτὶέν

1148 1399 1285 1435 Ποτιδαίᾳ,
1300 1399 1347 1425 καὶ
1363 1399 1392 1424 ὲν
1411 1395 1582 1432 Ἀμφιπόλει,
1594 1395 1642 1421 καὶ
1655 1394 1701 1420 ἐπὶ
1714 1393 1812 1428 Δηλίῳ,
1821 1392 1870 1418 καὶ
1888 1390 1934 1417 ἆλ-

1148 1445 1204 1473 λοθί
1219 1455 1280 1475 που,
1296 1442 1326 1472 οὗ
1338 1445 1435 1471 ἐκεῖνοι
1449 1442 1567 1473 ἔταττον,
1581 1441 1674 1476 ἔμενον
1687 1439 1781 1474 ῶσπερ
1796 1438 1843 1464 καί
1855 1437 1935 1468 ἄλλος

1149 1502 1200 1526 τις,
1217 1493 1264 1520 καὶ
1278 1490 1445 1519 ἐκινδύνευον
1459 1488 1603 1515 ἀποθανεῖν
1615 1496 1621 1502 ·
1636 1485 1682 1513 τοῦ
1701 1485 1729 1511 δὲ
1743 1483 1810 1510 Θεοῦ
1824 1483 1937 1509 τάττον-

1150 1548 1206 1572 τος,
1220 1539 1257 1570 ὡς
1269 1538 1323 1572 ἐγὼ
1334 1536 1425 1572 ᾠήθην
1439 1543 1468 1561 τε
1480 1534 1525 1560 καὶ
1536 1532 1678 1563 ὑπέλαϐον,
1692 1528 1888 1564 φιλοσοφοῦντα
1903 1536 1936 1562 με

1147 1587 1201 1612 δεῖν
1214 1585 1274 1620 ζῇν,
1289 1584 1336 1610 καὶ
1350 1581 1509 1614 ἐξετάζοντα
1529 1578 1648 1615 ἐμαυτὸν
1660 1597 1667 1608 ,
1689 1576 1735 1602 καὶ
1747 1576 1809 1608 τοὺς
1821 1574 1935 1605 ἄλλους’

1149 1629 1263 1657 ἐνταῦθα
1270 1628 1308 1659 δὲ,
1317 1626 1477 1662 φοϐηθεὶς,ἢ
1487 1625 1600 1651 θάνατον
1611 1623 1627 1658 ἦ
1639 1622 1701 1649 ἀλλο
1713 1620 1801 1648 ὁτιοῦν
1808 1620 1937 1655 πρᾶγμα,

1148 1677 1254 1710 λίποιμι
1269 1674 1317 1709 τὴν
1330 1673 1405 1705 τάξιν
1418 1681 1425 1704 ;
1440 1671 1529 1698 Δεινὺν
1548 1670 1620 1705 μέντ’
1637 1669 1669 1695 ἂν
1680 1668 1733 1702 εἴη,
1751 1667 1798 1693 καὶ
1818 1666 1856 1697 ὡς
1870 1665 1939 1699 ἁλη-

1151 1722 1205 1753 θῶς
1217 1721 1270 1747 τότ’
1283 1720 1316 1746 ἂν
1338 1727 1371 1754 με
1387 1717 1498 1748 δικαίως
1519 1715 1622 1749 εἰσάγοι
1641 1722 1682 1745 τις
1700 1714 1739 1744 είς
1753 1712 1938 1746 δικαστήριον,

1150 1768 1191 1794 ὅτι
1207 1766 1236 1792 οὺ
1253 1764 1355 1800 νομίζω
1367 1764 1444 1794 θεοὺς
1459 1761 1527 1788 εἶναι
1537 1782 1545 1794 ,
1558 1759 1678 1787 ἀπειθῶν
1696 1760 1729 1794 τῇ
1746 1756 1877 1793 μαντείᾳ,
1891 1755 1939 1783 καὶ

1150 1812 1243 1844 δεδιὼς
1259 1811 1380 1841 θάνατον,
1400 1809 1446 1835 καὶ
1460 1808 1580 1842 οἰόμενος
1597 1805 1676 1840 σοφὸς
1688 1801 1766 1835 εἶναι,
1777 1803 1827 1829 οὐκ
1841 1802 1890 1829 ῶν.
1903 1801 1940 1827 Τδ

1152 1858 1204 1894 γάρ
1218 1866 1259 1884 τοι
1273 1857 1385 1883 θάνατον
1395 1854 1519 1885 δεδιέναι,
1537 1850 1559 1878 ὧ
1576 1851 1681 1886 ἄνδρες,
1695 1849 1770 1876 οὐδὲν
1784 1849 1848 1876 ἄλλο
1862 1847 1938 1874 ἐστὶν

1151 1904 1168 1940 ἢ
1181 1903 1267 1929 δοκεῖν
1279 1902 1360 1937 σοξδν
1375 1900 1453 1928 εἶναι.
1471 1900 1508 1935 μὴ
1523 1899 1596 1925 ὅντα.
1610 1898 1702 1923 Δοκεῖν
1715 1896 1769 1931 γὰρ
1779 1895 1880 1921 εἰδέναι
1894 1896 1938 1920 ἐσ-

1152 1950 1203 1981 τὶν,
1217 1949 1236 1976 ἃ
1248 1949 1298 1975 οὐκ
1314 1946 1393 1974 οἶδεν.
1409 1944 1471 1973 Οἵδε
1492 1944 1542 1980 μὲν
1560 1943 1613 1979 γὰρ
1636 1942 1724 1973 οὐδεὶς
1741 1941 1786 1967 τὸν
1809 1940 1937 1968 θάνατον.

1152 1993 1207 2020 οὐδ’
1228 1994 1252 2020 εἱ
1270 1992 1398 2027 τυγχάνει
1419 1990 1458 2026 τῷ
1477 1988 1623 2025 ἀνθρώπῳ,
1640 1987 1748 2014 πάντων
1765 1985 1895 2022 μέγιστον
1913 1983 1942 2010 ὂν

1153 2039 1206 2066 τῶν
1217 2039 1326 2074 ἀγαθῶν
1335 2047 1341 2053 ·
1353 2037 1454 2065 δεδίασι
1469 2036 1498 2063 δὲ
1517 2035 1555 2066 ὠς
1566 2035 1616 2062 οὐκ
1629 2034 1741 2065 εἰδότες,
1756 2033 1797 2059 ὅτι
1813 2031 1941 2066 μέγιστον

1153 2085 1206 2112 τῶν
1220 2085 1312 2112 κακῶν
1330 2084 1397 2110 ἐστι.
1420 2082 1516 2109 Καίτοι
1528 2080 1584 2113 πῶς
1597 2081 1647 2107 οὐκ
1658 2079 1762 2114 ἀμαθία
1779 2078 1854 2104 ἐστὶν
1871 2076 1941 2111 αὕτη

1154 2133 1171 2168 ἡ
1189 2131 1379 2162 ἐπονείδιστος,
1403 2130 1421 2165 ἡ
1446 2129 1493 2155 τοῦ
1517 2127 1621 2154 οἴεσθαι
1641 2126 1738 2153 τιδέ-ναι
1756 2124 1775 2151 ἃ.
1792 2125 1844 2151 οὐκ
1857 2120 1942 2154 οἷδενς

1161 2178 1230 2213 Ἐγὼ
1241 2178 1274 2210 δ’,
1286 2175 1308 2204 ὦ
1325 2177 1430 2212 ἄνδρες,
1440 2175 1528 2210 τούτῳ
1547 2174 1595 2201 καὶ
1614 2172 1730 2200 ἐνταῦθα
1749 2171 1872 2206 διαφέρω
1891 2169 1944 2196 τῶν

321 2220 472 2254 sapientem
488 2218 591 2250 videri.
610 2218 656 2253 qui
677 2226 732 2246 non
749 2218 794 2246 sit.
816 2217 935 2253 Nempe,
947 2217 1033 2244 videri
1054 2217 1099 2244 h0(

1158 2223 1260 2251 πολλῶν
1280 2222 1344 2254 ῐσως
1359 2220 1519 2257 ἀνθρώπων·
1534 2219 1581 2246 καὶ
1594 2219 1619 2245 εἰ
1630 2219 1662 2254 δή
1675 2226 1713 2253 τῳ
1730 2215 1884 2251 σοφώτερός
1897 2223 1943 2242 του

322 2266 372 2293 tibi
390 2265 460 2292 seire
479 2269 535 2297 est,
552 2265 625 2299 quod
648 2265 766 2292 nescias.
787 2263 856 2292 Nam
880 2271 954 2291 mors
970 2263 1028 2299 ipsa
1042 2263 1105 2298 qui-

322 2311 399 2344 dem,
418 2318 482 2337 num
498 2309 576 2345 quasi
592 2310 726 2338 bonorum
739 2310 862 2337 omnium
884 2308 1034 2336 maximum
1058 2309 1108 2336 ho-

323 2357 390 2384 mini
405 2357 526 2389 eveniat,
557 2363 637 2384 nemo
663 2356 741 2383 novit
756 2364 763 2383 :
777 2359 805 2384 et
831 2355 912 2391 vulgo
932 2359 1023 2382 tamen
1046 2361 1108 2382 eam

322 2402 521 2435 extimescunt,
539 2403 618 2438 quasi
634 2402 769 2429 malorum
794 2409 854 2429 eam
876 2408 937 2429 esse
957 2401 1108 2429 maximum

322 2449 424 2484 optime
437 2453 560 2477 nossent.
575 2448 642 2482 Quis
655 2453 746 2476 autem
766 2447 951 2476 lmdissimum
971 2447 1040 2475 illud
1070 2447 1110 2475 in-

323 2495 409 2522 scitiae
417 2502 502 2530 genus
517 2501 579 2523 esse
592 2498 680 2530 neget,
689 2501 751 2522 cum
763 2501 795 2522 ea
809 2494 880 2522 scire
894 2494 956 2529 quis
973 2493 1025 2522 sibi
1035 2493 1111 2522 vide-

325 2543 458 2574 tur,quaa
482 2539 595 2567 nesciat.
619 2538 770 2574 Equidem,
789 2538 968 2566 Athenienses
980 2557 989 2571 ,
1010 2538 1061 2566 hac
1082 2537 1111 2565 in

325 2589 403 2619 parte
419 2584 546 2613 fortassis
569 2585 604 2613 ab
628 2584 786 2612 hominibus
808 2584 947 2620 plerisque
969 2584 1110 2613 dissideo:

325 2629 405 2665 661
425 2635 452 2658 et
466 2631 488 2659 si
503 2639 556 2666 qua
570 2631 596 2658 in
611 2638 640 2658 re
655 2631 724 2657 mihi
737 2638 876 2666 quoquam
900 2631 1051 2666 sapientior
1073 2631 1113 2658 vi-

326 2677 421 2708 derer,
440 2675 468 2702 in
489 2676 540 2704 hac
552 2683 618 2703 sane
633 2676 736 2703 viderer
746 2697 754 2710 ,
769 2676 842 2711 quod
859 2676 898 2704 uti
913 2684 957 2704 res
973 2677 1027 2704 illa:
1047 2669 1113 2704 infe-

328 2728 420 2748 rorum
432 2721 583 2755 cuiusmodi
601 2722 656 2749 sint
669 2742 676 2754 ,
693 2730 749 2750 non
763 2723 829 2750 satis
856 2722 978 2758 intelligo
989 2744 997 2756 ,
1013 2723 1050 2750 ita
1063 2731 1114 2752 nec

327 2773 376 2793 eas
394 2773 438 2793 me
454 2767 522 2794 satis
535 2767 686 2802 intelligere
700 2769 827 2796 sentiam.
848 2768 884 2796 At
907 2776 973 2796 vero
991 2773 1018 2796 et
1041 2769 1114 2804 inju-

329 2810 398 2838 riam
414 2810 502 2838 facere
511 2830 519 2842 ,
531 2815 558 2838 et
570 2811 594 2838 ei
607 2814 688 2847 quem
701 2814 870 2848 superiorem
882 2820 1015 2850 agnoscas
1026 2833 1035 2847 ,
1056 2815 1114 2842 sive

331 2857 401 2886 Deus
416 2857 460 2886 ille
476 2855 576 2893 fuerit,
595 2859 652 2887 sive
676 2859 775 2894 homo,
800 2867 854 2888 non
879 2868 994 2896 parere,
1010 2861 1062 2890 hoc
1085 2865 1113 2890 et

1158 2269 1241 2305 φαίην
1251 2266 1332 2299 εἶναι,
1349 2267 1434 2302 τούτῳ
1444 2265 1488 2299 ἂν,
1500 2266 1540 2292 δτι
1551 2265 1602 2291 οὐκ
1612 2263 1688 2296 εἰδὼς
1704 2262 1803 2294 ἱκανῶς
1819 2260 1946 2297 περὶτῶν

1157 2318 1187 2343 ὲν
1203 2315 1277 2351 ᾅδου,
1292 2313 1364 2341 οὕτω
1375 2313 1422 2340 καὶ
1438 2312 1528 2348 οἴομαι
1541 2312 1590 2338 οὐκ
1608 2311 1717 2338 ειδέναι.
1736 2309 1772 2335 To
1782 2309 1811 2336 δὲ
1830 2308 1945 2338 ἀδικεῖν.

1157 2363 1205 2389 καὶ
1219 2361 1248 2388 τὺ
1258 2360 1380 2388 ἀπειθεῖν
1398 2359 1436 2394 τῷ
1454 2358 1579 2395 βελτίονι,
1594 2357 1641 2384 καὶ
1652 2356 1720 2392 Θεῷ,
1734 2355 1782 2382 καὶ
1797 2354 1946 2389 ἀνθρώπῳ,

1158 2409 1199 2436 δτι
1216 2407 1299 2435 κακὺν
1316 2407 1364 2434 καὶ⁸
1377 2407 1489 2442 αἰσχρόν
1509 2406 1597 2433 ἔστιν.
1612 2402 1680 2430 οἶδα.
1697 2402 1754 2438 Πρὸ
1764 2399 1813 2427 οὖν
1826 2400 1882 2427 τῶν
1896 2408 1949 2426 κα-

1158 2454 1225 2486 κῶν,
1236 2449 1273 2480 ὧν
1284 2449 1342 2479 οῖδα
1354 2453 1395 2479 ὅτι
1409 2452 1482 2478 κακά
1497 2450 1581 2481 ἐστιν,
1591 2448 1609 2476 ἃ.
1630 2448 1666 2484 μὴ
1683 2444 1750 2478 οἴδα,
1763 2446 1788 2472 ει
1799 2446 1848 2473 καὶ
1859 2444 1951 2480 ἀγαθὲ

1159 2500 1224 2526 ὅντα
1238 2499 1375 2534 τυγχάνει,
1400 2497 1527 2524 οὐδέποτε
1542 2495 1708 2530 φοὸήσομαι,
1722 2491 1784 2519 οὐδὲ
1801 2491 1948 2527 φεύξομαι.

1161 2545 1253 2577 Ὥστε,
1266 2544 1357 2571 οὐδἐῐ
1375 2552 1408 2579 με
1431 2541 1479 2569 νῦν
1497 2541 1576 2577 ὑμεῖς
1589 2540 1692 2574 ἀφίετε.
1713 2537 1953 2572 ’Δνὺτῳεὰπιστή-

1162 2598 1267 2621 σαντες·
1285 2589 1323 2624 (ὃς
1335 2588 1398 2623 ἔφη,
1415 2588 1431 2622 ἦ
1445 2587 1494 2622 τὴν
1505 2585 1592 2621 ἀρχὴν
1605 2584 1636 2611 οὐ
1647 2584 1701 2610 δεῖν
1715 2582 1766 2617 ἐμὲ
1776 2581 1857 2616 δεῦρο
1871 2580 1954 2607 εἰσελ-

1163 2635 1229 2667 θεῖν,
1247 2635 1263 2670 ῆ
1283 2633 1376 2669 ἐπειδὴ
1393 2632 1526 2668 εἰσῆλθον,
1545 2631 1594 2665 οὐχ
1602 2626 1658 2656 οἷον
1670 2636 1701 2654 τε
1716 2626 1786 2654 εἶναι
1802 2627 1835 2653 τὺ
1848 2627 1887 2662 μὴ
1903 2626 1954 2652 οὐκ

1162 2679 1320 2709 ἀποκτεῖναί
1335 2687 1384 2715 με,
1407 2678 1493 2712 λέγων
1509 2676 1576 2713 πρὸς
1591 2675 1677 2710 ὑμᾶς,
1688 2673 1737 2705 ὡς,
1756 2674 1780 2699 εἰ
1794 2671 1954 2707 διαφευξοί-

1165 2735 1228 2763 μην,
1243 2726 1293 2761 ήδη
1308 2725 1341 2752 ἂν
1357 2724 1433 2760 ὑμῶν
1447 2725 1470 2750 οἱ
1486 2724 1563 2754 υἱεῖς,
1587 2720 1791 2756 ἐπιτηδεύοντες
1808 2718 1827 2745 ἃ
1843 2717 1956 2752 Σωκρά-

1163 2761 1213 2806 της
1241 2770 1379 2800 διδάσκει,
1399 2767 1498 2798 πάντες
1517 2766 1674 2793 παντάπασι
1701 2761 1956 2798 διαφθαρήσονταυ)

1165 2817 1191 2843 εί
1206 2824 1251 2852 μοι
1263 2816 1331 2852 πρὸς
1344 2815 1430 2842 ταῦτα
1443 2814 1557 2845 εἴποιτε,
1568 2810 1604 2838 Ὦ
1615 2811 1768 2847 Σώκρατες,
1786 2809 1835 2836 νῦν
1855 2808 1957 2843 Ἀνύτῳ

1166 2863 1195 2890 οὑ
1207 2861 1368 2894 πεισόμεθα,
1379 2860 1436 2889 ἀλλ’
1447 2858 1562 2892 ἀφίεμέν
1579 2866 1619 2890 σε,
1631 2858 1676 2885 ἐπὶ
1691 2856 1778 2884 τούτω
1796 2856 1898 2887 μέντοι.
1913 2855 1957 2886 ἐτ’
