2078 3207
179 154 192 181 ί
197 154 248 182 095

177 211 228 248 ᾧτε
244 215 281 250 (5)
292 217 394 252 μηκέτι
411 218 440 245 ὲν
451 219 537 256 ταύτῃ
551 222 584 257 τῇ
601 222 713 258 ζητήσει
727 223 886 262 διατρίϐειν,
902 229 969 264 μηδὲ

175 261 342 296 φιλοσοφεῖν·
354 263 435 291 ἐὰνδὲ
447 265 518 301 ἁλῷς
531 266 571 294 ἐτι
585 268 664 295 τοῦτο
678 270 818 306 πράττων,
833 261 967 310 ἀποθανῇ.

175 308 207 335 Εἰ
222 306 269 336 οὖν
286 319 330 345 με,
348 311 415 347 ὅπερ
438 310 526 347 εἷπον,
543 315 590 341 ἐπὶ
601 316 706 349 τούτοις
723 318 828 353 ἀφίοιτε
841 328 848 335 ·
864 306 969 357 εἴποιμι

174 353 208 380 ἂν
220 354 296 389 ὑμῖν,
312 356 354 382 ὃτι
377 357 448 392 Ἐγὼ
461 359 543 394 ὑμᾶς,
559 357 582 387 ὦ
597 361 694 397 ἄνδρες
715 363 863 400 Ἀθηναῖοι,
884 353 969 394 ἀσττά-

175 399 259 435 ζομαι
275 401 325 436 μὲν
339 403 386 429 καὶ
400 403 469 437 φιλῶ
481 424 488 436 ,
509 406 639 442 πείσομαι
655 408 684 434 δὲ
700 399 801 444 μᾶλλον
814 411 854 446 τῷ
875 412 934 448 Θεῷ
950 413 967 449 ἢ

175 445 249 480 ὑμῖν·
270 447 318 474 καὶ
335 448 444 485 ἕωσπερ
458 450 490 478 ἂν
509 452 635 486 ἐμπνέων
652 455 698 481 καὶ
712 453 768 488 οἷός
781 465 810 483 τε
826 445 848 484 ὦ
859 478 866 490 ’
884 445 967 495 οὒ-μῆ

173 492 315 528 παύσομαι
332 494 496 530 φιλοσοφῶν,
514 499 561 525 καὶ
575 499 641 534 ὑμῖν
657 502 912 539 παρακελευόμενός

173 539 221 565 καὶ
233 540 453 577 ἐνδεικνύμενος,
471 544 524 580 ὅτῳ
537 544 572 572 ἂν
586 546 629 572 ἀεὶ
649 547 806 583 ἐντυγχάνω
824 550 910 585 ὑμῶν,
927 551 968 578 λέ-

172 595 230 621 γων
251 585 297 616 οἷά
313 599 366 626 περ
378 591 472 619 εἴωθα.
489 602 499 619 ι
518 594 575 620 Καὶ
586 595 655 630 μετὰ
666 595 771 632 βραχέα
786 598 823 634 (4)
835 599 964 635 ἐπιλέγει·

175 642 185 658 ‹
197 633 424 680 Ἐννοήσωμενῗδὴ
435 638 484 664 καὶ
500 639 575 674 τῇδε,
589 640 627 671 ὡς
642 641 727 677 πολλὴ
744 633 821 676 ὲλττίς
838 645 877 680 (5)
892 633 966 673 ἐστιν

174 678 278 713 ἀγαθὸν
293 681 359 707 αὐτὸ
368 679 448 710 εἶναι.
460 684 538 710 Δυοῖν
553 685 608 721 γὰρ
626 685 740 723 θάτερόν
753 690 812 716 ἐστι
827 678 857 718 τὸ
867 678 966 719 ’τεθνά-

174 733 232 753 ναι⁶
247 726 263 762 ἢ
278 727 333 763 γὰρ
347 724 402 756 οἷον
419 729 503 766 μηδέν
517 739 542 757 τι
559 729 628 759 εἶναι
639 753 647 765 ,
663 734 730 770 μηδὲ
742 736 868 772 αἴσθησιν
883 739 965 774 μηδε-

175 773 242 807 μίαν
258 773 371 809 μηδενὸς
391 775 463 811 ἔχειν
476 776 522 804 τὸν
533 778 681 806 τεθνεῶτα·
703 781 720 817 ἢ
737 782 808 810 κατὰ
834 784 868 811 τὰ
888 773 965 820 λεγό-

171 827 251 854 μενα,
269 821 402 857 μεταϐολή
425 831 467 854 τις
489 825 617 860 τυγχάνει
630 825 714 861 οὖσα,
735 829 782 856 καὶ
807 831 964 867 μετοίκησις

169 867 218 902 τῆς
235 865 325 902 ψυχῆς
335 868 382 894 τοῦ
395 869 478 895 τόπου
492 871 539 897 τοῦ
550 872 656 900 ἐνθένδε
665 875 704 908 εἰς
712 876 792 903 ἄλλον
805 865 897 905 τόπον.
907 865 962 907 Καὶ

168 913 224 939 εἴτε
239 913 271 949 δὴ
287 914 406 950 μηδεμία
421 916 545 953 αἴσθησίς
554 920 637 953 ἐστιν,
649 920 769 950 άλλόἴον
782 923 874 957 ὕπνος,
887 926 961 953 ἐπει-

168 959 215 986 δάν
232 968 274 991 τις
293 961 431 988 καθεύδων
449 964 516 999 μηδὲ
536 965 602 1001 ὄναρ
628 967 710 1003 μηδὲν
726 970 786 1005 ὁρᾷ,
811 971 960 1007 θαυμάσιον

168 1006 263 1042 κέρδος
277 1006 310 1033 ἂν
323 1007 366 1043 εἴη
380 1009 394 1034 6
410 1008 533 1042 θάνατος.
556 1012 626 1047 Ἐγὼ
636 1013 690 1049 γὰρ
706 1015 739 1042 ἂν
749 1013 835 1051 οἶμαι,
858 1006 884 1044 εἴ
899 1027 960 1046 τινα

166 1052 347 1088 ἐκλεξάμενον
359 1053 412 1080 δέοι
429 1055 531 1092 ταύτην
542 1057 591 1093 τὴν
607 1059 703 1092 νύκτα,
722 1061 752 1087 ἐν
804 1062 875 1090 οὕτω
892 1072 958 1091 κατ-

166 1097 290 1133 έδαρθεν,
303 1098 372 1125 ὥστε
387 1101 470 1136 μηδὲν
483 1102 551 1139 ὄναρ
565 1103 638 1138 ἰδεῖν,
649 1106 696 1132 καὶ
709 1106 757 1139 τὰς
766 1097 848 1140 άλλας
859 1109 958 1143 νύκτας

167 1152 196 1170 τε
210 1144 258 1171 καὶ
269 1145 375 1181 ἡμέρας
388 1146 437 1179 τὰς
451 1148 497 1174 τοῦ
512 1148 569 1184 βίου
578 1151 624 1176 τοῦ
633 1152 728 1179 ἑαυτοῦ
741 1153 958 1191 ἀντιπαραθέντα

165 1188 253 1225 ταύτῃ
269 1191 301 1226 τῇ
327 1191 424 1224 νυκτὶ,
443 1193 467 1219 εἰ
481 1193 535 1220 δέοι
555 1196 725 1232 σκεψάμενον
739 1200 836 1234 εἰπεῖν,
856 1202 958 1235 ὁπόσας

164 1234 278 1269 ἄμεινον
301 1237 348 1263 καὶ
363 1237 438 1272 ἥδιον
461 1239 568 1275 ἡμέρας
593 1243 641 1269 καὶ
665 1243 766 1277 νύκτας
790 1247 890 1283 ταύτης
905 1249 955 1284 τῆς

165 1281 263 1313 νυκτὸς
275 1281 405 1316 βεϐίωκεν
419 1285 446 1310 ἐν
455 1284 495 1321 τῷ
507 1287 603 1314 ἑαυτοῦ
615 1288 674 1324 βίῳ,
691 1288 767 1326 οἶμαι
779 1291 812 1318 ἂν
822 1281 874 1320 οὐκ
886 1281 957 1321 ἰδιῶ-

164 1334 216 1362 την
232 1328 302 1361 τινά,
318 1329 386 1356 ἀλλὰ
402 1332 447 1358 τὸν
462 1332 549 1368 μέγαν
566 1334 677 1369 βασιλέα
690 1336 738 1372 (6),
756 1338 956 1376 εὐαριθμήτους

163 1372 199 1400 ἂν
213 1374 303 1409 εὑρεῖν
317 1377 399 1404 αὑτὸν
408 1378 509 1411 ταύτας
525 1381 593 1416 πρὸς
605 1382 654 1415 τὰς
662 1383 743 1416 ἄλλας
752 1372 859 1422 ἡμέρας
870 1372 900 1414 τε
909 1372 955 1415 καί.

164 1419 276 1453 νύκτας.
287 1422 318 1449 Εἰ
333 1421 379 1450 οὖν
395 1425 514 1453 τοιοῦτον
532 1428 545 1454 ὁ
555 1427 668 1461 θάνατός
676 1431 746 1464 ἐστι,
758 1419 852 1468 κέρδος
866 1433 953 1469 ἔγωγε

163 1465 246 1500 λέγω·
262 1468 308 1495 καὶ
330 1469 384 1506 γὰρ
400 1471 477 1498 οὐδὲν
502 1473 594 1500 πλεῖον
610 1474 624 1500 ὁ
640 1477 694 1508 πᾶς
710 1465 805 1512 χρόνος
829 1465 952 1514 φαίνεται

162 1511 236 1538 οὕτω
253 1513 284 1549 δὴ
309 1512 379 1542 εἶναι
398 1516 414 1552 ἢ
434 1518 483 1552 μία
504 1519 561 1552 νύξ.
579 1522 610 1548 Εἰ
623 1521 645 1548 δ’
663 1521 697 1549 αὖ
711 1511 766 1550 οἷον
779 1511 952 1562 ἀποδημῆσαί

161 1651 272 1684 νεῶτες·
283 1653 312 1681 τι
327 1654 419 1690 μεῖζον
433 1657 535 1691 ἀγαθὸν
551 1660 645 1687 τούτου
652 1662 696 1697 εἴη
710 1661 753 1695 ἃν,
766 1659 789 1690 ὦ
803 1663 899 1700 ἄνδρες
910 1665 951 1692 δι-

159 1699 260 1726 κασταί
273 1707 281 1732 ;
296 1701 320 1727 εἰ
329 1701 383 1737 γάρ
400 1711 459 1736 τις,
475 1704 640 1741 ἀφικόμενος
648 1708 688 1739 εις
702 1708 775 1744 ᾅδου,
785 1699 951 1746 ἀπαλλαγεὶς

163 1743 265 1772 τούτων
278 1746 333 1774 τῶν
349 1749 506 1782 φασκόντων
518 1751 651 1779 δικαστῶν
666 1751 747 1788 εἶναι,
758 1756 869 1792 εὑρήσει
888 1758 951 1790 τοὺς

163 1791 199 1824 3.);
211 1791 318 1828 ἀληθῶς
338 1794 478 1829 δικαστὰς,
495 1796 573 1833 οἵπερ
588 1799 633 1826 καὶ
659 1799 783 1835 λέγονται
793 1791 857 1829 γὲκεί
879 1803 952 1831 δικά-

162 1839 228 1870 ζειν,
242 1839 334 1871 Μίνως
360 1849 403 1873 τε,
419 1843 466 1869 καὶ
491 1842 691 1879 Ῥαδάμανθυς,
708 1847 756 1874 καὶ
776 1848 888 1883 Αἰακὸς,
903 1850 950 1877 καὶ

162 1883 358 1921 Τριπτόλεμος,
374 1887 421 1914 καὶ
433 1887 572 1916 ἄλλοιόσοι
587 1890 767 1928 τῶν-ἡμιθέων
780 1894 878 1922 δίκαιοι
894 1896 951 1930 ἐγέ-

160 1939 236 1957 ⁴θοντο
251 1931 281 1958 ὲν
297 1931 335 1967 τῷ
347 1933 450 1961 ἑαυτῶν
463 1935 524 1971 βίῳ,
541 1933 596 1972 ἆρα
610 1937 698 1974 φαύλη
711 1938 744 1966 ἂν
760 1940 803 1976 εἴη
816 1942 832 1977 ὴ
847 1941 950 1978 ἀποδη-

159 1977 229 2011 μὶα;
256 1978 273 2014 ἢ
304 1977 337 2006 αὖ
359 1979 452 2016 Ὀρφεί
471 1981 648 2017 ξυγγενέσθαι
671 1985 717 2012 καὶ
739 1986 878 2023 Μουσαίῳ,
902 1977 950 2016 καὶ

162 2025 280 2062 Ἡσιόδῳ
291 2046 299 2059 ,
315 2027 362 2054 καὶ
386 2028 512 2065 Ὁμήρῳ,
528 2030 575 2056 ἐπὶ
597 2031 672 2067 πόσῳ
685 2032 718 2059 ἂν
736 2042 779 2065 τις
804 2034 902 2067 δέξαιτ’
916 2037 949 2064 ἂν

158 2071 253 2107 ὖμῶν;
273 2072 343 2108 Ἐγὼ
359 2074 408 2109 μὲν
423 2075 477 2110 γὰρ
493 2076 541 2103 καὶ
557 2075 687 2110 πολλάκις
707 2078 791 2106 ἐθέλω
808 2080 949 2115 τεθνάναι,

158 2117 239 2153 εἴπερ
261 2118 347 2147 ταῦτα
371 2121 444 2148 ἐστιν
467 2122 566 2158 ἀληθῆ.
591 2123 667 2151 Ἐπεὶ
694 2125 788 2161 ἔμοιγε
805 2128 852 2154 καὶ
875 2129 949 2165 αὑτῷ

157 2164 302 2200 θαυμαστὴ
315 2165 347 2192 ἃν
361 2167 403 2203 εῐη
416 2168 433 2203 ἡ
446 2167 572 2205 διατριϐὴ
590 2170 694 2203 αὐτόθι,
710 2173 792 2200 ὁπότε
808 2164 947 2211 ἐντύχοιμι

157 2210 326 2247 Παλαμήδει,
341 2212 387 2239 καὶ
400 2213 494 2240 Αἴαντι
508 2214 548 2250 τῷ
557 2215 719 2252 Τελαμῶνος
729 2237 736 2249 ,
751 2218 799 2245 καὶ
815 2219 890 2252 εἴτις
904 2210 948 2248 ἆλ-

156 2261 204 2288 Αος
220 2256 274 2283 τῶν
284 2257 407 2285 παλαιῶν
422 2258 467 2286 διὰ
482 2260 572 2296 κρίσιν
585 2261 675 2289 ἄδικον
691 2263 820 2300 τέθνηκεν
833 2265 890 2301 (1)·
901 2267 948 2294 ἀν-
963 2265 985 2294 D

156 2302 386 2338 τιπαραὸάλλοντι
404 2305 439 2332 τὰ
452 2306 570 2341 ἐμαυτοῦ
590 2308 675 2345 πάθη,
691 2310 760 2346 πρὸς
772 2311 807 2338 τὰ
823 2312 944 2348 ἐκείνων,

155 2348 196 2380 ὡς
206 2345 323 2384 ἐγῷμαι,
343 2351 393 2378 οὐκ
407 2351 441 2378 ἂν
457 2352 540 2388 ἀηδὲς
554 2354 607 2390 εἴη.
624 2355 679 2382 Καὶ
693 2356 725 2392 δὴ
740 2357 787 2384 καὶ
808 2357 838 2384 τὸ
866 2345 945 2394 μέγιέ

157 2404 231 2428 στον,
245 2396 308 2429 τοὺς
318 2397 541 2432 ὲκεῖὲξετάζοντα
555 2400 601 2427 καὶ
609 2402 771 2436 ἐρευνῶντα,
780 2403 874 2441 ὥσπερ
882 2406 946 2437 τοὺς

155 2441 291 2474 ἐνταῦθα,
306 2443 426 2478 διάγειν,
442 2445 484 2477 τις
499 2445 590 2473 αὐτῶν
601 2447 681 2482 σοφός
691 2449 764 2480 ἐστι,
779 2449 826 2476 καὶ
840 2449 881 2482 τις
892 2450 946 2477 οἴε-

154 2494 203 2514 ται
213 2487 262 2523 μὲν
276 2488 333 2516 ἐστι
346 2489 368 2516 δ’
381 2489 423 2518 οὗ.
442 2499 452 2516 ι
467 2491 522 2517 Καὶ
535 2493 599 2527 παρ’
616 2493 692 2529 ἡμῖν,
707 2502 717 2520 ‹
736 2494 896 2531 Πειθαρχεῖν
906 2496 946 2524 δεῖ

153 2534 217 2570 θεῷ
235 2535 366 2572 μᾶλλον-ἢ
381 2536 544 2573 ἀνθρώποις,
560 2547 570 2564 ι
588 2539 706 2575 εἴρηται·
726 2540 789 2573 καὶ,
810 2551 820 2567 ι
835 2541 881 2578 Μὴ
898 2551 945 2578 φο-

152 2582 247 2610 serae:
256 2583 310 2610 ἀπὸ
321 2583 374 2612 τῶν
383 2585 596 2613 ἀποκτεινόντων
611 2586 642 2613 τὸ
654 2586 744 2622 σῶμα,
757 2587 809 2624 τὴν
818 2588 847 2615 δὲ
855 2589 944 2626 ψυχὴν

203 2648 232 2678 5)
249 2648 330 2678 Forte
345 2659 389 2678 γε.

192 2648 232 2682 (5)
249 2648 330 2678 Forte
345 2659 389 2685 γε.
918 2691 923 2697 .

193 2683 230 2725 μ)
241 2685 296 2726 {tu}
308 2686 384 2720 μετὰ
393 2686 524 2726 ,βραχέᾳἒ
536 2686 592 2715 lmo
606 2688 672 2716 satis
685 2689 784 2724 multa;
802 2696 942 2726 sequentia

151 2719 230 2755 enim
245 2719 379 2748 habentur
395 2719 536 2755 pem-368.

141 2768 160 2796 ι.
191 2754 230 2788 (5)
249 2754 296 2796 ᾨς
309 2754 410 2790 πολλὴ
429 2754 638 2796 ἐλίίίςκίξίεεεο
654 2759 762 2796 Ίξιιεειιι.
781 2769 800 2793 1,
817 2766 884 2789 sect.
897 2762 941 2796 97,

151 2790 246 2818 locum
262 2791 335 2831 hunc
351 2792 483 2831 convertit
493 2793 616 2831 quidem,
628 2795 675 2831 sed
692 2800 782 2831 tamen
794 2790 872 2831 saepe
889 2790 941 2824 So:

151 2825 367 2865 eratem_miuus_
380 2826 451 2865 κατὰ
462 2825 548 2865 πόδας
559 2829 691 2863 sequitur.
703 2825 940 2865 Quantum'licuit,

151 2860 240 2900 divini
264 2860 384 2901 hominis
405 2862 433 2901 in
454 2863 567 2901 dicendo
590 2860 669 2893 voces
688 2860 769 2901 atque
792 2860 942 2897 sententias

151 2895 273 2924 orationi
290 2900 388 2925 nostrae
404 2897 579 2927 intexuimus.

746 164 911 196 PREPAB.
931 168 1057 199 EVANG.
1077 172 1140 201 LIB.
1162 175 1229 204 Xlll.

1740 191 1807 220 1094

983 236 1005 263 Δ
1021 242 1122 270 malum
1137 249 1164 272 et
1176 250 1254 282 turpe
1265 255 1326 277 esse
1342 250 1465 285 profecto
1479 254 1553 282 novi.
1570 255 1714 293 Nunquam
1727 259 1809 295 igitur

1020 294 1052 315 ea
1067 297 1128 323 qua:
1145 291 1216 319 bona
1240 293 1295 322 sint
1308 303 1393 323 necne
1415 297 1510 326 dubito
1523 321 1531 334 ,
1546 291 1664 330 metuam
1692 291 1809 341 fugiam-

1019 341 1072 368 que
1083 336 1272 366 vehementius
1285 359 1292 373 ,
1317 348 1400 376 quam
1412 351 1443 371 ea
1467 346 1555 379 mala,
1573 355 1634 382 quae
1649 357 1711 378 vere
1724 336 1808 379 vmala

1018 386 1079 408 esse
1098 382 1172 410 novi.
1188 383 1371 417 Quamobrem
1381 409 1390 422 ,
1404 397 1439 417 ne
1457 391 1479 418 si
1495 399 1538 419 me
1549 394 1659 428 quidem
1672 404 1745 424 nunc
1758 398 1805 425 ab-

1018 427 1159 456 solveretis
1175 429 1232 464 (illa
1248 431 1329 467 Anyti
1346 435 1470 463 oratione
1482 427 1581 472 rejecta
1593 460 1601 472 ,
1621 448 1683 468 cum
1696 449 1803 478 negaret

1018 477 1065 500 aut
1080 481 1123 502 me
1138 475 1165 502 in
1177 476 1223 510 jus
1239 480 1353 508 omnino
1369 483 1522 510 vocandum
1548 484 1649 520 fuisse,
1674 492 1721 515 aut
1732 475 1803 524 iquo-

1017 520 1090 547 niam
1107 528 1221 551 vocatus
1243 532 1320 559 sum,
1348 526 1390 555 fas
1414 529 1470 564 jam
1487 538 1547 558 esse
1566 532 1659 565 vobis,
1677 542 1720 562 me
1748 543 1804 563 non

1017 573 1104 595 morte
1118 568 1249 598 damnare
1263 581 1270 599 :
1291 573 1391 609 quippe
1415 576 1462 610 qui
1483 576 1604 605 futurum
1621 579 1739 615 diceret,
1755 587 1804 616 ut,

1016 613 1040 640 si
1057 614 1199 643 absolutus
1209 624 1297 645 essem
1308 640 1316 652 ,
1329 621 1413 648 vestri
1426 621 1554 658 deinceps
1567 624 1656 658 liberi,
1672 634 1687 653 e
1702 625 1803 656 Socra-

1017 659 1052 686 tis
1064 660 1208 696 disciplina
1227 664 1368 700 viventes,
1393 675 1489 696 omnes
1511 671 1623 698 omnino
1643 679 1803 709 cci-rumpe-

1016 707 1136 740 rentur),
1153 707 1177 735 si
1194 716 1237 736 me
1247 729 1255 742 ,
1269 710 1380 745 inquam
1390 720 1409 744 ,⁴
1419 713 1470 740 hac
1479 713 1539 748 ejus
1552 716 1645 743 audita
1660 707 1800 750 oratione,

1015 750 1089 779 hunc
1104 752 1131 779 in
1148 755 1258 782 modum
1280 758 1478 792 compellaretis
1489 759 1587 788 :Nunc
1610 763 1735 798 quidem,
1752 764 1802 793 So-

1014 803 1120 832 crates,
1137 801 1223 829 misso
1242 802 1351 831 interim
1375 805 1480 841 Anyto,
1497 811 1523 835 te
1540 808 1726 844 absolvimus,
1752 812 1799 840 sed

1013 853 1044 874 ea
1059 846 1131 882 lege,
1147 852 1177 875 ut
1187 853 1272 876 totum
1291 850 1362 878 istuc
1390 852 1416 879 in
1438 858 1577 887 posterum
1599 855 1753 890 inquirendi
1767 866 1800 886 ac

1013 892 1222 929 philosophandi
1244 904 1330 931 genus
1342 898 1470 933 omittas;
1492 907 1554 927 nam
1573 901 1596 928 si
1617 906 1643 929 te
1666 902 1755 931 adhuc
1772 905 1797 931 id

1013 940 1127 969 actitare
1138 943 1291 970 constiterit
1304 962 1311 976 ,
1324 945 1451 974 moriere.
1478 946 1535 975 Hac
1553 948 1575 976 si
1599 957 1643 977 me
1656 969 1663 982 ,
1688 951 1725 978 uti
1739 951 1797 986 jam

1011 986 1136 1015 dicebam
1148 1008 1156 1021 ,
1168 989 1325 1018 conditione
1338 991 1493 1021 absolutum
1509 994 1613 1023 velletis
1624 1016 1631 1026 ,
1648 1001 1742 1024 contra
1757 998 1798 1025 sic

1010 1033 1224 1066 responderem.
1242 1034 1297 1063 Vos
1325 1037 1471 1071 equidem,
1499 1039 1694 1075 Athenienses,
1718 1050 1797 1071 com-

1009 1076 1115 1111 plector
1128 1085 1161 1106 ac
1174 1078 1257 1115 diligo
1269 1099 1276 1113 ,
1295 1081 1342 1108 sed
1361 1086 1450 1110 tamen
1466 1083 1521 1111 Deo
1533 1086 1624 1120 potius
1645 1095 1727 1122 quam
1745 1089 1796 1116 lio-

1009 1123 1130 1152 minibus
1144 1126 1339 1161 obtemperabo
1352 1149 1359 1162 ,
1379 1137 1429 1157 nec
1452 1130 1516 1158 dum
1541 1133 1646 1167 spirare
1666 1135 1793 1170 quidem,

1008 1169 1087 1204 eique
1101 1173 1140 1198 rel
1151 1179 1248 1200 vacare
1261 1178 1366 1208 potero,
1382 1175 1566 1212 philosophari
1580 1169 1714 1214 desinam,
1730 1190 1794 1210 vos-

1007 1224 1061 1251 que
1073 1217 1228 1252 cohortari,
1242 1224 1269 1247 et
1283 1220 1310 1248 in
1324 1229 1514 1260 quemcunque
1525 1230 1645 1254 vestrum
1657 1227 1791 1260 incidero,

1007 1271 1069 1291 eum
1079 1272 1155 1293 more
1171 1273 1232 1294 meo
1246 1267 1330 1296 libere
1345 1277 1378 1296 ac
1393 1270 1506 1299 ﬁdenter
1520 1272 1676 1301 admonere.
1693 1284 1703 1300 ι
1722 1274 1791 1302 Tum

1006 1311 1102 1345 paucis
1130 1312 1235 1347 aliquot
1260 1313 1422 1350 interjectis,
1448 1327 1457 1343 ι
1473 1317 1559 1350 Quam
1583 1327 1681 1356 magna
1708 1329 1792 1356 porro

983 1381 986 1385 λ
1005 1362 1082 1391 spes,
1103 1357 1210 1393 inquit,
1227 1364 1318 1388 tenere
1337 1369 1388 1389 nos
1407 1362 1519 1396 debeat,
1537 1364 1600 1392 boni
1622 1366 1722 1401 aliquid
1739 1367 1791 1395 hoc

1005 1402 1096 1436 ipsum
1110 1411 1187 1438 esse,
1203 1405 1239 1433 ita
1261 1414 1371 1442 quoque
1391 1408 1597 1438 ratiocinemur.
1614 1410 1730 1440 Necesse
1748 1418 1790 1441 est

1004 1449 1076 1476 enim
1087 1450 1156 1476 mori
1168 1449 1204 1478 sit
1218 1451 1332 1479 alterum
1346 1453 1379 1480 de
1393 1453 1512 1487 duobus,
1524 1459 1554 1482 ut
1569 1461 1616 1483 aut
1631 1456 1658 1483 in
1673 1457 1788 1485 nihilum

1004 1499 1130 1523 mortuus
1148 1495 1278 1531 intereat,
1296 1505 1329 1526 ac
1352 1506 1449 1527 SCHSUS
1467 1501 1579 1528 omnino
1598 1509 1673 1530 mors
1693 1510 1789 1532 omnes

1004 1540 1129 1576 auferat;
1143 1547 1191 1570 aut
1217 1544 1245 1570 in
1259 1544 1342 1572 alium
1359 1546 1503 1580 quemdam
1528 1547 1635 1580 locum,
1651 1553 1681 1576 ut
1705 1550 1788 1585 vulgo

1122 1572 1127 1576 ,
1367 1572 1375 1580 ,
1403 1572 1407 1573 ,
1528 1572 1635 1580 _,,_...,
1712 1572 1786 1585 .-.οη

934 1572 951 1627 ᾗ
965 1584 986 1613 C
1003 1586 1133 1614 dictitant
1143 1608 1150 1620 ,
1162 1595 1196 1615 ex
1213 1588 1256 1616 his
1272 1589 1339 1617 locis
1350 1596 1437 1618 morte
1451 1592 1591 1627 migretur.
1605 1593 1788 1626 Quamobrem

910 1627 952 1672 ξυ-
1003 1631 1060 1659 sive
1074 1629 1171 1661 sensus
1185 1634 1386 1669 exstinguitur,
1398 1643 1527 1672 morsque
1546 1638 1570 1666 ei
1588 1647 1685 1667 somno
1710 1640 1788 1668 simi-

1001 1676 1037 1704 lis
1050 1682 1092 1705 est
1104 1698 1111 1711 ,
1125 1679 1172 1713 qui
1188 1679 1386 1715 nonnunquam
1401 1682 1482 1710 etiam
1503 1683 1562 1712 sine
1576 1685 1643 1713 visis
1665 1687 1787 1714 somnio-

1001 1731 1079 1756 rum,
1094 1725 1307 1759 placatissimam
1328 1728 1446 1762 quietem
1464 1729 1558 1762 θίγοι-ι,
1575 1731 1611 1758 dii
1626 1731 1706 1766 boni,
1719 1733 1786 1768 quid

1001 1769 1071 1797 lucri
1082 1774 1125 1798 est
1135 1771 1240 1798 emori?
1251 1771 1384 1807 Equidem
1403 1774 1443 1802 sic
1460 1775 1604 1809 existimo,
1623 1777 1646 1804 si
1666 1778 1711 1805 cui
1725 1783 1786 1806 tan-

1000 1823 1083 1851 quam
1102 1817 1203 1845 exlmia
1228 1819 1381 1854 seponenda
1418 1827 1471 1848 nox
1499 1821 1544 1849 illa
1582 1822 1681 1856 fuerit,
1701 1832 1784 1859 quam

1001 1862 1060 1890 sine
1074 1862 1200 1891 molestia
1215 1865 1385 1893 somniorum
1399 1866 1453 1893 ulla
1467 1867 1633 1900 traduxerit,
1648 1869 1710 1897 licet
1721 1878 1783 1898 cum

1000 1913 1032 1934 ea
1049 1906 1109 1935 dies
1122 1908 1185 1935 vitae
1198 1914 1347 1944 noctesque
1363 1911 1504 1940 universas
1513 1912 1688 1948 conferendo,
1699 1923 1782 1951 quam

999 1953 1099 1981 multas
1115 1959 1172 1982 toto
1187 1955 1234 1983 illo
1253 1957 1341 1992 spatio
1352 1957 1500 1992 jucundius
1512 1967 1545 1986 ac
1560 1961 1672 1988 suavius
1686 1963 1783 1997 egerit,

999 1999 1125 2034 aperiat,
1140 2000 1190 2028 has
1200 2021 1208 2033 .
1221 2001 1256 2029 ab
1270 2009 1303 2029 eo
1322 2002 1431 2037 quidem
1441 2023 1449 2037 ,
1465 2009 1496 2032 ut
1514 2012 1563 2032 rex
1576 2007 1784 2041 potentissimus

999 2043 1082 2073 fuerit
1096 2066 1104 2080 ,
1124 2047 1223 2076 nedum
1238 2051 1269 2075 ut
1282 2048 1405 2084 privatus
1418 2051 1566 2086 quispiam,
1590 2060 1645 2088 prae
1664 2054 1780 2082 aliarum

999 2090 1173 2120 multitudine
1182 2113 1190 2126 ,
1203 2092 1284 2121 facile
1300 2095 1446 2122 admodum
1463 2102 1636 2126 numeratum
1648 2098 1690 2126 iri.
1700 2099 1782 2136 632

998 2135 1092 2172 Itaque
1104 2138 1128 2166 si
1155 2146 1230 2167 mors
1247 2139 1382 2175 ejusmodi
1406 2142 1508 2177 aliquid
1529 2148 1588 2176 est,
1613 2149 1727 2172 mortem
1754 2146 1782 2173 in

998 2182 1075 2210 luero
1091 2191 1165 2218 pono
1182 2194 1190 2213 :
1205 2193 1268 2213 cum
1284 2186 1309 2214 ei
1325 2187 1398 2215 nocti
1412 2187 1510 2216 similis
1529 2188 1620 2231 futura
1636 2190 1671 2217 sit
1686 2198 1783 2226 perpe-

997 2228 1081 2257 tuitas
1094 2230 1184 2259 omnis
1192 2233 1386 2268 consequentis
1400 2235 1541 2269 temporis.
1555 2228 1603 2263 Sin
1623 2237 1713 2272 aliqua
1724 2237 1782 2265 vel-

999 2273 1038 2301 uti
1053 2274 1181 2310 migratio
1197 2280 1240 2304 est
1264 2276 1291 2304 in
1314 2278 1383 2307 alias
1409 2280 1541 2315 quasdam
1564 2289 1645 2315 oras,
1664 2290 1783 2319 veraque

998 2324 1062 2348 sunt
1074 2328 1107 2349 ea
1121 2329 1183 2356 quae
1196 2323 1325 2351 dicuntur
1334 2344 1343 2358 ,
1358 2325 1405 2360 qui
1416 2333 1432 2353 e
1444 2327 1500 2354 vita
1513 2334 1689 2357 excesserunt
1699 2349 1706 2362 ,
1719 2329 1782 2358 illas

997 2367 1140 2396 universos
1153 2368 1272 2398 incolere
1293 2379 1299 2398 :
1315 2371 1380 2406 quid
1397 2372 1454 2407 jam
1471 2381 1505 2401 eo
1518 2373 1625 2403 beatius
1649 2379 1711 2409 est,
1736 2375 1782 2411 ju-

996 2412 1070 2441 dices
1080 2433 1089 2448 ,
1098 2417 1125 2441 te
1137 2421 1201 2442 cum
1212 2415 1246 2443 ab
1259 2415 1309 2449 iis,
1321 2417 1367 2451 qui
1380 2425 1410 2445 se
1420 2417 1540 2453 iudicum
1558 2428 1672 2448 numero
1687 2421 1781 2449 haberi

995 2457 1107 2491 volunt,
1118 2460 1253 2493 evaseris,
1267 2460 1301 2488 ad
1313 2468 1360 2489 eos
1375 2462 1518 2496 devenire,
1530 2465 1576 2499 qui
1593 2473 1655 2493 vere
1673 2466 1780 2501 judices

996 2503 1179 2537 appellentur,
1200 2504 1330 2540 Minoem,
1361 2506 1617 2544 Rhadamanthum,
1646 2511 1779 2546 :Eacum,

995 2546 1202 2583 Triptolemum,
1225 2551 1425 2588 convenireque
1443 2553 1541 2582 heroes
1555 2555 1628 2590 illos,
1645 2557 1692 2592 qui
1706 2557 1781 2592 justo

993 2598 1022 2622 et
1039 2602 1102 2622 cum
1116 2594 1168 2623 [ide
1183 2596 1320 2624 vixerint?
1336 2593 1399 2626 Haec
1415 2601 1598 2635 peregrinatio
1619 2603 1719 2631 vilisne
1732 2610 1791 2655 νοά1

1030 2659 1067 2697 (6)
1085 2662 1139 2689 Τὸν
1157 2663 1253 2705 μέγαν
1269 2665 1413 2705 βαᾳιλᾴα.
1427 2665 1572 2705 Persarum
1582 2676 1686 2705 regem,
1703 2670 1778 2698 Grae-

993 2703 1088 2724 corum
1108 2705 1196 2731 more,
1223 2699 1348 2737 fortassis
1363 2701 1513 2737 intelligit;
1536 2699 1630 2732 malui"
1639 2699 1728 2733 tamen
1744 2707 1779 2734 de

993 2739 1157 2772 quocunque
1168 2734 1305 2772 _accipere,
1321 2740 1351 2763 ut
1363 2735 1444 2765 latius
1459 2734 1564 2772 pateret
1580 2739 1701 2768 Socratis
1716 2748 1780 2768 ora-

992 2768 1052 2800 tio;
1069 2775 1151 2802 quam
1168 2769 1303 2806 boc_loco,
1318 2771 1421 2804 minus,
1436 2768 1469 2799 ut
1480 2773 1546 2801 mihi
1560 2775 1675 2806 videtur.
1691 2776 1777 2804 iideli-

994 2805 1034 2829 ter
1061 2805 1195 2848 expressit
1215 2804 1333 2848 .Ficinus
1347 2826 1355 2838 ,
1376 2811 1413 2848 ut_
1429 2807 1508 2848 facile
1530 2804 1711 2846 deprehendet
1730 2812 1777 2848 qui

992 2845 1055 2874 cum
1072 2839 1187 2874 singulis
1199 2839 1304 2874 singula
1321 2842 1477 2872 contulerit.

1029 2873 1067 2909 (τ)
1080 2873 1159 2903 Forte
1171 2875 1232 2904 add.
1245 2873 1312 2904 Καί.
