2078 3207
285 133 354 160 1095

615 128 749 157 ΙίϋδΕΒΙΙ
762 125 1000 155 C/ESARIENSIS
1023 124 1075 152 Ol’l

1128 124 1208 151 MR5
1226 123 1258 150 ll.
1274 138 1308 142 —
1327 122 1578 150 APOLOGETICA.

1846 122 1909 148 lel'i

284 193 326 220 his
339 196 366 218 et
382 188 579 218 contemnenda
593 188 677 214 videri
693 187 801 222 potest?
822 186 856 213 Ut
870 192 933 212 vero
948 185 1068 219 colloqui

1128 185 1154 210 οὺ
1168 183 1324 218 δυναμένων
1338 183 1505 209 ἀποκτεῖναι.
1522 182 1626 208 Εἱδέναι
1643 190 1683 214 τε,
1697 182 1748 212 ὅτι,
1763 181 1810 207 ἐὰν
1826 183 1843 216 η
1858 181 1911 206 επί-

284 247 348 267 cum
371 238 496 272 Orpheo,
525 235 643 267 Musaeo,
671 233 806 266 Hesiodo,
831 232 949 259 Homero
974 232 1072 261 liceat,

284 285 380 321 quanti
397 283 506 311 tandem
527 280 686 309 aestimatis?
702 279 833 315 Equidem
852 286 920 313 sape
933 278 1002 305 mori
1017 277 1072 304 vcl-

284 332 336 359 lem
348 353 354 364 ,
371 336 401 358 ut
416 338 448 358 ea
465 337 525 365 qu:e
538 329 598 356 dico
612 328 679 354 mihi
703 328 797 355 liceret
813 326 945 353 invenire.
966 324 1072 357 Quanta

284 385 367 414 porro
386 376 565 404 delectatione
581 376 701 402 aﬂicerer
713 396 720 408 ,
737 381 798 401 cum
813 372 996 403 Palamedem,
1010 379 1072 398 cum

282 423 394 458 Ajacem
409 422 473 449 olim
489 422 565 448 illum
582 420 739 448 Telamonis
763 419 865 451 (ilium,
882 426 943 446 cum
967 422 1072 444 veteres

281 469 352 495 alios
374 467 477 502 judicio
492 467 646 502 iniquorum
661 466 863 492 circumventos
889 469 970 497 atque
995 462 1072 488 dam-

282 520 361 541 natos
388 513 580 540 convenirem?
606 512 704 545 Quidni
731 511 803 538 enim
833 510 983 546 jucundum
1008 508 1074 535 mihi

284 559 376 592 foret.
401 568 488 587 meam
513 567 574 586 cum
597 567 691 586 eorum
713 558 822 585 casibus
847 557 985 583 fortunam
1000 563 1074 582 coru-

283 606 403 639 ponere?
418 605 484 632 lilud
501 612 579 637 vero,
596 603 697 639 quanti
716 603 772 630 tieri
792 602 902 633 debeat,
929 610 976 628 eos
993 601 1073 628 etiam

1127 239 1201 263 γειος
1215 230 1292 265 ἡμῶν
1308 229 1381 256 οἰκία
1394 229 1440 255 τοῦ
1458 230 1572 264 σκήνους
1592 227 1728 263 καταλυθῇ
1740 247 1747 258 ,
1772 228 1913 262 οἰκοδομὴν

1127 277 1158 302 ἐκ
1175 275 1242 302 Θεοῦ
1269 275 1377 310 ἔχομεν,
1405 275 1494 301 οἰκίαν
1510 274 1728 309 ἀχειροποίητον,›
1756 273 1865 300 αἰώνιον
1887 275 1912 299 "ea

1126 323 1183 353 τοῖς
1214 322 1349 356 οὐρανοῖς·
1362 322 1403 347 ὅτι
1417 329 1446 346 τε
1457 320 1638 355 ἐκδημοῦντες
1651 318 1705 345 ἀπὸ
1715 319 1762 345 τοῦ
1778 319 1912 354 σώματος,

1127 367 1296 403 ὲνδημοῧμεν
1312 367 1351 402 τῷ
1368 366 1474 402 Κυρίῳυ
1493 375 1503 392 ›
1515 367 1544 398 ὂς
1561 367 1607 392 καὶ
1623 366 1690 392 πᾶςι
1707 368 1763 396 τοῖς
1780 366 1819 396 εἰς
1837 365 1914 391 αὐτὴν

1127 414 1268 450 ὴλπικόσιν
1290 413 1467 449 ἐπήγγελται,
1494 413 1533 444 εἰς
1559 413 1676 442 κόλπους
1701 411 1845 446 Ἀϐραὰμ,
1872 411 1913 436 καῖ

1133 461 1235 493 Ἰσαὰκ,
1250 461 1297 488 καὶ
1315 460 1411 487 Ἰακὼϐ
1427 459 1640 490 ἀναπαύσεσθαι,
1667 459 1736 493 μετά
1749 467 1778 484 τε
1796 457 1851 484 τῶν
1870 457 1913 484 ἄλ-

1126 507 1179 533 λων
1205 507 1270 542 παρ’
1292 505 1428 541 Ἐὂραίοις
1460 504 1590 538 θεοφιλῶν
1625 503 1771 539 προξητὼν
1796 511 1842 534 τε,
1871 502 1912 528 καὶ

1125 553 1297 586 δικαίωνλὲν
1320 551 1442 587 μακαρία
1474 551 1530 586 ζωῇ
1554 550 1598 576 τὸν
1621 550 1725 586 μακρὸν
1751 549 1837 575 αἰῶνα
1860 549 1915 575 δια-

1126 598 1193 632 ξειν.

283 652 330 686 qui
367 652 423 679 illic
455 658 615 683 versentur,
645 651 757 686 perinde
788 655 817 677 ut
842 650 888 684 qui
906 650 956 676 hac
979 650 1006 676 in
1027 649 1082 674 vita
1097 647 1217 682 degunt,
1234 651 1338 674 tentare
1350 645 1523 679 scrutarique
1535 651 1632 679 posse;
1656 644 1717 678 quis
1736 651 1768 670 ex
1789 643 1916 671 omnibus

283 705 347 725 vere
377 698 482 734 sapiat,
505 698 567 733 quis
596 703 701 725 tantum
718 697 846 732 opinione
859 696 959 723 tenus?
975 705 983 721 ι
998 694 1061 722 ΙΙωθ
1078 694 1131 720 ille.
1145 693 1252 726 Quibus
1268 697 1362 720 nostra
1378 693 1435 720 haec
1451 692 1569 727 gemina,
1588 690 1722 718 (Obedire
1739 695 1845 725 oportet
1863 690 1916 718 Deo

283 746 386 780 magis,
403 753 484 780 quam
514 744 671 772 hominibus
692 744 724 770 ¹⁰.
739 743 829 770 Nolite
866 743 960 770 timere
991 750 1054 775 eos,
1074 743 1121 777 qui
1140 741 1269 769 occidunt
1291 748 1407 775 corpus,
1425 740 1543 766 animam
1557 743 1646 766 autem
1668 746 1721 764 non
1741 743 1857 772 possunt
1870 746 1916 766 oc-

282 792 416 820 cidere“.
431 791 508 818 Scire
527 791 619 822 etiam,
644 790 715 825 quod
737 789 759 817 si
788 790 927 817 terrestris
947 789 1045 816 domus
1075 793 1168 815 nostra
1185 787 1267 822 hujus
1298 785 1475 813 habitationis
1506 786 1685 817 dissolvatur,
1711 784 1916 812 aediﬁcationem

283 846 317 866 ex
343 837 398 865 Deo
416 837 565 868 habemus,
590 837 701 863 domum
727 843 782 862 non
814 843 896 862 manu
918 835 1033 867 factam,
1060 841 1189 862 mternam
1223 834 1251 861 in
1283 833 1370 860 caelis.
1389 832 1421 859 Et
1441 833 1646 867 peregrinantes
1670 839 1686 858 a
1706 840 1838 867 corpore,
1860 841 1914 860 rer-

283 893 377 912 samur
395 892 456 910 cum
478 883 593 910 Domino
611 883 654 916 “;
679 891 688 908 ι
706 882 752 916 qui
769 881 852 909 etiam
876 881 1022 913 omnibus,
1035 882 1081 916 qui
1102 881 1129 908 in
1154 888 1216 908 eum
1244 879 1432 915 speraverint,
1454 886 1564 906 suavem
1582 879 1609 905 in
1627 878 1758 909 Abralize,
1787 877 1873 905 lsaaci
1892 884 1916 906 et

284 931 377 959 Jacobi
408 931 470 958 sinu
489 930 628 964 quietem,
661 933 742 963 atque
764 929 791 955 in
812 932 972 956 czeterornm
1002 929 1195 962 prophetarum
1222 927 1415 963 justorumque
1437 926 1598 959 consortio,
1623 927 1670 961 qui
1695 925 1824 953 liebrzeos
1849 926 1916 953 inter

285 975 340 1003 Deo
356 976 430 1002 cliari
446 974 564 1007 fuerint,
581 973 753 1008 sempiternae
765 974 827 1001 vita:
845 972 1004 1000 felicitatem
1018 973 1174 1008 pollicetur.

582 1104 698 1132 CAPUT
723 1104 770 1131 XI.

285 1164 513 1198 Quemadmodum
531 1171 620 1190 eorum
646 1167 766 1194 mortem,
788 1161 938 1198 qutAvilgm
960 1161 1075 1197 gloriose

347 1199 526 1234 profuderint,
538 1198 663 1226 celebrari
680 1195 809 1232 oporteat.
824 1196 864 1223 Ex
881 1195 1005 1224 Platone.

319 1255 401 1292 633
415 1255 474 1282 Jam
489 1263 552 1282 vero
565 1275 572 1287 ,
598 1254 687 1289 inquit
710 1244 803 1286 Plato,
819 1253 867 1288 qui
888 1257 951 1288 post
967 1253 1075 1288 egregia

286 1303 393 1330 virtutis
406 1302 529 1337 exempla
541 1323 547 1335 ,
566 1302 709 1328 honestam
724 1301 749 1328 in
769 1300 840 1327 bello
854 1305 968 1327 mortem
994 1307 1076 1327 occu-

287 1348 412 1380 buerint,
434 1347 557 1381 nunquid
576 1354 624 1373 eos
639 1346 666 1372 in
689 1345 785 1380 primis
805 1353 837 1372 ex
863 1352 946 1372 aureo
960 1344 1007 1371 illo
1029 1351 1075 1380 ge-
1098 1339 1105 1350 ⁸

286 1401 351 1420 nere
366 1393 451 1420 fuisse
467 1393 608 1420 dicemus?
635 1407 670 1413 -—
700 1391 815 1418 Maxime
843 1399 918 1419 vero.
947 1406 970 1411 ——
1005 1390 1075 1417 Num

286 1441 367 1467 etiam
382 1439 529 1467 Hesiodum
547 1439 705 1469 audiemus.
725 1438 790 1465 dum
810 1446 843 1465 ex
858 1445 891 1465 eo
908 1445 1006 1473 genere
1028 1437 1075 1472 qui

287 1486 394 1514 vivendi
408 1487 488 1513 linem
503 1486 632 1519 fecerint,
648 1485 681 1513 de
695 1485 748 1513 illis
761 1486 797 1512 ita
811 1485 986 1519 pronuntiat,

287 1542 415 1569 Suntalii
429 1543 518 1569 heroes
537 1541 605 1568 casti
616 1561 621 1571 ,
650 1546 784 1575 terrasque
802 1541 967 1575 frequentant
979 1561 987 1572 ,

288 1580 372 1612 Atque
386 1577 455 1604 ultro
468 1577 539 1603 muIa
553 1576 686 1611 depellunt
701 1596 709 1608 ,
725 1577 893 1611 hominesque
905 1575 1032 1602 (nentur?

288 1659 321 1664 —
335 1644 407 1671 Sane
421 1643 577 1670 audiemus.
606 1657 641 1664 ν-
661 1638 792 1670 Consulto
820 1642 913 1676 itaque
939 1641 1074 1675 Numine,

288 1696 407 1723 quonam
423 1688 519 1715 heroes
531 1687 592 1715 illos
605 1694 637 1714 ac
651 1687 785 1715 semideos
797 1687 862 1721 ritu,
874 1694 962 1722 quore
976 1687 1075 1714 ἀίει-ιιί-

289 1735 363 1761 mine
378 1733 533 1762 consecrari
549 1738 691 1768 oporteat,
714 1733 842 1768 religiose
867 1734 980 1760 omnino
997 1733 1076 1768 quid-

1385 1107 1583 1133 ΚΕΦΑΛΑΙΟΝ
1610 1107 1644 1134 IA
1655 1126 1662 1133 .

1127 1163 1223 1195 Ὅπως
1239 1163 1300 1190 δέοι
1319 1162 1406 1198 τιμᾷν
1425 1163 1479 1190 τὸν
1500 1163 1629 1191 θάνατον
1646 1164 1706 1190 τῶν
1718 1163 1852 1197 εὐκλεῶς
1865 1173 1918 1199 με·

1178 1198 1394 1231 ταλλαξάντων
1409 1200 1463 1226 εὸν
1478 1199 1559 1232 βίον.
1582 1201 1632 1227 Ἐκ
1649 1200 1701 1226 τοῦ
1713 1198 1887 1233 Πλάτων-οξ.

1164 1265 1174 1280 ι
1192 1255 1253 1281 Τῶν
1262 1254 1289 1281 δὲ
1299 1254 1330 1289 δὴ
1346 1254 1384 1290 (8)
1402 1255 1591 1282 ἀποθανόντων
1605 1255 1651 1282 ἐπὶ
1667 1255 1825 1292 στρατείας,
1838 1255 1870 1288 ὃς
1886 1255 1919 1283 ἃν

1127 1299 1308 1335 εὐδοκιμήσας
1321 1299 1479 1336 τελευτήσῃ,
1495 1298 1538 1335 ἆρ’
1553 1301 1582 1326 οὐ
1601 1301 1709 1336 πρῶτον
1724 1301 1772 1336 μὲν
1794 1301 1919 1336 φήσομεν

1126 1344 1173 1372 τοῦ
1188 1345 1289 1381 χρυσοῦ
1313 1345 1406 1377 γένους
1421 1343 1504 1377 εἷναι;
1519 1346 1576 1372 Πᾶν
1593 1355 1625 1380 γε
1645 1347 1771 1381 μάλιστα.
1794 1347 1866 1373 Ἀλλ’
1888 1349 1918 1374 οὗ

1128 1391 1278 1427 πεισόμεθα
1296 1392 1419 1424 Ἡσιόδῳ,
1442 1391 1551 1418 ἐπειδάν
1573 1401 1645 1423 τινες
1666 1393 1713 1419 τοῦ
1731 1393 1854 1420 τοιούτου
1871 1394 1919 1428 γέ-

1128 1446 1190 1470 νους
1202 1437 1412 1473 τελεντὴτωσιν,
1428 1439 1464 1470 ὡς
1479 1438 1544 1474 ἄρα,

1129 1538 1161 1564 οι
1170 1537 1237 1571 μὲν,
1255 1537 1394 1572 δαίμονες
1407 1538 1491 1573 ἁγνοὶ
1503 1539 1665 1573 ἐπιχθόνιοι
1677 1539 1866 1573 τελέθουσιν,

1134 1572 1260 1606 Ἐσθλοὶ,
1269 1573 1414 1606 ἀλεξίκακ
1418 1572 1454 1605 οι,
1463 1572 1595 1608 φύλακες
1600 1577 1737 1609 μερόπων
1742 1572 1920 1609 ὰνθρώεέωντ

1127 1640 1282 1676 Πεισόμεθα
1296 1641 1344 1676 μὲν
1359 1639 1415 1668 οὖν.
1428 1642 1624 1677 Διαπυοόμενοι
1638 1643 1691 1678 ἄρα
1704 1642 1751 1669 τοῦ
1764 1643 1844 1674 Θεοῦ,
1861 1644 1920 1676 πῶς

1128 1686 1180 1722 χρὴ
1194 1687 1256 1718 τοὺς
1276 1687 1429 1721 δαιμονίους
1447 1696 1476 1714 τε
1493 1688 1540 1714 καὶ
1561 1688 1649 1720 θείους
1667 1689 1778 1721 τιθέναι,
1804 1690 1853 1717 καὶ
1867 1691 1920 1716 τίνι

1129 1732 1259 1768 διαφόρῳ,
1276 1733 1347 1759 οὕτω
1372 1733 1417 1760 καὶ
1440 1734 1526 1770 ταύτῃ
1543 1734 1671 1770 θήσομεν,
1726 1736 1760 1762 ἂν
1774 1736 1918 1771 ἐξηγῆται.

289 1781 354 1816 quid
371 1781 559 1816 responderit,
573 1779 792 1808 observabimus.
814 1794 848 1801 ν-
869 1779 1014 1807 Enimvero
1035 1779 1075 1807 fa-

1128 1779 1160 1805 Τί
1175 1779 1197 1805 δ’
1219 1779 1249 1805 οὔ
1274 1779 1424 1815 μέλλομεν;
1440 1780 1494 1807 Καὶ
1518 1781 1564 1807 τὸν
1586 1781 1678 1808 λοιπὸν
1696 1781 1727 1816 δὴ
1752 1782 1860 1817 χρόνον,
1881 1783 1920 1814 ὡς

289 1827 416 1855 ciendum
434 1827 461 1854 id
478 1827 540 1854 erit.
562 1841 598 1847 —-
624 1825 693 1853 Tum
709 1826 771 1853 illos
795 1827 923 1861 deinceps
945 1831 1076 1861 tanquam

290 1874 388 1901 heroas
404 1873 610 1906 venerabimur,
628 1881 778 1908 eorumque
795 1873 920 1908 sepulcra
939 1873 1077 1900 sanctiore

290 1920 365 1947 cultu
382 1927 591 1955 prosequemur.
618 1919 717 1947 Eadem
735 1926 816 1955 porro
841 1919 1006 1951 statuimus,
1030 1919 1076 1946 ubi

289 1967 352 2001 quis
366 1970 428 2001 post
439 1966 522 1993 vitam
535 1974 598 1993 cum
614 1966 771 1994 excellentis
784 1966 928 2001 probitatis
947 1965 1077 2000 opinione

289 2013 458 2045 traductam,
475 2020 633 2048 supremum
664 2017 711 2040 aut
730 2012 822 2045 senio,
840 2016 887 2039 aut
911 2012 964 2038 alio
979 2012 1077 2047 quovis

291 2059 372 2086 modo
397 2059 468 2086 diem
486 2059 593 2086 obierit.
614 2069 623 2085 ι
649 2058 711 2086 Hmc
728 2058 812 2086 Plato.
830 2058 896 2092 Qua:
922 2059 1030 2094 quidem
1048 2059 1076 2086 in

292 2107 433 2134 hominum
452 2107 505 2133 Deo
523 2097 748 2133 cliarissimorum
769 2105 860 2133 obitus
876 2105 984 2141 egregie
1011 2113 1076 2132 cou-

290 2152 419 2185 reniunt,
435 2159 506 2186 quos
521 2159 591 2178 verae
602 2151 710 2186 pietatis
725 2151 825 2178 milites
843 2151 905 2184 jure
920 2151 1074 2185 appellaris.

290 2195 358 2222 Nam
370 2201 396 2222 et
409 2202 503 2222 eorum
520 2195 644 2230 sepulcra
659 2194 797 2222 celebrare
807 2214 815 2227 ,
829 2198 856 2221 et
871 2202 965 2229 preces
979 2194 1014 2220 ibi
1028 2202 1075 2221 vo.

291 2247 372 2276 taque
385 2248 554 2275 nuncupare,
574 2245 601 2267 et
622 2240 716 2267 beatas
735 2240 844 2267 illorum
866 2240 972 2267 animas
996 2247 1077 2267 vene—

292 2286 345 2313 rari
362 2286 568 2318 consuevimus,
586 2285 667 2320 idque
691 2293 707 2313 a
728 2286 807 2313 nobis
830 2287 928 2313 merito
941 2286 998 2313 fieri
1020 2291 1077 2313 sta-

291 2333 405 2359 tuimus.
421 2332 510 2367 Atque
524 2340 557 2359 ex
583 2331 705 2359 Platonis
733 2332 863 2367 operibus
888 2333 944 2359 lucc
965 2341 980 2360 a
1000 2332 1076 2360 nobis

291 2378 390 2406 se'lecta
403 2382 468 2405 sunt
484 2385 492 2406 :
508 2379 585 2413 plura
604 2379 744 2406 studiosus
772 2379 904 2414 quilibet,
933 2386 983 2406 nec
1005 2379 1075 2414 apud

290 2423 378 2458 ipsum
398 2423 495 2456 modo,
513 2423 561 2451 sed
576 2423 658 2451 etiam
676 2423 804 2451 fortassis
821 2424 893 2459 apud
912 2424 980 2452 alios
991 2445 998 2457 ,
1013 2426 1074 2451 cum

1129 1826 1258 1860 δαίμονας
1288 1826 1444 1860 γεγονότας,
1470 1826 1540 1853 οὕτω
1569 1827 1772 1863 θεραπεύσομέν
1799 1837 1841 1860 τε,
1871 1829 1920 1855 καὶ

1129 1872 1354 1907 προσκυνήσομεν
1372 1872 1460 1899 αὐτῶν
1473 1873 1520 1903 τὰς
1537 1872 1633 1908 θήκας.
1650 1873 1690 1899 Τὰ
1709 1873 1776 1899 αὐτὰ
1789 1873 1818 1900 δὲ
1831 1873 1919 1900 ταῦτα

1130 1916 1287 1952 νομιοῦμεν,
1304 1918 1368 1944 ὅταν
1389 1917 1431 1949 τὶς
1451 1918 1524 1953 γήρα
1538 1917 1556 1952 ἦ
1569 1926 1620 1945 τινι
1635 1917 1706 1954 ἄλλῳ
1718 1919 1813 1954 τρόπῳ
1826 1918 1919 1946 τελευ-

1129 1963 1199 1998 τήσῃ
1213 1963 1267 1989 τῶν
1279 1963 1336 1990 ὅσοι
1349 1963 1381 1990 ἂν
1396 1963 1577 1999 διαφερόντως
1589 1965 1618 1990 ὲν
1629 1963 1668 1999 τῷ
1686 1963 1734 1999 βίῳ
1746 1964 1844 1998 ἁγαθοὶ
1860 1974 1920 2000 κρι-

1130 2008 1206 2035 Θῶσι.
1224 2018 1234 2035 ι
1249 2009 1304 2035 Καὶ
1316 2009 1403 2037 ταῦτα
1416 2009 1443 2035 δὲ
1465 2009 1578 2045 ἁρμόζει
1593 2010 1640 2036 ἐπὶ
1661 2011 1693 2045 τῇ
1712 2010 1766 2036 τῶν
1785 2010 1919 2045 θεοᾳιλῶν

1129 2055 1251 2091 τελευτῇ,
1269 2056 1316 2087 οὒς
1331 2056 1499 2091 στρατιώτας
1512 2057 1561 2091 τῆς
1579 2056 1696 2091 ἀληθοῦς
1712 2057 1856 2089 εὐσεϐείας
1869 2058 1919 2084 οὐκ

1130 2101 1163 2129 ἂν
1183 2102 1315 2138 ἁμάρτοις
1341 2102 1435 2135 εἰπὼν,
1453 2103 1731 2138 παραλαμϐάνεσθαι.
1762 2103 1845 2130 Ὀθεν
1871 2105 1920 2131 καὶ

1130 2148 1176 2174 ἐπὶ
1191 2148 1239 2179 τὰς
1262 2148 1350 2183 θήκας
1365 2149 1454 2175 αὐτῶν
1474 2149 1535 2180 εοος
1553 2150 1619 2184 ἡμῖν
1639 2150 1777 2185 παριέναι,
1800 2151 1849 2176 καὶ
1869 2151 1919 2182 τας

1129 2195 1211 2229 εὐχὰς
1231 2195 1306 2230 παρὰ
1321 2194 1432 2226 ταύταις
1454 2195 1598 2227 ποιεῖσθαι,
1620 2196 1703 2231 τιμᾷν
1715 2204 1745 2222 τε
1761 2196 1812 2228 τὰς
1829 2205 1919 2231 μακα-

1131 2241 1190 2276 ρίας
1202 2241 1289 2268 αὐτῶν
1303 2241 1400 2276 ψυχας,
1414 2242 1451 2274 ὡς
1464 2242 1581 2276 εὐλόγως
1597 2244 1643 2269 καὶ
1658 2242 1758 2269 τούτων
1774 2243 1820 2278 ὑφ’
1839 2243 1918 2278 ήμῶν

1129 2288 1304 2323 γιγνομὲνων.
1325 2289 1403 2315 Ἀλλὰ
1427 2288 1481 2324 γὰρ
1504 2290 1585 2324 ἡμεῖς
1615 2290 1665 2324 μὲν
1688 2287 1777 2316 ταῦτα
1802 2291 1835 2316 ὲκ
1862 2290 1919 2316 τῶν

1130 2333 1271 2364 Πλάτωνος
1292 2331 1491 2368 ἀνελεξὰμεθα·
1507 2334 1650 2367 φιλόκαλος
1667 2334 1695 2360 δέ
1716 2343 1758 2366 τις
1777 2334 1858 2366 ἄλλος
1872 2335 1919 2361 καὶ

1129 2379 1231 2406 τούτων
1245 2379 1284 2406 ἔτι
1302 2379 1385 2406 πλείω
1402 2380 1434 2407 ἂν
1450 2380 1523 2416 εὖροι
1539 2382 1614 2416 παρὰ
1627 2381 1667 2416 τῷ
1679 2381 1763 2416 αὐτῷ,
1782 2381 1918 2417 σύμφωνα

1129 2426 1184 2456 τοῖς
1204 2425 1346 2460 ἡμετέροις
1365 2425 1488 2461 δόγμασι,
1510 2426 1578 2461 τάχα
1598 2426 1626 2452 δὲ
1647 2427 1693 2453 καὶ
1710 2427 1775 2462 παρ’
1801 2427 1917 2463 ἑτέροις.

290 2474 391 2496 nostra:
403 2469 533 2496 doctrinae
554 2470 706 2498 rationibus
727 2470 918 2497 convenientia
946 2470 1073 2505 reperiat.

1133 2470 1209 2496 Ἐπεὶ
1229 2471 1258 2497 δὲ
1281 2472 1330 2506 τῆς
1355 2472 1438 2507 αὐτῆς
1460 2473 1525 2507 ἡμῖν
1554 2472 1707 2504 ὑποθέσεως
1733 2473 1920 2508 προλαϐόντες

290 2513 323 2540 Et
336 2514 466 2548 quoniam
478 2514 531 2542 hoc
545 2515 634 2550 ipsum
647 2520 838 2551 argumentum
865 2521 927 2543 ante
950 2523 1002 2544 nos
1027 2516 1074 2543 alii

290 2565 399 2593 quoque
413 2560 538 2587 nonnulli
557 2566 744 2596 occuparunt,
763 2569 852 2596 operm
867 2562 986 2597 pretium
1000 2562 1076 2590 vide-

329 2665 349 2680 ¹⁰
368 2665 427 2692 Act.
442 2673 472 2699 ν,
486 2666 531 2694 29.
571 2667 592 2682 “
610 2667 702 2694 Matth.
718 2675 731 2694 ι
742 2687 750 2701 ,
775 2667 819 2694 28.

862 2668 882 2683 ι’
902 2667 933 2694 lli
957 2668 1019 2695 Cor.
1036 2676 1063 2701 ν,
1083 2668 1100 2694 l.

1128 2516 1266 2551 ἐφήψαντο
1286 2517 1333 2544 καὶ
1346 2517 1430 2549 ἄλλοι,
1445 2516 1473 2544 εὖ
1490 2527 1534 2553 μοι
1551 2518 1624 2545 δοκεῖ
1641 2519 1841 2553 ὲπισκέιξιασθαι
1864 2521 1919 2546 δεῖν

1129 2563 1177 2589 καὶ
1197 2563 1230 2590 τὰ
1252 2563 1357 2596 τούτοις
1374 2564 1561 2600 πεπονημένα.
1583 2565 1740 2601 Παραθήσω
1759 2565 1788 2592 δὲ
1807 2566 1919 2602 πρώτου

329 2763 366 2803 (8)
382 2763 441 2791 Τῶν
453 2765 486 2791 δὲ
497 2765 543 2803 ad.
561 2765 638 2793 Plato
657 2766 704 2803 lib.
721 2774 737 2803 ν
754 2767 792 2794 De
804 2766 916 2801 republ..
931 2774 992 2802 ang.
1013 2765 1073 2798 464,
1094 2764 1124 2799 Β,
1144 2765 1173 2793 C.
1194 2765 1298 2800 Quibus
1322 2764 1418 2793 similia
1440 2762 1582 2793 Menescno
1605 2768 1672 2799 toto,
1696 2765 1838 2800 sapienter
1855 2770 1883 2794 et

293 2801 401 2829 couiose
417 2801 597 2834 persequitur,
611 2809 671 2834 pag.
685 2801 737 2829 4υὲ
753 2808 777 2830 et
793 2810 850 2835 seu.
