2078 3207
280 125 344 152 “ll

612 125 746 154 EUSEBH
766 126 1007 155 CAESARIENSIS
1024 127 1097 154 OPP.
1120 128 1209 155 PARS
1226 127 1556 158 IL—APOLOGETICA.

1828 131 1894 157 illi

279 184 377 211 similis
391 189 431 212 est
444 190 455 218 ;'
471 193 524 220 qua
537 192 566 212 re
582 185 619 212 uti
631 185 665 212 ad
681 185 764 212 Deum
786 186 868 213 etiam
889 187 1005 221 accedit,
1024 188 1059 215 ita

1111 189 1279 221 ἀσπάζεσθαί
1296 197 1325 215 τε
1339 189 1385 215 καὶ
1401 189 1486 222 φιλεῖν
1504 189 1613 220 τούτους
1636 189 1685 224 μὲν
1699 188 1785 216 ταῦτα
1800 190 1843 224 ἐφ’
1856 187 1896 221 οἷς

279 238 332 259 nun
350 230 411 257 boni
439 235 542 257 tantutn
569 231 673 262 omnis,
703 231 749 258 sed
779 232 865 267 ipsius
884 241 991 268 quoque
1013 233 1059 261 Dei

279 275 381 303 amicus
396 279 448 302 est.
467 284 476 300 ι
499 275 549 308 Qui
576 276 641 302 mihl
668 276 744 304 locus
769 277 884 304 alterum
913 278 990 306 illum
1008 280 1061 307 sub

279 319 374 350 Timwi
388 321 466 348 finem
485 321 512 348 in
527 323 685 350 memoriam
707 328 826 355 revocat,
843 324 889 351 ubi
915 325 994 353 docet
1010 326 1062 353 hoc

279 367 365 394 euivis
379 366 511 401 agendum
525 375 596 401 esse,
613 371 643 395 ut
664 369 857 404 intelligemus,
877 370 932 396 vim
945 371 983 398 rei
998 378 1061 406 per-

279 417 372 447 cepta,
386 417 519 447 quatenus
533 414 653 448 pristina:
675 418 780 442 naturae
797 415 865 443 ratio
879 416 1005 450 postulet,
1024 416 1062 443 si-

277 459 367 486 milem
385 458 482 486 efficiat
498 468 505 487 :
522 460 596 494 quod
613 460 658 487 ubi
671 460 824 495 perfecerit,
841 466 897 488 tum
921 470 983 489 eum
999 462 1062 489 vita:

276 503 385 537 optimas
400 504 557 532 hominibus
570 513 585 532 a
601 505 654 532 diis
666 506 821 540 propositae,
833 507 912 534 finetn
926 507 1060 539 obtinere,

276 549 321 583 qui
335 556 390 576 non
406 557 525 584 praesens
539 551 618 577 modo
633 555 751 585 tempus,
771 552 818 578 sed
834 553 914 580 etiam
938 552 1059 580 futurum

275 595 482 628 complectatur.
505 605 513 621 ι
528 595 589 623 Haec
604 597 739 624 Clemens.
748 598 799 630 Qui
812 599 1061 634 paucisinterjectis

275 640 418 675 additqtm
430 647 598 675 sequuntur:
613 651 622 667 ι
640 642 710 675 Quin
725 644 806 670 etiam
819 644 917 672 fratres
928 653 987 672 esse
999 654 1060 677 nos,

275 690 405 720 tanquam
424 687 506 714 unius
522 687 565 714 Dei
584 688 665 722 ﬁlios,
678 697 710 716 ac
724 690 874 725 discipulos
885 693 1060 727 praeceptoris

275 731 368 764 ttnius,
383 732 459 760 Plato
471 734 539 761 satis
553 734 692 762 declarare
704 736 777 762 visus
791 741 842 768 est,
863 737 935 765 hunc
955 739 981 765 in
1002 746 1060 765 mo-

274 777 339 805 dum
360 786 367 804 :
383 787 392 803 ι
409 779 558 814 Quotquot,
579 780 676 815 inquit,
687 781 713 807 in
728 782 836 810 civitate
849 783 994 810 versamini
1009 784 1060 818 (sic

274 823 346 850 enim
373 823 443 851 hanc
467 825 501 851 iis
526 825 644 853 fabulam
668 828 862 862 pertexemus),
883 829 979 856 fratres
994 830 1059 857 estis

274 877 380 897 omnes.
399 869 497 897 Verum
513 872 590 899 lictor
605 873 649 899 ille
667 873 748 905 Deus,
759 875 805 909 qui
818 882 851 901 ex
869 875 945 902 vobis
959 876 990 903 ad
1007 876 1059 903 im-
1076 865 1097 892 Β

274 917 424 950 perandum
442 917 496 951 apti
512 923 612 951 essent,
631 927 727 947 aurum
746 920 777 947 iis
795 921 859 947 dum
880 929 1058 956 procrearen-

275 965 330 992 tur,
345 962 501 994 admiscuit,
523 971 554 990 ex
571 972 625 999 quo
643 966 790 999 plurimum
811 967 949 1002 dignitatis
962 976 1058 996 conse-

274 1007 329 1034 cuti
345 1012 418 1035 sunt.
439 1008 491 1041 Qui
503 1016 567 1036 vero
584 1009 616 1036 ad
632 1018 741 1045 operam
759 1012 819 1040 aliis
833 1013 984 1040 navandam
1001 1013 1059 1040 ido-

275 1053 318 1083 ιιρί
331 1053 429 1087 forent,
447 1055 490 1081 his
501 1061 642 1090 argentum
658 1058 790 1091 aspersit:
806 1059 932 1093 agricolis
941 1059 1059 1094 denique

275 1106 307 1129 ac
320 1100 425 1127 caeteris
437 1100 579 1135 opilicibus
597 1101 699 1129 ferrum
716 1108 797 1138 atque
811 1111 848 1130 aes
864 1103 973 1131 infudit.
996 1114 1004 1129 ι
1021 1103 1058 1133 Ex

274 1152 329 1178 quo
341 1145 367 1171 id
390 1147 545 1174 necessario
561 1155 733 1182 consequens
747 1156 808 1176 esse
832 1150 879 1181 ait,
896 1154 925 1176 ut
941 1150 985 1177 alii
999 1158 1059 1184 quae

275 1191 307 1221 ad
337 1192 518 1226 cognitionem
553 1195 709 1228 pertinent.
740 1203 800 1230 quze
831 1201 895 1223 sunt
921 1196 1059 1230 opinionis

274 1237 320 1266 alii
339 1237 553 1272 complectantur
568 1247 600 1267 ac
613 1240 735 1274 diligant.
753 1240 833 1268 Forte
846 1242 917 1268 enim
934 1247 1057 1269 naturatu

275 1282 352 1312 illam
380 1283 507 1312 eximiam
537 1289 563 1311 et
580 1285 744 1320 cognitionis
762 1287 868 1313 avidam
897 1287 1056 1321 pra-sentit:

276 1328 329 1359 nisi
344 1329 435 1363 potius
448 1329 545 1364 triplici
565 1330 617 1358 hoc
635 1336 795 1359 naturarum
823 1332 992 1365 discrimine,
1007 1333 1057 1360 tria

274 1375 537 1408 rerumpublicarum
563 1384 662 1411 genera
676 1396 683 1409 ,
710 1381 739 1404 ut
761 1379 883 1406 nonnulli
900 1379 1057 1413 opinantur,

275 1420 404 1448 informat
422 1430 428 1448 :
443 1426 473 1448 ut
486 1421 642 1449 Judazorum
665 1423 775 1458 quidem
801 1429 967 1459 argenteam,
983 1424 1057 1451 Grae-

273 1472 368 1494 corum
384 1466 501 1498 tertiam,
516 1467 746 1501 Christianorum,
761 1469 860 1504 quibus
883 1477 979 1498 aurum
992 1469 1058 1497 illud

273 1511 352 1547 plane
379 1512 494 1547 regium,
513 1517 636 1547 sanctus,
655 1514 778 1549 inquam,
805 1514 923 1550 Spiritus
950 1514 1058 1542 infusus

272 1562 324 1591 est,
347 1566 457 1587 auream
477 1560 628 1596 appellarit.
658 1559 728 1586 Sane
754 1559 863 1594 quidem
886 1559 1056 1587 Christiano-

274 1612 333 1634 rum
361 1605 417 1640 ipse
432 1606 515 1633 vitam
536 1606 578 1634 his
605 1606 632 1633 in
651 1605 780 1634 Tltewteto
800 1606 890 1633 verbis
905 1605 1055 1640 expressit:

276 1659 286 1679 ι
303 1649 431 1679 Dicamus
446 1652 538 1687 igitur,
560 1652 657 1687 inquit,
674 1653 708 1680 de
736 1652 852 1680 summis
870 1653 923 1680 illis
936 1652 1044 1687 philoso

273 1697 374 1733 phandi
392 1699 561 1733 principibus
574 1708 580 1725 :
593 1699 657 1734 quid
684 1699 757 1726 enim
773 1707 821 1726 eos
843 1707 990 1732 moremur,
1009 1699 1060 1733 qui

273 1742 454 1778 philosophiae
476 1745 567 1771 studio
578 1752 719 1779 perperam
736 1745 906 1772 abutuntur?
927 1744 1001 1771 Viam
1018 1744 1046 1774 ill

273 1797 334 1824 quae
347 1789 373 1816 in
396 1789 485 1817 furum
498 1791 579 1817 ducat
596 1791 722 1825 ignorant
736 1801 743 1818 :
761 1791 808 1818 ubi
823 1791 864 1818 vel
878 1795 1055 1818 exerceantur

270 1835 383 1873 judicia.
407 1836 449 1865 vel
477 1842 598 1869 senatus,
619 1837 660 1864 vel
687 1837 826 1872 publictun
849 1837 921 1864 aliud
938 1836 1058 1864 civitatis

274 1882 421 1911 concilium
437 1883 578 1916 habeatur,
592 1884 717 1912 nesciunt
732 1893 738 1911 :
763 1884 835 1918 leges
851 1891 883 1910 ac
905 1883 1056 1917 plebiscita,

273 1935 360 1962 neque
381 1929 445 1958 dum
476 1931 695 1965 promulgautur,
722 1930 854 1960 audiunt;
871 1929 953 1965 673
971 1936 1058 1963 neque

1112 235 1221 268 γνῶσις,
1241 235 1359 266 ἐκείνους
1373 235 1402 261 δὲ
1415 234 1456 268 ἐφ’
1468 231 1508 266 οἷς
1529 235 1545 269 ὴ
1566 233 1637 266 δόξα.
1660 244 1669 260 ι
1687 235 1765 266 Ἴσως
1778 235 1830 270 γὰρ
1847 235 1896 269 τὴν

1112 281 1242 316 ἐκλεκτὴν
1255 280 1356 315 ταύτην
1374 281 1453 315 φύσιν
1465 281 1591 315 γνώσεως
1609 280 1754 316 ἐφιεμένην
1771 281 1897 315 μαντεύε-

1111 335 1171 353 ται·
1187 327 1211 353 εἰ
1228 327 1264 362 μή
1276 335 1318 358 τις
1333 326 1388 361 (50)
1403 328 1477 361 τρεῖς
1497 335 1571 358 τινας
1586 326 1778 361 ὑποτιθέμενος
1790 326 1895 360 φύσεις,

1111 374 1186 410 τρεῖς
1203 372 1348 403 πολιτείας,
1364 372 1401 403 ὠς
1418 372 1551 398 ὑπέλαϐόν
1574 380 1654 404 τινες,
1674 372 1835 406 διαγράφει·
1850 372 1897 397 καὶ

1117 418 1251 444 Ἰουδαίων
1281 418 1330 454 μὲν
1361 419 1494 454 ἀργυρᾶν,
1516 418 1647 453 Ἑλλήνων
1670 418 1699 444 δὲ
1719 417 1768 453 τὴν
1790 418 1895 452 τρίτην.

1111 464 1280 500 Χριστιανῶν
1297 465 1325 491 δὲ
1342 464 1408 499 (5|),
1423 461 1464 495 οἷς
1488 465 1502 490 ὁ
1520 464 1617 499 χρυσὸς
1632 464 1646 490 ό
1663 463 1799 498 βασιλικὸς
1816 463 1896 496 ἐγκα-

1111 511 1289 546 ταμέμικται,
1312 511 1342 536 τὸ
1365 511 1440 544 ἇγιον
1467 510 1587 544 Πνεῦμα.
1611 510 1662 536 Τόν
1677 517 1706 535 τε
1727 508 1890 544 Χριπιανῶι

1112 557 1168 591 βίον
1178 557 1328 592 ἐμφαίνων,
1344 557 1414 583 κατὰ
1437 556 1509 589 λέξιν
1524 556 1622 591 γράφει
1640 556 1668 582 ἐν
1682 555 1719 590 τῷ
1732 554 1894 586 Θεαιτήτῳ·

1115 612 1124 628 ι
1145 603 1277 637 Λέγωμεν
1298 602 1331 638 δὴ
1419 602 1482 637 περὶ
1494 602 1546 628 τῶν
1566 601 1721 637 κορυφαίων
1733 609 1741 615 ο
1754 600 1780 626 τί
1796 601 1850 635 γὰρ
1864 600 1896 626 ἄν

1111 657 1152 680 τις
1168 648 1230 680 τούς
1246 657 1276 683 γε
1290 648 1399 682 φαύλως
1409 647 1593 682 διατρίϐοντας
1605 648 1633 673 ὲν
1645 646 1786 681 φιλοσοφίᾳ
1803 645 1894 678 "At-37m;

1111 692 1190 721 Οὗτοι
1205 694 1233 720 δέ
1262 703 1312 720 που
1329 693 1390 719 οὔτε
1407 695 1446 724 είς
1470 692 1572 728 ἀγορὰν
1596 692 1668 721 ἴσασι
1684 692 1734 727 τὴν
1749 691 1818 723 ὁδὸν,
1834 691 1895 717 οὔτε

1111 741 1177 767 ὅπου
1192 739 1375 774 δικαστήριον,
1394 739 1409 774 ἢ
1427 739 1625 774 βουλευτήριον,
1645 738 1661 773 ἦ
1677 746 1702 763 τι
1719 737 1808 763 κοινὸν
1833 737 1896 763 ἄλλο

1109 786 1159 821 τῆς
1173 787 1276 817 πόλεως
1291 787 1445 821 συνέδριον
1458 785 1554 820 νόμους
1571 785 1598 811 δὲ
1615 785 1661 811 καὶ
1678 784 1840 820 ψηφίσματα
1853 784 1897 810 λε-

1111 833 1222 868 γόμενα,
1239 832 1254 868 ἦ
1270 831 1458 867 γεγραμμένα,
1479 830 1540 857 οὕτε
1562 830 1658 866 ὁρῶσιν
1671 829 1733 856 οὔτε
1749 829 1876 856 ἀκούουσι
1887 838 1894 844 ·

1111 879 1224 905 σπουδαὶ
1240 878 1268 904 δὲ
1281 877 1418 913 ἑταιριῶν,
1438 876 1485 903 καὶ
1504 875 1606 902 σύνοδοι
1619 876 1660 901 ἐπ’
1675 875 1772 910 ἀρχὰς,
1787 875 1833 900 καὶ
1848 876 1896 900 σὺν

1110 924 1250 960 αὐλητρίσι
1273 923 1376 958 κῶμοι,
1405 922 1464 949 οὐδὲ
1489 921 1554 957 ὄναρ
1579 921 1706 956 πράττειν
1735 919 1896 955 προΐσταται

1111 969 1212 1000 αὐτοῖς.
1226 967 1262 994 Εὖ
1279 968 1307 994 δὲ
1321 967 1336 1003 ἢ
1355 967 1447 999 κακῶς
1463 967 1489 993 τί
1504 966 1613 1000 γέγονεν
1634 967 1662 992 ὲν
1679 965 1762 997 πόλει,
1779 965 1796 1000 ἢ
1812 965 1837 990 τί
1859 974 1896 1000 τῳ

1110 1016 1193 1041 κακόν
1219 1015 1276 1041 ἐστι
1303 1014 1413 1048 γεγονὸς
1440 1014 1472 1041 ὲκ
1498 1013 1649 1048 προγόνων,
1676 1011 1774 1047 μᾶλλον
1799 1009 1898 1042 αὐτοὺς

1109 1060 1218 1096 λέληθεν
1233 1060 1249 1095 ἢ
1262 1061 1285 1086 οἱ
1298 1060 1347 1095 τῆς
1361 1059 1497 1094 θαλάσσης
1508 1059 1645 1093 λεγόμενοι
1658 1058 1728 1093 χόες.
1745 1057 1799 1083 Καὶ
1810 1056 1897 1083 ταῦτα.

1109 1106 1165 1133 οὗθ’
1181 1107 1222 1133 ὅτι
1246 1107 1296 1132 οὑκ
1322 1103 1410 1136 οἶδεν,
1427 1103 1512 1131 οἶδεν·
1528 1104 1594 1131 ἀλλὰ
1618 1103 1657 1138 τῷ
1682 1103 1738 1129 ὄντι
1763 1103 1793 1129 τὸ
1817 1103 1898 1137 σῶμα.

1111 1154 1189 1188 μόνον
1204 1154 1232 1180 ἐν
1249 1155 1281 1189 τῇ
1300 1152 1374 1179 πόλει
1389 1153 1477 1178 κεῖται
1497 1150 1578 1178 αὐτοῦ
1597 1151 1643 1176 καὶ
1660 1149 1797 1184 ἐπιδημεῖ,
1816 1149 1898 1180 αὐτος

1108 1200 1136 1230 δὲ
1152 1200 1276 1231 πέταται,
1292 1198 1362 1225 κατὰ
1377 1198 1518 1233 Πίνδαρον,
1533 1197 1584 1232 γῆς
1601 1195 1757 1231 ὑπένερθεν,
1780 1194 1897 1230 alapam-3

1109 1255 1137 1272 τε
1154 1246 1224 1282 ὓπερ
1240 1245 1426 1280 ἀστρονομῶν,
1439 1244 1486 1273 καὶ
1505 1243 1594 1269 πᾶσαν
1610 1242 1698 1276 πάντη
1717 1241 1798 1275 φύσιν
1820 1242 1897 1275 ἐρευη

1109 1289 1237 1324 νώμενος.
1246 1299 1254 1315 ι
1266 1289 1348 1316 Πάλιν
1359 1286 1392 1315 αὖ
1405 1288 1442 1323 τῷ
1452 1287 1498 1314 τοῦ
1512 1287 1613 1322 Κυρίου
1628 1286 1710 1321 ῥητῷ,
1722 1286 1770 1320 τῷ·
1788 1296 1797 1310 ι
1806 1286 1898 1311 Ἔστω

1109 1335 1185 1370 ὑμῶν
1201 1335 1240 1367 τὸ,
1253 1335 1310 1367 ναί,
1322 1335 1383 1366 ναί,
1395 1335 1441 1360 καὶ
1456 1334 1485 1360 τὸ
1496 1355 1502 1366 ,
1522 1333 1563 1365 οὗ,
1580 1333 1621 1364 οὗ,
1635 1343 1644 1359 ι
1666 1334 1757 1359 ἐκεῖνα
1781 1333 1898 1359 ἀπεικα-

1110 1382 1196 1408 στέον*
1212 1391 1220 1406 ι
1233 1380 1312 1407 Ἀλλά
1326 1389 1370 1416 μοι
1383 1380 1478 1416 ψεῦδος
1498 1381 1673 1415 συγχωρῆσαι
1683 1399 1690 1410 ,
1702 1379 1746 1406 καὶ
1767 1379 1898 1414 ἀλήθειαν

1108 1429 1238 1463 ἀφανίσαι
1252 1427 1377 1462 οὐδαμῶς
1395 1427 1501 1462 θέμις.»
1515 1426 1554 1461 Τῇ
1578 1435 1607 1452 τε
1633 1426 1697 1461 περὶ
1721 1425 1768 1452 τοῦ
1798 1426 1898 1460 ὀμόσαι

1109 1471 1290 1506 ἀπαγορεύσει
1308 1471 1415 1507 συνᾴδει
1435 1472 1482 1506 ἥδε
1502 1471 1518 1506 ἡ
1539 1471 1567 1496 ὲν
1582 1470 1621 1508 τῷ
1643 1470 1747 1504 δεκάτῳ
1765 1469 1819 1495 τῶν
1841 1471 1899 1496 Νό-

1071 1535 1093 1565 c
1107 1527 1171 1552 μων
1181 1517 1267 1551 λέξιςρ
1288 1527 1298 1543 ι
1320 1518 1448 1548 Ἐπαινός
1464 1526 1503 1548 τε,
1516 1517 1595 1552 ὅρκος
1606 1525 1635 1542 τε
1650 1517 1704 1552 (53)
1719 1517 1781 1551 περὶ
1797 1516 1897 1548 παντὸς

1108 1564 1228 1593 ἀπέστω.
1248 1575 1256 1590 ι
1276 1564 1331 1591 Καὶ
1350 1564 1380 1590 τὸ
1403 1563 1511 1590 σύνολον
1538 1562 1699 1598 Πυθαγόρας
1716 1582 1723 1594 ,
1747 1562 1897 1597 Σωκράτης

1108 1611 1155 1638 καὶ
1185 1611 1309 1642 Πλάτων,
1336 1610 1458 1644 λέγοντες
1483 1609 1589 1637 ἀκούειν
1617 1609 1709 1648 φωνῆς
1734 1608 1819 1637 Θεοῦ,
1847 1608 1897 1643 τὴν

1109 1656 1279 1692 κατασκευὴν
1293 1657 1347 1687 τῶν
1360 1656 1427 1682 ὅλων
1442 1655 1617 1691 θεωροῦντες,
1630 1655 1751 1690 ἀκριϐῶς
1766 1654 1819 1681 ὑπὸ
1828 1653 1897 1681 Θεοῆ

1108 1702 1260 1738 γεγονυῖαν,
1277 1701 1325 1728 καὶ
1348 1700 1528 1735 συνεχομένην
1544 1700 1739 1731 ἀδιαλείπτως,
1761 1699 1897 1733 ἀκηκόασι

1113 1748 1154 1774 ,οὗ
1163 1748 1228 1774 Μωῦ
1233 1747 1299 1778 σέως
1309 1747 1433 1781 λέγοντος
1441 1755 1446 1762 ·
1454 1757 1462 1772 ι
1476 1744 1552 1778 Eine,
1563 1747 1610 1774 καὶ
1621 1746 1753 1780 Even-ro,»
1765 1745 1810 1771 τὸν
1817 1745 1896 1779 λόγον

1115 1790 1156 1817 ,οὗ
1171 1790 1237 1817 Θεοῦ
1253 1790 1333 1826 ἔργον
1353 1788 1421 1816 εἶναι
1435 1790 1636 1826 διαγράφοντος.
1659 1790 1719 1816 Ἐπί
1733 1798 1763 1816 τε
1779 1790 1828 1825 τῆς
1849 1789 1897 1816 τοῦ

1111 1835 1251 1871 ἀνθρώπου
1271 1837 1303 1862 ἐκ
1322 1835 1382 1870 xeo;
1394 1835 1563 1867 διαπλάσεως
1580 1837 1728 1870 ἱστάμενοι,
1742 1836 1832 1870 γήϊνον
1848 1835 1898 1870 μὲν

1110 1882 1134 1907 οἱ
1153 1881 1289 1915 φιλόσοφοι
1307 1882 1372 1916 παρ’
1392 1881 1494 1908 ἕκαστα
1509 1880 1539 1906 τὸ
1563 1881 1642 1915 σῶμα
1666 1879 1894 1915 ἁναγορεύουειν·

1112 1928 1236 1963 Ὅμηρος
1247 1927 1275 1955 δὲ
1291 1927 1340 1953 οὐκ
1357 1927 1431 1954 ὀκνεῖ
1443 1927 1471 1953 ἐν
1486 1926 1606 1961 κατάρας
1628 1927 1705 1963 μέρει
1721 1926 1841 1952 τίθεσθαι
1855 1925 1895 1951 τό·

271 1975 420 2011 perscripta
448 1983 510 2004 eum
545 1976 655 2009 fuerint,
680 1977 791 2004 omnino
809 1976 924 2005 vident:
947 1975 1133 2003 sodalitiorum
1158 1975 1191 2001 ad
1210 1975 1385 2009 magistratus
1412 1974 1543 2001 creandos
1562 1973 1706 2006 factiones,
1733 1977 1895 2006 conventus,

270 2023 299 2045 et
332 2021 544 2048 comessationes
569 2028 631 2048 cum
660 2020 796 2052 tibicinis;
816 2021 913 2048 horum
941 2021 1007 2055 ipsis
1034 2018 1182 2054 quidquam
1208 2019 1342 2051 iactitare,
1367 2027 1400 2046 ne
1417 2027 1465 2054 per
1488 2019 1623 2046 somnium
1640 2019 1748 2053 quidem
1773 2018 1801 2045 in
1820 2027 1896 2046 men-

272 2068 326 2093 tem
353 2065 437 2092 venit.
465 2064 595 2099 Rectene,
624 2073 658 2093 an
688 2074 767 2093 secus
787 2065 888 2093 factum
916 2066 942 2093 in
969 2066 1078 2093 civitate
1097 2065 1161 2099 quid
1191 2064 1294 2092 fuerit:
1322 2073 1386 2091 nunt
1412 2064 1529 2099 cuipiam
1546 2064 1609 2091 mali
1629 2071 1644 2091 a
1674 2064 1825 2098 majoribus
1845 2064 1895 2090 ali-

274 2110 338 2144 quid
365 2111 516 2144 obvenerit,
541 2112 628 2146 magis
657 2112 730 2146 ipsos
751 2112 824 2144 latet,
849 2119 930 2147 quam
959 2119 1100 2143 numerus,
1121 2111 1195 2146 quod
1212 2111 1298 2142 aiunt,
1319 2118 1472 2137 arenarum.
1494 2110 1582 2144 Atque
1605 2110 1661 2137 haec
1684 2111 1727 2137 ille
1747 2111 1837 2137 omnia
1857 2111 1897 2138 sic

274 2155 390 2189 ignorat,
407 2160 437 2187 ut
452 2157 546 2184 eadem
570 2158 618 2189 abs
645 2164 705 2185 sese
731 2157 848 2192 ignorari
871 2157 992 2183 neseiat:
1008 2157 1053 2184 sed
1074 2164 1166 2183 revera
1196 2157 1284 2183 solum
1307 2156 1366 2190 ejus
1386 2163 1486 2190 corpus
1511 2156 1659 2183 incivitate
1676 2161 1798 2182 versatur
1808 2156 1897 2182 etba-

239 2215 245 2219 -
274 2202 358 2236 bitat;
389 2204 447 2238 ipse
473 2205 583 2239 quidem
609 2205 722 2236 interea,
749 2209 778 2231 ut
806 2204 905 2231 cecinit
927 2203 1071 2236 Pindarus,
1083 2212 1164 2240 surtra
1193 2209 1291 2230 terram
1317 2204 1415 2236 evolat,
1436 2211 1581 2238 rerumque
1601 2204 1750 2231 coalestium
1777 2204 1896 2231 rationes

271 2249 451 2279 astronomia
479 2250 504 2276 vi
534 2250 684 2283 enucleat,
717 2256 898 2286 naturamque
932 2251 998 2278 adeo
1030 2256 1113 2278 totam
1143 2252 1250 2286 penitus
1280 2251 1434 2285 investigat.
1460 2261 1470 2276 ι
1492 2250 1552 2277 Jam
1588 2258 1653 2278 vero
1679 2259 1740 2278 cum
1760 2252 1811 2279 hoc
1842 2252 1895 2278 Do-

272 2296 419 2324 minidicto
435 2306 441 2329 ;
455 2306 464 2323 ι
479 2297 520 2324 Sit
532 2305 622 2325 sermo
635 2303 734 2331 vester,
749 2302 800 2331 est,
815 2303 873 2332 est;
889 2307 953 2330 non,
968 2307 1020 2325 non
1044 2300 1079 2331 ’,ι
1103 2299 1217 2325 alterum
1231 2298 1296 2325 illud
1311 2297 1429 2325 conferri
1445 2299 1531 2332 possit
1547 2307 1553 2324 :
1567 2307 1576 2323 ‹
1591 2299 1625 2326 At
1644 2298 1709 2324 mihi
1726 2306 1775 2325 nec
1796 2298 1893 2324 falsum

271 2345 428 2376 concedere,
444 2353 493 2372 nec
511 2353 604 2373 verum
620 2346 752 2383 perimere
768 2347 823 2374 ullo
843 2347 925 2374 modo
946 2348 987 2374 fas
1007 2351 1057 2374 est.
1080 2357 1089 2373 ο
1113 2346 1145 2374 Ει
1160 2355 1221 2374 cum
1238 2346 1379 2373 interdicto
1396 2346 1474 2373 nobis
1489 2346 1678 2380 jurejurando,
1692 2345 1819 2380 congruit
1830 2345 1896 2372 illud

271 2389 367 2417 decimi
396 2389 517 2425 Legum:
537 2400 546 2416 ι
570 2392 599 2417 In
626 2391 699 2418 omni
731 2399 759 2418 re
781 2391 841 2419 laus
861 2396 887 2418 et
908 2391 1093 2426 juramentum
1115 2392 1218 2418 abesto.
1236 2401 1245 2417 ι
1262 2391 1295 2418 Et
1319 2390 1488 2428 Pythagoras
1511 2391 1636 2425 quidem,
1653 2391 1796 2422 Socrates,
1815 2396 1896 2425 atque

270 2434 356 2467 Plato,
384 2437 428 2470 qui
453 2436 500 2463 Dei
526 2444 554 2463 se
579 2445 671 2465 vocem
693 2437 822 2467 exaudire
843 2437 1015 2468 confirmant,
1032 2437 1096 2464 dum
1117 2437 1247 2465 fabricam
1261 2437 1343 2472 hujus
1356 2437 1483 2468 universi,
1499 2445 1579 2471 quam
1592 2437 1682 2463 divina
1695 2445 1792 2464 ntanus
1803 2443 1892 2472 etper-

271 2483 341 2510 feete
359 2483 518 2516 elaboravit,
549 2489 574 2511 et
602 2488 745 2512 conservat
776 2488 922 2518 perpetuo,
950 2483 1182 2517 contemplantur;
1211 2483 1276 2510 illud
1311 2483 1425 2511 omnino
1452 2482 1551 2518 Moysis
1568 2483 1702 2510 audiere:
1726 2493 1735 2508 ‹
1754 2482 1846 2515 Dixit,
1868 2489 1895 2510 et

273 2529 373 2560 factum
389 2531 462 2562 est”,
478 2540 487 2556 ι
507 2537 562 2564 quo
591 2529 639 2557 Dei
667 2537 759 2557 vocem
787 2537 856 2564 opus
874 2529 962 2563 ipsum
987 2537 1047 2557 esse
1060 2529 1189 2558 declarat.
1218 2528 1284 2555 Dum
1306 2534 1395 2555 autem
1414 2529 1441 2556 in
1458 2529 1503 2556 illa
1515 2529 1632 2555 hominis
1644 2537 1678 2557 ex
1693 2529 1804 2563 pulvere
1817 2530 1892 2556 moli-

273 2577 346 2603 lianc
358 2581 510 2608 versantur,
536 2581 672 2602 terrenum
697 2575 798 2614 passim
819 2575 973 2613 philosophi
1002 2582 1101 2609 corpus
1119 2575 1254 2610 appellant
1274 2583 1280 2602 :
1306 2573 1440 2603 Homerus
1460 2581 1524 2601 vero
1550 2574 1574 2601 id
1593 2573 1674 2602 etiam
1690 2574 1895 2608 imprecationis

274 2622 334 2652 loco
349 2629 450 2657 pauere
465 2630 519 2650 non
537 2623 644 2650 dubitat
661 2632 668 2650 :

311 2701 320 2720 1
335 2699 431 2727 Matth.
446 2708 472 2733 v,
488 2701 532 2729 57.
569 2703 579 2717 ¹
591 2702 659 2731 Gen.
676 2710 716 2735 ut,
733 2704 758 2739 _6,
778 2702 803 2735 7,
815 2703 929 2737 passim.

1114 2768 1197 2802 leges,
1217 2775 1278 2802 pag.
1297 2766 1358 2793 60‘2.

1150 2800 1206 2837 (55)
1217 2800 1362 2834 "EL-rtatrdc
1380 2809 1420 2833 τε,
1436 2801 1524 2835 ὅρκος
1547 2809 1586 2830 τε,
1610 2801 1650 2837 lle
1663 2801 1820 2836 juraxncnto
1835 2800 1896 2835 plu.

1115 2836 1327 2873 t'ibus'disputat
1341 2837 1387 2864 lib.
1405 2844 1443 2865 xu
1457 2836 1530 2871 Leg.,
1547 2845 1573 2871 p.
1588 2836 1647 2863 689.

311 2766 367 2799 (50)
380 2765 477 2798 Clem.,
492 2776 528 2793 τι.

311 2801 367 2839 ι
382 2800 462 2839 Forte
477 2803 537 2828 add.
550 2811 602 2839 την
612 2804 732 2839 χρυσῆν.

311 2835 368 2871 (52)
386 2836 522 2872 Λέγωμεν
544 2835 591 2870 διῖ.
611 2835 711 2869 Locum
735 2839 807 2867 hunc
825 2840 958 2875 integrum
980 2847 1060 2875 supra
