  <div class='ocr_page' id='page_1' title='image "/cluster/home/n/w/nwhite01/storage/ocr_20150623/21/njp.32101077772489/600.png"; bbox 0 0 2078 3207; ppageno 0'>
   <div class='ocr_carea' id='block_1_1' title="bbox 176 171 247 200">
    <p class='ocr_par' dir='ltr' id='par_1_1' title="bbox 176 171 247 200">
     <span class='ocr_line' id='line_1_1' title="bbox 176 171 247 200; baseline -0.014 0"><span class='ocrx_word' id='word_1_1' title='bbox 176 171 247 200; x_wconf 61' lang='grc'><strong>1117</strong></span> 
     </span>
    </p>
   </div>
   <div class='ocr_carea' id='block_1_2' title="bbox 730 177 1218 207">
    <p class='ocr_par' dir='ltr' id='par_1_2' title="bbox 730 177 1218 207">
     <span class='ocr_line' id='line_1_2' title="bbox 730 177 1218 207; baseline 0.004 -3"><span class='ocrx_word' id='word_1_2' title='bbox 730 177 892 206; x_wconf 67' lang='lat' dir='ltr'><strong>PREPAR.</strong></span> <span class='ocrx_word' id='word_1_3' title='bbox 913 177 1038 207; x_wconf 80' lang='lat' dir='ltr'><strong>EVANG.</strong></span> <span class='ocrx_word' id='word_1_4' title='bbox 1061 178 1126 206; x_wconf 86' lang='lat' dir='ltr'><strong>LIB.</strong></span> <span class='ocrx_word' id='word_1_5' title='bbox 1148 178 1218 207; x_wconf 74' lang='lat' dir='ltr'>XIII.</span> 
     </span>
    </p>
   </div>
   <div class='ocr_carea' id='block_1_3' title="bbox 1734 177 1803 205">
    <p class='ocr_par' dir='ltr' id='par_1_3' title="bbox 1734 177 1803 205">
     <span class='ocr_line' id='line_1_3' title="bbox 1734 177 1803 205; baseline 0.014 -1"><span class='ocrx_word' id='word_1_6' title='bbox 1734 177 1803 205; x_wconf 82' lang='grc'><strong>1118</strong></span> 
     </span>
    </p>
   </div>
   <div class='ocr_carea' id='block_1_4' title="bbox 177 230 975 272">
    <p class='ocr_par' dir='ltr' id='par_1_4' title="bbox 177 230 964 271">
     <span class='ocr_line' id='line_1_4' title="bbox 177 230 964 271; baseline 0.009 -14"><span class='ocrx_word' id='word_1_7' title='bbox 177 231 215 257; x_wconf 84' lang='grc' dir='ltr'><strong>Οὐ</strong></span> <span class='ocrx_word' id='word_1_8' title='bbox 225 230 444 267; x_wconf 81' lang='grc' dir='ltr'>παραπέμπομαι</span> <span class='ocrx_word' id='word_1_9' title='bbox 451 232 548 259; x_wconf 77' lang='grc' dir='ltr'><strong>καὶτὸν</strong></span> <span class='ocrx_word' id='word_1_10' title='bbox 560 234 754 269; x_wconf 74' lang='grc' dir='ltr'><strong>Ἐμπεδοκλέα.</strong></span> <span class='ocrx_word' id='word_1_11' title='bbox 763 237 792 263; x_wconf 87' lang='lat'><strong>&#39;0</strong></span> <span class='ocrx_word' id='word_1_12' title='bbox 802 237 913 271; x_wconf 76' lang='grc' dir='ltr'>φυσικδς</span> <span class='ocrx_word' id='word_1_13' title='bbox 920 233 964 263; x_wconf 61' lang='lat'><strong>05-</strong></span> 
     </span>
    </p>
   </div>
   <div class='ocr_carea' id='block_1_5' title="bbox 1024 230 1806 272">
    <p class='ocr_par' dir='ltr' id='par_1_5' title="bbox 1024 235 1806 272">
     <span class='ocr_line' id='line_1_5' title="bbox 1024 235 1806 272; baseline 0 -9"><span class='ocrx_word' id='word_1_14' title='bbox 1024 237 1131 264; x_wconf 86' lang='lat' dir='ltr'><strong>iuteritu</strong></span> <span class='ocrx_word' id='word_1_15' title='bbox 1153 236 1325 269; x_wconf 80' lang='lat' dir='ltr'><strong>duodecimo,</strong></span> <span class='ocrx_word' id='word_1_16' title='bbox 1347 236 1403 271; x_wconf 80' lang='lat' dir='ltr'><strong>jam</strong></span> <span class='ocrx_word' id='word_1_17' title='bbox 1424 244 1491 272; x_wconf 73' lang='lat' dir='ltr'><strong>rogo</strong></span> <span class='ocrx_word' id='word_1_18' title='bbox 1504 235 1660 270; x_wconf 88' lang='lat' dir='ltr'><strong>impositum</strong></span> <span class='ocrx_word' id='word_1_19' title='bbox 1675 235 1806 263; x_wconf 78' lang='lat' dir='ltr'><strong>revixisse</strong></span> 
     </span>
    </p>
   </div>
   <div class='ocr_carea' id='block_1_6' title="bbox 179 276 966 317">
    <p class='ocr_par' dir='ltr' id='par_1_6' title="bbox 179 276 966 317">
     <span class='ocr_line' id='line_1_6' title="bbox 179 276 966 317; baseline 0.009 -15"><span class='ocrx_word' id='word_1_20' title='bbox 179 284 225 308; x_wconf 78' lang='grc' dir='ltr'><strong>τος</strong></span> <span class='ocrx_word' id='word_1_21' title='bbox 235 277 283 310; x_wconf 83' lang='grc' dir='ltr'>τῆς</span> <span class='ocrx_word' id='word_1_22' title='bbox 290 276 343 304; x_wconf 84' lang='grc' dir='ltr'><strong>τῶν</strong></span> <span class='ocrx_word' id='word_1_23' title='bbox 351 277 459 305; x_wconf 81' lang='grc' dir='ltr'>πάντων</span> <span class='ocrx_word' id='word_1_24' title='bbox 466 278 624 314; x_wconf 77' lang='grc' dir='ltr'><strong>ἀναλήψεως</strong></span> <span class='ocrx_word' id='word_1_25' title='bbox 635 280 781 316; x_wconf 80' lang='grc' dir='ltr'><strong>μέμνηται,</strong></span> <span class='ocrx_word' id='word_1_26' title='bbox 791 282 828 313; x_wconf 83' lang='grc' dir='ltr'>ὡς</span> <span class='ocrx_word' id='word_1_27' title='bbox 834 283 966 317; x_wconf 75' lang='grc' dir='ltr'><strong>ἐσομένης</strong></span> 
     </span>
    </p>
   </div>
   <div class='ocr_carea' id='block_1_7' title="bbox 178 322 968 363">
    <p class='ocr_par' dir='ltr' id='par_1_7' title="bbox 178 322 968 363">
     <span class='ocr_line' id='line_1_7' title="bbox 178 322 968 363; baseline 0.009 -15"><span class='ocrx_word' id='word_1_28' title='bbox 178 322 244 348; x_wconf 81' lang='grc' dir='ltr'>ποτὲ</span> <span class='ocrx_word' id='word_1_29' title='bbox 259 324 299 354; x_wconf 86' lang='grc' dir='ltr'><strong>είς</strong></span> <span class='ocrx_word' id='word_1_30' title='bbox 310 323 358 359; x_wconf 88' lang='grc' dir='ltr'><strong>τὴν</strong></span> <span class='ocrx_word' id='word_1_31' title='bbox 373 324 420 351; x_wconf 81' lang='grc' dir='ltr'>τοῦ</span> <span class='ocrx_word' id='word_1_32' title='bbox 435 324 519 361; x_wconf 83' lang='grc' dir='ltr'>πυρὸς</span> <span class='ocrx_word' id='word_1_33' title='bbox 535 325 627 352; x_wconf 82' lang='grc' dir='ltr'>οὐσίαν</span> <span class='ocrx_word' id='word_1_34' title='bbox 640 327 798 362; x_wconf 80' lang='grc' dir='ltr'>μεταϐολῆς.</span> <span class='ocrx_word' id='word_1_35' title='bbox 809 328 968 363; x_wconf 81' lang='grc' dir='ltr'>Σαφέστατα</span> 
     </span>
    </p>
   </div>
   <div class='ocr_carea' id='block_1_8' title="bbox 177 368 968 409">
    <p class='ocr_par' dir='ltr' id='par_1_8' title="bbox 177 368 968 409">
     <span class='ocr_line' id='line_1_8' title="bbox 177 368 968 409; baseline 0.008 -15"><span class='ocrx_word' id='word_1_36' title='bbox 177 368 198 394; x_wconf 81' lang='grc' dir='ltr'>δ’</span> <span class='ocrx_word' id='word_1_37' title='bbox 218 369 394 404; x_wconf 85' lang='grc' dir='ltr'>Ἡράκλειτος</span> <span class='ocrx_word' id='word_1_38' title='bbox 408 371 422 396; x_wconf 84' lang='grc' dir='ltr'>ὁ</span> <span class='ocrx_word' id='word_1_39' title='bbox 437 370 559 405; x_wconf 82' lang='grc' dir='ltr'>Ἐφέσιος</span> <span class='ocrx_word' id='word_1_40' title='bbox 573 371 674 407; x_wconf 78' lang='grc' dir='ltr'><strong>ταύτης</strong></span> <span class='ocrx_word' id='word_1_41' title='bbox 685 372 743 399; x_wconf 68' lang='grc' dir='ltr'>ἐστὶ</span> <span class='ocrx_word' id='word_1_42' title='bbox 760 373 810 408; x_wconf 82' lang='grc' dir='ltr'>τῆς</span> <span class='ocrx_word' id='word_1_43' title='bbox 822 373 911 409; x_wconf 78' lang='grc' dir='ltr'>δόξης,</span> <span class='ocrx_word' id='word_1_44' title='bbox 923 374 968 400; x_wconf 86' lang='grc' dir='ltr'>τὸν</span> 
     </span>
    </p>
   </div>
   <div class='ocr_carea' id='block_1_9' title="bbox 178 414 969 454">
    <p class='ocr_par' dir='ltr' id='par_1_9' title="bbox 178 414 969 454">
     <span class='ocr_line' id='line_1_9' title="bbox 178 414 969 454; baseline 0.008 -14"><span class='ocrx_word' id='word_1_45' title='bbox 178 414 228 449; x_wconf 77' lang='grc' dir='ltr'><strong>μέν</strong></span> <span class='ocrx_word' id='word_1_46' title='bbox 243 423 303 442; x_wconf 87' lang='grc' dir='ltr'>τινα</span> <span class='ocrx_word' id='word_1_47' title='bbox 325 415 424 451; x_wconf 81' lang='grc' dir='ltr'><strong>κόσμον</strong></span> <span class='ocrx_word' id='word_1_48' title='bbox 441 417 525 444; x_wconf 78' lang='grc' dir='ltr'>ἀΐδιον</span> <span class='ocrx_word' id='word_1_49' title='bbox 539 416 608 444; x_wconf 79' lang='grc' dir='ltr'>εἶναι</span> <span class='ocrx_word' id='word_1_50' title='bbox 626 419 787 454; x_wconf 80' lang='grc' dir='ltr'><strong>δοκιμάσας,</strong></span> <span class='ocrx_word' id='word_1_51' title='bbox 803 419 849 446; x_wconf 80' lang='grc' dir='ltr'>τὸν</span> <span class='ocrx_word' id='word_1_52' title='bbox 865 419 892 446; x_wconf 83' lang='grc' dir='ltr'><strong>δέ</strong></span> <span class='ocrx_word' id='word_1_53' title='bbox 909 429 969 447; x_wconf 87' lang='grc' dir='ltr'>τινα</span> 
     </span>
    </p>
   </div>
   <div class='ocr_carea' id='block_1_10' title="bbox 177 460 969 500">
    <p class='ocr_par' dir='ltr' id='par_1_10' title="bbox 177 460 969 500">
     <span class='ocr_line' id='line_1_10' title="bbox 177 460 969 500; baseline 0.008 -14"><span class='ocrx_word' id='word_1_54' title='bbox 177 460 370 496; x_wconf 78' lang='grc' dir='ltr'><strong>φθειρόμενον,</strong></span> <span class='ocrx_word' id='word_1_55' title='bbox 384 461 429 488; x_wconf 76' lang='grc' dir='ltr'><strong>τὸν</strong></span> <span class='ocrx_word' id='word_1_56' title='bbox 450 462 522 489; x_wconf 84' lang='grc' dir='ltr'>κατὰ</span> <span class='ocrx_word' id='word_1_57' title='bbox 541 463 589 499; x_wconf 84' lang='grc' dir='ltr'>τὴν</span> <span class='ocrx_word' id='word_1_58' title='bbox 610 464 801 500; x_wconf 79' lang='grc' dir='ltr'><strong>διακόσμησιν,</strong></span> <span class='ocrx_word' id='word_1_59' title='bbox 819 465 897 497; x_wconf 87' lang='grc' dir='ltr'>είδὼς</span> <span class='ocrx_word' id='word_1_60' title='bbox 920 466 969 500; x_wconf 75' lang='grc' dir='ltr'>οὐχ</span> 
     </span>
    </p>
   </div>
   <div class='ocr_carea' id='block_1_11' title="bbox 176 506 968 546">
    <p class='ocr_par' dir='ltr' id='par_1_11' title="bbox 176 506 968 546">
     <span class='ocr_line' id='line_1_11' title="bbox 176 506 968 546; baseline 0.008 -14"><span class='ocrx_word' id='word_1_61' title='bbox 176 506 270 542; x_wconf 68' lang='grc' dir='ltr'>ἕτερον</span> <span class='ocrx_word' id='word_1_62' title='bbox 283 507 347 533; x_wconf 76' lang='grc' dir='ltr'>ὄντα</span> <span class='ocrx_word' id='word_1_63' title='bbox 362 508 466 536; x_wconf 65' lang='grc' dir='ltr'>ἐκείνου</span> <span class='ocrx_word' id='word_1_64' title='bbox 481 517 538 541; x_wconf 82' lang='grc' dir='ltr'><strong>πως</strong></span> <span class='ocrx_word' id='word_1_65' title='bbox 555 509 671 544; x_wconf 81' lang='grc' dir='ltr'>ἔχοντος,</span> <span class='ocrx_word' id='word_1_66' title='bbox 690 510 758 536; x_wconf 80' lang='grc' dir='ltr'>Ἀλλ’</span> <span class='ocrx_word' id='word_1_67' title='bbox 770 511 810 538; x_wconf 86' lang='grc' dir='ltr'>ὅτι</span> <span class='ocrx_word' id='word_1_68' title='bbox 825 511 873 546; x_wconf 84' lang='grc' dir='ltr'>μὲν</span> <span class='ocrx_word' id='word_1_69' title='bbox 886 512 968 538; x_wconf 79' lang='grc' dir='ltr'>ἀΐδιον</span> 
     </span>
    </p>
   </div>
   <div class='ocr_carea' id='block_1_12' title="bbox 177 552 967 594">
    <p class='ocr_par' dir='ltr' id='par_1_12' title="bbox 177 552 967 594">
     <span class='ocr_line' id='line_1_12' title="bbox 177 552 967 594; baseline 0.008 -15"><span class='ocrx_word' id='word_1_70' title='bbox 177 552 222 579; x_wconf 73' lang='grc' dir='ltr'>τὸν</span> <span class='ocrx_word' id='word_1_71' title='bbox 239 553 268 586; x_wconf 81' lang='grc' dir='ltr'><strong>ἐξ</strong></span> <span class='ocrx_word' id='word_1_72' title='bbox 283 553 391 589; x_wconf 78' lang='grc' dir='ltr'>ἀπάσης</span> <span class='ocrx_word' id='word_1_73' title='bbox 413 555 462 590; x_wconf 85' lang='grc' dir='ltr'>τῆς</span> <span class='ocrx_word' id='word_1_74' title='bbox 482 555 573 587; x_wconf 77' lang='grc' dir='ltr'>οὐσίας</span> <span class='ocrx_word' id='word_1_75' title='bbox 588 556 680 589; x_wconf 86' lang='grc' dir='ltr'>ἁῑδίως</span> <span class='ocrx_word' id='word_1_76' title='bbox 696 557 771 585; x_wconf 80' lang='grc' dir='ltr'>ποιὸν</span> <span class='ocrx_word' id='word_1_77' title='bbox 791 558 903 593; x_wconf 82' lang='grc' dir='ltr'>κόσμον.</span> <span class='ocrx_word' id='word_1_78' title='bbox 918 558 967 594; x_wconf 72' lang='grc' dir='ltr'>ἤδη</span> 
     </span>
    </p>
   </div>
   <div class='ocr_carea' id='block_1_13' title="bbox 178 600 968 639">
    <p class='ocr_par' dir='ltr' id='par_1_13' title="bbox 178 600 968 639">
     <span class='ocr_line' id='line_1_13' title="bbox 178 600 968 639; baseline 0.008 -14"><span class='ocrx_word' id='word_1_79' title='bbox 178 600 296 635; x_wconf 84' lang='grc' dir='ltr'>φανερὸν</span> <span class='ocrx_word' id='word_1_80' title='bbox 316 602 398 632; x_wconf 83' lang='grc' dir='ltr'>ποιεῖ,</span> <span class='ocrx_word' id='word_1_81' title='bbox 425 600 513 635; x_wconf 83' lang='grc' dir='ltr'>λέγων</span> <span class='ocrx_word' id='word_1_82' title='bbox 543 601 629 629; x_wconf 82' lang='grc' dir='ltr'>οὕτω·</span> <span class='ocrx_word' id='word_1_83' title='bbox 648 613 657 629; x_wconf 75' lang='grc' dir='ltr'><strong>ι</strong></span> <span class='ocrx_word' id='word_1_84' title='bbox 675 604 784 639; x_wconf 86' lang='grc' dir='ltr'>Κόσμον</span> <span class='ocrx_word' id='word_1_85' title='bbox 819 604 864 631; x_wconf 74' lang='grc' dir='ltr'>τὸν</span> <span class='ocrx_word' id='word_1_86' title='bbox 889 605 968 630; x_wconf 80' lang='grc' dir='ltr'>αὑτὸν</span> 
     </span>
    </p>
   </div>
   <div class='ocr_carea' id='block_1_14' title="bbox 178 646 968 686">
    <p class='ocr_par' dir='ltr' id='par_1_14' title="bbox 178 646 968 686">
     <span class='ocr_line' id='line_1_14' title="bbox 178 646 968 686; baseline 0.006 -14"><span class='ocrx_word' id='word_1_87' title='bbox 178 646 288 673; x_wconf 86' lang='grc' dir='ltr'>πάντων</span> <span class='ocrx_word' id='word_1_88' title='bbox 317 647 379 673; x_wconf 77' lang='grc' dir='ltr'>οὔτε</span> <span class='ocrx_word' id='word_1_89' title='bbox 405 656 447 679; x_wconf 89' lang='grc' dir='ltr'><strong>τις</strong></span> <span class='ocrx_word' id='word_1_90' title='bbox 472 647 540 674; x_wconf 84' lang='grc' dir='ltr'>θεῶν</span> <span class='ocrx_word' id='word_1_91' title='bbox 560 648 620 674; x_wconf 79' lang='grc' dir='ltr'>οὔτε</span> <span class='ocrx_word' id='word_1_92' title='bbox 648 649 798 685; x_wconf 83' lang='grc' dir='ltr'>ἀνθρώπων</span> <span class='ocrx_word' id='word_1_93' title='bbox 823 650 968 686; x_wconf 79' lang='grc' dir='ltr'>ἐποίησεν,</span> 
     </span>
    </p>
   </div>
   <div class='ocr_carea' id='block_1_15' title="bbox 177 690 969 731">
    <p class='ocr_par' dir='ltr' id='par_1_15' title="bbox 177 690 969 731">
     <span class='ocr_line' id='line_1_15' title="bbox 177 690 969 731; baseline 0.008 -14"><span class='ocrx_word' id='word_1_94' title='bbox 177 692 234 718; x_wconf 77' lang='grc' dir='ltr'>ἀλλ’</span> <span class='ocrx_word' id='word_1_95' title='bbox 248 690 282 728; x_wconf 81' lang='grc' dir='ltr'>ἦν</span> <span class='ocrx_word' id='word_1_96' title='bbox 294 693 348 724; x_wconf 72' lang='grc' dir='ltr'>ἀεὶ,</span> <span class='ocrx_word' id='word_1_97' title='bbox 363 694 409 720; x_wconf 78' lang='grc' dir='ltr'><strong>καὶ</strong></span> <span class='ocrx_word' id='word_1_98' title='bbox 422 693 489 726; x_wconf 75' lang='grc' dir='ltr'>ἐστι,</span> <span class='ocrx_word' id='word_1_99' title='bbox 503 694 550 721; x_wconf 74' lang='grc' dir='ltr'>καὶ</span> <span class='ocrx_word' id='word_1_100' title='bbox 563 694 650 727; x_wconf 77' lang='grc' dir='ltr'>ἔσται,</span> <span class='ocrx_word' id='word_1_101' title='bbox 670 695 724 731; x_wconf 80' lang='grc' dir='ltr'>πῦρ</span> <span class='ocrx_word' id='word_1_102' title='bbox 744 695 868 728; x_wconf 81' lang='grc' dir='ltr'><strong>ἀείζωον,</strong></span> <span class='ocrx_word' id='word_1_103' title='bbox 888 697 969 723; x_wconf 82' lang='grc' dir='ltr'>ἀπτό-</span> 
     </span>
    </p>
   </div>
   <div class='ocr_carea' id='block_1_16' title="bbox 179 739 969 778">
    <p class='ocr_par' dir='ltr' id='par_1_16' title="bbox 179 739 969 778">
     <span class='ocr_line' id='line_1_16' title="bbox 179 739 969 778; baseline 0.006 -14"><span class='ocrx_word' id='word_1_104' title='bbox 179 747 260 774; x_wconf 87' lang='grc' dir='ltr'>μενον</span> <span class='ocrx_word' id='word_1_105' title='bbox 280 739 371 774; x_wconf 86' lang='grc' dir='ltr'>μέτρῳ</span> <span class='ocrx_word' id='word_1_106' title='bbox 387 739 452 774; x_wconf 75' lang='grc'>(62),</span> <span class='ocrx_word' id='word_1_107' title='bbox 466 740 513 767; x_wconf 70' lang='grc' dir='ltr'>καὶ</span> <span class='ocrx_word' id='word_1_108' title='bbox 526 741 676 768; x_wconf 79' lang='grc' dir='ltr'>ἀποσϐεννύ</span> <span class='ocrx_word' id='word_1_109' title='bbox 681 750 760 776; x_wconf 87' lang='grc' dir='ltr'>μενον</span> <span class='ocrx_word' id='word_1_110' title='bbox 772 742 874 778; x_wconf 85' lang='grc' dir='ltr'>μέτρῳ.</span> <span class='ocrx_word' id='word_1_111' title='bbox 890 753 898 768; x_wconf 75' lang='grc' dir='ltr'><strong>ι</strong></span> <span class='ocrx_word' id='word_1_112' title='bbox 909 743 969 770; x_wconf 85' lang='grc' dir='ltr'><strong>Ὅτι</strong></span> 
     </span>
    </p>
   </div>
   <div class='ocr_carea' id='block_1_17' title="bbox 176 785 968 824">
    <p class='ocr_par' dir='ltr' id='par_1_17' title="bbox 176 785 968 824">
     <span class='ocr_line' id='line_1_17' title="bbox 176 785 968 824; baseline 0.005 -12"><span class='ocrx_word' id='word_1_113' title='bbox 176 785 206 812; x_wconf 78' lang='grc' dir='ltr'>δὲ</span> <span class='ocrx_word' id='word_1_114' title='bbox 220 785 265 811; x_wconf 83' lang='grc' dir='ltr'>καὶ</span> <span class='ocrx_word' id='word_1_115' title='bbox 279 785 417 821; x_wconf 77' lang='grc' dir='ltr'>γεννητὸν,</span> <span class='ocrx_word' id='word_1_116' title='bbox 429 786 475 813; x_wconf 68' lang='grc' dir='ltr'>καὶ</span> <span class='ocrx_word' id='word_1_117' title='bbox 488 787 606 823; x_wconf 78' lang='grc' dir='ltr'>φθαρτὸν</span> <span class='ocrx_word' id='word_1_118' title='bbox 622 788 702 815; x_wconf 81' lang='grc' dir='ltr'>αὐτὸν</span> <span class='ocrx_word' id='word_1_119' title='bbox 717 786 784 815; x_wconf 83' lang='grc' dir='ltr'>εἶναι</span> <span class='ocrx_word' id='word_1_120' title='bbox 797 789 968 824; x_wconf 80' lang='grc' dir='ltr'>έδογμάτιζε,</span> 
     </span>
    </p>
   </div>
   <div class='ocr_carea' id='block_1_18' title="bbox 179 830 968 871">
    <p class='ocr_par' dir='ltr' id='par_1_18' title="bbox 179 830 968 871">
     <span class='ocr_line' id='line_1_18' title="bbox 179 830 968 871; baseline 0.009 -15"><span class='ocrx_word' id='word_1_121' title='bbox 179 830 276 866; x_wconf 84' lang='grc' dir='ltr'>μηνύει</span> <span class='ocrx_word' id='word_1_122' title='bbox 292 831 325 858; x_wconf 81' lang='grc' dir='ltr'><strong>τὰ</strong></span> <span class='ocrx_word' id='word_1_123' title='bbox 342 833 536 868; x_wconf 75' lang='grc' dir='ltr'>ἐπιφερόμενα·</span> <span class='ocrx_word' id='word_1_124' title='bbox 550 844 558 859; x_wconf 78' lang='grc' dir='ltr'><strong>ι</strong></span> <span class='ocrx_word' id='word_1_125' title='bbox 572 834 660 870; x_wconf 79' lang='grc' dir='ltr'>Πυρδς</span> <span class='ocrx_word' id='word_1_126' title='bbox 672 835 781 871; x_wconf 74' lang='grc' dir='ltr'>τροπαὶ,</span> <span class='ocrx_word' id='word_1_127' title='bbox 798 835 905 871; x_wconf 79' lang='grc' dir='ltr'>πρῶτον</span> <span class='ocrx_word' id='word_1_128' title='bbox 922 835 968 863; x_wconf 86' lang='grc' dir='ltr'><strong>θά-</strong></span> 
     </span>
    </p>
   </div>
   <div class='ocr_carea' id='block_1_19' title="bbox 177 876 970 917">
    <p class='ocr_par' dir='ltr' id='par_1_19' title="bbox 177 876 970 917">
     <span class='ocr_line' id='line_1_19' title="bbox 177 876 970 917; baseline 0.008 -15"><span class='ocrx_word' id='word_1_129' title='bbox 177 876 276 909; x_wconf 86' lang='grc' dir='ltr'>λασσα,</span> <span class='ocrx_word' id='word_1_130' title='bbox 295 877 433 913; x_wconf 81' lang='grc' dir='ltr'><strong>θαλάσσης</strong></span> <span class='ocrx_word' id='word_1_131' title='bbox 453 879 481 905; x_wconf 85' lang='grc' dir='ltr'>δὲ</span> <span class='ocrx_word' id='word_1_132' title='bbox 498 880 528 906; x_wconf 83' lang='grc' dir='ltr'><strong>τὺ</strong></span> <span class='ocrx_word' id='word_1_133' title='bbox 550 880 599 915; x_wconf 83' lang='grc' dir='ltr'>μὲν</span> <span class='ocrx_word' id='word_1_134' title='bbox 612 881 697 916; x_wconf 78' lang='grc' dir='ltr'>ἥμισυ</span> <span class='ocrx_word' id='word_1_135' title='bbox 720 881 757 916; x_wconf 87' lang='grc' dir='ltr'><strong>γῆ</strong></span> <span class='ocrx_word' id='word_1_136' title='bbox 769 901 776 912; x_wconf 90' lang='grc'><strong>,</strong></span> <span class='ocrx_word' id='word_1_137' title='bbox 793 881 823 908; x_wconf 71' lang='grc' dir='ltr'><strong>τὺ</strong></span> <span class='ocrx_word' id='word_1_138' title='bbox 839 882 867 908; x_wconf 87' lang='grc' dir='ltr'>δὲ</span> <span class='ocrx_word' id='word_1_139' title='bbox 884 882 970 917; x_wconf 77' lang='grc' dir='ltr'>ἥμισυ</span> 
     </span>
    </p>
   </div>
   <div class='ocr_carea' id='block_1_20' title="bbox 179 915 1007 964">
    <p class='ocr_par' dir='ltr' id='par_1_20' title="bbox 179 915 1007 964">
     <span class='ocr_line' id='line_1_20' title="bbox 179 915 1007 964; baseline 0.007 -15"><span class='ocrx_word' id='word_1_140' title='bbox 179 924 316 960; x_wconf 84' lang='grc' dir='ltr'>πρηστήρ.</span> <span class='ocrx_word' id='word_1_141' title='bbox 331 933 340 950; x_wconf 84' lang='grc'><strong>)</strong></span> <span class='ocrx_word' id='word_1_142' title='bbox 361 925 480 960; x_wconf 87' lang='grc' dir='ltr'>Δυνάμει</span> <span class='ocrx_word' id='word_1_143' title='bbox 497 926 551 962; x_wconf 80' lang='grc' dir='ltr'><strong>γάρ</strong></span> <span class='ocrx_word' id='word_1_144' title='bbox 565 915 649 961; x_wconf 78' lang='grc' dir='ltr'>λέγει,</span> <span class='ocrx_word' id='word_1_145' title='bbox 669 927 709 954; x_wconf 80' lang='grc' dir='ltr'>ὃτι</span> <span class='ocrx_word' id='word_1_146' title='bbox 725 928 755 954; x_wconf 82' lang='grc' dir='ltr'>τὸ</span> <span class='ocrx_word' id='word_1_147' title='bbox 771 928 828 964; x_wconf 81' lang='grc' dir='ltr'>πῦρ</span> <span class='ocrx_word' id='word_1_148' title='bbox 845 915 911 954; x_wconf 26' lang='grc' dir='ltr'>ὑπο.</span> <span class='ocrx_word' id='word_1_149' title='bbox 923 928 970 955; x_wconf 82' lang='grc' dir='ltr'>τοῦ</span> <span class='ocrx_word' id='word_1_150' title='bbox 989 915 1007 941; x_wconf 72' lang='grc' dir='ltr'>Β</span> 
     </span>
    </p>
   </div>
   <div class='ocr_carea' id='block_1_21' title="bbox 177 970 971 1012">
    <p class='ocr_par' dir='ltr' id='par_1_21' title="bbox 177 970 971 1012">
     <span class='ocr_line' id='line_1_21' title="bbox 177 970 971 1012; baseline 0.008 -16"><span class='ocrx_word' id='word_1_151' title='bbox 177 970 342 1003; x_wconf 83' lang='grc' dir='ltr'>διοικοῦντος</span> <span class='ocrx_word' id='word_1_152' title='bbox 357 973 444 1007; x_wconf 83' lang='grc' dir='ltr'>Λόγου</span> <span class='ocrx_word' id='word_1_153' title='bbox 462 974 509 1000; x_wconf 75' lang='grc' dir='ltr'><strong>καὶ</strong></span> <span class='ocrx_word' id='word_1_154' title='bbox 531 973 598 1000; x_wconf 84' lang='grc' dir='ltr'>Θεοῦ</span> <span class='ocrx_word' id='word_1_155' title='bbox 621 974 655 1001; x_wconf 83' lang='grc' dir='ltr'><strong>τὰ</strong></span> <span class='ocrx_word' id='word_1_156' title='bbox 678 974 821 1010; x_wconf 83' lang='grc' dir='ltr'>σύμπαντα</span> <span class='ocrx_word' id='word_1_157' title='bbox 841 975 874 1001; x_wconf 86' lang='grc' dir='ltr'>δι’</span> <span class='ocrx_word' id='word_1_158' title='bbox 891 975 971 1012; x_wconf 81' lang='grc' dir='ltr'>ἀέρος</span> 
     </span>
    </p>
   </div>
   <div class='ocr_carea' id='block_1_22' title="bbox 178 1018 969 1058">
    <p class='ocr_par' dir='ltr' id='par_1_22' title="bbox 178 1018 969 1058">
     <span class='ocr_line' id='line_1_22' title="bbox 178 1018 969 1058; baseline 0.006 -14"><span class='ocrx_word' id='word_1_159' title='bbox 178 1018 309 1053; x_wconf 81' lang='grc' dir='ltr'>τρέπεται</span> <span class='ocrx_word' id='word_1_160' title='bbox 323 1019 362 1050; x_wconf 81' lang='grc' dir='ltr'><strong>είς</strong></span> <span class='ocrx_word' id='word_1_161' title='bbox 377 1019 469 1055; x_wconf 73' lang='grc' dir='ltr'>ὑγρὸν,</span> <span class='ocrx_word' id='word_1_162' title='bbox 482 1020 512 1047; x_wconf 84' lang='grc' dir='ltr'>τὸ</span> <span class='ocrx_word' id='word_1_163' title='bbox 524 1021 562 1052; x_wconf 87' lang='grc' dir='ltr'>ὡς</span> <span class='ocrx_word' id='word_1_164' title='bbox 573 1021 682 1057; x_wconf 83' lang='grc' dir='ltr'>σπέρμα</span> <span class='ocrx_word' id='word_1_165' title='bbox 698 1022 745 1057; x_wconf 83' lang='grc' dir='ltr'><strong>τῆς</strong></span> <span class='ocrx_word' id='word_1_166' title='bbox 755 1022 969 1058; x_wconf 79' lang='grc' dir='ltr'>διακοσμήσεως,</span> 
     </span>
    </p>
   </div>
   <div class='ocr_carea' id='block_1_23' title="bbox 177 1064 972 1104">
    <p class='ocr_par' dir='ltr' id='par_1_23' title="bbox 177 1064 972 1104">
     <span class='ocr_line' id='line_1_23' title="bbox 177 1064 972 1104; baseline 0.006 -14"><span class='ocrx_word' id='word_1_167' title='bbox 177 1064 194 1090; x_wconf 80' lang='grc' dir='ltr'><strong>δ</strong></span> <span class='ocrx_word' id='word_1_168' title='bbox 208 1064 285 1091; x_wconf 86' lang='grc' dir='ltr'>καλεῖ</span> <span class='ocrx_word' id='word_1_169' title='bbox 297 1065 434 1092; x_wconf 77' lang='grc' dir='ltr'>Θάλασσαν</span> <span class='ocrx_word' id='word_1_170' title='bbox 446 1075 452 1081; x_wconf 72' lang='grc' dir='ltr'><strong>ι</strong></span> <span class='ocrx_word' id='word_1_171' title='bbox 462 1067 494 1092; x_wconf 82' lang='grc' dir='ltr'>ὲκ</span> <span class='ocrx_word' id='word_1_172' title='bbox 508 1067 535 1093; x_wconf 85' lang='grc' dir='ltr'>δὲ</span> <span class='ocrx_word' id='word_1_173' title='bbox 550 1067 644 1094; x_wconf 84' lang='grc' dir='ltr'>τούτου</span> <span class='ocrx_word' id='word_1_174' title='bbox 657 1066 734 1099; x_wconf 83' lang='grc' dir='ltr'>αὖθις</span> <span class='ocrx_word' id='word_1_175' title='bbox 744 1068 847 1102; x_wconf 86' lang='grc' dir='ltr'>γίνεται</span> <span class='ocrx_word' id='word_1_176' title='bbox 858 1069 972 1104; x_wconf 75' lang='grc' dir='ltr'>οὐρανὸς</span> 
     </span>
    </p>
   </div>
   <div class='ocr_carea' id='block_1_24' title="bbox 180 1110 972 1148">
    <p class='ocr_par' dir='ltr' id='par_1_24' title="bbox 180 1110 972 1148">
     <span class='ocr_line' id='line_1_24' title="bbox 180 1110 972 1148; baseline 0.004 -11"><span class='ocrx_word' id='word_1_177' title='bbox 180 1110 228 1137; x_wconf 77' lang='grc' dir='ltr'>’καὶ</span> <span class='ocrx_word' id='word_1_178' title='bbox 242 1110 287 1146; x_wconf 82' lang='grc' dir='ltr'>γῆ,</span> <span class='ocrx_word' id='word_1_179' title='bbox 303 1112 349 1138; x_wconf 79' lang='grc' dir='ltr'>καὶ</span> <span class='ocrx_word' id='word_1_180' title='bbox 361 1111 396 1138; x_wconf 85' lang='grc' dir='ltr'><strong>τὰ</strong></span> <span class='ocrx_word' id='word_1_181' title='bbox 410 1112 639 1148; x_wconf 77' lang='grc' dir='ltr'>ἐμπεριεχόμενα.</span> <span class='ocrx_word' id='word_1_182' title='bbox 656 1115 750 1146; x_wconf 87' lang='grc' dir='ltr'>Ὅπως</span> <span class='ocrx_word' id='word_1_183' title='bbox 767 1115 794 1140; x_wconf 82' lang='grc' dir='ltr'>δὲ</span> <span class='ocrx_word' id='word_1_184' title='bbox 810 1114 891 1141; x_wconf 85' lang='grc' dir='ltr'>πάλιν</span> <span class='ocrx_word' id='word_1_185' title='bbox 905 1115 972 1141; x_wconf 79' lang='grc' dir='ltr'>ἀνα-</span> 
     </span>
    </p>
   </div>
   <div class='ocr_carea' id='block_1_25' title="bbox 181 1156 972 1195">
    <p class='ocr_par' dir='ltr' id='par_1_25' title="bbox 181 1156 972 1195">
     <span class='ocr_line' id='line_1_25' title="bbox 181 1156 972 1195; baseline 0.006 -13"><span class='ocrx_word' id='word_1_186' title='bbox 181 1156 348 1192; x_wconf 80' lang='grc' dir='ltr'>λαμὸόινεται</span> <span class='ocrx_word' id='word_1_187' title='bbox 363 1158 410 1184; x_wconf 75' lang='grc' dir='ltr'>καὶ</span> <span class='ocrx_word' id='word_1_188' title='bbox 427 1158 604 1194; x_wconf 69' lang='grc' dir='ltr'><strong>ἐκπυροῦται,</strong></span> <span class='ocrx_word' id='word_1_189' title='bbox 626 1160 719 1194; x_wconf 80' lang='grc' dir='ltr'>σαφῶς</span> <span class='ocrx_word' id='word_1_190' title='bbox 735 1160 778 1186; x_wconf 78' lang='grc' dir='ltr'><strong>διὰ</strong></span> <span class='ocrx_word' id='word_1_191' title='bbox 798 1160 900 1187; x_wconf 80' lang='grc' dir='ltr'>τούτων</span> <span class='ocrx_word' id='word_1_192' title='bbox 924 1160 972 1195; x_wconf 87' lang='grc' dir='ltr'>δη-</span> 
     </span>
    </p>
   </div>
   <div class='ocr_carea' id='block_1_26' title="bbox 180 1202 973 1240">
    <p class='ocr_par' dir='ltr' id='par_1_26' title="bbox 180 1202 973 1240">
     <span class='ocr_line' id='line_1_26' title="bbox 180 1202 973 1240; baseline 0.003 -12"><span class='ocrx_word' id='word_1_193' title='bbox 180 1202 237 1237; x_wconf 74' lang='grc' dir='ltr'>λοῖ·</span> <span class='ocrx_word' id='word_1_194' title='bbox 250 1212 258 1228; x_wconf 82' lang='grc' dir='ltr'><strong>ι</strong></span> <span class='ocrx_word' id='word_1_195' title='bbox 269 1202 398 1230; x_wconf 80' lang='grc' dir='ltr'>Θάλασσα</span> <span class='ocrx_word' id='word_1_196' title='bbox 410 1203 556 1238; x_wconf 84' lang='grc' dir='ltr'>διαχέεται,</span> <span class='ocrx_word' id='word_1_197' title='bbox 570 1205 617 1230; x_wconf 70' lang='grc' dir='ltr'>καὶ</span> <span class='ocrx_word' id='word_1_198' title='bbox 630 1205 771 1240; x_wconf 81' lang='grc' dir='ltr'>μετρέεται</span> <span class='ocrx_word' id='word_1_199' title='bbox 784 1206 824 1234; x_wconf 77' lang='grc' dir='ltr'>εἰς</span> <span class='ocrx_word' id='word_1_200' title='bbox 836 1205 881 1231; x_wconf 77' lang='grc' dir='ltr'>τὸν</span> <span class='ocrx_word' id='word_1_201' title='bbox 891 1205 973 1232; x_wconf 76' lang='grc' dir='ltr'>αὐτὸν</span> 
     </span>
    </p>
   </div>
   <div class='ocr_carea' id='block_1_27' title="bbox 179 1247 973 1286">
    <p class='ocr_par' dir='ltr' id='par_1_27' title="bbox 179 1247 973 1286">
     <span class='ocr_line' id='line_1_27' title="bbox 179 1247 973 1286; baseline 0.004 -12"><span class='ocrx_word' id='word_1_202' title='bbox 179 1247 269 1282; x_wconf 88' lang='grc' dir='ltr'>λόγον,</span> <span class='ocrx_word' id='word_1_203' title='bbox 279 1249 367 1280; x_wconf 85' lang='grc' dir='ltr'>ὁκοῖος</span> <span class='ocrx_word' id='word_1_204' title='bbox 379 1249 494 1285; x_wconf 82' lang='grc' dir='ltr'>πρόσθεν</span> <span class='ocrx_word' id='word_1_205' title='bbox 502 1247 558 1285; x_wconf 77' lang='grc' dir='ltr'><strong>ἦνῆ</strong></span> <span class='ocrx_word' id='word_1_206' title='bbox 571 1250 695 1283; x_wconf 80' lang='grc' dir='ltr'>γενέσθαι</span> <span class='ocrx_word' id='word_1_207' title='bbox 703 1250 767 1285; x_wconf 78' lang='grc'><strong>(65).</strong></span> <span class='ocrx_word' id='word_1_208' title='bbox 780 1260 788 1276; x_wconf 78' lang='grc' dir='ltr'><strong>ι</strong></span> <span class='ocrx_word' id='word_1_209' title='bbox 804 1251 918 1286; x_wconf 79' lang='grc' dir='ltr'>Ὁμοίως</span> <span class='ocrx_word' id='word_1_210' title='bbox 927 1252 973 1278; x_wconf 77' lang='grc' dir='ltr'>καὶ</span> 
     </span>
    </p>
   </div>
   <div class='ocr_carea' id='block_1_28' title="bbox 181 1294 974 1332">
    <p class='ocr_par' dir='ltr' id='par_1_28' title="bbox 181 1294 974 1332">
     <span class='ocr_line' id='line_1_28' title="bbox 181 1294 974 1332; baseline 0.004 -12"><span class='ocrx_word' id='word_1_211' title='bbox 181 1294 307 1330; x_wconf 77' lang='grc' dir='ltr'>περὶτῶν</span> <span class='ocrx_word' id='word_1_212' title='bbox 314 1295 401 1322; x_wconf 80' lang='grc' dir='ltr'>ἄλλων</span> <span class='ocrx_word' id='word_1_213' title='bbox 413 1295 551 1330; x_wconf 80' lang='grc' dir='ltr'>στοιχείων</span> <span class='ocrx_word' id='word_1_214' title='bbox 561 1295 595 1322; x_wconf 88' lang='grc' dir='ltr'><strong>τά</strong></span> <span class='ocrx_word' id='word_1_215' title='bbox 609 1296 687 1323; x_wconf 78' lang='grc' dir='ltr'>αὑτά.</span> <span class='ocrx_word' id='word_1_216' title='bbox 695 1296 877 1332; x_wconf 84' lang='grc' dir='ltr'>Παραπλήσια</span> <span class='ocrx_word' id='word_1_217' title='bbox 887 1297 974 1332; x_wconf 85' lang='grc' dir='ltr'>τούτῳ</span> 
     </span>
    </p>
   </div>
   <div class='ocr_carea' id='block_1_29' title="bbox 180 1340 974 1379">
    <p class='ocr_par' dir='ltr' id='par_1_29' title="bbox 180 1340 974 1379">
     <span class='ocr_line' id='line_1_29' title="bbox 180 1340 974 1379; baseline 0.003 -13"><span class='ocrx_word' id='word_1_218' title='bbox 180 1340 229 1367; x_wconf 73' lang='grc' dir='ltr'>καὶ</span> <span class='ocrx_word' id='word_1_219' title='bbox 241 1340 265 1366; x_wconf 88' lang='grc' dir='ltr'><strong>οί</strong></span> <span class='ocrx_word' id='word_1_220' title='bbox 276 1340 486 1376; x_wconf 71' lang='grc' dir='ltr'>ἐλλογιμώτατοι</span> <span class='ocrx_word' id='word_1_221' title='bbox 501 1341 687 1368; x_wconf 83' lang='grc' dir='ltr'>τῶνΣτωῖκῶν</span> <span class='ocrx_word' id='word_1_222' title='bbox 697 1342 897 1377; x_wconf 78' lang='grc' dir='ltr'>δογματίζουσι,</span> <span class='ocrx_word' id='word_1_223' title='bbox 911 1344 974 1379; x_wconf 83' lang='grc' dir='ltr'>περί</span> 
     </span>
    </p>
   </div>
   <div class='ocr_carea' id='block_1_30' title="bbox 179 1386 975 1424">
    <p class='ocr_par' dir='ltr' id='par_1_30' title="bbox 179 1386 975 1424">
     <span class='ocr_line' id='line_1_30' title="bbox 179 1386 975 1424; baseline 0.004 -12"><span class='ocrx_word' id='word_1_224' title='bbox 179 1395 210 1413; x_wconf 79' lang='grc' dir='ltr'><strong>τε</strong></span> <span class='ocrx_word' id='word_1_225' title='bbox 227 1386 409 1422; x_wconf 71' lang='grc' dir='ltr'>ἐκπυρώσεως</span> <span class='ocrx_word' id='word_1_226' title='bbox 432 1387 676 1422; x_wconf 77' lang='grc' dir='ltr'>διαλαμϐάνοντες,</span> <span class='ocrx_word' id='word_1_227' title='bbox 695 1388 741 1414; x_wconf 69' lang='grc' dir='ltr'>καὶ</span> <span class='ocrx_word' id='word_1_228' title='bbox 759 1388 861 1424; x_wconf 82' lang='grc' dir='ltr'>κόσμου</span> <span class='ocrx_word' id='word_1_229' title='bbox 873 1388 975 1424; x_wconf 86' lang='grc' dir='ltr'>διοική-</span> 
     </span>
    </p>
   </div>
   <div class='ocr_carea' id='block_1_31' title="bbox 181 1432 973 1470">
    <p class='ocr_par' dir='ltr' id='par_1_31' title="bbox 181 1432 973 1470">
     <span class='ocr_line' id='line_1_31' title="bbox 181 1432 973 1470; baseline 0.001 -11"><span class='ocrx_word' id='word_1_230' title='bbox 181 1441 263 1465; x_wconf 81' lang='grc' dir='ltr'>σεως,</span> <span class='ocrx_word' id='word_1_231' title='bbox 281 1432 387 1459; x_wconf 73' lang='grc' dir='ltr'>καὶτοῦ</span> <span class='ocrx_word' id='word_1_232' title='bbox 404 1433 475 1465; x_wconf 80' lang='grc' dir='ltr'>ἰδίως</span> <span class='ocrx_word' id='word_1_233' title='bbox 491 1433 568 1460; x_wconf 82' lang='grc' dir='ltr'>ποιοῦ</span> <span class='ocrx_word' id='word_1_234' title='bbox 584 1433 686 1469; x_wconf 83' lang='grc' dir='ltr'>κόσμου</span> <span class='ocrx_word' id='word_1_235' title='bbox 703 1442 731 1460; x_wconf 86' lang='grc' dir='ltr'><strong>τε</strong></span> <span class='ocrx_word' id='word_1_236' title='bbox 746 1434 792 1461; x_wconf 74' lang='grc' dir='ltr'><strong>καὶ</strong></span> <span class='ocrx_word' id='word_1_237' title='bbox 809 1434 952 1470; x_wconf 74' lang='grc' dir='ltr'>ἀνθρώπου</span> <span class='ocrx_word' id='word_1_238' title='bbox 965 1455 973 1467; x_wconf 89' lang='lat'><strong>,</strong></span> 
     </span>
    </p>
   </div>
   <div class='ocr_carea' id='block_1_32' title="bbox 181 1479 974 1516">
    <p class='ocr_par' dir='ltr' id='par_1_32' title="bbox 181 1479 974 1516">
     <span class='ocr_line' id='line_1_32' title="bbox 181 1479 974 1516; baseline 0.001 -10"><span class='ocrx_word' id='word_1_239' title='bbox 181 1480 230 1506; x_wconf 80' lang='grc' dir='ltr'>καὶ</span> <span class='ocrx_word' id='word_1_240' title='bbox 250 1480 299 1514; x_wconf 81' lang='grc' dir='ltr'>τῆς</span> <span class='ocrx_word' id='word_1_241' title='bbox 312 1479 366 1506; x_wconf 84' lang='grc' dir='ltr'>τῶν</span> <span class='ocrx_word' id='word_1_242' title='bbox 384 1480 526 1515; x_wconf 80' lang='grc' dir='ltr'>ἡμετέρων</span> <span class='ocrx_word' id='word_1_243' title='bbox 541 1479 634 1514; x_wconf 71' lang='grc' dir='ltr'>ψυχῶν</span> <span class='ocrx_word' id='word_1_244' title='bbox 649 1480 835 1516; x_wconf 80' lang='grc' dir='ltr'>ὲπιδιαμονῆς.</span> <span class='ocrx_word' id='word_1_245' title='bbox 847 1481 931 1507; x_wconf 73' lang='grc' dir='ltr'>Πάλιν</span> <span class='ocrx_word' id='word_1_246' title='bbox 946 1489 974 1507; x_wconf 86' lang='grc' dir='ltr'><strong>τε</strong></span> 
     </span>
    </p>
   </div>
   <div class='ocr_carea' id='block_1_33' title="bbox 181 1521 974 1560">
    <p class='ocr_par' dir='ltr' id='par_1_33' title="bbox 181 1521 974 1560">
     <span class='ocr_line' id='line_1_33' title="bbox 181 1521 974 1560; baseline 0 -10"><span class='ocrx_word' id='word_1_247' title='bbox 181 1521 216 1551; x_wconf 78' lang='grc' dir='ltr'>αὖ</span> <span class='ocrx_word' id='word_1_248' title='bbox 231 1524 245 1550; x_wconf 83' lang='grc' dir='ltr'>ὁ</span> <span class='ocrx_word' id='word_1_249' title='bbox 264 1524 376 1551; x_wconf 84' lang='grc' dir='ltr'>Πλάτων</span> <span class='ocrx_word' id='word_1_250' title='bbox 394 1525 422 1550; x_wconf 84' lang='grc' dir='ltr'>ὲν</span> <span class='ocrx_word' id='word_1_251' title='bbox 439 1525 486 1560; x_wconf 80' lang='grc' dir='ltr'>μὲν</span> <span class='ocrx_word' id='word_1_252' title='bbox 499 1524 537 1560; x_wconf 81' lang='grc' dir='ltr'>τῷ</span> <span class='ocrx_word' id='word_1_253' title='bbox 555 1524 660 1560; x_wconf 66' lang='grc' dir='ltr'>ἑϐδόμῳ</span> <span class='ocrx_word' id='word_1_254' title='bbox 675 1525 725 1560; x_wconf 73' lang='grc' dir='ltr'>τῆς</span> <span class='ocrx_word' id='word_1_255' title='bbox 745 1525 910 1558; x_wconf 79' lang='grc' dir='ltr'>Πολιτείας,</span> <span class='ocrx_word' id='word_1_256' title='bbox 926 1525 974 1560; x_wconf 82' lang='grc' dir='ltr'>τὴν</span> 
     </span>
    </p>
   </div>
   <div class='ocr_carea' id='block_1_34' title="bbox 181 1570 975 1607">
    <p class='ocr_par' dir='ltr' id='par_1_34' title="bbox 181 1570 975 1607">
     <span class='ocr_line' id='line_1_34' title="bbox 181 1570 975 1607; baseline 0.001 -10"><span class='ocrx_word' id='word_1_257' title='bbox 181 1570 411 1606; x_wconf 68' lang='grc' dir='ltr'>ὲ-δταῦθαὴμέραν</span> <span class='ocrx_word' id='word_1_258' title='bbox 420 1571 578 1607; x_wconf 84' lang='grc' dir='ltr'>νυκτερινὴν</span> <span class='ocrx_word' id='word_1_259' title='bbox 592 1572 698 1607; x_wconf 84' lang='grc' dir='ltr'>ἡμέραν</span> <span class='ocrx_word' id='word_1_260' title='bbox 711 1571 839 1606; x_wconf 83' lang='grc' dir='ltr'>κέκληκε,</span> <span class='ocrx_word' id='word_1_261' title='bbox 855 1571 898 1598; x_wconf 76' lang='grc' dir='ltr'><strong>διὰ</strong></span> <span class='ocrx_word' id='word_1_262' title='bbox 912 1572 975 1603; x_wconf 87' lang='grc' dir='ltr'>τοὺς</span> 
     </span>
    </p>
   </div>
   <div class='ocr_carea' id='block_1_35' title="bbox 182 1611 1009 1656">
    <p class='ocr_par' dir='ltr' id='par_1_35' title="bbox 182 1611 1009 1656">
     <span class='ocr_line' id='line_1_35' title="bbox 182 1611 1009 1656; baseline 0.001 -13"><span class='ocrx_word' id='word_1_263' title='bbox 182 1617 406 1656; x_wconf 78' lang='grc' dir='ltr'>κοσμοκράτορας</span> <span class='ocrx_word' id='word_1_264' title='bbox 416 1637 423 1649; x_wconf 89' lang='grc'><strong>,</strong></span> <span class='ocrx_word' id='word_1_265' title='bbox 439 1615 515 1652; x_wconf 79' lang='grc' dir='ltr'>οἶμαι</span> <span class='ocrx_word' id='word_1_266' title='bbox 523 1618 593 1653; x_wconf 32' lang='grc' dir='ltr'><strong>,ιτοῦ</strong></span> <span class='ocrx_word' id='word_1_267' title='bbox 604 1619 714 1649; x_wconf 83' lang='grc' dir='ltr'>σκότους</span> <span class='ocrx_word' id='word_1_268' title='bbox 725 1617 818 1644; x_wconf 76' lang='grc' dir='ltr'>τούτου</span> <span class='ocrx_word' id='word_1_269' title='bbox 828 1626 834 1633; x_wconf 95' lang='grc'><strong>·</strong></span> <span class='ocrx_word' id='word_1_270' title='bbox 856 1617 939 1644; x_wconf 80' lang='grc' dir='ltr'>ὕπνον</span> <span class='ocrx_word' id='word_1_271' title='bbox 947 1617 975 1645; x_wconf 78' lang='grc' dir='ltr'>δὲ</span> <span class='ocrx_word' id='word_1_272' title='bbox 990 1611 1009 1619; x_wconf 76' lang='grc'>“</span> 
     </span>
    </p>
   </div>
   <div class='ocr_carea' id='block_1_36' title="bbox 182 1663 976 1700">
    <p class='ocr_par' dir='ltr' id='par_1_36' title="bbox 182 1663 976 1700">
     <span class='ocr_line' id='line_1_36' title="bbox 182 1663 976 1700; baseline 0.001 -11"><span class='ocrx_word' id='word_1_273' title='bbox 182 1663 231 1689; x_wconf 77' lang='grc' dir='ltr'>καὶ</span> <span class='ocrx_word' id='word_1_274' title='bbox 244 1663 356 1690; x_wconf 80' lang='grc' dir='ltr'>θάνατον</span> <span class='ocrx_word' id='word_1_275' title='bbox 370 1663 419 1698; x_wconf 70' lang='grc' dir='ltr'>τὴν</span> <span class='ocrx_word' id='word_1_276' title='bbox 431 1665 470 1695; x_wconf 81' lang='grc' dir='ltr'>εἰς</span> <span class='ocrx_word' id='word_1_277' title='bbox 480 1664 625 1699; x_wconf 71' lang='grc' dir='ltr'>σῶμαὸδὺν</span> <span class='ocrx_word' id='word_1_278' title='bbox 633 1664 681 1699; x_wconf 82' lang='grc' dir='ltr'>τῆς</span> <span class='ocrx_word' id='word_1_279' title='bbox 692 1664 780 1700; x_wconf 72' lang='grc' dir='ltr'>ψυχῆς</span> <span class='ocrx_word' id='word_1_280' title='bbox 789 1684 796 1696; x_wconf 83' lang='grc'><strong>,</strong></span> <span class='ocrx_word' id='word_1_281' title='bbox 809 1664 880 1691; x_wconf 76' lang='grc' dir='ltr'>κατὰ</span> <span class='ocrx_word' id='word_1_282' title='bbox 889 1663 976 1691; x_wconf 82' lang='grc' dir='ltr'>ταὺτά</span> 
     </span>
    </p>
   </div>
   <div class='ocr_carea' id='block_1_37' title="bbox 182 1708 976 1748">
    <p class='ocr_par' dir='ltr' id='par_1_37' title="bbox 182 1708 976 1748">
     <span class='ocr_line' id='line_1_37' title="bbox 182 1708 976 1748; baseline 0.003 -13"><span class='ocrx_word' id='word_1_283' title='bbox 182 1708 222 1748; x_wconf 73' lang='grc' dir='ltr'>τῷ</span> <span class='ocrx_word' id='word_1_284' title='bbox 242 1709 418 1745; x_wconf 83' lang='grc' dir='ltr'>Ἡρακλείτῳ.</span> <span class='ocrx_word' id='word_1_285' title='bbox 442 1710 497 1736; x_wconf 78' lang='grc' dir='ltr'><strong>Καὶ</strong></span> <span class='ocrx_word' id='word_1_286' title='bbox 519 1710 555 1745; x_wconf 88' lang='grc' dir='ltr'>μή</span> <span class='ocrx_word' id='word_1_287' title='bbox 573 1718 600 1736; x_wconf 90' lang='grc' dir='ltr'><strong>τι</strong></span> <span class='ocrx_word' id='word_1_288' title='bbox 619 1710 698 1737; x_wconf 81' lang='grc' dir='ltr'>τοῦτο</span> <span class='ocrx_word' id='word_1_289' title='bbox 714 1711 760 1737; x_wconf 78' lang='grc' dir='ltr'><strong>ἐπὶ</strong></span> <span class='ocrx_word' id='word_1_290' title='bbox 777 1710 823 1737; x_wconf 80' lang='grc' dir='ltr'>τοῦ</span> <span class='ocrx_word' id='word_1_291' title='bbox 851 1711 976 1746; x_wconf 80' lang='grc' dir='ltr'>Σωτῆρος</span> 
     </span>
    </p>
   </div>
   <div class='ocr_carea' id='block_1_38' title="bbox 184 1754 974 1792">
    <p class='ocr_par' dir='ltr' id='par_1_38' title="bbox 184 1754 974 1792">
     <span class='ocr_line' id='line_1_38' title="bbox 184 1754 974 1792; baseline 0.003 -11"><span class='ocrx_word' id='word_1_292' title='bbox 184 1754 366 1789; x_wconf 74' lang='grc' dir='ltr'>προεθέσπιζε</span> <span class='ocrx_word' id='word_1_293' title='bbox 392 1756 422 1782; x_wconf 84' lang='grc' dir='ltr'><strong>τὺ</strong></span> <span class='ocrx_word' id='word_1_294' title='bbox 451 1756 562 1791; x_wconf 80' lang='grc' dir='ltr'>Πνεῦμα</span> <span class='ocrx_word' id='word_1_295' title='bbox 578 1776 585 1788; x_wconf 86' lang='grc'><strong>,</strong></span> <span class='ocrx_word' id='word_1_296' title='bbox 616 1756 659 1783; x_wconf 83' lang='grc' dir='ltr'><strong>διὰ</strong></span> <span class='ocrx_word' id='word_1_297' title='bbox 686 1756 732 1783; x_wconf 79' lang='grc' dir='ltr'>τοῦ</span> <span class='ocrx_word' id='word_1_298' title='bbox 768 1757 850 1786; x_wconf 74' lang='grc' dir='ltr'>Δαὸὶδ</span> <span class='ocrx_word' id='word_1_299' title='bbox 878 1756 974 1792; x_wconf 76' lang='grc' dir='ltr'>λέγον·</span> 
     </span>
    </p>
   </div>
   <div class='ocr_carea' id='block_1_39' title="bbox 187 1800 994 1840">
    <p class='ocr_par' dir='ltr' id='par_1_39' title="bbox 187 1800 994 1840">
     <span class='ocr_line' id='line_1_39' title="bbox 187 1800 994 1840; baseline 0.004 -14"><span class='ocrx_word' id='word_1_300' title='bbox 187 1810 195 1825; x_wconf 84' lang='grc' dir='ltr'><strong>ι</strong></span> <span class='ocrx_word' id='word_1_301' title='bbox 209 1800 279 1835; x_wconf 86' lang='grc' dir='ltr'><strong>Ἐγὼ</strong></span> <span class='ocrx_word' id='word_1_302' title='bbox 286 1801 445 1839; x_wconf 81' lang='grc' dir='ltr'>ὲκοιμήθην,</span> <span class='ocrx_word' id='word_1_303' title='bbox 457 1802 504 1829; x_wconf 77' lang='grc' dir='ltr'>καὶ</span> <span class='ocrx_word' id='word_1_304' title='bbox 515 1801 627 1829; x_wconf 81' lang='grc' dir='ltr'>ὖπνωσα</span> <span class='ocrx_word' id='word_1_305' title='bbox 637 1811 644 1817; x_wconf 85' lang='grc'><strong>·</strong></span> <span class='ocrx_word' id='word_1_306' title='bbox 656 1802 817 1840; x_wconf 79' lang='grc' dir='ltr'>ὲξηγὲρθην,</span> <span class='ocrx_word' id='word_1_307' title='bbox 827 1803 867 1829; x_wconf 82' lang='grc' dir='ltr'>ὅτι</span> <span class='ocrx_word' id='word_1_308' title='bbox 875 1803 976 1839; x_wconf 86' lang='grc' dir='ltr'>Κύριος</span> <span class='ocrx_word' id='word_1_309' title='bbox 987 1815 994 1822; x_wconf 84' lang='lat'><strong>-</strong></span> 
     </span>
    </p>
   </div>
   <div class='ocr_carea' id='block_1_40' title="bbox 183 1846 976 1885">
    <p class='ocr_par' dir='ltr' id='par_1_40' title="bbox 183 1846 976 1885">
     <span class='ocr_line' id='line_1_40' title="bbox 183 1846 976 1885; baseline 0.005 -13"><span class='ocrx_word' id='word_1_310' title='bbox 183 1846 358 1882; x_wconf 72' lang='grc' dir='ltr'>ἀντιλήψεται</span> <span class='ocrx_word' id='word_1_311' title='bbox 383 1857 432 1883; x_wconf 85' lang='grc' dir='ltr'><strong>μου</strong></span> <span class='ocrx_word' id='word_1_312' title='bbox 442 1856 448 1863; x_wconf 86' lang='lat'>&#39;</span> <span class='ocrx_word' id='word_1_313' title='bbox 463 1858 472 1873; x_wconf 78' lang='grc' dir='ltr'><strong>ι</strong></span> <span class='ocrx_word' id='word_1_314' title='bbox 489 1848 520 1874; x_wconf 82' lang='grc' dir='ltr'>οὐ</span> <span class='ocrx_word' id='word_1_315' title='bbox 541 1848 594 1885; x_wconf 83' lang='grc' dir='ltr'><strong>γὰρ</strong></span> <span class='ocrx_word' id='word_1_316' title='bbox 610 1849 659 1884; x_wconf 86' lang='grc' dir='ltr'>τὴν</span> <span class='ocrx_word' id='word_1_317' title='bbox 676 1849 821 1876; x_wconf 78' lang='grc' dir='ltr'>ἀνάστασιν</span> <span class='ocrx_word' id='word_1_318' title='bbox 837 1849 916 1885; x_wconf 75' lang='grc' dir='ltr'>μόνον</span> <span class='ocrx_word' id='word_1_319' title='bbox 929 1849 976 1876; x_wconf 79' lang='grc' dir='ltr'>τοῦ</span> 
     </span>
    </p>
   </div>
   <div class='ocr_carea' id='block_1_41' title="bbox 184 1893 977 1931">
    <p class='ocr_par' dir='ltr' id='par_1_41' title="bbox 184 1893 977 1931">
     <span class='ocr_line' id='line_1_41' title="bbox 184 1893 977 1931; baseline 0.005 -13"><span class='ocrx_word' id='word_1_320' title='bbox 184 1893 310 1928; x_wconf 80' lang='grc' dir='ltr'>Σωτῆρος</span> <span class='ocrx_word' id='word_1_321' title='bbox 324 1894 442 1929; x_wconf 78' lang='grc' dir='ltr'>Χριστοῦ</span> <span class='ocrx_word' id='word_1_322' title='bbox 456 1894 485 1927; x_wconf 76' lang='grc' dir='ltr'>ἐξ</span> <span class='ocrx_word' id='word_1_323' title='bbox 500 1893 583 1921; x_wconf 75' lang='grc' dir='ltr'>ὕπνου</span> <span class='ocrx_word' id='word_1_324' title='bbox 597 1894 705 1930; x_wconf 80' lang='grc' dir='ltr'>ἔγερσιν</span> <span class='ocrx_word' id='word_1_325' title='bbox 714 1915 720 1926; x_wconf 89' lang='grc'><strong>,</strong></span> <span class='ocrx_word' id='word_1_326' title='bbox 736 1894 803 1921; x_wconf 83' lang='grc' dir='ltr'>ἀλλὰ</span> <span class='ocrx_word' id='word_1_327' title='bbox 817 1896 863 1921; x_wconf 71' lang='grc' dir='ltr'><strong>καὶ</strong></span> <span class='ocrx_word' id='word_1_328' title='bbox 875 1896 925 1931; x_wconf 84' lang='grc' dir='ltr'>τὴν</span> <span class='ocrx_word' id='word_1_329' title='bbox 937 1896 977 1927; x_wconf 86' lang='grc' dir='ltr'><strong>είς</strong></span> 
     </span>
    </p>
   </div>
   <div class='ocr_carea' id='block_1_42' title="bbox 186 1939 977 1977">
    <p class='ocr_par' dir='ltr' id='par_1_42' title="bbox 186 1939 977 1977">
     <span class='ocr_line' id='line_1_42' title="bbox 186 1939 977 1977; baseline 0.003 -11"><span class='ocrx_word' id='word_1_330' title='bbox 186 1939 275 1975; x_wconf 68' lang='grc' dir='ltr'>σάρκα</span> <span class='ocrx_word' id='word_1_331' title='bbox 287 1940 399 1967; x_wconf 76' lang='grc' dir='ltr'>κάθοδον</span> <span class='ocrx_word' id='word_1_332' title='bbox 412 1941 458 1967; x_wconf 80' lang='grc' dir='ltr'>τοῦ</span> <span class='ocrx_word' id='word_1_333' title='bbox 476 1941 588 1977; x_wconf 80' lang='grc' dir='ltr'>Κυρίου,</span> <span class='ocrx_word' id='word_1_334' title='bbox 607 1940 689 1967; x_wconf 79' lang='grc' dir='ltr'>ὕπνον</span> <span class='ocrx_word' id='word_1_335' title='bbox 704 1940 857 1977; x_wconf 82' lang='grc' dir='ltr'>ἀλληγορεῖ.</span> <span class='ocrx_word' id='word_1_336' title='bbox 873 1942 977 1968; x_wconf 81' lang='grc' dir='ltr'>Αὐτίκα</span> 
     </span>
    </p>
   </div>
   <div class='ocr_carea' id='block_1_43' title="bbox 184 1984 977 2024">
    <p class='ocr_par' dir='ltr' id='par_1_43' title="bbox 184 1984 977 2024">
     <span class='ocr_line' id='line_1_43' title="bbox 184 1984 977 2024; baseline 0.003 -12"><span class='ocrx_word' id='word_1_337' title='bbox 184 1987 199 2012; x_wconf 83' lang='grc' dir='ltr'><em>ὸ</em></span> <span class='ocrx_word' id='word_1_338' title='bbox 215 1986 295 2018; x_wconf 74' lang='grc' dir='ltr'>αὐτὸς</span> <span class='ocrx_word' id='word_1_339' title='bbox 310 1987 405 2022; x_wconf 77' lang='grc' dir='ltr'>Σωτὴρ</span> <span class='ocrx_word' id='word_1_340' title='bbox 422 1987 566 2024; x_wconf 70' lang='grc' dir='ltr'>παρεγγυᾷ.</span> <span class='ocrx_word' id='word_1_341' title='bbox 577 2007 584 2018; x_wconf 90' lang='grc'><strong>,</strong></span> <span class='ocrx_word' id='word_1_342' title='bbox 603 1987 766 2023; x_wconf 84' lang='grc' dir='ltr'>Γρηγορεῖτε</span> <span class='ocrx_word' id='word_1_343' title='bbox 776 1995 783 2002; x_wconf 74' lang='grc'><strong>⁸</strong></span> <span class='ocrx_word' id='word_1_344' title='bbox 806 1984 876 2018; x_wconf 73' lang='grc' dir='ltr'>οἷον,</span> <span class='ocrx_word' id='word_1_345' title='bbox 890 1987 977 2014; x_wconf 89' lang='grc' dir='ltr'>Μελε-</span> 
     </span>
    </p>
   </div>
   <div class='ocr_carea' id='block_1_44' title="bbox 185 2033 978 2070">
    <p class='ocr_par' dir='ltr' id='par_1_44' title="bbox 185 2033 978 2070">
     <span class='ocr_line' id='line_1_44' title="bbox 185 2033 978 2070; baseline 0.001 -11"><span class='ocrx_word' id='word_1_346' title='bbox 185 2033 251 2059; x_wconf 78' lang='grc' dir='ltr'>τεῑτε</span> <span class='ocrx_word' id='word_1_347' title='bbox 266 2033 325 2069; x_wconf 80' lang='grc' dir='ltr'>ζῇν,</span> <span class='ocrx_word' id='word_1_348' title='bbox 340 2033 387 2060; x_wconf 78' lang='grc' dir='ltr'>καὶ</span> <span class='ocrx_word' id='word_1_349' title='bbox 403 2033 529 2069; x_wconf 79' lang='grc' dir='ltr'>χωρίζειν</span> <span class='ocrx_word' id='word_1_350' title='bbox 546 2033 596 2070; x_wconf 83' lang='grc' dir='ltr'>τὴν</span> <span class='ocrx_word' id='word_1_351' title='bbox 612 2033 700 2068; x_wconf 73' lang='grc' dir='ltr'>ψυχὴν</span> <span class='ocrx_word' id='word_1_352' title='bbox 715 2033 761 2060; x_wconf 79' lang='grc' dir='ltr'>τοῦ</span> <span class='ocrx_word' id='word_1_353' title='bbox 778 2033 903 2069; x_wconf 84' lang='grc' dir='ltr'>σώματος</span> <span class='ocrx_word' id='word_1_354' title='bbox 918 2042 978 2060; x_wconf 76' lang='grc' dir='ltr'>πει-</span> 
     </span>
    </p>
   </div>
   <div class='ocr_carea' id='block_1_45' title="bbox 186 2079 977 2117">
    <p class='ocr_par' dir='ltr' id='par_1_45' title="bbox 186 2079 977 2117">
     <span class='ocr_line' id='line_1_45' title="bbox 186 2079 977 2117; baseline 0.001 -12"><span class='ocrx_word' id='word_1_355' title='bbox 186 2079 280 2117; x_wconf 70' lang='grc' dir='ltr'>ρᾶσθε.</span> <span class='ocrx_word' id='word_1_356' title='bbox 309 2079 364 2115; x_wconf 84' lang='grc' dir='ltr'><strong>Τήν</strong></span> <span class='ocrx_word' id='word_1_357' title='bbox 380 2088 409 2106; x_wconf 81' lang='grc' dir='ltr'><strong>τε</strong></span> <span class='ocrx_word' id='word_1_358' title='bbox 427 2079 568 2115; x_wconf 85' lang='grc' dir='ltr'>Κυριακὴν</span> <span class='ocrx_word' id='word_1_359' title='bbox 585 2080 691 2115; x_wconf 78' lang='grc' dir='ltr'>ἡμέραν</span> <span class='ocrx_word' id='word_1_360' title='bbox 714 2080 742 2106; x_wconf 81' lang='grc' dir='ltr'>ὲν</span> <span class='ocrx_word' id='word_1_361' title='bbox 757 2079 796 2114; x_wconf 81' lang='grc' dir='ltr'>τῷ</span> <span class='ocrx_word' id='word_1_362' title='bbox 812 2079 916 2115; x_wconf 79' lang='grc' dir='ltr'>δεκάτῳ</span> <span class='ocrx_word' id='word_1_363' title='bbox 929 2080 977 2116; x_wconf 82' lang='grc' dir='ltr'>τῆς</span> 
     </span>
    </p>
   </div>
   <div class='ocr_carea' id='block_1_46' title="bbox 185 2126 976 2161">
    <p class='ocr_par' dir='ltr' id='par_1_46' title="bbox 185 2126 976 2161">
     <span class='ocr_line' id='line_1_46' title="bbox 185 2126 976 2161; baseline 0 -9"><span class='ocrx_word' id='word_1_364' title='bbox 185 2126 343 2158; x_wconf 80' lang='grc' dir='ltr'>Πολιτείας</span> <span class='ocrx_word' id='word_1_365' title='bbox 363 2127 377 2153; x_wconf 87' lang='grc' dir='ltr'>ὁ</span> <span class='ocrx_word' id='word_1_366' title='bbox 402 2126 515 2153; x_wconf 73' lang='grc' dir='ltr'>Πλάτων</span> <span class='ocrx_word' id='word_1_367' title='bbox 542 2126 584 2152; x_wconf 82' lang='grc' dir='ltr'>διὰ</span> <span class='ocrx_word' id='word_1_368' title='bbox 600 2126 702 2153; x_wconf 85' lang='grc' dir='ltr'>τούτων</span> <span class='ocrx_word' id='word_1_369' title='bbox 724 2127 976 2161; x_wconf 83' lang='grc' dir='ltr'>καταμαντεύεται’</span> 
     </span>
    </p>
   </div>
   <div class='ocr_carea' id='block_1_47' title="bbox 189 2171 978 2208">
    <p class='ocr_par' dir='ltr' id='par_1_47' title="bbox 189 2171 978 2208">
     <span class='ocr_line' id='line_1_47' title="bbox 189 2171 978 2208; baseline 0.001 -11"><span class='ocrx_word' id='word_1_370' title='bbox 189 2182 198 2197; x_wconf 80' lang='grc' dir='ltr'><strong>ι</strong></span> <span class='ocrx_word' id='word_1_371' title='bbox 216 2171 323 2207; x_wconf 80' lang='grc' dir='ltr'>Ἐπειδὴ</span> <span class='ocrx_word' id='word_1_372' title='bbox 340 2171 368 2197; x_wconf 79' lang='grc' dir='ltr'>δὲ</span> <span class='ocrx_word' id='word_1_373' title='bbox 385 2172 441 2203; x_wconf 77' lang='grc' dir='ltr'>τοῖς</span> <span class='ocrx_word' id='word_1_374' title='bbox 456 2171 512 2206; x_wconf 72' lang='grc'><strong>(64)</strong></span> <span class='ocrx_word' id='word_1_375' title='bbox 529 2173 558 2198; x_wconf 77' lang='grc' dir='ltr'>ἐν</span> <span class='ocrx_word' id='word_1_376' title='bbox 578 2171 617 2206; x_wconf 85' lang='grc' dir='ltr'>τῷ</span> <span class='ocrx_word' id='word_1_377' title='bbox 630 2171 742 2208; x_wconf 81' lang='grc' dir='ltr'>λειμῶνι</span> <span class='ocrx_word' id='word_1_378' title='bbox 761 2171 886 2203; x_wconf 68' lang='grc' dir='ltr'>ἑκάστοις</span> <span class='ocrx_word' id='word_1_379' title='bbox 909 2171 978 2198; x_wconf 77' lang='grc' dir='ltr'>ἐτττά</span> 
     </span>
    </p>
   </div>
   <div class='ocr_carea' id='block_1_48' title="bbox 186 2217 978 2255">
    <p class='ocr_par' dir='ltr' id='par_1_48' title="bbox 186 2217 978 2255">
     <span class='ocr_line' id='line_1_48' title="bbox 186 2217 978 2255; baseline 0 -11"><span class='ocrx_word' id='word_1_380' title='bbox 186 2217 289 2254; x_wconf 78' lang='grc' dir='ltr'>ἡμέραι</span> <span class='ocrx_word' id='word_1_381' title='bbox 311 2218 431 2252; x_wconf 84' lang='grc' dir='ltr'>γένοιντο</span> <span class='ocrx_word' id='word_1_382' title='bbox 441 2238 447 2250; x_wconf 86' lang='grc'><strong>,</strong></span> <span class='ocrx_word' id='word_1_383' title='bbox 474 2218 643 2250; x_wconf 82' lang='grc' dir='ltr'>ἀναστάντας</span> <span class='ocrx_word' id='word_1_384' title='bbox 659 2217 782 2245; x_wconf 80' lang='grc' dir='ltr'>ἐντεῦθεν</span> <span class='ocrx_word' id='word_1_385' title='bbox 797 2218 836 2245; x_wconf 89' lang='grc' dir='ltr'>δεῖ</span> <span class='ocrx_word' id='word_1_386' title='bbox 848 2219 880 2253; x_wconf 79' lang='grc' dir='ltr'>τῇ</span> <span class='ocrx_word' id='word_1_387' title='bbox 898 2218 978 2255; x_wconf 79' lang='grc' dir='ltr'>ὀγδόῃ</span> 
     </span>
    </p>
   </div>
   <div class='ocr_carea' id='block_1_49' title="bbox 1019 280 1804 317">
    <p class='ocr_par' dir='ltr' id='par_1_49' title="bbox 1019 280 1804 317">
     <span class='ocr_line' id='line_1_49' title="bbox 1019 280 1804 317; baseline -0.003 -9"><span class='ocrx_word' id='word_1_388' title='bbox 1019 286 1162 309; x_wconf 87' lang='lat' dir='ltr'><strong>memorat.</strong></span> <span class='ocrx_word' id='word_1_389' title='bbox 1178 281 1262 317; x_wconf 76' lang='lat'><strong>676</strong></span> <span class='ocrx_word' id='word_1_390' title='bbox 1278 281 1383 314; x_wconf 81' lang='lat' dir='ltr'><strong>Quibus</strong></span> <span class='ocrx_word' id='word_1_391' title='bbox 1398 280 1468 308; x_wconf 79' lang='lat' dir='ltr'><strong>forte</strong></span> <span class='ocrx_word' id='word_1_392' title='bbox 1482 288 1536 307; x_wconf 89' lang='lat' dir='ltr'><strong>non</strong></span> <span class='ocrx_word' id='word_1_393' title='bbox 1560 281 1804 314; x_wconf 70' lang='lat' dir='ltr'><strong>resurrectionem,</strong></span> 
     </span>
    </p>
   </div>
   <div class='ocr_carea' id='block_1_50' title="bbox 1018 327 1805 361">
    <p class='ocr_par' dir='ltr' id='par_1_50' title="bbox 1018 327 1805 361">
     <span class='ocr_line' id='line_1_50' title="bbox 1018 327 1805 361; baseline -0.003 -7"><span class='ocrx_word' id='word_1_394' title='bbox 1018 328 1064 355; x_wconf 86' lang='lat' dir='ltr'><strong>sed</strong></span> <span class='ocrx_word' id='word_1_395' title='bbox 1077 328 1192 355; x_wconf 88' lang='lat' dir='ltr'><strong>alterum</strong></span> <span class='ocrx_word' id='word_1_396' title='bbox 1201 328 1266 355; x_wconf 89' lang='lat' dir='ltr'><strong>illud</strong></span> <span class='ocrx_word' id='word_1_397' title='bbox 1276 327 1445 354; x_wconf 86' lang='lat' dir='ltr'><strong>subobscure</strong></span> <span class='ocrx_word' id='word_1_398' title='bbox 1457 327 1604 361; x_wconf 81' lang='lat' dir='ltr'><strong>significat,</strong></span> <span class='ocrx_word' id='word_1_399' title='bbox 1616 327 1730 358; x_wconf 86' lang='lat' dir='ltr'><strong>animos,</strong></span> <span class='ocrx_word' id='word_1_400' title='bbox 1742 334 1805 353; x_wconf 83' lang='lat' dir='ltr'><strong>curn</strong></span> 
     </span>
    </p>
   </div>
   <div class='ocr_carea' id='block_1_51' title="bbox 1019 371 1806 409">
    <p class='ocr_par' dir='ltr' id='par_1_51' title="bbox 1019 371 1806 409">
     <span class='ocr_line' id='line_1_51' title="bbox 1019 371 1806 409; baseline -0.005 -8"><span class='ocrx_word' id='word_1_401' title='bbox 1019 374 1187 409; x_wconf 88' lang='lat' dir='ltr'><strong>recipiuntur</strong></span> <span class='ocrx_word' id='word_1_402' title='bbox 1199 374 1226 400; x_wconf 94' lang='lat' dir='ltr'><strong>in</strong></span> <span class='ocrx_word' id='word_1_403' title='bbox 1249 374 1360 406; x_wconf 68' lang='lat' dir='ltr'><strong>caalum,</strong></span> <span class='ocrx_word' id='word_1_404' title='bbox 1377 381 1424 408; x_wconf 84' lang='lat' dir='ltr'><strong>per</strong></span> <span class='ocrx_word' id='word_1_405' title='bbox 1450 373 1526 407; x_wconf 67' lang='lat' dir='ltr'><strong>signa</strong></span> <span class='ocrx_word' id='word_1_406' title='bbox 1544 373 1648 399; x_wconf 78' lang='lat' dir='ltr'><strong>zodiaci</strong></span> <span class='ocrx_word' id='word_1_407' title='bbox 1662 371 1806 398; x_wconf 78' lang='lat' dir='ltr'><strong>duodecim</strong></span> 
     </span>
    </p>
   </div>
   <div class='ocr_carea' id='block_1_52' title="bbox 1019 418 1808 456">
    <p class='ocr_par' dir='ltr' id='par_1_52' title="bbox 1019 418 1808 456">
     <span class='ocr_line' id='line_1_52' title="bbox 1019 418 1808 456; baseline -0.005 -9"><span class='ocrx_word' id='word_1_408' title='bbox 1019 421 1091 448; x_wconf 87' lang='lat' dir='ltr'><strong>viam</strong></span> <span class='ocrx_word' id='word_1_409' title='bbox 1106 421 1184 453; x_wconf 85' lang='lat' dir='ltr'><strong>inire,</strong></span> <span class='ocrx_word' id='word_1_410' title='bbox 1197 428 1244 455; x_wconf 89' lang='lat' dir='ltr'><strong>per</strong></span> <span class='ocrx_word' id='word_1_411' title='bbox 1260 429 1320 456; x_wconf 71' lang='lat' dir='ltr'><strong>quae</strong></span> <span class='ocrx_word' id='word_1_412' title='bbox 1339 421 1464 447; x_wconf 92' lang='lat' dir='ltr'><strong>similiter</strong></span> <span class='ocrx_word' id='word_1_413' title='bbox 1490 420 1599 446; x_wconf 87' lang='lat' dir='ltr'><strong>eosdem</strong></span> <span class='ocrx_word' id='word_1_414' title='bbox 1618 419 1665 450; x_wconf 92' lang='lat' dir='ltr'><strong>ait,</strong></span> <span class='ocrx_word' id='word_1_415' title='bbox 1682 426 1743 445; x_wconf 92' lang='lat' dir='ltr'><strong>cum</strong></span> <span class='ocrx_word' id='word_1_416' title='bbox 1764 418 1808 444; x_wconf 89' lang='lat' dir='ltr'><strong>hic</strong></span> 
     </span>
    </p>
   </div>
   <div class='ocr_carea' id='block_1_53' title="bbox 1019 463 1807 502">
    <p class='ocr_par' dir='ltr' id='par_1_53' title="bbox 1019 463 1807 502">
     <span class='ocr_line' id='line_1_53' title="bbox 1019 463 1807 502; baseline -0.005 -8"><span class='ocrx_word' id='word_1_417' title='bbox 1019 467 1157 502; x_wconf 78' lang='lat' dir='ltr'><strong>generatio</strong></span> <span class='ocrx_word' id='word_1_418' title='bbox 1172 467 1218 498; x_wconf 86' lang='lat' dir='ltr'><strong>fit,</strong></span> <span class='ocrx_word' id='word_1_419' title='bbox 1245 467 1411 494; x_wconf 72' lang='lat' dir='ltr'><strong>descendere</strong></span> <span class='ocrx_word' id='word_1_420' title='bbox 1431 467 1536 494; x_wconf 89' lang='lat' dir='ltr'><strong>solitos.</strong></span> <span class='ocrx_word' id='word_1_421' title='bbox 1560 464 1613 492; x_wconf 81' lang='lat' dir='ltr'><strong>Nec</strong></span> <span class='ocrx_word' id='word_1_422' title='bbox 1636 465 1714 491; x_wconf 90' lang='lat' dir='ltr'><strong>aliter</strong></span> <span class='ocrx_word' id='word_1_423' title='bbox 1736 463 1807 491; x_wconf 85' lang='lat' dir='ltr'><strong>acci-</strong></span> 
     </span>
    </p>
   </div>
   <div class='ocr_carea' id='block_1_54' title="bbox 1019 509 1809 547">
    <p class='ocr_par' dir='ltr' id='par_1_54' title="bbox 1019 509 1809 547">
     <span class='ocr_line' id='line_1_54' title="bbox 1019 509 1809 547; baseline -0.008 -8"><span class='ocrx_word' id='word_1_424' title='bbox 1019 513 1146 547; x_wconf 75' lang='lat' dir='ltr'><strong>piendum</strong></span> <span class='ocrx_word' id='word_1_425' title='bbox 1165 516 1216 543; x_wconf 87' lang='lat' dir='ltr'><strong>est,</strong></span> <span class='ocrx_word' id='word_1_426' title='bbox 1243 512 1386 539; x_wconf 77' lang='lat' dir='ltr'><strong>duodecim</strong></span> <span class='ocrx_word' id='word_1_427' title='bbox 1413 511 1557 538; x_wconf 81' lang='lat' dir='ltr'><strong>Herculem</strong></span> <span class='ocrx_word' id='word_1_428' title='bbox 1577 509 1724 536; x_wconf 76' lang='lat' dir='ltr'><strong>certamina</strong></span> <span class='ocrx_word' id='word_1_429' title='bbox 1742 516 1809 534; x_wconf 85' lang='lat' dir='ltr'><strong>con-</strong></span> 
     </span>
    </p>
   </div>
   <div class='ocr_carea' id='block_1_55' title="bbox 1021 553 1808 593">
    <p class='ocr_par' dir='ltr' id='par_1_55' title="bbox 1021 553 1808 593">
     <span class='ocr_line' id='line_1_55' title="bbox 1021 553 1808 593; baseline -0.008 -8"><span class='ocrx_word' id='word_1_430' title='bbox 1021 558 1126 590; x_wconf 67' lang='lat' dir='ltr'><strong>fecisse,</strong></span> <span class='ocrx_word' id='word_1_431' title='bbox 1142 558 1241 593; x_wconf 80' lang='lat' dir='ltr'><strong>quibus</strong></span> <span class='ocrx_word' id='word_1_432' title='bbox 1258 558 1410 591; x_wconf 66' lang='lat' dir='ltr'><strong>exhaustis,</strong></span> <span class='ocrx_word' id='word_1_433' title='bbox 1426 557 1460 584; x_wconf 87' lang='lat' dir='ltr'><strong>ab</strong></span> <span class='ocrx_word' id='word_1_434' title='bbox 1478 555 1597 584; x_wconf 77' lang='lat' dir='ltr'><strong>uniVersi</strong></span> <span class='ocrx_word' id='word_1_435' title='bbox 1615 554 1696 589; x_wconf 87' lang='lat' dir='ltr'><strong>hujus</strong></span> <span class='ocrx_word' id='word_1_436' title='bbox 1715 553 1808 580; x_wconf 89' lang='lat' dir='ltr'><strong>mundi</strong></span> 
     </span>
    </p>
   </div>
   <div class='ocr_carea' id='block_1_56' title="bbox 1019 598 1809 638">
    <p class='ocr_par' dir='ltr' id='par_1_56' title="bbox 1019 598 1809 638">
     <span class='ocr_line' id='line_1_56' title="bbox 1019 598 1809 638; baseline -0.008 -8"><span class='ocrx_word' id='word_1_437' title='bbox 1019 604 1152 638; x_wconf 82' lang='lat' dir='ltr'><strong>angustiis</strong></span> <span class='ocrx_word' id='word_1_438' title='bbox 1167 604 1274 630; x_wconf 87' lang='lat' dir='ltr'><strong>animus</strong></span> <span class='ocrx_word' id='word_1_439' title='bbox 1287 604 1427 630; x_wconf 81' lang='lat' dir='ltr'><strong>liberetur.</strong></span> <span class='ocrx_word' id='word_1_440' title='bbox 1446 601 1501 629; x_wconf 82' lang='lat' dir='ltr'><strong>Nec</strong></span> <span class='ocrx_word' id='word_1_441' title='bbox 1518 601 1584 628; x_wconf 92' lang='lat' dir='ltr'><strong>mihi</strong></span> <span class='ocrx_word' id='word_1_442' title='bbox 1603 598 1809 635; x_wconf 58' lang='lat' dir='ltr'><strong>praetereundus</strong></span> 
     </span>
    </p>
   </div>
   <div class='ocr_carea' id='block_1_57' title="bbox 1020 644 1807 686">
    <p class='ocr_par' dir='ltr' id='par_1_57' title="bbox 1020 644 1807 686">
     <span class='ocr_line' id='line_1_57' title="bbox 1020 644 1807 686; baseline -0.008 -10"><span class='ocrx_word' id='word_1_443' title='bbox 1020 650 1205 684; x_wconf 83' lang='lat' dir='ltr'><strong>Empedocles.</strong></span> <span class='ocrx_word' id='word_1_444' title='bbox 1219 649 1351 686; x_wconf 80' lang='lat' dir='ltr'><strong>Physicus</strong></span> <span class='ocrx_word' id='word_1_445' title='bbox 1369 649 1441 675; x_wconf 77' lang='lat' dir='ltr'><strong>enim</strong></span> <span class='ocrx_word' id='word_1_446' title='bbox 1461 649 1505 675; x_wconf 86' lang='lat' dir='ltr'><strong>ille</strong></span> <span class='ocrx_word' id='word_1_447' title='bbox 1520 648 1561 676; x_wconf 79' lang='lat' dir='ltr'><strong>sic</strong></span> <span class='ocrx_word' id='word_1_448' title='bbox 1579 653 1670 674; x_wconf 87' lang='lat' dir='ltr'><strong>rerum</strong></span> <span class='ocrx_word' id='word_1_449' title='bbox 1685 644 1807 671; x_wconf 88' lang='lat' dir='ltr'><strong>omnium</strong></span> 
     </span>
    </p>
   </div>
   <div class='ocr_carea' id='block_1_58' title="bbox 1021 693 1810 729">
    <p class='ocr_par' dir='ltr' id='par_1_58' title="bbox 1021 693 1810 729">
     <span class='ocr_line' id='line_1_58' title="bbox 1021 693 1810 729; baseline -0.009 -7"><span class='ocrx_word' id='word_1_450' title='bbox 1021 695 1229 722; x_wconf 85' lang='lat' dir='ltr'><strong>instaurationis</strong></span> <span class='ocrx_word' id='word_1_451' title='bbox 1245 694 1379 727; x_wconf 87' lang='lat' dir='ltr'><strong>meminit,</strong></span> <span class='ocrx_word' id='word_1_452' title='bbox 1392 697 1422 721; x_wconf 89' lang='lat' dir='ltr'><strong>ut</strong></span> <span class='ocrx_word' id='word_1_453' title='bbox 1439 693 1508 729; x_wconf 83' lang='lat' dir='ltr'><strong>ignis</strong></span> <span class='ocrx_word' id='word_1_454' title='bbox 1522 693 1548 719; x_wconf 92' lang='lat' dir='ltr'><strong>in</strong></span> <span class='ocrx_word' id='word_1_455' title='bbox 1567 696 1691 719; x_wconf 87' lang='lat' dir='ltr'><strong>naturam</strong></span> <span class='ocrx_word' id='word_1_456' title='bbox 1713 693 1810 717; x_wconf 88' lang='lat' dir='ltr'><strong>cuncta</strong></span> 
     </span>
    </p>
   </div>
   <div class='ocr_carea' id='block_1_59' title="bbox 1021 736 1796 775">
    <p class='ocr_par' dir='ltr' id='par_1_59' title="bbox 1021 736 1796 775">
     <span class='ocr_line' id='line_1_59' title="bbox 1021 736 1796 775; baseline -0.012 -5"><span class='ocrx_word' id='word_1_457' title='bbox 1021 743 1085 769; x_wconf 87' lang='lat' dir='ltr'><strong>olim</strong></span> <span class='ocrx_word' id='word_1_458' title='bbox 1102 747 1236 770; x_wconf 84' lang='lat' dir='ltr'><strong>mutatum</strong></span> <span class='ocrx_word' id='word_1_459' title='bbox 1265 741 1297 768; x_wconf 89' lang='lat' dir='ltr'><strong>iri</strong></span> <span class='ocrx_word' id='word_1_460' title='bbox 1321 741 1490 775; x_wconf 83' lang='lat' dir='ltr'><strong>pronuntiet.</strong></span> <span class='ocrx_word' id='word_1_461' title='bbox 1516 739 1573 772; x_wconf 85' lang='lat' dir='ltr'><strong>Qua</strong></span> <span class='ocrx_word' id='word_1_462' title='bbox 1601 738 1626 764; x_wconf 95' lang='lat' dir='ltr'><strong>in</strong></span> <span class='ocrx_word' id='word_1_463' title='bbox 1642 737 1735 764; x_wconf 75' lang='lat' dir='ltr'><strong>eadem</strong></span> <span class='ocrx_word' id='word_1_464' title='bbox 1752 736 1796 770; x_wconf 85' lang='lat' dir='ltr'><strong>opi</strong></span> 
     </span>
    </p>
   </div>
   <div class='ocr_carea' id='block_1_60' title="bbox 1022 780 1812 821">
    <p class='ocr_par' dir='ltr' id='par_1_60' title="bbox 1022 780 1812 821">
     <span class='ocr_line' id='line_1_60' title="bbox 1022 780 1812 821; baseline -0.01 -5"><span class='ocrx_word' id='word_1_465' title='bbox 1022 789 1102 816; x_wconf 86' lang='lat' dir='ltr'><strong>uione</strong></span> <span class='ocrx_word' id='word_1_466' title='bbox 1129 788 1282 815; x_wconf 79' lang='lat' dir='ltr'><strong>Heraclitus</strong></span> <span class='ocrx_word' id='word_1_467' title='bbox 1309 786 1444 821; x_wconf 83' lang='lat' dir='ltr'><strong>Ephesius</strong></span> <span class='ocrx_word' id='word_1_468' title='bbox 1472 783 1615 817; x_wconf 73' lang='lat' dir='ltr'><strong>manifeste</strong></span> <span class='ocrx_word' id='word_1_469' title='bbox 1636 786 1770 810; x_wconf 72' lang='lat' dir='ltr'><strong>versatur.</strong></span> <span class='ocrx_word' id='word_1_470' title='bbox 1788 780 1812 808; x_wconf 88' lang='lat' dir='ltr'><strong>ls</strong></span> 
     </span>
    </p>
   </div>
   <div class='ocr_carea' id='block_1_61' title="bbox 1021 830 1812 868">
    <p class='ocr_par' dir='ltr' id='par_1_61' title="bbox 1021 830 1812 868">
     <span class='ocr_line' id='line_1_61' title="bbox 1021 830 1812 868; baseline -0.009 -6"><span class='ocrx_word' id='word_1_471' title='bbox 1021 837 1093 862; x_wconf 83' lang='lat' dir='ltr'><strong>cnim</strong></span> <span class='ocrx_word' id='word_1_472' title='bbox 1112 836 1244 863; x_wconf 90' lang='lat' dir='ltr'><strong>mundttm</strong></span> <span class='ocrx_word' id='word_1_473' title='bbox 1263 842 1348 861; x_wconf 89' lang='lat' dir='ltr'><strong>unum</strong></span> <span class='ocrx_word' id='word_1_474' title='bbox 1367 832 1511 868; x_wconf 77' lang='lat' dir='ltr'><strong>quemdam</strong></span> <span class='ocrx_word' id='word_1_475' title='bbox 1538 830 1732 865; x_wconf 87' lang='lat' dir='ltr'><strong>sempiternum</strong></span> <span class='ocrx_word' id='word_1_476' title='bbox 1753 835 1812 855; x_wconf 70' lang='lat' dir='ltr'><strong>esse</strong></span> 
     </span>
    </p>
   </div>
   <div class='ocr_carea' id='block_1_62' title="bbox 1024 875 1810 915">
    <p class='ocr_par' dir='ltr' id='par_1_62' title="bbox 1024 875 1810 915">
     <span class='ocr_line' id='line_1_62' title="bbox 1024 875 1810 915; baseline -0.011 -5"><span class='ocrx_word' id='word_1_477' title='bbox 1024 883 1129 915; x_wconf 87' lang='lat' dir='ltr'><strong>statuit,</strong></span> <span class='ocrx_word' id='word_1_478' title='bbox 1143 883 1277 910; x_wconf 83' lang='lat' dir='ltr'><strong>caducum</strong></span> <span class='ocrx_word' id='word_1_479' title='bbox 1298 882 1414 909; x_wconf 81' lang='lat' dir='ltr'><strong>alterum</strong></span> <span class='ocrx_word' id='word_1_480' title='bbox 1440 887 1471 906; x_wconf 84' lang='lat' dir='ltr'><strong>ac</strong></span> <span class='ocrx_word' id='word_1_481' title='bbox 1495 882 1653 913; x_wconf 83' lang='lat' dir='ltr'><strong>pereuntem</strong></span> <span class='ocrx_word' id='word_1_482' title='bbox 1677 875 1810 911; x_wconf 78' lang='lat' dir='ltr'><strong>agnoscit,</strong></span> 
     </span>
    </p>
   </div>
   <div class='ocr_carea' id='block_1_63' title="bbox 1024 921 1811 964">
    <p class='ocr_par' dir='ltr' id='par_1_63' title="bbox 1024 921 1811 964">
     <span class='ocr_line' id='line_1_63' title="bbox 1024 921 1811 964; baseline -0.011 -8"><span class='ocrx_word' id='word_1_483' title='bbox 1024 933 1050 955; x_wconf 79' lang='lat' dir='ltr'><strong>at</strong></span> <span class='ocrx_word' id='word_1_484' title='bbox 1079 933 1192 956; x_wconf 76' lang='lat' dir='ltr'><strong>externa</strong></span> <span class='ocrx_word' id='word_1_485' title='bbox 1222 929 1310 964; x_wconf 90' lang='lat' dir='ltr'><strong>specie</strong></span> <span class='ocrx_word' id='word_1_486' title='bbox 1327 933 1417 959; x_wconf 75' lang='lat' dir='ltr'><strong>tenus,</strong></span> <span class='ocrx_word' id='word_1_487' title='bbox 1442 925 1545 960; x_wconf 81' lang='lat' dir='ltr'><strong>quique</strong></span> <span class='ocrx_word' id='word_1_488' title='bbox 1560 924 1630 950; x_wconf 83' lang='lat' dir='ltr'><strong>alius</strong></span> <span class='ocrx_word' id='word_1_489' title='bbox 1655 930 1708 949; x_wconf 87' lang='lat' dir='ltr'><strong>non</strong></span> <span class='ocrx_word' id='word_1_490' title='bbox 1734 921 1769 948; x_wconf 85' lang='lat' dir='ltr'><strong>sit</strong></span> <span class='ocrx_word' id='word_1_491' title='bbox 1795 928 1811 948; x_wconf 83' lang='lat' dir='ltr'><strong>a</strong></span> 
     </span>
    </p>
   </div>
   <div class='ocr_carea' id='block_1_64' title="bbox 1023 971 1810 1010">
    <p class='ocr_par' dir='ltr' id='par_1_64' title="bbox 1023 971 1810 1010">
     <span class='ocr_line' id='line_1_64' title="bbox 1023 971 1810 1010; baseline -0.01 -7"><span class='ocrx_word' id='word_1_492' title='bbox 1023 976 1122 1010; x_wconf 87' lang='lat' dir='ltr'><strong>priore.</strong></span> <span class='ocrx_word' id='word_1_493' title='bbox 1142 980 1213 1002; x_wconf 87' lang='lat' dir='ltr'><strong>certa</strong></span> <span class='ocrx_word' id='word_1_494' title='bbox 1237 975 1353 1010; x_wconf 83' lang='lat' dir='ltr'><strong>quadam</strong></span> <span class='ocrx_word' id='word_1_495' title='bbox 1376 979 1402 1000; x_wconf 91' lang='lat' dir='ltr'><strong>et</strong></span> <span class='ocrx_word' id='word_1_496' title='bbox 1419 972 1527 1007; x_wconf 82' lang='lat' dir='ltr'><strong>propria</strong></span> <span class='ocrx_word' id='word_1_497' title='bbox 1551 971 1657 997; x_wconf 80' lang='lat' dir='ltr'><strong>ratione</strong></span> <span class='ocrx_word' id='word_1_498' title='bbox 1678 973 1810 1003; x_wconf 86' lang='lat' dir='ltr'><strong>spectato.</strong></span> 
     </span>
    </p>
   </div>
   <div class='ocr_carea' id='block_1_65' title="bbox 1022 1015 1813 1057">
    <p class='ocr_par' dir='ltr' id='par_1_65' title="bbox 1022 1015 1813 1057">
     <span class='ocr_line' id='line_1_65' title="bbox 1022 1015 1813 1057; baseline -0.01 -8"><span class='ocrx_word' id='word_1_499' title='bbox 1022 1021 1089 1048; x_wconf 82' lang='lat' dir='ltr'><strong>Nam</strong></span> <span class='ocrx_word' id='word_1_500' title='bbox 1114 1023 1186 1057; x_wconf 90' lang='lat' dir='ltr'><strong>quod</strong></span> <span class='ocrx_word' id='word_1_501' title='bbox 1205 1021 1401 1056; x_wconf 81' lang='lat' dir='ltr'><strong>sempiternum</strong></span> <span class='ocrx_word' id='word_1_502' title='bbox 1419 1020 1493 1046; x_wconf 92' lang='lat' dir='ltr'><strong>illum</strong></span> <span class='ocrx_word' id='word_1_503' title='bbox 1517 1021 1689 1053; x_wconf 78' lang='lat' dir='ltr'><strong>agnosceret,</strong></span> <span class='ocrx_word' id='word_1_504' title='bbox 1715 1015 1761 1050; x_wconf 85' lang='lat' dir='ltr'><strong>qui</strong></span> <span class='ocrx_word' id='word_1_505' title='bbox 1779 1022 1813 1041; x_wconf 76' lang='lat' dir='ltr'><strong>cx</strong></span> 
     </span>
    </p>
   </div>
   <div class='ocr_carea' id='block_1_66' title="bbox 1023 1061 1814 1097">
    <p class='ocr_par' dir='ltr' id='par_1_66' title="bbox 1023 1061 1814 1097">
     <span class='ocr_line' id='line_1_66' title="bbox 1023 1061 1814 1097; baseline -0.009 -3"><span class='ocrx_word' id='word_1_506' title='bbox 1023 1067 1149 1094; x_wconf 78' lang='lat' dir='ltr'><strong>universa</strong></span> <span class='ocrx_word' id='word_1_507' title='bbox 1171 1075 1261 1094; x_wconf 87' lang='lat' dir='ltr'><strong>rerum</strong></span> <span class='ocrx_word' id='word_1_508' title='bbox 1286 1071 1382 1093; x_wconf 89' lang='lat' dir='ltr'><strong>natura</strong></span> <span class='ocrx_word' id='word_1_509' title='bbox 1401 1070 1540 1094; x_wconf 78' lang='lat' dir='ltr'><strong>Constans,</strong></span> <span class='ocrx_word' id='word_1_510' title='bbox 1557 1063 1608 1090; x_wconf 87' lang='lat' dir='ltr'><strong>sibi</strong></span> <span class='ocrx_word' id='word_1_511' title='bbox 1632 1066 1762 1097; x_wconf 88' lang='lat' dir='ltr'><strong>perpetuo</strong></span> <span class='ocrx_word' id='word_1_512' title='bbox 1776 1061 1814 1088; x_wconf 86' lang='lat' dir='ltr'><strong>si-</strong></span> 
     </span>
    </p>
   </div>
   <div class='ocr_carea' id='block_1_67' title="bbox 1023 1107 1815 1146">
    <p class='ocr_par' dir='ltr' id='par_1_67' title="bbox 1023 1107 1815 1146">
     <span class='ocr_line' id='line_1_67' title="bbox 1023 1107 1815 1146; baseline -0.01 -6"><span class='ocrx_word' id='word_1_513' title='bbox 1023 1114 1096 1140; x_wconf 89' lang='lat' dir='ltr'><strong>milis</strong></span> <span class='ocrx_word' id='word_1_514' title='bbox 1110 1118 1228 1143; x_wconf 80' lang='lat' dir='ltr'><strong>maneat.</strong></span> <span class='ocrx_word' id='word_1_515' title='bbox 1243 1112 1346 1139; x_wconf 74' lang='lat' dir='ltr'><strong>diserte</strong></span> <span class='ocrx_word' id='word_1_516' title='bbox 1368 1111 1511 1146; x_wconf 85' lang='lat' dir='ltr'><strong>profitetur</strong></span> <span class='ocrx_word' id='word_1_517' title='bbox 1526 1110 1568 1136; x_wconf 88' lang='lat' dir='ltr'><strong>his</strong></span> <span class='ocrx_word' id='word_1_518' title='bbox 1587 1109 1678 1136; x_wconf 87' lang='lat' dir='ltr'><strong>verbis</strong></span> <span class='ocrx_word' id='word_1_519' title='bbox 1694 1116 1701 1133; x_wconf 88' lang='lat'><strong>:</strong></span> <span class='ocrx_word' id='word_1_520' title='bbox 1720 1107 1815 1134; x_wconf 71' lang='lat' dir='ltr'><strong>«Mun-</strong></span> 
     </span>
    </p>
   </div>
   <div class='ocr_carea' id='block_1_68' title="bbox 1022 1156 1815 1194">
    <p class='ocr_par' dir='ltr' id='par_1_68' title="bbox 1022 1156 1815 1194">
     <span class='ocr_line' id='line_1_68' title="bbox 1022 1156 1815 1194; baseline -0.009 -7"><span class='ocrx_word' id='word_1_521' title='bbox 1022 1161 1238 1192; x_wconf 77' lang='lat' dir='ltr'><strong>dum,eumdem,</strong></span> <span class='ocrx_word' id='word_1_522' title='bbox 1263 1159 1361 1194; x_wconf 87' lang='lat' dir='ltr'><strong>inquit,</strong></span> <span class='ocrx_word' id='word_1_523' title='bbox 1391 1167 1482 1186; x_wconf 88' lang='lat' dir='ltr'><strong>rerum</strong></span> <span class='ocrx_word' id='word_1_524' title='bbox 1506 1156 1710 1184; x_wconf 86' lang='lat' dir='ltr'><strong>universitatem</strong></span> <span class='ocrx_word' id='word_1_525' title='bbox 1739 1162 1815 1182; x_wconf 59' lang='lat' dir='ltr'><strong>com.</strong></span> 
     </span>
    </p>
   </div>
   <div class='ocr_carea' id='block_1_69' title="bbox 1024 1201 1815 1241">
    <p class='ocr_par' dir='ltr' id='par_1_69' title="bbox 1024 1201 1815 1241">
     <span class='ocr_line' id='line_1_69' title="bbox 1024 1201 1815 1241; baseline -0.005 -9"><span class='ocrx_word' id='word_1_526' title='bbox 1024 1207 1143 1241; x_wconf 83' lang='lat' dir='ltr'><strong>plcxum,</strong></span> <span class='ocrx_word' id='word_1_527' title='bbox 1170 1205 1285 1232; x_wconf 89' lang='lat' dir='ltr'><strong>deorum</strong></span> <span class='ocrx_word' id='word_1_528' title='bbox 1311 1204 1487 1232; x_wconf 81' lang='lat' dir='ltr'><strong>hominumve</strong></span> <span class='ocrx_word' id='word_1_529' title='bbox 1510 1209 1590 1229; x_wconf 87' lang='lat' dir='ltr'><strong>nemo</strong></span> <span class='ocrx_word' id='word_1_530' title='bbox 1606 1201 1747 1234; x_wconf 86' lang='lat' dir='ltr'><strong>condidit;</strong></span> <span class='ocrx_word' id='word_1_531' title='bbox 1767 1201 1815 1228; x_wconf 77' lang='lat' dir='ltr'><strong>sed</strong></span> 
     </span>
    </p>
   </div>
   <div class='ocr_carea' id='block_1_70' title="bbox 1025 1247 1816 1284">
    <p class='ocr_par' dir='ltr' id='par_1_70' title="bbox 1025 1247 1816 1284">
     <span class='ocr_line' id='line_1_70' title="bbox 1025 1247 1816 1284; baseline -0.006 -7"><span class='ocrx_word' id='word_1_532' title='bbox 1025 1250 1075 1277; x_wconf 82' lang='lat' dir='ltr'><strong>fuit</strong></span> <span class='ocrx_word' id='word_1_533' title='bbox 1100 1250 1182 1281; x_wconf 89' lang='lat' dir='ltr'><strong>idem,</strong></span> <span class='ocrx_word' id='word_1_534' title='bbox 1201 1253 1252 1281; x_wconf 85' lang='lat' dir='ltr'><strong>est,</strong></span> <span class='ocrx_word' id='word_1_535' title='bbox 1270 1249 1376 1284; x_wconf 83' lang='lat' dir='ltr'><strong>eritque</strong></span> <span class='ocrx_word' id='word_1_536' title='bbox 1393 1256 1510 1283; x_wconf 84' lang='lat' dir='ltr'><strong>semper,</strong></span> <span class='ocrx_word' id='word_1_537' title='bbox 1539 1247 1610 1281; x_wconf 71' lang='lat' dir='ltr'><strong>ignis</strong></span> <span class='ocrx_word' id='word_1_538' title='bbox 1627 1247 1735 1282; x_wconf 83' lang='lat' dir='ltr'><strong>quidam</strong></span> <span class='ocrx_word' id='word_1_539' title='bbox 1753 1254 1816 1280; x_wconf 83' lang='lat' dir='ltr'><strong>per-</strong></span> 
     </span>
    </p>
   </div>
   <div class='ocr_carea' id='block_1_71' title="bbox 1024 1291 1814 1330">
    <p class='ocr_par' dir='ltr' id='par_1_71' title="bbox 1024 1291 1814 1330">
     <span class='ocr_line' id='line_1_71' title="bbox 1024 1291 1814 1330; baseline -0.005 -8"><span class='ocrx_word' id='word_1_540' title='bbox 1024 1299 1105 1330; x_wconf 83' lang='lat' dir='ltr'><strong>petuo</strong></span> <span class='ocrx_word' id='word_1_541' title='bbox 1119 1295 1221 1325; x_wconf 82' lang='lat' dir='ltr'><strong>vivens.</strong></span> <span class='ocrx_word' id='word_1_542' title='bbox 1235 1294 1336 1329; x_wconf 85' lang='lat' dir='ltr'><strong>quique</strong></span> <span class='ocrx_word' id='word_1_543' title='bbox 1350 1294 1470 1321; x_wconf 83' lang='lat' dir='ltr'><strong>vicissim</strong></span> <span class='ocrx_word' id='word_1_544' title='bbox 1486 1297 1513 1320; x_wconf 87' lang='lat' dir='ltr'><strong>et</strong></span> <span class='ocrx_word' id='word_1_545' title='bbox 1526 1292 1684 1320; x_wconf 83' lang='lat' dir='ltr'><strong>accenditur</strong></span> <span class='ocrx_word' id='word_1_546' title='bbox 1697 1291 1814 1323; x_wconf 84' lang='lat' dir='ltr'><strong>modice,</strong></span> 
     </span>
    </p>
   </div>
   <div class='ocr_carea' id='block_1_72' title="bbox 1025 1337 1815 1375">
    <p class='ocr_par' dir='ltr' id='par_1_72' title="bbox 1025 1337 1815 1375">
     <span class='ocr_line' id='line_1_72' title="bbox 1025 1337 1815 1375; baseline -0.006 -7"><span class='ocrx_word' id='word_1_547' title='bbox 1025 1346 1051 1368; x_wconf 89' lang='lat' dir='ltr'><strong>et</strong></span> <span class='ocrx_word' id='word_1_548' title='bbox 1074 1341 1179 1368; x_wconf 90' lang='lat' dir='ltr'><strong>modice</strong></span> <span class='ocrx_word' id='word_1_549' title='bbox 1195 1340 1403 1375; x_wconf 66' lang='lat' dir='ltr'><strong>restinguitur.»</strong></span> <span class='ocrx_word' id='word_1_550' title='bbox 1427 1338 1503 1372; x_wconf 84' lang='lat' dir='ltr'><strong>Quod</strong></span> <span class='ocrx_word' id='word_1_551' title='bbox 1523 1344 1613 1365; x_wconf 87' lang='lat' dir='ltr'><strong>autem</strong></span> <span class='ocrx_word' id='word_1_552' title='bbox 1631 1338 1706 1364; x_wconf 81' lang='lat' dir='ltr'><strong>illurn</strong></span> <span class='ocrx_word' id='word_1_553' title='bbox 1726 1337 1815 1372; x_wconf 88' lang='lat' dir='ltr'><strong>ipsum</strong></span> 
     </span>
    </p>
   </div>
   <div class='ocr_carea' id='block_1_73' title="bbox 1024 1383 1816 1421">
    <p class='ocr_par' dir='ltr' id='par_1_73' title="bbox 1024 1383 1816 1421">
     <span class='ocr_line' id='line_1_73' title="bbox 1024 1383 1816 1421; baseline -0.005 -7"><span class='ocrx_word' id='word_1_554' title='bbox 1024 1392 1050 1414; x_wconf 91' lang='lat' dir='ltr'><strong>et</strong></span> <span class='ocrx_word' id='word_1_555' title='bbox 1067 1388 1199 1421; x_wconf 82' lang='lat' dir='ltr'><strong>genitum,</strong></span> <span class='ocrx_word' id='word_1_556' title='bbox 1212 1391 1239 1415; x_wconf 88' lang='lat' dir='ltr'><strong>et</strong></span> <span class='ocrx_word' id='word_1_557' title='bbox 1249 1385 1415 1420; x_wconf 87' lang='lat' dir='ltr'><strong>corruptioni</strong></span> <span class='ocrx_word' id='word_1_558' title='bbox 1428 1384 1576 1412; x_wconf 77' lang='lat' dir='ltr'><strong>obnoxium</strong></span> <span class='ocrx_word' id='word_1_559' title='bbox 1590 1391 1650 1411; x_wconf 82' lang='lat' dir='ltr'><strong>esse</strong></span> <span class='ocrx_word' id='word_1_560' title='bbox 1662 1383 1816 1416; x_wconf 87' lang='lat' dir='ltr'><strong>tradiderit,</strong></span> 
     </span>
    </p>
   </div>
   <div class='ocr_carea' id='block_1_74' title="bbox 1024 1430 1816 1468">
    <p class='ocr_par' dir='ltr' id='par_1_74' title="bbox 1024 1430 1816 1468">
     <span class='ocr_line' id='line_1_74' title="bbox 1024 1430 1816 1468; baseline -0.004 -8"><span class='ocrx_word' id='word_1_561' title='bbox 1024 1441 1057 1460; x_wconf 72' lang='lat' dir='ltr'><strong>ett</strong></span> <span class='ocrx_word' id='word_1_562' title='bbox 1082 1434 1259 1468; x_wconf 88' lang='lat' dir='ltr'><strong>sequentibus</strong></span> <span class='ocrx_word' id='word_1_563' title='bbox 1284 1432 1436 1467; x_wconf 74' lang='lat' dir='ltr'><strong>intelligas:</strong></span> <span class='ocrx_word' id='word_1_564' title='bbox 1457 1441 1466 1457; x_wconf 73' lang='grc' dir='ltr'><strong>ι</strong></span> <span class='ocrx_word' id='word_1_565' title='bbox 1489 1431 1559 1458; x_wconf 87' lang='lat' dir='ltr'><strong>Sunt</strong></span> <span class='ocrx_word' id='word_1_566' title='bbox 1584 1431 1657 1458; x_wconf 88' lang='lat' dir='ltr'><strong>enim</strong></span> <span class='ocrx_word' id='word_1_567' title='bbox 1673 1451 1680 1463; x_wconf 92' lang='lat'><strong>,</strong></span> <span class='ocrx_word' id='word_1_568' title='bbox 1706 1430 1816 1465; x_wconf 84' lang='lat' dir='ltr'><strong>inquit,</strong></span> 
     </span>
    </p>
   </div>
   <div class='ocr_carea' id='block_1_75' title="bbox 1025 1476 1817 1513">
    <p class='ocr_par' dir='ltr' id='par_1_75' title="bbox 1025 1476 1817 1513">
     <span class='ocr_line' id='line_1_75' title="bbox 1025 1476 1817 1513; baseline -0.001 -9"><span class='ocrx_word' id='word_1_569' title='bbox 1025 1478 1095 1513; x_wconf 75' lang='lat' dir='ltr'><strong>ignis</strong></span> <span class='ocrx_word' id='word_1_570' title='bbox 1121 1479 1314 1506; x_wconf 85' lang='lat' dir='ltr'><strong>conversiones</strong></span> <span class='ocrx_word' id='word_1_571' title='bbox 1344 1477 1412 1508; x_wconf 66' lang='lat' dir='ltr'><strong>istac,</strong></span> <span class='ocrx_word' id='word_1_572' title='bbox 1432 1481 1461 1503; x_wconf 90' lang='lat' dir='ltr'><strong>ut</strong></span> <span class='ocrx_word' id='word_1_573' title='bbox 1485 1476 1602 1511; x_wconf 92' lang='lat' dir='ltr'><strong>primum</strong></span> <span class='ocrx_word' id='word_1_574' title='bbox 1629 1484 1662 1503; x_wconf 79' lang='lat' dir='ltr'><strong>ex</strong></span> <span class='ocrx_word' id='word_1_575' title='bbox 1688 1477 1741 1511; x_wconf 79' lang='lat' dir='ltr'><strong>igni</strong></span> <span class='ocrx_word' id='word_1_576' title='bbox 1770 1476 1817 1503; x_wconf 82' lang='lat' dir='ltr'><strong>fiat</strong></span> 
     </span>
    </p>
   </div>
   <div class='ocr_carea' id='block_1_76' title="bbox 1026 1521 1817 1559">
    <p class='ocr_par' dir='ltr' id='par_1_76' title="bbox 1026 1521 1817 1559">
     <span class='ocr_line' id='line_1_76' title="bbox 1026 1521 1817 1559; baseline -0.006 -7"><span class='ocrx_word' id='word_1_577' title='bbox 1026 1532 1110 1558; x_wconf 75' lang='lat' dir='ltr'><strong>mare,</strong></span> <span class='ocrx_word' id='word_1_578' title='bbox 1128 1530 1185 1552; x_wconf 93' lang='lat' dir='ltr'><strong>tum</strong></span> <span class='ocrx_word' id='word_1_579' title='bbox 1200 1532 1263 1559; x_wconf 83' lang='lat' dir='ltr'><strong>pars</strong></span> <span class='ocrx_word' id='word_1_580' title='bbox 1277 1523 1361 1551; x_wconf 89' lang='lat' dir='ltr'><strong>maris</strong></span> <span class='ocrx_word' id='word_1_581' title='bbox 1383 1522 1495 1550; x_wconf 85' lang='lat' dir='ltr'><strong>dimidia</strong></span> <span class='ocrx_word' id='word_1_582' title='bbox 1534 1522 1560 1548; x_wconf 90' lang='lat' dir='ltr'><strong>in</strong></span> <span class='ocrx_word' id='word_1_583' title='bbox 1578 1529 1688 1553; x_wconf 75' lang='lat' dir='ltr'><strong>terram,</strong></span> <span class='ocrx_word' id='word_1_584' title='bbox 1705 1521 1817 1548; x_wconf 82' lang='lat' dir='ltr'><strong>dimidia</strong></span> 
     </span>
    </p>
   </div>
   <div class='ocr_carea' id='block_1_77' title="bbox 1026 1567 1818 1606">
    <p class='ocr_par' dir='ltr' id='par_1_77' title="bbox 1026 1567 1818 1606">
     <span class='ocr_line' id='line_1_77' title="bbox 1026 1567 1818 1606; baseline -0.006 -8"><span class='ocrx_word' id='word_1_585' title='bbox 1026 1571 1052 1598; x_wconf 91' lang='lat' dir='ltr'><strong>iu</strong></span> <span class='ocrx_word' id='word_1_586' title='bbox 1070 1579 1194 1606; x_wconf 81' lang='lat' dir='ltr'><strong>vaporem</strong></span> <span class='ocrx_word' id='word_1_587' title='bbox 1210 1571 1318 1606; x_wconf 80' lang='lat' dir='ltr'><strong>igneum</strong></span> <span class='ocrx_word' id='word_1_588' title='bbox 1335 1571 1424 1597; x_wconf 83' lang='lat' dir='ltr'><strong>abeat.</strong></span> <span class='ocrx_word' id='word_1_589' title='bbox 1443 1578 1452 1595; x_wconf 77' lang='grc' dir='ltr'><strong>ι</strong></span> <span class='ocrx_word' id='word_1_590' title='bbox 1469 1567 1536 1595; x_wconf 90' lang='lat' dir='ltr'><strong>Nam</strong></span> <span class='ocrx_word' id='word_1_591' title='bbox 1555 1569 1627 1603; x_wconf 88' lang='lat' dir='ltr'><strong>quod</strong></span> <span class='ocrx_word' id='word_1_592' title='bbox 1641 1575 1686 1595; x_wconf 86' lang='lat' dir='ltr'><strong>eas</strong></span> <span class='ocrx_word' id='word_1_593' title='bbox 1704 1574 1818 1594; x_wconf 87' lang='lat' dir='ltr'><strong>conver-</strong></span> 
     </span>
    </p>
   </div>
   <div class='ocr_carea' id='block_1_78' title="bbox 1026 1613 1817 1652">
    <p class='ocr_par' dir='ltr' id='par_1_78' title="bbox 1026 1613 1817 1652">
     <span class='ocr_line' id='line_1_78' title="bbox 1026 1613 1817 1652; baseline -0.009 -7"><span class='ocrx_word' id='word_1_594' title='bbox 1026 1618 1116 1645; x_wconf 87' lang='lat' dir='ltr'><strong>siones</strong></span> <span class='ocrx_word' id='word_1_595' title='bbox 1140 1621 1273 1652; x_wconf 88' lang='lat' dir='ltr'><strong>potestate</strong></span> <span class='ocrx_word' id='word_1_596' title='bbox 1296 1617 1354 1643; x_wconf 89' lang='lat' dir='ltr'><strong>ficri</strong></span> <span class='ocrx_word' id='word_1_597' title='bbox 1377 1615 1444 1648; x_wconf 88' lang='lat' dir='ltr'><strong>vult,</strong></span> <span class='ocrx_word' id='word_1_598' title='bbox 1460 1615 1495 1642; x_wconf 86' lang='lat' dir='ltr'><strong>ab</strong></span> <span class='ocrx_word' id='word_1_599' title='bbox 1516 1622 1549 1641; x_wconf 88' lang='lat' dir='ltr'><strong>eo</strong></span> <span class='ocrx_word' id='word_1_600' title='bbox 1573 1614 1652 1648; x_wconf 83' lang='lat' dir='ltr'><strong>cujus</strong></span> <span class='ocrx_word' id='word_1_601' title='bbox 1668 1613 1694 1639; x_wconf 91' lang='lat' dir='ltr'><strong>vi</strong></span> <span class='ocrx_word' id='word_1_602' title='bbox 1718 1618 1817 1640; x_wconf 83' lang='lat' dir='ltr'><strong>cuncta</strong></span> 
     </span>
    </p>
   </div>
   <div class='ocr_carea' id='block_1_79' title="bbox 1026 1661 1817 1698">
    <p class='ocr_par' dir='ltr' id='par_1_79' title="bbox 1026 1661 1817 1698">
     <span class='ocr_line' id='line_1_79' title="bbox 1026 1661 1817 1698; baseline -0.006 -7"><span class='ocrx_word' id='word_1_603' title='bbox 1026 1668 1158 1698; x_wconf 72' lang='lat' dir='ltr'><strong>reguntur</strong></span> <span class='ocrx_word' id='word_1_604' title='bbox 1182 1662 1270 1694; x_wconf 72' lang='lat' dir='ltr'><strong>Verlto</strong></span> <span class='ocrx_word' id='word_1_605' title='bbox 1293 1668 1374 1697; x_wconf 90' lang='lat' dir='ltr'><strong>atque</strong></span> <span class='ocrx_word' id='word_1_606' title='bbox 1392 1663 1465 1695; x_wconf 86' lang='lat' dir='ltr'><strong>Deo,</strong></span> <span class='ocrx_word' id='word_1_607' title='bbox 1492 1662 1580 1697; x_wconf 76' lang='lat' dir='ltr'><strong>ignem</strong></span> <span class='ocrx_word' id='word_1_608' title='bbox 1601 1669 1649 1695; x_wconf 88' lang='lat' dir='ltr'><strong>per</strong></span> <span class='ocrx_word' id='word_1_609' title='bbox 1674 1668 1764 1687; x_wconf 87' lang='lat' dir='ltr'><strong>aerem</strong></span> <span class='ocrx_word' id='word_1_610' title='bbox 1791 1661 1817 1686; x_wconf 93' lang='lat' dir='ltr'><strong>in</strong></span> 
     </span>
    </p>
   </div>
   <div class='ocr_carea' id='block_1_80' title="bbox 1028 1707 1818 1744">
    <p class='ocr_par' dir='ltr' id='par_1_80' title="bbox 1028 1707 1818 1744">
     <span class='ocr_line' id='line_1_80' title="bbox 1028 1707 1818 1744; baseline -0.006 -8"><span class='ocrx_word' id='word_1_611' title='bbox 1028 1709 1171 1736; x_wconf 90' lang='lat' dir='ltr'><strong>humidum</strong></span> <span class='ocrx_word' id='word_1_612' title='bbox 1185 1709 1308 1736; x_wconf 90' lang='lat' dir='ltr'><strong>converti</strong></span> <span class='ocrx_word' id='word_1_613' title='bbox 1327 1709 1472 1744; x_wconf 76' lang='lat' dir='ltr'><strong>significat,</strong></span> <span class='ocrx_word' id='word_1_614' title='bbox 1490 1708 1563 1743; x_wconf 91' lang='lat' dir='ltr'><strong>quod</strong></span> <span class='ocrx_word' id='word_1_615' title='bbox 1582 1707 1616 1734; x_wconf 91' lang='lat' dir='ltr'><strong>ab</strong></span> <span class='ocrx_word' id='word_1_616' title='bbox 1629 1714 1663 1734; x_wconf 90' lang='lat' dir='ltr'><strong>eo</strong></span> <span class='ocrx_word' id='word_1_617' title='bbox 1679 1713 1752 1733; x_wconf 89' lang='lat' dir='ltr'><strong>mare</strong></span> <span class='ocrx_word' id='word_1_618' title='bbox 1768 1713 1818 1732; x_wconf 90' lang='lat' dir='ltr'><strong>vo-</strong></span> 
     </span>
    </p>
   </div>
   <div class='ocr_carea' id='block_1_81' title="bbox 1026 1752 1818 1790">
    <p class='ocr_par' dir='ltr' id='par_1_81' title="bbox 1026 1752 1818 1790">
     <span class='ocr_line' id='line_1_81' title="bbox 1026 1752 1818 1790; baseline -0.004 -8"><span class='ocrx_word' id='word_1_619' title='bbox 1026 1761 1120 1788; x_wconf 85' lang='lat' dir='ltr'><strong>catur,</strong></span> <span class='ocrx_word' id='word_1_620' title='bbox 1153 1755 1298 1782; x_wconf 84' lang='lat' dir='ltr'><strong>exterioris</strong></span> <span class='ocrx_word' id='word_1_621' title='bbox 1325 1755 1407 1790; x_wconf 89' lang='lat' dir='ltr'><strong>hujus</strong></span> <span class='ocrx_word' id='word_1_622' title='bbox 1433 1759 1547 1782; x_wconf 88' lang='lat' dir='ltr'><strong>ornatus</strong></span> <span class='ocrx_word' id='word_1_623' title='bbox 1563 1752 1709 1789; x_wconf 65' lang='lat' dir='ltr'><strong>&quot;quoddam</strong></span> <span class='ocrx_word' id='word_1_624' title='bbox 1739 1753 1818 1788; x_wconf 75' lang='lat' dir='ltr'><strong>qttasi</strong></span> 
     </span>
    </p>
   </div>
   <div class='ocr_carea' id='block_1_82' title="bbox 1027 1796 1819 1835">
    <p class='ocr_par' dir='ltr' id='par_1_82' title="bbox 1027 1796 1819 1835">
     <span class='ocr_line' id='line_1_82' title="bbox 1027 1796 1819 1835; baseline -0.003 -7"><span class='ocrx_word' id='word_1_625' title='bbox 1027 1809 1131 1834; x_wconf 82' lang='lat' dir='ltr'><strong>semen,</strong></span> <span class='ocrx_word' id='word_1_626' title='bbox 1151 1796 1188 1828; x_wconf 64' lang='grc' dir='ltr'>ἐκ</span> <span class='ocrx_word' id='word_1_627' title='bbox 1213 1808 1268 1835; x_wconf 89' lang='lat' dir='ltr'><strong>quo</strong></span> <span class='ocrx_word' id='word_1_628' title='bbox 1293 1801 1391 1827; x_wconf 84' lang='lat' dir='ltr'><strong>deinde</strong></span> <span class='ocrx_word' id='word_1_629' title='bbox 1420 1801 1521 1828; x_wconf 73' lang='lat' dir='ltr'><strong>coelum</strong></span> <span class='ocrx_word' id='word_1_630' title='bbox 1547 1808 1578 1827; x_wconf 88' lang='lat' dir='ltr'><strong>ac</strong></span> <span class='ocrx_word' id='word_1_631' title='bbox 1601 1805 1687 1830; x_wconf 84' lang='lat' dir='ltr'><strong>terra.</strong></span> <span class='ocrx_word' id='word_1_632' title='bbox 1704 1806 1819 1834; x_wconf 62' lang='lat' dir='ltr'><strong>quaeque</strong></span> 
     </span>
    </p>
   </div>
   <div class='ocr_carea' id='block_1_83' title="bbox 1027 1846 1819 1879">
    <p class='ocr_par' dir='ltr' id='par_1_83' title="bbox 1027 1846 1819 1879">
     <span class='ocr_line' id='line_1_83' title="bbox 1027 1846 1819 1879; baseline -0.001 -5"><span class='ocrx_word' id='word_1_633' title='bbox 1027 1849 1171 1875; x_wconf 75' lang='lat' dir='ltr'><strong>auiborum</strong></span> <span class='ocrx_word' id='word_1_634' title='bbox 1185 1848 1248 1874; x_wconf 90' lang='lat' dir='ltr'><strong>sinu</strong></span> <span class='ocrx_word' id='word_1_635' title='bbox 1266 1848 1457 1879; x_wconf 77' lang='lat' dir='ltr'><strong>continentur,</strong></span> <span class='ocrx_word' id='word_1_636' title='bbox 1475 1848 1616 1874; x_wconf 71' lang='lat' dir='ltr'><strong>exsistant.</strong></span> <span class='ocrx_word' id='word_1_637' title='bbox 1636 1846 1819 1879; x_wconf 83' lang='lat' dir='ltr'><strong>Quemadmo-</strong></span> 
     </span>
    </p>
   </div>
   <div class='ocr_carea' id='block_1_84' title="bbox 1027 1892 1820 1926">
    <p class='ocr_par' dir='ltr' id='par_1_84' title="bbox 1027 1892 1820 1926">
     <span class='ocr_line' id='line_1_84' title="bbox 1027 1892 1820 1926; baseline -0.006 -5"><span class='ocrx_word' id='word_1_638' title='bbox 1027 1894 1091 1921; x_wconf 92' lang='lat' dir='ltr'><strong>dum</strong></span> <span class='ocrx_word' id='word_1_639' title='bbox 1100 1902 1162 1921; x_wconf 77' lang='lat' dir='ltr'><strong>vero</strong></span> <span class='ocrx_word' id='word_1_640' title='bbox 1172 1894 1242 1920; x_wconf 90' lang='lat' dir='ltr'><strong>idem</strong></span> <span class='ocrx_word' id='word_1_641' title='bbox 1251 1894 1302 1921; x_wconf 84' lang='lat' dir='ltr'><strong>sibi</strong></span> <span class='ocrx_word' id='word_1_642' title='bbox 1310 1893 1447 1924; x_wconf 80' lang='lat' dir='ltr'><strong>reddatur,</strong></span> <span class='ocrx_word' id='word_1_643' title='bbox 1455 1901 1486 1920; x_wconf 85' lang='lat' dir='ltr'><strong>ac</strong></span> <span class='ocrx_word' id='word_1_644' title='bbox 1496 1900 1592 1920; x_wconf 83' lang='lat' dir='ltr'><strong>rursus</strong></span> <span class='ocrx_word' id='word_1_645' title='bbox 1601 1892 1731 1926; x_wconf 71' lang='lat' dir='ltr'><strong>ignescet,</strong></span> <span class='ocrx_word' id='word_1_646' title='bbox 1742 1893 1820 1925; x_wconf 87' lang='lat' dir='ltr'><strong>plane</strong></span> 
     </span>
    </p>
   </div>
   <div class='ocr_carea' id='block_1_85' title="bbox 1027 1937 1817 1975">
    <p class='ocr_par' dir='ltr' id='par_1_85' title="bbox 1027 1937 1817 1975">
     <span class='ocr_line' id='line_1_85' title="bbox 1027 1937 1817 1975; baseline -0.006 -8"><span class='ocrx_word' id='word_1_647' title='bbox 1027 1940 1125 1975; x_wconf 84' lang='lat' dir='ltr'><strong>aperit,</strong></span> <span class='ocrx_word' id='word_1_648' title='bbox 1146 1940 1210 1967; x_wconf 91' lang='lat' dir='ltr'><strong>dum</strong></span> <span class='ocrx_word' id='word_1_649' title='bbox 1229 1940 1264 1966; x_wconf 87' lang='lat' dir='ltr'><strong>ita</strong></span> <span class='ocrx_word' id='word_1_650' title='bbox 1285 1939 1424 1974; x_wconf 80' lang='lat' dir='ltr'><strong>subjungit</strong></span> <span class='ocrx_word' id='word_1_651' title='bbox 1440 1948 1446 1966; x_wconf 95' lang='lat'><strong><em>:</em></strong></span> <span class='ocrx_word' id='word_1_652' title='bbox 1465 1947 1475 1964; x_wconf 71' lang='grc' dir='ltr'><strong>ι</strong></span> <span class='ocrx_word' id='word_1_653' title='bbox 1494 1938 1577 1970; x_wconf 83' lang='lat' dir='ltr'><strong>Mare,</strong></span> <span class='ocrx_word' id='word_1_654' title='bbox 1596 1938 1695 1971; x_wconf 82' lang='lat' dir='ltr'><strong>inquit.</strong></span> <span class='ocrx_word' id='word_1_655' title='bbox 1722 1937 1817 1962; x_wconf 86' lang='lat' dir='ltr'><strong>eodem</strong></span> 
     </span>
    </p>
   </div>
   <div class='ocr_carea' id='block_1_86' title="bbox 1027 1983 1820 2021">
    <p class='ocr_par' dir='ltr' id='par_1_86' title="bbox 1027 1983 1820 2021">
     <span class='ocr_line' id='line_1_86' title="bbox 1027 1983 1820 2021; baseline -0.008 -8"><span class='ocrx_word' id='word_1_656' title='bbox 1027 1993 1141 2021; x_wconf 86' lang='lat' dir='ltr'><strong>prorsus</strong></span> <span class='ocrx_word' id='word_1_657' title='bbox 1155 1985 1247 2016; x_wconf 86' lang='lat' dir='ltr'><strong>modo,</strong></span> <span class='ocrx_word' id='word_1_658' title='bbox 1263 1985 1414 2020; x_wconf 87' lang='lat' dir='ltr'><strong>eodemque</strong></span> <span class='ocrx_word' id='word_1_659' title='bbox 1435 1984 1586 2011; x_wconf 85' lang='lat' dir='ltr'><strong>mensionis</strong></span> <span class='ocrx_word' id='word_1_660' title='bbox 1605 1990 1702 2018; x_wconf 77' lang='lat' dir='ltr'><strong>genere</strong></span> <span class='ocrx_word' id='word_1_661' title='bbox 1716 1983 1820 2009; x_wconf 78' lang='lat' dir='ltr'><strong>ditl&#39;un~</strong></span> 
     </span>
    </p>
   </div>
   <div class='ocr_carea' id='block_1_87' title="bbox 1028 2027 1818 2066">
    <p class='ocr_par' dir='ltr' id='par_1_87' title="bbox 1028 2027 1818 2066">
     <span class='ocr_line' id='line_1_87' title="bbox 1028 2027 1818 2066; baseline -0.006 -7"><span class='ocrx_word' id='word_1_662' title='bbox 1028 2032 1110 2062; x_wconf 87' lang='lat' dir='ltr'><strong>ditur,</strong></span> <span class='ocrx_word' id='word_1_663' title='bbox 1125 2039 1179 2066; x_wconf 89' lang='lat' dir='ltr'><strong>quo</strong></span> <span class='ocrx_word' id='word_1_664' title='bbox 1202 2031 1360 2066; x_wconf 87' lang='lat' dir='ltr'><strong>priusquatn</strong></span> <span class='ocrx_word' id='word_1_665' title='bbox 1389 2035 1460 2057; x_wconf 84' lang='lat' dir='ltr'><strong>terra</strong></span> <span class='ocrx_word' id='word_1_666' title='bbox 1482 2030 1565 2056; x_wconf 82' lang='lat' dir='ltr'><strong>fieret.</strong></span> <span class='ocrx_word' id='word_1_667' title='bbox 1589 2038 1598 2054; x_wconf 78' lang='grc' dir='ltr'><strong>ι</strong></span> <span class='ocrx_word' id='word_1_668' title='bbox 1626 2027 1703 2061; x_wconf 83' lang='lat' dir='ltr'><strong>Quod</strong></span> <span class='ocrx_word' id='word_1_669' title='bbox 1730 2028 1818 2062; x_wconf 86' lang='lat' dir='ltr'><strong>ipsum</strong></span> 
     </span>
    </p>
   </div>
   <div class='ocr_carea' id='block_1_88' title="bbox 1029 2073 1818 2108">
    <p class='ocr_par' dir='ltr' id='par_1_88' title="bbox 1029 2073 1818 2108">
     <span class='ocr_line' id='line_1_88' title="bbox 1029 2073 1818 2108; baseline -0.009 -3"><span class='ocrx_word' id='word_1_670' title='bbox 1029 2079 1062 2106; x_wconf 91' lang='lat' dir='ltr'><strong>de</strong></span> <span class='ocrx_word' id='word_1_671' title='bbox 1085 2078 1146 2105; x_wconf 87' lang='lat' dir='ltr'><strong>aliis</strong></span> <span class='ocrx_word' id='word_1_672' title='bbox 1171 2078 1299 2105; x_wconf 82' lang='lat' dir='ltr'><strong>similiter</strong></span> <span class='ocrx_word' id='word_1_673' title='bbox 1324 2076 1465 2103; x_wconf 86' lang='lat' dir='ltr'><strong>clementis</strong></span> <span class='ocrx_word' id='word_1_674' title='bbox 1490 2074 1617 2108; x_wconf 70' lang='lat' dir='ltr'><strong>intellige.</strong></span> <span class='ocrx_word' id='word_1_675' title='bbox 1643 2073 1712 2100; x_wconf 85' lang='lat' dir='ltr'><strong>Huic</strong></span> <span class='ocrx_word' id='word_1_676' title='bbox 1729 2073 1818 2099; x_wconf 82' lang='lat' dir='ltr'><strong>afliuia</strong></span> 
     </span>
    </p>
   </div>
   <div class='ocr_carea' id='block_1_89' title="bbox 1030 2120 1818 2152">
    <p class='ocr_par' dir='ltr' id='par_1_89' title="bbox 1030 2120 1818 2152">
     <span class='ocr_line' id='line_1_89' title="bbox 1030 2120 1818 2152; baseline -0.006 -1"><span class='ocrx_word' id='word_1_677' title='bbox 1030 2125 1164 2152; x_wconf 84' lang='lat' dir='ltr'><strong>docenlur</strong></span> <span class='ocrx_word' id='word_1_678' title='bbox 1186 2132 1201 2151; x_wconf 86' lang='lat' dir='ltr'><strong>a</strong></span> <span class='ocrx_word' id='word_1_679' title='bbox 1228 2123 1383 2150; x_wconf 88' lang='lat' dir='ltr'><strong>Stoicorum</strong></span> <span class='ocrx_word' id='word_1_680' title='bbox 1405 2121 1611 2151; x_wconf 90' lang='lat' dir='ltr'><strong>eruditissimis,</strong></span> <span class='ocrx_word' id='word_1_681' title='bbox 1636 2127 1698 2147; x_wconf 91' lang='lat' dir='ltr'><strong>cum</strong></span> <span class='ocrx_word' id='word_1_682' title='bbox 1717 2120 1751 2146; x_wconf 86' lang='lat' dir='ltr'><strong>ab</strong></span> <span class='ocrx_word' id='word_1_683' title='bbox 1774 2120 1818 2150; x_wconf 84' lang='lat' dir='ltr'><strong>iis,</strong></span> 
     </span>
    </p>
   </div>
   <div class='ocr_carea' id='block_1_90' title="bbox 1029 2165 1818 2205">
    <p class='ocr_par' dir='ltr' id='par_1_90' title="bbox 1029 2165 1818 2205">
     <span class='ocr_line' id='line_1_90' title="bbox 1029 2165 1818 2205; baseline -0.006 -9"><span class='ocrx_word' id='word_1_684' title='bbox 1029 2171 1062 2198; x_wconf 83' lang='lat' dir='ltr'><strong>dc</strong></span> <span class='ocrx_word' id='word_1_685' title='bbox 1082 2170 1306 2205; x_wconf 77' lang='lat' dir='ltr'><strong>conflagratione,</strong></span> <span class='ocrx_word' id='word_1_686' title='bbox 1322 2169 1354 2195; x_wconf 87' lang='lat' dir='ltr'><strong>de</strong></span> <span class='ocrx_word' id='word_1_687' title='bbox 1369 2167 1565 2203; x_wconf 75' lang='lat' dir='ltr'><strong>gubernatione</strong></span> <span class='ocrx_word' id='word_1_688' title='bbox 1589 2166 1694 2197; x_wconf 88' lang='lat' dir='ltr'><strong>mundi,</strong></span> <span class='ocrx_word' id='word_1_689' title='bbox 1717 2165 1750 2191; x_wconf 90' lang='lat' dir='ltr'><strong>de</strong></span> <span class='ocrx_word' id='word_1_690' title='bbox 1775 2173 1818 2198; x_wconf 86' lang='lat' dir='ltr'><strong>eo,</strong></span> 
     </span>
    </p>
   </div>
   <div class='ocr_carea' id='block_1_91' title="bbox 1029 2212 1818 2251">
    <p class='ocr_par' dir='ltr' id='par_1_91' title="bbox 1029 2212 1818 2251">
     <span class='ocr_line' id='line_1_91' title="bbox 1029 2212 1818 2251; baseline -0.006 -8"><span class='ocrx_word' id='word_1_691' title='bbox 1029 2217 1075 2251; x_wconf 86' lang='lat' dir='ltr'><strong>qui</strong></span> <span class='ocrx_word' id='word_1_692' title='bbox 1093 2217 1152 2244; x_wconf 88' lang='lat' dir='ltr'><strong>talis</strong></span> <span class='ocrx_word' id='word_1_693' title='bbox 1167 2217 1275 2251; x_wconf 79' lang='lat' dir='ltr'><strong>proprie</strong></span> <span class='ocrx_word' id='word_1_694' title='bbox 1292 2217 1337 2248; x_wconf 88' lang='lat' dir='ltr'><strong>sit,</strong></span> <span class='ocrx_word' id='word_1_695' title='bbox 1356 2215 1459 2241; x_wconf 88' lang='lat' dir='ltr'><strong>mttudo</strong></span> <span class='ocrx_word' id='word_1_696' title='bbox 1474 2219 1500 2240; x_wconf 83' lang='lat' dir='ltr'><strong>et</strong></span> <span class='ocrx_word' id='word_1_697' title='bbox 1514 2213 1639 2244; x_wconf 75' lang='lat' dir='ltr'><strong>homine,</strong></span> <span class='ocrx_word' id='word_1_698' title='bbox 1658 2214 1743 2246; x_wconf 87' lang='lat' dir='ltr'><strong>deque</strong></span> <span class='ocrx_word' id='word_1_699' title='bbox 1759 2212 1818 2238; x_wconf 87' lang='lat' dir='ltr'><strong>ani-</strong></span> 
     </span>
    </p>
   </div>
   <div class='ocr_carea' id='block_1_92' title="bbox 186 2259 975 2300">
    <p class='ocr_par' dir='ltr' id='par_1_92' title="bbox 186 2263 975 2300">
     <span class='ocr_line' id='line_1_92' title="bbox 186 2263 975 2300; baseline 0 -10"><span class='ocrx_word' id='word_1_700' title='bbox 186 2263 366 2300; x_wconf 77' lang='grc' dir='ltr'>πορεύεσθαι,</span> <span class='ocrx_word' id='word_1_701' title='bbox 380 2264 426 2290; x_wconf 75' lang='grc' dir='ltr'><strong>καὶ</strong></span> <span class='ocrx_word' id='word_1_702' title='bbox 440 2264 611 2298; x_wconf 71' lang='grc' dir='ltr'>ἀφικνεῖσθαι</span> <span class='ocrx_word' id='word_1_703' title='bbox 624 2264 810 2299; x_wconf 80' lang='grc' dir='ltr'>τεταρταίους.</span> <span class='ocrx_word' id='word_1_704' title='bbox 824 2273 832 2288; x_wconf 74' lang='grc' dir='ltr'><strong>ι</strong></span> <span class='ocrx_word' id='word_1_705' title='bbox 849 2263 975 2299; x_wconf 84' lang='grc' dir='ltr'>Λειμῶνα</span> 
     </span>
    </p>
   </div>
   <div class='ocr_carea' id='block_1_93' title="bbox 1024 2259 1819 2300">
    <p class='ocr_par' dir='ltr' id='par_1_93' title="bbox 1030 2259 1819 2296">
     <span class='ocr_line' id='line_1_93' title="bbox 1030 2259 1819 2296; baseline -0.008 -6"><span class='ocrx_word' id='word_1_706' title='bbox 1030 2271 1137 2291; x_wconf 87' lang='lat' dir='ltr'><strong>morum</strong></span> <span class='ocrx_word' id='word_1_707' title='bbox 1154 2268 1307 2290; x_wconf 82' lang='lat' dir='ltr'><strong>nostrorum</strong></span> <span class='ocrx_word' id='word_1_708' title='bbox 1325 2261 1515 2296; x_wconf 87' lang='lat' dir='ltr'><strong>permansione</strong></span> <span class='ocrx_word' id='word_1_709' title='bbox 1531 2260 1696 2294; x_wconf 81' lang='lat' dir='ltr'><strong>disputatur.</strong></span> <span class='ocrx_word' id='word_1_710' title='bbox 1714 2259 1819 2285; x_wconf 72' lang='lat' dir='ltr'><strong>llursus</strong></span> 
     </span>
    </p>
   </div>
   <div class='ocr_carea' id='block_1_94' title="bbox 187 2306 978 2345">
    <p class='ocr_par' dir='ltr' id='par_1_94' title="bbox 187 2306 978 2345">
     <span class='ocr_line' id='line_1_94' title="bbox 187 2306 978 2345; baseline 0 -11"><span class='ocrx_word' id='word_1_711' title='bbox 187 2308 238 2345; x_wconf 78' lang='grc' dir='ltr'>μὲν</span> <span class='ocrx_word' id='word_1_712' title='bbox 255 2306 302 2335; x_wconf 85' lang='grc' dir='ltr'>οὖν</span> <span class='ocrx_word' id='word_1_713' title='bbox 315 2308 462 2335; x_wconf 77' lang='grc' dir='ltr'>ἀκουστέον</span> <span class='ocrx_word' id='word_1_714' title='bbox 477 2309 526 2344; x_wconf 68' lang='grc' dir='ltr'>τὴν</span> <span class='ocrx_word' id='word_1_715' title='bbox 543 2308 649 2344; x_wconf 85' lang='grc' dir='ltr'>ἀπλανῆ</span> <span class='ocrx_word' id='word_1_716' title='bbox 668 2309 803 2343; x_wconf 80' lang='grc' dir='ltr'>σφαῖραν,</span> <span class='ocrx_word' id='word_1_717' title='bbox 821 2308 858 2339; x_wconf 89' lang='grc' dir='ltr'>ὼς</span> <span class='ocrx_word' id='word_1_718' title='bbox 874 2309 978 2345; x_wconf 78' lang='grc' dir='ltr'>ἥμερον</span> 
     </span>
    </p>
   </div>
   <div class='ocr_carea' id='block_1_95' title="bbox 186 2354 978 2392">
    <p class='ocr_par' dir='ltr' id='par_1_95' title="bbox 186 2354 978 2392">
     <span class='ocr_line' id='line_1_95' title="bbox 186 2354 978 2392; baseline 0.001 -12"><span class='ocrx_word' id='word_1_719' title='bbox 186 2354 302 2392; x_wconf 83' lang='grc' dir='ltr'>χωρίον,</span> <span class='ocrx_word' id='word_1_720' title='bbox 318 2355 365 2381; x_wconf 78' lang='grc' dir='ltr'>καὶ</span> <span class='ocrx_word' id='word_1_721' title='bbox 380 2355 514 2390; x_wconf 82' lang='grc' dir='ltr'>προσηνὲς</span> <span class='ocrx_word' id='word_1_722' title='bbox 524 2375 530 2386; x_wconf 95' lang='grc'><strong>,</strong></span> <span class='ocrx_word' id='word_1_723' title='bbox 552 2355 599 2381; x_wconf 70' lang='grc' dir='ltr'>καὶ</span> <span class='ocrx_word' id='word_1_724' title='bbox 622 2354 676 2380; x_wconf 86' lang='grc' dir='ltr'>τών</span> <span class='ocrx_word' id='word_1_725' title='bbox 691 2355 771 2380; x_wconf 77' lang='grc' dir='ltr'>ὁσίων</span> <span class='ocrx_word' id='word_1_726' title='bbox 786 2354 874 2390; x_wconf 76' lang='grc' dir='ltr'>χῶρον</span> <span class='ocrx_word' id='word_1_727' title='bbox 885 2363 892 2369; x_wconf 93' lang='grc'><strong>·</strong></span> <span class='ocrx_word' id='word_1_728' title='bbox 909 2354 978 2381; x_wconf 72' lang='grc' dir='ltr'>ἑπτὰ</span> 
     </span>
    </p>
   </div>
   <div class='ocr_carea' id='block_1_96' title="bbox 186 2400 979 2436">
    <p class='ocr_par' dir='ltr' id='par_1_96' title="bbox 186 2400 979 2436">
     <span class='ocr_line' id='line_1_96' title="bbox 186 2400 979 2436; baseline -0.001 -9"><span class='ocrx_word' id='word_1_729' title='bbox 186 2401 216 2427; x_wconf 70' lang='grc' dir='ltr'>δὲ</span> <span class='ocrx_word' id='word_1_730' title='bbox 227 2400 344 2436; x_wconf 77' lang='grc' dir='ltr'>ἡμέρας,</span> <span class='ocrx_word' id='word_1_731' title='bbox 359 2401 476 2436; x_wconf 78' lang='grc' dir='ltr'>ἑκάστην</span> <span class='ocrx_word' id='word_1_732' title='bbox 488 2401 593 2436; x_wconf 83' lang='grc' dir='ltr'>κίνησιν</span> <span class='ocrx_word' id='word_1_733' title='bbox 604 2401 658 2427; x_wconf 82' lang='grc' dir='ltr'><strong>τῶν</strong></span> <span class='ocrx_word' id='word_1_734' title='bbox 670 2400 749 2432; x_wconf 78' lang='grc' dir='ltr'>ἑπτὰ,</span> <span class='ocrx_word' id='word_1_735' title='bbox 767 2401 814 2427; x_wconf 76' lang='grc' dir='ltr'>καὶ</span> <span class='ocrx_word' id='word_1_736' title='bbox 829 2401 920 2427; x_wconf 81' lang='grc' dir='ltr'>πᾶσαν</span> <span class='ocrx_word' id='word_1_737' title='bbox 931 2401 979 2436; x_wconf 82' lang='grc' dir='ltr'>τὴν</span> 
     </span>
    </p>
   </div>
   <div class='ocr_carea' id='block_1_97' title="bbox 187 2444 977 2482">
    <p class='ocr_par' dir='ltr' id='par_1_97' title="bbox 187 2444 977 2482">
     <span class='ocr_line' id='line_1_97' title="bbox 187 2444 977 2482; baseline -0.001 -10"><span class='ocrx_word' id='word_1_738' title='bbox 187 2445 352 2482; x_wconf 78' lang='grc' dir='ltr'>ὲργαστικὴν</span> <span class='ocrx_word' id='word_1_739' title='bbox 362 2446 469 2481; x_wconf 81' lang='grc' dir='ltr'>τέχνην,</span> <span class='ocrx_word' id='word_1_740' title='bbox 479 2447 518 2477; x_wconf 83' lang='grc' dir='ltr'>εἰς</span> <span class='ocrx_word' id='word_1_741' title='bbox 526 2445 601 2476; x_wconf 80' lang='grc' dir='ltr'>τέλος</span> <span class='ocrx_word' id='word_1_742' title='bbox 611 2444 790 2477; x_wconf 81' lang='grc' dir='ltr'>ἀναπαύσεως</span> <span class='ocrx_word' id='word_1_743' title='bbox 801 2446 977 2472; x_wconf 78' lang='grc' dir='ltr'>σπεύδουσαν.</span> 
     </span>
    </p>
   </div>
   <div class='ocr_carea' id='block_1_98' title="bbox 194 2489 979 2527">
    <p class='ocr_par' dir='ltr' id='par_1_98' title="bbox 194 2489 979 2527">
     <span class='ocr_line' id='line_1_98' title="bbox 194 2489 979 2527; baseline -0.001 -10"><span class='ocrx_word' id='word_1_744' title='bbox 194 2491 227 2517; x_wconf 80' lang='grc' dir='ltr'><strong>Ἠ</strong></span> <span class='ocrx_word' id='word_1_745' title='bbox 240 2491 268 2517; x_wconf 82' lang='grc' dir='ltr'>δὲ</span> <span class='ocrx_word' id='word_1_746' title='bbox 287 2491 355 2527; x_wconf 73' lang='grc' dir='ltr'>μετὰ</span> <span class='ocrx_word' id='word_1_747' title='bbox 378 2491 441 2522; x_wconf 82' lang='grc' dir='ltr'>τοὺς</span> <span class='ocrx_word' id='word_1_748' title='bbox 456 2490 648 2525; x_wconf 85' lang='grc' dir='ltr'>πλανωμένους</span> <span class='ocrx_word' id='word_1_749' title='bbox 665 2490 761 2524; x_wconf 73' lang='grc' dir='ltr'>πορεία</span> <span class='ocrx_word' id='word_1_750' title='bbox 774 2490 820 2516; x_wconf 71' lang='grc' dir='ltr'><strong>ἐπὶ</strong></span> <span class='ocrx_word' id='word_1_751' title='bbox 836 2489 880 2516; x_wconf 78' lang='grc' dir='ltr'>τὸν</span> <span class='ocrx_word' id='word_1_752' title='bbox 895 2490 979 2526; x_wconf 83' lang='grc' dir='ltr'>οὐρα-</span> 
     </span>
    </p>
   </div>
   <div class='ocr_carea' id='block_1_99' title="bbox 187 2536 979 2571">
    <p class='ocr_par' dir='ltr' id='par_1_99' title="bbox 187 2536 979 2571">
     <span class='ocr_line' id='line_1_99' title="bbox 187 2536 979 2571; baseline -0.001 -7"><span class='ocrx_word' id='word_1_753' title='bbox 187 2537 234 2564; x_wconf 68' lang='grc' dir='ltr'><strong>νῖλν</strong></span> <span class='ocrx_word' id='word_1_754' title='bbox 251 2537 322 2571; x_wconf 83' lang='grc' dir='ltr'>ἄγει,</span> <span class='ocrx_word' id='word_1_755' title='bbox 337 2537 460 2563; x_wconf 82' lang='grc' dir='ltr'>τουτέστι</span> <span class='ocrx_word' id='word_1_756' title='bbox 471 2536 519 2571; x_wconf 83' lang='grc' dir='ltr'>τὴν</span> <span class='ocrx_word' id='word_1_757' title='bbox 534 2536 629 2571; x_wconf 85' lang='grc' dir='ltr'>ὀγδόην</span> <span class='ocrx_word' id='word_1_758' title='bbox 644 2536 750 2570; x_wconf 86' lang='grc' dir='ltr'>κίνησίν</span> <span class='ocrx_word' id='word_1_759' title='bbox 762 2545 792 2562; x_wconf 86' lang='grc' dir='ltr'><strong>τε</strong></span> <span class='ocrx_word' id='word_1_760' title='bbox 804 2536 850 2562; x_wconf 77' lang='grc' dir='ltr'>καὶ</span> <span class='ocrx_word' id='word_1_761' title='bbox 862 2536 979 2570; x_wconf 75' lang='grc' dir='ltr'>ἡμέραν.</span> 
     </span>
    </p>
   </div>
   <div class='ocr_carea' id='block_1_100' title="bbox 188 2580 980 2618">
    <p class='ocr_par' dir='ltr' id='par_1_100' title="bbox 188 2580 980 2618">
     <span class='ocr_line' id='line_1_100' title="bbox 188 2580 980 2618; baseline -0.003 -9"><span class='ocrx_word' id='word_1_762' title='bbox 188 2583 370 2618; x_wconf 80' lang='grc' dir='ltr'>Τεταρταίους</span> <span class='ocrx_word' id='word_1_763' title='bbox 378 2583 406 2608; x_wconf 83' lang='grc' dir='ltr'>δὲ</span> <span class='ocrx_word' id='word_1_764' title='bbox 417 2582 465 2614; x_wconf 79' lang='grc' dir='ltr'><strong>τὰς</strong></span> <span class='ocrx_word' id='word_1_765' title='bbox 475 2581 563 2617; x_wconf 73' lang='grc' dir='ltr'>ψυχὰς</span> <span class='ocrx_word' id='word_1_766' title='bbox 571 2581 681 2608; x_wconf 83' lang='grc' dir='ltr'>ἀπιέναι</span> <span class='ocrx_word' id='word_1_767' title='bbox 691 2581 775 2615; x_wconf 84' lang='grc' dir='ltr'>λέγει,</span> <span class='ocrx_word' id='word_1_768' title='bbox 784 2580 870 2616; x_wconf 79' lang='grc' dir='ltr'>δηλῶν</span> <span class='ocrx_word' id='word_1_769' title='bbox 881 2581 928 2615; x_wconf 78' lang='grc' dir='ltr'>τὴν</span> <span class='ocrx_word' id='word_1_770' title='bbox 936 2580 980 2607; x_wconf 83' lang='grc' dir='ltr'><strong>διὰ</strong></span> 
     </span>
    </p>
   </div>
   <div class='ocr_carea' id='block_1_101' title="bbox 184 2625 981 2664">
    <p class='ocr_par' dir='ltr' id='par_1_101' title="bbox 184 2625 981 2664">
     <span class='ocr_line' id='line_1_101' title="bbox 184 2625 981 2664; baseline -0.003 -9"><span class='ocrx_word' id='word_1_771' title='bbox 184 2629 243 2655; x_wconf 81' lang='grc' dir='ltr'>τῶν</span> <span class='ocrx_word' id='word_1_772' title='bbox 254 2629 393 2664; x_wconf 77' lang='grc' dir='ltr'>τεσσάρων</span> <span class='ocrx_word' id='word_1_773' title='bbox 407 2628 543 2663; x_wconf 76' lang='grc' dir='ltr'>στοιχείων</span> <span class='ocrx_word' id='word_1_774' title='bbox 555 2627 677 2663; x_wconf 81' lang='grc' dir='ltr'>πορείαν.</span> <span class='ocrx_word' id='word_1_775' title='bbox 697 2626 776 2652; x_wconf 79' lang='grc' dir='ltr'>Ἀλλὰ</span> <span class='ocrx_word' id='word_1_776' title='bbox 789 2627 835 2653; x_wconf 69' lang='grc' dir='ltr'>καὶ</span> <span class='ocrx_word' id='word_1_777' title='bbox 851 2625 898 2662; x_wconf 81' lang='grc' dir='ltr'>τὴν</span> <span class='ocrx_word' id='word_1_778' title='bbox 911 2626 981 2653; x_wconf 74' lang='grc' dir='ltr'>ἑϐδό-</span> 
     </span>
    </p>
   </div>
   <div class='ocr_carea' id='block_1_102' title="bbox 229 2717 428 2749">
    <p class='ocr_par' dir='ltr' id='par_1_102' title="bbox 229 2717 428 2749">
     <span class='ocr_line' id='line_1_102' title="bbox 229 2717 428 2749; baseline 0.005 -6"><span class='ocrx_word' id='word_1_779' title='bbox 229 2719 234 2732; x_wconf 94' lang='grc'>¹</span> <span class='ocrx_word' id='word_1_780' title='bbox 254 2717 327 2744; x_wconf 80' lang='lat' dir='ltr'><strong>Psal.</strong></span> <span class='ocrx_word' id='word_1_781' title='bbox 348 2725 389 2749; x_wconf 86' lang='lat' dir='ltr'><strong>ut,</strong></span> <span class='ocrx_word' id='word_1_782' title='bbox 402 2718 428 2744; x_wconf 81' lang='grc'><strong>6.</strong></span> 
     </span>
    </p>
   </div>
   <div class='ocr_carea' id='block_1_103' title="bbox 225 2793 978 2830">
    <p class='ocr_par' dir='ltr' id='par_1_103' title="bbox 225 2793 978 2830">
     <span class='ocr_line' id='line_1_103' title="bbox 225 2793 978 2830; baseline 0 -9"><span class='ocrx_word' id='word_1_783' title='bbox 225 2795 281 2830; x_wconf 73' lang='lat'><strong>(6&#39;2)</strong></span> <span class='ocrx_word' id='word_1_784' title='bbox 312 2796 488 2830; x_wconf 79' lang='grc' dir='ltr'>Ἀπτόμενον</span> <span class='ocrx_word' id='word_1_785' title='bbox 510 2795 617 2830; x_wconf 71' lang='grc' dir='ltr'>μέτρῳ,</span> <span class='ocrx_word' id='word_1_786' title='bbox 641 2799 694 2821; x_wconf 87' lang='lat' dir='ltr'><strong>etc.</strong></span> <span class='ocrx_word' id='word_1_787' title='bbox 721 2793 789 2821; x_wconf 87' lang='lat' dir='ltr'><strong>Hinc</strong></span> <span class='ocrx_word' id='word_1_788' title='bbox 813 2794 978 2822; x_wconf 85' lang='lat' dir='ltr'><strong>Clementem</strong></span> 
     </span>
    </p>
   </div>
   <div class='ocr_carea' id='block_1_104' title="bbox 188 2830 978 2865">
    <p class='ocr_par' dir='ltr' id='par_1_104' title="bbox 188 2830 978 2865">
     <span class='ocr_line' id='line_1_104' title="bbox 188 2830 978 2865; baseline 0.001 -10"><span class='ocrx_word' id='word_1_789' title='bbox 188 2832 318 2857; x_wconf 75' lang='lat' dir='ltr'><strong>eun-mles</strong></span> <span class='ocrx_word' id='word_1_790' title='bbox 335 2832 405 2861; x_wconf 72' lang='lat' dir='ltr'><strong>llt&#39;t&#39;l,</strong></span> <span class='ocrx_word' id='word_1_791' title='bbox 419 2832 488 2865; x_wconf 74' lang='lat' dir='ltr'><strong>aptrf</strong></span> <span class='ocrx_word' id='word_1_792' title='bbox 505 2839 586 2865; x_wconf 85' lang='lat' dir='ltr'><strong>quem</strong></span> <span class='ocrx_word' id='word_1_793' title='bbox 599 2830 694 2856; x_wconf 83' lang='lat' dir='ltr'><strong>vitiose</strong></span> <span class='ocrx_word' id='word_1_794' title='bbox 710 2830 855 2856; x_wconf 91' lang='lat' dir='ltr'><strong>admodum</strong></span> <span class='ocrx_word' id='word_1_795' title='bbox 871 2831 978 2864; x_wconf 72' lang='lat' dir='ltr'><strong>legitur,</strong></span> 
     </span>
    </p>
   </div>
   <div class='ocr_carea' id='block_1_105' title="bbox 189 2865 979 2901">
    <p class='ocr_par' dir='ltr' id='par_1_105' title="bbox 189 2865 979 2901">
     <span class='ocr_line' id='line_1_105' title="bbox 189 2865 979 2901; baseline 0 -9"><span class='ocrx_word' id='word_1_796' title='bbox 189 2867 342 2900; x_wconf 76' lang='grc' dir='ltr'>ἁπτόμενον</span> <span class='ocrx_word' id='word_1_797' title='bbox 369 2867 470 2901; x_wconf 70' lang='grc' dir='ltr'>μέτρα,</span> <span class='ocrx_word' id='word_1_798' title='bbox 485 2867 532 2892; x_wconf 72' lang='grc' dir='ltr'>καὶ</span> <span class='ocrx_word' id='word_1_799' title='bbox 549 2865 783 2900; x_wconf 78' lang='grc' dir='ltr'>ἀποσϐεννύμενον</span> <span class='ocrx_word' id='word_1_800' title='bbox 805 2866 901 2900; x_wconf 82' lang='grc' dir='ltr'>μέτρα,</span> <span class='ocrx_word' id='word_1_801' title='bbox 920 2874 979 2900; x_wconf 76' lang='lat' dir='ltr'><strong>quzc</strong></span> 
     </span>
    </p>
   </div>
   <div class='ocr_carea' id='block_1_106' title="bbox 190 2901 976 2936">
    <p class='ocr_par' dir='ltr' id='par_1_106' title="bbox 190 2901 976 2936">
     <span class='ocr_line' id='line_1_106' title="bbox 190 2901 976 2936; baseline -0.001 -8"><span class='ocrx_word' id='word_1_802' title='bbox 190 2903 270 2928; x_wconf 78' lang='lat' dir='ltr'><strong>simili</strong></span> <span class='ocrx_word' id='word_1_803' title='bbox 288 2903 353 2928; x_wconf 83' lang='lat' dir='ltr'><strong>vitio</strong></span> <span class='ocrx_word' id='word_1_804' title='bbox 368 2902 482 2929; x_wconf 66' lang='lat' dir='ltr'><strong>reddidit</strong></span> <span class='ocrx_word' id='word_1_805' title='bbox 496 2903 608 2936; x_wconf 80' lang='lat' dir='ltr'><strong>interpr.</strong></span> <span class='ocrx_word' id='word_1_806' title='bbox 635 2909 770 2928; x_wconf 78' lang='lat' dir='ltr'><strong>mensuras</strong></span> <span class='ocrx_word' id='word_1_807' title='bbox 788 2901 940 2933; x_wconf 63' lang='lat' dir='ltr'><strong>accendens,</strong></span> <span class='ocrx_word' id='word_1_808' title='bbox 953 2907 976 2927; x_wconf 80' lang='lat' dir='ltr'><strong>et</strong></span> 
     </span>
    </p>
   </div>
   <div class='ocr_carea' id='block_1_107' title="bbox 1029 2304 1818 2343">
    <p class='ocr_par' dir='ltr' id='par_1_107' title="bbox 1029 2304 1818 2343">
     <span class='ocr_line' id='line_1_107' title="bbox 1029 2304 1818 2343; baseline -0.006 -8"><span class='ocrx_word' id='word_1_809' title='bbox 1029 2308 1105 2335; x_wconf 80' lang='lat' dir='ltr'><strong>Plato</strong></span> <span class='ocrx_word' id='word_1_810' title='bbox 1121 2309 1189 2343; x_wconf 83' lang='lat' dir='ltr'><strong>ipse,</strong></span> <span class='ocrx_word' id='word_1_811' title='bbox 1204 2307 1363 2342; x_wconf 78' lang='lat' dir='ltr'><strong>Reipublicw</strong></span> <span class='ocrx_word' id='word_1_812' title='bbox 1372 2306 1498 2340; x_wconf 83' lang='lat' dir='ltr'><strong>septimo,</strong></span> <span class='ocrx_word' id='word_1_813' title='bbox 1513 2310 1635 2332; x_wconf 85' lang='lat' dir='ltr'><strong>nostrum</strong></span> <span class='ocrx_word' id='word_1_814' title='bbox 1650 2306 1721 2331; x_wconf 88' lang='lat' dir='ltr'><strong>hunc</strong></span> <span class='ocrx_word' id='word_1_815' title='bbox 1736 2304 1818 2336; x_wconf 85' lang='lat' dir='ltr'><strong>diem,</strong></span> 
     </span>
    </p>
   </div>
   <div class='ocr_carea' id='block_1_108' title="bbox 1030 2350 1817 2386">
    <p class='ocr_par' dir='ltr' id='par_1_108' title="bbox 1030 2350 1817 2386">
     <span class='ocr_line' id='line_1_108' title="bbox 1030 2350 1817 2386; baseline -0.005 -6"><span class='ocrx_word' id='word_1_816' title='bbox 1030 2359 1204 2386; x_wconf 85' lang='lat' dir='ltr'><strong>nocturnum,</strong></span> <span class='ocrx_word' id='word_1_817' title='bbox 1217 2354 1251 2380; x_wconf 89' lang='lat' dir='ltr'><strong>ob</strong></span> <span class='ocrx_word' id='word_1_818' title='bbox 1267 2352 1361 2380; x_wconf 88' lang='lat' dir='ltr'><strong>mumli</strong></span> <span class='ocrx_word' id='word_1_819' title='bbox 1372 2352 1517 2386; x_wconf 81' lang='lat' dir='ltr'><strong>principes,</strong></span> <span class='ocrx_word' id='word_1_820' title='bbox 1530 2351 1636 2385; x_wconf 89' lang='lat' dir='ltr'><strong>opinor,</strong></span> <span class='ocrx_word' id='word_1_821' title='bbox 1646 2350 1817 2376; x_wconf 77' lang='lat' dir='ltr'><strong>tenebrarum</strong></span> 
     </span>
    </p>
   </div>
   <div class='ocr_carea' id='block_1_109' title="bbox 1031 2395 1819 2432">
    <p class='ocr_par' dir='ltr' id='par_1_109' title="bbox 1031 2395 1819 2432">
     <span class='ocr_line' id='line_1_109' title="bbox 1031 2395 1819 2432; baseline -0.008 -6"><span class='ocrx_word' id='word_1_822' title='bbox 1031 2400 1148 2432; x_wconf 87' lang='lat' dir='ltr'><strong>harum;</strong></span> <span class='ocrx_word' id='word_1_823' title='bbox 1175 2406 1300 2426; x_wconf 77' lang='lat' dir='ltr'><strong>somnum</strong></span> <span class='ocrx_word' id='word_1_824' title='bbox 1327 2405 1391 2424; x_wconf 82' lang='lat' dir='ltr'><strong>vero</strong></span> <span class='ocrx_word' id='word_1_825' title='bbox 1409 2401 1490 2430; x_wconf 85' lang='lat' dir='ltr'><strong>atque</strong></span> <span class='ocrx_word' id='word_1_826' title='bbox 1517 2400 1642 2425; x_wconf 75' lang='lat' dir='ltr'><strong>mortem.</strong></span> <span class='ocrx_word' id='word_1_827' title='bbox 1670 2395 1753 2422; x_wconf 88' lang='lat' dir='ltr'><strong>animi</strong></span> <span class='ocrx_word' id='word_1_828' title='bbox 1770 2396 1819 2421; x_wconf 86' lang='lat' dir='ltr'><strong>de—</strong></span> 
     </span>
    </p>
   </div>
   <div class='ocr_carea' id='block_1_110' title="bbox 1030 2442 1817 2479">
    <p class='ocr_par' dir='ltr' id='par_1_110' title="bbox 1030 2442 1817 2479">
     <span class='ocr_line' id='line_1_110' title="bbox 1030 2442 1817 2479; baseline -0.01 -5"><span class='ocrx_word' id='word_1_829' title='bbox 1030 2446 1209 2474; x_wconf 86' lang='lat' dir='ltr'><strong>scensum.in</strong></span> <span class='ocrx_word' id='word_1_830' title='bbox 1237 2453 1337 2479; x_wconf 86' lang='lat' dir='ltr'><strong>corpus</strong></span> <span class='ocrx_word' id='word_1_831' title='bbox 1360 2444 1478 2474; x_wconf 86' lang='lat' dir='ltr'><strong>vocavit,</strong></span> <span class='ocrx_word' id='word_1_832' title='bbox 1508 2442 1671 2469; x_wconf 82' lang='lat' dir='ltr'><strong>Heraclitum</strong></span> <span class='ocrx_word' id='word_1_833' title='bbox 1697 2446 1817 2468; x_wconf 71' lang='lat' dir='ltr'><strong>secutus.</strong></span> 
     </span>
    </p>
   </div>
   <div class='ocr_carea' id='block_1_111' title="bbox 1029 2487 1820 2526">
    <p class='ocr_par' dir='ltr' id='par_1_111' title="bbox 1029 2487 1820 2526">
     <span class='ocr_line' id='line_1_111' title="bbox 1029 2487 1820 2526; baseline -0.005 -8"><span class='ocrx_word' id='word_1_834' title='bbox 1029 2492 1126 2519; x_wconf 82' lang='lat' dir='ltr'><strong>Annon</strong></span> <span class='ocrx_word' id='word_1_835' title='bbox 1151 2492 1176 2519; x_wconf 91' lang='lat' dir='ltr'><strong>id</strong></span> <span class='ocrx_word' id='word_1_836' title='bbox 1199 2491 1316 2526; x_wconf 82' lang='lat' dir='ltr'><strong>Spiritus</strong></span> <span class='ocrx_word' id='word_1_837' title='bbox 1333 2491 1365 2517; x_wconf 80' lang='lat' dir='ltr'><strong>de</strong></span> <span class='ocrx_word' id='word_1_838' title='bbox 1380 2491 1524 2516; x_wconf 83' lang='lat' dir='ltr'><strong>Servalore</strong></span> <span class='ocrx_word' id='word_1_839' title='bbox 1539 2493 1633 2515; x_wconf 83' lang='lat' dir='ltr'><strong>noslro</strong></span> <span class='ocrx_word' id='word_1_840' title='bbox 1648 2487 1755 2514; x_wconf 83' lang='lat' dir='ltr'><strong>Davidis</strong></span> <span class='ocrx_word' id='word_1_841' title='bbox 1773 2495 1820 2514; x_wconf 72' lang='lat' dir='ltr'><strong>ore</strong></span> 
     </span>
    </p>
   </div>
   <div class='ocr_carea' id='block_1_112' title="bbox 1030 2534 1819 2573">
    <p class='ocr_par' dir='ltr' id='par_1_112' title="bbox 1030 2534 1819 2573">
     <span class='ocr_line' id='line_1_112' title="bbox 1030 2534 1819 2573; baseline -0.008 -8"><span class='ocrx_word' id='word_1_842' title='bbox 1030 2538 1164 2573; x_wconf 63' lang='lat' dir='ltr'><strong>praedixit,</strong></span> <span class='ocrx_word' id='word_1_843' title='bbox 1180 2538 1222 2564; x_wconf 86' lang='lat' dir='ltr'><strong>his</strong></span> <span class='ocrx_word' id='word_1_844' title='bbox 1242 2537 1332 2564; x_wconf 76' lang='lat' dir='ltr'><strong>verbis</strong></span> <span class='ocrx_word' id='word_1_845' title='bbox 1345 2545 1351 2561; x_wconf 71' lang='grc' dir='ltr'><strong>ε</strong></span> <span class='ocrx_word' id='word_1_846' title='bbox 1362 2536 1444 2571; x_wconf 76' lang='lat'><strong>677</strong></span> <span class='ocrx_word' id='word_1_847' title='bbox 1458 2546 1466 2561; x_wconf 79' lang='grc' dir='ltr'><strong>ι</strong></span> <span class='ocrx_word' id='word_1_848' title='bbox 1484 2535 1539 2570; x_wconf 81' lang='lat' dir='ltr'><strong>Ego</strong></span> <span class='ocrx_word' id='word_1_849' title='bbox 1556 2534 1682 2565; x_wconf 87' lang='lat' dir='ltr'><strong>dormivi,</strong></span> <span class='ocrx_word' id='word_1_850' title='bbox 1697 2539 1724 2560; x_wconf 88' lang='lat' dir='ltr'><strong>et</strong></span> <span class='ocrx_word' id='word_1_851' title='bbox 1739 2543 1819 2569; x_wconf 82' lang='lat' dir='ltr'><strong>supu-</strong></span> 
     </span>
    </p>
   </div>
   <div class='ocr_carea' id='block_1_113' title="bbox 1030 2581 1820 2618">
    <p class='ocr_par' dir='ltr' id='par_1_113' title="bbox 1030 2581 1820 2618">
     <span class='ocr_line' id='line_1_113' title="bbox 1030 2581 1820 2618; baseline -0.005 -6"><span class='ocrx_word' id='word_1_852' title='bbox 1030 2590 1106 2613; x_wconf 86' lang='lat' dir='ltr'><strong>ratns</strong></span> <span class='ocrx_word' id='word_1_853' title='bbox 1122 2593 1181 2612; x_wconf 89' lang='lat' dir='ltr'><strong>sum</strong></span> <span class='ocrx_word' id='word_1_854' title='bbox 1199 2594 1206 2618; x_wconf 87' lang='lat'><strong>;</strong></span> <span class='ocrx_word' id='word_1_855' title='bbox 1223 2584 1376 2617; x_wconf 69' lang='lat' dir='ltr'><strong>CISUI&#39;I&#39;EXl,</strong></span> <span class='ocrx_word' id='word_1_856' title='bbox 1393 2584 1524 2618; x_wconf 86' lang='lat' dir='ltr'><strong>quoniam</strong></span> <span class='ocrx_word' id='word_1_857' title='bbox 1542 2581 1673 2609; x_wconf 89' lang='lat' dir='ltr'><strong>Dominus</strong></span> <span class='ocrx_word' id='word_1_858' title='bbox 1691 2582 1820 2616; x_wconf 84' lang='lat' dir='ltr'><strong>suscipiet</strong></span> 
     </span>
    </p>
   </div>
   <div class='ocr_carea' id='block_1_114' title="bbox 1031 2628 1819 2659">
    <p class='ocr_par' dir='ltr' id='par_1_114' title="bbox 1031 2628 1819 2659">
     <span class='ocr_line' id='line_1_114' title="bbox 1031 2628 1819 2659; baseline -0.006 0"><span class='ocrx_word' id='word_1_859' title='bbox 1031 2640 1074 2659; x_wconf 86' lang='lat' dir='ltr'><strong>tne</strong></span> <span class='ocrx_word' id='word_1_860' title='bbox 1086 2633 1105 2659; x_wconf 72' lang='grc' dir='ltr'>ί.</span> <span class='ocrx_word' id='word_1_861' title='bbox 1125 2641 1134 2658; x_wconf 72' lang='grc' dir='ltr'><strong>ι</strong></span> <span class='ocrx_word' id='word_1_862' title='bbox 1153 2630 1208 2659; x_wconf 81' lang='lat' dir='ltr'><strong>Nec</strong></span> <span class='ocrx_word' id='word_1_863' title='bbox 1223 2631 1295 2658; x_wconf 92' lang='lat' dir='ltr'><strong>cnim</strong></span> <span class='ocrx_word' id='word_1_864' title='bbox 1311 2631 1397 2658; x_wconf 82' lang='lat' dir='ltr'><strong>solum</strong></span> <span class='ocrx_word' id='word_1_865' title='bbox 1410 2629 1512 2657; x_wconf 88' lang='lat' dir='ltr'><strong>Christi</strong></span> <span class='ocrx_word' id='word_1_866' title='bbox 1529 2628 1681 2656; x_wconf 85' lang='lat' dir='ltr'><strong>Servatoris</strong></span> <span class='ocrx_word' id='word_1_867' title='bbox 1697 2635 1819 2655; x_wconf 72' lang='lat' dir='ltr'><strong>resurre-</strong></span> 
     </span>
    </p>
   </div>
   <div class='ocr_carea' id='block_1_115' title="bbox 1031 2796 1365 2831">
    <p class='ocr_par' dir='ltr' id='par_1_115' title="bbox 1031 2796 1365 2831">
     <span class='ocr_line' id='line_1_115' title="bbox 1031 2796 1365 2831; baseline 0 -8"><span class='ocrx_word' id='word_1_868' title='bbox 1031 2796 1198 2831; x_wconf 71' lang='lat' dir='ltr'><strong>exslinguens</strong></span> <span class='ocrx_word' id='word_1_869' title='bbox 1216 2803 1365 2823; x_wconf 77' lang='lat' dir='ltr'><strong>mensuras.</strong></span> 
     </span>
    </p>
   </div>
   <div class='ocr_carea' id='block_1_116' title="bbox 1065 2831 1367 2866">
    <p class='ocr_par' dir='ltr' id='par_1_116' title="bbox 1065 2831 1367 2866">
     <span class='ocr_line' id='line_1_116' title="bbox 1065 2831 1367 2866; baseline 0.003 -11"><span class='ocrx_word' id='word_1_870' title='bbox 1065 2832 1122 2866; x_wconf 62' lang='lat'><strong>#35)</strong></span> <span class='ocrx_word' id='word_1_871' title='bbox 1138 2831 1223 2858; x_wconf 85' lang='lat' dir='ltr'><strong>Clem.</strong></span> <span class='ocrx_word' id='word_1_872' title='bbox 1240 2831 1305 2858; x_wconf 84' lang='lat' dir='ltr'><strong>add.</strong></span> <span class='ocrx_word' id='word_1_873' title='bbox 1321 2831 1367 2865; x_wconf 83' lang='grc' dir='ltr'><strong>γῆ.</strong></span> 
     </span>
    </p>
   </div>
   <div class='ocr_carea' id='block_1_117' title="bbox 1031 2864 1805 2938">
    <p class='ocr_par' dir='ltr' id='par_1_117' title="bbox 1031 2864 1805 2938">
     <span class='ocr_line' id='line_1_117' title="bbox 1067 2864 1805 2900; baseline -0.005 -6"><span class='ocrx_word' id='word_1_874' title='bbox 1067 2864 1121 2899; x_wconf 61' lang='lat' dir='ltr'><strong>(ﬁt)</strong></span> <span class='ocrx_word' id='word_1_875' title='bbox 1144 2866 1261 2900; x_wconf 72' lang='grc' dir='ltr'>Ἐπειδὴ</span> <span class='ocrx_word' id='word_1_876' title='bbox 1284 2866 1318 2893; x_wconf 82' lang='grc' dir='ltr'>δὲ</span> <span class='ocrx_word' id='word_1_877' title='bbox 1344 2866 1414 2900; x_wconf 75' lang='grc' dir='ltr'>τοῖς.</span> <span class='ocrx_word' id='word_1_878' title='bbox 1438 2865 1531 2899; x_wconf 81' lang='lat' dir='ltr'><strong>Plato,</strong></span> <span class='ocrx_word' id='word_1_879' title='bbox 1555 2865 1600 2893; x_wconf 87' lang='lat' dir='ltr'><strong>lib.</strong></span> <span class='ocrx_word' id='word_1_880' title='bbox 1623 2874 1637 2893; x_wconf 70' lang='grc' dir='ltr'><strong>Χ</strong></span> <span class='ocrx_word' id='word_1_881' title='bbox 1662 2864 1698 2892; x_wconf 76' lang='lat' dir='ltr'><strong>De</strong></span> <span class='ocrx_word' id='word_1_882' title='bbox 1717 2864 1805 2899; x_wconf 83' lang='lat' dir='ltr'><strong>rcpub.</strong></span> 
     </span>
     <span class='ocr_line' id='line_1_118' title="bbox 1031 2901 1204 2938; baseline -0.006 -9"><span class='ocrx_word' id='word_1_883' title='bbox 1031 2911 1090 2938; x_wconf 81' lang='lat' dir='ltr'><strong>pag.</strong></span> <span class='ocrx_word' id='word_1_884' title='bbox 1109 2901 1158 2929; x_wconf 73' lang='lat'><strong>5&#39;19</strong></span> <span class='ocrx_word' id='word_1_885' title='bbox 1176 2901 1204 2929; x_wconf 79' lang='grc' dir='ltr'>Ε.</span> 
     </span>
    </p>
   </div>
  </div>
