2061 3210
159 212 225 239 HM

717 212 886 249 ίΡΙῖᾸΕΡΑΒ.
907 212 1032 241 EVANG.
1054 212 1116 240 LIB.
1140 212 1202 240 lilii.

1723 212 1734 238 ί
1740 212 1791 239 “‘2

157 271 214 298 τῶν
233 271 380 306 Ἀθηναίων
395 272 614 308 συνωθούμενον·
636 273 673 305 ὡς
692 275 729 309 μὴ
748 274 950 310 διατρέπεσθαι.

1010 281 1122 308 namque
1138 280 1244 304 vocem,
1260 277 1314 308 qua
1330 279 1359 300 se
1375 271 1456 307 hujus
1472 271 1592 299 universi
1608 276 1746 306 parentem
1761 279 1792 298 ac

158 316 204 343 τον
221 318 368 354 Σωκράτην
389 319 540 354 καταϐῆναι
563 319 651 354 φάντα
670 320 709 351 είς
733 321 849 356 Πειραιᾶ
867 329 951 356 προσο

159 364 303 399 ευξόμενον
323 365 356 400 τῇ
381 365 444 400 Θεῷ,
468 365 515 392 καὶ
538 365 586 401 τὴν
609 365 743 401 βάρϐαρον
766 367 862 402 ἑορτὴν
888 366 952 398 τοὺς

159 409 272 440 πολίτας
286 409 347 436 τότε
372 410 480 446 πρῶτον
500 410 689 442 ἐπιτελοῦντας
709 410 887 445 θεασόμενον,
906 411 953 437 καὶ

160 454 208 481 τὸν
235 454 402 491 ἀλεκτρυόνα
427 455 466 490 τῷ
487 455 644 491 Ἄσκληπιῷ
665 455 744 482 θῦσαι
771 455 953 491 ὁμολογοῦντα

162 499 323 535 προστάξαι,
339 501 385 527 τόν
402 509 432 527 τε
455 501 569 537 πάτριον
587 501 718 537 Ἑλλήνων
740 501 887 537 ἐξηγητὴν,
908 502 953 528 τὸν

161 545 348 581 ἐγκαθήμενον
370 547 400 572 ὲν
424 546 534 581 Δελιροῖς
549 547 662 582 δαίμονα
679 547 830 579 θειάζοντα.
845 546 891 574 Διὸ
907 547 953 574 καὶ

161 591 274 624 εἰκότως
296 592 345 628 τῆς
375 593 538 628 ἀφιλοσόφου
565 593 682 629 πληθύος
707 593 756 629 τὴν
784 594 874 621 αἰτίαν
903 594 952 629 τῆς

159 637 358 674 δεισιδαίμονος
375 639 479 675 πλάνης
490 640 671 676 ὲπιγράψαιτο
687 639 729 666 ἄν.
743 640 872 666 Ἀνάλαῦε
887 640 952 674 γοῦν

162 683 279 720 σμικρὸν
294 683 397 711 ἄνωθεν
415 684 461 711 τὸν
476 684 564 719 λόγον,
582 685 629 711 καὶ
643 684 692 711 θέα
709 681 753 710 οἷά
767 692 807 710 σοι
825 684 838 710 ὁ
853 685 952 711 πάνσοα

162 737 224 762 φος,
243 729 312 765 μετὰ
329 729 378 762 τὰς
394 730 557 766 ἀσωμάτους
573 731 620 757 καί
636 730 790 766 ἀερθάρτους
805 730 891 762 ἰδέας,
908 731 955 757 καὶ

162 776 234 811 μετὰ
240 775 304 802 Θεὸν
313 776 429 811 πρῶτον,
439 777 486 803 καὶ
494 776 618 811 δεύτερον
627 776 721 806 αἴτιον,
730 776 776 802 καὶ
785 774 853 810 μετὰ
860 784 902 801 vos
908 776 954 811 ρᾶς

162 821 210 847 καὶ
233 820 384 852 ἀθανάτους
405 821 498 853 οὐσίας
512 841 519 852 ,
538 822 601 857 περὶ
626 821 675 855 τῆς
697 820 838 855 πανδήμου
865 818 953 854 δόξης,

163 867 334 902 ἐνομοθέτει,
355 867 442 901 λέγων
457 875 463 882 ·
483 876 492 892 ι
508 867 576 902 Περὶ
598 866 626 893 δε
643 866 696 893 τῶν
713 866 800 893 ἄλλων
823 866 956 902 δαιμόνων

162 914 261 946 εἰπεῖν,
275 913 322 940 καὶ
336 913 439 948 γνῶναι
453 913 502 949 τὴν
518 913 637 948 γένεσιν,
651 912 741 948 μεῖζον
760 913 776 948 ἢ
793 912 852 939 καθ’
871 913 954 948 ἡμᾶς.

163 958 325 985 Πιστευτὲον
339 958 367 984 δὲ
378 960 434 990 τοὶς
447 958 585 994 εἰρηκόσιν
598 956 762 993 ἔμπροσθεν,
775 957 897 991 ἐκγόνοις
909 957 957 992 μὲν
974 953 995 980 Β

163 1003 235 1029 Θεῶν
252 1001 338 1036 οὖσιν,
354 1003 392 1036 ὡς
407 1003 521 1038 ἔφασαν,
540 1002 633 1038 σαφῶς
656 1003 684 1029 δέ
705 1011 756 1029 που
772 1003 834 1034 τοὺς
855 1002 958 1029 ἑαυτῶν

164 1049 313 1084 προγόνους
331 1049 440 1076 εἰδόσιν.
464 1049 607 1076 ’Λδύνατον
623 1045 668 1075 οὖν
691 1048 759 1074 θεῶν
780 1049 874 1075 παισὶν
896 1049 959 1075 ἁπι-

166 1096 255 1127 στεῖν,
273 1096 372 1132 καίπερ
394 1096 457 1123 ἄνευ
476 1095 588 1122 εἰκότων
606 1096 652 1122 καὶ
674 1095 830 1129 ἀναγκαίων
853 1095 959 1122 ἀποδεί-

165 1141 235 1174 ξεων
257 1141 398 1176 λέγουσιν·
423 1142 479 1169 ἀλλ’
495 1141 532 1173 ὡς
551 1142 638 1168 οἷκεῖα
654 1141 803 1176 φάσκουσιν
821 1141 959 1175 ἀπαγγέλ-

165 1187 242 1221 λειν,
270 1188 419 1224 ἑπομένους
449 1188 488 1223 τῷ
515 1188 589 1223 νόμῳ
616 1187 783 1215 πιστευτέον.
797 1182 893 1219 Οὕτως
913 1186 958 1214 οὖν

165 1235 228 1261 κατ’
247 1235 368 1266 ἐκείνους
383 1236 449 1271 ἡμῖν
466 1236 482 1270 ἠ
501 1234 607 1269 γένεσις
624 1235 688 1269 περὶ
705 1235 807 1262 τούτων
823 1234 876 1261 τῶν
891 1235 959 1262 θεῶν

166 1280 269 1316 ἐχέτω,
285 1281 331 1307 καὶ
348 1281 483 1316 λεγέσθω’
512 1282 564 1317 Γῆς
581 1290 610 1308 τε
621 1301 628 1313 ,
653 1282 699 1308 καὶ
724 1282 844 1318 Οὐρανοῦ
867 1282 959 1314 παῖδες

173 1328 297 1360 Ὠκεανός
308 1338 336 1355 τε
351 1329 398 1356 καὶ
414 1328 503 1364 Τηθὺς
518 1329 662 1364 ἐγενέσθην
673 1338 679 1344 ·
693 1329 793 1355 τούτων
805 1329 832 1355 δὲ
843 1329 958 1364 Φόρκυς,

166 1376 270 1411 Κρόνος
281 1385 320 1408 τε,
340 1377 385 1403 καὶ
407 1377 487 1407 Ῥέα.
515 1377 561 1403 καὶ
575 1377 631 1404 ὅσοι
654 1376 722 1412 μετὰ
741 1376 858 1404 τούτων·
879 1378 911 1403 ὲκ
927 1377 955 1403 δὲ

167 1421 272 1457 Κρόνου
290 1422 434 1454 καὶῬέας.
454 1422 532 1454 Ζεὺς,
549 1422 623 1457 ’Ἦρα
637 1431 678 1454 τε,
697 1422 744 1449 καὶ
758 1421 868 1454 πάντες,
883 1422 960 1454 ὅσους

167 1467 248 1502 ὕσμεν
263 1468 367 1499 πάντας
393 1467 525 1502 ἀδελφοὺς
555 1467 718 1503 λεγομένους
745 1466 849 1499 αὐτῶν,
871 1467 910 1493 ἔτι
930 1476 960 1494 τε

166 1515 232 1547 τοὺς
247 1514 349 1541 τούτων
373 1515 468 1546 ἄλλους
487 1515 625 1549 ἐκγόνους.
644 1524 653 1539 ›
677 1513 725 1540 Διὰ
739 1514 771 1549 δὴ
788 1513 875 1540 ταῦτα
894 1513 962 1540 ἀπο-

167 1561 292 1593 λειπτέος
309 1562 374 1596 ἡμῖν
389 1562 403 1587 ὁ
415 1561 573 1595 φιλόσοφος,
591 1560 622 1586 οὐ
645 1559 715 1586 κατὰ
731 1559 873 1594 φιλόσοφον
883 1580 890 1592 ,
905 1559 960 1586 οὐδ’

141 1602 144 1604 ⁷
166 1606 250 1638 αὐτὸς
271 1606 345 1642 αὐτῷ
361 1606 531 1642 συμφώνως,
548 1607 598 1638 τὰς
624 1605 740 1641 μυθικὰς
766 1605 819 1632 τῶν
842 1605 960 1640 ποιητῶν

167 1653 340 1687 γενεαλογίας
355 1651 636 1687 καθυποκρινάμενος.
648 1651 734 1678 Δίιτοῦ
752 1651 801 1686 μὲν
812 1651 866 1686 γὰρ
878 1651 960 1678 ἄκου-

169 1707 215 1725 σαι
232 1699 330 1733 φάντος
346 1700 374 1725 ἐν
393 1698 532 1732 Πολιτείᾳ
553 1697 633 1724 τάδε·
653 1708 662 1722 ι
683 1699 727 1724 Ἐν
742 1699 797 1729 τοῖς
821 1697 958 1732 μείζοσιν,

167 1743 203 1780 ἦν
216 1745 238 1771 δ’
258 1745 323 1779 ἐγὼ,
342 1745 436 1781 μύθοις
451 1744 571 1779 ὀψόμεθα
593 1744 640 1771 καὶ
662 1745 725 1775 τοὺς
752 1743 889 1774 ἐλάττους.
916 1743 962 1769 Δεῖ

168 1791 224 1827 γὰρ
239 1791 270 1826 δὴ
293 1791 338 1818 τὸν
353 1791 433 1818 αὑτὸν
453 1790 537 1817 τύπον
554 1788 623 1817 εἶναι
633 1810 639 1821 ,
663 1791 710 1817 καὶ
723 1790 820 1816 ταυτὸν
832 1789 962 1816 δύνασθαι

167 1837 233 1869 τούς
253 1846 283 1864 τε
307 1837 415 1872 μείζους
438 1837 485 1863 καὶ
511 1837 574 1867 τοὺς
596 1836 734 1867 ἐλάττους,
751 1837 786 1862 Ἢ
814 1836 863 1862 οὐκ
888 1835 960 1868 aiat;

168 1883 338 1917 -Ἐγωγε,
361 1882 428 1918 ἔφη·
445 1882 504 1908 ἀλλ’
517 1882 566 1908 οὐκ
582 1881 673 1909 ἐννοῶ.
692 1881 752 1907 οὐδὲ
769 1881 831 1912 τοὺς
852 1879 960 1915 μείζους

168 1929 246 1960 τίνας
260 1929 360 1963 λέγεις.
371 1927 464 1960 -Οὒς
479 1927 599 1959 Ἡσίοδός
617 1935 646 1952 τε
661 1927 707 1953 καὶ
722 1926 854 1962 Ὄμηρος,
873 1924 958 1958 εἷπον,

169 1976 237 2012 ἡμῖν
251 1974 389 2009 ἐλεγέτην,
405 1975 451 2000 καὶ
469 1975 492 2000 οἱ
508 1973 581 2000 ἄλλοι
594 1973 713 2008 ποιηταί.
731 1970 811 1999 Οὗτοι
827 1973 880 2008 γάρ
897 1981 958 2005 που,

172 2020 273 2056 μύθους
285 2020 392 2055 ψευδεῖς
415 2021 469 2052 τοῖς
491 2018 643 2055 ἀνθρώποις
663 2018 847 2050 συντιθέντες,
868 2018 961 2053 ἔλεγόν

168 2075 200 2093 τε
229 2067 275 2093 καὶ
298 2067 422 2099 λέγουσι·
445 2066 478 2093 τὰ
506 2065 596 2101 μικρῷ
624 2064 741 2100 πρόσθεν
770 2065 923 2100 τεθειμένα.
949 2074 957 2090 ι

169 2112 256 2138 Πάλιν
270 2121 298 2138 τε
313 2110 444 2147 αὑτοῦςῆν
459 2112 505 2138 καὶ
522 2111 555 2137 τὰ
576 2111 610 2137 δι’
623 2108 660 2137 ὧν
680 2110 796 2145 ἔφησεν·
813 2121 821 2136 ι
844 2110 961 2142 Ἐξαλεί-

168 2158 257 2193 ψομεν
266 2158 328 2194 ἄρα,
337 2155 370 2193 ἧν
382 2157 404 2184 δ’
418 2156 484 2192 ἐγὼ,
494 2157 547 2184 ἀπὸ
559 2156 636 2183 τοῦδε
648 2155 694 2182 τοῦ
707 2155 788 2187 ἔπους
801 2155 959 2191 ἀρξάμενοι,

170 2204 260 2231 πάντα
274 2204 306 2231 τὰ
318 2204 431 2231 τοιαῦτα
441 2211 448 2219 ·

1004 320 1157 347 molitos-em
1175 325 1254 346 nosse
1269 317 1458 350 adﬁrmaverat,
1473 317 1513 345 sic
1532 322 1662 352 tanquam
1676 324 1710 344 ex
1734 316 1790 343 for-

1004 366 1111 394 nicibus
1123 364 1176 393 illis
1189 368 1284 392 nostro
1299 364 1351 391 hoc
1373 363 1438 390 orbe
1462 362 1650 398 superioribus
1663 362 1793 390 deturba—

1004 418 1073 446 tum,
1094 414 1121 440 in
1139 411 1272 439 altissima
1288 410 1343 437 Deo
1359 418 1450 437 exosae
1466 409 1627 437 idololalriae
1649 408 1791 444 voragine,

1004 468 1067 487 cum
1086 457 1246 486 Atheniensi
1270 457 1370 492 populo
1390 456 1518 484 volutari.
1554 456 1600 483 Sic
1623 455 1746 490 quidem,
1762 459 1793 483 ut

1004 513 1066 533 eum
1087 505 1206 533 scribere
1220 511 1273 530 non
1291 502 1429 538 puduerit,
1445 502 1597 534 Socratem,
1611 509 1673 529 cum
1686 504 1716 527 ut
1735 500 1793 535 ipse

1004 556 1098 580 votum
1115 552 1173 578 deae
1192 554 1374 584 nuncuparet,
1389 555 1447 577 tum
1470 553 1500 576 ut
1518 548 1638 575 barbaro
1654 547 1692 575 illi
1713 546 1792 580 festo,

1005 599 1078 634 quod
1093 606 1108 625 a
1125 597 1230 626 civibus
1250 601 1307 624 tum
1322 596 1439 631 primum
1457 594 1657 627 celebrabatur,
1675 600 1795 629 prasens

1005 646 1158 676 interesset,
1183 643 1210 670 in
1224 642 1342 670 Pirzeum
1361 640 1538 669 deseendisse
1552 649 1558 667 :
1573 648 1623 668 nec
1639 640 1794 672 erubescat,

1007 694 1055 717 aut
1081 689 1209 716 eumdem
1243 693 1273 716 nt
1301 687 1463 722 Escuiapio
1493 687 1580 722 gallus
1605 685 1794 713 immolaretur

1005 735 1132 770 jussisse,
1150 734 1285 767 confiteri,
1302 739 1349 761 aut
1361 733 1512 761 daemonem
1535 733 1611 760 illum
1628 732 1738 767 Delphis
1752 731 1794 758 in-

1007 781 1151 814 sidentem,
1173 781 1252 816 quasi
1276 780 1395 815 patrium
1412 780 1558 815 quemdam
1574 779 1731 806 Grecorum
1755 778 1797 805 in--

1008 829 1169 860 terpretem,
1197 825 1279 851 deum
1304 824 1450 859 appellare.
1472 824 1654 857 Quamobrem
1678 823 1706 850 in
1731 830 1794 850 eum

1006 870 1077 906 jure,
1107 870 1290 905 superstitiosi
1316 871 1429 903 erroris,
1458 870 1505 904 qui
1539 869 1665 897 stolidam
1699 869 1796 904 agebat

1009 915 1223 948 tultitudinem,
1236 915 1316 950 culpa
1331 914 1498 942 conferatur.
1520 914 1559 942 Ae
1584 914 1651 942 mihi
1671 919 1699 941 tu
1716 913 1797 949 paulo

1010 960 1137 995 superius
1157 961 1308 988 orationem
1332 967 1451 992 arcesse,
1473 967 1505 987 ac
1522 959 1632 993 videsis,
1652 967 1713 994 quae
1735 963 1796 986 tan~

1009 1007 1070 1034 dem
1089 1014 1115 1033 et
1127 1006 1281 1041 cujusmodi
1303 1007 1369 1039 sint,
1382 1014 1443 1041 qure
1457 1011 1519 1041 post
1535 1007 1711 1041 incorporeas
1725 1007 1796 1038 illas,

1009 1057 1091 1087 atque
1123 1053 1250 1080 interitus
1274 1053 1364 1080 omnis
1393 1056 1518 1087 expertes
1544 1052 1629 1082 ideas.
1659 1058 1721 1087 post
1748 1051 1796 1080 Dei

1009 1099 1101 1134 primi,
1129 1099 1298 1134 secundique
1319 1099 1445 1134 principii
1465 1099 1642 1131 mentionem,
1665 1103 1727 1133 post
1741 1099 1797 1133 spi-

1010 1145 1103 1173 ritales
1119 1145 1343 1180 immortalesqne
1359 1151 1483 1177 naturas,
1500 1145 1532 1172 de
1551 1144 1676 1179 populari
1690 1145 1741 1172 hac
1768 1148 1797 1172 et

1009 1191 1117 1227 publica
1134 1191 1273 1226 opinione,
1291 1191 1349 1218 suis
1376 1191 1458 1218 etiam
1489 1190 1594 1225 legibus
1623 1190 1727 1217 sancito
1751 1197 1799 1217 vo-

1010 1239 1102 1266 luerit.
1135 1237 1283 1265 cAliorum
1307 1241 1398 1264 autem
1426 1238 1592 1270 daemonum,
1626 1237 1715 1271 inquit
1743 1236 1798 1269 ille,

1010 1284 1227 1320 procreationem
1246 1284 1288 1311 vel
1306 1283 1453 1319 explicare,
1471 1284 1511 1310 vel
1529 1290 1622 1314 nosse,
1638 1291 1682 1310 res
1700 1287 1742 1310 est
1755 1291 1801 1310 no-

1011 1336 1067 1359 stra
1085 1330 1214 1358 facultate
1229 1329 1326 1364 major.
1350 1329 1441 1362 Quare
1457 1329 1509 1356 hoc
1534 1329 1560 1355 in
1577 1336 1685 1364 genere,
1701 1329 1801 1364 priscis

1011 1377 1065 1404 illis
1091 1376 1207 1404 testibus
1232 1375 1386 1403 adhibenda
1407 1374 1483 1408 ﬁdes,
1499 1375 1546 1410 qui
1563 1381 1592 1402 ut
1605 1373 1799 1410 Deum,,quod

1011 1422 1062 1458 ipsi
1075 1423 1162 1455 aiunt,
1175 1427 1288 1457 nepotes
1302 1426 1391 1454 erant,
1411 1422 1448 1449 ita
1465 1422 1584 1457 majores
1601 1429 1668 1449 suos
1680 1422 1801 1450 maxime

1011 1473 1093 1496 notos
1117 1468 1281 1496 habuerunt.
1321 1467 1377 1495 Nec
1410 1467 1468 1495 lleri
1497 1468 1610 1495 omnino
1642 1472 1741 1502 potest,
1772 1473 1802 1495 ut

1011 1514 1078 1542 tides
1098 1521 1192 1542 eorum
1210 1513 1274 1541 ﬁliis
1288 1513 1456 1545 detrahatur,
1469 1514 1576 1541 etiamsi
1589 1514 1673 1541 nullis
1687 1514 1802 1541 demon-

1012 1560 1191 1592 strationibus
1218 1560 1393 1591 necessariis,
1419 1567 1450 1587 ae
1467 1567 1502 1586 ne
1530 1559 1718 1594 probabilibus
1741 1559 1803 1595 qui-

1012 1606 1073 1632 dem
1092 1604 1260 1640 argumentis
1285 1605 1406 1640 ipsorum
1438 1605 1594 1632 testimonia
1624 1605 1802 1639 comproben-

1011 1656 1072 1683 tur;
1093 1650 1140 1678 sed
1167 1657 1279 1677 necesse
1297 1650 1377 1685 plane
1402 1654 1454 1683 est,
1484 1654 1514 1678 ut
1538 1650 1582 1683 iis,
1601 1651 1740 1685 quomodo
1757 1650 1800 1677 lex

1009 1696 1135 1730 imperat,
1157 1699 1287 1730 tanquam
1309 1702 1421 1722 suarum
1441 1696 1467 1722 in
1488 1703 1579 1723 rerum
1601 1703 1803 1723 commemora-

1013 1741 1086 1769 tione
1100 1741 1256 1770 eredamus.
1283 1741 1392 1770 Illorum
1411 1750 1476 1778 ergo
1497 1743 1611 1771 deorum
1632 1745 1802 1778 procreatio—

1017 1795 1079 1814 nem
1100 1787 1172 1822 quod
1201 1787 1306 1820 attinet,
1338 1787 1376 1814 uti
1403 1793 1489 1823 poetae
1514 1789 1648 1821 scribunt,
1684 1789 1718 1816 ita
1752 1797 1802 1816 nos

1015 1841 1124 1868 quoque
1138 1833 1172 1860 de
1186 1841 1217 1860 ea
1233 1838 1387 1862 statuamus
1401 1842 1434 1861 ac
1448 1835 1605 1870 loquamur.
1626 1835 1717 1863 Terrae
1737 1835 1802 1862 Cce—

1013 1882 1087 1918 lique
1110 1883 1189 1910 liberi
1206 1882 1332 1911 Oceanus
1348 1888 1374 1911 et
1403 1883 1516 1920 Tethys,
1542 1883 1641 1910 horum
1667 1882 1803 1918 Phorcyn,

1015 1928 1161 1961 Saturnus,
1177 1934 1205 1956 et
1230 1929 1295 1964 Ops,
1319 1930 1466 1965 cmterique
1487 1929 1597 1957 fratres.
1629 1929 1667 1956 Ex
1684 1929 1804 1956 Saturno

1013 1974 1113 2010 etOpe
1132 1974 1246 2009 Jupiter.
1266 1974 1348 2008 Juno,
1386 1983 1418 2003 ac
1442 1975 1550 2010 reliqui,
1574 1983 1644 2010 quos
1662 1975 1805 2008 utriusque

1016 2020 1114 2048 fratres
1152 2021 1286 2056 appellari
1319 2023 1432 2053 scimus,
1460 2022 1607 2060 procreati.
1646 2022 1735 2056 Atque
1768 2022 1805 2049 ita

1015 2067 1144 2102 deinceps
1160 2068 1192 2094 de
1211 2073 1265 2095 tota
1289 2073 1417 2103 nepotum
1443 2068 1540 2095 serie.»
1573 2067 1724 2103 Eapropter
1738 2075 1805 2095 sane

1015 2113 1059 2140 hic
1075 2113 1154 2140 uobis
1177 2114 1357 2149 philosophus
1378 2113 1576 2149 relinquendus
1600 2113 1661 2147 fuit,
1685 2114 1732 2149 qui
1755 2121 1805 2141 nec

1016 2158 1055 2185 uti
1079 2158 1272 2194 philosophum
1289 2159 1390 2191 decuit,
1413 2167 1462 2187 nec
1486 2167 1580 2187 secum
1603 2159 1662 2194 ipse
1686 2166 1804 2187 consen—

1015 2204 1097 2237 tiens,
1116 2204 1257 2233 l'abulosas
1273 2206 1299 2232 in
1317 2206 1371 2233 diis
1392 2210 1533 2240 poetarum
1554 2205 1727 2241 genealogias
1743 2213 1806 2240 pro-

170 2251 383 2287 pagationesque
411 2251 557 2279 simularit.
588 2250 656 2278 Nam
678 2249 782 2278 audisxs
803 2250 1035 2285 quemadmodum
1061 2252 1132 2279 idem
1160 2253 1288 2288 loquatur
1313 2253 1344 2279 -in
1375 2252 1529 2287 Republica,
1563 2261 1572 2278 ι
1588 2251 1616 2279 ln
1643 2251 1804 2287 majoribus.

170 2298 271 2333 inquit,
286 2298 383 2326 fabulis
399 2299 518 2326 minores
535 2299 617 2326 etiam
644 2298 724 2325 facile
752 2297 913 2325 videbimus.
938 2297 1055 2327 Necesse
1083 2301 1156 2328 enim
1183 2305 1237 2333 est,
1267 2301 1386 2336 speciem
1412 2308 1494 2328 unam
1508 2300 1628 2336 aliquam
1649 2307 1719 2332 esse,
1737 2300 1806 2327 vim-

170 2353 225 2381 que
250 2346 402 2373 minoribus
425 2353 500 2381 aeque
529 2345 735 2381 majoribusque.
765 2352 948 2373 communem.
979 2345 1077 2374 Annon
1102 2347 1138 2374 ita
1157 2348 1262 2375 sentis?
1279 2363 1314 2369 --
1335 2347 1478 2383 Equidem,
1495 2347 1583 2382 inquit
1597 2346 1710 2374 ille:sed
1724 2345 1806 2381 693

170 2398 277 2429 quastu
289 2394 406 2429 majores
420 2394 506 2425 dicas,
520 2401 573 2421 non
589 2394 677 2428 capio.
698 2406 733 2412 —
753 2392 826 2426 Quas
835 2392 981 2427 Hesiodus,
1002 2393 1125 2429 inquam,
1144 2400 1226 2430 atque
1242 2395 1392 2427 Homerus,
1420 2395 1566 2429 eaeterique
1585 2398 1669 2429 poetae
1686 2400 1806 2420 commo-

171 2448 292 2471 morant.
316 2443 357 2470 illi
387 2443 460 2470 enim
481 2441 566 2470 falsas
588 2441 747 2469 hominibus
776 2441 883 2469 fabulas
908 2442 1083 2475 :commenti.

1121 2448 1147 2471 et
1175 2443 1324 2471 narrabant
1355 2443 1420 2470 olim
1443 2443 1578 2477 hodieque
1616 2445 1739 2468 narrant.
1768 2440 1805 2468 Ea

171 2492 306 2523 videlicet,
327 2499 388 2527 quae
407 2491 489 2526 paulo
515 2495 578 2518 ante
607 2490 762 2518 retulimus.
782 2489 909 2518 nRursus
941 2490 1064 2526 ejusdem
1090 2496 1116 2519 et
1141 2492 1195 2519 alia
1228 2492 1274 2519 illa
1299 2495 1397 2520 sunt.«
1416 2489 1479 2518 Haec
1503 2490 1585 2526 igitur
1609 2488 1701 2516 omnia
1717 2487 1807 2516 delea-

172 2548 246 2572 mus,
260 2540 382 2575 inquam,
395 2540 428 2567 ab
448 2539 502 2567 isto
518 2547 599 2566 versu
613 2538 786 2571 inchoantes,

207 2587 380 2621 Βουλοίμην
392 2586 444 2622 (24
456 2585 466 2622 )
478 2587 504 2612 κ’
531 2583 698 2619 ἐπάρουρος
723 2583 781 2610 ἐὼν
801 2583 958 2622 θῃξευέμεν

1055 2583 1151 2611 Malim
1168 2583 1288 2619 equidem
1304 2583 1385 2610 cuivis
1402 2582 1450 2609 alii
1465 2582 1562 2609 servire
1575 2581 1692 2609 colonus.
1710 2591 1719 2607 ι

837 2618 928 2646 ἄλλω.
937 2629 946 2644 ι

322 2619 326 2620 7
354 2619 358 2621 ’
397 2619 401 2622 ’
457 2619 462 2622 ⁷
837 2619 946 2646 ἄλλω.»

172 2669 228 2696 Καὶ
244 2667 277 2695 τὰ
289 2668 361 2703 ἑξῆς·
377 2667 410 2694 δι’
425 2654 467 2694 ὧν
479 2676 509 2693 τε
523 2665 642 2699 ἐπιλέγει
659 2675 664 2692 :
682 2674 690 2689 ι
701 2664 784 2691 Πάλιν
845 2646 962 2700 Ὀμῆρου

171 2714 325 2750 δεησόμεθα
342 2715 389 2741 καὶ
405 2713 458 2741 τῶν
474 2713 559 2741 ἄλλων
573 2711 702 2747 ποιητῶν,
722 2711 759 2746 μὴ
774 2712 860 2738 ποιεῖν
877 2711 965 2746 ’Λχιλ-

172 2761 221 2787 λέα
239 2761 308 2792 Θεᾶς
325 2761 417 2791 παῖδα,

176 2807 297 2834 Ἀλλοιθ
313 2806 368 2842 ('35)
385 2806 434 2832 ἐπὶ
456 2807 589 2838 πλειιρας
604 2802 966 2864 κατακεΙμειν-οζὲ’ῗιῒὲἓτε

802 2847 828 2864 ιο
858 2847 896 2865 av

175 2878 301 2905 ’Υπτιον
319 2887 327 2902 ι
803 2861 812 2874 L

211 2927 267 2959 (24)
294 2925 474 2959 Βοι-λοίμην.
497 2923 628 2952 Homerus
662 2923 756 2955 Odyss.
782 2923 823 2954 A,
848 2929 872 2948 ν.
901 2921 962 2948 488.

176 2962 294 2989 Achilles
313 2962 383 2996 apud
401 2960 502 2988 inferos
518 2961 647 2988 lonuitur.

1018 2664 1051 2692 Et
1064 2671 1125 2699 quae
1138 2667 1300 2698 sequuntur.
1335 2662 1403 2690 Tum
1429 2663 1488 2690 hac
1503 2665 1634 2697 praeterea
1657 2668 1716 2696 qua:
1740 2661 1806 2688 sub-

1015 2710 1106 2746 juugit
1121 2721 1128 2737 ι
1142 2719 1151 2736 ι
1167 2710 1266 2737 lterum
1297 2710 1331 2737 ab
1354 2709 1484 2740 llomero,
1517 2706 1616 2742 inquit,
1647 2707 1807 2741 exterisque

1019 2756 1107 2792 poetis
1121 2756 1316 2791 ﬂagitabimus,
1332 2755 1372 2782 nti
1386 2762 1420 2782 ne
1431 2753 1563 2782 Achillem
1578 2753 1628 2780 dea
1646 2756 1736 2780 satum
1755 2751 1807 2778 tin-

1020 2808 1094 2839 gant,

1025 2859 1104 2887 Nunc
1115 2860 1142 2886 in
1158 2867 1297 2895 utrumque
1308 2859 1390 2892 latus,
1408 2865 1477 2885 nunc
1491 2863 1514 2885 et
1526 2857 1644 2892 jacuisse
1655 2855 1805 2890 supinum.»

1056 2920 1112 2953 (‘25)
1129 2919 1255 2947 Ἄλλοτῖ
1274 2918 1350 2944 Iliad.
1371 2918 1401 2949 Ω,
1418 2916 1500 2944 v.-10.
