2061 3210
153 196 223 223 1145

728 185 890 215 PBEPAR.
908 183 1032 212 EVANG.
1051 182 1115 210 LIB.
1135 181 1203 208 XIII.

1696 172 1766 201 11ιῦ

153 251 384 287 ὲπενηνεγμένους
395 259 401 266 ·
414 249 444 276 τό
456 258 484 276 τε
498 246 526 275 εὖ
541 245 610 274 εἷναι
624 246 670 273 καὶ
679 245 728 281 τὴν
740 245 841 281 ἀρετὴν
852 265 860 276 ,
875 243 941 270 αὑτό
955 263 960 273 ,

1011 246 1090 273 eant,
1113 247 1207 268 verum
1222 238 1303 266 etiam
1318 245 1351 265 ne
1367 236 1421 265 sint
1439 235 1491 271 ipsi
1513 233 1621 270 quidem
1640 238 1688 266 per
1701 237 1772 263 sese,

153 308 184 326 τε
195 299 226 326 τὸ
237 298 377 329 ἀθάνατον,
388 296 450 322 οὔτε
461 294 499 330 τῷ
509 294 554 321 ἐπὶ
566 294 672 320 πάντων
684 291 742 327 Θεῷ
752 291 851 326 ὁμοίως
859 309 866 321 ,
877 288 938 315 οὔτε

154 345 188 372 δι’
201 342 231 371 οὗ
241 343 275 369 τὰ
285 343 374 370 πάντα
386 342 497 375 συνέστη
508 338 728 375 ἐπιφερομένους.
748 337 776 362 '0
787 336 815 362 δέ
828 344 858 370 γε
870 335 940 361 Πλά-

155 398 209 416 των
226 388 387 422 ἀσωμάτους
409 386 457 421 μὲν
477 385 525 412 καἿ⁵
542 383 640 419 νοητὰς
658 382 750 413 οὐσίας
764 381 813 412 τὰς
831 379 940 414 λογικὰς

157 435 252 470 φύσεις
266 433 367 468 ὁμοίως
389 431 523 466 Ἑϐραίοις
540 430 665 464 ὑφίστησι
676 449 683 460 ,
697 427 833 454 διαπίπτει
849 426 876 452 δὲ
892 427 941 461 τῆς

156 478 316 510 ἀκολουθίας
325 487 331 493 ·
342 478 448 513 πρῶτον
463 476 510 511 μὲν
522 477 683 510 ἀγεννήτους
696 471 763 499 εἶναι
774 472 883 507 φάσκων
896 472 942 497 αὑ-

157 524 207 555 τὰς
219 543 225 555 ,
243 522 337 558 ὥσπερ
360 521 407 548 καὶ
428 521 515 547 πᾶσαν
530 519 632 555 ψυχήν·
655 518 738 544 ἔπειτ’
753 517 782 550 ἐξ
795 516 944 552 ἀπορροίας

155 570 207 604 τῆς
223 568 268 595 τοῦ
285 568 391 604 πρώτου
407 567 493 593 αἰτίου
512 566 640 600 συστῆναι
654 564 739 597 λέγων
752 571 758 578 '
771 563 830 589 οὐδὲ
845 562 898 597 γάρ
913 563 944 588 ἐκ

158 616 206 645 τοῦ
224 617 260 652 μὴ
275 616 348 647 ὖντος
365 614 448 646 αὐτὰς
465 612 604 647 γεγονέναι
618 610 716 638 διδόναι
737 609 868 644 βούλεται.
901 608 945 634 Διὸ

159 663 208 690 καὶ
221 662 349 688 πλειόνων
363 660 431 686 θεῶν
443 658 598 685 ὑποτίθεται
612 654 681 682 εἶναι
696 655 782 690 γένος,
798 654 946 689 ἀπορροίας

160 709 237 740 τινὰς
246 708 291 733 καὶ
300 705 434 742 προϐολὰς
443 704 489 730 τοῦ
499 702 606 738 πρώτου
617 701 719 729 καὶτοῦ
728 701 852 736 δευτέρου
861 699 946 726 αἰτίου

159 754 199 801 τῷ
217 754 286 789 λόγῳ
300 751 499 787 ὑφιστάμενος·
516 747 584 775 εἷναί
607 757 636 774 τε
659 747 763 782 ἀγαθάς
787 747 835 782 τὴν
858 746 946 780 φύσιν,

470 796 483 801 -
537 797 542 801 .
583 795 588 801 .
639 795 645 801 .
704 794 717 799 ..
786 793 792 801 .
847 792 860 797 -
908 791 919 801 ι,

160 794 287 836 ὁὺδαμῶς
301 808 330 825 τε
342 798 399 830 οἵας
411 807 441 824 τε
453 796 503 831 τῆς
520 795 623 826 οἰκείας
638 794 764 829 ἐκστῆναι
781 792 896 828 ἀρετῆς,
908 791 950 818 ἕν-

162 847 208 873 θεν
222 846 318 876 αύτοὺς
334 845 380 870 καὶ
397 843 473 874 θεοὺς
484 840 554 868 εἶναι
570 840 684 872 δοξάζει.
696 839 803 865 Τούτων
816 838 844 864 δὲ
858 838 949 873 ἕτερον

163 891 232 919 εἶναι
248 892 279 917 τὸ
291 889 423 925 δαιμόνων
442 888 523 923 φῦλον
542 888 663 922 ἡγεῖται,
681 884 846 919 φαυλότητος
860 883 890 910 ὃν
904 882 950 909 καὶ

165 937 315 974 μοχθηρίας
327 956 334 968 ,
351 935 398 962 καὶ
420 935 469 969 τῆς
484 934 530 960 ἐπὶ
543 933 572 959 τὸ
591 933 681 968 χεῖρον
698 930 802 966 τροπῆς
814 928 951 955 δεκτικόν·
970 923 990 950 Β

163 981 201 1010 ὧν
218 984 279 1014 τοὺς
301 983 348 1017 μὲν
370 981 487 1015 ἀγαθοὺς
498 1000 505 1012 ,
522 979 584 1010 τοὺς
598 979 626 1004 δὲ
645 977 762 1012 φαύλους
779 973 848 1003 εἷναί
865 983 893 1000 τε
908 974 955 1000 καὶ

164 1028 354 1065 ὀνομάζεσθαι.
371 1027 462 1054 Ταῦτα
475 1027 502 1053 δὲ
521 1024 595 1060 παρὰ
610 1025 643 1051 τα
666 1023 799 1058 Ἑϐραίοις
812 1020 952 1050 δοκοῦντα,

165 1076 259 1102 τοῦτον
274 1074 438 1110 ὑποθέμενος
453 1073 497 1098 τὸν
512 1071 622 1106 τρόπον,
636 1070 686 1096 οὐκ
700 1068 876 1099 ἀποδίδωσιν,
892 1065 955 1092 ὁπό-

167 1122 212 1148 θεν
224 1121 372 1155 ὑποστῆναι
382 1120 462 1154 φάναι
473 1118 545 1149 εἰκὸς
557 1118 618 1148 τοὺς
628 1116 766 1151 δαίμονας,
786 1114 832 1140 Ἐκ
845 1113 892 1148 μὲν
901 1111 956 1146 γὰρ

166 1167 217 1202 τῆς
224 1165 276 1192 τῶν
284 1164 435 1200 ἀσωμάτων
443 1164 497 1198 (ἓθ)
508 1162 571 1197 ὕλης
584 1160 670 1191 οὐδεὶς
684 1159 715 1186 ἂν
725 1159 784 1185 νοῦν
798 1158 865 1193 ἔχων
876 1157 955 1182 εἴποι·

168 1213 264 1246 ἄλογος
284 1211 338 1246 γάρ
360 1209 443 1244 αὕτη·
465 1208 561 1242 λογικὰ
578 1207 599 1232 δ’
617 1207 666 1232 οὐκ
682 1205 714 1232 ἀν
735 1213 799 1230 ’ποτε
817 1203 845 1235 ἐξ
859 1202 956 1236 ἀλόγου

169 1257 288 1293 τεχθείη,
298 1256 399 1290 λογικοὶ
410 1255 436 1281 δὲ
446 1255 470 1280 οἱ
481 1254 616 1289 δαίμονες.
626 1252 657 1278 El
667 1251 688 1277 δ’
698 1251 729 1276 ὲκ
739 1250 787 1285 τῆς
798 1248 851 1275 τῶν
869 1256 958 1284 κρειτ-

170 1305 255 1331 τόνων
266 1302 415 1338 ἀπορροίας
427 1297 510 1331 οὗτοι,
520 1300 567 1326 καὶ
578 1298 636 1329 πῶς
645 1297 674 1324 οὐ
690 1297 745 1324 θεοὶ
757 1296 804 1322 καὶ
815 1295 890 1321 αὐτοὶ
902 1296 959 1326 τοῖς

172 1348 362 1384 γεγεννηκόσιν
374 1347 402 1380 ἐξ
411 1347 466 1373 ἴσου
478 1355 484 1379 ;
494 1345 590 1378 πῶςδζ
598 1343 702 1378 ἀγαθῆς
712 1342 793 1377 οΰσης
802 1341 901 1377 πηγῆς,
912 1340 960 1375 οὐχ

173 1397 253 1432 ὃμοια
266 1395 312 1421 καὶ
323 1394 357 1420 τὰ
370 1393 433 1428 παρ’
446 1392 544 1426 αὺτῆςς
556 1390 653 1421 κακίας
663 1389 683 1415 δ’
693 1390 721 1414 ἐν
736 1389 790 1419 τοῖς
798 1387 931 1420 δευτέροις
942 1387 958 1421 ὴ

176 1430 276 1478 βλάστη
294 1440 374 1466 πόθεν
398 1439 496 1472 ἐξέφυ,
519 1437 569 1471 τῆς
586 1435 662 1472 ῥίζης
678 1434 779 1462 ἄνωθεν
797 1433 825 1465 ἐξ
851 1430 961 1471 ἀγαθῶν

178 1463 276 1478 [mw—'1
298 1463 370 1466 ---~--
400 1463 457 1472 'w’r
491 1463 496 1469 1
549 1463 568 1471 μ
586 1463 591 1472 ι
619 1463 627 1467 .
643 1463 661 1470 .-
817 1463 824 1465 -
876 1463 880 1466 .

178 1487 285 1522 ἱοὺσης;
298 1485 356 1517 πῶς
367 1485 388 1511 δ’
397 1484 429 1511 ἂν
442 1484 545 1516 γένοιτο
558 1481 654 1517 πικρὸν
666 1480 719 1507 ἀπὸ
732 1479 778 1506 τοῦ
793 1478 918 1512 γλυκέος;

177 1533 206 1560 δὲ
262 1532 372 1562 σκότους
383 1529 481 1561 παντὸς
493 1528 538 1555 καὶ
550 1527 661 1562 πικρίας
674 1526 763 1560 πάσης
774 1524 961 1559 χαλεπωτερον

178 1578 209 1605 τὸ
221 1578 274 1605 τῶν
292 1576 434 1613 μοχθηρῶν
448 1574 580 1609 δαιμόνων
594 1573 683 1607 γένος,
701 1571 759 1602 πῶς
775 1570 804 1602 ἐξ
816 1569 962 1605 ἀπορροίας

178 1624 277 1659 λέγοιτ’
290 1623 322 1649 ἂν
334 1622 382 1657 τῆς
394 1621 448 1647 τεὸν
458 1619 616 1655 κρειττόνων
631 1618 750 1652 φύσεως;
764 1617 786 1642 εἰ
801 1615 822 1642 δ’
834 1616 865 1641 ἐκ
884 1613 963 1650 τῆσδε

178 1668 226 1707 ἦν,
236 1669 288 1696 οὐδ’
300 1668 332 1695 ἂν
344 1668 448 1703 ἐτράπη
460 1667 508 1701 τῆς
521 1665 623 1696 οἰκείας
633 1665 724 1697 ἕξεως.
740 1663 771 1688 Ei
780 1662 800 1688 δ’
811 1661 964 1696 ἠλλοίωται,

180 1716 235 1743 οὐδ’
250 1713 283 1750 ἦν
299 1715 347 1750 τὴν
363 1713 448 1748 ἀρχὴν
465 1711 568 1742 ἀπαθὲς
580 1710 629 1746 τὴν
646 1709 735 1743 φύσιν.
753 1708 784 1733 El
800 1707 822 1732 δ’
833 1707 863 1732 οὐ
878 1705 965 1732 τοιάδε

183 1762 238 1798 (50)
252 1759 286 1797 ἦν
296 1780 302 1789 .
319 1760 365 1786 καὶ
381 1759 438 1790 πῶς
453 1758 507 1784 θεοὶ
521 1755 585 1789 εἷεν,
602 1755 625 1782 οἳ
637 1755 669 1791 δὴ
684 1754 787 1789 φαύλης
802 1750 851 1779 οἶοί
869 1751 897 1778 τέ
914 1752 965 1777 εἰσι

184 1809 307 1844 μετέχειν
329 1806 441 1841 μοίρας;
466 1803 535 1829 Ἀλλ’
551 1803 574 1828 ei
594 1803 661 1837 μήτε
677 1801 725 1835 τῆς
741 1799 793 1826 τῶν
807 1797 966 1834 κρειττόνων

183 1851 341 1888 ἀπορροίας.
357 1850 414 1886 μηδ’
433 1846 465 1876 αὖ
482 1849 530 1883 τῆς
544 1847 598 1873 τῶν
612 1846 743 1881 σωμάτων
756 1844 820 1879 ὕλης
832 1842 895 1873 εἷεν,
909 1842 967 1877 ὥρα

183 1899 200 1934 ἢ
214 1898 375 1933 ἀγεννῆ-τους
391 1896 480 1929 λέγειν
490 1916 496 1926 ,
512 1894 559 1920 καὶ
575 1893 641 1928 πρὸς
650 1893 681 1927 τῇ
697 1891 835 1924 ἁγεννήτῳ
850 1889 899 1925 ὕλῃ
915 1888 967 1914 τῶν

185 1944 327 1980 σωμάτων,
335 1942 423 1978 τρίτον
434 1943 524 1974 στῖφος
534 1938 647 1973 λογικῶν
657 1938 807 1972 ἀγεννήτων
819 1936 865 1961 ἀντ
870 1942 968 1969 ιπαρα-

184 1991 290 2017 τάττειν
301 1988 338 2024 τῷ
349 1987 420 2022 Θεῷ·
432 1986 522 2012 οὐκέτι
531 1993 560 2011 τε
572 1984 616 2010 τὸν
624 1983 689 2009 Θεὸν
700 1982 806 2008 πάντων
817 1978 884 2006 εἶναι
892 1987 969 2014 ποιη-

185 2037 236 2072 τὴν
246 2035 293 2062 καὶ
303 2033 465 2069 δημιουργὸν
477 2031 531 2058 τῶν
543 2030 609 2057 ὅλων
621 2027 787 2055 ἀποδιδόναι·
799 2026 815 2061 ἢ
826 2025 896 2051 τοῦθ’
906 2026 970 2060 ὁμο-

185 2081 342 2116 λογοῦντας,
354 2080 400 2106 καὶ
412 2079 444 2105 τά
456 2078 491 2113 μὴ
503 2078 565 2103 ὄντα
575 2076 661 2101 ποιεῖν
677 2073 755 2100 αὑτὸν
768 2073 823 2103 τοῖς
839 2070 970 2106 Ἐϐραίων

188 2126 339 2163 συμφώνως
355 2124 492 2159 ὁμολογεῖν
509 2121 606 2155 λόγοις.
624 2119 689 2145 Τίνα
709 2118 736 2144 δὲ
759 2117 815 2143 οἶδε
826 2116 888 2151 περὶ
903 2115 969 2142 τῶν·

186 2174 216 2202 δε
230 2173 431 2201 ὲκδιδάσκουσι;
453 2168 499 2203 τὴν
514 2167 598 2202 μέσην
614 2164 667 2190 τῶν
681 2162 796 2197 λογικῶν
814 2161 901 2196 φύσιν,
916 2160 970 2187 οὔτ’

188 2221 222 2247 ὲκ
232 2219 280 2254 τῆς
289 2218 341 2244 τῶν
352 2216 482 2250 σωμάτων
493 2213 567 2244 ὕλης,
576 2210 631 2238 οὔτ’
642 2209 670 2241 ἐξ
679 2207 825 2243 ἀπορροίας
835 2207 883 2240 τῆς
893 2206 972 2239 ἀγεν-

188 2266 270 2301 νήτου
278 2285 285 2296 ,
309 2263 356 2289 καὶ

189 2311 294 2342 οὐσίας,
308 2305 456 2342 ὑποστῆναί
466 2313 530 2339 φασι
540 2312 546 2319 ’
561 2302 598 2338 μὴ
608 2299 690 2328 οὖσαν
701 2300 730 2326 δὲ
741 2298 881 2334 πρότερον,
892 2296 971 2323 δυνά-

193 2365 238 2393 μει
252 2354 405 2391 δραστηρίῳ
419 2351 465 2379 τοῦ
482 2351 588 2377 πάντων
604 2348 690 2375 αἰτίου
704 2345 852 2381 γεγονέναι.
881 2342 973 2377 Ταύτῃ

190 2411 222 2429 τε
241 2402 278 2438 μὴ
295 2400 372 2431 θεοὺς
391 2397 475 2429 εἷναι,
493 2396 558 2432 μηδὲ
575 2393 675 2429 κυρίως
686 2391 765 2426 τῆσδε
779 2391 826 2425 τῆς
839 2396 974 2424 προσηγο‹

194 2449 254 2485 ρίας
265 2445 405 2482 ἠξιῶσθαι.
418 2445 457 2471 ὅτι
471 2443 536 2478 μηδὲ
547 2441 596 2476 τὴν
607 2439 686 2474 φύσιν
698 2437 801 2464 ἰσοῦται
810 2435 848 2470 τῷ
859 2441 974 2468 πεποιη-

193 2479 263 2526 διότι,
276 2479 336 2528 μηδ’
347 2491 496 2527 ἀχώριστον
506 2487 604 2522 ὁμοίως
616 2485 653 2520 τῷ
666 2483 733 2518 Θεῷ,
743 2483 773 2508 τὺ
784 2481 883 2516 ἀγαθὸν
896 2479 974 2514 ἐφελ-

195 2548 287 2571 κεται,
302 2538 333 2565 τό
350 2546 379 2564 τε
394 2536 432 2571 τῷ
449 2534 522 2569 καλῷ
537 2531 655 2559 ἐναντίον
670 2529 743 2556 ἔστιν
763 2528 807 2555 ὅτε
823 2527 870 2554 καὶ
884 2526 975 2558 δέξατ’

195 2585 229 2612 ἃν
247 2583 376 2618 ὀλιγωρίᾳ
387 2582 435 2617 τῆς
452 2579 516 2615 περὶ
532 2579 562 2604 τὸ
575 2578 696 2612 κρεῖττον
714 2574 808 2609 σχολῆς
819 2593 826 2605 ,
850 2573 883 2607 ἢν
897 2571 977 2603 αὐτὸς

196 2631 310 2657 ἕκαστος
321 2627 393 2663 αὐτῷ
406 2626 608 2661 κατείργασται,
619 2622 668 2657 τῆς
679 2620 781 2651 οἰκείας
792 2618 879 2654 ὁρμῆς
890 2626 919 2644 τε
932 2617 978 2643 καὶ

197 2676 308 2712 γνώμης
325 2673 452 2709 πεφυκὼς
469 2671 571 2707 κύριος.
587 2667 677 2694 Ταῦτα
693 2666 740 2693 καὶ
754 2665 817 2700 περὶ
830 2664 900 2690 τάδε.
921 2663 975 2689 Με-

203 2724 305 2758 τίωμεν
319 2722 347 2748 δὲ
364 2721 412 2748 καῖ¹
423 2719 465 2754 ἐφ’
480 2718 571 2751 ἕτερα.

200 2770 384 2806 agnoscimus.
408 2773 501 2793 eorum
520 2764 601 2791 etiam
636 2768 696 2796 qua:
714 2760 787 2786 nulla
810 2763 892 2789 sunt,

201 2816 345 2844 laleamur.
371 2814 499 2847 Quaenam
525 2815 588 2837 vero
611 2807 655 2834 illa
680 2809 754 2838 sunt,
783 2812 843 2840 qua:
868 2803 902 2830 ab

237 2873 293 2907 (‘29)
316 2869 502 2907 Ἀσῳμάεωπ
522 2866 592 2893 Malo
609 2864 741 2907 σωμάτων
755 2871 786 2907 ex
803 2869 853 2907 tus.

238 2904 293 2942 (50)
309 2905 418 2934 Τοιάδε.
440 2904 517 2931 Forte
528 2922 535 2934 ,

977 1589 998 1617 C

375 2261 417 2287 ἀεὶ
434 2259 503 2286 κατὰ
516 2257 550 2284 τὰ
565 2255 633 2283 αὐτὰ
651 2254 696 2281 καὶ
709 2252 837 2282 ὡσαύτως
860 2250 956 2286 ἐχούσῃ

1026 2253 1071 2288 qui
1087 2258 1168 2286 porro
1192 2250 1228 2276 dii
1252 2256 1312 2275 esse
1335 2246 1449 2282 possint,

992 288 1038 316 sed
1050 295 1064 314 a
1082 294 1173 314 rerum
1194 284 1382 311 universarum
1398 281 1547 310 conditore,
1563 282 1594 304 ut
1609 279 1710 306 essent,
1725 281 1768 300 ac—

995 334 1115 368 ceperint
1135 341 1142 359 :
1160 331 1206 366 qui
1222 330 1348 364 denique,
1366 334 1396 355 ut
1408 327 1476 354 bene
1493 325 1559 356 sint,
1573 322 1722 351 utvirtnte,
1745 323 1775 345 ut

995 364 1203 406 immortalitate
1217 373 1367 410 gaudeant,
1386 379 1420 398 ne
1435 369 1542 397 dotibus
1557 366 1666 402 quidem
1682 364 1775 390 l'ruan-

995 430 1040 451 tur
1057 423 1119 455 illis,
1137 421 1275 456 quomodo
1298 423 1345 446 aut
1365 420 1517 453 praepotens
1539 419 1629 440 rerum
1654 409 1774 437 omnium

997 468 1077 499 Deus,
1097 450 1275 493 autIVerbum
1291 450 1372 493 illud,
1390 450 1469 494 cuius
1487 457 1510 484 vi
1528 454 1621 483 omnia
1638 450 1774 479 exstitere.

998 513 1032 540 At
1048 512 1133 543 Plato,
1152 510 1215 536 licet
1228 515 1289 536 cum
1314 505 1433 533 llehrreis
1453 507 1564 529 naturas
1581 497 1713 534 quasdam
1731 502 1775 521 ra-

998 559 1073 585 tione
1086 556 1227 592 prwditas,
1243 554 1419 586 incorporeas
1443 557 1475 576 ac
1489 545 1625 581 spiritales
1643 548 1704 570 esse
1722 544 1778 567 sta-

1000 608 1067 635 tuat,
1084 602 1155 629 haud
1175 605 1263 627 tamen
1289 601 1469 625 consentanee
1495 592 1626 626 loquitur,
1639 589 1702 615 dum
1718 593 1779 612 eas-

999 651 1072 682 dem,
1101 648 1189 683 primo
1218 643 1445 680 quemadmodum
1468 645 1494 667 et
1514 638 1632 665 animam
1658 639 1778 663 omnem,

1000 696 1074 724 nullo
1101 698 1162 721 ortu
1195 695 1346 727 generatas,
1373 687 1470 716 deinde
1500 684 1616 720 quadam
1641 689 1674 708 ex
1698 677 1779 714 primi

1001 742 1126 778 principii
1151 740 1268 767 ﬂuxione
1291 741 1363 764 satas
1385 741 1446 761 esse
1471 732 1559 759 docet.
1591 728 1683 761 Neque
1704 725 1777 751 enim

1002 791 1062 818 illas
1078 794 1189 823 prorsus
1200 784 1306 812 cnihilo
1317 781 1455 809 exstitisse
1468 776 1602 805 concedit.
1617 773 1710 807 itaque
1723 770 1783 804 plu-

1002 837 1073 864 rium
1091 835 1203 862 deorum
1239 831 1376 857 nationem
1409 823 1561 853 constituit,
1594 827 1663 855 quos
1687 821 1783 844 omnes

1004 882 1083 918 primi
1102 878 1269 912 secundique
1291 873 1417 910 principii
1443 870 1576 898 ﬂuxiones
1599 865 1729 901 quasdam
1751 869 1783 888 ac

1229 916 1231 918 .
1567 914 1572 918 _
1660 915 1665 918 _
1703 907 1780 918 ,⁸-

1004 916 1248 965 proseminationcs
1263 929 1324 949 esse
1337 920 1411 950 vult,
1427 924 1488 952 qua:
1502 914 1575 950 quod
1589 915 1684 946 suapte
1701 907 1783 944 695

1006 954 1019 965 Γ
1041 954 1063 955 ρ

1005 978 1101 1002 natura
1117 972 1195 999 bonaa
1212 970 1276 1000 sint,
1291 975 1341 994 nec
1358 965 1412 992 ullo
1430 969 1552 997 unquam
1579 958 1659 986 modo
1676 954 1785 991 propria

1005 1019 1106 1046 virtute
1130 1012 1241 1050 spoliari
1259 996 1370 1046 queant,
1383 1008 1417 1035 ab
1430 1014 1462 1033 eo
1481 996 1624 1040 propterea
1651 999 1688 1027 dii
1711 996 1786 1032 judi-

1006 1068 1104 1092 cantur
1147 1060 1184 1088 Ab
1207 1058 1251 1085 his
1268 1045 1408 1082 diversam
1425 1051 1579 1078 daemonum
1601 1045 1709 1073 turbam
1722 1048 1785 1070 esse

1006 1112 1093 1145 putat,
1108 1113 1167 1141 qua:
1189 1101 1387 1138 improbitatem
1409 1105 1440 1124 ac
1460 1095 1548 1123 scelus
1561 1091 1712 1122 admittere,
1745 1090 1786 1114 at—

1446 1143 1450 1145 .
1595 1138 1611 1145 ..
1682 1133 1786 1145 M.__,A

1008 1133 1093 1145 l’_""1
1112 1133 1124 1141 '1
1228 1133 1236 1138 ι

1008 1163 1060 1191 que
1081 1155 1109 1181 in
1126 1151 1247 1180 deterius
1262 1146 1361 1175 mutari
1379 1143 1464 1180 possit
1480 1151 1485 1169 :
1499 1149 1530 1168 ex
1556 1138 1655 1175 quibus
1674 1133 1787 1170 proinde

1450 1188 1455 1191 ‘
1645 1186 1689 1191 ιη..
1722 1178 1786 1191 nn...

1009 1178 1060 1191 Ὶ“““⁴
1082 1178 1109 1181 "'
1130 1178 1155 1180 ν’
1381 1178 1387 1180 .

1009 1200 1074 1228 boni
1091 1198 1213 1233 quidam,
1228 1191 1345 1228 improbi
1368 1189 1413 1217 alii
1435 1188 1490 1215 sint
1502 1193 1533 1213 ac
1558 1186 1700 1211 vocentur.
1721 1178 1788 1212 ρυω

1008 1254 1069 1274 cuin
1084 1246 1151 1279 ipse,
1171 1244 1266 1277 praeter
1283 1238 1458 1265 liciti-acorum
1480 1236 1595 1260 mentem
1619 1236 1651 1255 ac
1664 1232 1786 1256 sensum,

1010 1293 1046 1320 ita
1069 1290 1172 1321 statuit,
1197 1285 1267 1314 unde
1284 1283 1389 1311 tandem
1408 1288 1470 1308 cum
1498 1278 1589 1312 aliqua
1614 1274 1669 1302 veri
1690 1272 1781 1307 specie

1010 1338 1145 1365 tltenones
1158 1332 1292 1360 exstitisse
1307 1330 1440 1358 dicamus,
1461 1333 1514 1352 non
1533 1322 1659 1357 explicat.
1672 1318 1739 1345 Nam
1752 1323 1786 1343 ex

1011 1387 1202 1417 corporearum
1227 1377 1335 1412 quidem
1350 1381 1440 1401 rerum
1465 1369 1577 1398 materia
1605 1373 1684 1394 nemo
1706 1370 1790 1391 sanus

1011 1427 1126 1460 dixerit;
1144 1430 1185 1453 est
1199 1424 1270 1451 enim
1286 1422 1329 1449 illa
1344 1418 1458 1447 rationis
1474 1422 1571 1450 expers
1585 1423 1591 1441 :
1609 1412 1681 1447 quod
1698 1414 1789 1437 autem

1012 1475 1115 1502 ratione
1131 1471 1272 1507 prteditum
1285 1472 1336 1498 est,
1356 1466 1381 1492 id
1394 1472 1424 1491 cx
1439 1470 1472 1490 eo
1485 1461 1554 1497 quod
1574 1459 1680 1486 ratione
1694 1457 1788 1483 careat

1012 1521 1084 1557 gigni
1100 1527 1152 1546 non
1169 1519 1267 1552 potest,
1291 1513 1394 1540 ratione
1417 1515 1507 1538 autem
1533 1504 1639 1541 praediti
1654 1503 1791 1530 daemones

1015 1571 1089 1594 sunt.
1111 1564 1157 1591 Sin
1183 1567 1272 1589 autem
1296 1558 1466 1593 superiorum
1484 1558 1641 1582 naturarum
1658 1554 1790 1584 propaga-

1016 1614 1087 1641 tione
1111 1610 1160 1639 sati
1187 1609 1224 1636 illi
1241 1611 1314 1638 sunt,
1336 1604 1429 1639 quidni
1450 1609 1526 1636 teque
1555 1607 1585 1626 ac
1600 1600 1736 1633 parentes,
1753 1593 1792 1620 dii

1015 1663 1078 1687 Stllll.
1094 1656 1144 1692 ipsi
1161 1654 1288 1690 quoque?
1302 1638 1353 1687 qui
1364 1651 1393 1678 ﬁt
1410 1654 1438 1676 ut
1452 1657 1483 1675 ex
1497 1647 1568 1673 bono
1585 1644 1657 1670 fonte
1669 1640 1720 1668 rivi
1740 1638 1794 1666 dis-

1016 1706 1120 1734 similes
1136 1700 1275 1729 oriantur?
1306 1697 1376 1724 unde
1402 1696 1429 1723 in
1458 1690 1654 1728 posterioribus
1685 1691 1794 1722 germen

1016 1752 1082 1779 illud
1099 1746 1280 1784 improbitatis
1294 1742 1417 1777 emergit,
1436 1740 1483 1775 qui
1505 1737 1624 1765 radicem
1651 1733 1762 1764 habent,
1777 1737 1794 1757 a

1017 1800 1091 1824 tanta
1108 1775 1186 1829 primi
1200 1798 1286 1826 uSque
1296 1775 1422 1824 principii
1433 1784 1587 1819 integritate
1598 1782 1774 1816 propagatam
1782 1775 1797 1802 Υ

1017 1849 1071 1876 quo
1097 1839 1214 1873 denique
1240 1835 1320 1863 modo
1342 1841 1374 1860 ex
1401 1831 1525 1858 dulcibus
1552 1834 1643 1854 amara
1678 1829 1797 1851 nascun-

1019 1866 1068 1876 ~.—~
1171 1866 1176 1873 .

1019 1886 1082 1914 tur?
1114 1884 1276 1913 Enimvero,
1298 1879 1319 1906 si
1345 1875 1463 1904 tenebris
1487 1873 1635 1902 omnibus,
1667 1870 1689 1896 si
1720 1866 1796 1895 omni

1019 1929 1165 1958 acerbitate
1184 1926 1294 1962 gravius
1312 1927 1354 1951 est
1376 1920 1562 1956 improborum
1579 1917 1733 1943 dmmonum
1751 1919 1797 1948 ge-

1019 1986 1081 2008 nus,
1093 1976 1154 2011 quis
1182 1973 1246 2001 illud
1264 1980 1296 1999 ex
1318 1969 1460 1997 meliorum
1475 1974 1506 1993 ac
1520 1964 1684 1992 diviniorum
1699 1964 1795 1987 natura

1019 2024 1130 2050 ﬂuxisse
1152 2019 1243 2048 dicat?
1260 2026 1290 2045 ex
1308 2024 1363 2051 quo
1380 2021 1445 2042 sane
1460 2013 1481 2040 si
1506 2010 1639 2037 ﬂuxisset.
1656 2012 1797 2039 nunquam

1020 2078 1053 2097 ex
1076 2067 1184 2103 proprio
1201 2069 1228 2092 et
1243 2062 1358 2091 naturali
1385 2064 1456 2087 statu
1481 2056 1635 2084 excidisset.
1668 2051 1747 2085 Quod
1774 2051 1797 2077 si

1022 2119 1125 2142 tantum
1139 2110 1298 2139 mutationis
1310 2107 1401 2135 subire
1414 2105 1511 2140 potuit,
1528 2109 1581 2128 non
1603 2101 1684 2135 igitur
1696 2096 1799 2132 princi-

1021 2162 1066 2196 pio
1082 2164 1206 2186 naturam
1223 2154 1326 2185 habuit,
1345 2153 1378 2179 ab
1402 2150 1477 2178 omni
1493 2146 1613 2184 patiendi
1640 2143 1801 2172 necessitate

1022 2207 1147 2234 liberam.
1174 2201 1334 2236 Cuiusmodi
1355 2201 1378 2226 si
1404 2199 1542 2225 daemones
1566 2193 1611 2221 isti
1634 2199 1688 2219 non
1711 2194 1799 2220 erant,

1476 2243 1521 2279 qui
1550 2241 1744 2269 sceleratorum
1773 2236 1800 2262 in

1025 2299 1140 2326 classem
1160 2296 1234 2323 abire
1249 2292 1416 2329 potuerunt?
1443 2289 1501 2317 Jam
1519 2295 1594 2319 vero,
1613 2286 1636 2312 si
1650 2291 1736 2318 neque
1750 2289 1804 2309 me-

1024 2344 1140 2371 lioribus
1159 2342 1211 2368 illis
1236 2348 1267 2367 ac
1295 2336 1482 2372 superioribus
1513 2341 1545 2361 ex
1572 2331 1689 2360 naturis,
1712 2334 1800 2362 neque

1027 2396 1171 2424 corporum
1198 2394 1231 2413 ex
1257 2384 1370 2411 materia
1397 2387 1486 2409 ortum
1517 2379 1650 2409 habuere,
1680 2377 1804 2409 superest

1029 2435 1152 2464 omnino,
1171 2438 1200 2459 ut
1224 2432 1266 2458 vel
1292 2439 1339 2457 eos
1363 2435 1502 2462 nunquam
1521 2425 1626 2461 genitos
1648 2429 1708 2449 esse
1734 2421 1806 2448 dica-

1028 2489 1089 2508 mus
1101 2500 1108 2512 ,
1126 2484 1206 2513 atque
1224 2478 1260 2504 ita
1272 2480 1367 2510 praeter
1383 2474 1456 2500 illam
1481 2477 1627 2505 corporum
1649 2467 1805 2498 materiam,

1029 2535 1110 2563 quam
1122 2531 1181 2554 ortu
1197 2532 1291 2552 carere
1304 2523 1408 2553 volunt.
1422 2519 1528 2548 tertiam
1549 2517 1620 2544 hanc
1632 2519 1805 2543 naturarum,

1030 2581 1090 2609 qua:
1102 2572 1207 2599 ratione
1221 2569 1347 2605 prteditte,
1361 2572 1421 2594 ortu
1436 2565 1561 2594 similiter
1582 2564 1703 2592 careant,
1717 2559 1807 2586 natio-

1031 2627 1103 2652 nem,
1126 2626 1187 2645 cum
1213 2616 1267 2642 Deo
1292 2619 1498 2648 componamus,
1529 2609 1668 2641 Deumque
1691 2603 1807 2640 proinde

1029 2672 1118 2690 rerum
1135 2669 1246 2698 prorsus
1261 2659 1383 2687 ninnium
1404 2656 1572 2684 conditorem
1588 2659 1659 2684 esse,
1677 2659 1709 2677 ac
1726 2648 1789 2676 moli

1030 2713 1115 2736 torem
1136 2713 1286 2741 negemus:
1314 2703 1356 2730 vel
1381 2703 1404 2730 si
1439 2701 1629 2728 universorum
1665 2699 1806 2732 parentem

923 2761 952 2783 ut
974 2756 1147 2783 Hebraeorum
1176 2755 1270 2781 litterm
1293 2751 1457 2787 praedicant,
1482 2753 1619 2776 auctorem
1653 2745 1728 2772 illum
1745 2749 1806 2770 esse

924 2802 991 2830 iusis
1018 2801 1052 2829 de
1082 2808 1241 2829 naturarum
1260 2800 1374 2828 istarum
1396 2795 1548 2826 conditione
1566 2790 1730 2822 traduntur?
1754 2788 1808 2816 Eas

550 2891 655 2928 ἓάοίδεὶ
671 2899 736 2925 Nam
759 2899 791 2925 de
811 2894 976 2923 daemonibus
996 2891 1124 2927 loquitur.
