2061 3210
178 157 248 189 1149

737 161 898 191 ΡΒΔΞΡΑΒ.
919 161 1048 190 EVANG.
1069 162 1133 191 LIB.
1155 162 1223 192 Xlll.

1725 163 1793 191 H50

178 218 246 246 δνων
263 218 327 255 γένη
342 220 450 247 καὶτῶν
463 219 590 247 τοιούτων
607 220 707 256 θηρίων
723 221 795 254 εἰκὸς
808 222 944 249 ἐνδύεσθαι
953 230 960 238 ο

1012 222 1189 258 697,’(ιυοιιι
1211 222 1406 251 circumferant
1421 231 1558 259 corporea
1577 223 1646 250 labis
1661 223 1795 258 cupidna-

178 265 195 300 ἦ
213 265 263 292 οὐκ
277 265 345 299 alat;
362 282 396 287 —-
410 267 484 293 Πάνυ
503 266 552 302 μὲν
578 264 624 293 οὖν
647 267 720 299 είκδς
733 267 833 302 λέγεις.
848 284 882 290 -η
893 269 962 301 Τοὺς

178 311 208 338 δέ
222 319 254 345 γε
268 311 384 345 ἀδικίας,
405 314 452 339 καὶ
469 312 640 348 τυραννίδας,
659 313 705 340 καὶ
724 313 849 348 ἁρπαγὰς
865 323 962 350 προτε-

178 356 337 391 τιμηκότας.
363 358 402 388 είς
424 357 457 383 τὰ
472 358 525 383 τῶν
540 357 629 384 λύκων
644 366 683 388 τε,
702 358 748 385 καὶ
772 359 897 393 ἱεράκων,
915 359 962 386 καὶ

181 401 288 428 ίκτίνων
305 402 370 437 γένη
379 411 385 417 ·
401 402 417 437 ἢ
432 404 477 429 ποῖ
490 403 522 429 ἂν
528 403 621 430 ἄλλοσε
630 405 729 438 φαῖμεν
737 403 785 436 τὰς
796 405 921 436 τοιαύτας
929 405 963 431 ἰέ-

178 454 271 478 ναι;-
278 447 393 482 Ἀμέλει,
405 447 457 482 ἔφη
467 448 586 484 ὁΚέϐης,
596 449 635 480 είς
642 449 675 475 τὰ
689 449 960 482 τοιαῦτα.-Οὐκοῠν,

178 489 196 526 ἧ
213 492 284 524 δ’ὂς,
299 492 397 528 δηλαδὴ
412 494 458 520 καὶ
469 493 562 526 τᾶλλα,
578 492 594 531 ᾖ
610 494 643 521 ἂν
652 495 754 530 ἑκάστη
768 495 812 526 ἴοι,
828 496 896 522 κατὰ
912 496 961 527 τὰς

178 537 432 573 αὐτῶνὸμοιότητας
440 539 489 573 τῆς
502 539 802 576 μελέτης.--Δῆλονδὴ,
817 541 868 576 ἔφη
878 549 884 556 ·
903 541 961 573 πῶς

177 580 201 606 δ’
225 579 272 612 ob;
288 596 325 601 —
337 581 440 608 οὐκοῦν
455 583 699 618 εὐδαιμονέστατοι,
720 584 782 619 ἔφη,
794 585 840 611 καὶ
858 585 960 612 τούτων

178 625 242 658 εἰσὶ,
260 626 306 652 καὶ
321 627 360 657 είς
375 626 510 661 βέλτιστον
531 628 612 654 τόπον
635 629 728 661 ἰόντες,
745 631 769 656 οἱ
787 630 836 665 τὴν
851 630 960 666 δημοτι-

178 670 231 704 κὴν
257 671 304 696 καὶ
324 670 463 707 πολιτικὴν
484 673 583 708 ἀρετὴν
604 674 849 710 ὲπιτετηδευκότες,
874 677 907 711 ἣν
928 675 959 712 δὴ

178 716 290 743 καλοῦσι
308 718 482 753 σωφροσύνην
496 727 525 745 τε
545 721 591 746 καὶ
604 720 783 755 δικαιοσύνην,
799 722 828 755 ἐξ
843 722 918 754 ἔθους
930 731 959 749 τε

178 762 227 788 καὶ
246 762 359 798 μελέτης
378 765 528 798 γεγονυῖαν,
541 765 603 791 ἄνευ
619 766 775 800 φιλοσοφίας
790 775 820 793 τε
835 768 882 794 καὶ
901 768 957 801 νοῦς

178 807 255 842 -Πῇ
269 807 299 843 δὴ
310 805 619 845 οὗτοιεύδαιμονέστατοι
629 819 636 844 ;
648 812 748 839 -Ὄτι
765 813 874 845 τούτους
887 814 959 845 εἰκός

180 854 253 879 ἐστιν
269 855 308 884 είς
330 853 449 881 τοιοῦτον
469 855 549 882 πάλιν
568 857 738 890 ἀφικνεῖσθαι
760 858 895 886 πολιτικὸν
913 860 959 886 καὶ

179 898 282 933 ἥμερον
298 899 383 934 γένος,
398 900 467 935 ἦπου
484 901 623 936 μελιττῶν,
643 902 659 937 ἢ
680 903 801 939 σφηκῶν,
815 904 831 939 ἢ
852 905 961 940 μυρμή-
977 893 998 920 Β

180 952 247 976 κων,
260 944 277 980 ἢ
290 946 335 972 καὶ
347 946 487 977 είςταυτὸν
502 955 533 980 γε
543 947 623 976 πάλιν
636 948 665 974 τὸ
678 948 846 984 ἀνθρώπινον
856 950 959 983 γένος.»

181 990 235 1016 Καὶ
255 991 284 1016 ὲν
307 991 345 1026 τῷ
362 991 475 1025 Φαίδρῳ
498 992 527 1018 δὲ
552 993 700 1020 ἐπάκουσον
721 995 801 1021 ὁποῖα
827 994 960 1027 διέξεισιν·

183 1043 194 1060 ι
214 1035 261 1066 Εἰς
278 1035 327 1070 μὲν
342 1036 395 1072 γὰρ
407 1037 436 1063 τὺ
454 1038 518 1064 αὐτὸ
531 1038 586 1073 (56)
605 1038 665 1065 ὅθεν
684 1039 745 1074 ἥκει
850 1041 961 1076 ἑκάστη,

179 1081 230 1106 οὐκ
242 1081 391 1114 ἀφικνεῖται
405 1083 473 1109 ὲτῶν
488 1084 592 1119 μυρίων
609 1085 682 1120 (57)·
695 1085 724 1111 οὐ
744 1084 797 1121 γὰρ
817 1086 962 1121 πτεροῦται

181 1126 236 1161 πρὸ
257 1127 383 1154 τοσούτου
401 1128 507 1164 χρόνου,
538 1129 605 1165 πλὴν
625 1131 641 1165 ὴ
664 1130 711 1156 τοῦ
735 1131 963 1168 φιλοσοφήσαντος

181 1171 291 1203 ἀδόλως,
311 1172 327 1207 ἢ
340 1173 604 1209 παιδεραστήσαντος
616 1175 685 1210 μετὰ
703 1176 868 1211 φιλοσοφίας.
879 1175 962 1204 Αὖται

179 1217 209 1244 δὲ
222 1218 299 1254 τρίτῃ
319 1220 434 1255 περιόδῳ
448 1222 480 1256 τῇ
495 1222 612 1256 χιλιετεῖ,
626 1223 672 1249 ἐὰν
692 1223 803 1250 ἕλωνται
819 1225 878 1260 τρὶς
900 1227 960 1259 ἑφε-

181 1262 231 1297 ξῆς
245 1263 291 1290 τὸν
305 1263 361 1298 βίον
372 1265 475 1297 τοῦτον,
487 1266 558 1292 οὕτω
584 1268 762 1303 πτερωθεῖσαι
777 1270 962 1306 τρισχιλιοστῷ

181 1308 236 1334 ἔτει
252 1310 424 1345 ἀπέρχονται,
442 1313 469 1338 αἱ
490 1311 517 1338 δὲ
533 1312 620 1345 ἄλλαι,
633 1313 695 1340 ὅταν
714 1315 759 1341 τὸν
776 1316 883 1351 πρῶτον
906 1315 962 1351 βίον

181 1354 369 1389 τελευτήσωσι,
382 1357 498 1391 κρίσεως
520 1357 622 1393 ἔτυχον.
644 1359 783 1394 Κριθεῖσαι
803 1360 840 1393 δὲ,
859 1362 886 1388 αἱ
902 1362 960 1396 μὲν,

182 1401 222 1431 είς
231 1400 266 1427 τέι
282 1400 334 1427 ὑπὸ
347 1401 398 1436 γῆς
409 1402 587 1439 δικαιωτήρια
595 1404 729 1437 ἐλθοῦσαι,
741 1405 818 1442 δίκην
832 1407 960 1434 τίνουσιν·

182 1447 210 1472 αἱ
228 1446 260 1476 δ’,
284 1446 322 1478 ~.l-,
338 1447 384 1474 τοῦ
415 1448 527 1484 οὐρανοῦ
549 1458 608 1476 τινα
627 1450 708 1477 τόπον
731 1451 783 1478 ὑπὸ
808 1452 856 1488 τῆς
885 1453 962 1488 δίκης

182 1490 379 1525 κουφισθεῖσαι,
396 1492 532 1527 διάγουσιν
553 1494 635 1527 ἀξίως
648 1493 677 1522 οὗ
688 1496 716 1522 ὲν
736 1496 878 1532 ἀνθρώπου
898 1497 962 1525 εῖδει

182 1535 299 1562 ἐϐίωσαν
314 1536 381 1571 βίου.
403 1538 447 1573 Τῷ
463 1539 491 1565 δὲ
509 1539 644 1575 χιλιοστῷ,
668 1541 819 1577 ἀμφότεραι
835 1543 962 1577 ἀφικνού-
975 1561 997 1589 C

185 1590 262 1616 μεναι
278 1582 323 1609 ἐπὶ
335 1583 471 1619 κλήρωσίν
486 1594 514 1611 τε
527 1585 572 1611 καὶ
581 1587 684 1622 αἵρεσιν
696 1587 743 1613 τοῦ
752 1587 876 1623 δευτέρου
892 1589 960 1624 βίου,

181 1627 356 1663 αίροῦνταιόν
371 1629 403 1655 ἂν
417 1629 494 1666 ὲθέλη
507 1631 618 1667 ἑκάστη.
627 1632 710 1659 Ἔνθα
721 1633 752 1669 δὴ
765 1634 810 1660 καὶ
820 1635 859 1665 εἰς
868 1634 961 1670 θηρίου

185 1673 242 1708 βίον
257 1674 412 1710 ἀνθρωπίνη
427 1675 499 1711 ψυχὴ
518 1677 679 1711 ἀφικνεῖται,
695 1679 742 1705 κα)¹
765 1679 796 1705 ὲκ
816 1679 920 1716 θηρίου,
935 1681 964 1712 ὃς

184 1727 249 1745 ποτε
264 1719 405 1755 ἅνθρωπος
419 1719 463 1756 ἦν,
476 1721 556 1749 πάλιν
568 1724 607 1754 είς
624 1723 774 1758 ἄνθρωπον.
791 1734 800 1750 ι
813 1726 866 1751 Καὶ
879 1725 963 1752 ταῦτα

185 1763 234 1798 μὲν
245 1765 273 1791 ὲν
290 1764 413 1798 Φαίδρῳ.
435 1766 477 1792 'Ev
490 1766 518 1795 δὲ
531 1768 563 1802 τῇ
581 1769 718 1801 Πολιτείᾳ
737 1769 824 1796 τοιάδε
846 1770 963 1805 γράφον-

183 1817 229 1840 τος
243 1809 322 1837 ἆκουε
331 1819 337 1825 ·
350 1819 358 1836 t
375 1811 449 1837 Ἰδεῖν
466 1812 514 1847 μὲν
526 1813 579 1848 γὰρ
589 1813 645 1848 ('58)
661 1813 711 1850 ἔφη
725 1814 822 1850 ψυχὴν,
835 1816 884 1850 τήν
900 1823 963 1841 ποτε

190 1855 310 1890 Ὀρφέως
327 1856 483 1892 γενομένην,
498 1857 594 1884 κύκνου
620 1858 676 1893 βίον
697 1860 869 1896 αἱρουμένην,
891 1861 964 1896 μίσει

182 1900 230 1927 τοῦ
244 1905 395 1935 γυναικείου
408 1903 510 1936 γένους,
527 1903 571 1930 διὰ
585 1904 630 1930 τὸν
647 1905 693 1931 ὑπ’
709 1905 819 1932 ἐκείνων
840 1906 963 1938 θάνατον,

181 1947 233 1972 οὐκ
262 1946 404 1974 ἐθέλουσαν
437 1949 465 1974 ἐν
492 1949 602 1982 γυναικὶ
625 1950 798 1985 γεννηθεῖσαν
826 1951 961 1985 γενέσθαι.

189 1991 263 2018 Ἰδεῖν
277 1993 362 2029 δὲτὴν
374 1994 501 2030 Θαμύρου
514 1995 623 2030 ἀηδόνος
634 1995 761 2032 ἑλομένην
772 2005 778 2011 ·
796 1996 858 2023 ἰδεῖν
875 1997 902 2024 δὲ
917 1999 965 2024 καὶ

183 2038 282 2065 κύκνον
306 2041 345 2071 εἰς
364 2040 531 2075 ἀνθρωπίνου
551 2041 607 2076 βίου
630 2042 731 2077 αἵρεσιν
754 2043 963 2077 μεταϐάλλοντα,

183 2084 230 2110 καὶ
246 2084 312 2111 ἄλλα
324 2084 380 2116 ζῶα
403 2086 520 2120 μουσικὰ
539 2086 676 2118 ὡσαύτως,
697 2087 734 2120 ὠς
761 2087 791 2114 τδ
812 2089 893 2120 είκός.
910 2089 964 2124 Τὴν

181 2130 211 2156 δὲ
227 2129 359 2165 λαχοῦσαν
375 2131 462 2167 ψυχὴν
477 2132 583 2159 ἑλέσθαι
602 2133 706 2164 λέοντος
724 2133 789 2168 βίον,
801 2132 869 2161 εἶναι
879 2134 963 2170 δὲτὴν

181 2176 295 2208 Αἴαντος
310 2176 356 2203 τοῦ
376 2178 548 2213 Τελαμωνίου
566 2178 632 2213 (59).
649 2178 801 2213 φεύγουσαν
822 2180 962 2215 ἄνθρωπον

1013 272 1049 300 te,
1067 268 1175 303 corpori
1199 276 1295 296 rursus
1320 268 1467 304 illigentur.
1502 267 1622 295 Moribus
1641 275 1738 302 porro,
1754 269 1793 296 uti

1011 320 1061 348 par
1073 319 1123 345 est.
1135 322 1197 342 cum
1214 314 1247 342 iis
1266 315 1488 343 convenientibus
1506 315 1603 349 illigari
1619 314 1715 345 solent.
1730 315 1792 349 qui-

1012 357 1063 385 bus
1082 359 1146 385 dum
1173 359 1301 392 viverent,
1330 360 1485 386 utebantur.
1508 374 1542 379 -——
1557 357 1634 391 Quos
1652 363 1680 385 tu
1703 366 1793 387 mores

1012 402 1143 437 loqueris,
1160 411 1176 430 o
1187 403 1330 431 Socrates?
1354 419 1389 424 —-
1402 403 1523 438 Exempli
1542 411 1635 436 causa,
1652 403 1697 437 qui
1712 410 1742 430 se
1764 403 1791 430 in

1011 447 1125 484 flagitia,
1144 448 1171 476 in
1195 450 1297 477 ventris
1320 450 1442 485 gulxzque
1465 449 1616 483 voluptates
1636 448 1675 475 sic
1696 448 1793 476 ell‘ude-

1011 495 1074 527 rint,
1091 495 1193 522 nullam
1210 500 1240 522 ut
1251 496 1362 530 pudoris
1377 496 1419 523 sui
1435 495 1567 522 rationem
1591 494 1730 525 haberent,
1747 501 1793 521 eos

1011 548 1061 575 ego
1081 541 1170 568 simile
1183 541 1237 568 veri
1251 541 1380 574 arbitror,
1393 541 1532 568 asinorum
1541 545 1631 575 postea
1647 539 1792 567 similium-

1010 594 1063 621 que
1079 586 1196 614 ferarum
1210 588 1301 614 vultus
1315 595 1347 615 ac
1373 587 1474 615 formas
1503 587 1623 613 induere.
1638 584 1698 612 Tibi
1727 591 1792 611 vero

1010 639 1074 658 num
1091 632 1161 659 idem
1174 632 1303 659 videtur?
1321 646 1356 652 --
1368 631 1519 659 Admodum
1535 635 1562 658 tu
1576 630 1684 663 quidem
1696 629 1792 657 verisi-

1009 677 1084 704 milia
1095 677 1267 711 loqueris.—
1277 677 1381 710 Quibus
1394 683 1482 704 autem
1492 677 1608 710 injuriae,
1622 675 1790 711 tyrannides,

1009 722 1213 757 alienarumque
1237 722 1408 750 fortunarum
1439 721 1604 755 direptiones
1631 720 1792 755 plaeueriub

1010 775 1058 795 eos
1073 768 1099 795 in
1111 768 1248 803 luporum,
1276 773 1322 796 aut
1344 768 1515 802 accipitrum,
1535 773 1614 801 atque
1648 766 1792 793 milvorum

1010 821 1096 848 genus
1110 813 1267 841 transcribi.
1292 812 1352 846 Quo
1377 813 1449 840 enim
1481 811 1534 838 alio
1555 819 1601 838 eos
1613 810 1793 845 commigrare

1016 857 1164 885 dixerimus
1175 858 1231 884 ?—
1245 857 1371 890 Prorsus,
1383 856 1470 891 inquit
1488 856 1583 886 Cebes,
1605 855 1656 882 hoc
1672 854 1793 889 inigenus

1011 903 1190 930 animantium
1198 903 1259 937 jure
1273 900 1581 937 eommigrent.-—Ergo,
1596 900 1685 935 inquit
1695 899 1749 932 ille,
1758 899 1792 925 de

1012 949 1116 976 ceteris
1130 948 1225 976 eodem
1242 948 1322 975 modo
1340 945 1598 982 philosOphandum,
1609 950 1793 980 prouteorum

1012 994 1045 1021 ad
1057 994 1273 1026 similitudinem,
1285 993 1343 1020 suis
1350 1000 1462 1028 quaeque
1470 991 1567 1019 studiis
1578 991 1688 1025 abrepta
1700 990 1792 1017 fuerit.

1011 1039 1138 1071 -—Sane,
1154 1039 1259 1074 inquit:
1275 1039 1335 1073 quis
1347 1039 1418 1065 enim
1435 1039 1461 1065 id
1490 1037 1635 1072 neget?—
1650 1036 1718 1063 Tum
1737 1036 1792 1068 ille,

1011 1084 1138 1119 Nunquid
1158 1092 1222 1112 vero
1235 1092 1268 1111 ex
1284 1085 1317 1111 iis
1343 1084 1421 1118 longe
1446 1082 1593 1110 felicissimi
1609 1086 1682 1111 sunt,
1696 1087 1722 1108 et
1745 1089 1794 1116 op-

1013 1131 1107 1158 timum
1124 1131 1151 1157 in
1165 1130 1253 1157 locum
1265 1130 1356 1162 delati,
1379 1130 1425 1164 qui
1450 1128 1608 1163 popularem
1634 1127 1794 1160 civilemque

1013 1176 1156 1208 virtutem,
1175 1182 1255 1210 quam
1272 1173 1475 1208 temperantiam
1493 1172 1679 1207 justitiamque
1697 1175 1794 1197 vocant

1013 1221 1087 1248 nullo
1103 1221 1279 1255 philosophiae
1302 1219 1453 1254 mentisque
1470 1218 1609 1253 przesidio,
1624 1225 1674 1244 usu
1688 1221 1793 1243 tautiun

1012 1270 1039 1292 et
1050 1265 1244 1293 exercitatione
1266 1269 1369 1299 partam
1397 1263 1528 1298 complexi
1556 1261 1674 1289 fuerint?
1696 1260 1793 1293 —-Qui

1012 1315 1042 1338 tu
1061 1311 1231 1338 felicissimos
1247 1310 1327 1337 hosce
1338 1316 1418 1337 vocas
1428 1308 1566 1341 ?—-—Quod
1581 1315 1628 1335 eos
1640 1315 1732 1334 verum
1747 1307 1792 1339 sit,

1012 1358 1039 1384 in
1055 1357 1134 1384 civile
1143 1363 1238 1383 rursus
1247 1355 1356 1390 aliquod
1367 1360 1446 1389 atque
1456 1358 1638 1383 mansuetum.
1656 1357 1685 1379 ut
1698 1360 1791 1387 apum,

1012 1406 1042 1429 ut
1057 1409 1214 1436 vesparum,
1224 1406 1254 1428 ut
1266 1400 1452 1430 formicarum.
1462 1399 1597 1426 autetiam
1613 1399 1640 1425 in
1652 1398 1791 1426 hominum

1012 1447 1099 1474 simile
1114 1447 1204 1473 denuo
1227 1453 1311 1481 genus
1333 1445 1489 1480 remigrare.
1510 1454 1521 1470 ι
1551 1443 1612 1471 llaec
1625 1443 1678 1477 ille,
1693 1444 1793 1479 quibus

1013 1492 1144 1526 adjungas
1160 1491 1232 1525 licet,
1246 1498 1307 1525 qua:
1322 1495 1473 1525 sequuntur
1488 1497 1520 1517 ex
1547 1489 1669 1516 I’ltwdro.
1694 1498 1703 1514 ι
1723 1488 1792 1515 Eum

1013 1537 1041 1564 iu
1056 1541 1167 1569 statum,
1187 1537 1285 1570 inquit,
1303 1536 1421 1568 animus,
1444 1543 1477 1562 ex
1491 1542 1546 1570 quo
1572 1534 1687 1569 quisque
1704 1534 1792 1568 profe-

1014 1591 1074 1612 ctus
1088 1585 1132 1617 sit,
1146 1591 1198 1611 non
1208 1583 1261 1611 nisi
1274 1583 1365 1610 decem
1377 1590 1510 1609 annorum
1525 1582 1638 1608 millium
1652 1581 1792 1608 intervallo

1014 1630 1158 1662 revertitur
1171 1639 1178 1657 :
1192 1637 1241 1657 nec
1249 1629 1321 1656 enim
1337 1633 1398 1656 ante
1413 1629 1481 1656 hanc
1494 1627 1622 1662 temporis
1634 1627 1792 1654 conversio-

1013 1682 1075 1702 nem
1089 1675 1140 1702 alis
1150 1674 1302 1707 instruitur,
1323 1674 1345 1701 si
1358 1678 1447 1700 tamen
1472 1681 1566 1700 eurum
1594 1672 1640 1708 qui
1653 1677 1722 1700 cast:
1749 1671 1792 1698 in-

1015 1726 1140 1756 tegreque
1170 1720 1349 1755 philosophati
1378 1720 1443 1752 sint,
1459 1726 1594 1754 acpueros
1613 1726 1646 1746 ex
1674 1719 1793 1753 philoso-

1013 1766 1095 1801 phiae]
1106 1764 1264 1801 praescripto
1282 1765 1441 1797 amaverint,
1479 1765 1586 1792 animos
1613 1765 1745 1800 excipias.
1760 1764 1793 1791 lli

1014 1811 1088 1839 enim
1103 1812 1182 1839 tertio
1198 1811 1307 1838 demum
1319 1809 1469 1837 millenario
1487 1810 1613 1843 circuitu,
1627 1810 1651 1837 si
1681 1814 1721 1838 ter
1741 1810 1793 1837 hoc

1014 1857 1078 1883 vitae
1103 1863 1190 1891 genus
1209 1860 1365 1883 constanter
1389 1854 1552 1889 optaverint,
1579 1862 1651 1882 anno
1676 1855 1793 1887 denique

1013 1902 1208 1933 termillesimo,
1226 1902 1277 1929 alis
1292 1900 1416 1928 instructi
1427 1900 1544 1928 evolant.
1559 1901 1593 1927 At
1604 1901 1705 1934 caeteri,
1717 1905 1794 1935 post-

1013 1956 1127 1983 eaquam
1149 1947 1248 1983 prioris
1266 1948 1329 1974 vitae
1344 1947 1423 1973 linem
1440 1945 1572 1980 fecerunt,
1588 1951 1645 1974 tum
1659 1946 1791 1982 judicium

1013 1994 1140 2027 subeunt,
1149 1998 1311 2029 acceptaque
1320 1993 1461 2027 sententia,
1473 1993 1570 2028 partim
1580 1992 1607 2019 in
1618 1992 1792 2020 subterranea

1013 2040 1206 2075 suppliciorum
1219 2040 1276 2066 loca
1286 2040 1377 2072 delati,
1390 2039 1684 2074 pmnasluunypartim
1698 2039 1794 2074 judicii

1013 2085 1142 2113 facilitate
1152 2085 1296 2118 sublevati,
1309 2085 1336 2111 in
1352 2085 1469 2120 aliquem
1483 2085 1544 2112 caeli
1559 2085 1647 2112 locum
1670 2085 1792 2112 evehun-

1013 2138 1068 2166 tur,
1089 2133 1135 2161 ubi
1153 2141 1203 2168 pro
1214 2133 1284 2168 ejus,
1297 2141 1380 2168 quam
1394 2134 1513 2161 humana
1537 2134 1627 2168 specie
1634 2133 1770 2161 duxerunt
1784 2154 1792 2166 ,

1013 2179 1074 2207 vitae
1087 2180 1215 2214 dignitate
1233 2183 1382 2207 versentur.
1392 2178 1505 2215 Utrique
1517 2187 1597 2214 porro
1619 2179 1670 2207 sub
1691 2187 1793 2206 annum

181 2222 318 2256 γενέσθαι,
334 2224 507 2258 μεμνημένην
526 2224 575 2259 τῆς
593 2224 646 2251 τῶν
666 2225 754 2251 ὅπλων
772 2225 895 2260 κρίσεως.
907 2226 962 2262 Τὴν

1013 2225 1175 2253 conditionis
1188 2225 1269 2259 hujus
1282 2225 1465 2257 millesimum,
1483 2225 1517 2251 ad
1541 2223 1792 2252 instituendamse-

181 2267 211 2293 δὲ
228 2268 274 2294 ἐπὶ
289 2268 375 2303 τούτῳ
390 2269 436 2295 τοῦ
459 2269 666 2304 Ἀγαμέμνονος,
689 2270 788 2306 ὲχθράν
802 2271 848 2297 καὶ¹
861 2272 962 2306 ταύτην

180 2312 228 2339 τοῦ
240 2313 407 2348 ἀνθρωπίνου
421 2314 514 2348 γένους
531 2314 574 2341 διὰ
589 2314 623 2341 τὰ
634 2315 718 2351 πάθη,
734 2316 813 2342 ἀετοῦ
826 2317 962 2349 διαλλάξαι

182 2359 249 2394 βίον.
273 2360 318 2386 Ἐν
337 2360 427 2395 μέσοις
439 2360 467 2387 δὲ
481 2360 612 2396 λαχοῦσαν
625 2362 674 2397 τὴν
692 2363 855 2399 Ἀταλάντης
863 2363 961 2399 ψυχὴν,

181 2405 342 2432 κατιδοῦσαν
358 2406 476 2441 μεγάλας
488 2406 571 2442 τιμὰς
593 2406 708 2442 ἀθλητοῦ
722 2408 826 2444 ἀνδρὸς,
841 2409 870 2435 οὐ
885 2408 963 2435 δύνα-

181 2452 242 2478 σθαι
256 2453 413 2489 παρελθεῖν,
437 2453 504 2480 ἀλλὰ
521 2453 621 2480 λαϐεῖν.
639 2454 716 2481 Μετά
739 2454 766 2481 δὲ
785 2454 884 2490 ταύτην
899 2454 962 2480 ίδεῖν

180 2497 230 2532 τὴν
243 2497 350 2524 Ἐπειοῦ
363 2498 417 2533 (40)
431 2498 478 2524 τοῦ
492 2497 636 2530 Πανοπέως
650 2499 689 2530 είς
699 2499 826 2534 τεχνικῆς
836 2499 962 2533 γυναικὸς

217 2562 270 2603 (ἓξ)
343 2563 406 2603 μὲν
419 2564 475 2603 γᾴρ
488 2565 628 2603 ’τὸ-αὑτό..
642 2564 674 2592 In
689 2565 812 2603 ΡΙιωιίι-ο,
826 2573 852 2600 p.

217 2598 272 2636 (Γῆ)
292 2598 511 2636 Ἐτῷνμιηοίωίν,
523 2599 677 2636 Legendum
692 2598 882 2636 existimojrtpb
894 2601 962 2627 ἐτῶν

182 2633 297 2670 μυρίων,
313 2634 354 2660 vel
371 2636 394 2660 εἰ
419 2634 455 2669 μὴ
479 2634 513 2661 δι’
527 2633 568 2661 ὲτζ
584 2644 648 2670 μυρ.
665 2636 706 2662 vel
730 2635 830 2669 aliquid
848 2633 936 2663 simile
953 2645 959 2663 :

178 2669 281 2704 alioqui
296 2674 405 2704 negaret
419 2670 490 2704 quod
508 2669 640 2697 affirmare
654 2670 785 2698 videatur.

215 2703 374 2766 (ζῦὅέἳῗδεῖν
383 2703 441 2738 μὲν
456 2703 519 2738 νάρ.
536 2704 596 2732 Lib.
609 2712 625 2731 ι
639 2704 676 2732 De
693 2705 781 2740 repub.
800 2706 851 2733 sub
867 2706 959 2739 linem,

179 2745 240 2773 pag.
255 2745 316 2766 δτι.

226 2773 269 2809 ὅθ)
281 2773 406 2806 Αίαντος
417 2774 470 2800 τοῦ
487 2774 681 2809 Τελαμωνίου.
698 2773 769 2809 Lege
783 2774 958 2803 Plutarchum

180 2807 227 2835 lib.
244 2807 406 2843 Symposium
420 2809 446 2841 9,
463 2807 592 2842 problem.
606 2810 623 2836 5
641 2818 647 2836 :
662 2809 711 2836 Διὰ
724 2807 751 2836 τί
765 2810 875 2837 Πλάτων
890 2811 960 2837 εἰκο-

182 2842 245 2883 στῂν
260 2842 311 2880 ἔφη
325 2843 413 2904 ψιῖχὴν
428 2843 474 2870 τοῦ
490 2845 602 2876 Αἴαντος
617 2844 663 2871 ἐπὶ
678 2844 724 2871 τὸν
745 2844 844 2880 κλῆρον
862 2844 958 2877 ἐλθεῖν,

182 2878 224 2904 ubi
239 2879 336 2904 nartitn
365 2883 454 2904 acelas
468 2885 493 2904 et
513 2880 652 2904 ridiculas.
675 2881 770 2904 oartim
787 2881 871 2904 serias
884 2887 958 2904 anm-

182 2878 224 2904 ubi
239 2878 336 2910 partim
354 2878 454 2906 facetus
468 2885 493 2906 et
513 2880 652 2909 ridiculas,
675 2881 770 2910 partim
787 2878 871 2907 serias
884 2887 958 2908 ouat-

1013 2270 1108 2297 cundue
1121 2270 1182 2297 vita:
1195 2269 1365 2297 sortitionem
1383 2274 1466 2305 atque
1483 2270 1642 2298 electionem
1662 2269 1793 2304 profecti.

1012 2323 1073 2351 quae
1087 2316 1185 2350 cuique
1197 2315 1340 2350 placuerit,
1355 2316 1466 2351 eligunt.
1483 2315 1544 2344 Hie.
1559 2320 1586 2343 et
1595 2315 1622 2342 iu
1642 2315 1734 2342 bestia:
1752 2315 1793 2342 vi-

1013 2366 1067 2388 tam
1083 2361 1220 2388 humanus
1238 2362 1391 2388 traducitur
1406 2362 1526 2393 animus,
1540 2366 1568 2389 et
1583 2369 1616 2388 ex
1632 2361 1728 2392 bestia,
1746 2361 1793 2396 qui

1012 2406 1094 2433 homo
1107 2405 1246 2440 quondam
1268 2405 1367 2438 fuerat,
1382 2405 1408 2432 in
1423 2406 1560 2434 hominem
1572 2406 1662 2433 denuo
1678 2405 1794 2432 revolvi-

1013 2455 1066 2478 tur.
1083 2460 1093 2477 ›
1108 2450 1243 2479 Hactenus
1262 2451 1288 2478 in
1297 2450 1421 2479 Phaedra.
1438 2451 1524 2484 Quem
1547 2451 1672 2478 eumdem
1699 2450 1726 2478 in
1744 2451 1794 2478 Ila-

1011 2496 1116 2532 publica
1125 2497 1164 2524 sic
1173 2497 1329 2532 loquentem
1343 2497 1416 2524 audi.
1425 2496 1509 2532 693
1526 2505 1535 2522 (
1545 2496 1684 2529 Animum,
1695 2496 1792 2531 inquit,

1012 2563 1108 2591 stionis
1124 2563 1206 2598 hujus
1219 2563 1371 2591 solutiones
1383 2562 1599 2590 comminiscitur
1613 2570 1620 2588 :
1638 2562 1683 2598 sed
1697 2562 1791 2591 inanes

1011 2606 1117 2626 omnes.
1135 2598 1168 2625 Ut
1187 2603 1276 2625 tamen
1292 2599 1319 2625 iu
1345 2606 1374 2625 re
1396 2598 1475 2631 ﬁcta,
1497 2605 1550 2624 non
1573 2597 1704 2624 absimilis
1726 2598 1792 2631 veri,

1011 2641 1093 2668 quam
1118 2633 1225 2660 Marcus
1245 2633 1445 2660 Grammaticus
1465 2632 1606 2665 all'erebat;
1630 2632 1659 2668 in
1681 2631 1793 2668 rllomeri

1011 2667 1115 2703 νεκυίᾳ,
1130 2668 1309 2704 εἰνΕΙρθηοῐίε
1324 2675 1356 2704 ac
1367 2667 1478 2704 Tiresia:
1494 2668 1607 2704 animas.
1620 2667 1792 2704 subduseris,

1011 2702 1126 2738 quorum
1142 2702 1210 2730 alter
1227 2703 1316 2730 adhuc
1337 2703 1487 2737 insepultus
1516 2702 1680 2738 esset,r'alter
1698 2702 1792 2737 singu-

1012 2737 1060 2765 lari
1086 2738 1260 2772 praerogativa
1285 2741 1420 2769 uteretur;
1445 2737 1535 2772 Ajacis
1559 2737 1677 2764 animam
1698 2738 1792 2765 ordine

1010 2773 1166 2808 vicesimam
1182 2771 1324 2808 Ulyssisiiu
1339 2771 1516 2808 conspectth
1531 2772 1646 2808 Venisse.

1047 2807 1103 2843 (40)
1124 2807 1251 2843 Ἐπειοῦ.
1276 2807 1338 2843 [iuit
1360 2807 1383 2834 is
1401 2808 1463 2841 equi
1479 2807 1590 2842 Trojani
1604 2807 1789 2841 architectus;

1010 2841 1110 2878 dequo
1124 2841 1217 2878 Virgil.
1234 2850 1252 2869 ιι
1267 2842 1375 2878 Αἰνεία.
1389 2849 1398 2868 :

1064 2876 1072 2904 ξ
1094 2897 1100 2904 .
1123 2897 1129 2904 .
1152 2876 1185 2904 Εἰ
1200 2879 1254 2906 ipse
1270 2877 1325 2904 doli
1340 2877 1485 2909 fabricator
1501 2876 1596 2912 Epeus.
