2061 3210
288 167 354 197 “Si

602 168 738 197 EUSEBll
758 168 996 197 C/ESARlENSlS
1014 170 1086 198 OPP.
1110 171 1198 198 PARS
1219 170 1250 199 ll.
1265 188 1300 191 —
1318 172 1566 200 APOLOGETICA.

1835 175 1906 201 “52

288 231 374 263 illum,
391 231 437 265 qui
450 228 548 264 Orphei
577 230 713 264 quondam
729 229 826 262 fuerat,
845 231 943 258 Vidisse
956 239 985 258 se
996 231 1066 258 refc-

1130 232 1211 259 οῦσαν
1235 232 1325 267 φύσιν.
1355 233 1451 269 Πόῤῥω
1473 234 1501 260 δὲ
1524 234 1552 259 ἐν
1569 234 1703 265 ὑστάτοις,
1720 233 1782 260 ἰδεῖν
1794 233 1842 268 τὴν
1857 233 1906 259 τοῦ

288 278 447 309 rebat,cum
460 275 543 302 oloris
571 275 654 302 vitam
676 276 798 311 eligeret,
819 277 891 310 quod
922 277 1067 304 mulierum

295 325 368 352 odio.
379 329 493 357 quarum
510 321 567 356 ipse
581 322 706 349 manibus
721 315 880 350 interfectus
891 328 958 353 crat.
974 324 1070 350 mulie-

288 370 326 396 ris
344 373 402 395 satu
420 368 543 402 generari
565 368 657 395 nollet.
673 368 801 404 Thamyri
817 376 925 403 quoque
947 369 1068 396 animum

287 414 401 445 vidisse,
419 414 464 448 qui
480 413 637 440 Philomelae
650 414 734 441 vitam
759 419 876 448 optaret.
891 415 947 441 imo
960 419 987 442 et
1013 415 1071 442 olo-

289 467 345 487 rem
361 461 516 494 quemdam,
532 461 577 494 qui
591 453 673 487 homo
691 468 787 487 rursus
811 461 867 487 ﬁeri
886 461 987 491 mallet.
1008 468 1070 488 cum

289 506 350 533 aliis
365 505 474 533 canoris
486 506 680 539 animantibus,
697 515 755 541 qua:
769 507 829 533 vitae
842 506 950 537 similis,
968 511 997 533 ut
1024 514 1071 541 par

289 556 357 584 erat,
378 551 512 578 desiderio
538 551 708 578 tenebantur.
724 551 815 585 Ajacis
836 551 985 579 Telamonii
1014 552 1072 578 ani-

290 603 336 622 mo
350 595 437 622 leonis
452 596 534 622 vitam
551 596 696 630 placuisse,
719 597 791 631 quod
809 597 881 624 illius
907 597 940 624 de
957 597 1071 625 Achillis

291 641 478 676 armisjudicii
494 649 608 672 memor,
635 642 716 669 homo
738 650 797 669 esse
820 643 912 670 nollet.
941 643 1069 670 Secutum

291 686 353 714 inde
366 687 576 721 Agamemnonis
593 688 724 720 animum,
745 688 791 723 qui
805 694 914 723 propter
924 689 1072 722 superioris

291 733 352 759 vita:
366 733 512 765 molestias,
529 733 638 760 humani
670 735 775 769 generis
784 740 913 769 pertaesus
932 735 989 769 ipse
1005 743 1072 769 quo-

290 786 344 814 que
355 779 436 806 vitam
454 780 551 814 aquila:
574 785 739 814 capesseret.
755 780 889 808 Atalanta:
905 781 1026 808 animum
1044 782 1070 808 in

292 825 379 853 media
394 826 564 853 sortientium
585 826 675 859 turba,
691 835 813 854 summos
830 827 939 855 athleta:
957 828 1072 856 honores

292 880 353 900 cum
371 872 500 905 vidisset,
517 877 607 900 tenere
619 880 648 899 se
661 881 712 899 non
725 873 856 907 potuisse,
868 875 933 908 quin
947 874 997 901 hoc
1013 874 1074 901 vitae

1123 278 1301 311 γελωτοποιοῦ
1326 278 1464 314 θερσίτου,
1495 279 1609 314 πίθηκον
1634 278 1806 314 ἐνδυομένην.
1826 278 1908 304 Κατὰ

1123 323 1206 358 τύχην
1227 324 1264 355 δὲ,
1276 324 1323 360 τὴν
1345 324 1490 356 Ὀδυσσέως
1507 324 1641 360 λαχοῦσαν
1665 324 1756 350 πασῶν
1775 324 1906 359 ὑστάτην,

1124 369 1305 404 αἱρησομένην
1325 369 1405 395 ἱέναι·
1425 370 1518 406 μνήμῃ
1537 370 1564 396 δὲ
1579 370 1631 397 τῶν
1649 370 1786 405 προτέρων
1805 370 1906 401 πόνων,

1124 415 1278 450 φιλοτιμίας
1298 415 1492 449 λελωψηκυίαν,
1510 415 1610 450 ζητεῖν,
1632 415 1790 451 περιιοῦσαν
1810 415 1907 451 χρόνον

1124 461 1216 492 πολὺν,
1235 460 1290 495 βίον
1298 461 1392 496 ἀνδρὸς
1408 460 1508 487 ἰδιώτου
1519 461 1564 487 καὶ
1573 461 1757 497 ἀπράγμονος,
1766 461 1813 487 καὶ
1828 461 1908 496 μόγις

1124 508 1213 543 εὑρεῖν
1241 507 1364 543 κείμενόν
1383 516 1444 537 που,
1475 508 1521 534 καὶ
1539 507 1764 542 παρημελημένον
1785 507 1837 533 ὑπὸ
1851 507 1907 534 τῶν

1124 554 1220 586 ἄλλων,
1243 554 1289 580 καὶ
1311 555 1398 580 εἰπεῖν
1417 553 1533 584 ἰδοῦσαν,
1549 553 1589 579 ὅτι
1605 553 1680 579 ταῦτ’
1694 552 1726 580 ἃν
1741 553 1844 589 ἔπραξε
1860 553 1908 580 καὶ

1125 599 1218 635 πρώτη
1243 598 1378 634 λαχοῦσαι
1402 598 1450 625 καὶ
1467 599 1586 634 ἁσμένην
1602 599 1717 625 ἑλέσθαι.
1740 600 1795 626 Καὶ
1810 600 1841 625 ὲκ
1853 599 1908 626 τῶν

1125 643 1210 670 ἄλλων
1222 643 1249 669 δὲ
1266 643 1365 679 θηρίων
1390 642 1520 675 ὡσαύτως
1542 644 1581 675 εἰς
1594 643 1751 678 ἀνθρώπους
1766 644 1844 676 ἱέναι,
1860 645 1908 671 καὶ

1125 690 1165 721 εἰς
1178 689 1278 724 ἄλληλα
1290 697 1296 704 ·
1312 688 1346 715 τὰ
1368 690 1416 723 μὲν
1429 689 1508 716 ἄδικα
1522 690 1561 720 εἰς
1574 689 1607 715 τὰ
1621 689 1713 725 ἄγρια,
1726 689 1760 716 τὰ
1776 689 1804 715 δὲ
1816 689 1909 716 δίκαια

1124 736 1164 766 εἰς
1174 735 1207 762 τὰ
1221 735 1313 770 ἥμερα
1333 735 1525 770 μεταϐαλόντα,
1542 735 1589 761 καὶ
1605 734 1692 766 πάσας
1716 735 1803 770 μίξεις
1817 735 1909 770 μίγνυ-

1127 781 1197 808 σθαι.
1215 791 1224 807 ι
1242 781 1365 808 Τοσαῦτα
1387 781 1449 817 περὶ
1463 781 1551 816 ψυχῆς
1564 781 1578 806 ό
1593 781 1703 807 Πλάτων
1715 780 1810 812 εἰπὼν,
1829 780 1909 815 δῆλός

1126 826 1199 852 ἐστιν
1216 824 1402 859 αἰγυπτιάζων
1423 825 1462 860 τῷ
1477 825 1602 860 δόγματι.
1616 826 1652 851 Οὺ
1672 825 1725 861 γὰρ
1746 825 1878 861 Ἐϐραίων
1894 826 1909 852 6

1126 871 1213 906 λόγος,
1238 872 1278 898 ὅτι
1304 871 1370 906 μηδὲ
1399 871 1510 906 ἀληθείᾳ
1525 871 1610 905 φίλος.
1630 871 1714 897 Τοῦτο
1731 871 1753 897 δ’
1768 871 1798 897 οὐ
1814 871 1909 907 καιρὸς

292 926 377 953 genus
392 918 532 952 arriperet.
544 917 612 945 Tum
622 918 686 952 Epei
699 917 883 953 Panopecusis
898 920 1031 952 animum,
1045 919 1073 946 in

1130 917 1296 952 ἀπελέγχειν,
1312 917 1353 943 ὅτι
1367 916 1427 952 μηδ’
1442 917 1522 948 αὐτὸς
1537 916 1569 942 δι’
1581 917 1740 950 ἀποδείξεων
1754 917 1910 952 ἐνεχείρησε

293 962 400 990 feminae
419 971 548 991 manuum
564 963 677 991 artiﬁcio
704 965 857 999 praestantis
878 970 1003 992 naturam
1026 965 1077 992 im-

292 1009 435 1043 migrasse.
455 1008 490 1035 At
504 1009 599 1044 procul
616 1014 751 1036 extremos
777 1009 847 1036 inter
870 1010 976 1037 ridiculi
993 1010 1078 1037 Ther-

293 1055 352 1082 sitae
363 1055 483 1081 animum
504 1055 618 1088 vidisse,
636 1055 681 1089 qui
699 1055 785 1082 simiae
802 1055 916 1083 formam
939 1056 1075 1084 indueret:

295 1099 397 1137 Ulyssis
405 1109 476 1132 vero,
484 1108 546 1128 cum
554 1101 577 1128 ei
586 1101 667 1128 sortis
675 1101 783 1128 fortuna
796 1106 948 1136 postremus
955 1103 1076 1129 omnium

292 1148 369 1175 locus
379 1148 569 1182 obtigisset,ad
585 1148 737 1182 eligendum
753 1148 904 1175 accessisse
915 1157 921 1175 ι
934 1148 1007 1175 hunc
1017 1149 1078 1175 vita:

293 1193 547 1228 priorisaerumnas
574 1193 706 1219 memoria
731 1197 906 1227 repetentem,
928 1193 1002 1219 omni
1021 1193 1077 1227 jam

294 1237 440 1264 ambitione
453 1237 585 1272 deposita,
601 1238 694 1272 privati
713 1245 746 1265 ac
766 1237 847 1265 soluti
863 1238 983 1264 hominis
996 1238 1076 1264 vitam

295 1286 396 1320 passim
407 1285 560 1312 oberrando
571 1284 663 1319 perdiu
684 1285 836 1319 quaesiisse,
854 1284 1014 1319 tandemque
1034 1285 1078 1318 ja-

295 1334 399 1357 centcm
413 1330 523 1362 alicubi,
541 1335 626 1365 atque
641 1339 655 1357 a
669 1331 774 1357 czeteris
787 1331 936 1365 neglectam
952 1337 1021 1363 aegre
1032 1330 1076 1356 ad-

295 1376 404 1403 modum
420 1375 562 1409 reperissc,
586 1383 667 1410 quam
695 1376 740 1402 ubi
776 1376 898 1406 vidisset,
927 1374 1079 1401 affirmasse

295 1421 435 1453 continuo.
450 1421 472 1448 si
485 1421 526 1448 vel
535 1425 598 1448 ante
606 1429 700 1448 omnes
709 1421 759 1448 sibi
768 1429 829 1448 sors
838 1421 994 1452 addixisset,
1009 1421 1077 1447 idem

295 1475 325 1495 se
339 1467 450 1494 omnino
466 1467 612 1498 facturum,
638 1475 670 1493 ac
686 1467 725 1494 sic
741 1475 800 1494 cam
817 1467 932 1493 libenter
950 1467 1077 1499 elegisse.

296 1513 336 1540 Ex
351 1513 411 1540 aliis
425 1513 488 1540 item
509 1512 612 1544 bestiis,
637 1513 679 1539 vel
701 1513 726 1539 in
756 1513 891 1544 homines,
915 1513 956 1539 vel
975 1513 1000 1539 in
1020 1520 1079 1541 sese

296 1564 393 1586 mutuo
408 1559 588 1593 commigrare
597 1558 693 1586 solitos
710 1559 769 1585 :sic
797 1559 918 1592 quidem.
931 1564 961 1585 ut
985 1559 1076 1593 injusti

298 1602 326 1628 in
339 1607 471 1637 agrestes,
485 1602 512 1628 in
525 1601 705 1635 cicuresjusti
717 1603 865 1630 transirent
875 1603 1001 1637 atqueita
1020 1610 1078 1630 om-

297 1648 326 1676 ni
339 1655 435 1675 omnes
452 1647 585 1674 mistionis
596 1655 693 1682 genere
705 1648 874 1682 permisceri.
905 1658 914 1674 ι
928 1649 989 1676 fltec
1005 1649 1078 1676 Plato

298 1701 360 1721 cum
373 1693 407 1721 de
420 1694 511 1722 animo
523 1694 654 1728 disputat,
668 1695 735 1721 satis
751 1694 869 1722 ostendit
883 1695 916 1721 ad
937 1694 1078 1730 Egyptio—

298 1747 359 1766 rum
375 1747 404 1766 se
416 1739 567 1766 doctrinam
593 1739 786 1767 adhaerescere.
817 1739 908 1774 Neque
929 1741 1002 1767 enim
1025 1739 1079 1767 fle-

298 1783 432 1811 braaornm
448 1784 492 1811 illa
509 1783 570 1816 fuit,
585 1791 671 1818 neque
697 1789 738 1812 est
755 1784 900 1819 conjuncta
914 1793 976 1812 cum
1005 1793 1078 1812 vero.

299 1829 385 1862 Quam
400 1834 488 1856 tamen
505 1837 594 1856 causae
613 1829 681 1856 nihil
705 1834 756 1860 est,
776 1830 952 1864 quamobrem
976 1829 1028 1857 hoc
1045 1830 1081 1857 lo-

299 1883 332 1902 co
353 1875 520 1907 refellamus,
546 1882 608 1902 cum
630 1874 711 1902 nullis
725 1875 757 1902 ad
779 1883 839 1902 eam
867 1875 1080 1902 confirmandam

299 1919 467 1954 argumentis
483 1920 648 1946 incubuerit.
678 1919 766 1946 Unum
791 1919 843 1946 hoc
864 1920 1082 1946 animadvertere

297 1966 407 2001 juverit,
422 1974 541 2001 pugnare
554 1974 645 1994 secum
662 1966 737 1992 illmn
760 1971 840 2001 atque
863 1966 1017 2001 confligere,
1036 1966 1082 2000 qui

300 2021 361 2041 cum
384 2014 526 2048 impiorum
537 2014 643 2041 animos
656 2019 718 2041 ante
736 2015 878 2047 docuerit,
909 2014 1083 2049 simulatque

301 2059 478 2093 migraverint
491 2066 506 2085 e
518 2066 642 2093 corpore,
661 2064 742 2093 atque
759 2060 808 2086 has
835 2064 969 2086 terrarum
991 2059 1083 2094 plagas

300 2105 481 2136 deseruerint,
502 2112 595 2139 pmuas
609 2104 680 2138 apud
689 2104 793 2133 inferos
810 2105 954 2132 criminum
970 2112 1083 2132 suorum

301 2152 366 2179 dare
381 2151 580 2185 sempiternas;
598 2150 706 2177 eosdem
731 2156 822 2177 contra
841 2150 938 2177 deinde
963 2150 1082 2183 scribat,

302 2205 402 2225 novum
418 2197 463 2224 hic
487 2197 549 2224 vitae
561 2204 646 2231 genus
668 2204 717 2223 suo
734 2204 869 2231 quemque
892 2196 1004 2224 arbitrio
1022 2195 1082 2223 dili-

1127 963 1165 998 τῷ
1191 963 1373 998 προόλήματι.
1397 961 1528 988 Τοσοῦτον
1539 962 1562 987 δ’
1578 961 1692 996 εὐλόγως
1703 971 1745 993 τις
1763 962 1796 988 ἂν
1811 963 1910 997 ἐπιση-

1129 1010 1251 1044 μήναιτο,
1267 1008 1303 1040 ὡς
1315 1009 1365 1035 οὐκ
1375 1006 1408 1043 ἦν
1422 1008 1563 1043 σύμφωνα,
1581 1008 1624 1034 τὸν
1643 1008 1723 1034 αὑτὸν
1739 1008 1840 1042 λέγειν,
1855 1009 1910 1043 ἅμα

1127 1055 1160 1090 τῇ
1185 1054 1296 1090 τελευτῇ
1329 1054 1378 1085 τὰς
1403 1053 1491 1088 ψυχὰς
1504 1053 1557 1079 τῶν
1576 1053 1691 1085 ἀσεϐῶν,
1708 1054 1813 1080 ἐνθένδε
1826 1053 1912 1080 ἀπαλ-

1127 1102 1304 1136 λαττομένας,
1317 1100 1393 1132 δίκας
1409 1102 1447 1132 εἰς
1465 1100 1526 1136 ᾅδου
1545 1097 1582 1126 ὧν
1598 1100 1713 1136 ἔδρασαν
1731 1100 1842 1132 διδόναι,
1860 1100 1912 1126 κά-

1128 1148 1202 1173 κεῖσε
1217 1147 1393 1182 τιμωρεῖσθαι
1416 1147 1455 1178 εὶς
1479 1147 1589 1181 ἀπειρον
1600 1154 1607 1161 ·
1629 1147 1676 1173 καὶ
1691 1146 1771 1173 πάλιν
1786 1146 1911 1180 φάσκειν,

1128 1193 1212 1224 αὑτὰς
1223 1194 1285 1224 τοὺς
1299 1192 1413 1219 ἐνταῦθα
1427 1193 1499 1227 βίους
1512 1193 1581 1219 κατὰ
1591 1191 1701 1227 γνώμην
1713 1191 1815 1218 οἰκείαν
1829 1193 1913 1227 αἱρεῖ⁴

1130 1238 1198 1264 σθαι.
1223 1227 1375 1265 Ἐίιδύεσθαι
1392 1238 1444 1274 γὰρ
1467 1237 1551 1269 αὐτὰς
1567 1238 1605 1268 εἰς
1629 1237 1708 1271 σῶμά
1722 1245 1804 1271 φησιν
1819 1236 1913 1262 ἐπιθυ-

1130 1283 1179 1318 μίᾳ
1191 1283 1237 1309 τοῦ
1255 1283 1464 1318 σωματοειδοῦς
1479 1283 1526 1309 καὶ
1540 1282 1589 1314 τὰς
1600 1282 1648 1317 μὲν
1658 1281 1734 1318 ὕϐρει
1747 1282 1793 1308 καὶ
1805 1290 1913 1318 γαστρι-

1131 1330 1234 1366 μαργίᾳ
1248 1329 1424 1364 ἐντραφείσας
1435 1329 1511 1360 ὅνους
1521 1328 1653 1363 γίνεσθαι,
1665 1328 1766 1363 θηρίων
1783 1336 1812 1354 τε
1826 1328 1913 1354 ἄλλων

1130 1376 1267 1402 ὑποδύνειν
1286 1375 1408 1410 σώματα,
1431 1374 1500 1401 κατὰ
1514 1374 1635 1409 γνώμην,
1647 1373 1702 1400 ἀλλ’
1715 1374 1745 1399 οὐ
1757 1374 1828 1400 κατά
1837 1373 1913 1409 δίκην

1129 1422 1214 1448 ταῦτα
1238 1421 1420 1458 αἱρουμένας·
1447 1421 1510 1452 τοὺς
1539 1420 1566 1446 δὲ
1585 1419 1692 1451 ἀδίκους
1708 1419 1754 1446 καὶ
1774 1419 1912 1454 ἆρπαγας,

1129 1468 1226 1498 λύκους
1244 1468 1290 1494 καὶ
1318 1467 1418 1498 ἱκτῐνας
1442 1465 1591 1500 γίγνεσθαι.
1616 1465 1755 1495 ἐθέλοντας
1776 1465 1823 1490 ἐπὶ
1843 1464 1913 1490 τοῦτ’

1129 1514 1264 1544 ἐλθόντας.
1295 1511 1360 1539 Εἶτα
1392 1512 1511 1547 Ὀρφέως
1539 1511 1587 1546 μὲν
1615 1511 1703 1546 ψυχὴν
1719 1510 1818 1536 κυκνον
1846 1507 1914 1536 εἶναι

1131 1559 1255 1595 θελῆσαι“
1274 1557 1399 1594 Θαμύρου
1414 1557 1451 1587 δὲ,
1466 1557 1575 1592 ἀηδόνος
1585 1565 1591 1571 ·
1609 1555 1740 1592 Θερσίτην
1753 1555 1781 1581 δὲ
1797 1555 1913 1590 πιθήκου

1131 1606 1185 1641 βίον
1211 1604 1327 1632 ἑλέσθαι.
1351 1603 1404 1630 [Ιοῦ
1427 1603 1449 1630 δ’
1468 1603 1499 1629 ἂν
1522 1601 1569 1629 οὖν
1591 1602 1632 1638 εἴη
1655 1601 1689 1628 τὰ
1710 1602 1759 1637 τῆς
1784 1601 1854 1636 μετὰ
1866 1601 1914 1636 τὴν

1132 1652 1235 1680 ἐνθένδε
1249 1651 1406 1686 ἀπαλλαγὴν
1418 1650 1544 1685 κρίσεως,
1562 1649 1594 1684 ἣν
1606 1649 1634 1674 ὲν
1647 1649 1694 1683 μὲν
1712 1647 1751 1682 τῷ
1773 1647 1844 1680 Περὶ
1856 1648 1913 1680 ψυ-

1130 1698 1188 1733 χῆς
1207 1697 1372 1733 ὑπογράφων
1393 1697 1483 1731 φησιν,
1500 1704 1508 1720 ι
1533 1695 1575 1726 Ὠς
1593 1693 1699 1720 ἐπειδὰν
1721 1693 1872 1727 ἀφίκωνται
1890 1692 1914 1718 ot

1129 1743 1350 1779 τετελευτηκότες
1377 1743 1416 1774 εἰς
1438 1742 1482 1768 τὸν
1502 1740 1595 1775 τόπον,
1613 1737 1641 1766 οἷ
1657 1740 1671 1766 ὁ
1683 1739 1786 1774 δαίμων
1801 1738 1913 1764 ἕκαστον

1130 1789 1278 1826 κομίζει,οἳ
1298 1789 1346 1824 μὲν
1358 1788 1390 1815 ἂν
1406 1787 1501 1820 δόξωσι
1519 1787 1607 1822 μέσως
1628 1784 1796 1821 βεϐιωκέναι,
1814 1791 1913 1818 πορευ-

1130 1836 1220 1867 θέντες
1246 1836 1292 1861 ἐπὶ
1318 1834 1362 1860 τὸν
1380 1833 1536 1868 Ἀχέροντα,
1556 1831 1704 1863 ἀναϐάντες
1725 1831 1742 1857 ἃ
1763 1831 1796 1866 δὴ
1822 1831 1914 1862 αὐτοῖς

1131 1882 1255 1918 ὸχήματά
1269 1883 1352 1913 ἐστιν,
1370 1880 1415 1906 ἐπὶ
1429 1879 1530 1906 τούτων
1550 1877 1724 1912 ἀφικνοῦνται
1739 1878 1779 1909 εἰς
1793 1877 1843 1912 τὴν
1856 1877 1914 1911 λίμ‹

1132 1937 1190 1964 νην,
1211 1929 1257 1955 καὶ
1273 1928 1331 1954 ἐκεῖ
1346 1926 1449 1953 οἰκοῦσί
1471 1934 1511 1957 τε,
1530 1926 1576 1951 καὶ
1600 1924 1801 1959 καθαιρόμενοι,
1817 1923 1871 1950 τῶν
1886 1931 1915 1949 τε

1133 1973 1306 2009 ἀδικημάτων
1320 1972 1434 2002 διδόντες
1445 1971 1531 2001 δίκας,
1542 1969 1713 2000 ἀπολύονται,
1728 1969 1754 1995 εἴ
1768 1969 1810 2000 τίς
1827 1977 1854 1994 τι
1865 1967 1915 2002 ἡδί-

1133 2029 1210 2056 κησε,
1227 2019 1280 2046 τῶν
1302 2027 1331 2045 τε
1348 2016 1510 2053 εὐεργεσιῶν
1535 2016 1618 2051 τιμὰς
1640 2015 1766 2050 φέρονται
1782 2013 1853 2041 κατὰ
1869 2014 1917 2048 τὴν

1135 2067 1212 2100 ἀξίαν
1233 2066 1360 2096 ἕκαστος’
1381 2064 1405 2090 οῖ
1433 2063 1454 2089 δ’
1471 2062 1502 2089 ἂν
1516 2062 1627 2095 δόξωσιν
1645 2062 1760 2091 ἀνιάτοις
1775 2060 1847 2095 ἔχειν
1874 2059 1917 2086 διὰ

1134 2113 1168 2139 τὰ
1184 2111 1285 2147 μεγέθη
1307 2110 1360 2137 τῶν
1386 2109 1601 2144 ἁμαρτημάτων,
1620 2107 1636 2142 ἦ
1656 2107 1806 2142 ἱεροσυλίας
1818 2105 1917 2137 πολλὰς

1134 2159 1181 2185 καὶ
1199 2158 1326 2193 μεγάλας,
1340 2156 1356 2191 ἢ
1371 2155 1466 2190 φόνους
1479 2154 1585 2184 ἀδίκους
1601 2153 1648 2179 καὶ
1664 2153 1838 2188 παρανόμους
1855 2151 1917 2178 πολ-

1134 2205 1196 2236 λοὺς
1225 2201 1472 2238 ὲξειργασμένοι,ῆ
1498 2200 1564 2226 ἄλλα
1582 2200 1631 2226 ὅσα
1657 2199 1768 2225 τοιαῦτα
1790 2198 1916 2233 τυγχάνει

303 2255 376 2282 gere.
391 2246 443 2273 Eos
466 2245 538 2272 enim
565 2251 778 2278 corporcarum,
803 2251 884 2278 quam
908 2243 996 2270 adhuc
1016 2243 1078 2269 reti-

1134 2251 1197 2277 ὂντα
1207 2259 1213 2265 ⁸
1232 2249 1341 2279 τούτους
1354 2248 1382 2274 δὲ
1402 2248 1418 2282 ἡ
1430 2247 1602 2282 προσήκουσα
1621 2246 1701 2280 μοῖρα
1720 2245 1808 2280 ῥίπτει
1822 2245 1863 2276 εἰς
1873 2244 1917 2270 τδν

303 2297 395 2324 neant,
413 2291 563 2318 formarum
579 2289 743 2324 cupiditate,
761 2296 861 2323 corpus
880 2288 991 2315 induere
1009 2295 1084 2315 asse-

303 2338 350 2369 rit,
379 2338 415 2364 ita
437 2335 556 2369 quidem,
569 2340 599 2362 ut
617 2335 664 2369 qui
685 2334 802 2361 lascivize
822 2334 963 2368 ventrique
983 2333 1081 2360 servie-

303 2384 368 2416 rint,
382 2388 430 2410 aut
451 2383 602 2413 asinorum,
627 2385 672 2408 aut
688 2381 830 2408 brutarum
850 2380 963 2406 aliarum
975 2399 982 2412 ,
1001 2378 1084 2414 699

305 2429 350 2456 sed
362 2434 450 2456 tamen
466 2436 535 2463 quas
549 2428 657 2462 ipsimet
669 2427 830 2461 optaverint,
848 2433 901 2452 nou
915 2433 983 2459 quas
998 2432 1085 2460 preme

304 2475 364 2502 loco
384 2474 468 2509 judex
487 2473 635 2508 imperarit,
664 2472 767 2500 fortnas
793 2472 965 2506 suscipiant:
991 2470 1085 2505 injusti

306 2520 429 2546 similiter
440 2524 521 2555 atque
537 2527 657 2554 rapaces,
673 2519 729 2553 lupi
746 2518 843 2545 deinde
867 2517 997 2550 milvique
1010 2517 1086 2548 fiant,

307 2566 352 2593 sed
367 2567 394 2593 in
416 2574 448 2593 ea
467 2575 581 2600 corpora
607 2571 702 2600 sponte
723 2564 945 2598 commigrando:
963 2568 1019 2589 tum
1035 2561 1088 2588 0r-

306 2611 368 2646 phei
381 2611 482 2644 animo,
499 2612 596 2647 cygni;
615 2610 754 2645 Thamyri,
779 2609 957 2641 Philomelae;
977 2607 1087 2635 Thersi-

308 2662 341 2685 tae
370 2658 442 2684 simii
469 2659 550 2686 vitam
573 2658 718 2692 placuisse.
736 2657 859 2689 IQuonam
879 2656 961 2690 igitur
973 2662 1014 2687 ea,
1029 2661 1089 2689 qua:

308 2704 341 2730 de
359 2704 510 2730 animorum
525 2704 582 2731 suis
596 2712 611 2730 e
625 2703 786 2738 corporibus
808 2702 996 2736 migrationem
1015 2700 1088 2726 exci-

309 2747 398 2780 piente
410 2746 523 2781 judicio,
542 2747 567 2774 in
585 2748 692 2782 dialogo
712 2747 749 2774 De
762 2747 849 2773 animo
871 2746 953 2772 tradit
971 2745 1014 2772 his
1030 2752 1088 2770 vero

309 2791 370 2818 bis?
386 2799 395 2816 ι
415 2790 448 2818 Ut
464 2792 591 2826 primum,
604 2793 702 2827 inquit,
717 2801 748 2820 eo
770 2792 870 2820 mortui
881 2792 1022 2823 devenere,
1034 2797 1088 2824 quo

1134 2297 1285 2332 Τάρταρον,
1315 2294 1375 2320 ὅθεν
1397 2292 1426 2319 οὗ
1448 2292 1506 2318 ποτ’
1527 2290 1689 2317 ἐκϐαίνουσι,
1708 2299 1717 2316 ι
1733 2289 1788 2316 Καὶ
1816 2289 1850 2315 τὰ
1871 2289 1917 2323 μὲν

1135 2342 1261 2378 περὶτῶν
1274 2340 1378 2367 ἀσεϐῶν
1390 2336 1441 2365 ὧδέ
1459 2347 1496 2373 πη
1510 2337 1598 2373 διῆλθε
1613 2345 1618 2351 ·
1635 2337 1699 2372 περὶ
1721 2336 1749 2362 δὲ
1769 2336 1823 2361 τῶν
1841 2336 1917 2361 εὐσε-

1136 2389 1200 2421 ϐῶν,
1215 2388 1364 2414 ἐπάκουσον
1389 2386 1426 2417 ὥς
1440 2393 1514 2420 φησι·
1533 2394 1541 2409 ι
1563 2384 1669 2410 Τούτων
1683 2383 1712 2409 δὲ.
1727 2382 1816 2408 αὐτῶν
1835 2383 1860 2408 οἱ
1875 2390 1918 2415 φι-

1136 2434 1248 2469 λοσοφίᾳ
1261 2432 1360 2463 ἱκανῶς
1379 2431 1571 2466 καθηράμενοι,
1584 2429 1647 2456 ἄνευ
1662 2437 1691 2454 τε
1707 2427 1838 2462 καμάτων
1853 2426 1917 2458 ζῶσι

1137 2481 1167 2508 τὸ
1187 2479 1315 2513 παρὰπαν
1333 2478 1373 2509 εἰς
1386 2478 1430 2503 τὸν
1454 2476 1549 2502 ἔπειτα
1566 2475 1670 2510 χρόνον,
1686 2474 1733 2499 καὶ
1744 2474 1783 2503 εἰς
1799 2473 1919 2507 οἰκήσεις

1136 2526 1176 2551 ἔτι
1203 2524 1302 2551 τούτων
1328 2522 1451 2553 καλλίους
1475 2520 1660 2555 ἀφικνοῦνται,
1683 2517 1716 2549 ἃς
1743 2515 1805 2542 οὔτε
1831 2516 1917 2552 psam

1137 2570 1265 2606 δηλῶσαι,
1281 2569 1343 2595 οὔτε
1362 2569 1376 2594 ὁ
1395 2567 1488 2602 χρόνος
1506 2566 1596 2596 ἱκανὸς
1606 2566 1634 2590 ὲν
1646 2563 1685 2598 τῷ
1698 2563 1821 2598 παρόντι.
1840 2572 1848 2586 ι
1866 2561 1917 2588 κει

1138 2618 1165 2642 ὲν
1185 2615 1223 2651 τῷ
1239 2615 1349 2649 Γοργίᾳ
1375 2613 1402 2639 δὲ
1431 2612 1546 2648 πρόσχες
1562 2610 1588 2636 τί
1605 2610 1651 2635 καί
1671 2617 1747 2643 φησι,
1768 2617 1776 2633 ι
1796 2607 1848 2634 Τὸν
1872 2607 1916 2642 μὲν

1138 2662 1247 2693 δικαίως
1263 2660 1318 2695 (41)
1344 2659 1389 2686 τὸν
1413 2658 1470 2693 βίον
1490 2656 1626 2682 διελθόντα
1642 2655 1689 2681 καὶ
1699 2654 1791 2685 ὁσίως,
1811 2652 1917 2679 ἐπειδὰν

1140 2708 1298 2743 τελευτήσῃ,
1315 2707 1354 2738 εἰς
1381 2705 1510 2741 μακάρων
1522 2704 1618 2738 νήσους
1637 2701 1760 2731 ἀπιόντα,
1788 2700 1872 2726 οἰκεῖν
1891 2699 1916 2724 ἐν

1141 2755 1214 2789 πάσῃ
1240 2752 1404 2788 εὐδαιμονίᾳ,
1426 2750 1504 2782 ἐκτὸς
1520 2748 1628 2775 κακῶν·
1644 2747 1689 2773 τὸν
1705 2746 1733 2772 δὲ
1758 2745 1860 2776 ἀδίκως
1875 2743 1917 2771 καὶ

1142 2799 1237 2830 ἀθέως,
1267 2799 1306 2828 εἰς
1332 2797 1361 2823 τὸ
1388 2797 1434 2831 τῆς
1451 2794 1547 2826 τίσεως
1566 2802 1595 2819 τε
1618 2792 1663 2819 καὶ
1684 2791 1761 2826 δίκης
1780 2790 1916 2825 δεσμωτὴ-

347 2891 401 2923 (Hl
417 2893 471 2920 Τὸν
485 2893 542 2928 μὲν
565 2894 692 2926 δικαίως.
709 2894 784 2922 Plato
809 2894 835 2921 in
856 2893 962 2926 Gorgia,
979 2900 1005 2925 p.
1024 2890 1075 2918 512

1130 2890 1155 2916 ib
1169 2887 1264 2919 dialogi
1284 2887 1372 2914 finem.
