2061 3210
165 156 235 184 H53

759 159 917 188 ΡΗΑΞΡΑΒ.
938 161 1066 190 EVANG.
1085 161 1151 191 LIB.
1169 162 1228 190 Xlll

1720 163 1790 192 “5i

163 235 234 261 ριον,
262 226 276 253 ὃ
299 227 330 263 δὴ
348 227 488 264 Τάρταρον
517 229 653 262 καλοῦσιν,
683 230 760 257 ἰέναι.
781 231 812 258 Οἳ
835 231 856 257 δ’
871 231 904 257 ἂν
917 231 950 258 τὰ

1002 221 1107 249 daemon
1122 230 1257 257 quemque
1278 223 1358 258 rapit,
1376 223 1423 258 qui
1444 222 1560 250 mediam
1573 223 1633 252 vita:
1654 223 1788 251 rationem

163 271 265 308 ἔσχατα
290 273 448 309 ἀδικήσωσι,
475 275 522 302 καὶ
540 275 583 302 διὰ
604 275 638 302 τὰ
659 275 771 302 τοιαῦτα
796 276 952 311 ἀδικήματα

162 319 268 346 ἀνίατοι
289 319 429 353 γένωνται,
445 322 476 347 ὲκ
489 321 589 348 τούτων
597 321 630 348 τὰ
645 322 853 358 παραδείγματα
863 322 954 357 γίγνε-

162 374 217 392 ται.
230 366 284 392 Καὶ
299 364 370 393 οὗτοι
385 368 460 394 αὐτοὶ
476 368 525 403 μὲν
540 368 630 395 οὐκέτι
643 369 788 400 ὀνίνανται,
805 368 852 395 ἆτε
877 368 953 396 ἀνία-τ

163 420 203 438 τοι
219 411 307 444 ὄντες·
325 413 398 440 ἄλλοι
409 413 438 440 δὲ
445 414 651 450 ὀνίνανταιᾲίῖ),
665 416 689 441 οἱ
705 415 812 447 τούτους
824 415 951 450 ὁρῶντες,

162 451 207 484 διὰ
229 457 278 489 τὰς
306 459 441 494 ἁμαρτίας
470 459 518 491 τὰς
544 460 687 495 μεγίστας,
705 461 752 487 καὶ
771 460 952 495 ὁδυνηρότατα

163 503 211 529 καὶ
241 503 417 540 φοϐερώτατοι
446 505 519 541 πάθη
547 506 699 541 πάσχοντας
722 507 766 533 τὸν
786 506 828 533 ἀεὶ
844 507 950 542 χρόνον,

162 550 282 585 ἀτεχνῶς
312 551 519 586 παραδείγματα
539 552 744 587 ἀνηρτημένους
763 554 820 579 ἐκεῖ
838 553 867 579 ἐν
887 551 950 587 ᾅδου

163 597 192 622 ὲν
209 596 247 631 τῷ
259 596 447 632 δεσμωτηρίῳ,
465 599 520 630 τοῖς
541 598 584 625 ἀεὶ
599 598 653 625 τῶν
671 599 769 626 ἀδίκων
785 599 951 634 ἀφικνουμέ-

163 651 220 674 νοις
243 642 366 677 θεάματα
391 643 437 669 ναὶ
461 643 659 679 νουθετήματα.
686 654 695 670 ι
722 643 814 670 Ταῦτα
838 644 897 676 πῶς
919 644 951 670 ἂν

163 688 271 715 δύναιτο
284 689 404 724 συνᾴδειν
423 691 478 721 τοῖς
494 690 557 725 περὶ
573 690 690 726 ἀμοιϐῆς
707 690 849 725 σωμάτων,
869 690 887 717 ἃ
904 691 952 726 τὴν

163 733 253 770 ψυχῆν
274 734 418 769 μετιοῦσαν
445 735 580 770 αἱρεῖσθαι
595 735 737 769 φάσκουσι,
760 735 865 769 λόγοις;
892 735 952 767 Πῶς

164 779 218 815 γὰρ
234 779 266 806 ἂν
279 780 295 814 ἡ
309 779 527 815 αὑτὴτιμωρίας.
541 780 586 806 καὶ
600 780 782 816 δεσμωτήρια,
800 780 846 806 καὶ
860 779 954 806 τοσαύ-

162 834 213 861 την
228 825 305 861 δίκην
316 826 354 857 είς
364 825 409 852 τὸν
423 825 467 853 ἀεὶ
481 826 586 861 χρόνον,
599 825 667 861 μετά
677 826 725 862 τὴν
738 826 844 853 ἐνθένδε
859 826 951 852 τελευ-

163 871 223 907 τὴν,
240 870 342 905 ὑφέξει,
356 871 403 898 καὶ
417 871 497 898 πάλιν
511 872 554 898 οἵα
567 881 609 903 τις
623 872 762 907 ἀνειμένη,
779 872 826 898 καὶ
845 872 952 908 δεσμῶν

162 917 304 953 ἐλευθέρα,
317 913 392 952 βίους
402 917 434 945 ἂν
448 917 529 944 ’ἕλοιθ’
545 917 592 949 οὒς
603 917 635 945 ἂν
653 917 747 953 ὲῦέλη;
764 919 795 944 Εἰ
807 918 835 944 δὲ
846 918 880 945 τὰ
890 919 950 945 καθ’
969 907 988 934 Β

161 963 259 1000 ἡδονὴν
293 964 383 1000 μέλλοι
410 965 489 992 πάλιν
515 964 659 1000 αἱρεῖσθαι,
691 964 738 991 καὶ
765 963 815 990 ποῦ
847 963 877 990 τὺ
901 964 952 998 τῆς

161 1008 260 1042 τίσεώς
273 1019 302 1036 τε
322 1010 369 1037 καὶ
391 1010 468 1046 δίκης
482 1010 682 1046 ὃεσμωτήριονς
714 1010 798 1045 μυρία
812 1009 834 1036 δ’
851 1010 884 1036 ἂν
904 1010 951 1036 καὶ

161 1054 230 1082 ἄλλα
242 1063 284 1087 τις
306 1056 351 1082 ἐπὶ
369 1056 467 1090 σχολῆς
484 1055 631 1082 ἐπιλάϐοιτ’
647 1055 680 1082 ἂν
700 1055 747 1082 τοῦ
763 1055 852 1090 λόγου,
870 1052 907 1082 ὢν
919 1055 948 1082 οὑ

161 1101 258 1137 καιρὸς
272 1101 320 1137 τὴν
339 1102 457 1128 διάνοιαν
476 1102 615 1137 μηκύνειν.
642 1101 697 1128 Καὶ
717 1101 748 1128 τὸ
771 1101 818 1136 μὲν
843 1100 950 1137 πρῶτον

160 1147 295 1183 ὀλίσθημα
310 1147 360 1182 τῆς
372 1147 418 1174 τοῦ
433 1148 574 1179 Πλάτωνος
590 1147 653 1183 περ)¹
668 1147 751 1173 τῶνδε
762 1146 851 1182 δόξης,
864 1145 950 1182 ταύτῃ

161 1202 201 1230 πη
217 1194 365 1228 πέφανται·
392 1194 422 1220 τὺ
445 1193 466 1220 δ’
486 1194 576 1229 ἕτερον
595 1193 643 1229 τῆς
674 1192 720 1220 τοῦ
739 1192 874 1228 δόγματος
889 1192 948 1218 δια-

161 1240 272 1274 σκευῆς,
291 1239 326 1265 δι“
339 1235 369 1266 οὗ
386 1239 416 1265 τὸ
434 1239 482 1274 μέν
495 1248 520 1266 τι
538 1239 607 1265 θεῖον
631 1238 678 1265 καὶ
698 1238 804 1272 λογικὸν
824 1237 951 1273 εἶναιτῆς

159 1285 259 1320 ψυχῆς,
278 1285 309 1312 τὸ
324 1285 352 1311 δέ
371 1295 397 1312 τι
415 1285 497 1321 μέρος
515 1284 599 1320 αὐτῆς
620 1285 716 1319 ἄλογον
738 1284 785 1311 καὶ
802 1283 951 1320 παθητικὸν

160 1332 305 1367 τυγχάνειν
328 1332 456 1368 ὡρίσατο,
480 1332 527 1366 καὶ
553 1332 621 1367 πρὸς
637 1331 689 1358 τῶν
712 1331 793 1357 αὐτοῦ
807 1331 951 1366 γνωρίμων

160 1378 356 1413 κατέγνωσται,
366 1378 402 1410 ὡς
410 1377 504 1413 μαθεῖν
515 1377 616 1404 ἔνεστιν
623 1377 734 1404 ὰπὸτῶν
741 1377 849 1403 τοιῶνδε
855 1376 950 1411 λόγων.

1004 268 1125 296 tenuisse
1137 269 1280 296 videamur
1292 288 1299 300 ,
1326 269 1345 296 ii
1366 269 1547 296 Acherontem
1571 275 1703 305 petentes,
1720 277 1773 298 con
1787 286 1790 290 λ

1004 314 1108 342 scensis
1120 314 1156 342 ibi
1168 315 1226 343 suis
1239 315 1340 350 quique
1356 315 1490 342 vehiculis
1504 315 1537 342 ad
1557 316 1682 352 paludem
1701 323 1789 352 usque

1003 359 1170 387 deferuntur.
1189 360 1227 386 lbi
1253 360 1355 395 degunt
1385 360 1560 395 aliquandiu,
1576 361 1663 388 donec
1675 369 1789 396 prorsus

1002 404 1113 439 expiati,
1135 405 1277 440 pomisque
1308 405 1453 432 criminum
1474 406 1630 440 persolutis,
1656 406 1789 441 quidquid

1003 456 1065 478 ante
1087 451 1267 486 peccaverint,
1291 451 1469 479 absolvuntur
1485 461 1492 479 :
1508 453 1577 487 quin
1598 453 1679 480 etiam
1691 453 1788 480 benefi-

1003 495 1108 522 ciorum
1122 503 1231 531 quoque
1253 505 1366 524 suorum
1391 497 1519 531 przcmia,
1535 505 1585 532 pro
1611 507 1660 525 sua
1685 498 1788 533 quique

1003 542 1132 577 dignitate
1143 542 1246 571 ferunt.
1261 543 1354 579 Atqui
1369 549 1480 580 propter
1501 545 1634 572 scelerum
1656 546 1787 573 atrocita-

1004 594 1067 622 tem,
1081 590 1171 618 locum
1187 591 1308 618 remedio
1327 591 1430 618 nullum
1456 591 1600 626 reliquisse
1624 592 1786 625 videantur,

1003 638 1097 668 utpote
1110 634 1212 662 crebris
1226 640 1252 662 ct
1272 635 1438 663 immanibus
1460 636 1620 672 sacrilegiis,
1639 643 1686 664 aut
1702 637 1788 672 pluri-

1003 680 1055 707 mis
1068 681 1189 708 czedibus
1211 680 1314 708 nefarie
1328 686 1354 708 et
1372 686 1464 708 contra
1484 682 1556 717 leges
1578 690 1673 710 onincs
1693 690 1788 717 perpe-

1004 726 1092 758 tratis,
1107 730 1133 752 et
1155 726 1216 754 aliis
1226 726 1361 761 ejusmodi
1373 727 1487 761 piaculis
1502 728 1612 762 obligati
1627 737 1634 754 :
1656 728 1706 755 hos
1723 736 1789 756 vero

1003 773 1083 808 digna
1109 773 1188 807 plane
1213 781 1272 800 sors
1298 774 1326 800 in
1355 773 1518 808 Tartarum,
1546 775 1618 802 unde
1647 783 1788 811 nunquam

1003 823 1152 854 emergant,
1174 819 1328 854 prmcipites
1343 820 1408 855 agit.
1425 829 1434 846 ι
1448 820 1487 848 Ac
1510 821 1543 848 de
1569 821 1660 856 impiis
1677 822 1787 857 quidem

1004 865 1060 891 hzec
1087 865 1177 892 habet.
1207 865 1243 892 De
1264 866 1316 900 piis
1333 873 1397 893 vero
1421 867 1486 901 quid
1514 867 1679 902 subiungat,
1703 868 1788 896 audi:

1007 921 1015 936 ι
1029 910 1088 944 Quo
1099 911 1179 938 etiam
1192 919 1224 938 ex
1240 920 1354 940 numero
1364 933 1372 946 ,
1394 912 1439 948 qui
1454 913 1634 948 philosophiae
1646 921 1727 949 opera
1738 922 1787 942 ex-

1005 959 1070 994 piati
1085 958 1197 986 omnino
1222 959 1383 994 purgatique
1402 959 1588 991 discesserint,
1606 960 1623 987 ii
1638 969 1692 988 non
1708 961 1789 989 modo

1005 1006 1063 1032 sine
1086 1005 1149 1032 ullis
1173 1012 1286 1039 prorsus
1315 1005 1447 1032 molestiis
1466 1014 1523 1033 aevo
1549 1007 1716 1041 sempiterno
1747 1007 1789 1034 vi-

1003 1053 1081 1079 vunt,
1095 1048 1142 1076 sed
1157 1048 1239 1075 etiam
1252 1048 1279 1075 in
1294 1048 1431 1076 domicilia
1450 1050 1530 1085 longe
1550 1050 1640 1078 adhuc
1653 1052 1788 1080 nobiliora

1003 1093 1180 1128 perveniunt,
1202 1101 1263 1128 qua:
1276 1101 1326 1121 nec
1352 1094 1441 1121 verbis
1462 1095 1617 1123 describere
1644 1096 1723 1124 facile
1741 1097 1787 1130 sit,

1004 1147 1054 1166 nec
1079 1147 1126 1174 per
1152 1143 1260 1174 tempus
1276 1147 1491 1167 commemorare
1513 1141 1579 1168 mihi
1594 1141 1650 1177 jam
1666 1142 1756 1170 liceat.
1775 1152 1786 1170 ι

1004 1187 1108 1220 Quibus
1123 1187 1206 1214 addas
1218 1187 1348 1222 licetquae
1361 1188 1456 1215 scribit
1468 1188 1494 1215 in
1507 1188 1638 1224 Gorgian
1651 1189 1703 1223 Qui
1713 1190 1790 1225 justo

1003 1234 1086 1262 vitam
1102 1238 1247 1269 sancteque
1271 1234 1442 1267 traduxerit,
1460 1242 1522 1262 eum
1545 1235 1636 1263 statim
1652 1237 1686 1263 ab
1699 1237 1788 1270 obitu,

1004 1280 1031 1307 in
1047 1279 1188 1307 beatorum
1204 1279 1308 1307 insulas
1324 1279 1471 1314 proficisci,
1489 1280 1534 1307 ubi
1545 1289 1631 1308 aevum
1648 1282 1789 1318 deinceps,

1005 1327 1065 1354 sine
1076 1326 1140 1353 mali
1156 1326 1317 1361 cujusquam
1332 1327 1466 1359 molestia,
1482 1334 1543 1354 cum
1564 1327 1639 1354 omni
1661 1327 1790 1357 felicitate

1005 1373 1098 1400 ducat.
1115 1372 1166 1405 Qui
1181 1376 1270 1399 autem
1286 1372 1386 1407 injuste
1400 1377 1424 1399 ct
1447 1372 1528 1408 impie
1552 1374 1659 1407 vixerit,
1682 1382 1744 1402 eum
1760 1375 1788 1402 in

161 1426 300 1453 cruciatus
331 1433 364 1452 ac
385 1424 509 1460 supplicii
534 1431 690 1455 carcerem,
713 1431 792 1458 quem
822 1422 966 1449 Tartarum
993 1424 1110 1450 vocant,
1131 1417 1247 1446 detrudi.
1274 1418 1417 1446 Postremo
1435 1419 1481 1453 qui
1506 1419 1642 1446 teterrima
1673 1428 1788 1455 quaeque

160 1471 351 1507 perpetrarint,
376 1479 408 1499 ac
433 1476 575 1506 propterea
599 1470 764 1498 insanabiles
784 1469 894 1499 fuerint,
911 1477 944 1495 ex
961 1467 994 1494 its
1014 1467 1123 1494 demum
1138 1465 1260 1499 exempla
1273 1469 1439 1492 statuuntur.
1455 1464 1522 1492 Nam
1544 1470 1572 1492 ut
1586 1466 1653 1493 nihil
1669 1467 1788 1502 amplius

158 1520 288 1555 juventur
315 1520 388 1555 ipsi,
403 1520 476 1555 quod
506 1520 608 1546 nullius
631 1519 773 1546 medicina:
795 1518 822 1545 vi
849 1517 940 1545 sanari
969 1520 1082 1552 queant,
1097 1514 1142 1542 alii
1161 1518 1233 1542 certe
1247 1513 1389 1548 juvantur,
1405 1513 1469 1540 dum
1487 1521 1534 1541 eos
1559 1514 1705 1546 maximas,
1729 1524 1789 1543 omo

160 1568 244 1602 nique
267 1567 414 1594 acerbitate
438 1575 470 1594 ac
492 1567 601 1594 diritate
626 1566 781 1594 teterrimae
810 1565 944 1592 scelerum
978 1571 1090 1592 suorum
1114 1569 1210 1598 poenas
1235 1561 1262 1588 in
1287 1568 1395 1588 omnem
1429 1562 1622 1596 consequentis
1657 1563 1789 1598 temporis

160 1614 367 1649 perpetuitatem
404 1615 539 1642 sustinere
565 1613 677 1641 vident:
702 1621 815 1648 prorsus
834 1617 865 1640 ut
886 1613 912 1640 in
941 1612 987 1639 illo
1006 1611 1155 1639 inferorum
1180 1609 1318 1644 ergastulo
1350 1617 1482 1644 suspensa
1516 1610 1639 1645 quasdam
1663 1612 1787 1646 exempla

159 1660 226 1693 sint,
240 1669 357 1696 quorum
384 1666 498 1696 aspectu
511 1666 641 1696 quotquot
654 1661 746 1688 eodem
762 1660 877 1696 improbi
890 1660 1000 1688 assidue
1015 1659 1176 1691 deveniunt,
1192 1657 1271 1685 oﬂicii
1288 1662 1512 1684 commoneantur
1526 1658 1580 1686 sui.
1598 1669 1607 1684 ι
1620 1659 1701 1694 700
1712 1658 1784 1693 Haec,

160 1707 268 1740 amabo,
285 1708 331 1743 qui
359 1708 466 1736 tandem
487 1716 548 1736 cum
579 1708 639 1736 aliis
658 1709 711 1735 illis
734 1708 881 1736 convenire
902 1707 1019 1742 possint,
1046 1707 1146 1742 quibus
1169 1706 1202 1732 de
1231 1705 1430 1740 permutatione
1453 1713 1598 1740 corporum
1619 1707 1656 1734 ita
1689 1708 1786 1743 dispu.

159 1754 230 1784 tant,
244 1761 338 1780 eorum
356 1759 385 1780 ut
400 1754 559 1781 electionem
572 1775 579 1787 ,
599 1755 752 1781 animoruzn
771 1754 913 1789 potestatis
928 1759 955 1781 et
974 1754 1084 1781 arbitris
1098 1757 1181 1780 totam
1196 1759 1257 1779 esse
1272 1751 1374 1778 velint?
1390 1751 1498 1784 Quomo
1510 1753 1536 1779 lo
1551 1753 1624 1780 enim
1647 1755 1787 1782 cruciatus

160 1796 232 1825 idem
247 1803 275 1825 et
287 1806 422 1832 carceres,
436 1804 594 1835 tantamque
605 1808 747 1835 poenarum
760 1802 942 1832 atrocitatem,
963 1805 1143 1835 posteaquam
1170 1799 1234 1826 hinc
1257 1798 1415 1832 excesserit,
1443 1804 1573 1834 perpetuo
1603 1801 1746 1834 sustineat,
1760 1807 1787 1831 et

160 1845 243 1874 simul
257 1849 384 1880 tanquam
405 1846 510 1874 solutus
531 1847 701 1882 vinculisque
716 1847 795 1880 liber,
808 1847 880 1882 quod
904 1847 955 1874 sibi
975 1846 1062 1881 magis
1083 1844 1245 1876 collibuerit,
1272 1844 1334 1872 vitae
1352 1851 1437 1879 genus
1453 1850 1536 1879 optet.
1557 1845 1608 1878 Qui
1633 1846 1656 1873 si
1675 1847 1788 1875 delicias

160 1901 258 1920 rursus
274 1901 306 1921 ac
320 1893 472 1929 voluptates
496 1901 641 1922 secuturus
663 1895 707 1929 sit,
736 1904 791 1931 quo
817 1895 884 1922 mihi
908 1900 964 1923 tum
996 1895 1062 1922 illud
1088 1893 1213 1929 supplicii
1232 1901 1263 1920 ac
1279 1901 1420 1928 pinnarum
1441 1894 1630 1927 ergastulum?
1646 1894 1707 1922 Hzec
1720 1896 1788 1922 alia--

160 1947 215 1974 que
227 1944 352 1967 sexcenta
365 1941 496 1968 adversus
515 1940 586 1967 hanc
597 1940 803 1975 philosophandi
813 1941 945 1968 rationem
965 1941 1052 1968 otiose
1072 1940 1163 1974 quivis
1185 1938 1327 1974 objecerit,
1345 1945 1406 1973 quae
1432 1938 1556 1972 pluribus
1580 1941 1705 1975 persequi
1734 1941 1787 1970 hoc

160 1986 222 2014 loco
233 1994 286 2014 non
297 1992 386 2015 vacat.
401 1988 494 2022 itaque
507 1988 611 2022 primus
623 1988 667 2016 hic
685 1988 712 2015 in
732 1996 765 2016 eo
782 1997 880 2025 genere
900 1988 1022 2016 Platonis
1035 1995 1112 2016 error
1123 1995 1155 2014 ac
1169 1987 1262 2021 lapsus
1284 1991 1350 2014 esto.
1381 1986 1458 2013 Alius
1482 1995 1558 2020 vero,
1575 1989 1622 2022 qui
1652 1989 1734 2024 hujus
1757 1989 1786 2018 in

160 2031 296 2068 dogmatis
312 2034 499 2062 enucleatione
514 2039 647 2067 versatur,
664 2043 718 2070 quo
733 2041 838 2070 partem
859 2035 943 2062 animi
975 2035 1086 2062 alteram
1108 2034 1237 2065 divinam,
1268 2041 1300 2061 ac
1320 2033 1426 2060 ratione
1448 2034 1599 2068 praeditam,
1624 2035 1736 2062 alteram
1758 2038 1787 2063 et

161 2084 299 2115 expertem
324 2080 447 2113 rationis,
472 2086 499 2108 et
525 2081 775 2116 perturbationibus
804 2081 950 2108 obnoxiam
970 2089 1030 2108 esse
1056 2081 1163 2112 statuit,
1179 2080 1219 2107 vel
1246 2079 1448 2107 Platonicorum
1465 2080 1586 2115 ipsorum
1607 2085 1648 2109 est
1663 2082 1787 2110 oratione

161 2124 320 2158 damnatus,
332 2129 362 2152 ut
380 2133 413 2152 ex
428 2125 606 2160 sequentibus
621 2130 749 2154 constare
761 2127 860 2161 potest.

421 2203 616 2230 ΚΕΦΑΛΑΙΟΝ
638 2204 686 2232 IZ’.

1280 2199 1395 2228 CAPUT
1420 2200 1503 2229 XVII.

163 2281 314 2323 'Ottjtatft
325 2281 467 2323 ῌλὰτῳνα
476 2282 520 2322 μὴ
529 2283 564 2323 ἐξ
575 2283 630 2323 (ιζ.)
642 2283 776 2323 ἀπαθοῦς
797 2283 846 2310 καὶ
859 2285 948 2323 φαθη-

1002 2281 1074 2313 Νοη,
1087 2282 1307 2323 ᾳιιςηιιιοηιοάιιηι
1324 2281 1431 2323 Platoni
1445 2281 1527 2307 uisum
1543 2285 1593 2323 est,
1606 2281 1689 2308 animi
1705 2286 1780 2323 aaut-

198 2315 381 2358 {ﬁe‘ooclgc
405 2317 431 2358 αἱ
658 2315 946 2358 ςηνέστηκερύ-ςιῤ,

204 2351 270 2389 ᾏπρ
312 2351 372 2378 τῶν
408 2351 539 2387 Σεϐήρού
574 2351 627 2380 ἰοῦ
657 2351 851 2381 Πλατωνικοῦ
881 2351 949 2389 Περὶ

196 2385 292 2422 suxis-

200 2453 210 2470 ε
229 2445 296 2480 Περ)⁸
310 2443 339 2471 δὲ
353 2444 401 2479 τῆς
424 2444 493 2471 κατὰ
510 2444 640 2471 Πλάτωνα
655 2443 752 2480 ψυχῆς,
769 2445 802 2480 ἥν
816 2453 898 2480 φησιν
918 2443 948 2476 ἐξ

162 2489 284 2521 ἀπαθοῦς
294 2489 341 2516 καὶ
353 2489 475 2525 παθητῆς
495 2490 587 2521 οὐσίας
605 2490 735 2525 συστῆναι
752 2490 804 2518 ὑπὸ
813 2490 858 2517 τοῦ
869 2489 947 2521 Θεοῦ,

161 2533 200 2566 ὡς
217 2535 249 2561 ὲκ
260 2535 355 2562 λευκοῦ
371 2535 417 2562 καὶ
436 2535 549 2570 μέλανος
562 2535 615 2561 τῶν
633 2535 721 2570 μέσων
741 2544 767 2562 τι
783 2535 946 2571 χρωμάτων,

162 2583 254 2608 ὲκείνα
278 2581 374 2616 ἔχομεν
399 2582 484 2607 εἰπεῖν
497 2589 503 2595 ·
523 2581 583 2607 Ὅτι
598 2581 714 2616 ἀνάγκη,
732 2582 819 2617 χρόνῳ
835 2581 946 2608 διαστά-

163 2635 231 2657 σεως
247 2626 335 2652 αὐτῶν
348 2626 520 2661 γιγνομένης,
537 2626 716 2661 ἀφανισθῆναι
736 2626 830 2661 αὐτὴν,
844 2625 881 2657 ὡς
897 2625 946 2661 τὴν

161 2671 208 2698 τοῦ
221 2671 302 2707 μέσου
314 2671 456 2707 χρώματος
475 2671 612 2703 σύστασιν,
626 2671 671 2697 ἐπὶ
683 2671 717 2698 τὰ
731 2673 819 2698 οἰκεῖα
831 2671 946 2698 ἑκάστου

199 2779 254 2814 (42)
269 2780 374 2806 Ἄλλοι
396 2779 429 2805 δὲ
451 2780 610 2806 ὀνίνανται.
630 2779 699 2812 Qui?
722 2783 769 2805 aut
792 2779 945 2814 quomodo?

164 2813 287 2841 Defuncti
312 2814 454 2846 nimirum,
472 2815 518 2842 sed
543 2815 688 2842 levioribus
711 2813 872 2841 criminibus
895 2814 945 2841 ob-

165 2849 247 2880 noxii,
271 2849 318 2883 qui
343 2854 485 2883 postquam
510 2850 599 2877 denuo
618 2851 784 2882 revixerunt,
807 2853 944 2876 tantorum

165 2885 334 2911 cruciatuum
360 2891 503 2918 memores,
527 2885 628 2913 castius
651 2889 677 2912 et
704 2885 825 2912 sanctius
846 2891 943 2912 novam

1037 2325 1094 2343 ram
1112 2315 1214 2343 duabus
1234 2325 1265 2344 ea:
1279 2316 1398 2352 partibus
1409 2337 1416 2347 ,
1433 2323 1545 2352 quorum
1565 2316 1649 2343 altera
1665 2317 1782 2351 patiendi

1037 2352 1191 2378 necessitate
1204 2352 1296 2383 libera,
1312 2351 1431 2386 patibilis
1445 2351 1531 2377 altera
1542 2351 1588 2384 sit,
1604 2359 1660 2378 esse
1680 2352 1784 2386 conﬂa-

1037 2391 1102 2413 tum.
1121 2386 1164 2413 Ea:
1182 2386 1269 2414 Severi
1288 2387 1421 2413 Platonici
1435 2386 1615 2420 disputatione
1626 2386 1664 2414 De
1678 2387 1782 2415 animo.

1040 2452 1049 2468 ι
1061 2442 1120 2470 Jam
1134 2450 1208 2475 vero,
1223 2443 1313 2478 inquit
1324 2442 1451 2475 Severus,
1465 2442 1500 2470 de
1512 2442 1604 2470 animo
1625 2443 1682 2475 illo,
1700 2450 1782 2478 quem

1000 2498 1016 2518 a
1029 2489 1084 2517 Deo
1098 2490 1176 2518 nobis
1190 2490 1291 2525 duplici
1306 2498 1340 2517 ex
1355 2495 1441 2524 parte,
1464 2489 1548 2516 altera
1560 2489 1679 2524 patiendi
1691 2497 1785 2518 neces-

999 2536 1106 2563 sitatem
1137 2536 1318 2567 excludente,
1349 2536 1433 2563 altera
1466 2535 1600 2563 subeunte
1623 2535 1781 2568 conflatum,

999 2581 1078 2616 quasi
1098 2580 1215 2608 medium
1227 2583 1371 2616 quemdam
1387 2588 1419 2607 ex
1436 2579 1497 2608 albo
1518 2581 1650 2616 nigroque
1663 2576 1781 2608 colorein

1000 2625 1121 2652 obtrudit
1138 2624 1226 2657 Plato,
1241 2625 1298 2652 hzec
1311 2625 1338 2651 in
1353 2624 1496 2660 praesentia
1511 2633 1571 2660 qua:
1586 2625 1721 2658 dicamus,
1737 2634 1782 2653 oc—

1000 2675 1123 2698 currunt.
1143 2670 1263 2698 Partium
1279 2671 1385 2698 illarum
1401 2679 1546 2706 progressu
1575 2672 1705 2707 temporis
1725 2672 1784 2700 illa-

997 2779 1069 2816 hanc
1085 2779 1167 2816 vitam
1192 2779 1344 2816 instituerit,
1366 2788 1398 2807 ne
1420 2780 1518 2808 iterum
1534 2780 1640 2808 'mortui
1663 2788 1782 2816 quorum

998 2815 1100 2842 scelera
1116 2815 1211 2875 imitati
1225 2819 1325 2847 essent.
1336 2822 1430 2843 eorum
1443 2816 1524 2844 etiam
1536 2824 1631 2852 pcenas
1645 2816 1782 2844 sustinere

998 2857 1112 2877 coaeren
1129 2857 1170 2876 ur.

1047 2884 1092 2918 45)
1112 2883 1192 2912 Forte
1212 2884 1258 2919 μὴ,
1273 2885 1341 2912 κατὰ
1355 2885 1404 2912 Πλ.
1420 2885 1458 2919 ἐξ.
