2061 3210
282 161 350 190 1155

620 156 753 186 EUSEBII
774 157 1014 186 CIESARIENSIS
1033 157 1109 184 OPP.
1129 155 1221 184 PARS
1240 155 1272 183 ll.
1289 155 1586 184 —APOLOGETICA.

1836 159 1905 185 1156

278 218 358 246 bente
371 218 496 252 dissidio,
509 218 621 245 interire
636 216 758 244 animum
775 215 923 251 oportebit,
936 215 1070 250 quemad-

1121 214 1150 246 ἐξ
1165 210 1203 240 ὧν
1219 214 1345 250 συνέστη,
1361 215 1390 241 ἐν
1414 214 1503 250 χρόνῳ
1522 213 1602 248 φύσει
1619 213 1810 250 χωριζομένου.
1828 214 1859 240 ΕΞ
1877 215 1907 242 δὲ

278 267 390 292 modum
407 265 481 291 illam
504 263 605 291 coloris
636 262 718 290 medii
736 262 979 297 temperationem,
1002 268 1064 288 cum

278 311 316 338 illi
327 319 357 338 ex
373 311 471 345 quibus
493 315 556 337 ante
568 309 680 341 coaluit,
694 312 790 344 suapte
806 312 902 335 natura
922 308 1064 342 paulatim,

278 357 306 384 in
335 363 416 384 suum
444 356 560 391 quisque
585 363 670 390 genus
692 355 888 390 propriumque
912 353 1065 386 solvuntur,

277 403 368 438 perire
394 409 506 428 necesse
529 406 582 429 est.
605 401 633 429 ld
655 401 729 436 quod
751 401 775 428 si
795 400 879 428 semel
892 399 1063 435 probabitur,

277 448 360 476 morti
384 452 458 475 certe
474 447 635 480 obnoxium,
658 455 712 474 non
734 446 915 473 immortalem
943 445 1064 472 animum

277 502 338 522 esse
354 502 497 529 ponemus.
517 493 623 520 Etenim
653 494 675 520 si
697 500 747 528 pro
768 491 896 520 confesso
922 491 1065 522 habeatur,

277 540 369 568 hacin
384 547 474 567 rerum
490 545 599 570 natura,
612 538 685 573 quod
702 538 841 565 contrario
855 541 964 569 careat,
985 543 1064 571 pror-

278 594 326 614 sus
341 593 401 614 esse
417 586 496 618 nihil,
516 593 632 620 quaeque
654 584 747 611 mundi
765 583 868 610 ambitu
890 582 1067 609 continentur

278 631 387 665 omnia,
410 639 444 658 ex
469 631 592 658 adversis
622 629 862 665 pugnantibusque
888 627 994 655 naturis
1019 627 1066 654 Dei

279 685 363 704 manu
387 681 537 712 temperata
553 683 624 707 esse,
643 675 689 710 qui
713 678 834 702 mutuam
853 673 905 700 illis
917 672 1066 700 amicitiam

278 727 306 750 et
328 722 551 750 communionem
581 721 722 756 injecerit,
747 724 777 747 ut
804 720 877 747 sicco
896 724 923 746 et
944 719 1066 751 lmmido,

277 768 368 796 calido
385 772 412 795 et
428 767 536 803 frigido,
555 767 630 801 gravi
649 770 676 793 et
694 765 756 798 levi,
773 765 835 792 albo
850 769 877 792 et
891 765 979 800 nigro,
995 764 1066 792 dulci

278 818 306 842 et
320 814 430 846 acerbo,
446 814 516 841 duro
529 818 557 840 et
570 812 656 844 molli,
676 818 781 839 natura:
802 811 921 846 denique
946 811 1067 846 patiendi

278 860 395 895 experti.
419 864 447 886 et
472 863 575 886 natura:
589 859 622 884 all
650 858 806 893 patiendum
827 862 911 892 aptae,
926 865 1013 892 eaque
1040 857 1066 884 id

279 913 365 940 genus
378 904 472 931 omnia
484 911 537 931 una
545 903 663 936 quadam
676 903 754 938 701
771 902 823 929 alia
839 891 930 929 rerum
944 891 1066 929 omnium
1083 891 1104 918 Β

279 951 472 979 communione
496 949 667 982 devinxerit;
691 953 822 984 praeterea
849 948 872 976 si
896 956 957 983 qua:
973 953 1069 975 mutuo

279 1001 428 1032 temperata
446 1001 521 1028 sunt,
539 1001 621 1030 atque
633 996 704 1022 inter
719 1002 778 1022 sese
791 994 932 1029 permista,
942 998 1068 1020 mutuum

279 1050 389 1078 quoque
402 1042 532 1077 temporis
542 1040 733 1077 progressione
743 1039 889 1067 divortium
900 1047 949 1075 pro
965 1044 1069 1067 naturae

280 1096 338 1116 sua:
364 1088 521 1115 conditione
544 1086 714 1122 suscipiunt;
741 1086 863 1113 animum
886 1085 1016 1121 profecto,
1045 1085 1068 1113 si

279 1135 397 1170 partium
413 1134 520 1162 illarum
532 1133 559 1160 in
577 1141 609 1161 eo
624 1133 828 1160 concretionem
843 1133 987 1168 ponimus,
1005 1139 1068 1167 per-

280 1181 342 1208 imle
359 1180 398 1207 uti
426 1180 545 1207 colorem
572 1179 690 1214 aliquem
718 1179 849 1212 medium,
882 1184 988 1205 natura:
1013 1184 1069 1204 suae

280 1228 349 1254 vitio
367 1226 476 1254 tandem
491 1225 604 1253 interire
629 1232 740 1252 necesse
754 1224 825 1252 erit:
852 1224 1000 1251 contrariis
1015 1223 1068 1250 illis

280 1281 315 1301 ex
332 1273 432 1308 quibus
448 1273 504 1307 ipse
518 1271 665 1302 constabit,
678 1271 711 1298 ad
730 1270 871 1305 proprium
889 1275 992 1297 naturae
1011 1276 1068 1296 sua:

281 1324 382 1348 statum
413 1327 460 1354 per
486 1325 546 1346 sese
569 1317 790 1353 properantibus.
811 1316 880 1349 Quid
896 1315 992 1343 enim?
1012 1315 1069 1341 An-

281 1373 336 1392 non
353 1364 379 1391 id
394 1364 529 1395 videmus,
539 1364 610 1398 quod
626 1366 721 1397 suapte
731 1366 829 1389 natura
846 1369 928 1396 grave
947 1361 992 1393 sit,
1006 1361 1069 1388 licet

282 1419 296 1437 a
314 1411 403 1441 nobis,
422 1414 470 1437 aut
484 1409 536 1436 alia
552 1408 648 1444 quavis
663 1408 835 1436 extrinsecus
851 1407 936 1434 indita
954 1405 1069 1434 naturali

282 1458 400 1491 levitate,
414 1464 523 1485 sursum
541 1460 647 1491 agatur,
669 1459 699 1482 ut
721 1459 812 1481 tamen
824 1454 951 1481 deorsum
965 1459 1070 1480 natura:

283 1512 340 1532 sua:
352 1504 378 1531 vi
400 1511 433 1530 ac
452 1502 572 1537 pondere
583 1501 723 1536 rapiatur?
736 1499 958 1534 Similiter,quod
974 1503 1069 1534 suapte

283 1555 380 1578 natura
409 1550 467 1576 leve
494 1549 544 1582 sit,
564 1548 629 1575 licet
652 1547 825 1574 extrinsecus
850 1545 931 1573 simili
949 1545 1067 1580 quadam

283 1595 438 1632 impellente
451 1602 546 1626 causa,
563 1593 691 1621 deorsum
712 1592 834 1624 feratur,
849 1596 879 1619 ut
903 1598 993 1619 tamen
1011 1592 1068 1619 suis

284 1649 393 1677 quoque
408 1641 512 1668 viribus
529 1648 638 1667 sursum
653 1639 791 1667 enitatur?
808 1638 916 1666 Etenim
930 1646 991 1673 quae
1001 1638 1069 1665 duo-

284 1689 337 1716 bus
348 1695 382 1715 ex
407 1686 553 1715 contrariis
571 1694 655 1713 unum
670 1686 697 1713 in
718 1685 819 1720 aliquid
837 1684 918 1712 simul
943 1684 1067 1717 coierint,

284 1733 342 1762 ﬁeri
357 1740 410 1760 non
420 1736 518 1768 potest,
528 1736 558 1759 ut
572 1731 666 1759 eodem
682 1739 711 1758 se
722 1730 805 1759 modo
821 1737 928 1765 semper
940 1730 1068 1763 habeant,

284 1777 338 1808 nisi
361 1787 377 1806 e
399 1785 491 1817 rerum
513 1782 610 1804 natura
637 1777 746 1804 tertium
768 1776 871 1811 aliquid
888 1783 950 1802 cum
972 1775 1068 1802 iisdem

284 1829 414 1862 perpetuo
432 1823 626 1858 coniungatur.
656 1822 709 1850 Sed
735 1823 843 1849 animus
866 1821 976 1848 tertium
1004 1820 1069 1856 quid

284 1871 407 1908 profecto
420 1878 474 1898 non
493 1875 544 1901 est,
568 1868 676 1896 duobus
699 1875 733 1895 ex
756 1867 902 1895 contrariis
926 1866 1070 1902 pugnanti-

285 1917 390 1952 busquc
405 1915 597 1950 compositum,
615 1914 662 1942 sed
676 1914 765 1949 potius
780 1921 862 1940 unum
886 1912 987 1948 aliquid
1001 1912 1069 1939 sim-

285 1962 357 1998 plex,
374 1965 525 1995 naturaque
540 1967 589 1988 sua
611 1959 645 1986 ab
663 1959 737 1986 omni
761 1963 787 1986 ct
812 1958 931 1993 patiendi
947 1958 1069 1985 necessi-

285 2013 351 2041 tate,
368 2012 395 2035 et
412 2007 533 2042 corporis
556 2005 628 2033 mole
651 2005 766 2033 liberum
784 2013 791 2032 :
813 2010 841 2032 ut
856 2012 916 2032 eum
930 2009 1071 2039 propterea

285 2052 362 2080 Plato
376 2051 554 2086 Platonisque
568 2054 732 2083 sectatores,
746 2048 929 2081 immortalem
941 2056 1001 2076 esse
1013 2052 1070 2075 sta—

285 2099 397 2127 tuerint.
410 2099 445 2124 At
465 2096 594 2132 quoniam
611 2100 638 2123 et
654 2095 793 2123 hominem
812 2102 846 2122 ex
861 2095 953 2121 animo
974 2101 1072 2128 corpo-

285 2151 368 2180 reque
384 2148 522 2176 constare,
535 2150 588 2169 vox
602 2146 644 2168 est
660 2141 782 2168 omnium
796 2147 850 2168 una
864 2140 1029 2172 communis,
1045 2144 1072 2167 et

284 2197 348 2226 qua
361 2189 430 2217 citra
445 2189 569 2223 corporis
589 2187 797 2219 commercium,
820 2186 847 2213 in
864 2186 943 2213 nobis
958 2186 1071 2213 volenti-

1118 259 1208 293 τοῦτο,
1221 259 1343 296 φθαρτὴν
1354 259 1491 294 ἀποφανοῖ)
1495 268 1556 295 μεν,
1570 259 1627 286 ἀλλ’
1646 261 1695 286 οὐκ
1711 260 1843 287 ἀθάνατον
1858 261 1908 296 τὴν

1117 306 1217 342 ψυχήν.
1233 307 1264 333 ΕΞ
1277 306 1330 341 γὰρ
1344 305 1422 332 τοῦτο
1447 305 1628 341 ὁμολογεῖται,
1658 306 1738 341 μηδὲν
1751 306 1805 333 τῶν
1828 307 1858 333 ἐν
1872 309 1906 342 τῇ

1103 351 1299 387 ιφύσει,6ντων
1324 352 1388 379 ἄνευ
1414 351 1460 378 τοῦ
1488 352 1610 379 ἐναντίου
1625 350 1706 383 εἶναι,
1720 352 1755 379 τά.
1777 362 1806 379 τε
1823 354 1851 379 ἐν
1868 353 1909 388 τῷ

1117 398 1212 433 κόσμῳ
1231 398 1263 424 ἐκ
1276 397 1326 432 τῆς
1340 397 1394 424 τῶν
1415 398 1542 424 ἐναντίων
1557 398 1664 432 φύσεως
1681 398 1733 424 ὑπὸ
1747 398 1814 425 Θεοῦ
1826 408 1906 426 κεκο-

1117 443 1247 479 σμῆσθαι,
1266 443 1357 478 φιλίαν
1369 444 1460 475 αὐτοῖς
1477 443 1524 470 καὶ
1544 444 1687 470 κοινωνίαν
1707 445 1908 480 ἐμποιήσαντος

1116 490 1211 522 αὐτοῦ,
1226 488 1281 517 οἷον
1304 489 1342 525 τῷ
1361 489 1435 525 ξηρῷ
1451 490 1519 525 πρὺς
1534 490 1563 516 τὸ
1579 490 1661 526 ὑγρὴν
1671 511 1678 522 ,
1694 490 1741 516 καὶ
1756 491 1796 526 τῷ
1813 491 1908 526 θερμῷ

1118 537 1185 573 πρὸς
1202 537 1233 563 τὸ
1247 537 1358 572 ψυχρὸν,
1371 535 1410 571 τῷ
1420 545 1450 562 τε
1465 535 1543 572 βαρεῖ
1559 537 1627 572 πρὸς
1644 537 1673 563 τὸ
1690 537 1800 571 κοῦιιεον,
1819 537 1908 574 λευκῷ

1118 591 1147 609 τε
1164 582 1231 618 προς
1243 582 1272 609 τὲ
1285 582 1378 618 μέλαν,
1393 583 1489 616 γλυκεῖ
1502 591 1532 609 τε
1541 583 1608 618 πρὸς
1624 582 1655 608 τὸ
1672 582 1779 618 πικρὸν,
1797 582 1909 618 σκληρῷ

1117 637 1147 655 τε
1163 628 1229 664 πρὸς
1239 628 1268 654 τὸ
1284 628 1404 664 μαλακὸν
1413 628 1535 663 (“Liui
1544 629 1610 655 πᾶσι
1622 630 1678 660 τοῖς
1693 629 1826 660 τοιούτοις
1842 629 1908 664 μίαν

1117 673 1199 708 ἄλλην
1219 673 1326 699 πάντων
1343 674 1494 705 κοινωνίαν,
1509 675 1542 709 τῇ
1567 683 1596 701 τε
1612 674 1712 700 ἅπαθεί
1738 674 1817 709 οὐσίᾳ
1834 674 1905 709 πρὸς

1117 719 1165 754 τὴν
1183 719 1323 754 παθητὴν”
1348 719 1381 746 τὰ
1398 719 1426 746 δὲ
1448 719 1582 756 κραθέντα
1602 721 1650 747 καὶ
1674 720 1802 755 μιχθέντα
1823 728 1907 755 χωρι-

1118 766 1185 800 σμὸν
1199 766 1243 792 τὺν
1259 766 1306 792 ἀπ’
1319 766 1440 802 ἀλλήλων
1458 768 1487 793 ὲν
1503 767 1592 802 χρόνῳ
1607 766 1686 800 φύσει
1705 766 1859 801 ἐπιδέχεται
1869 775 1875 781 ·
1890 767 1907 801 ἡ

1117 813 1146 840 δὲ
1168 813 1239 850 ψυχὴ
1257 813 1286 845 ἐξ
1308 813 1495 845 ἀπαθοῦς·καὶ
1512 813 1635 849 παθητῆς
1658 813 1752 845 οὐσίας
1767 812 1908 847 γεγονέναι

1118 859 1292 886 ὑποκείσεται
1302 868 1308 874 ”
1324 860 1441 894 ἀνάγκη,
1457 860 1494 891 ὡς
1509 859 1540 886 τὸ
1558 859 1639 895 μέσον
1655 859 1764 895 χρῶμα,
1776 858 1848 885 οὕτω
1861 858 1908 885 καὶ

1118 905 1219 940 ταύτην
1236 906 1264 932 ὲν
1279 906 1366 941 χρόνῳ
1387 906 1466 941 φύσει
1483 905 1674 940 ἀφανισθῆναι,
1694 905 1748 931 τῶν
1763 905 1792 930 ὲν
1808 906 1842 940 τῇ
1860 913 1907 930 συ-

1119 950 1212 977 στάσει
1235 951 1320 986 αὐτῆς
1334 951 1462 978 ἐναντίων
1479 951 1524 977 ἐπὶ
1540 951 1590 986 τὴν
1611 950 1712 977 οἰκείαν
1734 950 1815 985 φύσιν
1833 951 1907 976 ἐπει-

1118 997 1251 1032 γομένων.
1267 997 1302 1023 Ἣ
1316 996 1368 1032 γὰρ
1381 997 1430 1032 οὑχ
1441 996 1549 1036 ὁρῷμεν
1564 997 1611 1023 καὶ
1627 997 1656 1023 τὸ
1668 996 1746 1031 φύσει
1760 996 1842 1032 βαρὺ,
1857 996 1908 1024 κᾶν

1118 1043 1163 1078 ὑφ’
1185 1043 1265 1079 ὴμῶν
1286 1044 1302 1078 ἠ
1326 1051 1399 1074 τινος
1425 1043 1523 1075 ἔξωθεν
1547 1042 1663 1077 φυσικῆς
1689 1042 1908 1078 προσγενομένης

1118 1089 1192 1124 αὑτῷ
1211 1088 1376 1124 κουφότητος
1390 1088 1445 1115 ἄνω
1465 1088 1590 1124 φέρηται,
1605 1089 1643 1120 ὡς
1662 1088 1726 1115 αὐτὸ
1746 1088 1849 1123 ὁμοίως
1863 1088 1908 1114 ἐπὶ

1118 1136 1166 1171 τὴν
1179 1136 1282 1163 οἰκείαν
1296 1135 1377 1171 φύσιν
1389 1135 1463 1162 κάτω
1481 1134 1621 1169 βιάζεταιξ
1644 1133 1760 1170 Ὁμοίως
1772 1134 1801 1160 δὲ
1816 1134 1864 1160 καὶ
1879 1133 1908 1159 τδ

1118 1182 1198 1217 φύσει
1214 1181 1325 1216 κοῦφον,
1341 1180 1412 1207 κατὰ
1428 1179 1477 1212 τὰς
1498 1179 1593 1215 ὁμοίας
1609 1179 1708 1212 ἔξωθεν
1729 1180 1819 1211 αἰτίας
1833 1179 1908 1206 κάτω

1119 1216 1278 1264 φερόμενον,
1297 1227 1335 1258 ὼς
1351 1226 1416 1252 αὐτὸ
1443 1225 1544 1261 ὁμοίως
1570 1226 1616 1252 ἐπὶ
1637 1225 1672 1251 τὰ
1686 1225 1742 1252 ἄνω
1763 1216 1907 1260 ﬁdis-.115

1118 1274 1159 1300 Τὰ
1173 1273 1226 1309 γὰρ
1242 1274 1273 1299 ὲκ
1295 1273 1341 1300 δύο
1364 1272 1443 1299 τινῶν
1466 1271 1591 1307 ἀλλήλοις
1610 1272 1738 1299 ἐναντίων
1754 1273 1794 1303 εἰς
1810 1271 1907 1298 ταυτὸν

1119 1319 1284 1354 συναχθέντα
1303 1319 1431 1346 ἀδύνατον
1450 1320 1480 1345 ἐν
1494 1318 1532 1353 τῷ
1548 1318 1622 1353 αὐτῷ
1638 1318 1681 1345 ἀεὶ
1698 1316 1777 1350 εἶναι,
1795 1318 1832 1353 μὴ
1849 1326 1907 1353 τρι-

1118 1374 1164 1392 του
1181 1366 1253 1397 τινος
1271 1365 1322 1400 τῆς
1339 1364 1394 1391 τῶν
1415 1365 1500 1390 ὄντων
1516 1364 1609 1395 οὐσίας
1625 1364 1669 1390 ἀεὶ
1688 1364 1792 1395 ἐνόντος
1805 1364 1907 1396 αὐτοῖς.

1125 1411 1205 1438 Ἀλλὰ
1217 1411 1270 1447 γὰρ
1284 1411 1333 1437 οὐκ
1353 1411 1410 1437 ἐστι
1432 1410 1504 1446 ψυχὴ
1520 1411 1610 1446 τρίτον
1631 1419 1657 1437 τι
1679 1411 1794 1446 πρᾶγμα
1809 1411 1842 1436 ὲκ
1862 1409 1909 1436 δύο

1119 1458 1247 1484 ἐναντίων
1263 1457 1385 1493 ἀλλήλοις
1400 1456 1534 1488 σύνθετον,
1554 1456 1656 1484 ἁπλοῦν
1672 1456 1700 1482 δὲ
1713 1456 1759 1482 καὶ
1772 1457 1805 1491 τῇ
1825 1455 1907 1483 αὑτοῦ

1120 1503 1199 1539 φύσει
1214 1504 1318 1535 ἀπαθὲς
1331 1504 1378 1530 καὶ
1393 1503 1549 1538 ἀσώματον.
1569 1502 1649 1529 Ὅθεν
1667 1503 1791 1534 Πλάτων,
1815 1502 1865 1529 καὶ
1885 1504 1908 1529 οί

1122 1551 1181 1586 μετ’
1206 1550 1299 1582 αὑτοῦ,
1316 1549 1449 1577 ἀθάνατον
1470 1549 1554 1584 αὐτὴν
1577 1549 1679 1583 ἔφασαν
1701 1546 1778 1576 εἶναι.
1800 1548 1908 1583 Ἐπειδὴ

1119 1595 1148 1622 δὲ
1161 1595 1206 1622 τὸν
1220 1595 1361 1630 ἄνθρωπον
1378 1595 1409 1621 ὲκ
1421 1594 1510 1630 ψυχῆς
1525 1594 1572 1620 καί
1595 1593 1719 1629 σώματος
1743 1594 1832 1626 κοινός
1851 1595 1908 1621 ἐστι

1121 1642 1228 1669 πάντων
1241 1641 1319 1675 λόγος
1331 1641 1481 1675 γεγονέναι,
1497 1641 1530 1668 τὰ
1547 1641 1570 1668 δ’
1583 1641 1611 1668 ὲν
1623 1642 1689 1676 ἡμῖν
1703 1641 1767 1667 ἄνευ
1784 1640 1909 1676 σώματος
1953 1639 1958 1641 ”

1124 1686 1254 1718 ἑκουσίως
1273 1687 1319 1713 καὶ
1335 1686 1468 1718 ἀκουσίως
1489 1686 1637 1721 γιγνόμενα
1655 1685 1727 1720 πάθη
1749 1686 1800 1720 τῆς
1821 1686 1910 1721 ψυχῆς

1121 1731 1188 1760 εἶναι
1209 1732 1328 1766 λέγεται,
1352 1733 1376 1758 οἱ
1398 1732 1448 1767 μὲν
1471 1732 1575 1764 πολλοὶ,
1591 1732 1678 1767 τούτῳ
1696 1732 1909 1768 τεκμαιρόμενοι

1121 1778 1160 1814 τῷ
1176 1778 1231 1814 (45)
1247 1778 1369 1814 παθητὴν
1383 1776 1451 1805 εἶναι
1462 1778 1511 1814 τὴν
1520 1779 1614 1804 οὐσίαν
1631 1778 1724 1813 αὐτῆς,
1744 1777 1844 1813 θνητὴν
1860 1779 1909 1805 αὑ-

1122 1824 1171 1860 τὴν
1183 1822 1252 1851 εἶναι
1266 1824 1383 1858 λέγουσι,
1398 1825 1444 1851 καὶ
1468 1824 1646 1860 σωματοειδῆ,
1663 1823 1718 1850 ἀλλ’
1733 1825 1783 1850 οὐκ
1797 1824 1909 1860 ἀσώμα-

1122 1879 1167 1897 τον
1179 1878 1186 1885 ·
1204 1871 1218 1897 ὁ
1237 1869 1265 1896 δὲ
1286 1870 1409 1900 Πλάτων,
1426 1870 1465 1905 τῷ
1479 1870 1558 1905 φύσει
1578 1870 1663 1906 αὐτῆς
1677 1870 1780 1897 ἀπαθεῖ
1806 1879 1909 1906 προση-

1123 1916 1263 1951 ναγκάσθη
1284 1915 1333 1951 τὴν
1350 1915 1473 1952 παθητὴν
1486 1916 1580 1943 οὐσίαν
1600 1917 1780 1952 πῳσυφᾶναι.
1801 1916 1863 1942 ’Ότι
1883 1916 1910 1942 δὲ

1124 1962 1163 1998 μὴ
1182 1963 1280 1998 ἑτέρως
1299 1962 1366 1997 ἔχει,
1390 1963 1419 1996 ἐξ
1443 1960 1479 1990 ὧν
1502 1963 1627 1998 ἑκάτεροι
1644 1963 1781 1998 εἰρήκασι,
1797 1963 1910 1990 Πλάτων

1123 2016 1153 2035 τε
1176 2009 1223 2035 καὶ
1245 2009 1270 2034 of.
1285 2008 1368 2040 ἄλλοι,
1389 2009 1574 2044 πειρασόμεθα
1587 2008 1626 2044 τῷ
1639 2008 1720 2043 λόγῳ,
1734 2009 1784 2041 τὰς
1797 2009 1826 2035 ὲν
1845 2010 1911 2044 "quis

1123 2052 1286 2088 ἐνεργούσας
1307 2052 1436 2088 δυνάμεις
1463 2052 1650 2088 παραθέντες,
1679 2053 1874 2088 προσϐιϐάσαι.
1899 2065 1909 2080 ι

1123 2097 1217 2124 Ταῦτά
1233 2106 1277 2133 μοι
1297 2097 1351 2124 ἀπὸ
1374 2097 1427 2124 τῶν
1445 2097 1564 2133 Σεὸήρου
1589 2098 1636 2124 τοῦ
1651 2098 1824 2125 Πλατωνικοῦ
1849 2099 1911 2135 περὶ

1123 2143 1212 2178 ψυχῆς
1235 2143 1399 2179 προκείσθω.
1420 2143 1520 2178 Σκέψαι
1542 2144 1569 2170 δὲ
1588 2144 1656 2180 πρὸς
1677 2146 1733 2176 τοῖς
1756 2145 1911 2180 εἰρημένοις

1125 2187 1172 2212 καὶ
1188 2186 1256 2218 τόδε,
1271 2187 1334 2222 περὶ
1350 2187 1398 2222 τῆς
1411 2187 1525 2223 οὐρανοῦ
1542 2188 1653 2215 καὶτῶν
1670 2190 1698 2216 ὲν
1712 2189 1786 2225 αὐτῷ
1801 2195 1910 2225 φωστὴ-

286 2223 338 2264 kius
351 2235 507 2263 nolentibus
519 2233 718 2262 commotiones
735 2232 881 2264 exsistunt,
896 2233 988 2259 animo
1002 2232 1071 2259 assi-
1087 2223 1109 2250 θ
1125 2241 1180 2268 ρων
1198 2233 1295 2268 ἀρχῆς.

286 2289 404 2319 gnantur
417 2282 560 2315 universae,
571 2285 696 2308 naturam
716 2280 776 2315 ejus
793 2279 920 2315 patiendo
943 2279 1090 2306 obnoxiam
1120 2287 1182 2308 esse
1205 2280 1381 2316 conjicientes
1411 2281 1473 2309 inde
1503 2282 1642 2318 plerique,
1671 2283 1814 2311 mortalem
1834 2284 1910 2312 illum

285 2334 367 2365 atque
380 2337 552 2365 corporeum,
569 2336 625 2356 non
652 2327 776 2363 corporis
802 2332 939 2362 expertem
959 2334 1021 2354 esse
1053 2328 1231 2355 contendunt.
1261 2327 1338 2356 Plato
1358 2334 1448 2357 autem
1474 2330 1507 2357 ad
1531 2331 1604 2358 illam
1627 2331 1687 2365 ejus
1709 2336 1826 2367 partem,
1853 2341 1912 2368 qua:

285 2382 383 2414 suapte
405 2381 503 2405 natura
524 2384 634 2405 omnem
657 2375 776 2412 patiendi
803 2375 992 2403 necessitatem
1024 2375 1190 2407 excluderet,
1214 2376 1330 2403 alteram
1359 2377 1430 2404 hanc
1452 2384 1484 2405 ex
1505 2385 1566 2405 sese
1590 2378 1734 2413 patientem
1763 2379 1913 2415 adjungere

285 2428 397 2453 coactus
411 2427 463 2452 est.
479 2423 557 2457 Quod
571 2427 662 2450 autem
680 2422 739 2450 lnec
756 2422 865 2450 illorum
881 2421 1009 2455 utrinque
1024 2429 1075 2449 nec
1094 2422 1147 2449 alia
1171 2422 1238 2449 ratio
1269 2421 1366 2456 fuerit,
1387 2431 1421 2459 ex
1437 2424 1472 2451 iis
1497 2431 1558 2459 quae
1576 2431 1638 2451 cum
1660 2432 1676 2451 a
1698 2423 1821 2458 Platone,
1855 2430 1911 2452 tum

285 2471 368 2498 etiam
400 2470 435 2497 ab
463 2470 525 2497 aliis
550 2469 743 2511 disputantur,
768 2468 927 2501 ostendere,
954 2475 986 2494 ac
1010 2467 1093 2494 simul
1112 2467 1262 2495 eﬂ‘ectrices
1286 2468 1358 2501 illas,
1373 2457 1434 2504 qua:
1455 2457 1534 2497 nobis
1558 2470 1646 2497 insita:
1672 2475 1746 2504 sunt,
1769 2457 1912 2499 facultates

286 2523 412 2551 promere
434 2523 467 2543 ac
480 2515 604 2551 proferre
613 2515 785 2542 conabimur.
807 2523 816 2539 ι
834 2512 972 2540 Hactenus
990 2511 1083 2540 Severi
1102 2512 1236 2542 Platonici
1258 2514 1351 2542 verba.
1376 2514 1435 2542 Jam
1457 2515 1492 2543 de
1513 2515 1592 2548 coeli,
1608 2515 1696 2551 deque
1717 2516 1911 2544 collucentium

287 2563 325 2590 toi
339 2558 466 2590 siderum
482 2562 628 2597 principio,
651 2561 718 2597 quid
742 2561 819 2588 Plato
840 2560 958 2588 senserit
976 2559 1129 2588 videamus.

323 2650 380 2686 (44)
402 2651 437 2678 Τὸ
455 2652 601 2685 μαλακόν.
618 2650 683 2678 Post
697 2650 755 2678 haec
769 2650 862 2682 verba,
877 2650 1070 2686 duarumrsen-

286 2686 434 2713 tentiarum
459 2686 646 2720 traiectionem
668 2686 816 2721 contigisse
834 2689 916 2720 puto;
940 2685 1072 2721 proinde-

287 2722 341 2757 q'uc
356 2721 396 2757 sic
415 2719 619 2757 legenduim-1’6
633 2719 764 2757 μαλακὸν,
783 2721 815 2756 τῇ
829 2719 859 2757 τε
878 2719 1073 2757 ἀπαθεϊνοῤ-σίᾳ

289 2755 356 2790 πρὸς
366 2755 414 2791 τὴν
427 2755 559 2791 παθητὴν,
572 2757 618 2783 καὶ
631 2754 697 2783 πᾶσι
709 2757 765 2787 τοῖς
775 2754 904 2787 τοίούτοις
916 2754 1073 2790 μίαν⁹ἄλλην

1124 2650 1232 2691 πάντων
1251 2650 1393 2691 κοινωνίαν
1404 2659 1411 2666 ·
1421 2651 1456 2678 τὰ
1474 2651 1503 2678 δὲ
1515 2651 1658 2686 κραθέντα,
1673 2657 1724 2680 etc.
1737 2652 1827 2687 Quam
1845 2660 1911 2681 con-

1123 2690 1256 2721 jecturam
1273 2694 1301 2713 In
1315 2690 1439 2713 versione
1453 2691 1562 2714 secutus
1576 2695 1648 2715 sum.

1162 2720 1218 2755 (45)
1238 2714 1319 2748 Forte
1332 2721 1374 2753 τι,
1392 2721 1434 2749 vel
1450 2721 1518 2749 dele.
