2061 3210
185 181 249 208 ΗϐΙ

182 243 231 277 τὴν
256 241 403 275 σεϐάσμιον
423 239 568 274 ἀπονέμειν
591 238 727 273 νομοθετεῖ
750 238 842 272 τιμὴν,
857 237 962 270 λέγων’
979 241 1000 266 Α

186 297 195 312 ι
214 288 258 322 Μὴ
275 286 336 313 ἰδὼν
357 287 403 312 τὸν
421 286 505 320 ἥλιον,
528 284 575 310 καὶ
591 284 639 319 τὴν
656 283 777 318 σελήνην,
801 283 847 310 καὶ
861 283 964 314 πάντας

181 333 245 363 τοὺς
261 332 386 368 ἀστέρας,
404 331 452 358 καὶ
471 330 558 357 πάντα
579 330 623 356 τὸν
647 329 747 364 κόσμον
769 329 815 355 τοῦ
839 328 963 364 οὐρανοῦ,

183 378 331 414 πλανηθεὶς
359 377 550 412 προσκυνήσῃς
580 376 682 406 αὐτοῖς.
711 384 720 400 ι
750 374 909 410 Ἑρμηνεύει
937 374 965 400 δὲ

181 425 268 451 ταῦτα
280 423 417 459 διασαφῶν
430 424 470 454 εἰς
487 423 585 454 πλάτος
595 424 610 449 ό
622 422 655 448 τὰ
676 421 806 456 Ἐϐραίων
822 420 964 447 πεπαιδευ-

184 470 263 505 μένος
277 468 371 500 ⁴Φίλων,
390 465 440 494 ὧδέ
453 467 583 502 πηλέγων
596 466 663 501 προς
675 466 755 497 λέξιψ
775 474 784 489 ι
798 465 874 496 Τινὲς
890 465 964 499 ἥλιον

183 516 250 551 (60),
264 515 310 541 καὶ
322 515 444 549 σελήνην,
461 520 507 540 και
520 513 581 545 τοὺς
593 512 687 543 ἄλλους
703 510 963 546 ἀστέρας-ὑπέλαϐον

182 559 250 588 εἶναι
267 559 343 590 θεοὺς
365 558 575 594 αὐτοκράτορας,
599 554 639 588 οἷς
654 556 702 588 τὰς
727 556 780 582 τῶν
798 555 963 590 γιγνομένων

182 606 310 633 ἁπάντων
324 604 411 636 αἰτίας
425 603 564 630 ἀνέθεσαν.
582 603 682 638 Μωῦσῇ
697 603 719 629 δ’
733 603 747 629 ὁ
760 602 860 637 κόσμος
877 601 964 633 ἔδοξεν

183 650 252 678 εἶναι
269 651 315 677 καὶ
338 649 476 685 γεννητὸς,
492 649 539 675 καὶ
562 648 638 679 πόλις
657 649 673 682 ή
694 647 817 682 μεγίστη,
834 646 963 682 ἄρχοντας

181 699 283 734 ἔχουσα
297 697 342 724 καὶ
355 696 504 732 ὑπηκόους·
521 695 652 730 ἄρχοντας
667 693 725 728 μὲν,
739 693 801 724 τοὺς
818 692 846 719 ὲν
859 691 964 727 οὐρανῷ

183 745 297 775 πάντας,
310 739 364 769 οἷον
379 742 515 776 πλάνητας
533 740 579 766 καὶ
602 739 730 770 ἀπλανεῖς
746 738 877 773 ἀστέραςε
895 738 964 772 ὑπη-

183 791 262 821 κόους
281 789 308 815 δὲ
332 788 380 819 τὰς
397 786 464 822 μετὰ
479 786 593 821 σελήνην
615 786 642 812 ὲν
657 785 728 820 ἀέρι,
744 784 791 810 καὶ
811 783 963 819 περιγείους

184 836 289 872 φύσεις.
308 835 376 865 Τοὺς
401 834 429 859 δὲ
451 832 592 867 λεχθέντας
615 831 746 866 ἄρχοντας
769 830 819 856 οὑκ
839 829 963 861 αὐτεξου-

184 871 267 913 σίους,
283 879 339 906 ἀλλ’
361 878 418 910 ἑνὸς
438 876 484 904 τοῦ
507 876 614 903 πάντων
634 875 738 910 Πατρός
760 875 911 909 ὑπάρχους·
931 871 961 900 οῦ

184 926 365 963 μιμουμένους
380 924 429 959 τὴν
442 922 611 953 ἐπιστασίαν,
623 920 768 956 κατορθοῦν
785 919 963 955 πρυτανεύον-

182 982 232 1005 τας
254 971 324 1000 κατὰ
348 971 424 1005 δίκην
439 970 485 996 καί
508 969 588 1004 νόμον
611 968 724 994 ἕκαστον
739 967 792 993 τῶν
807 966 961 1000 γεγονότων.

183 1019 253 1050 Τοὺς
268 1018 296 1044 δὲ
316 1017 352 1053 μὴ
372 1017 517 1052 βλέποντας
531 1016 575 1042 τὸν
590 1013 770 1048 ἐπιϐεϐηκότα
789 1013 893 1048 ἡνίοχον
909 1013 963 1043 τοῖς

184 1063 404 1098 ὐπεζευγμένοις,
429 1061 466 1093 ὡς
489 1061 658 1095 αὐτουργοῖς,
683 1059 736 1085 τῶν
760 1059 788 1085 ὲν
815 1058 854 1092 τῷ
871 1058 963 1092 κόσμῳ

184 1109 331 1145 γινομένων
346 1107 444 1142 ἀνάψαι
467 1107 516 1138 τὰς
533 1107 630 1137 αἰτίας.
642 1104 692 1131 Ὦν
709 1105 757 1140 τὴν
775 1105 883 1139 ἄγνοιαν
898 1105 912 1130 ὁ
925 1105 962 1130 ἱε-

185 1153 303 1190 ρώτατος
330 1152 476 1188 νομοθέτης
503 1152 542 1182 είς
568 1150 720 1185 ἐπιστήμην
755 1149 962 1185 μεθαρμόζεται,

184 1199 269 1234 λέγων
290 1193 357 1225 ὧδε·
376 1207 385 1222 ‹
408 1198 454 1232 Μὴ
470 1196 530 1223 tam
546 1196 591 1223 τὸν
606 1196 690 1231 ἥλιον,
711 1195 758 1222 καὶ
777 1195 825 1230 τὴν
841 1194 961 1230 σελήνην,

184 1246 231 1273 καὶ
248 1246 310 1276 τοὺς
325 1243 450 1279 ἀστέρας,
468 1243 514 1269 καὶ
528 1243 616 1269 πάντα
635 1242 679 1268 τὸν
694 1241 795 1276 κόσμον
817 1241 863 1267 τοῦ
885 1242 964 1276 οὐρα-

184 1291 241 1324 νοῦ,
265 1289 408 1326 πλανηθεὶς
432 1289 624 1324 προσκυνήσῃς
647 1287 746 1318 αὐτοῖς.
769 1296 777 1312 ι
808 1286 964 1318 Εὐθυϐόλως

184 1337 255 1365 πάνυ
268 1337 314 1363 καὶ
330 1335 418 1367 καλῶς
435 1335 536 1369 πλάνην
549 1332 609 1360 εἶπε
625 1334 673 1369 τὴν
692 1333 745 1360 τῶν
764 1332 915 1368 εἰρημένων
927 1332 965 1363 ὡς

184 1383 253 1410 θεῶν
270 1382 413 1416 ἀποδοχήν,
444 1381 475 1407 Oi
502 1380 553 1416 γὰρ
580 1379 687 1411 ἰδόντες,
711 1378 785 1414 ἡλίου
812 1377 860 1412 μὲν
883 1386 965 1413 προσ-

184 1428 254 1459 όδοις
270 1427 316 1454 καὶ
332 1427 518 1462 ἁναχωρήσεσι
533 1425 580 1457 τὰς
599 1424 723 1460 ἐτησίους
747 1423 821 1460 ὥρας
841 1432 965 1450 συνιστα-

188 1475 281 1511 μένας,
303 1474 332 1501 ὲν
355 1470 398 1504 αἶς
421 1473 449 1499 αἱ
473 1471 558 1503 ζώων,
583 1472 629 1497 καὶ
653 1470 752 1505 φυτῶν,
777 1470 823 1496 καὶ
853 1469 964 1505 καρπῶν

186 1520 306 1555 γενέσεις
326 1519 489 1554 ὡρισμέναις
508 1517 610 1553 χρόνων
633 1516 766 1551 περιόδοις
778 1515 965 1551 τελεσφοροῦν-

183 1575 247 1594 ται·
275 1567 388 1602 σελήνην
405 1566 426 1592 δ’
449 1565 579 1600 ὑπηρέτιν
602 1564 647 1590 καὶ
671 1562 790 1596 διάδοχον
812 1561 895 1597 ἡλίου,
917 1561 962 1587 νύ-
977 1581 999 1613 c

185 1621 260 1648 κτωρ
280 1613 328 1648 τήν
354 1611 510 1647 ἐπιμέλειαν
528 1610 576 1636 καῖ
585 1609 750 1645 προστασίαν
772 1608 961 1642 ἀνειληφυῐαν,

183 1655 222 1686 ὧν
248 1659 306 1694 μεθ’
333 1657 437 1693 ἡμέραν
462 1657 555 1692 ἣλιος,
575 1657 621 1682 καὶ
642 1656 703 1686 τοὺς
729 1655 824 1687 ἄλλους
848 1655 964 1689 ἀστέρας

183 1703 256 1731 κατὰ
280 1703 328 1738 τήν
352 1703 420 1738 πρὸς
442 1702 569 1735 τάπίγεια
597 1700 785 1736 συμπάθειαν,
811 1701 893 1736 μυρία
911 1699 964 1726 τῶν

184 1750 232 1776 ἐπὶ
248 1749 360 1784 διαμονῇ
374 1749 420 1775 τοῦ
436 1748 533 1779 παντὸς
544 1746 716 1783 ἐνεργοῦντας
731 1755 760 1772 τε
773 1747 821 1773 καὶ
835 1746 964 1782 δρῶντας,

184 1795 288 1831 πλάνην
301 1795 488 1831 ἐπλανήθησαν
503 1795 641 1830 ἀνήνυτον,
661 1793 757 1828 μόνους
772 1790 840 1820 εἶναι
855 1792 964 1823 τούτους

185 1842 263 1873 θεοὺς
290 1841 516 1875 ὑποτοπήσαντες.
548 1839 578 1865 Εἰ
603 1839 625 1864 δ’
654 1838 820 1864 ἐσπούδασαν
846 1838 889 1864 διὰ
915 1838 964 1872 τῆς

184 1887 320 1918 ἀπλανοῦς
333 1885 448 1921 βαδίζειν
459 1885 529 1916 ὁδοῦ,
545 1884 595 1911 κᾶν
606 1883 685 1915 εὐθὺς
698 1883 876 1917 ἓγνωσαν,ὂτι
886 1883 965 1910 καθά-

185 1941 238 1967 περ
264 1931 388 1967 αἴσοησις
408 1931 578 1961 ὑποδιάκονος
608 1929 653 1956 νοῦ
682 1929 785 1963 γέγονε,
812 1929 857 1956 τὸν
884 1929 964 1955 αὺτὺν

184 1978 283 2013 τρόπον
299 1977 344 2003 καὶ
367 1977 391 2003 οἱ
414 1977 535 2012 αἰσθητοὶ
549 1976 646 2006 πάντες
660 1975 792 2010 ὑπηρέται
809 1974 855 2000 τοῦ
870 1974 963 2009 νοητοῦ

186 2023 360 2058 συνέστησαν.
375 2033 384 2048 ›
396 2023 449 2049 Καὶ
464 2022 560 2056 ἐπάγει
574 2022 658 2055 λέγων
670 2030 676 2036 ·
694 2021 784 2047 ιὪσθ¹
797 2020 964 2055 ὑπερϐάντες

184 2069 224 2104 τῷ
237 2069 358 2104 λογισμῷ
371 2069 459 2094 πᾶσαν
480 2068 528 2103 τὴν
550 2068 648 2103 ὀρατὴν
664 2067 766 2098 οὐσίαν,
790 2066 835 2092 ἐπὶ
854 2066 901 2101 τὴν
917 2067 963 2092 τοῦ

183 2114 300 2146 ἀειδοῦς,
316 2115 362 2141 καὶ
377 2114 500 2149 ἀοράτου,
522 2114 568 2140 καὶ
591 2114 657 2149 μόνῃ
671 2113 772 2148 διανοίᾳ
793 2112 963 2147 καταληπτοῦ

184 2160 266 2196 τιμὴν
281 2160 374 2194 ἴωμεν,
392 2159 420 2191 ὃς
443 2159 473 2185 οὐ
495 2159 572 2194 μόνον
589 2159 654 2190 Θεός
676 2160 733 2185 ἐστι
750 2158 851 2193 νοητῶν
872 2167 900 2184 τε
918 2158 963 2184 καὶ

184 2206 330 2242 αἰσθητῶν,
353 2205 421 2232 ἀλλὰ
445 2205 491 2232 καὶ
516 2205 639 2231 ἁπάντων
660 2204 829 2240 δημιουργός.
851 2205 911 2231 Ἐὰν
935 2204 963 2230 δέ

183 2261 226 2284 τις
241 2252 289 2287 τὴν
303 2252 350 2277 τοῦ
362 2251 444 2278 ἀϊδίου
457 2251 503 2277 καὶ
518 2251 626 2285 ποιητοῦ
639 2250 784 2284 Θεραπείαν
797 2249 867 2284 ἄλλῳ
881 2258 962 2284 προσ·
977 2248 999 2275 D

183 2297 254 2333 νέμῃ
269 2297 391 2332 νεωτέρῳ
407 2297 452 2323 καὶ
465 2296 593 2331 γεννητῷ,
618 2295 799 2331 φρενοϐλαϐὴς
812 2295 962 2330 ἀναγεγρά-

184 2343 254 2378 φθω,
279 2344 326 2370 καὶ
346 2343 435 2378 ἔνοχος
459 2342 570 2377 ἀσεϐείᾳ.
588 2343 620 2377 τῇ
642 2342 764 2378 μεγίστῃ.
785 2351 793 2366 ι
810 2341 901 2368 Ταῦτα
914 2342 962 2375 τῆς

188 2389 322 2425 Ἐϐραίων
340 2388 488 2420 εὐσεϐείας,
508 2388 543 2414 τά
560 2388 597 2419 ὡς
611 2387 716 2422 άληθῶς
732 2387 857 2422 ἀκήρατα
869 2396 896 2413 τε
916 2387 962 2413 καὶ

183 2435 243 2462 θεῖα
264 2436 426 2471 μαθήματα,
452 2433 503 2469 πρὸ
524 2433 574 2468 τῆς
593 2433 785 2468 τετυφωμένης
807 2432 962 2467 φιλοσοφίας

221 2492 229 2507 ¹
250 2491 328 2519 Deut.
345 2499 382 2525 IV,
395 2491 439 2519 l9.

221 2547 275 2582 (60)
298 2547 378 2580 Τινὲς
399 2547 496 2581 ἣλιον.
519 2547 618 2574 Locum
634 2547 707 2574 hunc
721 2546 840 2582 Plrilonis
855 2550 961 2582 exstare

184 2590 238 2610 non
255 2583 345 2609 credo.
366 2582 479 2609 Exstant
493 2582 537 2609 alii
553 2583 606 2609 duo
621 2583 646 2608 in
663 2582 709 2608 lib.
728 2581 764 2607 De
782 2581 872 2608 mundi
885 2582 961 2615 opiﬁ-

182 2619 234 2649 cio,
249 2625 364 2651 quorum
386 2617 561 2651 posteriorem
581 2617 732 2644 indicamus
752 2617 778 2642 in
794 2616 960 2651 observatio-

183 2650 265 2679 nibus
282 2652 316 2679 ad
338 2660 364 2686 p.
380 2650 444 2684 6286,
457 2652 572 2686 priorem
596 2652 638 2678 hic
651 2652 775 2678 dabimus
790 2659 821 2677 ex
835 2650 958 2685 Philone,

182 2695 245 2722 pag.
279 2687 306 2718 7,
329 2687 375 2714 ubi
406 2687 537 2722 rationem
563 2686 676 2713 atterens
699 2686 873 2722 quamobrem
899 2691 961 2722 post

183 2720 262 2749 terra:
275 2723 406 2756 germina,
417 2722 508 2749 stellas
517 2721 587 2748 Deus
600 2721 734 2756 eﬂ‘ecerit:
747 2720 891 2756 Πρρλαϐῲν
906 2721 960 2756 γὰρ

181 2757 246 2792 περὶ
268 2752 322 2783 τῶν
336 2752 411 2783 οὔπω
428 2757 575 2792 γεγονότων
593 2755 751 2792 ἀνθρώπων,
763 2752 826 2792 οἷοι
835 2755 883 2792 τὰς
896 2752 960 2789 γνῶ-

183 2790 237 2825 μας
251 2791 366 2824 ἔσονται,
384 2790 438 2818 στο(
448 2792 528 2818 uncti.
538 2791 591 2817 τῶν
606 2790 716 2817 εἰκότων
727 2790 774 2816 καὶ
785 2790 913 2822 πιθανῶν,
930 2791 959 2816 ἐν

183 2824 222 2853 οἷς
242 2827 272 2853 τὸ
293 2827 359 2853 πολὺ
373 2827 403 2852 τὸ
419 2801 544 2853 εέλογον.
565 2826 620 2853 ἀλλ’
641 2825 699 2853 οὺγὶ
721 2825 769 2853 τῆς
794 2825 959 2853 ἀκραιφνοῦς

181 2833 222 2857 οις
242 2833 272 2853 το
293 2833 359 2853 πολι)
373 2833 403 2852 το
419 2833 544 2860 εοΑογον,
565 2833 620 2853 αλλ’
641 2834 699 2860 ουχι
721 2834 769 2859 της
794 2833 957 2859 ακραιφνους

182 2861 326 2896 ἀληθείας·
341 2862 387 2888 καί
398 2862 438 2888 ὅτι
452 2861 623 2888 πιστεύσουσι
638 2863 693 2892 τοῖς
706 2860 874 2896 φαινομένοις
890 2860 957 2894 μᾶλ-

182 2895 232 2922 λον
251 2898 267 2932 ἢ
290 2896 363 2931 Θεῷ,
384 2897 535 2930 σοφιστείαν
559 2896 610 2932 πρὸ
634 2896 727 2930 σοφίας
753 2895 956 2931 θαυμάσαντες·

319 2944 454 2976 ΡΑτιιοι.
469 2944 527 2974 Gn.
545 2944 632 2975 XXI.

978 906 1000 933 B

762 175 921 202 ΡΒᾹΞΡΑΒ.
942 174 1068 202 EVANG.
1087 173 1149 201 LIB.
1169 173 1235 199 XIII.

1726 173 1792 198 Illi!

1014 243 1061 270 per
1075 242 1118 262 me
1131 234 1213 266 facta,
1236 241 1290 261 non
1305 238 1368 261 sunt
1383 233 1514 261 dissoluta
1529 241 1572 261 me
1585 233 1669 260 invito
1684 242 1691 260 :
1704 239 1791 267 quan—

1017 289 1097 317 quam
1116 289 1196 307 omne
1214 281 1369 316 colligatum
1387 280 1452 307 solvi
1468 284 1565 315 potest.
1582 279 1634 307 Sed
1653 279 1792 313 haudqua-

1015 335 1096 362 quam
1113 327 1176 354 boni
1191 331 1242 359 est,
1266 326 1371 353 ratione
1394 326 1513 352 vinctum
1540 325 1608 352 velle
1632 324 1790 351 dissolvere.

1016 372 1068 400 Sed
1093 372 1221 408 quoniam
1249 372 1299 399 orti
1319 372 1402 404 estis,
1427 371 1592 398 immortales
1620 378 1666 397 vos
1682 369 1789 405 quidem

1015 425 1084 450 esse,
1108 422 1134 444 et
1150 417 1350 444 indissolubiles
1369 424 1422 443 non
1451 416 1583 451 potestis:
1609 415 1689 451 704
1705 414 1792 442 neuti-

1015 471 1095 498 quam
1110 467 1200 490 tamen
1214 462 1410 493 dissolvemini,
1432 469 1481 488 nec
1491 469 1539 488 vos
1556 461 1610 487 ulla
1628 459 1724 487 mortis
1738 458 1791 486 fata

1014 509 1157 545 periment.
1169 508 1318 536 Consilium
1335 508 1406 534 enim
1424 514 1515 534 meum
1531 505 1619 540 majus
1635 510 1677 532 est
1697 505 1792 531 vincu-

1015 556 1070 582 lum
1087 554 1120 581 ad
1135 553 1340 589 perpetuitatem
1365 558 1494 583 vestram,
1513 559 1594 586 quam
1617 551 1677 583 illa,
1692 550 1791 585 quibus

1014 600 1093 633 estis,
1107 604 1166 627 tum
1189 607 1250 627 cum
1274 599 1466 634 gignebamini,
1481 598 1608 633 colligati.
1631 607 1640 622 ›
1655 596 1791 624 Hactenus

1015 647 1068 674 ille.
1080 645 1145 674 Iure
1160 653 1224 681 ergo
1236 645 1345 681 Moyses
1360 645 1588 680 Hebraeorumque
1601 644 1710 671 oracula
1728 650 1791 677 pro-

1013 692 1124 725 hibent,
1147 691 1293 726 quominus
1315 691 1416 718 cultum
1436 691 1469 718 iis
1488 699 1520 718 ac
1543 690 1712 718 divinitatem
1739 688 1790 715 tri-

1014 737 1131 764 buamus
1149 747 1154 763 :
1171 741 1319 772 contraque
1331 736 1436 771 iubent,
1458 737 1497 763 uti
1521 743 1629 763 sursum
1647 734 1745 761 animis
1757 733 1790 761 ad

1013 791 1103 810 rerum
1131 783 1253 810 omnium
1281 783 1478 809 moderatorem
1506 781 1590 809 Deum
1621 782 1726 816 ipsum,
1750 780 1793 806 in-

1013 837 1106 864 quam,
1122 829 1197 861 solis,
1213 833 1293 864 atque
1311 829 1391 861 lunae,
1410 828 1586 863 siderumque
1610 828 1789 862 reliquorum,

1014 876 1070 903 imo
1089 875 1150 903 οωίί
1181 875 1330 910 mundique
1363 875 1446 902 totius
1481 874 1633 902 effectorem
1657 874 1789 903 sublatis.

1015 928 1098 948 unum
1122 921 1208 954 illum,
1235 921 1313 956 cujus
1338 921 1422 947 verbo
1444 925 1505 956 apta
1529 928 1562 947 ex
1580 927 1639 947 sese
1668 927 1791 954 nexaque

1014 971 1079 995 sunt
1097 967 1199 999 omnia,
1220 971 1246 994 et
1272 966 1356 993 Deum
1375 966 1534 999 habeamus,
1554 970 1580 993 ct
1605 970 1720 1000 augusto
1744 965 1790 992 illo

1013 1014 1088 1041 cultu
1100 1021 1309 1049 prosequamur.
1324 1012 1390 1039 Nam
1404 1013 1440 1039 ita
1456 1013 1564 1046 quidem
1577 1011 1682 1047 Moyses
1697 1011 1793 1046 praeci-

1013 1061 1053 1095 pit
1068 1070 1075 1088 :
1091 1069 1100 1086 ι
1115 1059 1154 1086 Nc
1168 1060 1263 1086 videns
1278 1059 1373 1089 solem,
1385 1063 1412 1084 et
1428 1058 1529 1090 lunam,
1542 1064 1568 1085 et
1580 1065 1675 1084 omnes
1689 1057 1790 1087 stellas.

1013 1111 1040 1134 et
1053 1114 1161 1134 omnem
1183 1110 1310 1133 ornatum
1328 1105 1399 1135 coeli,
1421 1111 1511 1132 errore
1538 1104 1666 1138 deceptus
1694 1104 1790 1131 adores

1013 1161 1045 1180 ea
1064 1154 1087 1180 ί.
1107 1162 1116 1179 ι
1138 1152 1216 1186 Quod
1237 1152 1296 1187 ejus
1310 1151 1481 1179 interdictum
1508 1150 1617 1177 uberius
1641 1150 1789 1184 explanans

1013 1201 1102 1234 Philo,
1127 1208 1217 1228 rerum
1234 1200 1407 1228 Hebrazarum
1435 1199 1644 1229 scientissimus,
1664 1199 1789 1225 hunc.in

1014 1247 1124 1275 modum
1139 1247 1280 1281 loquitur:
1305 1256 1314 1271 ‹
1333 1245 1403 1273 Sunt
1426 1246 1473 1281 qui
1496 1246 1578 1273 solem
1600 1250 1680 1280 atque
1695 1245 1789 1272 lunam

1015 1298 1142 1328 astraque
1168 1296 1277 1324 caetera,
1302 1297 1481 1327 praepotentes
1504 1299 1537 1319 ex
1563 1299 1622 1319 sese
1641 1291 1705 1318 deos
1730 1298 1790 1318 esse

1015 1337 1076 1370 rati,
1094 1345 1190 1365 causas
1209 1337 1259 1372 ipsi
1273 1345 1366 1364 eorum
1382 1345 1441 1372 qua:
1452 1337 1519 1364 fiunt
1532 1336 1791 1371 omniumassigna-

1015 1387 1088 1411 runt.
1107 1383 1141 1410 At
1156 1391 1219 1410 vero
1232 1382 1339 1418 Moyses
1353 1387 1379 1410 et
1390 1383 1507 1417 genitum
1528 1390 1588 1410 esse
1608 1382 1748 1415 mundum,
1765 1386 1792 1409 et

1014 1429 1099 1456 instar
1118 1436 1222 1464 magnae
1236 1430 1379 1463 cujusdam
1405 1428 1568 1463 reipublicae,
1592 1436 1656 1456 suos
1681 1435 1791 1462 quoque

1013 1475 1148 1510 principes
1162 1483 1194 1501 ac
1208 1474 1332 1502 subditos
1349 1475 1447 1502 habere
1465 1475 1568 1502 statuit.
1582 1474 1614 1501 Et
1627 1474 1718 1501 stellas
1729 1473 1790 1508 qui-

1014 1520 1074 1547 dem
1089 1524 1144 1546 tam
1154 1523 1286 1552 errantes,
1300 1527 1382 1554 quam
1409 1520 1520 1548 orbibus
1534 1520 1591 1547 suis
1606 1519 1708 1552 allixas,
1730 1526 1790 1553 quze

1015 1573 1109 1594 omnes
1122 1565 1148 1592 in
1165 1566 1235 1593 coelo
1246 1569 1399 1598 versantur,
1423 1566 1573 1601 principum
1595 1567 1655 1593 loco
1666 1573 1791 1592 munere-

1015 1619 1067 1646 que
1085 1611 1177 1646 fungi;
1201 1612 1265 1638 luna
1283 1619 1348 1639 vero
1372 1611 1514 1639 inferiores
1536 1617 1657 1643 naturas,
1674 1611 1730 1638 sive
1744 1619 1789 1639 ae-

1015 1665 1071 1684 rem
1090 1662 1207 1691 teneant,
1229 1658 1284 1685 sive
1315 1658 1428 1692 propius
1451 1665 1511 1685 cum
1533 1663 1602 1685 terra
1627 1658 1789 1690 coluercant,

1016 1703 1185 1731 subditorum
1199 1704 1225 1730 in
1242 1703 1328 1731 classe
1346 1698 1483 1739 graduque
1499 1704 1657 1731 consistere.
1675 1703 1788 1731 Verum-

1014 1753 1104 1777 tamen
1118 1749 1253 1784 principes
1269 1750 1340 1781 illos,
1356 1757 1409 1777 non
1425 1749 1564 1784 potestatis
1576 1751 1687 1776 omnino
1704 1749 1789 1784 juris-

1015 1803 1068 1830 que
1092 1796 1144 1827 sui,
1159 1796 1206 1822 sed
1225 1796 1306 1822 unius
1332 1800 1491 1822 cunctorum
1512 1797 1631 1830 parentis
1656 1797 1789 1830 quosdam

1014 1841 1091 1875 quasi
1107 1841 1245 1875 praalectos
1258 1849 1328 1872 esse,
1344 1842 1422 1876 cujus
1437 1841 1499 1867 dum
1519 1841 1627 1876 regendi
1645 1843 1788 1869 consilium

1014 1893 1046 1913 ac
1071 1886 1190 1913 rationes
1207 1887 1356 1919 imitantur,
1381 1886 1510 1921 quidquid
1529 1887 1634 1914 exsistit
1656 1889 1790 1915 nascitur-

1014 1939 1066 1966 que
1085 1940 1187 1964 rerum,
1203 1932 1229 1959 id
1242 1940 1322 1959 omne
1335 1932 1446 1959 feliciter
1465 1940 1499 1960 ex
1518 1933 1653 1967 aequitatis
1669 1933 1789 1969 legisque

1014 1977 1172 2012 praescripto
1195 1977 1340 2003 moderari.
1357 1977 1390 2003 At
1404 1985 1476 2009 vero,
1492 1978 1538 2012 qui
1556 1985 1688 2005 sessorem
1711 1979 1787 2006 illum

1013 2021 1105 2049 frenos
1121 2021 1295 2056 habenasque
1306 2027 1441 2056 regentem
1465 2030 1518 2050 non
1536 2023 1666 2056 viderent,
1677 2031 1724 2051 eos
1740 2025 1787 2058 ju-

1014 2067 1119 2100 galibus
1131 2066 1199 2097 istis.
1217 2067 1294 2100 quasi
1312 2074 1358 2101 per
1371 2074 1430 2094 sese
1444 2075 1487 2094 res
1504 2067 1649 2100 efﬁcerent,
1666 2069 1786 2096 omnium

1014 2120 1073 2146 qua:
1087 2112 1138 2139 hoc
1153 2111 1180 2138 in
1194 2111 1259 2138 orbe
1276 2111 1380 2145 ﬁerent,
1397 2120 1493 2139 causas
1512 2113 1648 2140 tribuisse.
1667 2113 1787 2146 Quorum

1014 2158 1154 2185 stultitiam
1178 2164 1248 2184 nova
1271 2161 1301 2184 ut
1315 2158 1426 2185 scientia
1444 2158 1633 2185 sanctissimus
1651 2160 1787 2192 legislator

1013 2203 1155 2231 emendet:
1175 2212 1184 2228 ι
1205 2201 1243 2230 Ne
1259 2207 1299 2234 tu,
1312 2203 1408 2238 inquit,
1426 2204 1629 2237 videns-solem,
1645 2210 1670 2232 et
1684 2206 1786 2239 lunam,

1014 2255 1042 2276 et
1056 2249 1156 2280 stellas.
1172 2253 1198 2276 et
1212 2257 1319 2276 omnem
1332 2255 1458 2277 ornatum
1470 2250 1542 2283 caeli,
1553 2258 1643 2278 errore
1659 2252 1787 2286 deceptus

1013 2296 1108 2323 adores
1121 2303 1162 2322 ea.
1181 2305 1189 2321 )
1209 2295 1342 2322 Praeclare
1355 2297 1466 2322 omnino
1482 2303 1539 2323 rem
1554 2296 1651 2332 tetigit,
1666 2297 1729 2324 dum
1742 2305 1788 2325 eo-

1012 2349 1083 2372 rum.
1102 2341 1201 2375 quibus
1216 2348 1284 2368 nova
1295 2341 1352 2368 hazc.
1365 2342 1476 2368 numina
1493 2342 1678 2376 probarentur,
1694 2338 1786 2372 consil

1013 2387 1077 2413 lium
1093 2394 1211 2414 errorem
1229 2387 1381 2421 appellavit.
1398 2386 1466 2415 Nam
1488 2388 1535 2422 qui
1558 2388 1622 2415 dum
1645 2389 1791 2424 viderent,»

1012 2437 1059 2458 aut
1073 2432 1137 2460 solis
1152 2439 1262 2459 accessu
1273 2440 1437 2468 recessuque
1454 2440 1557 2461 annuas
1571 2434 1630 2461 illas
1644 2439 1787 2470 tempesta-

1119 2515 1142 2530 ν
1174 2523 1181 2534 Α

1011 2545 1160 2580 κατιδόντες
1169 2552 1200 2571 τε
1210 2543 1288 2580 αὖθις
1302 2544 1349 2576 τὰς
1363 2544 1435 2579 ήλίου
1455 2545 1501 2571 καὶ
1514 2545 1626 2580 σελήνης
1638 2544 1785 2580 περιόδους,

1010 2581 1043 2616 διξ
1056 2576 1093 2608 ὧν
1105 2579 1181 2616 Θέρῃ,
1205 2579 1356 2616 χειμῶνες,
1373 2576 1460 2614 ’ἔαρος
1472 2600 1478 2611 ,
1490 2576 1652 2616 μετοπώρου
1668 2576 1765 2616 τροπαί
1777 2589 1784 2595 ο

1010 2615 1064 2642 τῶν
1081 2616 1114 2642 ὲκ
1128 2614 1179 2650 γῆς
1200 2614 1318 2650 (hirritu
1336 2614 1393 2646 ἔτος
1410 2615 1549 2649 φυομένων
1572 2614 1619 2641 καὶ
1639 2614 1786 2650 γινομένων

1011 2649 1135 2678 ἁπάντων
1148 2649 1241 2685 ἀἰτίας
1261 2649 1440 2684 ὑπολήψονται
1450 2669 1456 2679 .
1476 2650 1524 2681 τὰς
1535 2650 1588 2676 τῶν
1602 2651 1661 2676 κατ’
1674 2650 1786 2685 οὐρανὸν

1010 2685 1130 2720 ἀστέρων
1137 2684 1328 2720 περιπολήσεις
1337 2692 1343 2698 ⁸
1353 2685 1396 2720 viva.
1408 2684 1500 2719 μηδενὶ
1512 2685 1632 2720 γεννητῷ
1648 2684 1697 2720 τὰς
1708 2684 1785 2720 πρώ-

1010 2694 1075 2712 αστε
1116 2694 1328 2720 νπεριπολησεις
1337 2694 1343 2698 '
1353 2694 1396 2710 ινσ.
1408 2694 1500 2719 μηοενι
1512 2694 1632 2720 γεννητῳ
1648 2694 1697 2716 τας
1711 2694 1730 2710 π
1749 2694 1785 2710 ω·-

1009 2729 1058 2752 τας
1069 2694 1223 2748 Εἶτιθέναι
1241 2719 1311 2755 τινὲς
1325 2718 1460 2755 τολμῶσιν
1476 2720 1564 2751 αἰτίας
1574 2739 1580 2751 ,
1600 2720 1616 2755 ἢ
1629 2720 1672 2746 διὰ
1685 2694 1785 2755 Βράρσος

1010 2755 1195 2790 ἀναίσχυντον.
1207 2754 1270 2815 ηδι·
1285 2753 1403 2788 ἀμαθίαν
1419 2753 1637 2789 ὑπερϐάλλουσαν
1648 2763 1654 2769 ·
1669 2753 1785 2790 ἀναδρα-

1012 2791 1132 2815 ιιέτωσαν
1142 2810 1149 2815 .
1165 2797 1220 2815 una
1239 2809 1247 2815 .
1263 2790 1322 2815 ταῖς
1332 2789 1459 2815 διανοίαις
1479 2790 1524 2815 ἐπὶ
1539 2789 1587 2815 τὴν
1604 2789 1713 2815 πρώτην
1731 2790 1785 2815 τῶν

1011 2791 1132 2832 μέτωσαν
1142 2810 1149 2821 ,
1165 2789 1247 2832 φησὶ,ἲ
1263 2790 1322 2820 ταῖς
1328 2789 1459 2832 διαγοὶαις
1479 2790 1524 2832 ἐπὶ
1539 2789 1587 2832 τῂν
1604 2789 1713 2824 πρώτην
1731 2789 1785 2815 τῶν

1009 2823 1077 2852 ὅλων
1090 2823 1211 2858 γένεσιν,
1233 2825 1274 2860 ὅτι
1289 2823 1347 2860 πρό,
1356 2824 1430 2859 ἡλίου
1440 2845 1448 2857 ,
1466 2825 1513 2851 καὶ
1527 2823 1656 2860 σελήνης,
1672 2823 1784 2851 παντοῖα
1812 2853 1815 2855 Α

1011 2860 1058 2895 μὲν
1074 2860 1154 2898 φυτά,
1173 2859 1319 2898 παντοίους.
1328 2859 1356 2885 δὲ
1372 2859 1620 2898 καρποὺςςῆνεγκεν
1633 2861 1649 2895 ή
1661 2859 1708 2894 γῆ,
1719 2863 1784 2892 ctu,

1008 2894 1069 2930 qua:
1082 2895 1148 2923 satis
1164 2902 1226 2922 cum
1243 2895 1295 2921 hoc
1314 2894 1372 2922 loco
1387 2894 1468 2928 supra
1485 2894 1573 2928 ΒΑΕ,
1592 2897 1773 2928 conveniunt.‘

1619 2944 1656 2971 ΕΠ
