  <div class='ocr_page' id='page_1' title='image "/cluster/home/n/w/nwhite01/storage/ocr_20150623/21/njp.32101077772489/626.png"; bbox 0 0 2061 3210; ppageno 0'>
   <div class='ocr_carea' id='block_1_1' title="bbox 185 185 254 215">
    <p class='ocr_par' dir='ltr' id='par_1_1' title="bbox 185 185 254 215">
     <span class='ocr_line' id='line_1_1' title="bbox 185 185 254 215; baseline 0.014 -1"><span class='ocrx_word' id='word_1_1' title='bbox 185 185 254 215; x_wconf 77' lang='lat' dir='ltr'><strong>H69</strong></span> 
     </span>
    </p>
   </div>
   <div class='ocr_carea' id='block_1_2' title="bbox 751 189 1230 221">
    <p class='ocr_par' dir='ltr' id='par_1_2' title="bbox 751 189 1230 221">
     <span class='ocr_line' id='line_1_2' title="bbox 751 189 1230 221; baseline -0.008 -2"><span class='ocrx_word' id='word_1_2' title='bbox 751 191 909 221; x_wconf 72' lang='lat' dir='ltr'><strong>PRAEPAR.</strong></span> <span class='ocrx_word' id='word_1_3' title='bbox 931 191 1055 221; x_wconf 76' lang='lat' dir='ltr'><strong>EVANG.</strong></span> <span class='ocrx_word' id='word_1_4' title='bbox 1078 190 1140 218; x_wconf 87' lang='lat' dir='ltr'><strong>LIB.</strong></span> <span class='ocrx_word' id='word_1_5' title='bbox 1163 189 1230 216; x_wconf 66' lang='lat' dir='ltr'><strong>XIII.</strong></span> 
     </span>
    </p>
   </div>
   <div class='ocr_carea' id='block_1_3' title="bbox 1721 189 1789 216">
    <p class='ocr_par' dir='ltr' id='par_1_3' title="bbox 1721 189 1789 216">
     <span class='ocr_line' id='line_1_3' title="bbox 1721 189 1789 216; baseline 0 0"><span class='ocrx_word' id='word_1_6' title='bbox 1721 189 1789 216; x_wconf 73' lang='lat' dir='ltr'><strong>H70</strong></span> 
     </span>
    </p>
   </div>
   <div class='ocr_carea' id='block_1_4' title="bbox 182 244 971 283">
    <p class='ocr_par' dir='ltr' id='par_1_4' title="bbox 182 244 963 281">
     <span class='ocr_line' id='line_1_4' title="bbox 182 244 963 281; baseline 0.003 -9"><span class='ocrx_word' id='word_1_7' title='bbox 182 246 241 272; x_wconf 83' lang='grc' dir='ltr'>κατ’</span> <span class='ocrx_word' id='word_1_8' title='bbox 260 245 346 280; x_wconf 70' lang='grc' dir='ltr'>ἰσχὺν,</span> <span class='ocrx_word' id='word_1_9' title='bbox 365 244 425 271; x_wconf 74' lang='grc' dir='ltr'>ἀντὶ</span> <span class='ocrx_word' id='word_1_10' title='bbox 441 245 490 280; x_wconf 84' lang='grc' dir='ltr'>μὲν</span> <span class='ocrx_word' id='word_1_11' title='bbox 515 246 603 281; x_wconf 85' lang='grc' dir='ltr'><strong>πάλης</strong></span> <span class='ocrx_word' id='word_1_12' title='bbox 627 248 673 274; x_wconf 78' lang='grc' dir='ltr'><strong>καὶ</strong></span> <span class='ocrx_word' id='word_1_13' title='bbox 702 247 755 274; x_wconf 84' lang='grc' dir='ltr'>τῶν</span> <span class='ocrx_word' id='word_1_14' title='bbox 779 248 915 280; x_wconf 82' lang='grc' dir='ltr'><strong>τοιούτων,</strong></span> <span class='ocrx_word' id='word_1_15' title='bbox 929 248 963 274; x_wconf 85' lang='grc' dir='ltr'><strong>τὰ</strong></span> 
     </span>
    </p>
   </div>
   <div class='ocr_carea' id='block_1_5' title="bbox 1023 244 1791 283">
    <p class='ocr_par' dir='ltr' id='par_1_5' title="bbox 1023 247 1791 283">
     <span class='ocr_line' id='line_1_5' title="bbox 1023 247 1791 283; baseline -0.001 -9"><span class='ocrx_word' id='word_1_16' title='bbox 1023 248 1092 274; x_wconf 86' lang='lat' dir='ltr'><strong>lierit</strong></span> <span class='ocrx_word' id='word_1_17' title='bbox 1102 248 1248 280; x_wconf 85' lang='lat' dir='ltr'><strong>civitatem,</strong></span> <span class='ocrx_word' id='word_1_18' title='bbox 1257 247 1357 274; x_wconf 88' lang='lat' dir='ltr'><strong>frustra</strong></span> <span class='ocrx_word' id='word_1_19' title='bbox 1368 247 1497 282; x_wconf 71' lang='lat' dir='ltr'><strong>vigilavit,</strong></span> <span class='ocrx_word' id='word_1_20' title='bbox 1507 249 1553 283; x_wconf 98' lang='lat' dir='ltr'><strong>qui</strong></span> <span class='ocrx_word' id='word_1_21' title='bbox 1562 248 1677 275; x_wconf 90' lang='lat' dir='ltr'><strong>custodit</strong></span> <span class='ocrx_word' id='word_1_22' title='bbox 1687 256 1745 275; x_wconf 84' lang='lat' dir='ltr'><strong>eam</strong></span> <span class='ocrx_word' id='word_1_23' title='bbox 1756 247 1773 273; x_wconf 72' lang='grc' dir='ltr'>ί.</span> <span class='ocrx_word' id='word_1_24' title='bbox 1782 258 1791 270; x_wconf 76' lang='grc' dir='ltr'><strong>ι</strong></span> 
     </span>
    </p>
   </div>
   <div class='ocr_carea' id='block_1_6' title="bbox 182 290 964 328">
    <p class='ocr_par' dir='ltr' id='par_1_6' title="bbox 182 290 964 328">
     <span class='ocr_line' id='line_1_6' title="bbox 182 290 964 328; baseline 0.005 -12"><span class='ocrx_word' id='word_1_25' title='bbox 182 290 229 316; x_wconf 80' lang='grc' dir='ltr'>νῦν</span> <span class='ocrx_word' id='word_1_26' title='bbox 241 291 290 317; x_wconf 82' lang='grc' dir='ltr'>ὅσα</span> <span class='ocrx_word' id='word_1_27' title='bbox 304 290 398 326; x_wconf 84' lang='grc' dir='ltr'>βαρέα,</span> <span class='ocrx_word' id='word_1_28' title='bbox 415 291 463 326; x_wconf 83' lang='grc' dir='ltr'>τὴν</span> <span class='ocrx_word' id='word_1_29' title='bbox 480 292 507 318; x_wconf 84' lang='grc' dir='ltr'><strong>ἐν</strong></span> <span class='ocrx_word' id='word_1_30' title='bbox 522 293 578 323; x_wconf 86' lang='grc' dir='ltr'>τοῖς</span> <span class='ocrx_word' id='word_1_31' title='bbox 592 292 683 324; x_wconf 84' lang='grc' dir='ltr'><strong>ὅπλοις</strong></span> <span class='ocrx_word' id='word_1_32' title='bbox 704 294 793 328; x_wconf 80' lang='grc' dir='ltr'><strong>μάχην</strong></span> <span class='ocrx_word' id='word_1_33' title='bbox 818 293 873 328; x_wconf 75' lang='grc'><strong>(75)</strong></span> <span class='ocrx_word' id='word_1_34' title='bbox 884 313 891 325; x_wconf 83' lang='grc'><strong>,</strong></span> <span class='ocrx_word' id='word_1_35' title='bbox 917 294 964 320; x_wconf 76' lang='grc' dir='ltr'><strong>ἕνα</strong></span> 
     </span>
    </p>
   </div>
   <div class='ocr_carea' id='block_1_7' title="bbox 181 336 964 375">
    <p class='ocr_par' dir='ltr' id='par_1_7' title="bbox 181 336 964 375">
     <span class='ocr_line' id='line_1_7' title="bbox 181 336 964 375; baseline 0.006 -14"><span class='ocrx_word' id='word_1_36' title='bbox 181 345 211 362; x_wconf 80' lang='grc' dir='ltr'><strong>τε</strong></span> <span class='ocrx_word' id='word_1_37' title='bbox 225 336 292 371; x_wconf 70' lang='grc' dir='ltr'>πρὸς</span> <span class='ocrx_word' id='word_1_38' title='bbox 306 336 352 362; x_wconf 74' lang='grc' dir='ltr'><strong>ἕνα</strong></span> <span class='ocrx_word' id='word_1_39' title='bbox 369 336 593 372; x_wconf 73' lang='grc' dir='ltr'><strong>διαμαχομένους,</strong></span> <span class='ocrx_word' id='word_1_40' title='bbox 611 339 656 365; x_wconf 72' lang='grc' dir='ltr'>καὶ</span> <span class='ocrx_word' id='word_1_41' title='bbox 672 339 718 365; x_wconf 88' lang='grc' dir='ltr'><strong>δύο</strong></span> <span class='ocrx_word' id='word_1_42' title='bbox 733 339 801 375; x_wconf 78' lang='grc' dir='ltr'>πρὸς</span> <span class='ocrx_word' id='word_1_43' title='bbox 822 339 894 366; x_wconf 67' lang='grc' dir='ltr'>δύαι</span> <span class='ocrx_word' id='word_1_44' title='bbox 910 340 964 367; x_wconf 75' lang='grc' dir='ltr'>Καὶ</span> 
     </span>
    </p>
   </div>
   <div class='ocr_carea' id='block_1_8' title="bbox 185 381 965 420">
    <p class='ocr_par' dir='ltr' id='par_1_8' title="bbox 185 381 965 420">
     <span class='ocr_line' id='line_1_8' title="bbox 185 381 965 420; baseline 0.005 -13"><span class='ocrx_word' id='word_1_45' title='bbox 185 382 248 417; x_wconf 78' lang='grc' dir='ltr'>ἑξῆς</span> <span class='ocrx_word' id='word_1_46' title='bbox 260 381 353 408; x_wconf 81' lang='grc' dir='ltr'>εἰπών’</span> <span class='ocrx_word' id='word_1_47' title='bbox 372 391 381 407; x_wconf 76' lang='grc' dir='ltr'><strong>ι</strong></span> <span class='ocrx_word' id='word_1_48' title='bbox 393 382 495 409; x_wconf 82' lang='grc' dir='ltr'>Ταὺτὸν</span> <span class='ocrx_word' id='word_1_49' title='bbox 511 383 543 418; x_wconf 84' lang='grc' dir='ltr'>δὴ</span> <span class='ocrx_word' id='word_1_50' title='bbox 558 384 604 410; x_wconf 71' lang='grc' dir='ltr'>καὶ</span> <span class='ocrx_word' id='word_1_51' title='bbox 630 385 693 416; x_wconf 77' lang='grc' dir='ltr'>τοὺς</span> <span class='ocrx_word' id='word_1_52' title='bbox 709 386 773 420; x_wconf 77' lang='grc' dir='ltr'>περὶ</span> <span class='ocrx_word' id='word_1_53' title='bbox 799 385 965 420; x_wconf 70' lang='grc' dir='ltr'><strong>ὁπλομαχίαν</strong></span> 
     </span>
    </p>
   </div>
   <div class='ocr_carea' id='block_1_9' title="bbox 185 428 964 466">
    <p class='ocr_par' dir='ltr' id='par_1_9' title="bbox 185 428 964 466">
     <span class='ocr_line' id='line_1_9' title="bbox 185 428 964 466; baseline 0.003 -11"><span class='ocrx_word' id='word_1_54' title='bbox 185 428 285 463; x_wconf 70' lang='grc' dir='ltr'>ἄκρους</span> <span class='ocrx_word' id='word_1_55' title='bbox 298 429 521 464; x_wconf 76' lang='grc' dir='ltr'>παρακαλοῦντας</span> <span class='ocrx_word' id='word_1_56' title='bbox 545 430 597 466; x_wconf 85' lang='grc' dir='ltr'><strong>χρὴ</strong></span> <span class='ocrx_word' id='word_1_57' title='bbox 617 431 726 462; x_wconf 85' lang='grc' dir='ltr'><strong>τούτους</strong></span> <span class='ocrx_word' id='word_1_58' title='bbox 741 430 894 466; x_wconf 85' lang='grc' dir='ltr'>νομοθετεῖν</span> <span class='ocrx_word' id='word_1_59' title='bbox 918 439 964 457; x_wconf 88' lang='grc' dir='ltr'>κε-</span> 
     </span>
    </p>
   </div>
   <div class='ocr_carea' id='block_1_10' title="bbox 186 473 965 512">
    <p class='ocr_par' dir='ltr' id='par_1_10' title="bbox 186 473 965 512">
     <span class='ocr_line' id='line_1_10' title="bbox 186 473 965 512; baseline 0.005 -13"><span class='ocrx_word' id='word_1_60' title='bbox 186 473 300 500; x_wconf 63' lang='grc' dir='ltr'>λεύεινδι</span> <span class='ocrx_word' id='word_1_61' title='bbox 320 475 442 510; x_wconf 83' lang='grc' dir='ltr'>ἐπιφέρει</span> <span class='ocrx_word' id='word_1_62' title='bbox 457 475 552 509; x_wconf 87' lang='grc' dir='ltr'>λέγων·</span> <span class='ocrx_word' id='word_1_63' title='bbox 570 485 578 502; x_wconf 81' lang='lat' dir='ltr'><strong>t</strong></span> <span class='ocrx_word' id='word_1_64' title='bbox 598 475 637 502; x_wconf 83' lang='grc' dir='ltr'><strong>Τὰ</strong></span> <span class='ocrx_word' id='word_1_65' title='bbox 655 476 723 503; x_wconf 86' lang='grc' dir='ltr'><strong>αὑτὰ</strong></span> <span class='ocrx_word' id='word_1_66' title='bbox 738 476 766 502; x_wconf 79' lang='grc' dir='ltr'><strong>δὲ</strong></span> <span class='ocrx_word' id='word_1_67' title='bbox 779 477 825 503; x_wconf 77' lang='grc' dir='ltr'>καὶ</span> <span class='ocrx_word' id='word_1_68' title='bbox 839 477 965 512; x_wconf 77' lang='grc' dir='ltr'>περὶτῶν</span> 
     </span>
    </p>
   </div>
   <div class='ocr_carea' id='block_1_11' title="bbox 184 517 962 556">
    <p class='ocr_par' dir='ltr' id='par_1_11' title="bbox 184 517 962 556">
     <span class='ocr_line' id='line_1_11' title="bbox 184 517 962 556; baseline 0.004 -12"><span class='ocrx_word' id='word_1_69' title='bbox 184 517 299 553; x_wconf 79' lang='grc' dir='ltr'>θηλειῶν</span> <span class='ocrx_word' id='word_1_70' title='bbox 315 518 384 545; x_wconf 75' lang='grc' dir='ltr'>ἔστω</span> <span class='ocrx_word' id='word_1_71' title='bbox 407 519 629 555; x_wconf 75' lang='grc' dir='ltr'><strong>νομοθετούμενα,</strong></span> <span class='ocrx_word' id='word_1_72' title='bbox 645 520 698 547; x_wconf 84' lang='grc' dir='ltr'>τῶν</span> <span class='ocrx_word' id='word_1_73' title='bbox 719 521 798 556; x_wconf 82' lang='grc' dir='ltr'>μέχρι</span> <span class='ocrx_word' id='word_1_74' title='bbox 823 521 928 556; x_wconf 83' lang='grc' dir='ltr'>γάμων.</span> <span class='ocrx_word' id='word_1_75' title='bbox 953 530 962 546; x_wconf 78' lang='grc' dir='ltr'><strong>ι</strong></span> 
     </span>
    </p>
   </div>
   <div class='ocr_carea' id='block_1_12' title="bbox 182 561 967 600">
    <p class='ocr_par' dir='ltr' id='par_1_12' title="bbox 182 561 967 600">
     <span class='ocr_line' id='line_1_12' title="bbox 182 561 967 600; baseline 0.003 -11"><span class='ocrx_word' id='word_1_76' title='bbox 182 561 249 590; x_wconf 84' lang='grc' dir='ltr'>Εἶτα</span> <span class='ocrx_word' id='word_1_77' title='bbox 259 563 338 590; x_wconf 84' lang='grc' dir='ltr'>πάλιν</span> <span class='ocrx_word' id='word_1_78' title='bbox 348 564 452 597; x_wconf 86' lang='grc' dir='ltr'><strong>τούτοις</strong></span> <span class='ocrx_word' id='word_1_79' title='bbox 461 565 523 600; x_wconf 76' lang='grc' dir='ltr'>ἑξῆς</span> <span class='ocrx_word' id='word_1_80' title='bbox 541 565 659 600; x_wconf 76' lang='grc' dir='ltr'>συνάψας</span> <span class='ocrx_word' id='word_1_81' title='bbox 671 566 732 598; x_wconf 79' lang='grc' dir='ltr'>τοὺς</span> <span class='ocrx_word' id='word_1_82' title='bbox 749 566 812 600; x_wconf 84' lang='grc' dir='ltr'>περὶ</span> <span class='ocrx_word' id='word_1_83' title='bbox 826 565 967 592; x_wconf 77' lang='grc' dir='ltr'>πελταστι-</span> 
     </span>
    </p>
   </div>
   <div class='ocr_carea' id='block_1_13' title="bbox 183 609 966 648">
    <p class='ocr_par' dir='ltr' id='par_1_13' title="bbox 183 609 966 648">
     <span class='ocr_line' id='line_1_13' title="bbox 183 609 966 648; baseline 0.003 -13"><span class='ocrx_word' id='word_1_84' title='bbox 183 609 245 644; x_wconf 80' lang='grc' dir='ltr'>κῆς,</span> <span class='ocrx_word' id='word_1_85' title='bbox 263 610 309 636; x_wconf 74' lang='grc' dir='ltr'>καὶ</span> <span class='ocrx_word' id='word_1_86' title='bbox 324 611 502 645; x_wconf 75' lang='grc' dir='ltr'><strong>παγκρατίου,</strong></span> <span class='ocrx_word' id='word_1_87' title='bbox 519 612 565 637; x_wconf 76' lang='grc' dir='ltr'>καὶ</span> <span class='ocrx_word' id='word_1_88' title='bbox 590 611 678 643; x_wconf 83' lang='grc' dir='ltr'>τόξου,</span> <span class='ocrx_word' id='word_1_89' title='bbox 694 611 773 637; x_wconf 85' lang='grc' dir='ltr'>λίθων</span> <span class='ocrx_word' id='word_1_90' title='bbox 791 620 820 637; x_wconf 80' lang='grc' dir='ltr'><strong>τε</strong></span> <span class='ocrx_word' id='word_1_91' title='bbox 833 611 865 637; x_wconf 84' lang='grc' dir='ltr'>ὲκ</span> <span class='ocrx_word' id='word_1_92' title='bbox 879 612 966 648; x_wconf 83' lang='grc' dir='ltr'>χειρὸς</span> 
     </span>
    </p>
   </div>
   <div class='ocr_carea' id='block_1_14' title="bbox 185 654 966 692">
    <p class='ocr_par' dir='ltr' id='par_1_14' title="bbox 185 654 966 692">
     <span class='ocr_line' id='line_1_14' title="bbox 185 654 966 692; baseline 0.003 -11"><span class='ocrx_word' id='word_1_93' title='bbox 185 654 264 690; x_wconf 86' lang='grc' dir='ltr'>βολῆς</span> <span class='ocrx_word' id='word_1_94' title='bbox 277 655 323 681; x_wconf 74' lang='grc' dir='ltr'>καὶ</span> <span class='ocrx_word' id='word_1_95' title='bbox 335 655 379 682; x_wconf 84' lang='grc' dir='ltr'>διὰ</span> <span class='ocrx_word' id='word_1_96' title='bbox 390 656 534 692; x_wconf 77' lang='grc' dir='ltr'><strong>σφενδόνης</strong></span> <span class='ocrx_word' id='word_1_97' title='bbox 549 657 656 692; x_wconf 84' lang='grc' dir='ltr'>νόμους,</span> <span class='ocrx_word' id='word_1_98' title='bbox 670 657 759 683; x_wconf 76' lang='grc' dir='ltr'>ἵππων</span> <span class='ocrx_word' id='word_1_99' title='bbox 770 665 798 683; x_wconf 86' lang='grc' dir='ltr'><strong>τε</strong></span> <span class='ocrx_word' id='word_1_100' title='bbox 813 657 877 692; x_wconf 85' lang='grc' dir='ltr'>περὶ</span> <span class='ocrx_word' id='word_1_101' title='bbox 894 656 966 690; x_wconf 82' lang='grc' dir='ltr'>ἀγῶ-</span> 
     </span>
    </p>
   </div>
   <div class='ocr_carea' id='block_1_15' title="bbox 184 700 967 736">
    <p class='ocr_par' dir='ltr' id='par_1_15' title="bbox 184 700 967 736">
     <span class='ocr_line' id='line_1_15' title="bbox 184 700 967 736; baseline 0.003 -10"><span class='ocrx_word' id='word_1_102' title='bbox 184 708 239 733; x_wconf 86' lang='grc' dir='ltr'>νος,</span> <span class='ocrx_word' id='word_1_103' title='bbox 257 700 336 728; x_wconf 83' lang='grc' dir='ltr'>πάλιν</span> <span class='ocrx_word' id='word_1_104' title='bbox 362 701 497 729; x_wconf 75' lang='grc' dir='ltr'>κάνταῦθα</span> <span class='ocrx_word' id='word_1_105' title='bbox 525 702 586 736; x_wconf 74' lang='grc' dir='ltr'>περὶ</span> <span class='ocrx_word' id='word_1_106' title='bbox 607 702 659 728; x_wconf 84' lang='grc' dir='ltr'><strong>τῶν</strong></span> <span class='ocrx_word' id='word_1_107' title='bbox 689 701 802 736; x_wconf 78' lang='grc' dir='ltr'>θηλειῶν</span> <span class='ocrx_word' id='word_1_108' title='bbox 815 702 911 736; x_wconf 78' lang='grc' dir='ltr'>ἐπάγει</span> <span class='ocrx_word' id='word_1_109' title='bbox 925 702 967 728; x_wconf 92' lang='grc' dir='ltr'>λέ-</span> 
     </span>
    </p>
   </div>
   <div class='ocr_carea' id='block_1_16' title="bbox 184 747 967 785">
    <p class='ocr_par' dir='ltr' id='par_1_16' title="bbox 184 747 967 785">
     <span class='ocr_line' id='line_1_16' title="bbox 184 747 967 785; baseline 0.001 -11"><span class='ocrx_word' id='word_1_110' title='bbox 184 756 251 782; x_wconf 89' lang='grc' dir='ltr'>γων·</span> <span class='ocrx_word' id='word_1_111' title='bbox 269 757 278 773; x_wconf 76' lang='grc' dir='ltr'><strong>ε</strong></span> <span class='ocrx_word' id='word_1_112' title='bbox 296 747 410 783; x_wconf 87' lang='grc' dir='ltr'>Θηλείας</span> <span class='ocrx_word' id='word_1_113' title='bbox 428 749 456 774; x_wconf 79' lang='grc' dir='ltr'>δὲ</span> <span class='ocrx_word' id='word_1_114' title='bbox 469 749 532 784; x_wconf 81' lang='grc' dir='ltr'>περὶ</span> <span class='ocrx_word' id='word_1_115' title='bbox 547 749 660 781; x_wconf 82' lang='grc' dir='ltr'>τούτων,</span> <span class='ocrx_word' id='word_1_116' title='bbox 675 749 766 785; x_wconf 88' lang='grc' dir='ltr'>νόμοις</span> <span class='ocrx_word' id='word_1_117' title='bbox 786 749 833 784; x_wconf 82' lang='grc' dir='ltr'><strong>μὲν</strong></span> <span class='ocrx_word' id='word_1_118' title='bbox 847 750 893 775; x_wconf 76' lang='grc' dir='ltr'><strong>καὶ</strong></span> <span class='ocrx_word' id='word_1_119' title='bbox 909 750 967 775; x_wconf 86' lang='grc' dir='ltr'>ἐπι-</span> 
     </span>
    </p>
   </div>
   <div class='ocr_carea' id='block_1_17' title="bbox 184 793 968 830">
    <p class='ocr_par' dir='ltr' id='par_1_17' title="bbox 184 793 968 830">
     <span class='ocr_line' id='line_1_17' title="bbox 184 793 968 830; baseline 0 -10"><span class='ocrx_word' id='word_1_120' title='bbox 184 793 293 827; x_wconf 78' lang='grc' dir='ltr'>τάξεσιν</span> <span class='ocrx_word' id='word_1_121' title='bbox 305 795 354 820; x_wconf 86' lang='grc' dir='ltr'><strong>ούκ</strong></span> <span class='ocrx_word' id='word_1_122' title='bbox 368 794 429 827; x_wconf 77' lang='grc' dir='ltr'>ἄξια</span> <span class='ocrx_word' id='word_1_123' title='bbox 454 794 604 829; x_wconf 79' lang='grc' dir='ltr'>βιάζεσθαι,</span> <span class='ocrx_word' id='word_1_124' title='bbox 630 795 679 830; x_wconf 83' lang='grc' dir='ltr'><strong>τῆς</strong></span> <span class='ocrx_word' id='word_1_125' title='bbox 704 795 853 826; x_wconf 87' lang='grc' dir='ltr'>κοινωνίας·</span> <span class='ocrx_word' id='word_1_126' title='bbox 870 794 917 821; x_wconf 83' lang='grc' dir='ltr'>ἐὰν</span> <span class='ocrx_word' id='word_1_127' title='bbox 940 794 968 820; x_wconf 76' lang='grc' dir='ltr'><strong>δὲ</strong></span> 
     </span>
    </p>
   </div>
   <div class='ocr_carea' id='block_1_18' title="bbox 184 840 968 876">
    <p class='ocr_par' dir='ltr' id='par_1_18' title="bbox 184 840 968 876">
     <span class='ocr_line' id='line_1_18' title="bbox 184 840 968 876; baseline 0 -10"><span class='ocrx_word' id='word_1_128' title='bbox 184 840 214 872; x_wconf 78' lang='grc' dir='ltr'>ἐξ</span> <span class='ocrx_word' id='word_1_129' title='bbox 231 840 319 867; x_wconf 80' lang='grc' dir='ltr'>αὐτῶν</span> <span class='ocrx_word' id='word_1_130' title='bbox 331 840 385 866; x_wconf 88' lang='grc' dir='ltr'><strong>τῶν</strong></span> <span class='ocrx_word' id='word_1_131' title='bbox 396 840 548 876; x_wconf 76' lang='grc' dir='ltr'>ἔμπροσθεν</span> <span class='ocrx_word' id='word_1_132' title='bbox 560 840 747 876; x_wconf 80' lang='grc' dir='ltr'><strong>παιδευμάτων</strong></span> <span class='ocrx_word' id='word_1_133' title='bbox 760 840 865 872; x_wconf 76' lang='grc' dir='ltr'>εἰςὲθος</span> <span class='ocrx_word' id='word_1_134' title='bbox 877 840 968 866; x_wconf 79' lang='grc' dir='ltr'>ἰόντων</span> 
     </span>
    </p>
   </div>
   <div class='ocr_carea' id='block_1_19' title="bbox 182 886 966 922">
    <p class='ocr_par' dir='ltr' id='par_1_19' title="bbox 182 886 966 922">
     <span class='ocr_line' id='line_1_19' title="bbox 182 886 966 922; baseline 0 -10"><span class='ocrx_word' id='word_1_135' title='bbox 182 887 200 921; x_wconf 86' lang='grc' dir='ltr'>ἡ</span> <span class='ocrx_word' id='word_1_136' title='bbox 218 886 296 920; x_wconf 80' lang='grc' dir='ltr'>φύσις</span> <span class='ocrx_word' id='word_1_137' title='bbox 323 886 471 921; x_wconf 77' lang='grc' dir='ltr'>ἐνδέχηται,</span> <span class='ocrx_word' id='word_1_138' title='bbox 497 887 543 913; x_wconf 77' lang='grc' dir='ltr'>καὶ</span> <span class='ocrx_word' id='word_1_139' title='bbox 571 887 609 922; x_wconf 85' lang='grc' dir='ltr'>μὴ</span> <span class='ocrx_word' id='word_1_140' title='bbox 635 887 806 922; x_wconf 79' lang='grc' dir='ltr'>δυσχεραίνῃ,</span> <span class='ocrx_word' id='word_1_141' title='bbox 835 886 966 922; x_wconf 85' lang='grc' dir='ltr'>παῖδαςῆ</span> 
     </span>
    </p>
   </div>
   <div class='ocr_carea' id='block_1_20' title="bbox 184 932 969 969">
    <p class='ocr_par' dir='ltr' id='par_1_20' title="bbox 184 932 969 969">
     <span class='ocr_line' id='line_1_20' title="bbox 184 932 969 969; baseline 0 -11"><span class='ocrx_word' id='word_1_142' title='bbox 184 932 334 968; x_wconf 83' lang='grc' dir='ltr'><strong>παρθένους</strong></span> <span class='ocrx_word' id='word_1_143' title='bbox 351 934 485 959; x_wconf 81' lang='grc' dir='ltr'>κοινωνεῖν</span> <span class='ocrx_word' id='word_1_144' title='bbox 500 934 557 968; x_wconf 84' lang='grc' dir='ltr'>ἐᾷν,</span> <span class='ocrx_word' id='word_1_145' title='bbox 576 934 622 959; x_wconf 79' lang='grc' dir='ltr'>καὶ</span> <span class='ocrx_word' id='word_1_146' title='bbox 638 934 674 969; x_wconf 88' lang='grc' dir='ltr'>μὴ</span> <span class='ocrx_word' id='word_1_147' title='bbox 702 933 821 968; x_wconf 79' lang='grc' dir='ltr'>ψέγειν.»</span> <span class='ocrx_word' id='word_1_148' title='bbox 845 932 969 959; x_wconf 76' lang='grc' dir='ltr'><strong>Τοσαῦτα</strong></span> 
     </span>
    </p>
   </div>
   <div class='ocr_carea' id='block_1_21' title="bbox 185 978 969 1015">
    <p class='ocr_par' dir='ltr' id='par_1_21' title="bbox 185 978 969 1015">
     <span class='ocr_line' id='line_1_21' title="bbox 185 978 969 1015; baseline 0.001 -11"><span class='ocrx_word' id='word_1_149' title='bbox 185 978 231 1004; x_wconf 84' lang='grc' dir='ltr'>τοῦ</span> <span class='ocrx_word' id='word_1_150' title='bbox 246 978 386 1010; x_wconf 80' lang='grc' dir='ltr'>Πλάτωνος</span> <span class='ocrx_word' id='word_1_151' title='bbox 398 979 431 1005; x_wconf 80' lang='grc' dir='ltr'>τὰ</span> <span class='ocrx_word' id='word_1_152' title='bbox 445 980 508 1015; x_wconf 79' lang='grc' dir='ltr'>περὶ</span> <span class='ocrx_word' id='word_1_153' title='bbox 523 979 668 1013; x_wconf 84' lang='grc' dir='ltr'>γυναικῶν.</span> <span class='ocrx_word' id='word_1_154' title='bbox 682 978 735 1006; x_wconf 80' lang='grc' dir='ltr'>Τοῦ</span> <span class='ocrx_word' id='word_1_155' title='bbox 752 979 774 1005; x_wconf 80' lang='grc' dir='ltr'>δ’</span> <span class='ocrx_word' id='word_1_156' title='bbox 790 979 871 1006; x_wconf 73' lang='grc' dir='ltr'>αὑτοῦ</span> <span class='ocrx_word' id='word_1_157' title='bbox 894 979 940 1005; x_wconf 80' lang='grc' dir='ltr'>καὶ</span> <span class='ocrx_word' id='word_1_158' title='bbox 956 980 969 1005; x_wconf 85' lang='grc' dir='ltr'><strong>ὁ</strong></span> 
     </span>
    </p>
   </div>
   <div class='ocr_carea' id='block_1_22' title="bbox 185 1023 969 1060">
    <p class='ocr_par' dir='ltr' id='par_1_22' title="bbox 185 1023 969 1060">
     <span class='ocr_line' id='line_1_22' title="bbox 185 1023 969 1060; baseline 0.001 -10"><span class='ocrx_word' id='word_1_159' title='bbox 185 1023 334 1059; x_wconf 80' lang='grc' dir='ltr'><strong>θαυμάσιος</strong></span> <span class='ocrx_word' id='word_1_160' title='bbox 346 1025 389 1051; x_wconf 84' lang='grc' dir='ltr'>ὅδε</span> <span class='ocrx_word' id='word_1_161' title='bbox 408 1025 536 1060; x_wconf 77' lang='grc' dir='ltr'>τυγχάνει</span> <span class='ocrx_word' id='word_1_162' title='bbox 549 1025 638 1060; x_wconf 79' lang='grc' dir='ltr'>νόμος·</span> <span class='ocrx_word' id='word_1_163' title='bbox 658 1035 667 1050; x_wconf 75' lang='grc' dir='ltr'>ί</span> <span class='ocrx_word' id='word_1_164' title='bbox 685 1026 746 1052; x_wconf 85' lang='grc' dir='ltr'><strong>Ἐάν</strong></span> <span class='ocrx_word' id='word_1_165' title='bbox 758 1033 799 1056; x_wconf 86' lang='grc' dir='ltr'><strong>τις</strong></span> <span class='ocrx_word' id='word_1_166' title='bbox 811 1024 969 1060; x_wconf 80' lang='grc' dir='ltr'>παῖδας(76)</span> 
     </span>
    </p>
   </div>
   <div class='ocr_carea' id='block_1_23' title="bbox 185 1070 970 1108">
    <p class='ocr_par' dir='ltr' id='par_1_23' title="bbox 185 1070 970 1108">
     <span class='ocr_line' id='line_1_23' title="bbox 185 1070 970 1108; baseline 0 -12"><span class='ocrx_word' id='word_1_167' title='bbox 185 1070 294 1105; x_wconf 85' lang='grc' dir='ltr'>θηλείας</span> <span class='ocrx_word' id='word_1_168' title='bbox 310 1072 470 1108; x_wconf 82' lang='grc' dir='ltr'>καταλείπῃ,</span> <span class='ocrx_word' id='word_1_169' title='bbox 497 1072 530 1098; x_wconf 85' lang='grc' dir='ltr'>δι’</span> <span class='ocrx_word' id='word_1_170' title='bbox 542 1071 662 1106; x_wconf 79' lang='grc' dir='ltr'>ἀδελφῶν</span> <span class='ocrx_word' id='word_1_171' title='bbox 693 1081 721 1098; x_wconf 90' lang='grc' dir='ltr'><strong>τε</strong></span> <span class='ocrx_word' id='word_1_172' title='bbox 747 1071 794 1098; x_wconf 71' lang='grc' dir='ltr'>καὶ</span> <span class='ocrx_word' id='word_1_173' title='bbox 824 1070 970 1105; x_wconf 69' lang='grc' dir='ltr'>ἀδελφιδῶν</span> 
     </span>
    </p>
   </div>
   <div class='ocr_carea' id='block_1_24' title="bbox 185 1116 971 1153">
    <p class='ocr_par' dir='ltr' id='par_1_24' title="bbox 185 1116 971 1153">
     <span class='ocr_line' id='line_1_24' title="bbox 185 1116 971 1153; baseline 0.003 -11"><span class='ocrx_word' id='word_1_174' title='bbox 185 1116 304 1143; x_wconf 81' lang='grc' dir='ltr'>ἐπανιὼν</span> <span class='ocrx_word' id='word_1_175' title='bbox 317 1117 382 1152; x_wconf 87' lang='grc'><strong>(77),</strong></span> <span class='ocrx_word' id='word_1_176' title='bbox 395 1117 546 1152; x_wconf 77' lang='grc' dir='ltr'>ἔμπροσθεν</span> <span class='ocrx_word' id='word_1_177' title='bbox 567 1118 614 1153; x_wconf 81' lang='grc' dir='ltr'><strong>μὲν</strong></span> <span class='ocrx_word' id='word_1_178' title='bbox 631 1117 684 1144; x_wconf 81' lang='grc' dir='ltr'><strong>τῶν</strong></span> <span class='ocrx_word' id='word_1_179' title='bbox 717 1118 847 1153; x_wconf 75' lang='grc' dir='ltr'>ἀρρένων,</span> <span class='ocrx_word' id='word_1_180' title='bbox 860 1117 971 1153; x_wconf 80' lang='grc' dir='ltr'>ὕστερον</span> 
     </span>
    </p>
   </div>
   <div class='ocr_carea' id='block_1_25' title="bbox 184 1162 970 1199">
    <p class='ocr_par' dir='ltr' id='par_1_25' title="bbox 184 1162 970 1199">
     <span class='ocr_line' id='line_1_25' title="bbox 184 1162 970 1199; baseline 0.003 -11"><span class='ocrx_word' id='word_1_181' title='bbox 184 1162 214 1189; x_wconf 84' lang='grc' dir='ltr'><strong>δέ</strong></span> <span class='ocrx_word' id='word_1_182' title='bbox 227 1162 340 1198; x_wconf 86' lang='grc' dir='ltr'>θηλειῶν</span> <span class='ocrx_word' id='word_1_183' title='bbox 356 1164 395 1190; x_wconf 77' lang='grc' dir='ltr'><strong>ἐνὶ</strong></span> <span class='ocrx_word' id='word_1_184' title='bbox 412 1164 494 1198; x_wconf 86' lang='grc' dir='ltr'>γένει·</span> <span class='ocrx_word' id='word_1_185' title='bbox 507 1163 555 1198; x_wconf 84' lang='grc' dir='ltr'>τὴν</span> <span class='ocrx_word' id='word_1_186' title='bbox 569 1163 597 1189; x_wconf 82' lang='grc' dir='ltr'>δὲ</span> <span class='ocrx_word' id='word_1_187' title='bbox 608 1163 654 1190; x_wconf 79' lang='grc' dir='ltr'>τοῦ</span> <span class='ocrx_word' id='word_1_188' title='bbox 678 1163 732 1190; x_wconf 87' lang='grc' dir='ltr'>τῶν</span> <span class='ocrx_word' id='word_1_189' title='bbox 756 1164 852 1199; x_wconf 80' lang='grc' dir='ltr'>γάμων</span> <span class='ocrx_word' id='word_1_190' title='bbox 875 1165 970 1199; x_wconf 84' lang='grc' dir='ltr'>χρόνου</span> 
     </span>
    </p>
   </div>
   <div class='ocr_carea' id='block_1_26' title="bbox 187 1208 970 1244">
    <p class='ocr_par' dir='ltr' id='par_1_26' title="bbox 187 1208 970 1244">
     <span class='ocr_line' id='line_1_26' title="bbox 187 1208 970 1244; baseline 0.001 -10"><span class='ocrx_word' id='word_1_191' title='bbox 187 1209 357 1244; x_wconf 77' lang='grc' dir='ltr'>συμμετρίαν</span> <span class='ocrx_word' id='word_1_192' title='bbox 369 1218 398 1235; x_wconf 87' lang='grc' dir='ltr'><strong>τε</strong></span> <span class='ocrx_word' id='word_1_193' title='bbox 411 1209 457 1236; x_wconf 66' lang='grc' dir='ltr'><strong>κοιλ¹</strong></span> <span class='ocrx_word' id='word_1_194' title='bbox 474 1209 607 1244; x_wconf 73' lang='grc' dir='ltr'>ἀμετρίαν</span> <span class='ocrx_word' id='word_1_195' title='bbox 629 1208 757 1244; x_wconf 84' lang='grc' dir='ltr'>δικαστὴς</span> <span class='ocrx_word' id='word_1_196' title='bbox 784 1209 893 1236; x_wconf 84' lang='grc' dir='ltr'>σκοπῶν</span> <span class='ocrx_word' id='word_1_197' title='bbox 910 1218 970 1244; x_wconf 85' lang='grc' dir='ltr'>κρι-</span> 
     </span>
    </p>
   </div>
   <div class='ocr_carea' id='block_1_27' title="bbox 185 1252 973 1289">
    <p class='ocr_par' dir='ltr' id='par_1_27' title="bbox 185 1252 973 1289">
     <span class='ocr_line' id='line_1_27' title="bbox 185 1252 973 1289; baseline -0.001 -9"><span class='ocrx_word' id='word_1_198' title='bbox 185 1252 264 1285; x_wconf 80' lang='grc' dir='ltr'>νέτω,</span> <span class='ocrx_word' id='word_1_199' title='bbox 281 1254 399 1289; x_wconf 79' lang='grc' dir='ltr'>γυμνοὺς</span> <span class='ocrx_word' id='word_1_200' title='bbox 417 1255 465 1289; x_wconf 78' lang='grc' dir='ltr'><strong>μὲν</strong></span> <span class='ocrx_word' id='word_1_201' title='bbox 491 1254 554 1285; x_wconf 80' lang='grc' dir='ltr'>τοὺς</span> <span class='ocrx_word' id='word_1_202' title='bbox 571 1254 696 1289; x_wconf 65' lang='grc' dir='ltr'>ἄρρενας,</span> <span class='ocrx_word' id='word_1_203' title='bbox 714 1253 819 1288; x_wconf 89' lang='grc' dir='ltr'>γυμνὰς</span> <span class='ocrx_word' id='word_1_204' title='bbox 843 1253 872 1280; x_wconf 84' lang='grc' dir='ltr'>δὲ</span> <span class='ocrx_word' id='word_1_205' title='bbox 884 1254 973 1289; x_wconf 77' lang='grc' dir='ltr'>ὀμφα-</span> 
     </span>
    </p>
   </div>
   <div class='ocr_carea' id='block_1_28' title="bbox 186 1299 973 1336">
    <p class='ocr_par' dir='ltr' id='par_1_28' title="bbox 186 1299 973 1336">
     <span class='ocr_line' id='line_1_28' title="bbox 186 1299 973 1336; baseline 0 -10"><span class='ocrx_word' id='word_1_206' title='bbox 186 1299 232 1327; x_wconf 77' lang='grc' dir='ltr'>λοῦ</span> <span class='ocrx_word' id='word_1_207' title='bbox 245 1300 325 1336; x_wconf 86' lang='grc' dir='ltr'>μέχρι</span> <span class='ocrx_word' id='word_1_208' title='bbox 340 1300 474 1335; x_wconf 82' lang='grc' dir='ltr'>θεώμενος</span> <span class='ocrx_word' id='word_1_209' title='bbox 488 1300 536 1332; x_wconf 82' lang='grc' dir='ltr'>τὰς</span> <span class='ocrx_word' id='word_1_210' title='bbox 554 1300 687 1335; x_wconf 82' lang='grc' dir='ltr'>θηλείας.)</span> <span class='ocrx_word' id='word_1_211' title='bbox 706 1300 785 1326; x_wconf 78' lang='grc' dir='ltr'><strong>Ἀλλὰ</strong></span> <span class='ocrx_word' id='word_1_212' title='bbox 809 1301 855 1328; x_wconf 68' lang='grc' dir='ltr'>καὶ</span> <span class='ocrx_word' id='word_1_213' title='bbox 871 1301 899 1327; x_wconf 78' lang='grc' dir='ltr'><strong>ἐν</strong></span> <span class='ocrx_word' id='word_1_214' title='bbox 914 1302 973 1332; x_wconf 80' lang='grc' dir='ltr'>ταῖς</span> 
     </span>
    </p>
   </div>
   <div class='ocr_carea' id='block_1_29' title="bbox 186 1346 972 1382">
    <p class='ocr_par' dir='ltr' id='par_1_29' title="bbox 186 1346 972 1382">
     <span class='ocr_line' id='line_1_29' title="bbox 186 1346 972 1382; baseline 0 -10"><span class='ocrx_word' id='word_1_215' title='bbox 186 1346 293 1381; x_wconf 72' lang='grc' dir='ltr'>ιορταῖς</span> <span class='ocrx_word' id='word_1_216' title='bbox 304 1346 358 1372; x_wconf 80' lang='grc' dir='ltr'>δεῖν</span> <span class='ocrx_word' id='word_1_217' title='bbox 382 1346 466 1378; x_wconf 78' lang='grc' dir='ltr'>αὐτάς</span> <span class='ocrx_word' id='word_1_218' title='bbox 489 1355 554 1382; x_wconf 79' lang='grc' dir='ltr'>φησι</span> <span class='ocrx_word' id='word_1_219' title='bbox 575 1346 680 1382; x_wconf 78' lang='grc' dir='ltr'>γυμνὰς</span> <span class='ocrx_word' id='word_1_220' title='bbox 697 1346 818 1382; x_wconf 84' lang='grc' dir='ltr'>χορεύειν</span> <span class='ocrx_word' id='word_1_221' title='bbox 849 1347 877 1372; x_wconf 89' lang='grc' dir='ltr'><strong>ἐν</strong></span> <span class='ocrx_word' id='word_1_222' title='bbox 901 1347 972 1382; x_wconf 78' lang='grc' dir='ltr'>ἐκτῳ</span> 
     </span>
    </p>
   </div>
   <div class='ocr_carea' id='block_1_30' title="bbox 186 1390 972 1426">
    <p class='ocr_par' dir='ltr' id='par_1_30' title="bbox 186 1390 972 1426">
     <span class='ocr_line' id='line_1_30' title="bbox 186 1390 972 1426; baseline 0 -9"><span class='ocrx_word' id='word_1_223' title='bbox 186 1391 240 1417; x_wconf 83' lang='grc' dir='ltr'>τῶν</span> <span class='ocrx_word' id='word_1_224' title='bbox 258 1391 373 1426; x_wconf 78' lang='grc' dir='ltr'>Νόμων,</span> <span class='ocrx_word' id='word_1_225' title='bbox 388 1391 474 1425; x_wconf 90' lang='grc' dir='ltr'>λέγων</span> <span class='ocrx_word' id='word_1_226' title='bbox 493 1391 567 1418; x_wconf 71' lang='grc' dir='ltr'>οὕτω·</span> <span class='ocrx_word' id='word_1_227' title='bbox 596 1401 605 1417; x_wconf 79' lang='grc' dir='ltr'><strong>ι</strong></span> <span class='ocrx_word' id='word_1_228' title='bbox 620 1392 676 1426; x_wconf 84' lang='grc' dir='ltr'><strong>Τῆς</strong></span> <span class='ocrx_word' id='word_1_229' title='bbox 693 1390 738 1418; x_wconf 83' lang='grc' dir='ltr'><strong>οὖν</strong></span> <span class='ocrx_word' id='word_1_230' title='bbox 765 1391 892 1426; x_wconf 82' lang='grc' dir='ltr'>τοιαύτης</span> <span class='ocrx_word' id='word_1_231' title='bbox 917 1391 972 1426; x_wconf 83' lang='lat'>(78)</span> 
     </span>
    </p>
   </div>
   <div class='ocr_carea' id='block_1_31' title="bbox 187 1437 974 1473">
    <p class='ocr_par' dir='ltr' id='par_1_31' title="bbox 187 1437 974 1473">
     <span class='ocr_line' id='line_1_31' title="bbox 187 1437 974 1473; baseline -0.001 -9"><span class='ocrx_word' id='word_1_232' title='bbox 187 1437 301 1472; x_wconf 88' lang='grc' dir='ltr'>σπουδῆς</span> <span class='ocrx_word' id='word_1_233' title='bbox 315 1438 395 1464; x_wconf 77' lang='grc' dir='ltr'>ἕνεκα</span> <span class='ocrx_word' id='word_1_234' title='bbox 408 1437 460 1473; x_wconf 74' lang='grc' dir='ltr'><strong>χρὴ</strong></span> <span class='ocrx_word' id='word_1_235' title='bbox 473 1438 520 1464; x_wconf 68' lang='grc' dir='ltr'>καὶ</span> <span class='ocrx_word' id='word_1_236' title='bbox 540 1437 587 1469; x_wconf 78' lang='grc' dir='ltr'><strong>τὰς</strong></span> <span class='ocrx_word' id='word_1_237' title='bbox 605 1437 712 1469; x_wconf 85' lang='grc' dir='ltr'>παιδιὰς</span> <span class='ocrx_word' id='word_1_238' title='bbox 729 1437 862 1464; x_wconf 84' lang='grc' dir='ltr'>ποιεῖσθαι</span> <span class='ocrx_word' id='word_1_239' title='bbox 877 1438 974 1472; x_wconf 84' lang='grc' dir='ltr'>χορεύ-</span> 
     </span>
    </p>
   </div>
   <div class='ocr_carea' id='block_1_32' title="bbox 185 1482 972 1518">
    <p class='ocr_par' dir='ltr' id='par_1_32' title="bbox 185 1482 972 1518">
     <span class='ocr_line' id='line_1_32' title="bbox 185 1482 972 1518; baseline 0 -9"><span class='ocrx_word' id='word_1_240' title='bbox 185 1483 265 1514; x_wconf 84' lang='grc' dir='ltr'>οντάς</span> <span class='ocrx_word' id='word_1_241' title='bbox 279 1491 308 1509; x_wconf 85' lang='grc' dir='ltr'><strong>τε</strong></span> <span class='ocrx_word' id='word_1_242' title='bbox 321 1483 367 1509; x_wconf 74' lang='grc' dir='ltr'><strong>καὶ</strong></span> <span class='ocrx_word' id='word_1_243' title='bbox 380 1482 554 1518; x_wconf 83' lang='grc' dir='ltr'>χορευούσας,</span> <span class='ocrx_word' id='word_1_244' title='bbox 570 1482 683 1518; x_wconf 80' lang='grc' dir='ltr'>κούρους</span> <span class='ocrx_word' id='word_1_245' title='bbox 696 1491 725 1508; x_wconf 88' lang='grc' dir='ltr'><strong>τε</strong></span> <span class='ocrx_word' id='word_1_246' title='bbox 749 1483 794 1509; x_wconf 71' lang='grc' dir='ltr'>καὶ</span> <span class='ocrx_word' id='word_1_247' title='bbox 811 1483 903 1518; x_wconf 83' lang='grc' dir='ltr'>κόρας,</span> <span class='ocrx_word' id='word_1_248' title='bbox 925 1484 972 1509; x_wconf 77' lang='grc' dir='ltr'><strong>καὶ</strong></span> 
     </span>
    </p>
   </div>
   <div class='ocr_carea' id='block_1_33' title="bbox 186 1524 972 1562">
    <p class='ocr_par' dir='ltr' id='par_1_33' title="bbox 186 1524 972 1562">
     <span class='ocr_line' id='line_1_33' title="bbox 186 1524 972 1562; baseline 0.004 -11"><span class='ocrx_word' id='word_1_249' title='bbox 186 1524 245 1560; x_wconf 69' lang='grc' dir='ltr'><strong>ἅμα</strong></span> <span class='ocrx_word' id='word_1_250' title='bbox 257 1525 288 1560; x_wconf 86' lang='grc' dir='ltr'>δὴ</span> <span class='ocrx_word' id='word_1_251' title='bbox 301 1525 467 1561; x_wconf 83' lang='grc' dir='ltr'>θεωροῦντάς</span> <span class='ocrx_word' id='word_1_252' title='bbox 480 1535 509 1552; x_wconf 89' lang='grc' dir='ltr'><strong>τε</strong></span> <span class='ocrx_word' id='word_1_253' title='bbox 521 1527 568 1554; x_wconf 79' lang='grc' dir='ltr'>καὶ</span> <span class='ocrx_word' id='word_1_254' title='bbox 582 1526 791 1562; x_wconf 81' lang='grc' dir='ltr'>θεωρουμένους,</span> <span class='ocrx_word' id='word_1_255' title='bbox 812 1527 880 1562; x_wconf 84' lang='grc' dir='ltr'>μετὰ</span> <span class='ocrx_word' id='word_1_256' title='bbox 894 1527 972 1561; x_wconf 77' lang='grc' dir='ltr'>λόγου</span> 
     </span>
    </p>
   </div>
   <div class='ocr_carea' id='block_1_34' title="bbox 1014 293 1791 329">
    <p class='ocr_par' dir='ltr' id='par_1_34' title="bbox 1014 293 1791 329">
     <span class='ocr_line' id='line_1_34' title="bbox 1014 293 1791 329; baseline 0 -9"><span class='ocrx_word' id='word_1_257' title='bbox 1014 294 1049 321; x_wconf 85' lang='lat' dir='ltr'><strong>At</strong></span> <span class='ocrx_word' id='word_1_258' title='bbox 1060 294 1158 321; x_wconf 86' lang='lat' dir='ltr'><strong>vidcsis</strong></span> <span class='ocrx_word' id='word_1_259' title='bbox 1174 301 1271 328; x_wconf 88' lang='lat' dir='ltr'><strong>porro,</strong></span> <span class='ocrx_word' id='word_1_260' title='bbox 1288 294 1511 328; x_wconf 85' lang='lat' dir='ltr'><strong>quemadmodum</strong></span> <span class='ocrx_word' id='word_1_261' title='bbox 1532 294 1654 329; x_wconf 76' lang='lat' dir='ltr'><strong>egregius</strong></span> <span class='ocrx_word' id='word_1_262' title='bbox 1671 293 1791 328; x_wconf 89' lang='lat' dir='ltr'><strong>philoso-</strong></span> 
     </span>
    </p>
   </div>
   <div class='ocr_carea' id='block_1_35' title="bbox 1015 339 1795 375">
    <p class='ocr_par' dir='ltr' id='par_1_35' title="bbox 1015 339 1795 375">
     <span class='ocr_line' id='line_1_35' title="bbox 1015 339 1795 375; baseline -0.003 -8"><span class='ocrx_word' id='word_1_263' title='bbox 1015 340 1085 375; x_wconf 87' lang='lat' dir='ltr'><strong>phus</strong></span> <span class='ocrx_word' id='word_1_264' title='bbox 1108 339 1235 366; x_wconf 83' lang='lat' dir='ltr'><strong>mulieres</strong></span> <span class='ocrx_word' id='word_1_265' title='bbox 1259 339 1389 374; x_wconf 81' lang='lat' dir='ltr'><strong>gymnicis</strong></span> <span class='ocrx_word' id='word_1_266' title='bbox 1411 347 1520 374; x_wconf 89' lang='lat' dir='ltr'><strong>quoque</strong></span> <span class='ocrx_word' id='word_1_267' title='bbox 1535 339 1728 367; x_wconf 73' lang='lat' dir='ltr'><strong>certaminibus</strong></span> <span class='ocrx_word' id='word_1_268' title='bbox 1744 339 1795 366; x_wconf 92' lang='lat' dir='ltr'><strong>im-</strong></span> 
     </span>
    </p>
   </div>
   <div class='ocr_carea' id='block_1_36' title="bbox 1015 384 1796 419">
    <p class='ocr_par' dir='ltr' id='par_1_36' title="bbox 1015 384 1796 419">
     <span class='ocr_line' id='line_1_36' title="bbox 1015 384 1796 419; baseline -0.001 -8"><span class='ocrx_word' id='word_1_269' title='bbox 1015 385 1136 412; x_wconf 73' lang='lat' dir='ltr'><strong>misceat.</strong></span> <span class='ocrx_word' id='word_1_270' title='bbox 1155 393 1163 409; x_wconf 76' lang='grc' dir='ltr'><strong>ι</strong></span> <span class='ocrx_word' id='word_1_271' title='bbox 1178 384 1304 411; x_wconf 82' lang='lat' dir='ltr'><strong>Mulieres</strong></span> <span class='ocrx_word' id='word_1_272' title='bbox 1316 405 1324 417; x_wconf 93' lang='lat'><strong>,</strong></span> <span class='ocrx_word' id='word_1_273' title='bbox 1341 385 1447 419; x_wconf 82' lang='lat' dir='ltr'><strong>inquit,</strong></span> <span class='ocrx_word' id='word_1_274' title='bbox 1466 385 1538 419; x_wconf 90' lang='lat' dir='ltr'><strong>quod</strong></span> <span class='ocrx_word' id='word_1_275' title='bbox 1563 384 1658 412; x_wconf 86' lang='lat' dir='ltr'><strong>attinet</strong></span> <span class='ocrx_word' id='word_1_276' title='bbox 1671 403 1678 416; x_wconf 83' lang='lat'><strong>,</strong></span> <span class='ocrx_word' id='word_1_277' title='bbox 1700 384 1796 418; x_wconf 82' lang='lat' dir='ltr'><strong>puellis</strong></span> 
     </span>
    </p>
   </div>
   <div class='ocr_carea' id='block_1_37' title="bbox 1016 430 1797 466">
    <p class='ocr_par' dir='ltr' id='par_1_37' title="bbox 1016 430 1797 466">
     <span class='ocr_line' id='line_1_37' title="bbox 1016 430 1797 466; baseline -0.003 -8"><span class='ocrx_word' id='word_1_278' title='bbox 1016 431 1105 458; x_wconf 87' lang='lat' dir='ltr'><strong>adhuc</strong></span> <span class='ocrx_word' id='word_1_279' title='bbox 1118 431 1305 466; x_wconf 86' lang='lat' dir='ltr'><strong>impuberibus</strong></span> <span class='ocrx_word' id='word_1_280' title='bbox 1318 451 1325 463; x_wconf 87' lang='lat'><strong>,</strong></span> <span class='ocrx_word' id='word_1_281' title='bbox 1342 431 1429 466; x_wconf 90' lang='lat' dir='ltr'><strong>iisque</strong></span> <span class='ocrx_word' id='word_1_282' title='bbox 1444 431 1538 464; x_wconf 88' lang='lat' dir='ltr'><strong>nudis,</strong></span> <span class='ocrx_word' id='word_1_283' title='bbox 1553 430 1632 458; x_wconf 87' lang='lat' dir='ltr'><strong>stadii</strong></span> <span class='ocrx_word' id='word_1_284' title='bbox 1646 451 1654 464; x_wconf 96' lang='lat'><strong>,</strong></span> <span class='ocrx_word' id='word_1_285' title='bbox 1670 430 1711 457; x_wconf 89' lang='lat' dir='ltr'><strong>vel</strong></span> <span class='ocrx_word' id='word_1_286' title='bbox 1732 431 1797 457; x_wconf 88' lang='lat' dir='ltr'><strong>sim—</strong></span> 
     </span>
    </p>
   </div>
   <div class='ocr_carea' id='block_1_38' title="bbox 1015 476 1796 512">
    <p class='ocr_par' dir='ltr' id='par_1_38' title="bbox 1015 476 1796 512">
     <span class='ocr_line' id='line_1_38' title="bbox 1015 476 1796 512; baseline -0.001 -9"><span class='ocrx_word' id='word_1_287' title='bbox 1015 477 1104 512; x_wconf 88' lang='lat' dir='ltr'><strong>plicis,</strong></span> <span class='ocrx_word' id='word_1_288' title='bbox 1128 477 1170 504; x_wconf 90' lang='lat' dir='ltr'><strong>vel</strong></span> <span class='ocrx_word' id='word_1_289' title='bbox 1184 477 1312 512; x_wconf 84' lang='lat' dir='ltr'><strong>geminati</strong></span> <span class='ocrx_word' id='word_1_290' title='bbox 1331 477 1507 510; x_wconf 87' lang='lat' dir='ltr'><strong>curriculum,</strong></span> <span class='ocrx_word' id='word_1_291' title='bbox 1524 481 1650 512; x_wconf 79' lang='lat' dir='ltr'><strong>equestre</strong></span> <span class='ocrx_word' id='word_1_292' title='bbox 1664 476 1796 508; x_wconf 75' lang='lat' dir='ltr'><strong>similiter,</strong></span> 
     </span>
    </p>
   </div>
   <div class='ocr_carea' id='block_1_39' title="bbox 1016 521 1797 558">
    <p class='ocr_par' dir='ltr' id='par_1_39' title="bbox 1016 521 1797 558">
     <span class='ocr_line' id='line_1_39' title="bbox 1016 521 1797 558; baseline -0.003 -9"><span class='ocrx_word' id='word_1_293' title='bbox 1016 522 1149 557; x_wconf 80' lang='lat' dir='ltr'><strong>integrum</strong></span> <span class='ocrx_word' id='word_1_294' title='bbox 1168 522 1284 557; x_wconf 90' lang='lat' dir='ltr'><strong>denique</strong></span> <span class='ocrx_word' id='word_1_295' title='bbox 1307 522 1372 550; x_wconf 91' lang='lat' dir='ltr'><strong>illud</strong></span> <span class='ocrx_word' id='word_1_296' title='bbox 1397 530 1428 550; x_wconf 90' lang='lat' dir='ltr'><strong>ac</strong></span> <span class='ocrx_word' id='word_1_297' title='bbox 1449 523 1552 558; x_wconf 84' lang='lat' dir='ltr'><strong>justum</strong></span> <span class='ocrx_word' id='word_1_298' title='bbox 1579 521 1776 557; x_wconf 81' lang='lat' dir='ltr'><strong>assignabimus</strong></span> <span class='ocrx_word' id='word_1_299' title='bbox 1791 541 1797 551; x_wconf 88' lang='lat'>.</span> 
     </span>
    </p>
   </div>
   <div class='ocr_carea' id='block_1_40' title="bbox 1017 568 1799 603">
    <p class='ocr_par' dir='ltr' id='par_1_40' title="bbox 1017 568 1799 603">
     <span class='ocr_line' id='line_1_40' title="bbox 1017 568 1799 603; baseline -0.004 -8"><span class='ocrx_word' id='word_1_300' title='bbox 1017 572 1098 603; x_wconf 87' lang='lat' dir='ltr'><strong>atque</strong></span> <span class='ocrx_word' id='word_1_301' title='bbox 1114 569 1150 595; x_wconf 84' lang='lat' dir='ltr'><strong>ita</strong></span> <span class='ocrx_word' id='word_1_302' title='bbox 1166 572 1195 595; x_wconf 90' lang='lat' dir='ltr'><strong>ut</strong></span> <span class='ocrx_word' id='word_1_303' title='bbox 1207 568 1241 595; x_wconf 86' lang='lat' dir='ltr'><strong>de</strong></span> <span class='ocrx_word' id='word_1_304' title='bbox 1263 576 1359 595; x_wconf 87' lang='lat' dir='ltr'><strong>cursus</strong></span> <span class='ocrx_word' id='word_1_305' title='bbox 1383 568 1452 595; x_wconf 88' lang='lat' dir='ltr'><strong>inter</strong></span> <span class='ocrx_word' id='word_1_306' title='bbox 1476 576 1505 595; x_wconf 87' lang='lat' dir='ltr'><strong>se</strong></span> <span class='ocrx_word' id='word_1_307' title='bbox 1528 568 1665 595; x_wconf 71' lang='lat' dir='ltr'><strong>celeritate</strong></span> <span class='ocrx_word' id='word_1_308' title='bbox 1686 570 1799 594; x_wconf 85' lang='lat' dir='ltr'><strong>conten-</strong></span> 
     </span>
    </p>
   </div>
   <div class='ocr_carea' id='block_1_41' title="bbox 1017 612 1798 649">
    <p class='ocr_par' dir='ltr' id='par_1_41' title="bbox 1017 612 1798 649">
     <span class='ocr_line' id='line_1_41' title="bbox 1017 612 1798 649; baseline -0.003 -9"><span class='ocrx_word' id='word_1_309' title='bbox 1017 613 1097 641; x_wconf 87' lang='lat' dir='ltr'><strong>dant:</strong></span> <span class='ocrx_word' id='word_1_310' title='bbox 1116 621 1176 648; x_wconf 58' lang='lat' dir='ltr'><strong>quae</strong></span> <span class='ocrx_word' id='word_1_311' title='bbox 1190 621 1253 641; x_wconf 91' lang='lat' dir='ltr'><strong>vero</strong></span> <span class='ocrx_word' id='word_1_312' title='bbox 1268 622 1369 641; x_wconf 89' lang='lat' dir='ltr'><strong>annum</strong></span> <span class='ocrx_word' id='word_1_313' title='bbox 1380 614 1517 649; x_wconf 77' lang='lat' dir='ltr'><strong>attigerint</strong></span> <span class='ocrx_word' id='word_1_314' title='bbox 1529 613 1664 641; x_wconf 85' lang='lat' dir='ltr'><strong>decimum</strong></span> <span class='ocrx_word' id='word_1_315' title='bbox 1677 612 1798 644; x_wconf 89' lang='lat' dir='ltr'><strong>tertium,</strong></span> 
     </span>
    </p>
   </div>
   <div class='ocr_carea' id='block_1_42' title="bbox 1017 658 1798 694">
    <p class='ocr_par' dir='ltr' id='par_1_42' title="bbox 1017 658 1798 694">
     <span class='ocr_line' id='line_1_42' title="bbox 1017 658 1798 694; baseline -0.001 -9"><span class='ocrx_word' id='word_1_316' title='bbox 1017 666 1064 686; x_wconf 88' lang='lat' dir='ltr'><strong>cas</strong></span> <span class='ocrx_word' id='word_1_317' title='bbox 1075 659 1161 687; x_wconf 88' lang='lat' dir='ltr'><strong>donec</strong></span> <span class='ocrx_word' id='word_1_318' title='bbox 1176 660 1333 694; x_wconf 88' lang='lat' dir='ltr'><strong>nupserint,</strong></span> <span class='ocrx_word' id='word_1_319' title='bbox 1350 660 1388 687; x_wconf 90' lang='lat' dir='ltr'><strong>sic</strong></span> <span class='ocrx_word' id='word_1_320' title='bbox 1411 660 1438 686; x_wconf 92' lang='lat' dir='ltr'><strong>in</strong></span> <span class='ocrx_word' id='word_1_321' title='bbox 1456 659 1552 686; x_wconf 90' lang='lat' dir='ltr'><strong>barum</strong></span> <span class='ocrx_word' id='word_1_322' title='bbox 1575 658 1798 686; x_wconf 76' lang='lat' dir='ltr'><strong>exercitationum</strong></span> 
     </span>
    </p>
   </div>
   <div class='ocr_carea' id='block_1_43' title="bbox 1018 703 1800 739">
    <p class='ocr_par' dir='ltr' id='par_1_43' title="bbox 1018 703 1800 739">
     <span class='ocr_line' id='line_1_43' title="bbox 1018 703 1800 739; baseline -0.004 -7"><span class='ocrx_word' id='word_1_323' title='bbox 1018 705 1146 732; x_wconf 83' lang='lat' dir='ltr'><strong>societate</strong></span> <span class='ocrx_word' id='word_1_324' title='bbox 1161 705 1352 737; x_wconf 83' lang='lat' dir='ltr'><strong>retinebimus,</strong></span> <span class='ocrx_word' id='word_1_325' title='bbox 1384 710 1412 732; x_wconf 91' lang='lat' dir='ltr'><strong>ut</strong></span> <span class='ocrx_word' id='word_1_326' title='bbox 1424 706 1464 739; x_wconf 42' lang='lat' dir='ltr'><strong>,iis</strong></span> <span class='ocrx_word' id='word_1_327' title='bbox 1480 712 1530 732; x_wconf 90' lang='lat' dir='ltr'><strong>nec</strong></span> <span class='ocrx_word' id='word_1_328' title='bbox 1554 704 1624 731; x_wconf 88' lang='lat' dir='ltr'><strong>ultra</strong></span> <span class='ocrx_word' id='word_1_329' title='bbox 1639 703 1800 730; x_wconf 87' lang='lat' dir='ltr'><strong>vicesimum</strong></span> 
     </span>
    </p>
   </div>
   <div class='ocr_carea' id='block_1_44' title="bbox 1019 750 1799 785">
    <p class='ocr_par' dir='ltr' id='par_1_44' title="bbox 1019 750 1799 785">
     <span class='ocr_line' id='line_1_44' title="bbox 1019 750 1799 785; baseline -0.003 -9"><span class='ocrx_word' id='word_1_330' title='bbox 1019 750 1171 785; x_wconf 79' lang='lat' dir='ltr'><strong>obligentur</strong></span> <span class='ocrx_word' id='word_1_331' title='bbox 1185 770 1192 782; x_wconf 96' lang='lat'><strong>,</strong></span> <span class='ocrx_word' id='word_1_332' title='bbox 1209 759 1259 777; x_wconf 91' lang='lat' dir='ltr'><strong>nec</strong></span> <span class='ocrx_word' id='word_1_333' title='bbox 1273 751 1412 778; x_wconf 86' lang='lat' dir='ltr'><strong>solvantur</strong></span> <span class='ocrx_word' id='word_1_334' title='bbox 1424 755 1485 777; x_wconf 84' lang='lat' dir='ltr'><strong>ante</strong></span> <span class='ocrx_word' id='word_1_335' title='bbox 1505 750 1638 778; x_wconf 87' lang='lat' dir='ltr'><strong>decimum</strong></span> <span class='ocrx_word' id='word_1_336' title='bbox 1662 753 1799 776; x_wconf 75' lang='lat' dir='ltr'><strong>octavum.</strong></span> 
     </span>
    </p>
   </div>
   <div class='ocr_carea' id='block_1_45' title="bbox 1019 793 1803 830">
    <p class='ocr_par' dir='ltr' id='par_1_45' title="bbox 1019 793 1803 830">
     <span class='ocr_line' id='line_1_45' title="bbox 1019 793 1803 830; baseline -0.004 -8"><span class='ocrx_word' id='word_1_337' title='bbox 1019 794 1062 822; x_wconf 62' lang='lat' dir='ltr'><strong>Ea:</strong></span> <span class='ocrx_word' id='word_1_338' title='bbox 1076 803 1157 830; x_wconf 91' lang='lat' dir='ltr'><strong>porro</strong></span> <span class='ocrx_word' id='word_1_339' title='bbox 1173 796 1289 823; x_wconf 88' lang='lat' dir='ltr'><strong>honesto</strong></span> <span class='ocrx_word' id='word_1_340' title='bbox 1304 796 1446 824; x_wconf 63' lang='lat' dir='ltr'><strong>succincta:</strong></span> <span class='ocrx_word' id='word_1_341' title='bbox 1468 796 1540 823; x_wconf 88' lang='lat' dir='ltr'><strong>cultu</strong></span> <span class='ocrx_word' id='word_1_342' title='bbox 1567 796 1595 822; x_wconf 90' lang='lat' dir='ltr'><strong>iu</strong></span> <span class='ocrx_word' id='word_1_343' title='bbox 1610 802 1641 822; x_wconf 86' lang='lat' dir='ltr'><strong>ea</strong></span> <span class='ocrx_word' id='word_1_344' title='bbox 1655 793 1803 822; x_wconf 91' lang='lat' dir='ltr'><strong>curriculo-</strong></span> 
     </span>
    </p>
   </div>
   <div class='ocr_carea' id='block_1_46' title="bbox 1019 840 1802 875">
    <p class='ocr_par' dir='ltr' id='par_1_46' title="bbox 1019 840 1802 875">
     <span class='ocr_line' id='line_1_46' title="bbox 1019 840 1802 875; baseline -0.001 -9"><span class='ocrx_word' id='word_1_345' title='bbox 1019 848 1079 866; x_wconf 87' lang='lat' dir='ltr'><strong>rum</strong></span> <span class='ocrx_word' id='word_1_346' title='bbox 1092 841 1239 868; x_wconf 79' lang='lat' dir='ltr'><strong>certamina</strong></span> <span class='ocrx_word' id='word_1_347' title='bbox 1251 841 1425 868; x_wconf 86' lang='lat' dir='ltr'><strong>descendant.</strong></span> <span class='ocrx_word' id='word_1_348' title='bbox 1442 841 1530 875; x_wconf 86' lang='lat' dir='ltr'><strong>Atque</strong></span> <span class='ocrx_word' id='word_1_349' title='bbox 1545 840 1571 867; x_wconf 91' lang='lat' dir='ltr'><strong>id</strong></span> <span class='ocrx_word' id='word_1_350' title='bbox 1587 840 1619 867; x_wconf 87' lang='lat' dir='ltr'><strong>de</strong></span> <span class='ocrx_word' id='word_1_351' title='bbox 1633 840 1754 866; x_wconf 80' lang='lat' dir='ltr'><strong>virorum</strong></span> <span class='ocrx_word' id='word_1_352' title='bbox 1770 846 1802 865; x_wconf 87' lang='lat' dir='ltr'><strong>ac</strong></span> 
     </span>
    </p>
   </div>
   <div class='ocr_carea' id='block_1_47' title="bbox 1020 885 1803 915">
    <p class='ocr_par' dir='ltr' id='par_1_47' title="bbox 1020 885 1803 915">
     <span class='ocr_line' id='line_1_47' title="bbox 1020 885 1803 915; baseline -0.003 -1"><span class='ocrx_word' id='word_1_353' title='bbox 1020 887 1180 914; x_wconf 80' lang='lat' dir='ltr'><strong>feminarum</strong></span> <span class='ocrx_word' id='word_1_354' title='bbox 1194 895 1275 915; x_wconf 87' lang='lat' dir='ltr'><strong>cursu</strong></span> <span class='ocrx_word' id='word_1_355' title='bbox 1291 887 1468 914; x_wconf 87' lang='lat' dir='ltr'><strong>constitutum</strong></span> <span class='ocrx_word' id='word_1_356' title='bbox 1486 891 1554 914; x_wconf 84' lang='lat' dir='ltr'><strong>esto.</strong></span> <span class='ocrx_word' id='word_1_357' title='bbox 1577 886 1612 913; x_wconf 80' lang='lat' dir='ltr'><strong>At</strong></span> <span class='ocrx_word' id='word_1_358' title='bbox 1635 885 1803 913; x_wconf 73' lang='lat' dir='ltr'><strong>virium&#39;lir-</strong></span> 
     </span>
    </p>
   </div>
   <div class='ocr_carea' id='block_1_48' title="bbox 1020 933 1801 968">
    <p class='ocr_par' dir='ltr' id='par_1_48' title="bbox 1020 933 1801 968">
     <span class='ocr_line' id='line_1_48' title="bbox 1020 933 1801 968; baseline -0.003 -8"><span class='ocrx_word' id='word_1_359' title='bbox 1020 934 1122 961; x_wconf 85' lang='lat' dir='ltr'><strong>mitatis</strong></span> <span class='ocrx_word' id='word_1_360' title='bbox 1135 933 1263 968; x_wconf 76' lang='lat' dir='ltr'><strong>augendae</strong></span> <span class='ocrx_word' id='word_1_361' title='bbox 1275 941 1355 961; x_wconf 87' lang='lat' dir='ltr'><strong>causa</strong></span> <span class='ocrx_word' id='word_1_362' title='bbox 1369 955 1376 966; x_wconf 95' lang='lat'><strong>,</strong></span> <span class='ocrx_word' id='word_1_363' title='bbox 1398 933 1478 960; x_wconf 60' lang='lat' dir='ltr'><strong>luctas</strong></span> <span class='ocrx_word' id='word_1_364' title='bbox 1504 933 1564 960; x_wconf 91' lang='lat' dir='ltr'><strong>loco</strong></span> <span class='ocrx_word' id='word_1_365' title='bbox 1587 940 1618 959; x_wconf 91' lang='lat' dir='ltr'><strong>ac</strong></span> <span class='ocrx_word' id='word_1_366' title='bbox 1642 937 1801 959; x_wconf 61' lang='lat' dir='ltr'><strong>caterorum</strong></span> 
     </span>
    </p>
   </div>
   <div class='ocr_carea' id='block_1_49' title="bbox 1021 978 1805 1014">
    <p class='ocr_par' dir='ltr' id='par_1_49' title="bbox 1021 978 1805 1014">
     <span class='ocr_line' id='line_1_49' title="bbox 1021 978 1805 1014; baseline -0.001 -8"><span class='ocrx_word' id='word_1_367' title='bbox 1021 979 1155 1014; x_wconf 89' lang='lat' dir='ltr'><strong>ejusmodi</strong></span> <span class='ocrx_word' id='word_1_368' title='bbox 1169 1000 1176 1012; x_wconf 96' lang='lat'><strong>,</strong></span> <span class='ocrx_word' id='word_1_369' title='bbox 1192 979 1290 1014; x_wconf 85' lang='lat' dir='ltr'><strong>quibus</strong></span> <span class='ocrx_word' id='word_1_370' title='bbox 1308 987 1381 1006; x_wconf 88' lang='lat' dir='ltr'><strong>nunc</strong></span> <span class='ocrx_word' id='word_1_371' title='bbox 1397 979 1598 1006; x_wconf 84' lang='lat' dir='ltr'><strong>molestioribus</strong></span> <span class='ocrx_word' id='word_1_372' title='bbox 1621 986 1653 1006; x_wconf 87' lang='lat' dir='ltr'><strong>ac</strong></span> <span class='ocrx_word' id='word_1_373' title='bbox 1675 978 1805 1005; x_wconf 78' lang='lat' dir='ltr'><strong>difﬁcilio-</strong></span> 
     </span>
    </p>
   </div>
   <div class='ocr_carea' id='block_1_50' title="bbox 1020 1025 1802 1060">
    <p class='ocr_par' dir='ltr' id='par_1_50' title="bbox 1020 1025 1802 1060">
     <span class='ocr_line' id='line_1_50' title="bbox 1020 1025 1802 1060; baseline -0.001 -8"><span class='ocrx_word' id='word_1_374' title='bbox 1020 1025 1096 1053; x_wconf 89' lang='lat' dir='ltr'><strong>ribus</strong></span> <span class='ocrx_word' id='word_1_375' title='bbox 1109 1025 1221 1057; x_wconf 85' lang='lat' dir='ltr'><strong>utimur,</strong></span> <span class='ocrx_word' id='word_1_376' title='bbox 1236 1029 1346 1051; x_wconf 75' lang='lat' dir='ltr'><strong>armata:</strong></span> <span class='ocrx_word' id='word_1_377' title='bbox 1359 1032 1454 1060; x_wconf 64' lang='lat' dir='ltr'><strong>pugnat</strong></span> <span class='ocrx_word' id='word_1_378' title='bbox 1468 1025 1584 1059; x_wconf 84' lang='lat' dir='ltr'><strong>speciem</strong></span> <span class='ocrx_word' id='word_1_379' title='bbox 1602 1032 1783 1059; x_wconf 85' lang='lat' dir='ltr'><strong>proponemus</strong></span> <span class='ocrx_word' id='word_1_380' title='bbox 1796 1046 1802 1057; x_wconf 95' lang='lat'><strong>,</strong></span> 
     </span>
    </p>
   </div>
   <div class='ocr_carea' id='block_1_51' title="bbox 1022 1070 1804 1106">
    <p class='ocr_par' dir='ltr' id='par_1_51' title="bbox 1022 1070 1804 1106">
     <span class='ocr_line' id='line_1_51' title="bbox 1022 1070 1804 1106; baseline 0.001 -9"><span class='ocrx_word' id='word_1_381' title='bbox 1022 1071 1197 1106; x_wconf 84' lang='lat' dir='ltr'><strong>singulosque</strong></span> <span class='ocrx_word' id='word_1_382' title='bbox 1209 1078 1271 1098; x_wconf 94' lang='lat' dir='ltr'><strong>cum</strong></span> <span class='ocrx_word' id='word_1_383' title='bbox 1285 1070 1411 1105; x_wconf 82' lang='lat' dir='ltr'><strong>singulis,</strong></span> <span class='ocrx_word' id='word_1_384' title='bbox 1423 1075 1469 1097; x_wconf 85' lang='lat' dir='ltr'><strong>aut</strong></span> <span class='ocrx_word' id='word_1_385' title='bbox 1480 1078 1541 1097; x_wconf 92' lang='lat' dir='ltr'><strong>cum</strong></span> <span class='ocrx_word' id='word_1_386' title='bbox 1556 1070 1670 1105; x_wconf 80' lang='lat' dir='ltr'><strong>geminis</strong></span> <span class='ocrx_word' id='word_1_387' title='bbox 1681 1070 1804 1105; x_wconf 85' lang='lat' dir='ltr'><strong>geminos</strong></span> 
     </span>
    </p>
   </div>
   <div class='ocr_carea' id='block_1_52' title="bbox 1021 1115 1803 1151">
    <p class='ocr_par' dir='ltr' id='par_1_52' title="bbox 1021 1115 1803 1151">
     <span class='ocr_line' id='line_1_52' title="bbox 1021 1115 1803 1151; baseline -0.001 -8"><span class='ocrx_word' id='word_1_388' title='bbox 1021 1116 1250 1144; x_wconf 69' lang='lat' dir='ltr'><strong>committamus.)</strong></span> <span class='ocrx_word' id='word_1_389' title='bbox 1269 1115 1337 1143; x_wconf 92' lang='lat' dir='ltr'><strong>Tum</strong></span> <span class='ocrx_word' id='word_1_390' title='bbox 1350 1115 1440 1143; x_wconf 87' lang='lat' dir='ltr'><strong>statim</strong></span> <span class='ocrx_word' id='word_1_391' title='bbox 1454 1120 1514 1151; x_wconf 90' lang='lat' dir='ltr'><strong>post</strong></span> <span class='ocrx_word' id='word_1_392' title='bbox 1527 1116 1585 1142; x_wconf 62' lang='lat' dir='ltr'><strong>haec</strong></span> <span class='ocrx_word' id='word_1_393' title='bbox 1601 1116 1700 1142; x_wconf 88' lang='lat' dir='ltr'><strong>verba:</strong></span> <span class='ocrx_word' id='word_1_394' title='bbox 1716 1115 1803 1142; x_wconf 72' lang='lat' dir='ltr'><strong>«Idem</strong></span> 
     </span>
    </p>
   </div>
   <div class='ocr_carea' id='block_1_53' title="bbox 1023 1161 1805 1197">
    <p class='ocr_par' dir='ltr' id='par_1_53' title="bbox 1023 1161 1805 1197">
     <span class='ocr_line' id='line_1_53' title="bbox 1023 1161 1805 1197; baseline -0.001 -8"><span class='ocrx_word' id='word_1_395' title='bbox 1023 1162 1110 1197; x_wconf 90' lang='lat' dir='ltr'><strong>ipsum</strong></span> <span class='ocrx_word' id='word_1_396' title='bbox 1123 1162 1220 1189; x_wconf 83' lang='lat' dir='ltr'><strong>armati</strong></span> <span class='ocrx_word' id='word_1_397' title='bbox 1241 1161 1323 1197; x_wconf 88' lang='lat' dir='ltr'><strong>hujus</strong></span> <span class='ocrx_word' id='word_1_398' title='bbox 1344 1161 1499 1189; x_wconf 86' lang='lat' dir='ltr'><strong>certaminis</strong></span> <span class='ocrx_word' id='word_1_399' title='bbox 1521 1161 1650 1196; x_wconf 83' lang='lat' dir='ltr'><strong>praesides</strong></span> <span class='ocrx_word' id='word_1_400' title='bbox 1663 1181 1671 1194; x_wconf 83' lang='lat'><strong>,</strong></span> <span class='ocrx_word' id='word_1_401' title='bbox 1697 1165 1726 1188; x_wconf 88' lang='lat' dir='ltr'><strong>ut</strong></span> <span class='ocrx_word' id='word_1_402' title='bbox 1747 1161 1805 1196; x_wconf 82' lang='lat' dir='ltr'><strong>lege</strong></span> 
     </span>
    </p>
   </div>
   <div class='ocr_carea' id='block_1_54' title="bbox 1021 1206 1805 1243">
    <p class='ocr_par' dir='ltr' id='par_1_54' title="bbox 1021 1206 1805 1243">
     <span class='ocr_line' id='line_1_54' title="bbox 1021 1206 1805 1243; baseline -0.001 -8"><span class='ocrx_word' id='word_1_403' title='bbox 1021 1208 1156 1236; x_wconf 89' lang='lat' dir='ltr'><strong>sancitum</strong></span> <span class='ocrx_word' id='word_1_404' title='bbox 1184 1208 1275 1241; x_wconf 85' lang='lat' dir='ltr'><strong>velint,</strong></span> <span class='ocrx_word' id='word_1_405' title='bbox 1301 1207 1438 1235; x_wconf 84' lang='lat' dir='ltr'><strong>adhortari</strong></span> <span class='ocrx_word' id='word_1_406' title='bbox 1459 1207 1603 1242; x_wconf 83' lang='lat' dir='ltr'><strong>oportebit.</strong></span> <span class='ocrx_word' id='word_1_407' title='bbox 1622 1206 1739 1243; x_wconf 79' lang='lat' dir='ltr'><strong>Eadem,</strong></span> <span class='ocrx_word' id='word_1_408' title='bbox 1763 1208 1805 1234; x_wconf 93' lang='lat' dir='ltr'><strong>iu-</strong></span> 
     </span>
    </p>
   </div>
   <div class='ocr_carea' id='block_1_55' title="bbox 1023 1251 1804 1287">
    <p class='ocr_par' dir='ltr' id='par_1_55' title="bbox 1023 1251 1804 1287">
     <span class='ocr_line' id='line_1_55' title="bbox 1023 1251 1804 1287; baseline 0 -8"><span class='ocrx_word' id='word_1_409' title='bbox 1023 1253 1097 1287; x_wconf 87' lang='lat' dir='ltr'><strong>quit,</strong></span> <span class='ocrx_word' id='word_1_410' title='bbox 1115 1252 1148 1279; x_wconf 88' lang='lat' dir='ltr'><strong>de</strong></span> <span class='ocrx_word' id='word_1_411' title='bbox 1169 1252 1279 1287; x_wconf 85' lang='lat' dir='ltr'><strong>puellis,</strong></span> <span class='ocrx_word' id='word_1_412' title='bbox 1305 1251 1425 1286; x_wconf 87' lang='lat' dir='ltr'><strong>quaudiu</strong></span> <span class='ocrx_word' id='word_1_413' title='bbox 1448 1252 1567 1287; x_wconf 58' lang='lat' dir='ltr'><strong>innuptae</strong></span> <span class='ocrx_word' id='word_1_414' title='bbox 1590 1256 1715 1283; x_wconf 87' lang='lat' dir='ltr'><strong>manent,</strong></span> <span class='ocrx_word' id='word_1_415' title='bbox 1740 1259 1804 1279; x_wconf 87' lang='lat' dir='ltr'><strong>san-</strong></span> 
     </span>
    </p>
   </div>
   <div class='ocr_carea' id='block_1_56' title="bbox 1022 1297 1806 1332">
    <p class='ocr_par' dir='ltr' id='par_1_56' title="bbox 1022 1297 1806 1332">
     <span class='ocr_line' id='line_1_56' title="bbox 1022 1297 1806 1332; baseline -0.003 -7"><span class='ocrx_word' id='word_1_416' title='bbox 1022 1298 1156 1325; x_wconf 69' lang='lat' dir='ltr'><strong>ciuntur.»</strong></span> <span class='ocrx_word' id='word_1_417' title='bbox 1175 1297 1280 1325; x_wconf 80' lang='lat' dir='ltr'><strong>Rursus</strong></span> <span class='ocrx_word' id='word_1_418' title='bbox 1291 1318 1298 1330; x_wconf 95' lang='lat'><strong>,</strong></span> <span class='ocrx_word' id='word_1_419' title='bbox 1313 1297 1358 1324; x_wconf 90' lang='lat' dir='ltr'><strong>ubi</strong></span> <span class='ocrx_word' id='word_1_420' title='bbox 1375 1297 1560 1332; x_wconf 86' lang='lat' dir='ltr'><strong>superioribus</strong></span> <span class='ocrx_word' id='word_1_421' title='bbox 1575 1297 1628 1324; x_wconf 91' lang='lat' dir='ltr'><strong>illis</strong></span> <span class='ocrx_word' id='word_1_422' title='bbox 1641 1318 1648 1330; x_wconf 95' lang='lat'><strong>,</strong></span> <span class='ocrx_word' id='word_1_423' title='bbox 1668 1304 1751 1324; x_wconf 88' lang='lat' dir='ltr'><strong>novas</strong></span> <span class='ocrx_word' id='word_1_424' title='bbox 1773 1297 1806 1323; x_wconf 91' lang='lat' dir='ltr'><strong>de</strong></span> 
     </span>
    </p>
   </div>
   <div class='ocr_carea' id='block_1_57' title="bbox 1023 1341 1806 1379">
    <p class='ocr_par' dir='ltr' id='par_1_57' title="bbox 1023 1341 1806 1379">
     <span class='ocr_line' id='line_1_57' title="bbox 1023 1341 1806 1379; baseline -0.004 -8"><span class='ocrx_word' id='word_1_425' title='bbox 1023 1343 1173 1379; x_wconf 86' lang='lat' dir='ltr'><strong>peltastica,</strong></span> <span class='ocrx_word' id='word_1_426' title='bbox 1188 1343 1222 1370; x_wconf 90' lang='lat' dir='ltr'><strong>de</strong></span> <span class='ocrx_word' id='word_1_427' title='bbox 1235 1343 1384 1378; x_wconf 85' lang='lat' dir='ltr'><strong>pancratio,</strong></span> <span class='ocrx_word' id='word_1_428' title='bbox 1399 1343 1431 1370; x_wconf 90' lang='lat' dir='ltr'><strong>de</strong></span> <span class='ocrx_word' id='word_1_429' title='bbox 1446 1343 1590 1377; x_wconf 80' lang='lat' dir='ltr'><strong>sagittandi</strong></span> <span class='ocrx_word' id='word_1_430' title='bbox 1605 1347 1671 1374; x_wconf 87' lang='lat' dir='ltr'><strong>arte,</strong></span> <span class='ocrx_word' id='word_1_431' title='bbox 1687 1341 1721 1369; x_wconf 90' lang='lat' dir='ltr'><strong>de</strong></span> <span class='ocrx_word' id='word_1_432' title='bbox 1737 1342 1806 1377; x_wconf 88' lang='lat' dir='ltr'><strong>lapi-</strong></span> 
     </span>
    </p>
   </div>
   <div class='ocr_carea' id='block_1_58' title="bbox 1023 1389 1806 1425">
    <p class='ocr_par' dir='ltr' id='par_1_58' title="bbox 1023 1389 1806 1425">
     <span class='ocr_line' id='line_1_58' title="bbox 1023 1389 1806 1425; baseline -0.004 -7"><span class='ocrx_word' id='word_1_433' title='bbox 1023 1391 1102 1418; x_wconf 87' lang='lat' dir='ltr'><strong>dibus</strong></span> <span class='ocrx_word' id='word_1_434' title='bbox 1116 1398 1165 1418; x_wconf 88' lang='lat' dir='ltr'><strong>seu</strong></span> <span class='ocrx_word' id='word_1_435' title='bbox 1180 1397 1263 1417; x_wconf 88' lang='lat' dir='ltr'><strong>manu</strong></span> <span class='ocrx_word' id='word_1_436' title='bbox 1273 1411 1280 1422; x_wconf 93' lang='lat'><strong>,</strong></span> <span class='ocrx_word' id='word_1_437' title='bbox 1295 1397 1342 1417; x_wconf 88' lang='lat' dir='ltr'><strong>seu</strong></span> <span class='ocrx_word' id='word_1_438' title='bbox 1356 1389 1439 1417; x_wconf 90' lang='lat' dir='ltr'><strong>funda</strong></span> <span class='ocrx_word' id='word_1_439' title='bbox 1450 1389 1581 1425; x_wconf 90' lang='lat' dir='ltr'><strong>jacieudis</strong></span> <span class='ocrx_word' id='word_1_440' title='bbox 1595 1410 1602 1421; x_wconf 92' lang='lat'><strong>,</strong></span> <span class='ocrx_word' id='word_1_441' title='bbox 1619 1393 1756 1424; x_wconf 90' lang='lat' dir='ltr'><strong>postremo</strong></span> <span class='ocrx_word' id='word_1_442' title='bbox 1774 1389 1806 1415; x_wconf 91' lang='lat' dir='ltr'><strong>de</strong></span> 
     </span>
    </p>
   </div>
   <div class='ocr_carea' id='block_1_59' title="bbox 1023 1433 1805 1471">
    <p class='ocr_par' dir='ltr' id='par_1_59' title="bbox 1023 1433 1805 1471">
     <span class='ocr_line' id='line_1_59' title="bbox 1023 1433 1805 1471; baseline -0.005 -7"><span class='ocrx_word' id='word_1_443' title='bbox 1023 1433 1154 1471; x_wconf 75' lang='lat' dir='ltr'><strong>equorum</strong></span> <span class='ocrx_word' id='word_1_444' title='bbox 1171 1436 1320 1464; x_wconf 89' lang='lat' dir='ltr'><strong>certamine</strong></span> <span class='ocrx_word' id='word_1_445' title='bbox 1332 1436 1404 1471; x_wconf 87' lang='lat' dir='ltr'><strong>leges</strong></span> <span class='ocrx_word' id='word_1_446' title='bbox 1418 1435 1530 1469; x_wconf 87' lang='lat' dir='ltr'><strong>addidit,</strong></span> <span class='ocrx_word' id='word_1_447' title='bbox 1545 1435 1578 1462; x_wconf 91' lang='lat' dir='ltr'><strong>de</strong></span> <span class='ocrx_word' id='word_1_448' title='bbox 1594 1435 1702 1462; x_wconf 80' lang='lat' dir='ltr'><strong>feminis</strong></span> <span class='ocrx_word' id='word_1_449' title='bbox 1724 1434 1805 1461; x_wconf 85' lang='lat' dir='ltr'><strong>etiam</strong></span> 
     </span>
    </p>
   </div>
   <div class='ocr_carea' id='block_1_60' title="bbox 1023 1480 1806 1516">
    <p class='ocr_par' dir='ltr' id='par_1_60' title="bbox 1023 1480 1806 1516">
     <span class='ocr_line' id='line_1_60' title="bbox 1023 1480 1806 1516; baseline -0.005 -7"><span class='ocrx_word' id='word_1_450' title='bbox 1023 1483 1059 1509; x_wconf 91' lang='lat' dir='ltr'><strong>ita</strong></span> <span class='ocrx_word' id='word_1_451' title='bbox 1071 1482 1226 1510; x_wconf 86' lang='lat' dir='ltr'><strong>concludit:</strong></span> <span class='ocrx_word' id='word_1_452' title='bbox 1245 1491 1254 1507; x_wconf 76' lang='grc' dir='ltr'><strong>ι</strong></span> <span class='ocrx_word' id='word_1_453' title='bbox 1271 1481 1389 1509; x_wconf 76' lang='lat' dir='ltr'><strong>Femina:</strong></span> <span class='ocrx_word' id='word_1_454' title='bbox 1401 1481 1521 1516; x_wconf 87' lang='lat' dir='ltr'><strong>quidem,</strong></span> <span class='ocrx_word' id='word_1_455' title='bbox 1538 1487 1567 1508; x_wconf 86' lang='lat' dir='ltr'><strong>ut</strong></span> <span class='ocrx_word' id='word_1_456' title='bbox 1585 1481 1610 1508; x_wconf 94' lang='lat' dir='ltr'><strong>in</strong></span> <span class='ocrx_word' id='word_1_457' title='bbox 1627 1480 1806 1508; x_wconf 85' lang='lat' dir='ltr'><strong>certaminum</strong></span> 
     </span>
    </p>
   </div>
   <div class='ocr_carea' id='block_1_61' title="bbox 1024 1525 1807 1562">
    <p class='ocr_par' dir='ltr' id='par_1_61' title="bbox 1024 1525 1807 1562">
     <span class='ocr_line' id='line_1_61' title="bbox 1024 1525 1807 1562; baseline -0.005 -7"><span class='ocrx_word' id='word_1_458' title='bbox 1024 1528 1137 1556; x_wconf 89' lang='lat' dir='ltr'><strong>istorum</strong></span> <span class='ocrx_word' id='word_1_459' title='bbox 1153 1528 1310 1555; x_wconf 86' lang='lat' dir='ltr'><strong>societatem</strong></span> <span class='ocrx_word' id='word_1_460' title='bbox 1326 1527 1454 1558; x_wconf 89' lang='lat' dir='ltr'><strong>veniant,</strong></span> <span class='ocrx_word' id='word_1_461' title='bbox 1476 1526 1579 1562; x_wconf 87' lang='lat' dir='ltr'><strong>legibus</strong></span> <span class='ocrx_word' id='word_1_462' title='bbox 1590 1525 1738 1552; x_wconf 89' lang='lat' dir='ltr'><strong>autediclis</strong></span> <span class='ocrx_word' id='word_1_463' title='bbox 1761 1533 1807 1551; x_wconf 89' lang='lat' dir='ltr'><strong>co-</strong></span> 
     </span>
    </p>
   </div>
   <div class='ocr_carea' id='block_1_62' title="bbox 186 1571 971 1618">
    <p class='ocr_par' dir='ltr' id='par_1_62' title="bbox 186 1571 970 1609">
     <span class='ocr_line' id='line_1_62' title="bbox 186 1571 970 1609; baseline 0.001 -11"><span class='ocrx_word' id='word_1_464' title='bbox 186 1580 216 1598; x_wconf 86' lang='grc' dir='ltr'><strong>τε</strong></span> <span class='ocrx_word' id='word_1_465' title='bbox 230 1571 277 1598; x_wconf 79' lang='grc' dir='ltr'>καὶ</span> <span class='ocrx_word' id='word_1_466' title='bbox 291 1571 397 1606; x_wconf 80' lang='grc' dir='ltr'>ἡλικίας</span> <span class='ocrx_word' id='word_1_467' title='bbox 427 1572 498 1604; x_wconf 80' lang='grc' dir='ltr'>τινὸς</span> <span class='ocrx_word' id='word_1_468' title='bbox 524 1573 638 1609; x_wconf 83' lang='grc' dir='ltr'>ἐχούσης</span> <span class='ocrx_word' id='word_1_469' title='bbox 663 1573 781 1604; x_wconf 79' lang='grc' dir='ltr'>ἐοικυίας</span> <span class='ocrx_word' id='word_1_470' title='bbox 805 1575 970 1609; x_wconf 76' lang='grc' dir='ltr'>προφάσεις,</span> 
     </span>
    </p>
   </div>
   <div class='ocr_carea' id='block_1_63' title="bbox 1023 1571 1808 1618">
    <p class='ocr_par' dir='ltr' id='par_1_63' title="bbox 1024 1571 1808 1609">
     <span class='ocr_line' id='line_1_63' title="bbox 1024 1571 1808 1609; baseline -0.006 -8"><span class='ocrx_word' id='word_1_471' title='bbox 1024 1573 1116 1609; x_wconf 69' lang='lat' dir='ltr'><strong>gendaa</strong></span> <span class='ocrx_word' id='word_1_472' title='bbox 1137 1581 1192 1601; x_wconf 88' lang='lat' dir='ltr'><strong>non</strong></span> <span class='ocrx_word' id='word_1_473' title='bbox 1206 1577 1304 1601; x_wconf 89' lang='lat' dir='ltr'><strong>erunt:</strong></span> <span class='ocrx_word' id='word_1_474' title='bbox 1326 1573 1349 1601; x_wconf 90' lang='lat' dir='ltr'><strong>si</strong></span> <span class='ocrx_word' id='word_1_475' title='bbox 1374 1577 1462 1600; x_wconf 87' lang='lat' dir='ltr'><strong>tamen</strong></span> <span class='ocrx_word' id='word_1_476' title='bbox 1487 1572 1635 1607; x_wconf 83' lang='lat' dir='ltr'><strong>superioris</strong></span> <span class='ocrx_word' id='word_1_477' title='bbox 1658 1571 1808 1606; x_wconf 73' lang='lat' dir='ltr'><strong>disciplinae</strong></span> 
     </span>
    </p>
   </div>
   <div class='ocr_carea' id='block_1_64' title="bbox 187 1618 971 1655">
    <p class='ocr_par' dir='ltr' id='par_1_64' title="bbox 187 1618 971 1655">
     <span class='ocr_line' id='line_1_64' title="bbox 187 1618 971 1655; baseline 0.004 -12"><span class='ocrx_word' id='word_1_478' title='bbox 187 1619 305 1653; x_wconf 75' lang='grc' dir='ltr'>γυμνοὺς</span> <span class='ocrx_word' id='word_1_479' title='bbox 319 1618 366 1644; x_wconf 67' lang='grc' dir='ltr'>καὶ</span> <span class='ocrx_word' id='word_1_480' title='bbox 397 1619 513 1654; x_wconf 83' lang='grc' dir='ltr'>γυμνὰς,</span> <span class='ocrx_word' id='word_1_481' title='bbox 541 1619 620 1654; x_wconf 78' lang='grc' dir='ltr'>μέχρι</span> <span class='ocrx_word' id='word_1_482' title='bbox 651 1628 704 1654; x_wconf 83' lang='grc' dir='ltr'><strong>περ</strong></span> <span class='ocrx_word' id='word_1_483' title='bbox 725 1619 815 1651; x_wconf 77' lang='grc' dir='ltr'>αἰδοῦς</span> <span class='ocrx_word' id='word_1_484' title='bbox 836 1620 971 1655; x_wconf 75' lang='grc' dir='ltr'>σώφρονος</span> 
     </span>
    </p>
   </div>
   <div class='ocr_carea' id='block_1_65' title="bbox 187 1664 970 1700">
    <p class='ocr_par' dir='ltr' id='par_1_65' title="bbox 187 1664 970 1700">
     <span class='ocr_line' id='line_1_65' title="bbox 187 1664 970 1700; baseline 0.003 -10"><span class='ocrx_word' id='word_1_485' title='bbox 187 1664 320 1691; x_wconf 75' lang='grc' dir='ltr'>ἑκάστων.</span> <span class='ocrx_word' id='word_1_486' title='bbox 337 1674 346 1689; x_wconf 81' lang='grc' dir='ltr'><strong>ι</strong></span> <span class='ocrx_word' id='word_1_487' title='bbox 376 1665 447 1700; x_wconf 80' lang='grc' dir='ltr'>Πρὸς</span> <span class='ocrx_word' id='word_1_488' title='bbox 478 1664 582 1697; x_wconf 85' lang='grc' dir='ltr'>τούτοις</span> <span class='ocrx_word' id='word_1_489' title='bbox 616 1665 716 1693; x_wconf 74' lang='grc' dir='ltr'>ἅπασιν</span> <span class='ocrx_word' id='word_1_490' title='bbox 740 1666 889 1692; x_wconf 77' lang='grc' dir='ltr'>ἐπάκουσον</span> <span class='ocrx_word' id='word_1_491' title='bbox 926 1666 970 1694; x_wconf 77' lang='grc' dir='ltr'><strong>καὶ</strong></span> 
     </span>
    </p>
   </div>
   <div class='ocr_carea' id='block_1_66' title="bbox 186 1709 971 1746">
    <p class='ocr_par' dir='ltr' id='par_1_66' title="bbox 186 1709 971 1746">
     <span class='ocr_line' id='line_1_66' title="bbox 186 1709 971 1746; baseline 0.003 -10"><span class='ocrx_word' id='word_1_492' title='bbox 186 1709 270 1736; x_wconf 86' lang='grc' dir='ltr'>τῶνδε</span> <span class='ocrx_word' id='word_1_493' title='bbox 285 1710 339 1737; x_wconf 83' lang='grc' dir='ltr'>τῶν</span> <span class='ocrx_word' id='word_1_494' title='bbox 364 1711 392 1736; x_wconf 82' lang='grc' dir='ltr'>ὲν</span> <span class='ocrx_word' id='word_1_495' title='bbox 410 1711 550 1744; x_wconf 78' lang='grc' dir='ltr'>Πολιτείᾳ</span> <span class='ocrx_word' id='word_1_496' title='bbox 570 1712 634 1746; x_wconf 70' lang='grc' dir='ltr'>περὶ</span> <span class='ocrx_word' id='word_1_497' title='bbox 660 1711 706 1738; x_wconf 78' lang='grc' dir='ltr'>τοῦ</span> <span class='ocrx_word' id='word_1_498' title='bbox 733 1711 825 1744; x_wconf 80' lang='grc' dir='ltr'>κοινὰς</span> <span class='ocrx_word' id='word_1_499' title='bbox 839 1710 909 1739; x_wconf 82' lang='grc' dir='ltr'>εἶναι</span> <span class='ocrx_word' id='word_1_500' title='bbox 922 1712 971 1744; x_wconf 75' lang='grc' dir='ltr'>τὰς</span> 
     </span>
    </p>
   </div>
   <div class='ocr_carea' id='block_1_67' title="bbox 187 1756 970 1795">
    <p class='ocr_par' dir='ltr' id='par_1_67' title="bbox 187 1756 970 1795">
     <span class='ocr_line' id='line_1_67' title="bbox 187 1756 970 1795; baseline 0.005 -13"><span class='ocrx_word' id='word_1_501' title='bbox 187 1758 318 1790; x_wconf 77' lang='grc' dir='ltr'>γυναῖκας</span> <span class='ocrx_word' id='word_1_502' title='bbox 329 1757 422 1792; x_wconf 85' lang='grc' dir='ltr'>νόμου·</span> <span class='ocrx_word' id='word_1_503' title='bbox 442 1767 450 1784; x_wconf 74' lang='grc' dir='ltr'><strong>ι</strong></span> <span class='ocrx_word' id='word_1_504' title='bbox 469 1757 571 1793; x_wconf 87' lang='grc' dir='ltr'>Τούτῳ,</span> <span class='ocrx_word' id='word_1_505' title='bbox 585 1756 618 1794; x_wconf 83' lang='grc' dir='ltr'><strong>ἦν</strong></span> <span class='ocrx_word' id='word_1_506' title='bbox 633 1759 654 1785; x_wconf 77' lang='grc' dir='ltr'>δ’</span> <span class='ocrx_word' id='word_1_507' title='bbox 671 1759 725 1793; x_wconf 75' lang='grc' dir='ltr'>ἐγὼ</span> <span class='ocrx_word' id='word_1_508' title='bbox 738 1760 803 1795; x_wconf 82' lang='lat'><strong>(79),</strong></span> <span class='ocrx_word' id='word_1_509' title='bbox 817 1760 912 1786; x_wconf 71' lang='grc' dir='ltr'>ἕπεται</span> <span class='ocrx_word' id='word_1_510' title='bbox 929 1760 970 1786; x_wconf 88' lang='grc' dir='ltr'>νό-</span> 
     </span>
    </p>
   </div>
   <div class='ocr_carea' id='block_1_68' title="bbox 189 1804 971 1842">
    <p class='ocr_par' dir='ltr' id='par_1_68' title="bbox 189 1804 971 1842">
     <span class='ocr_line' id='line_1_68' title="bbox 189 1804 971 1842; baseline 0.003 -11"><span class='ocrx_word' id='word_1_511' title='bbox 189 1813 240 1841; x_wconf 74' lang='grc' dir='ltr'><strong>μος</strong></span> <span class='ocrx_word' id='word_1_512' title='bbox 256 1805 369 1837; x_wconf 76' lang='grc' dir='ltr'>καὶτοῖς</span> <span class='ocrx_word' id='word_1_513' title='bbox 385 1805 538 1841; x_wconf 74' lang='grc' dir='ltr'>ἔμπροσθεν</span> <span class='ocrx_word' id='word_1_514' title='bbox 552 1807 607 1837; x_wconf 86' lang='grc' dir='ltr'>τοῖς</span> <span class='ocrx_word' id='word_1_515' title='bbox 620 1806 718 1840; x_wconf 76' lang='grc' dir='ltr'>ἄλλοις,</span> <span class='ocrx_word' id='word_1_516' title='bbox 735 1807 771 1839; x_wconf 86' lang='grc' dir='ltr'>ὼς</span> <span class='ocrx_word' id='word_1_517' title='bbox 786 1804 902 1842; x_wconf 79' lang='grc' dir='ltr'>ἐγῷμαι,</span> <span class='ocrx_word' id='word_1_518' title='bbox 918 1807 971 1834; x_wconf 83' lang='grc' dir='ltr'>ὅδε.</span> 
     </span>
    </p>
   </div>
   <div class='ocr_carea' id='block_1_69' title="bbox 187 1850 971 1887">
    <p class='ocr_par' dir='ltr' id='par_1_69' title="bbox 187 1850 971 1887">
     <span class='ocr_line' id='line_1_69' title="bbox 187 1850 971 1887; baseline 0.003 -11"><span class='ocrx_word' id='word_1_519' title='bbox 187 1865 224 1871; x_wconf 92' lang='grc'><strong><em>--</em></strong></span> <span class='ocrx_word' id='word_1_520' title='bbox 233 1850 297 1884; x_wconf 88' lang='grc' dir='ltr'>Τίς;</span> <span class='ocrx_word' id='word_1_521' title='bbox 311 1867 347 1870; x_wconf 89' lang='grc'><strong>-</strong></span> <span class='ocrx_word' id='word_1_522' title='bbox 358 1850 413 1882; x_wconf 81' lang='grc' dir='ltr'><strong>Τὰς</strong></span> <span class='ocrx_word' id='word_1_523' title='bbox 432 1852 561 1885; x_wconf 85' lang='grc' dir='ltr'>γυναῖκας</span> <span class='ocrx_word' id='word_1_524' title='bbox 575 1851 676 1883; x_wconf 82' lang='grc' dir='ltr'>ταύτας</span> <span class='ocrx_word' id='word_1_525' title='bbox 687 1851 739 1878; x_wconf 84' lang='grc' dir='ltr'><strong>τῶν</strong></span> <span class='ocrx_word' id='word_1_526' title='bbox 756 1852 859 1887; x_wconf 79' lang='grc' dir='ltr'>ἀνδρῶν</span> <span class='ocrx_word' id='word_1_527' title='bbox 871 1852 971 1879; x_wconf 81' lang='grc' dir='ltr'>τούτων</span> 
     </span>
    </p>
   </div>
   <div class='ocr_carea' id='block_1_70' title="bbox 189 1893 972 1933">
    <p class='ocr_par' dir='ltr' id='par_1_70' title="bbox 189 1893 972 1933">
     <span class='ocr_line' id='line_1_70' title="bbox 189 1893 972 1933; baseline 0.003 -11"><span class='ocrx_word' id='word_1_528' title='bbox 189 1895 300 1922; x_wconf 85' lang='grc' dir='ltr'>πάντων</span> <span class='ocrx_word' id='word_1_529' title='bbox 313 1896 402 1927; x_wconf 86' lang='grc' dir='ltr'>πάσας</span> <span class='ocrx_word' id='word_1_530' title='bbox 415 1893 484 1922; x_wconf 88' lang='grc' dir='ltr'>εἶναι</span> <span class='ocrx_word' id='word_1_531' title='bbox 501 1897 602 1928; x_wconf 88' lang='grc' dir='ltr'>κοινὰς,</span> <span class='ocrx_word' id='word_1_532' title='bbox 629 1897 681 1932; x_wconf 80' lang='grc' dir='ltr'>ἰδίᾳ</span> <span class='ocrx_word' id='word_1_533' title='bbox 693 1896 722 1923; x_wconf 85' lang='grc' dir='ltr'>δὲ</span> <span class='ocrx_word' id='word_1_534' title='bbox 734 1897 828 1932; x_wconf 77' lang='grc' dir='ltr'>μηδενὶ</span> <span class='ocrx_word' id='word_1_535' title='bbox 840 1897 972 1933; x_wconf 87' lang='grc' dir='ltr'>μηδεμίαν</span> 
     </span>
    </p>
   </div>
   <div class='ocr_carea' id='block_1_71' title="bbox 190 1940 974 1979">
    <p class='ocr_par' dir='ltr' id='par_1_71' title="bbox 190 1940 974 1979">
     <span class='ocr_line' id='line_1_71' title="bbox 190 1940 974 1979; baseline 0.004 -12"><span class='ocrx_word' id='word_1_536' title='bbox 190 1942 392 1968; x_wconf 85' lang='grc' dir='ltr'>συνοικεῖν·καὶ</span> <span class='ocrx_word' id='word_1_537' title='bbox 422 1943 484 1973; x_wconf 79' lang='grc' dir='ltr'>τοὺς</span> <span class='ocrx_word' id='word_1_538' title='bbox 509 1942 606 1974; x_wconf 87' lang='grc' dir='ltr'>παῖδας</span> <span class='ocrx_word' id='word_1_539' title='bbox 631 1940 664 1969; x_wconf 82' lang='grc' dir='ltr'>αὖ</span> <span class='ocrx_word' id='word_1_540' title='bbox 694 1944 808 1976; x_wconf 87' lang='grc' dir='ltr'>κοινοὺς,</span> <span class='ocrx_word' id='word_1_541' title='bbox 838 1944 884 1970; x_wconf 76' lang='grc' dir='ltr'><strong>καὶ</strong></span> <span class='ocrx_word' id='word_1_542' title='bbox 906 1945 974 1979; x_wconf 86' lang='grc' dir='ltr'>μήτε</span> 
     </span>
    </p>
   </div>
   <div class='ocr_carea' id='block_1_72' title="bbox 188 1987 970 2024">
    <p class='ocr_par' dir='ltr' id='par_1_72' title="bbox 188 1987 970 2024">
     <span class='ocr_line' id='line_1_72' title="bbox 188 1987 970 2024; baseline 0.004 -11"><span class='ocrx_word' id='word_1_543' title='bbox 188 1987 270 2021; x_wconf 83' lang='grc' dir='ltr'>γονέα</span> <span class='ocrx_word' id='word_1_544' title='bbox 283 1987 393 2022; x_wconf 83' lang='grc' dir='ltr'>ἔκγονον</span> <span class='ocrx_word' id='word_1_545' title='bbox 406 1988 503 2014; x_wconf 80' lang='grc' dir='ltr'>εἰδέναι</span> <span class='ocrx_word' id='word_1_546' title='bbox 519 1987 564 2014; x_wconf 81' lang='grc' dir='ltr'><strong>τὸν</strong></span> <span class='ocrx_word' id='word_1_547' title='bbox 577 1987 669 2020; x_wconf 82' lang='grc' dir='ltr'>αὑτοῦ,</span> <span class='ocrx_word' id='word_1_548' title='bbox 685 1989 752 2024; x_wconf 81' lang='grc' dir='ltr'>μήτε</span> <span class='ocrx_word' id='word_1_549' title='bbox 768 1989 849 2016; x_wconf 87' lang='grc' dir='ltr'>παῖδα</span> <span class='ocrx_word' id='word_1_550' title='bbox 865 1989 970 2023; x_wconf 75' lang='grc' dir='ltr'>γονέα.»</span> 
     </span>
    </p>
   </div>
   <div class='ocr_carea' id='block_1_73' title="bbox 188 2033 974 2071">
    <p class='ocr_par' dir='ltr' id='par_1_73' title="bbox 188 2033 974 2071">
     <span class='ocr_line' id='line_1_73' title="bbox 188 2033 974 2071; baseline 0.001 -10"><span class='ocrx_word' id='word_1_551' title='bbox 188 2034 246 2061; x_wconf 79' lang='grc' dir='ltr'><strong>Καὶ</strong></span> <span class='ocrx_word' id='word_1_552' title='bbox 257 2033 318 2068; x_wconf 83' lang='grc' dir='ltr'>ἐξῆς</span> <span class='ocrx_word' id='word_1_553' title='bbox 331 2033 460 2068; x_wconf 82' lang='grc' dir='ltr'>ἐπιλέγει·</span> <span class='ocrx_word' id='word_1_554' title='bbox 478 2043 487 2059; x_wconf 83' lang='grc' dir='ltr'><strong>ι</strong></span> <span class='ocrx_word' id='word_1_555' title='bbox 502 2034 590 2068; x_wconf 71' lang='grc' dir='ltr'>Εἰκὸς,</span> <span class='ocrx_word' id='word_1_556' title='bbox 607 2034 668 2070; x_wconf 79' lang='grc' dir='ltr'><strong>ἔφη.</strong></span> <span class='ocrx_word' id='word_1_557' title='bbox 679 2035 755 2060; x_wconf 80' lang='grc' dir='ltr'><strong>-Σὺ</strong></span> <span class='ocrx_word' id='word_1_558' title='bbox 769 2035 817 2070; x_wconf 82' lang='grc' dir='ltr'><strong>μὲν</strong></span> <span class='ocrx_word' id='word_1_559' title='bbox 828 2035 925 2067; x_wconf 84' lang='grc' dir='ltr'>τοίνυν,</span> <span class='ocrx_word' id='word_1_560' title='bbox 940 2033 974 2071; x_wconf 82' lang='grc' dir='ltr'><strong>ἦν</strong></span> 
     </span>
    </p>
   </div>
   <div class='ocr_carea' id='block_1_74' title="bbox 188 2079 975 2116">
    <p class='ocr_par' dir='ltr' id='par_1_74' title="bbox 188 2079 975 2116">
     <span class='ocr_line' id='line_1_74' title="bbox 188 2079 975 2116; baseline 0.004 -11"><span class='ocrx_word' id='word_1_561' title='bbox 188 2079 212 2106; x_wconf 81' lang='grc' dir='ltr'>δ’</span> <span class='ocrx_word' id='word_1_562' title='bbox 227 2079 290 2113; x_wconf 86' lang='grc' dir='ltr'>ἐγὼ,</span> <span class='ocrx_word' id='word_1_563' title='bbox 308 2080 322 2106; x_wconf 82' lang='grc' dir='ltr'><strong>δ</strong></span> <span class='ocrx_word' id='word_1_564' title='bbox 332 2079 488 2114; x_wconf 78' lang='grc' dir='ltr'>νομοθέτης,</span> <span class='ocrx_word' id='word_1_565' title='bbox 500 2080 590 2112; x_wconf 80' lang='grc' dir='ltr'>αὐτοῖς</span> <span class='ocrx_word' id='word_1_566' title='bbox 601 2080 694 2116; x_wconf 83' lang='grc' dir='ltr'>ὥσπερ</span> <span class='ocrx_word' id='word_1_567' title='bbox 708 2082 770 2113; x_wconf 85' lang='grc' dir='ltr'>τοὺς</span> <span class='ocrx_word' id='word_1_568' title='bbox 786 2081 893 2116; x_wconf 76' lang='grc' dir='ltr'>ἄνδρας,</span> <span class='ocrx_word' id='word_1_569' title='bbox 905 2081 975 2108; x_wconf 74' lang='grc' dir='ltr'>οὕτω</span> 
     </span>
    </p>
   </div>
   <div class='ocr_carea' id='block_1_75' title="bbox 190 2125 975 2166">
    <p class='ocr_par' dir='ltr' id='par_1_75' title="bbox 190 2125 975 2166">
     <span class='ocr_line' id='line_1_75' title="bbox 190 2125 975 2166; baseline 0.004 -15"><span class='ocrx_word' id='word_1_570' title='bbox 190 2126 238 2152; x_wconf 76' lang='grc' dir='ltr'><strong>καὶ</strong></span> <span class='ocrx_word' id='word_1_571' title='bbox 255 2125 303 2157; x_wconf 70' lang='grc' dir='ltr'>τὰς</span> <span class='ocrx_word' id='word_1_572' title='bbox 317 2128 447 2160; x_wconf 82' lang='grc' dir='ltr'>γυναῖκας</span> <span class='ocrx_word' id='word_1_573' title='bbox 459 2126 579 2159; x_wconf 77' lang='grc' dir='ltr'>ἐκλέξας,</span> <span class='ocrx_word' id='word_1_574' title='bbox 601 2127 771 2162; x_wconf 77' lang='grc' dir='ltr'>παραδώσεις</span> <span class='ocrx_word' id='word_1_575' title='bbox 791 2128 906 2154; x_wconf 85' lang='grc' dir='ltr'>καθόσον</span> <span class='ocrx_word' id='word_1_576' title='bbox 921 2125 975 2166; x_wconf 51' lang='grc' dir='ltr'>οἷον</span> 
     </span>
    </p>
   </div>
   <div class='ocr_carea' id='block_1_76' title="bbox 189 2171 977 2206">
    <p class='ocr_par' dir='ltr' id='par_1_76' title="bbox 189 2171 977 2206">
     <span class='ocr_line' id='line_1_76' title="bbox 189 2171 977 2206; baseline 0.005 -10"><span class='ocrx_word' id='word_1_577' title='bbox 189 2179 222 2197; x_wconf 80' lang='grc' dir='ltr'><strong>τε</strong></span> <span class='ocrx_word' id='word_1_578' title='bbox 232 2171 369 2206; x_wconf 81' lang='grc' dir='ltr'>ὁμοφυεῖς·</span> <span class='ocrx_word' id='word_1_579' title='bbox 383 2172 408 2198; x_wconf 83' lang='grc' dir='ltr'>οἱ</span> <span class='ocrx_word' id='word_1_580' title='bbox 424 2172 452 2198; x_wconf 84' lang='grc' dir='ltr'>δὲ</span> <span class='ocrx_word' id='word_1_581' title='bbox 472 2172 518 2198; x_wconf 64' lang='lat' dir='ltr'><strong>{ita</strong></span> <span class='ocrx_word' id='word_1_582' title='bbox 533 2173 620 2204; x_wconf 82' lang='grc' dir='ltr'>οἰκίας</span> <span class='ocrx_word' id='word_1_583' title='bbox 635 2182 666 2199; x_wconf 88' lang='grc' dir='ltr'><strong>τε</strong></span> <span class='ocrx_word' id='word_1_584' title='bbox 686 2174 732 2200; x_wconf 76' lang='grc' dir='ltr'><strong>καὶ</strong></span> <span class='ocrx_word' id='word_1_585' title='bbox 758 2173 880 2206; x_wconf 80' lang='grc' dir='ltr'>ξυσσίτια</span> <span class='ocrx_word' id='word_1_586' title='bbox 900 2174 977 2200; x_wconf 75' lang='grc' dir='ltr'>κοινὰ</span> 
     </span>
    </p>
   </div>
   <div class='ocr_carea' id='block_1_77' title="bbox 191 2214 976 2253">
    <p class='ocr_par' dir='ltr' id='par_1_77' title="bbox 191 2214 976 2253">
     <span class='ocr_line' id='line_1_77' title="bbox 191 2214 976 2253; baseline 0.005 -12"><span class='ocrx_word' id='word_1_587' title='bbox 191 2214 309 2250; x_wconf 72' lang='grc' dir='ltr'>ἔχοντες,</span> <span class='ocrx_word' id='word_1_588' title='bbox 339 2216 391 2251; x_wconf 74' lang='grc' dir='ltr'>ἰδίᾳ</span> <span class='ocrx_word' id='word_1_589' title='bbox 405 2216 432 2242; x_wconf 81' lang='grc' dir='ltr'><strong>δὲ</strong></span> <span class='ocrx_word' id='word_1_590' title='bbox 453 2217 558 2248; x_wconf 70' lang='grc' dir='ltr'>οὐδενὸς</span> <span class='ocrx_word' id='word_1_591' title='bbox 572 2217 646 2244; x_wconf 80' lang='grc' dir='ltr'>οὐδὲν</span> <span class='ocrx_word' id='word_1_592' title='bbox 660 2217 778 2244; x_wconf 80' lang='grc' dir='ltr'>τοιοῦτον</span> <span class='ocrx_word' id='word_1_593' title='bbox 798 2218 976 2253; x_wconf 83' lang='grc' dir='ltr'>κεκτημένου,</span> 
     </span>
    </p>
   </div>
   <div class='ocr_carea' id='block_1_78' title="bbox 1023 1618 1808 1655">
    <p class='ocr_par' dir='ltr' id='par_1_78' title="bbox 1023 1618 1808 1655">
     <span class='ocr_line' id='line_1_78' title="bbox 1023 1618 1808 1655; baseline -0.004 -8"><span class='ocrx_word' id='word_1_594' title='bbox 1023 1620 1174 1647; x_wconf 87' lang='lat' dir='ltr'><strong>rationibus</strong></span> <span class='ocrx_word' id='word_1_595' title='bbox 1188 1619 1245 1655; x_wconf 85' lang='lat' dir='ltr'><strong>jam</strong></span> <span class='ocrx_word' id='word_1_596' title='bbox 1259 1620 1285 1646; x_wconf 90' lang='lat' dir='ltr'><strong>in</strong></span> <span class='ocrx_word' id='word_1_597' title='bbox 1302 1627 1391 1647; x_wconf 86' lang='lat' dir='ltr'><strong>mores</strong></span> <span class='ocrx_word' id='word_1_598' title='bbox 1404 1627 1455 1647; x_wconf 91' lang='lat' dir='ltr'><strong>usu</strong></span> <span class='ocrx_word' id='word_1_599' title='bbox 1468 1619 1592 1654; x_wconf 85' lang='lat' dir='ltr'><strong>receptis,</strong></span> <span class='ocrx_word' id='word_1_600' title='bbox 1606 1619 1693 1646; x_wconf 82' lang='lat' dir='ltr'><strong>aliena</strong></span> <span class='ocrx_word' id='word_1_601' title='bbox 1704 1624 1760 1646; x_wconf 86' lang='lat' dir='ltr'><strong>tum</strong></span> <span class='ocrx_word' id='word_1_602' title='bbox 1774 1618 1808 1644; x_wconf 89' lang='lat' dir='ltr'><strong>ab</strong></span> 
     </span>
    </p>
   </div>
   <div class='ocr_carea' id='block_1_79' title="bbox 1022 1665 1807 1700">
    <p class='ocr_par' dir='ltr' id='par_1_79' title="bbox 1022 1665 1807 1700">
     <span class='ocr_line' id='line_1_79' title="bbox 1022 1665 1807 1700; baseline -0.003 -8"><span class='ocrx_word' id='word_1_603' title='bbox 1022 1666 1056 1693; x_wconf 88' lang='lat' dir='ltr'><strong>iis</strong></span> <span class='ocrx_word' id='word_1_604' title='bbox 1071 1670 1168 1693; x_wconf 86' lang='lat' dir='ltr'><strong>natura</strong></span> <span class='ocrx_word' id='word_1_605' title='bbox 1184 1673 1238 1692; x_wconf 91' lang='lat' dir='ltr'><strong>non</strong></span> <span class='ocrx_word' id='word_1_606' title='bbox 1254 1665 1315 1697; x_wconf 90' lang='lat' dir='ltr'><strong>erit,</strong></span> <span class='ocrx_word' id='word_1_607' title='bbox 1331 1665 1406 1700; x_wconf 85' lang='lat' dir='ltr'><strong>pueri</strong></span> <span class='ocrx_word' id='word_1_608' title='bbox 1421 1665 1501 1692; x_wconf 87' lang='lat' dir='ltr'><strong>simul</strong></span> <span class='ocrx_word' id='word_1_609' title='bbox 1520 1673 1551 1692; x_wconf 89' lang='lat' dir='ltr'><strong>ac</strong></span> <span class='ocrx_word' id='word_1_610' title='bbox 1565 1665 1660 1700; x_wconf 71' lang='lat' dir='ltr'><strong>puellae</strong></span> <span class='ocrx_word' id='word_1_611' title='bbox 1683 1665 1807 1692; x_wconf 90' lang='lat' dir='ltr'><strong>sinantur</strong></span> 
     </span>
    </p>
   </div>
   <div class='ocr_carea' id='block_1_80' title="bbox 1023 1709 1811 1745">
    <p class='ocr_par' dir='ltr' id='par_1_80' title="bbox 1023 1709 1811 1745">
     <span class='ocr_line' id='line_1_80' title="bbox 1023 1709 1811 1745; baseline -0.003 -7"><span class='ocrx_word' id='word_1_612' title='bbox 1023 1711 1050 1738; x_wconf 93' lang='lat' dir='ltr'><strong>in</strong></span> <span class='ocrx_word' id='word_1_613' title='bbox 1066 1718 1160 1738; x_wconf 88' lang='lat' dir='ltr'><strong>eorum</strong></span> <span class='ocrx_word' id='word_1_614' title='bbox 1170 1710 1329 1738; x_wconf 86' lang='lat' dir='ltr'><strong>tractatione</strong></span> <span class='ocrx_word' id='word_1_615' title='bbox 1342 1710 1455 1742; x_wconf 87' lang='lat' dir='ltr'><strong>versari,</strong></span> <span class='ocrx_word' id='word_1_616' title='bbox 1465 1709 1620 1745; x_wconf 87' lang='lat' dir='ltr'><strong>factumque</strong></span> <span class='ocrx_word' id='word_1_617' title='bbox 1632 1709 1811 1745; x_wconf 80' lang='lat' dir='ltr'><strong>reprehendat</strong></span> 
     </span>
    </p>
   </div>
   <div class='ocr_carea' id='block_1_81' title="bbox 1022 1755 1809 1791">
    <p class='ocr_par' dir='ltr' id='par_1_81' title="bbox 1022 1755 1809 1791">
     <span class='ocr_line' id='line_1_81' title="bbox 1022 1755 1809 1791; baseline -0.001 -8"><span class='ocrx_word' id='word_1_618' title='bbox 1022 1764 1136 1784; x_wconf 70' lang='lat' dir='ltr'><strong>nemo.n</strong></span> <span class='ocrx_word' id='word_1_619' title='bbox 1167 1755 1230 1784; x_wconf 64' lang='lat' dir='ltr'><strong>Haec</strong></span> <span class='ocrx_word' id='word_1_620' title='bbox 1258 1755 1334 1783; x_wconf 89' lang='lat' dir='ltr'><strong>Plato</strong></span> <span class='ocrx_word' id='word_1_621' title='bbox 1360 1756 1393 1783; x_wconf 92' lang='lat' dir='ltr'><strong>de</strong></span> <span class='ocrx_word' id='word_1_622' title='bbox 1423 1756 1593 1784; x_wconf 89' lang='lat' dir='ltr'><strong>mulieribus.</strong></span> <span class='ocrx_word' id='word_1_623' title='bbox 1620 1756 1702 1791; x_wconf 79' lang='lat'><strong>708</strong></span> <span class='ocrx_word' id='word_1_624' title='bbox 1724 1755 1809 1789; x_wconf 80' lang='lat' dir='ltr'><strong>Cujus</strong></span> 
     </span>
    </p>
   </div>
   <div class='ocr_carea' id='block_1_82' title="bbox 1022 1801 1805 1838">
    <p class='ocr_par' dir='ltr' id='par_1_82' title="bbox 1022 1801 1805 1838">
     <span class='ocr_line' id='line_1_82' title="bbox 1022 1801 1805 1838; baseline -0.001 -9"><span class='ocrx_word' id='word_1_625' title='bbox 1022 1803 1103 1830; x_wconf 86' lang='lat' dir='ltr'><strong>etiam</strong></span> <span class='ocrx_word' id='word_1_626' title='bbox 1120 1802 1162 1830; x_wconf 81' lang='lat' dir='ltr'><strong>lex</strong></span> <span class='ocrx_word' id='word_1_627' title='bbox 1175 1802 1218 1829; x_wconf 93' lang='lat' dir='ltr'><strong>illa</strong></span> <span class='ocrx_word' id='word_1_628' title='bbox 1231 1806 1292 1836; x_wconf 91' lang='lat' dir='ltr'><strong>est,</strong></span> <span class='ocrx_word' id='word_1_629' title='bbox 1315 1809 1380 1829; x_wconf 89' lang='lat' dir='ltr'><strong>sane</strong></span> <span class='ocrx_word' id='word_1_630' title='bbox 1397 1809 1478 1837; x_wconf 84' lang='lat' dir='ltr'><strong>quam</strong></span> <span class='ocrx_word' id='word_1_631' title='bbox 1505 1802 1631 1838; x_wconf 78' lang='lat' dir='ltr'><strong>egregia:</strong></span> <span class='ocrx_word' id='word_1_632' title='bbox 1661 1812 1670 1828; x_wconf 86' lang='grc'><strong>‹</strong></span> <span class='ocrx_word' id='word_1_633' title='bbox 1690 1801 1718 1829; x_wconf 89' lang='lat' dir='ltr'><strong>Si</strong></span> <span class='ocrx_word' id='word_1_634' title='bbox 1743 1802 1805 1836; x_wconf 91' lang='lat' dir='ltr'><strong>quis</strong></span> 
     </span>
    </p>
   </div>
   <div class='ocr_carea' id='block_1_83' title="bbox 1024 1847 1810 1883">
    <p class='ocr_par' dir='ltr' id='par_1_83' title="bbox 1024 1847 1810 1883">
     <span class='ocr_line' id='line_1_83' title="bbox 1024 1847 1810 1883; baseline 0.001 -9"><span class='ocrx_word' id='word_1_635' title='bbox 1024 1848 1093 1875; x_wconf 87' lang='lat' dir='ltr'><strong>filias</strong></span> <span class='ocrx_word' id='word_1_636' title='bbox 1110 1848 1260 1882; x_wconf 86' lang='lat' dir='ltr'><strong>reliquerit,</strong></span> <span class='ocrx_word' id='word_1_637' title='bbox 1279 1848 1318 1874; x_wconf 92' lang='lat' dir='ltr'><strong>uti</strong></span> <span class='ocrx_word' id='word_1_638' title='bbox 1334 1847 1459 1875; x_wconf 83' lang='lat' dir='ltr'><strong>similiter</strong></span> <span class='ocrx_word' id='word_1_639' title='bbox 1474 1855 1506 1875; x_wconf 86' lang='lat' dir='ltr'><strong>ea</strong></span> <span class='ocrx_word' id='word_1_640' title='bbox 1521 1847 1691 1883; x_wconf 77' lang='lat' dir='ltr'><strong>cognationis</strong></span> <span class='ocrx_word' id='word_1_641' title='bbox 1712 1848 1739 1874; x_wconf 93' lang='lat' dir='ltr'><strong>in</strong></span> <span class='ocrx_word' id='word_1_642' title='bbox 1755 1848 1810 1875; x_wconf 88' lang='lat' dir='ltr'><strong>fra-</strong></span> 
     </span>
    </p>
   </div>
   <div class='ocr_carea' id='block_1_84' title="bbox 1023 1893 1809 1926">
    <p class='ocr_par' dir='ltr' id='par_1_84' title="bbox 1023 1893 1809 1926">
     <span class='ocr_line' id='line_1_84' title="bbox 1023 1893 1809 1926; baseline -0.001 -5"><span class='ocrx_word' id='word_1_643' title='bbox 1023 1899 1095 1921; x_wconf 85' lang='lat' dir='ltr'><strong>trum</strong></span> <span class='ocrx_word' id='word_1_644' title='bbox 1118 1897 1145 1921; x_wconf 87' lang='lat' dir='ltr'><strong>et</strong></span> <span class='ocrx_word' id='word_1_645' title='bbox 1168 1894 1392 1922; x_wconf 87' lang='lat' dir='ltr'><strong>consobrinorum</strong></span> <span class='ocrx_word' id='word_1_646' title='bbox 1419 1893 1488 1921; x_wconf 89' lang='lat' dir='ltr'><strong>serie</strong></span> <span class='ocrx_word' id='word_1_647' title='bbox 1512 1893 1581 1920; x_wconf 84' lang='lat' dir='ltr'><strong>ratio</strong></span> <span class='ocrx_word' id='word_1_648' title='bbox 1607 1894 1757 1926; x_wconf 83' lang='lat' dir='ltr'><strong>habeatur,</strong></span> <span class='ocrx_word' id='word_1_649' title='bbox 1771 1895 1809 1920; x_wconf 90' lang='lat' dir='ltr'><strong>uti</strong></span> 
     </span>
    </p>
   </div>
   <div class='ocr_carea' id='block_1_85' title="bbox 1023 1939 1809 1974">
    <p class='ocr_par' dir='ltr' id='par_1_85' title="bbox 1023 1939 1809 1974">
     <span class='ocr_line' id='line_1_85' title="bbox 1023 1939 1809 1974; baseline -0.001 -7"><span class='ocrx_word' id='word_1_650' title='bbox 1023 1940 1117 1967; x_wconf 88' lang='lat' dir='ltr'><strong>eodem</strong></span> <span class='ocrx_word' id='word_1_651' title='bbox 1130 1940 1156 1966; x_wconf 92' lang='lat' dir='ltr'><strong>in</strong></span> <span class='ocrx_word' id='word_1_652' title='bbox 1174 1947 1287 1974; x_wconf 81' lang='lat' dir='ltr'><strong>genere,</strong></span> <span class='ocrx_word' id='word_1_653' title='bbox 1300 1947 1332 1967; x_wconf 82' lang='lat' dir='ltr'><strong>ex</strong></span> <span class='ocrx_word' id='word_1_654' title='bbox 1348 1939 1465 1967; x_wconf 90' lang='lat' dir='ltr'><strong>marium</strong></span> <span class='ocrx_word' id='word_1_655' title='bbox 1488 1939 1555 1974; x_wconf 85' lang='lat' dir='ltr'><strong>ipsis</strong></span> <span class='ocrx_word' id='word_1_656' title='bbox 1583 1939 1689 1974; x_wconf 90' lang='lat' dir='ltr'><strong>primo,</strong></span> <span class='ocrx_word' id='word_1_657' title='bbox 1719 1940 1765 1974; x_wconf 90' lang='lat' dir='ltr'><strong>qui</strong></span> <span class='ocrx_word' id='word_1_658' title='bbox 1786 1940 1809 1967; x_wconf 88' lang='lat' dir='ltr'><strong>si</strong></span> 
     </span>
    </p>
   </div>
   <div class='ocr_carea' id='block_1_86' title="bbox 1024 1981 1812 2019">
    <p class='ocr_par' dir='ltr' id='par_1_86' title="bbox 1024 1981 1812 2019">
     <span class='ocr_line' id='line_1_86' title="bbox 1024 1981 1812 2019; baseline -0.001 -7"><span class='ocrx_word' id='word_1_659' title='bbox 1024 1985 1091 2012; x_wconf 91' lang='lat' dir='ltr'><strong>nulli</strong></span> <span class='ocrx_word' id='word_1_660' title='bbox 1104 1990 1200 2018; x_wconf 82' lang='lat' dir='ltr'><strong>erunt,</strong></span> <span class='ocrx_word' id='word_1_661' title='bbox 1217 1992 1273 2013; x_wconf 89' lang='lat' dir='ltr'><strong>tum</strong></span> <span class='ocrx_word' id='word_1_662' title='bbox 1289 1986 1397 2014; x_wconf 87' lang='lat' dir='ltr'><strong>demum</strong></span> <span class='ocrx_word' id='word_1_663' title='bbox 1419 1993 1451 2013; x_wconf 76' lang='lat' dir='ltr'><strong>ex</strong></span> <span class='ocrx_word' id='word_1_664' title='bbox 1475 1984 1640 2012; x_wconf 87' lang='lat' dir='ltr'><strong>feminarum</strong></span> <span class='ocrx_word' id='word_1_665' title='bbox 1658 1985 1741 2019; x_wconf 90' lang='lat' dir='ltr'><strong>stirpe</strong></span> <span class='ocrx_word' id='word_1_666' title='bbox 1760 1981 1812 2011; x_wconf 82' lang='lat' dir='ltr'><strong>viri</strong></span> 
     </span>
    </p>
   </div>
   <div class='ocr_carea' id='block_1_87' title="bbox 1026 2031 1810 2066">
    <p class='ocr_par' dir='ltr' id='par_1_87' title="bbox 1026 2031 1810 2066">
     <span class='ocr_line' id='line_1_87' title="bbox 1026 2031 1810 2066; baseline -0.001 -8"><span class='ocrx_word' id='word_1_667' title='bbox 1026 2036 1177 2060; x_wconf 90' lang='lat' dir='ltr'><strong>sumantur.</strong></span> <span class='ocrx_word' id='word_1_668' title='bbox 1195 2031 1285 2061; x_wconf 54' lang='lat' dir='ltr'><strong>[Etate</strong></span> <span class='ocrx_word' id='word_1_669' title='bbox 1300 2039 1381 2065; x_wconf 90' lang='lat' dir='ltr'><strong>vero,</strong></span> <span class='ocrx_word' id='word_1_670' title='bbox 1397 2039 1480 2066; x_wconf 89' lang='lat' dir='ltr'><strong>quam</strong></span> <span class='ocrx_word' id='word_1_671' title='bbox 1495 2031 1528 2058; x_wconf 88' lang='lat' dir='ltr'><strong>ad</strong></span> <span class='ocrx_word' id='word_1_672' title='bbox 1555 2031 1662 2066; x_wconf 89' lang='lat' dir='ltr'><strong>nuptias</strong></span> <span class='ocrx_word' id='word_1_673' title='bbox 1688 2031 1730 2058; x_wconf 90' lang='lat' dir='ltr'><strong>vel</strong></span> <span class='ocrx_word' id='word_1_674' title='bbox 1753 2031 1810 2065; x_wconf 85' lang='lat' dir='ltr'><strong>pari</strong></span> 
     </span>
    </p>
   </div>
   <div class='ocr_carea' id='block_1_88' title="bbox 1027 2077 1814 2112">
    <p class='ocr_par' dir='ltr' id='par_1_88' title="bbox 1027 2077 1814 2112">
     <span class='ocr_line' id='line_1_88' title="bbox 1027 2077 1814 2112; baseline -0.004 -7"><span class='ocrx_word' id='word_1_675' title='bbox 1027 2078 1099 2110; x_wconf 84' lang='lat' dir='ltr'><strong>sint,</strong></span> <span class='ocrx_word' id='word_1_676' title='bbox 1114 2077 1156 2104; x_wconf 87' lang='lat' dir='ltr'><strong>vel</strong></span> <span class='ocrx_word' id='word_1_677' title='bbox 1173 2077 1287 2112; x_wconf 84' lang='lat' dir='ltr'><strong>impari,</strong></span> <span class='ocrx_word' id='word_1_678' title='bbox 1301 2077 1384 2111; x_wconf 82' lang='lat' dir='ltr'><strong>judex</strong></span> <span class='ocrx_word' id='word_1_679' title='bbox 1402 2077 1437 2104; x_wconf 88' lang='lat' dir='ltr'><strong>ita</strong></span> <span class='ocrx_word' id='word_1_680' title='bbox 1453 2081 1571 2108; x_wconf 77' lang='lat' dir='ltr'><strong>statuat,</strong></span> <span class='ocrx_word' id='word_1_681' title='bbox 1589 2081 1618 2103; x_wconf 90' lang='lat' dir='ltr'><strong>ut</strong></span> <span class='ocrx_word' id='word_1_682' title='bbox 1639 2084 1728 2103; x_wconf 87' lang='lat' dir='ltr'><strong>mares</strong></span> <span class='ocrx_word' id='word_1_683' title='bbox 1753 2077 1814 2110; x_wconf 94' lang='lat' dir='ltr'><strong>qui-</strong></span> 
     </span>
    </p>
   </div>
   <div class='ocr_carea' id='block_1_89' title="bbox 1026 2122 1814 2156">
    <p class='ocr_par' dir='ltr' id='par_1_89' title="bbox 1026 2122 1814 2156">
     <span class='ocr_line' id='line_1_89' title="bbox 1026 2122 1814 2156; baseline -0.003 -6"><span class='ocrx_word' id='word_1_684' title='bbox 1026 2123 1088 2150; x_wconf 89' lang='lat' dir='ltr'><strong>dem</strong></span> <span class='ocrx_word' id='word_1_685' title='bbox 1103 2123 1214 2151; x_wconf 88' lang='lat' dir='ltr'><strong>omnino</strong></span> <span class='ocrx_word' id='word_1_686' title='bbox 1228 2122 1324 2156; x_wconf 87' lang='lat' dir='ltr'><strong>nudos,</strong></span> <span class='ocrx_word' id='word_1_687' title='bbox 1344 2122 1462 2149; x_wconf 86' lang='lat' dir='ltr'><strong>feminas</strong></span> <span class='ocrx_word' id='word_1_688' title='bbox 1484 2127 1575 2149; x_wconf 86' lang='lat' dir='ltr'><strong>autem</strong></span> <span class='ocrx_word' id='word_1_689' title='bbox 1592 2122 1720 2149; x_wconf 86' lang='lat' dir='ltr'><strong>umbilico</strong></span> <span class='ocrx_word' id='word_1_690' title='bbox 1735 2125 1814 2148; x_wconf 84' lang='lat' dir='ltr'><strong>tenus</strong></span> 
     </span>
    </p>
   </div>
   <div class='ocr_carea' id='block_1_90' title="bbox 1028 2168 1814 2204">
    <p class='ocr_par' dir='ltr' id='par_1_90' title="bbox 1028 2168 1814 2204">
     <span class='ocr_line' id='line_1_90' title="bbox 1028 2168 1814 2204; baseline -0.003 -8"><span class='ocrx_word' id='word_1_691' title='bbox 1028 2169 1164 2204; x_wconf 87' lang='lat' dir='ltr'><strong>inspiciat.</strong></span> <span class='ocrx_word' id='word_1_692' title='bbox 1189 2169 1277 2204; x_wconf 84' lang='lat' dir='ltr'><strong>Atque</strong></span> <span class='ocrx_word' id='word_1_693' title='bbox 1306 2169 1375 2196; x_wconf 90' lang='lat' dir='ltr'><strong>idem</strong></span> <span class='ocrx_word' id='word_1_694' title='bbox 1407 2173 1481 2196; x_wconf 89' lang='lat' dir='ltr'><strong>sexto</strong></span> <span class='ocrx_word' id='word_1_695' title='bbox 1511 2168 1549 2195; x_wconf 84' lang='lat' dir='ltr'><strong>De</strong></span> <span class='ocrx_word' id='word_1_696' title='bbox 1576 2168 1691 2204; x_wconf 82' lang='lat' dir='ltr'><strong>legibus,</strong></span> <span class='ocrx_word' id='word_1_697' title='bbox 1726 2169 1814 2194; x_wconf 88' lang='lat' dir='ltr'><strong>nudas</strong></span> 
     </span>
    </p>
   </div>
   <div class='ocr_carea' id='block_1_91' title="bbox 1029 2213 1813 2249">
    <p class='ocr_par' dir='ltr' id='par_1_91' title="bbox 1029 2213 1813 2249">
     <span class='ocr_line' id='line_1_91' title="bbox 1029 2213 1813 2249; baseline -0.004 -6"><span class='ocrx_word' id='word_1_698' title='bbox 1029 2216 1110 2245; x_wconf 86' lang='lat' dir='ltr'><strong>etiam</strong></span> <span class='ocrx_word' id='word_1_699' title='bbox 1125 2216 1185 2243; x_wconf 86' lang='lat' dir='ltr'><strong>illas</strong></span> <span class='ocrx_word' id='word_1_700' title='bbox 1199 2216 1296 2243; x_wconf 87' lang='lat' dir='ltr'><strong>diebus</strong></span> <span class='ocrx_word' id='word_1_701' title='bbox 1316 2214 1392 2243; x_wconf 86' lang='lat' dir='ltr'><strong>festis</strong></span> <span class='ocrx_word' id='word_1_702' title='bbox 1407 2215 1521 2242; x_wconf 80' lang='lat' dir='ltr'><strong>choreas</strong></span> <span class='ocrx_word' id='word_1_703' title='bbox 1537 2222 1617 2249; x_wconf 80' lang='lat' dir='ltr'><strong>agere</strong></span> <span class='ocrx_word' id='word_1_704' title='bbox 1636 2214 1729 2249; x_wconf 90' lang='lat' dir='ltr'><strong>jubet,</strong></span> <span class='ocrx_word' id='word_1_705' title='bbox 1749 2213 1813 2240; x_wconf 91' lang='lat' dir='ltr'><strong>dum</strong></span> 
     </span>
    </p>
   </div>
   <div class='ocr_carea' id='block_1_92' title="bbox 190 2259 971 2300">
    <p class='ocr_par' dir='ltr' id='par_1_92' title="bbox 190 2260 971 2298">
     <span class='ocr_line' id='line_1_92' title="bbox 190 2260 971 2298; baseline 0.004 -11"><span class='ocrx_word' id='word_1_706' title='bbox 190 2260 260 2296; x_wconf 81' lang='grc' dir='ltr'>ὁμοῦ</span> <span class='ocrx_word' id='word_1_707' title='bbox 274 2261 306 2297; x_wconf 84' lang='grc' dir='ltr'>δὴ</span> <span class='ocrx_word' id='word_1_708' title='bbox 322 2261 436 2288; x_wconf 54' lang='grc' dir='ltr'>ἐσονταιξ</span> <span class='ocrx_word' id='word_1_709' title='bbox 465 2261 532 2297; x_wconf 77' lang='grc' dir='ltr'>ὁμοῦ</span> <span class='ocrx_word' id='word_1_710' title='bbox 558 2262 586 2288; x_wconf 84' lang='grc' dir='ltr'>δὲ</span> <span class='ocrx_word' id='word_1_711' title='bbox 610 2263 847 2298; x_wconf 85' lang='grc' dir='ltr'>ἀναμεμιγμένων,</span> <span class='ocrx_word' id='word_1_712' title='bbox 880 2264 926 2290; x_wconf 76' lang='grc' dir='ltr'>καὶ</span> <span class='ocrx_word' id='word_1_713' title='bbox 950 2265 971 2290; x_wconf 63' lang='grc' dir='ltr'><strong>ἐι</strong></span> 
     </span>
    </p>
   </div>
   <div class='ocr_carea' id='block_1_93' title="bbox 1023 2259 1814 2300">
    <p class='ocr_par' dir='ltr' id='par_1_93' title="bbox 1030 2259 1814 2295">
     <span class='ocr_line' id='line_1_93' title="bbox 1030 2259 1814 2295; baseline -0.003 -6"><span class='ocrx_word' id='word_1_714' title='bbox 1030 2262 1084 2289; x_wconf 85' lang='lat' dir='ltr'><strong>ait:</strong></span> <span class='ocrx_word' id='word_1_715' title='bbox 1108 2271 1116 2287; x_wconf 77' lang='grc' dir='ltr'><strong>ι</strong></span> <span class='ocrx_word' id='word_1_716' title='bbox 1137 2261 1194 2289; x_wconf 85' lang='lat' dir='ltr'><strong>Hoc</strong></span> <span class='ocrx_word' id='word_1_717' title='bbox 1218 2267 1318 2289; x_wconf 77' lang='lat' dir='ltr'><strong>mutuae</strong></span> <span class='ocrx_word' id='word_1_718' title='bbox 1347 2261 1449 2288; x_wconf 74' lang='lat' dir='ltr'><strong>notitia:</strong></span> <span class='ocrx_word' id='word_1_719' title='bbox 1473 2261 1591 2288; x_wconf 87' lang='lat' dir='ltr'><strong>studium</strong></span> <span class='ocrx_word' id='word_1_720' title='bbox 1613 2260 1771 2295; x_wconf 85' lang='lat' dir='ltr'><strong>juvabitur,</strong></span> <span class='ocrx_word' id='word_1_721' title='bbox 1791 2259 1814 2287; x_wconf 87' lang='lat' dir='ltr'><strong>si</strong></span> 
     </span>
    </p>
   </div>
   <div class='ocr_carea' id='block_1_94' title="bbox 191 2307 978 2345">
    <p class='ocr_par' dir='ltr' id='par_1_94' title="bbox 191 2307 978 2345">
     <span class='ocr_line' id='line_1_94' title="bbox 191 2307 978 2345; baseline 0.004 -12"><span class='ocrx_word' id='word_1_722' title='bbox 191 2307 362 2342; x_wconf 82' lang='grc' dir='ltr'>γυμνασίοις,</span> <span class='ocrx_word' id='word_1_723' title='bbox 377 2308 424 2334; x_wconf 74' lang='grc' dir='ltr'><strong>καὶ</strong></span> <span class='ocrx_word' id='word_1_724' title='bbox 445 2309 473 2334; x_wconf 90' lang='grc' dir='ltr'><strong>ἐν</strong></span> <span class='ocrx_word' id='word_1_725' title='bbox 496 2310 528 2344; x_wconf 88' lang='grc' dir='ltr'>τῇ</span> <span class='ocrx_word' id='word_1_726' title='bbox 558 2309 625 2345; x_wconf 82' lang='grc' dir='ltr'>ἄλλῃ</span> <span class='ocrx_word' id='word_1_727' title='bbox 655 2310 752 2344; x_wconf 75' lang='grc' dir='ltr'>τροφῇ,</span> <span class='ocrx_word' id='word_1_728' title='bbox 776 2310 821 2336; x_wconf 81' lang='grc' dir='ltr'>ὑπ’</span> <span class='ocrx_word' id='word_1_729' title='bbox 848 2309 978 2345; x_wconf 80' lang='grc' dir='ltr'>ἀνάγκης,</span> 
     </span>
    </p>
   </div>
   <div class='ocr_carea' id='block_1_95' title="bbox 190 2350 979 2390">
    <p class='ocr_par' dir='ltr' id='par_1_95' title="bbox 190 2350 979 2390">
     <span class='ocr_line' id='line_1_95' title="bbox 190 2350 979 2390; baseline 0.001 -11"><span class='ocrx_word' id='word_1_730' title='bbox 190 2350 280 2387; x_wconf 73' lang='grc' dir='ltr'>οἶμαι,</span> <span class='ocrx_word' id='word_1_731' title='bbox 295 2353 343 2388; x_wconf 81' lang='grc' dir='ltr'>τῆς</span> <span class='ocrx_word' id='word_1_732' title='bbox 362 2352 493 2388; x_wconf 69' lang='grc' dir='ltr'>ἐμφύτου,</span> <span class='ocrx_word' id='word_1_733' title='bbox 510 2353 618 2385; x_wconf 81' lang='grc' dir='ltr'>ἄξονται</span> <span class='ocrx_word' id='word_1_734' title='bbox 638 2354 705 2389; x_wconf 80' lang='grc' dir='ltr'>πρὸς</span> <span class='ocrx_word' id='word_1_735' title='bbox 718 2354 766 2390; x_wconf 80' lang='grc' dir='ltr'>τὴν</span> <span class='ocrx_word' id='word_1_736' title='bbox 785 2354 906 2388; x_wconf 80' lang='grc' dir='ltr'>ἀλλήλων</span> <span class='ocrx_word' id='word_1_737' title='bbox 935 2355 979 2389; x_wconf 88' lang='grc' dir='ltr'>μί-</span> 
     </span>
    </p>
   </div>
   <div class='ocr_carea' id='block_1_96' title="bbox 192 2398 981 2437">
    <p class='ocr_par' dir='ltr' id='par_1_96' title="bbox 192 2398 981 2437">
     <span class='ocr_line' id='line_1_96' title="bbox 192 2398 981 2437; baseline 0.004 -12"><span class='ocrx_word' id='word_1_738' title='bbox 192 2398 245 2432; x_wconf 83' lang='grc' dir='ltr'>ξιν.</span> <span class='ocrx_word' id='word_1_739' title='bbox 257 2398 292 2425; x_wconf 85' lang='grc' dir='ltr'><strong>Ἢ</strong></span> <span class='ocrx_word' id='word_1_740' title='bbox 299 2399 347 2425; x_wconf 81' lang='grc' dir='ltr'>οὐκ</span> <span class='ocrx_word' id='word_1_741' title='bbox 360 2399 493 2433; x_wconf 72' lang='grc' dir='ltr'>ἀναγκαῖά</span> <span class='ocrx_word' id='word_1_742' title='bbox 502 2408 541 2426; x_wconf 85' lang='grc' dir='ltr'><strong>σοι</strong></span> <span class='ocrx_word' id='word_1_743' title='bbox 551 2400 621 2427; x_wconf 83' lang='grc' dir='ltr'>δοκῶ</span> <span class='ocrx_word' id='word_1_744' title='bbox 635 2400 723 2434; x_wconf 80' lang='grc' dir='ltr'>λέγειν</span> <span class='ocrx_word' id='word_1_745' title='bbox 737 2401 819 2432; x_wconf 76' lang='grc' dir='ltr'><strong>ς-Οὺ</strong></span> <span class='ocrx_word' id='word_1_746' title='bbox 832 2409 981 2437; x_wconf 81' lang='grc' dir='ltr'>γεωμετρι-</span> 
     </span>
    </p>
   </div>
   <div class='ocr_carea' id='block_1_97' title="bbox 193 2442 981 2480">
    <p class='ocr_par' dir='ltr' id='par_1_97' title="bbox 193 2442 981 2480">
     <span class='ocr_line' id='line_1_97' title="bbox 193 2442 981 2480; baseline 0.005 -11"><span class='ocrx_word' id='word_1_747' title='bbox 193 2446 255 2475; x_wconf 83' lang='grc' dir='ltr'>καῖς</span> <span class='ocrx_word' id='word_1_748' title='bbox 269 2452 312 2478; x_wconf 88' lang='grc' dir='ltr'><strong>γε,</strong></span> <span class='ocrx_word' id='word_1_749' title='bbox 331 2442 349 2479; x_wconf 81' lang='grc' dir='ltr'>ἦ</span> <span class='ocrx_word' id='word_1_750' title='bbox 366 2444 388 2470; x_wconf 84' lang='grc' dir='ltr'>δ’</span> <span class='ocrx_word' id='word_1_751' title='bbox 403 2444 441 2477; x_wconf 83' lang='grc' dir='ltr'>ὃς,</span> <span class='ocrx_word' id='word_1_752' title='bbox 458 2444 513 2471; x_wconf 79' lang='grc' dir='ltr'>ἀλλ’</span> <span class='ocrx_word' id='word_1_753' title='bbox 533 2446 676 2480; x_wconf 81' lang='grc' dir='ltr'>ἐρωτικαῖς</span> <span class='ocrx_word' id='word_1_754' title='bbox 693 2447 834 2480; x_wconf 77' lang='grc' dir='ltr'>ἀνάγκαις,</span> <span class='ocrx_word' id='word_1_755' title='bbox 850 2447 877 2473; x_wconf 83' lang='grc' dir='ltr'>αἳ</span> <span class='ocrx_word' id='word_1_756' title='bbox 893 2447 981 2473; x_wconf 83' lang='grc' dir='ltr'>κινδυ-</span> 
     </span>
    </p>
   </div>
   <div class='ocr_carea' id='block_1_98' title="bbox 193 2488 981 2527">
    <p class='ocr_par' dir='ltr' id='par_1_98' title="bbox 193 2488 981 2527">
     <span class='ocr_line' id='line_1_98' title="bbox 193 2488 981 2527; baseline 0.005 -13"><span class='ocrx_word' id='word_1_757' title='bbox 193 2488 315 2515; x_wconf 85' lang='grc' dir='ltr'>νεύουσιν</span> <span class='ocrx_word' id='word_1_758' title='bbox 328 2489 439 2516; x_wconf 84' lang='grc' dir='ltr'>ἐκείνων</span> <span class='ocrx_word' id='word_1_759' title='bbox 451 2489 613 2524; x_wconf 80' lang='grc' dir='ltr'>δριμύτεραι</span> <span class='ocrx_word' id='word_1_760' title='bbox 640 2488 719 2521; x_wconf 76' lang='grc' dir='ltr'>εῐναι,</span> <span class='ocrx_word' id='word_1_761' title='bbox 749 2491 816 2527; x_wconf 85' lang='grc' dir='ltr'>πρὸς</span> <span class='ocrx_word' id='word_1_762' title='bbox 831 2491 860 2517; x_wconf 83' lang='grc' dir='ltr'>τὸ</span> <span class='ocrx_word' id='word_1_763' title='bbox 879 2491 981 2518; x_wconf 85' lang='grc' dir='ltr'>πείθειν</span> 
     </span>
    </p>
   </div>
   <div class='ocr_carea' id='block_1_99' title="bbox 194 2535 981 2573">
    <p class='ocr_par' dir='ltr' id='par_1_99' title="bbox 194 2535 981 2573">
     <span class='ocr_line' id='line_1_99' title="bbox 194 2535 981 2573; baseline 0.003 -11"><span class='ocrx_word' id='word_1_764' title='bbox 194 2543 225 2562; x_wconf 88' lang='grc' dir='ltr'><strong>τε</strong></span> <span class='ocrx_word' id='word_1_765' title='bbox 239 2536 285 2562; x_wconf 78' lang='grc' dir='ltr'><strong>καὶ</strong></span> <span class='ocrx_word' id='word_1_766' title='bbox 297 2535 385 2562; x_wconf 73' lang='grc' dir='ltr'>ἕλκειν</span> <span class='ocrx_word' id='word_1_767' title='bbox 404 2535 448 2562; x_wconf 75' lang='grc' dir='ltr'><strong>τὸν</strong></span> <span class='ocrx_word' id='word_1_768' title='bbox 466 2536 548 2562; x_wconf 81' lang='grc' dir='ltr'>πολὺν</span> <span class='ocrx_word' id='word_1_769' title='bbox 576 2536 670 2562; x_wconf 74' lang='grc' dir='ltr'>λεών.»</span> <span class='ocrx_word' id='word_1_770' title='bbox 703 2537 782 2564; x_wconf 80' lang='grc' dir='ltr'>Ἀλλὰ</span> <span class='ocrx_word' id='word_1_771' title='bbox 811 2537 912 2564; x_wconf 87' lang='grc' dir='ltr'>τούτων</span> <span class='ocrx_word' id='word_1_772' title='bbox 933 2538 981 2573; x_wconf 84' lang='grc' dir='ltr'>μὲν</span> 
     </span>
    </p>
   </div>
   <div class='ocr_carea' id='block_1_100' title="bbox 196 2580 979 2618">
    <p class='ocr_par' dir='ltr' id='par_1_100' title="bbox 196 2580 979 2618">
     <span class='ocr_line' id='line_1_100' title="bbox 196 2580 979 2618; baseline 0.005 -12"><span class='ocrx_word' id='word_1_773' title='bbox 196 2580 261 2612; x_wconf 79' lang='grc' dir='ltr'>ἴσως</span> <span class='ocrx_word' id='word_1_774' title='bbox 277 2589 319 2613; x_wconf 85' lang='grc' dir='ltr'><strong>τις</strong></span> <span class='ocrx_word' id='word_1_775' title='bbox 334 2581 434 2617; x_wconf 78' lang='grc' dir='ltr'>ἑτέρως</span> <span class='ocrx_word' id='word_1_776' title='bbox 450 2581 608 2616; x_wconf 83' lang='grc' dir='ltr'>διηγήσεται</span> <span class='ocrx_word' id='word_1_777' title='bbox 622 2583 671 2617; x_wconf 83' lang='grc' dir='ltr'><strong>τὴν</strong></span> <span class='ocrx_word' id='word_1_778' title='bbox 688 2583 734 2609; x_wconf 85' lang='grc' dir='ltr'>τοῦ</span> <span class='ocrx_word' id='word_1_779' title='bbox 757 2583 836 2618; x_wconf 87' lang='grc' dir='ltr'>λόγου</span> <span class='ocrx_word' id='word_1_780' title='bbox 849 2583 979 2616; x_wconf 81' lang='grc' dir='ltr'>διάνοιαν,</span> 
     </span>
    </p>
   </div>
   <div class='ocr_carea' id='block_1_101' title="bbox 234 2637 478 2671">
    <p class='ocr_par' dir='ltr' id='par_1_101' title="bbox 234 2637 478 2671">
     <span class='ocr_line' id='line_1_101' title="bbox 234 2637 478 2671; baseline 0.008 -7"><span class='ocrx_word' id='word_1_781' title='bbox 234 2639 243 2653; x_wconf 73' lang='grc' dir='ltr'><strong>ί</strong></span> <span class='ocrx_word' id='word_1_782' title='bbox 255 2637 325 2665; x_wconf 84' lang='lat' dir='ltr'><strong>Psal.</strong></span> <span class='ocrx_word' id='word_1_783' title='bbox 343 2647 435 2671; x_wconf 80' lang='lat' dir='ltr'><strong>cxxvr,</strong></span> <span class='ocrx_word' id='word_1_784' title='bbox 452 2639 478 2666; x_wconf 81' lang='lat' dir='ltr'><strong>I.</strong></span> 
     </span>
    </p>
   </div>
   <div class='ocr_carea' id='block_1_102' title="bbox 243 2695 979 2730">
    <p class='ocr_par' dir='ltr' id='par_1_102' title="bbox 243 2695 979 2730">
     <span class='ocr_line' id='line_1_102' title="bbox 243 2695 979 2730; baseline 0.004 -10"><span class='ocrx_word' id='word_1_785' title='bbox 243 2695 288 2729; x_wconf 78' lang='lat'><strong>75)</strong></span> <span class='ocrx_word' id='word_1_786' title='bbox 316 2695 376 2728; x_wconf 73' lang='grc' dir='ltr'><strong>Τὴν</strong></span> <span class='ocrx_word' id='word_1_787' title='bbox 390 2696 425 2722; x_wconf 76' lang='grc' dir='ltr'>ἐν</span> <span class='ocrx_word' id='word_1_788' title='bbox 447 2704 471 2722; x_wconf 79' lang='grc' dir='ltr'>τ.</span> <span class='ocrx_word' id='word_1_789' title='bbox 486 2695 707 2730; x_wconf 78' lang='grc' dir='ltr'>ὄπλοιςμιὶχην.</span> <span class='ocrx_word' id='word_1_790' title='bbox 722 2696 979 2730; x_wconf 73' lang='lat' dir='ltr'><strong>Subintelligendum</strong></span> 
     </span>
    </p>
   </div>
   <div class='ocr_carea' id='block_1_103' title="bbox 196 2730 941 2766">
    <p class='ocr_par' dir='ltr' id='par_1_103' title="bbox 196 2730 941 2766">
     <span class='ocr_line' id='line_1_103' title="bbox 196 2730 941 2766; baseline 0.004 -10"><span class='ocrx_word' id='word_1_791' title='bbox 196 2730 258 2766; x_wconf 53' lang='grc' dir='ltr'>ἀπο</span> <span class='ocrx_word' id='word_1_792' title='bbox 266 2731 367 2766; x_wconf 75' lang='grc' dir='ltr'>κοινοῦ,</span> <span class='ocrx_word' id='word_1_793' title='bbox 385 2730 522 2766; x_wconf 42' lang='grc' dir='ltr'>θήσομεν,</span> <span class='ocrx_word' id='word_1_794' title='bbox 533 2731 605 2766; x_wconf 71' lang='lat' dir='ltr'><strong>quod</strong></span> <span class='ocrx_word' id='word_1_795' title='bbox 624 2732 704 2765; x_wconf 87' lang='lat' dir='ltr'><strong>paulo</strong></span> <span class='ocrx_word' id='word_1_796' title='bbox 721 2737 782 2758; x_wconf 83' lang='lat' dir='ltr'><strong>ante</strong></span> <span class='ocrx_word' id='word_1_797' title='bbox 796 2733 941 2766; x_wconf 79' lang='lat' dir='ltr'><strong>praecessit.</strong></span> 
     </span>
    </p>
   </div>
   <div class='ocr_carea' id='block_1_104' title="bbox 233 2764 980 2801">
    <p class='ocr_par' dir='ltr' id='par_1_104' title="bbox 233 2764 980 2801">
     <span class='ocr_line' id='line_1_104' title="bbox 233 2764 980 2801; baseline 0.007 -11"><span class='ocrx_word' id='word_1_798' title='bbox 233 2765 298 2801; x_wconf 12' lang='lat'><strong>(7‘6),</strong></span> <span class='ocrx_word' id='word_1_799' title='bbox 320 2765 388 2792; x_wconf 81' lang='grc' dir='ltr'><strong>Ἐάν</strong></span> <span class='ocrx_word' id='word_1_800' title='bbox 402 2764 445 2798; x_wconf 64' lang='grc' dir='ltr'><strong>τις</strong></span> <span class='ocrx_word' id='word_1_801' title='bbox 456 2764 574 2801; x_wconf 59' lang='grc' dir='ltr'>παῖδας.</span> <span class='ocrx_word' id='word_1_802' title='bbox 590 2764 678 2799; x_wconf 81' lang='lat' dir='ltr'><strong>Plato,</strong></span> <span class='ocrx_word' id='word_1_803' title='bbox 700 2766 745 2793; x_wconf 88' lang='lat' dir='ltr'><strong>lib.</strong></span> <span class='ocrx_word' id='word_1_804' title='bbox 762 2775 780 2793; x_wconf 92' lang='lat' dir='ltr'><strong>ll</strong></span> <span class='ocrx_word' id='word_1_805' title='bbox 796 2764 869 2801; x_wconf 81' lang='lat' dir='ltr'><strong>Leg.,</strong></span> <span class='ocrx_word' id='word_1_806' title='bbox 889 2767 980 2801; x_wconf 71' lang='lat' dir='ltr'><strong>p.080</strong></span> 
     </span>
    </p>
   </div>
   <div class='ocr_carea' id='block_1_105' title="bbox 198 2799 980 2834">
    <p class='ocr_par' dir='ltr' id='par_1_105' title="bbox 198 2799 980 2834">
     <span class='ocr_line' id='line_1_105' title="bbox 198 2799 980 2834; baseline 0.006 -10"><span class='ocrx_word' id='word_1_807' title='bbox 198 2799 231 2827; x_wconf 80' lang='grc' dir='ltr'><strong>Δ.</strong></span> <span class='ocrx_word' id='word_1_808' title='bbox 249 2799 301 2827; x_wconf 86' lang='lat' dir='ltr'><strong>Sed</strong></span> <span class='ocrx_word' id='word_1_809' title='bbox 315 2801 399 2830; x_wconf 85' lang='lat' dir='ltr'><strong>locus.</strong></span> <span class='ocrx_word' id='word_1_810' title='bbox 415 2801 442 2827; x_wconf 90' lang='lat' dir='ltr'><strong>in</strong></span> <span class='ocrx_word' id='word_1_811' title='bbox 455 2809 504 2828; x_wconf 91' lang='lat' dir='ltr'><strong>suo</strong></span> <span class='ocrx_word' id='word_1_812' title='bbox 519 2800 592 2827; x_wconf 89' lang='lat' dir='ltr'><strong>fonte</strong></span> <span class='ocrx_word' id='word_1_813' title='bbox 604 2801 671 2828; x_wconf 86' lang='lat' dir='ltr'><strong>satis</strong></span> <span class='ocrx_word' id='word_1_814' title='bbox 684 2799 980 2834; x_wconf 45' lang='lat' dir='ltr'><strong>obscurus—obscurior</strong></span> 
     </span>
    </p>
   </div>
   <div class='ocr_carea' id='block_1_106' title="bbox 198 2834 980 2870">
    <p class='ocr_par' dir='ltr' id='par_1_106' title="bbox 198 2834 980 2870">
     <span class='ocr_line' id='line_1_106' title="bbox 198 2834 980 2870; baseline 0.005 -10"><span class='ocrx_word' id='word_1_815' title='bbox 198 2835 233 2860; x_wconf 85' lang='lat' dir='ltr'><strong>ab</strong></span> <span class='ocrx_word' id='word_1_816' title='bbox 251 2834 367 2870; x_wconf 80' lang='lat' dir='ltr'><strong>Eusebio</strong></span> <span class='ocrx_word' id='word_1_817' title='bbox 389 2835 476 2862; x_wconf 85' lang='lat' dir='ltr'><strong>factus</strong></span> <span class='ocrx_word' id='word_1_818' title='bbox 489 2840 530 2862; x_wconf 88' lang='lat' dir='ltr'><strong>est</strong></span> <span class='ocrx_word' id='word_1_819' title='bbox 543 2856 549 2868; x_wconf 89' lang='lat'><strong>,</strong></span> <span class='ocrx_word' id='word_1_820' title='bbox 566 2843 712 2870; x_wconf 80' lang='lat' dir='ltr'><strong>paucorum</strong></span> <span class='ocrx_word' id='word_1_821' title='bbox 729 2837 871 2864; x_wconf 88' lang='lat' dir='ltr'><strong>verborum</strong></span> <span class='ocrx_word' id='word_1_822' title='bbox 884 2838 980 2864; x_wconf 86' lang='lat' dir='ltr'><strong>decur-</strong></span> 
     </span>
    </p>
   </div>
   <div class='ocr_carea' id='block_1_107' title="bbox 200 2869 979 2904">
    <p class='ocr_par' dir='ltr' id='par_1_107' title="bbox 200 2869 979 2904">
     <span class='ocr_line' id='line_1_107' title="bbox 200 2869 979 2904; baseline 0.004 -9"><span class='ocrx_word' id='word_1_823' title='bbox 200 2870 311 2896; x_wconf 81' lang='lat' dir='ltr'><strong>tatioue.</strong></span> <span class='ocrx_word' id='word_1_824' title='bbox 337 2869 405 2903; x_wconf 83' lang='lat' dir='ltr'><strong>Lege</strong></span> <span class='ocrx_word' id='word_1_825' title='bbox 427 2878 490 2904; x_wconf 73' lang='lat' dir='ltr'><strong>ergo</strong></span> <span class='ocrx_word' id='word_1_826' title='bbox 510 2869 572 2897; x_wconf 83' lang='lat' dir='ltr'><strong>eum</strong></span> <span class='ocrx_word' id='word_1_827' title='bbox 587 2870 673 2903; x_wconf 88' lang='lat' dir='ltr'><strong>Plat.,</strong></span> <span class='ocrx_word' id='word_1_828' title='bbox 688 2871 816 2903; x_wconf 82' lang='grc' dir='ltr'>ὡσαύτως</span> <span class='ocrx_word' id='word_1_829' title='bbox 840 2872 867 2898; x_wconf 76' lang='grc' dir='ltr'><strong>δὲ</strong></span> <span class='ocrx_word' id='word_1_830' title='bbox 884 2873 929 2898; x_wconf 73' lang='grc' dir='ltr'>καὶ</span> <span class='ocrx_word' id='word_1_831' title='bbox 950 2873 979 2898; x_wconf 73' lang='grc' dir='ltr'>τὸ</span> 
     </span>
    </p>
   </div>
   <div class='ocr_carea' id='block_1_108' title="bbox 200 2904 978 2942">
    <p class='ocr_par' dir='ltr' id='par_1_108' title="bbox 200 2904 978 2942">
     <span class='ocr_line' id='line_1_108' title="bbox 200 2904 978 2942; baseline 0.005 -12"><span class='ocrx_word' id='word_1_832' title='bbox 200 2904 276 2938; x_wconf 79' lang='grc' dir='ltr'>γένος</span> <span class='ocrx_word' id='word_1_833' title='bbox 289 2905 330 2931; x_wconf 75' lang='grc' dir='ltr'><strong>ἀεὶ</strong></span> <span class='ocrx_word' id='word_1_834' title='bbox 351 2905 504 2940; x_wconf 67' lang='grc' dir='ltr'>πορευέσθω</span> <span class='ocrx_word' id='word_1_835' title='bbox 522 2907 579 2931; x_wconf 68' lang='grc' dir='ltr'>κατ’</span> <span class='ocrx_word' id='word_1_836' title='bbox 604 2906 776 2942; x_wconf 55' lang='grc' dir='ltr'>ἀγχιστείαν,</span> <span class='ocrx_word' id='word_1_837' title='bbox 800 2908 843 2934; x_wconf 68' lang='grc' dir='ltr'>ἐάν</span> <span class='ocrx_word' id='word_1_838' title='bbox 863 2917 900 2938; x_wconf 66' lang='grc' dir='ltr'><strong>τις</strong></span> <span class='ocrx_word' id='word_1_839' title='bbox 919 2909 978 2934; x_wconf 66' lang='grc' dir='ltr'><strong>παῖ-</strong></span> 
     </span>
    </p>
   </div>
   <div class='ocr_carea' id='block_1_109' title="bbox 1032 2306 1814 2343">
    <p class='ocr_par' dir='ltr' id='par_1_109' title="bbox 1032 2306 1814 2343">
     <span class='ocr_line' id='line_1_109' title="bbox 1032 2306 1814 2343; baseline -0.004 -8"><span class='ocrx_word' id='word_1_840' title='bbox 1032 2308 1107 2343; x_wconf 87' lang='lat' dir='ltr'><strong>pueri</strong></span> <span class='ocrx_word' id='word_1_841' title='bbox 1123 2308 1204 2335; x_wconf 89' lang='lat' dir='ltr'><strong>simul</strong></span> <span class='ocrx_word' id='word_1_842' title='bbox 1219 2316 1249 2335; x_wconf 90' lang='lat' dir='ltr'><strong>ac</strong></span> <span class='ocrx_word' id='word_1_843' title='bbox 1261 2308 1356 2342; x_wconf 69' lang='lat' dir='ltr'><strong>puella:</strong></span> <span class='ocrx_word' id='word_1_844' title='bbox 1368 2307 1446 2334; x_wconf 91' lang='lat' dir='ltr'><strong>ludos</strong></span> <span class='ocrx_word' id='word_1_845' title='bbox 1460 2311 1487 2334; x_wconf 86' lang='lat' dir='ltr'><strong>et</strong></span> <span class='ocrx_word' id='word_1_846' title='bbox 1501 2307 1614 2334; x_wconf 83' lang='lat' dir='ltr'><strong>choreas</strong></span> <span class='ocrx_word' id='word_1_847' title='bbox 1631 2306 1814 2338; x_wconf 87' lang='lat' dir='ltr'><strong>eelebrabuut,</strong></span> 
     </span>
    </p>
   </div>
   <div class='ocr_carea' id='block_1_110' title="bbox 1032 2353 1815 2388">
    <p class='ocr_par' dir='ltr' id='par_1_110' title="bbox 1032 2353 1815 2388">
     <span class='ocr_line' id='line_1_110' title="bbox 1032 2353 1815 2388; baseline -0.004 -6"><span class='ocrx_word' id='word_1_848' title='bbox 1032 2362 1064 2382; x_wconf 86' lang='lat' dir='ltr'><strong>ac</strong></span> <span class='ocrx_word' id='word_1_849' title='bbox 1086 2361 1146 2382; x_wconf 87' lang='lat' dir='ltr'><strong>sese</strong></span> <span class='ocrx_word' id='word_1_850' title='bbox 1168 2359 1262 2381; x_wconf 90' lang='lat' dir='ltr'><strong>mutuo</strong></span> <span class='ocrx_word' id='word_1_851' title='bbox 1291 2354 1399 2381; x_wconf 86' lang='lat' dir='ltr'><strong>nudatis</strong></span> <span class='ocrx_word' id='word_1_852' title='bbox 1423 2353 1582 2388; x_wconf 89' lang='lat' dir='ltr'><strong>corporibus</strong></span> <span class='ocrx_word' id='word_1_853' title='bbox 1607 2353 1755 2387; x_wconf 83' lang='lat' dir='ltr'><strong>aspicient,</strong></span> <span class='ocrx_word' id='word_1_854' title='bbox 1775 2353 1815 2382; x_wconf 81' lang='lat' dir='ltr'><strong>sic</strong></span> 
     </span>
    </p>
   </div>
   <div class='ocr_carea' id='block_1_111' title="bbox 1032 2399 1813 2434">
    <p class='ocr_par' dir='ltr' id='par_1_111' title="bbox 1032 2399 1813 2434">
     <span class='ocr_line' id='line_1_111' title="bbox 1032 2399 1813 2434; baseline -0.001 -8"><span class='ocrx_word' id='word_1_855' title='bbox 1032 2405 1122 2426; x_wconf 88' lang='lat' dir='ltr'><strong>tamen</strong></span> <span class='ocrx_word' id='word_1_856' title='bbox 1139 2404 1167 2426; x_wconf 90' lang='lat' dir='ltr'><strong>ut</strong></span> <span class='ocrx_word' id='word_1_857' title='bbox 1182 2399 1280 2427; x_wconf 88' lang='lat' dir='ltr'><strong>modus</strong></span> <span class='ocrx_word' id='word_1_858' title='bbox 1299 2399 1398 2434; x_wconf 70' lang='lat' dir='ltr'><strong>aliduis</strong></span> <span class='ocrx_word' id='word_1_859' title='bbox 1415 2404 1554 2432; x_wconf 87' lang='lat' dir='ltr'><strong>teneatur,</strong></span> <span class='ocrx_word' id='word_1_860' title='bbox 1573 2407 1658 2433; x_wconf 88' lang='lat' dir='ltr'><strong>eaque</strong></span> <span class='ocrx_word' id='word_1_861' title='bbox 1679 2399 1716 2426; x_wconf 89' lang='lat' dir='ltr'><strong>sit</strong></span> <span class='ocrx_word' id='word_1_862' title='bbox 1733 2402 1813 2432; x_wconf 61' lang='lat' dir='ltr'><strong>aetas,</strong></span> 
     </span>
    </p>
   </div>
   <div class='ocr_carea' id='block_1_112' title="bbox 1032 2446 1814 2480">
    <p class='ocr_par' dir='ltr' id='par_1_112' title="bbox 1032 2446 1814 2480">
     <span class='ocr_line' id='line_1_112' title="bbox 1032 2446 1814 2480; baseline 0 -8"><span class='ocrx_word' id='word_1_863' title='bbox 1032 2453 1092 2480; x_wconf 71' lang='lat' dir='ltr'><strong>qua:</strong></span> <span class='ocrx_word' id='word_1_864' title='bbox 1113 2446 1266 2480; x_wconf 85' lang='lat' dir='ltr'><strong>probabiles</strong></span> <span class='ocrx_word' id='word_1_865' title='bbox 1284 2446 1343 2480; x_wconf 90' lang='lat' dir='ltr'><strong>ejus</strong></span> <span class='ocrx_word' id='word_1_866' title='bbox 1371 2446 1409 2472; x_wconf 88' lang='lat' dir='ltr'><strong>rei</strong></span> <span class='ocrx_word' id='word_1_867' title='bbox 1434 2453 1532 2472; x_wconf 84' lang='lat' dir='ltr'><strong>causas</strong></span> <span class='ocrx_word' id='word_1_868' title='bbox 1550 2446 1666 2479; x_wconf 86' lang='lat' dir='ltr'><strong>habeat,</strong></span> <span class='ocrx_word' id='word_1_869' title='bbox 1694 2446 1814 2480; x_wconf 84' lang='lat' dir='ltr'><strong>adeoque</strong></span> 
     </span>
    </p>
   </div>
   <div class='ocr_carea' id='block_1_113' title="bbox 1032 2491 1814 2526">
    <p class='ocr_par' dir='ltr' id='par_1_113' title="bbox 1032 2491 1814 2526">
     <span class='ocr_line' id='line_1_113' title="bbox 1032 2491 1814 2526; baseline 0 -8"><span class='ocrx_word' id='word_1_870' title='bbox 1032 2499 1137 2526; x_wconf 88' lang='lat' dir='ltr'><strong>semper</strong></span> <span class='ocrx_word' id='word_1_871' title='bbox 1146 2493 1261 2519; x_wconf 86' lang='lat' dir='ltr'><strong>honesto</strong></span> <span class='ocrx_word' id='word_1_872' title='bbox 1277 2492 1446 2526; x_wconf 82' lang='lat' dir='ltr'><strong>singulorum</strong></span> <span class='ocrx_word' id='word_1_873' title='bbox 1460 2491 1556 2526; x_wconf 89' lang='lat' dir='ltr'><strong>pudori</strong></span> <span class='ocrx_word' id='word_1_874' title='bbox 1565 2491 1750 2519; x_wconf 57' lang='lat' dir='ltr'><strong>consulatum;</strong></span> <span class='ocrx_word' id='word_1_875' title='bbox 1765 2491 1814 2524; x_wconf 82' lang='lat' dir='ltr'><strong>His</strong></span> 
     </span>
    </p>
   </div>
   <div class='ocr_carea' id='block_1_114' title="bbox 1033 2537 1812 2573">
    <p class='ocr_par' dir='ltr' id='par_1_114' title="bbox 1033 2537 1812 2573">
     <span class='ocr_line' id='line_1_114' title="bbox 1033 2537 1812 2573; baseline 0 -7"><span class='ocrx_word' id='word_1_876' title='bbox 1033 2538 1101 2566; x_wconf 85' lang='lat' dir='ltr'><strong>adde</strong></span> <span class='ocrx_word' id='word_1_877' title='bbox 1122 2539 1248 2566; x_wconf 89' lang='lat' dir='ltr'><strong>omnibus</strong></span> <span class='ocrx_word' id='word_1_878' title='bbox 1272 2538 1356 2573; x_wconf 81' lang='lat' dir='ltr'><strong>legem</strong></span> <span class='ocrx_word' id='word_1_879' title='bbox 1373 2538 1456 2570; x_wconf 81' lang='lat' dir='ltr'><strong>illam,</strong></span> <span class='ocrx_word' id='word_1_880' title='bbox 1471 2545 1522 2573; x_wconf 89' lang='lat' dir='ltr'><strong>qua</strong></span> <span class='ocrx_word' id='word_1_881' title='bbox 1537 2537 1696 2572; x_wconf 71' lang='lat' dir='ltr'><strong>Reipublicw</strong></span> <span class='ocrx_word' id='word_1_882' title='bbox 1708 2539 1812 2573; x_wconf 86' lang='lat' dir='ltr'><strong>quinto,</strong></span> 
     </span>
    </p>
   </div>
   <div class='ocr_carea' id='block_1_115' title="bbox 1032 2584 1814 2619">
    <p class='ocr_par' dir='ltr' id='par_1_115' title="bbox 1032 2584 1814 2619">
     <span class='ocr_line' id='line_1_115' title="bbox 1032 2584 1814 2619; baseline 0.001 -9"><span class='ocrx_word' id='word_1_883' title='bbox 1032 2591 1189 2611; x_wconf 81' lang='lat' dir='ltr'><strong>communes</strong></span> <span class='ocrx_word' id='word_1_884' title='bbox 1201 2584 1316 2611; x_wconf 85' lang='lat' dir='ltr'><strong>feminas</strong></span> <span class='ocrx_word' id='word_1_885' title='bbox 1330 2591 1390 2612; x_wconf 90' lang='lat' dir='ltr'><strong>esse</strong></span> <span class='ocrx_word' id='word_1_886' title='bbox 1402 2584 1493 2619; x_wconf 73' lang='lat' dir='ltr'><strong>jubet,</strong></span> <span class='ocrx_word' id='word_1_887' title='bbox 1509 2584 1550 2615; x_wconf 89' lang='lat' dir='ltr'><strong>bis</strong></span> <span class='ocrx_word' id='word_1_888' title='bbox 1565 2584 1671 2612; x_wconf 81' lang='lat' dir='ltr'><strong>verbis:</strong></span> <span class='ocrx_word' id='word_1_889' title='bbox 1694 2594 1703 2610; x_wconf 74' lang='grc' dir='ltr'><strong>ι</strong></span> <span class='ocrx_word' id='word_1_890' title='bbox 1716 2584 1814 2612; x_wconf 69' lang='lat' dir='ltr'><strong>Proxi-</strong></span> 
     </span>
    </p>
   </div>
   <div class='ocr_carea' id='block_1_116' title="bbox 1031 2696 1815 2731">
    <p class='ocr_par' dir='ltr' id='par_1_116' title="bbox 1031 2696 1815 2731">
     <span class='ocr_line' id='line_1_116' title="bbox 1031 2696 1815 2731; baseline 0.003 -9"><span class='ocrx_word' id='word_1_891' title='bbox 1031 2697 1095 2728; x_wconf 85' lang='grc' dir='ltr'>δας,</span> <span class='ocrx_word' id='word_1_892' title='bbox 1117 2701 1169 2724; x_wconf 88' lang='lat' dir='ltr'><strong>etc.</strong></span> <span class='ocrx_word' id='word_1_893' title='bbox 1193 2696 1325 2731; x_wconf 88' lang='lat' dir='ltr'><strong>Loquitur</strong></span> <span class='ocrx_word' id='word_1_894' title='bbox 1340 2703 1428 2725; x_wconf 86' lang='lat' dir='ltr'><strong>autem</strong></span> <span class='ocrx_word' id='word_1_895' title='bbox 1451 2698 1484 2725; x_wconf 91' lang='lat' dir='ltr'><strong>de</strong></span> <span class='ocrx_word' id='word_1_896' title='bbox 1509 2698 1574 2725; x_wconf 88' lang='lat' dir='ltr'><strong>viris</strong></span> <span class='ocrx_word' id='word_1_897' title='bbox 1591 2698 1752 2731; x_wconf 86' lang='lat' dir='ltr'><strong>quibuscum</strong></span> <span class='ocrx_word' id='word_1_898' title='bbox 1775 2697 1815 2724; x_wconf 77' lang='lat' dir='ltr'><strong>fc—</strong></span> 
     </span>
    </p>
   </div>
   <div class='ocr_carea' id='block_1_117' title="bbox 1031 2733 1716 2767">
    <p class='ocr_par' dir='ltr' id='par_1_117' title="bbox 1031 2733 1716 2767">
     <span class='ocr_line' id='line_1_117' title="bbox 1031 2733 1716 2767; baseline -0.003 -8"><span class='ocrx_word' id='word_1_899' title='bbox 1031 2733 1112 2759; x_wconf 82' lang='lat' dir='ltr'><strong>mime</strong></span> <span class='ocrx_word' id='word_1_900' title='bbox 1128 2733 1180 2759; x_wconf 68' lang='lat' dir='ltr'><strong>illae</strong></span> <span class='ocrx_word' id='word_1_901' title='bbox 1193 2733 1367 2759; x_wconf 82' lang='lat' dir='ltr'><strong>matrimonio</strong></span> <span class='ocrx_word' id='word_1_902' title='bbox 1385 2733 1577 2767; x_wconf 69' lang='lat' dir='ltr'><strong>conjungenda:</strong></span> <span class='ocrx_word' id='word_1_903' title='bbox 1592 2734 1656 2760; x_wconf 87' lang='lat' dir='ltr'><strong>sint.</strong></span> <span class='ocrx_word' id='word_1_904' title='bbox 1693 2754 1695 2757; x_wconf 98' lang='lat'><strong>.</strong></span> <span class='ocrx_word' id='word_1_905' title='bbox 1714 2755 1716 2757; x_wconf 94' lang='lat'><strong>.</strong></span> 
     </span>
    </p>
   </div>
   <div class='ocr_carea' id='block_1_118' title="bbox 1052 2767 1815 2829">
    <p class='ocr_par' dir='ltr' id='par_1_118' title="bbox 1052 2767 1815 2829">
     <span class='ocr_line' id='line_1_118' title="bbox 1067 2767 1815 2803; baseline 0.003 -11"><span class='ocrx_word' id='word_1_906' title='bbox 1067 2767 1121 2802; x_wconf 81' lang='lat'><strong>(77)</strong></span> <span class='ocrx_word' id='word_1_907' title='bbox 1148 2767 1301 2794; x_wconf 72' lang='grc' dir='ltr'>Ἐπιινιώιν.</span> <span class='ocrx_word' id='word_1_908' title='bbox 1326 2767 1434 2803; x_wconf 84' lang='lat' dir='ltr'><strong>chone</strong></span> <span class='ocrx_word' id='word_1_909' title='bbox 1454 2768 1562 2795; x_wconf 77' lang='grc' dir='ltr'>ἐπανιόν</span> <span class='ocrx_word' id='word_1_910' title='bbox 1586 2776 1618 2795; x_wconf 88' lang='lat' dir='ltr'><strong>ex</strong></span> <span class='ocrx_word' id='word_1_911' title='bbox 1640 2767 1766 2801; x_wconf 85' lang='lat' dir='ltr'><strong>Platone;</strong></span> <span class='ocrx_word' id='word_1_912' title='bbox 1785 2769 1815 2794; x_wconf 79' lang='grc' dir='ltr'><strong>τὸ</strong></span> 
     </span>
     <span class='ocr_line' id='line_1_119' title="bbox 1052 2803 1235 2829; baseline 0.005 -1"><span class='ocrx_word' id='word_1_913' title='bbox 1052 2803 1108 2829; x_wconf 64' lang='lat' dir='ltr'><strong>suo:</strong></span> <span class='ocrx_word' id='word_1_914' title='bbox 1123 2803 1235 2829; x_wconf 80' lang='lat' dir='ltr'><strong>scilicet.</strong></span> 
     </span>
    </p>
   </div>
   <div class='ocr_carea' id='block_1_119' title="bbox 1033 2811 1814 2873">
    <p class='ocr_par' dir='ltr' id='par_1_119' title="bbox 1033 2811 1814 2873">
     <span class='ocr_line' id='line_1_120' title="bbox 1033 2811 1235 2836; baseline 0.01 -8"><span class='ocrx_word' id='word_1_915' title='bbox 1033 2811 1108 2836; x_wconf 76' lang='grc' dir='ltr'>γενος</span> <span class='ocrx_word' id='word_1_916' title='bbox 1123 2811 1235 2830; x_wconf 70' lang='grc' dir='ltr'>εειυρθι.</span> 
     </span>
     <span class='ocr_line' id='line_1_121' title="bbox 1067 2836 1814 2873; baseline 0.001 -10"><span class='ocrx_word' id='word_1_917' title='bbox 1067 2837 1121 2871; x_wconf 89' lang='lat'><strong>(78)</strong></span> <span class='ocrx_word' id='word_1_918' title='bbox 1144 2837 1200 2870; x_wconf 81' lang='grc' dir='ltr'><strong>Τῆς</strong></span> <span class='ocrx_word' id='word_1_919' title='bbox 1213 2836 1268 2866; x_wconf 77' lang='grc' dir='ltr'><strong>οὖν</strong></span> <span class='ocrx_word' id='word_1_920' title='bbox 1282 2840 1430 2872; x_wconf 74' lang='grc' dir='ltr'>τοιαύτης.</span> <span class='ocrx_word' id='word_1_921' title='bbox 1455 2838 1526 2865; x_wconf 74' lang='lat' dir='ltr'><strong>Idem</strong></span> <span class='ocrx_word' id='word_1_922' title='bbox 1543 2847 1566 2865; x_wconf 81' lang='lat' dir='ltr'><strong>r1</strong></span> <span class='ocrx_word' id='word_1_923' title='bbox 1583 2838 1655 2873; x_wconf 54' lang='grc' dir='ltr'><strong>ιφ,</strong></span> <span class='ocrx_word' id='word_1_924' title='bbox 1675 2847 1700 2872; x_wconf 86' lang='lat' dir='ltr'><strong>p.</strong></span> <span class='ocrx_word' id='word_1_925' title='bbox 1717 2838 1764 2865; x_wconf 71' lang='lat' dir='ltr'><strong>6‘2I</strong></span> <span class='ocrx_word' id='word_1_926' title='bbox 1781 2838 1814 2864; x_wconf 68' lang='grc' dir='ltr'>ει.</span> 
     </span>
    </p>
   </div>
   <div class='ocr_carea' id='block_1_120' title="bbox 1032 2872 1813 2942">
    <p class='ocr_par' dir='ltr' id='par_1_120' title="bbox 1032 2872 1813 2942">
     <span class='ocr_line' id='line_1_122' title="bbox 1032 2872 1813 2942; baseline 0 -44"><span class='ocrx_word' id='word_1_927' title='bbox 1032 2916 1047 2942; x_wconf 54' lang='grc' dir='ltr'><strong>Ρ</strong></span> <span class='ocrx_word' id='word_1_928' title='bbox 1066 2873 1249 2936; x_wconf 39' lang='grc' dir='ltr'><strong>(Ἱεὶέυἶζούτῳ,</strong></span> <span class='ocrx_word' id='word_1_929' title='bbox 1274 2872 1345 2909; x_wconf 71' lang='grc' dir='ltr'><strong>ἦνδ¹</strong></span> <span class='ocrx_word' id='word_1_930' title='bbox 1363 2875 1426 2908; x_wconf 41' lang='lat' dir='ltr'><strong>init.</strong></span> <span class='ocrx_word' id='word_1_931' title='bbox 1445 2874 1514 2901; x_wconf 78' lang='lat' dir='ltr'><strong>Idem</strong></span> <span class='ocrx_word' id='word_1_932' title='bbox 1537 2874 1582 2901; x_wconf 80' lang='lat' dir='ltr'><strong>lib.</strong></span> <span class='ocrx_word' id='word_1_933' title='bbox 1609 2872 1627 2899; x_wconf 59' lang='grc' dir='ltr'>ν</span> <span class='ocrx_word' id='word_1_934' title='bbox 1648 2874 1685 2900; x_wconf 84' lang='lat' dir='ltr'><strong>Dc</strong></span> <span class='ocrx_word' id='word_1_935' title='bbox 1715 2873 1813 2908; x_wconf 52' lang='lat' dir='ltr'><strong>reputt,</strong></span> 
     </span>
     <span class='ocr_line' id='line_1_123' title="bbox 1051 2917 1166 2942; baseline 0 -9"><span class='ocrx_word' id='word_1_936' title='bbox 1051 2917 1090 2942; x_wconf 57' lang='lat' dir='ltr'><strong>HS.</strong></span> <span class='ocrx_word' id='word_1_937' title='bbox 1124 2919 1166 2934; x_wconf 49' lang='grc' dir='ltr'>μιν·</span> 
     </span>
    </p>
   </div>
  </div>
