2061 3210
292 166 359 196 ΗΠ

605 170 739 199 EUSEBll
758 172 996 200 CzESAiiIENSIS
1015 173 1090 201 OPP.
1110 173 1201 202 PAllS
1220 175 1252 203 ll.
1272 191 1307 197 —
1325 176 1577 205 APOLOGETICA.

1831 181 1900 208 H72

290 234 363 254 mam
381 227 465 261 hanc,
482 228 591 264 inquam
602 251 609 263 ,
625 231 746 266 aliasque
761 232 936 267 superiores,
952 233 995 260 lex
1012 233 1067 268 opi-

1122 235 1158 270 μὴ
1173 235 1204 261 τὸ
1216 235 1391 271 νομιζόμενον
1415 236 1467 271 φὰς
1492 236 1660 264 ὑποϐάλλειν.
1685 237 1730 272 Μὴ
1755 237 1808 274 γὰρ
1823 239 1901 266 ἀδια-

289 279 337 299 nov
352 273 402 300 ista
416 275 706 310 consequitur.~Qua2
717 278 824 305 tandem
835 277 927 305 ?—Uti
946 279 1071 307 mulieres

289 317 349 345 ista:
360 327 454 347 omnes
468 328 530 348 cum
545 322 610 350 viris
626 323 679 350 illis
691 324 818 351 omnibus
831 332 990 352 communes
1005 325 1070 357 sint,

290 363 417 398 nullaque
430 373 492 392 eum
509 367 564 395 ullo
577 368 702 402 privatim
717 378 749 397 ac
762 371 870 405 proprie
891 377 1069 400 consuescat:

290 409 431 443 similiter,
448 413 486 439 uti
502 420 661 443 communes
677 416 731 443 sint
744 417 820 444 liberi
835 424 946 449 omnes,
964 425 1014 445 nec
1029 418 1070 445 sui

288 455 329 482 vel
344 455 413 484 fetus
429 466 442 484 a
458 461 625 493 parentibus,
639 462 679 489 vel
694 468 818 497 parentes
841 471 855 490 a
871 463 968 490 felibus
985 471 1070 497 agno-

286 506 408 529 scantur.
425 512 434 529 ›
457 503 561 537 Quibus
582 507 617 534 ita
633 508 740 535 subdit:
766 518 774 534 ι
798 508 948 536 Verisimile
971 507 1070 543 ἰὰ,ηυί-

286 545 347 573 dem
358 569 365 580 ,
381 547 478 583 inquit.
493 566 529 570 —
544 551 584 579 Tu
602 553 691 588 igitur.
708 555 818 590 inquam
829 576 836 587 ,
851 562 867 582 ο
879 560 972 582 noster
987 555 1069 588 legis-

286 590 373 625 Ῐθιοτι
392 595 534 623 mulierum
557 599 668 632 perinde
691 608 723 627 ac
753 601 873 627 virorum
894 600 997 628 delectu
1020 601 1069 627 ha-

286 634 355 668 bito,
372 637 405 665 iis
416 647 496 673 quam
514 643 630 670 maxime
645 644 703 671 fieri
720 645 829 680 poterit,
846 645 953 680 ingenio
967 645 1069 673 similes

285 680 448 715 assignabis.
470 684 490 711 li
521 694 601 720 porro
627 687 722 716 domos
741 690 971 724 contuberniaque
995 698 1070 718 com-

287 727 378 753 munia
395 728 460 755 dum
485 729 639 765 habebunt,
666 742 716 761 nec
741 735 865 770 privatim
891 736 962 762 ullus
982 735 1070 763 simile

285 773 433 808 quidquam
451 777 615 810 possidebit,
629 787 682 806 una
697 781 817 815 profecto
830 786 928 809 erunt:
952 782 1070 816 dumque

285 819 366 846 simul
381 824 434 848 tam
452 822 478 848 in
491 825 639 858 gymnasiis
651 845 657 857 ,
674 833 755 860 quam
773 826 798 853 in
814 827 917 854 exteris
936 827 997 854 vita!
1011 827 1068 854 ofﬁ-

286 864 337 892 ciis
351 867 550 903 versabuntur,
569 870 602 897 ad
625 877 745 898 mutuam
756 893 763 905 ,
780 872 876 907 Opinor
888 893 896 904 ,
922 879 1070 902 consuetu--

284 910 375 938 dinem
395 912 488 940 innata
511 915 627 949 quadam
647 917 808 944 necessitate
832 917 975 944 ducentur.
997 917 1066 945 Num

284 963 350 984 vero
374 957 422 985 tibi
449 961 603 988 necessaria
627 961 716 989 dicere
739 963 900 990 videor?-—
916 963 1004 997 Sane,
1026 964 1068 990 in-

285 1000 364 1034 quit,
381 1010 474 1030 verum
491 1012 544 1032 non
561 1006 723 1040 geometrica
739 1007 917 1039 necessitate,
933 1008 979 1035 sed
993 1016 1068 1035 ama-

286 1047 355 1074 toria
369 1067 376 1080 ,
402 1057 463 1084 quae
485 1051 609 1086 quidem,
639 1053 671 1079 ad
695 1053 880 1088 pclliciendam
899 1055 953 1081 vim
977 1055 1067 1090 populi

285 1094 432 1122 maximam
443 1116 451 1130 ,
470 1096 559 1124 acrior
575 1105 636 1125 esse
651 1099 731 1134 vulgo
747 1107 828 1134 quam
842 1100 903 1132 illa,
921 1101 1068 1135 potentior-

285 1146 338 1173 que
351 1140 428 1167 solet.
443 1150 452 1166 ι
469 1140 532 1170 llaec
543 1143 597 1170 ille.
615 1143 666 1171 Sed
680 1145 732 1171 erit
756 1144 872 1173 fortasse
891 1153 947 1173 non
971 1154 1067 1177 nemo,

284 1184 331 1219 qui
362 1185 518 1222 philosophi
543 1193 661 1217 mentem
690 1189 770 1218 aliter
794 1190 930 1226 accipiet,
954 1199 1068 1227 eamque

282 1238 365 1265 quam
380 1232 459 1267 vulgo
482 1237 595 1268 putant,
619 1236 727 1270 negabit
748 1244 818 1264 esse.
841 1236 897 1265 Nec
914 1237 986 1265 enim
1004 1246 1067 1272 pro-

1123 280 1223 312 στόλως
1238 282 1333 312 εἰπεῖν,
1347 281 1435 313 πάσας
1451 279 1518 309 εἷναι
1532 281 1626 314 κοινὰς
1641 281 1691 313 τὰς
1709 284 1849 316 γυναῖκας,
1864 283 1902 316 ὼς

1123 327 1168 353 καὶ
1181 328 1237 358 τοῖς
1252 327 1377 362 τυχοῦσιν
1392 327 1593 354 ἀκολασταίνειν
1613 327 1722 360 ἐξεῖναι,
1738 328 1795 355 ἀλλ’
1809 330 1856 356 ὲπὶ
1868 331 1901 365 τῇ

1122 371 1174 397 τῶν
1185 371 1320 406 ἀρχόντων
1337 371 1445 406 ἐξουσίᾳ
1458 372 1562 398 κεῖσθαι
1578 372 1627 406 τὴν
1638 371 1705 406 πρὸς
1720 372 1782 403 τοὺς
1803 372 1902 408 ἄνδρας

1120 417 1278 452 διανέμησιν
1292 417 1390 444 αὐτῶν.
1405 417 1481 444 Οὕτω
1493 417 1547 453 γὰρ
1559 415 1629 444 εἶναι
1645 417 1746 450 κοινὰς,
1759 417 1796 448 ὠς
1809 417 1842 444 ἂν
1857 418 1902 444 καὶ

1121 461 1154 487 τὰ
1171 461 1286 496 δημόσια
1303 462 1430 497 χρήματα
1445 462 1510 497 φαίη
1520 471 1562 493 τις
1574 459 1640 488 εἶναι
1659 462 1746 494 κοινὰ,
1765 459 1805 494 οἷς
1819 471 1903 497 προσ-

1121 507 1182 542 ήκει
1196 507 1377 543 διανεμόμενα
1395 508 1462 544 πρὸς
1478 508 1532 534 τῶν
1545 509 1792 544 ἐπι-τετραμμένων.
1804 509 1858 535 Kal.
1870 508 1901 544 δὴ

1119 551 1196 578 ταῦθ’
1210 552 1295 584 οὕτως
1323 553 1416 587 ἐχέτω.
1433 553 1466 579 Τί
1495 553 1517 580 δ’
1534 553 1566 580 ἃν
1580 554 1665 585 εἴποις
1681 553 1782 588 μαθὼν,
1801 553 1838 585 ὡς
1856 553 1902 580 καὶ

1122 599 1158 634 μὴ
1173 599 1297 634 ἐκφέρειν
1312 600 1352 631 εἰς
1365 599 1422 633 φῶς
1431 599 1466 625 τὰ
1479 599 1614 634 κυούμενα
1626 599 1803 634 seponas-.3;
1817 598 1902 632 λέγων

1119 640 1180 670 ὦδε’
1200 653 1209 669 t
1230 645 1340 671 Γυναικὶ
1357 645 1406 679 μὲν
1421 645 1487 680 (80),
1504 643 1538 681 ἦν
1557 645 1579 672 δ’
1591 645 1657 679 ἐγὼ,
1679 645 1817 681 ἀρξαμένῃ
1848 646 1902 672 ἀπὸ

1120 689 1305 721 εὶκοσαέτιδος.
1325 689 1404 724 μέχρι
1432 691 1718 726 τεσσαρακονταέτιδος
1740 691 1843 717 τίκτειν
1869 693 1901 726 τῇ

1122 735 1206 761 πόλει·
1220 735 1297 770 ἀνδρὶ
1311 735 1350 767 δὲ,
1364 735 1473 762 ἐπειδὰν
1500 736 1548 771 τὴν
1573 736 1702 771 ὀξυτάτην
1727 737 1824 772 δρόμον
1845 737 1901 772 (81)

1119 782 1210 817 ἀκμὴν
1230 784 1315 818 παρῇ,
1332 783 1363 809 τὸ
1380 783 1434 809 ἀπὸ
1453 783 1546 810 τούτου
1568 784 1664 819 γεννᾷν
1676 785 1708 818 τῇ
1730 783 1805 809 πόλει
1821 782 1902 818 μέχρι

1120 827 1198 853 πέντε
1212 828 1259 854 καὶ
1271 829 1539 864 πεντηκονταέτουςη
1552 827 1591 860 οἷς
1605 829 1734 863 ἐπιλέγει·
1751 838 1760 854 ι
1779 830 1862 855 Ὅταν
1873 828 1902 855 δὲ

1119 873 1161 908 δὴ,
1177 871 1262 909 οἶμαι,
1277 875 1307 900 αἴ
1323 884 1352 901 τε
1364 877 1502 909 γυναῖκες,
1517 876 1565 903 καὶ
1590 877 1614 903 οἰ
1628 877 1723 912 ἄνδρες
1746 876 1793 903 τοῦ
1805 877 1903 911 γεννᾷν

1121 918 1221 945 ἐκϐῶσι
1245 920 1294 955 τὴν
1321 920 1436 955 ἠλικίαν,
1455 922 1595 958 ἀφήσομέν
1609 931 1659 948 που
1683 921 1840 958 ἐλευθέρους
1856 922 1902 948 αὖ-

1119 964 1182 995 τοὺς
1203 965 1376 999 συγγίνεσθαι
1447 967 1480 994 ἂν
1513 967 1636 995 ἐθέλωσι.
1659 977 1668 994 ι
1690 968 1744 995 Καὶ
1770 967 1901 1001 ἐπιλέγει·

1123 1019 1132 1035 ι
1147 1011 1388 1048 Διακελευσάμενοι
1402 1013 1597 1049 προθυμεῖσθαι
1612 1014 1727 1049 μάλιστα
1749 1013 1798 1049 μὲν
1813 1013 1850 1049 μὴ
1864 1014 1903 1045 εἰς

1121 1055 1178 1090 φῶς
1207 1057 1334 1093 ἐκφέρειν
1362 1059 1455 1095 κύημα
1484 1060 1576 1096 μηδὲν,
1605 1061 1652 1087 ἐὰν
1670 1060 1791 1096 γένηται·
1810 1060 1859 1087 ἐὰν
1876 1060 1903 1086 δέ

1120 1110 1161 1134 τις
1175 1102 1230 1137 (82)
1247 1103 1384 1140 βιάσηται,
1407 1105 1478 1133 οὕτω
1505 1107 1655 1139 ἐκτιθέναι,
1683 1107 1720 1138 ὡς
1743 1107 1793 1133 οὐκ
1822 1106 1903 1142 οὗσης

1120 1150 1223 1184 τροφῆς
1239 1149 1278 1185 τῷ
1293 1151 1415 1186 τοιούτῳ.
1434 1161 1444 1178 ι
1471 1152 1528 1179 Καὶ
1547 1153 1582 1179 τὰ
1604 1153 1654 1189 μὲν
1676 1153 1740 1189 περὶ
1764 1153 1903 1187 γυναικῶν

1121 1193 1232 1230 ἀγωγῆς
1246 1196 1367 1223 τοιαῦτα.
1385 1197 1425 1223 Τὰ
1440 1197 1468 1224 δὲ
1487 1198 1552 1233 περὶ¹
1577 1197 1676 1233 ἔρωτος
1705 1197 1839 1233 ἐκθέσμου
1854 1198 1902 1223 ὲπ-

1121 1239 1236 1267 ἁκουσον
1249 1238 1294 1268 οἷα
1305 1243 1441 1278 τυγχάνει.

283 1277 389 1305 miscue
404 1287 563 1309 communes
576 1281 690 1310 feminas
707 1291 801 1312 omnes
822 1292 884 1312 esse
907 1285 990 1318 velle,
1004 1286 1084 1320 quasi
1103 1286 1221 1316 libidinis
1247 1297 1279 1316 ac
1297 1277 1389 1325 ﬂagitii
1406 1291 1517 1319 liberam
1534 1291 1621 1319 cuivis
1631 1296 1789 1326 potestatem
1802 1290 1902 1325 faciat:

283 1322 330 1363 Sed
345 1327 448 1352 tantum
465 1327 638 1362 magistratus
661 1334 757 1364 suopte
778 1331 890 1358 arbitrio
911 1339 988 1358 suam
1014 1332 1111 1367 cuique
1147 1333 1202 1360 viro
1225 1335 1364 1370 assignare
1391 1344 1479 1371 posse.
1506 1336 1552 1365 Sic
1584 1338 1655 1364 enim
1677 1337 1788 1372 perinde
1825 1343 1901 1364 com-

281 1376 379 1398 munes
397 1371 458 1400 illas
480 1372 551 1408 fore,
574 1379 604 1402 ut
626 1376 740 1411 publicae
761 1379 883 1412 pecunia:
902 1386 1061 1407 communes
1079 1382 1170 1408 vocari
1198 1387 1330 1417 possunt,
1357 1392 1417 1419 qua:
1435 1385 1462 1412 in
1478 1393 1548 1420 quos
1561 1386 1709 1420 oportuerit
1726 1393 1742 1412 a
1762 1383 1901 1419 quaestori-

283 1417 335 1445 bus
349 1419 515 1449 dividantur.
531 1421 632 1452 Demus
657 1424 709 1452 hoc
736 1433 809 1453 vero.
827 1425 897 1459 Quid
922 1427 1029 1454 tandem
1059 1436 1090 1456 es
1123 1429 1264 1463 dicturus,
1289 1417 1582 1466 cum-audies,-illum
1604 1432 1701 1463 etiam,
1726 1439 1761 1459 ne
1778 1429 1901 1465 concepti

283 1469 362 1494 utero
378 1467 448 1496 fetus
465 1470 492 1497 in
511 1470 598 1499 lucem
620 1473 702 1508 709
721 1473 853 1507 edantur,
881 1474 1064 1503 interdicere?
1089 1477 1171 1512 Atqui
1202 1483 1266 1506 sunt
1291 1479 1348 1507 haec
1370 1480 1438 1514 ejus'
1450 1480 1548 1507 verba:
1572 1489 1582 1505 ‹
1601 1479 1770 1511 Statuimus,
1796 1478 1902 1513 in‘lu'“.

283 1514 321 1540 uti
339 1515 466 1544 mulieres
481 1525 496 1545 a
513 1518 644 1547 vicesimo
663 1528 735 1548 anno
755 1522 787 1549 ad
807 1523 1059 1558 quadragesimum,
1092 1525 1246 1561 reipublicae
1273 1527 1372 1555 liberos
1398 1528 1524 1563 pariant;
1539 1528 1590 1555 viri
1616 1532 1705 1555 autem
1723 1526 1805 1554 simul
1820 1531 1902 1560 atquo

281 1567 314 1587 ex
337 1569 444 1591 summo
468 1564 515 1592 illo
536 1573 568 1594 ac
601 1567 739 1596 levissimo
769 1570 857 1598 aetatis
882 1569 947 1598 ﬂore
965 1572 1144 1605 excesserint,
1174 1574 1206 1601 ad
1237 1582 1338 1602 animm
1366 1576 1492 1611 deinceps
1517 1576 1642 1611 quintum
1661 1579 1688 1602 et
1706 1573 1901 1610 quinquagesiv.

283 1616 370 1642 mum,
382 1614 559 1646 procreandis
572 1615 729 1649 reipublicae
743 1616 837 1646 liberis
850 1625 961 1653 operam
976 1619 1051 1646 dent.
1066 1629 1076 1646 ι
1103 1619 1208 1654 Quibus
1227 1622 1284 1649 haec
1310 1622 1449 1658 subiungit
1472 1632 1478 1650 :
1501 1632 1510 1649 ι
1528 1623 1562 1650 At
1581 1623 1628 1650 ubi
1646 1627 1700 1649 tam
1720 1621 1788 1655 viri,
1816 1628 1897 1656 quam

283 1657 410 1686 mulieres
421 1659 524 1693 justam
543 1661 615 1689 illam
634 1664 778 1697 generandi
800 1671 906 1693 aetatem
927 1668 1108 1701 pra-terierint
1129 1677 1136 1696 :
1153 1669 1220 1697 viris
1233 1670 1330 1698 exinde
1356 1670 1470 1698 liberum
1496 1675 1565 1703 esto,
1596 1671 1783 1706 cujuscunque
1808 1669 1899 1696 Volue-

282 1701 338 1729 rint
363 1707 584 1734 consuetudinem
611 1714 767 1744 expetere.»
791 1711 924 1747 Additque
948 1718 1076 1747 praeterea
1096 1723 1102 1740 :
1126 1724 1135 1740 ι
1153 1715 1308 1742 Cavendum
1333 1716 1398 1744 illud
1419 1717 1499 1744 etiam
1530 1701 1685 1752 diligenier,
1714 1714 1849 1750 principio
1866 1721 1899 1741 ne

282 1749 355 1777 ullus
375 1758 407 1778 ea
427 1757 505 1780 aetate
526 1754 615 1790 fctus,
638 1757 660 1784 si
687 1758 735 1792 qui
761 1757 831 1786 forte
857 1760 1006 1794 exstiterit,
1039 1761 1066 1789 in
1089 1762 1176 1790 lucem
1194 1763 1290 1791 edatur
1311 1773 1319 1791 :
1346 1764 1459 1798 deinde,
1485 1765 1506 1792 si
1532 1773 1591 1799 qua:
1611 1763 1731 1800 pariendi
1752 1762 1899 1790 necessitas

282 1795 379 1831 fuerit,
396 1805 426 1826 ut
444 1807 594 1836 exponetur
610 1804 756 1839 continuo,
775 1807 847 1840 quod
867 1807 970 1835 nullum
997 1808 1061 1836 huic
1088 1814 1182 1844 partus
1207 1812 1299 1845 generi
1322 1811 1480 1839 alimentum
1506 1812 1644 1839 debeatur.
1658 1820 1668 1837 ι
1688 1811 1727 1838 Λα
1751 1809 1785 1836 de
1803 1808 1899 1836 mulie-

283 1850 343 1870 rum
362 1845 513 1875 rationibus
540 1849 670 1878 hactenus
693 1851 778 1880 Plato.
797 1852 856 1880 Jam
881 1854 945 1889 quid
965 1855 998 1882 de
1017 1855 1128 1882 infando
1145 1864 1237 1884 amore
1250 1857 1398 1891 censuerit,
1417 1858 1566 1885 videamus.

576 1897 689 1925 CAPUT
701 1898 761 1926 XX.

284 1949 412 1991 Quanam
429 1952 508 1991 Plora
523 1955 555 1982 de
570 1956 680 1991 infando
693 1966 782 1985 amore
795 1959 822 1986 in
837 1958 951 1988 Phaedro
967 1965 1066 1988 statue-

355 1988 411 2014 rit:
423 1989 517 2023 quibus
530 1988 666 2018 contraria
681 1999 741 2020 sunt
759 2002 775 2020 a
791 1994 863 2022 Mose
878 1996 991 2023 sancita.

1386 1904 1580 1931 ΚΕΦΑΛΑΙΟΝ
1593 1904 1617 1930 Κ
1627 1922 1636 1930 .

1124 1959 1221 1987 Ὁποῗα
1234 1961 1302 2002 μερὶ
1316 1961 1583 2002 ἕρωξοςήὲχθέσέιοιί
1598 1960 1688 1993 αὐτὸς
1699 1958 1854 2002 διετάξατο
1866 1957 1899 1985 ἐν

1229 1997 1345 2032 Φαίδρῳ,
1358 1995 1402 2030 οἷς
1415 1998 1431 2023 ό
1445 1995 1556 2030 Μωσῆς
1569 1995 1793 2030 ἀιτινομοθετεῖ.

321 2042 330 2057 ε
347 2033 399 2067 Qui
413 2035 435 2062 si
450 2035 566 2070 diutius,
580 2038 682 2072 inquit,
699 2038 726 2066 id
741 2039 862 2068 factitare
877 2042 1067 2076 perget,siac-

1156 2051 1165 2067 ι
1182 2043 1266 2069 Ὅταν
1291 2043 1318 2069 δὲ
1349 2043 1458 2078 χρονίζῃ
1490 2042 1543 2078 (85)
1562 2042 1639 2069 τοῦτο
1659 2043 1740 2078 δρῶ-ι.
1762 2041 1810 2067 καὶ
1832 2040 1899 2076 πλη·

281 2080 359 2107 cedet
374 2082 484 2116 propius
495 2103 502 2114 ,
519 2084 541 2110 si
555 2089 608 2111 tam
623 2085 650 2111 in
663 2086 830 2120 gymnasiis,
846 2095 927 2121 quam
952 2088 986 2116 in.
1000 2088 1064 2115 reli-

282 2133 335 2161 qua
354 2128 550 2157 consuetudine
570 2130 646 2158 illum
666 2132 818 2167 continget:
847 2138 903 2159 tmn
928 2132 1066 2160 enimvero

283 2173 412 2202 ﬂuxionis
443 2175 515 2202 illius
544 2175 627 2210 fons,
662 2185 744 2212 quem
775 2179 930 2213 cupidinem
962 2177 1066 2214 Jupiter

282 2218 445 2255 Ganymedis
471 2228 564 2249 amore
598 2227 739 2258 correptus
767 2224 924 2259 appellavit,
951 2225 1015 2252 dum
1038 2225 1065 2252 vi

282 2265 400 2299 quadam
423 2266 624 2295 vehementiore
644 2273 793 2296 amatorem
814 2270 944 2303 inundat,
966 2271 1063 2305 partim

282 2310 310 2337 in
340 2318 402 2338 eum
432 2313 541 2347 penitus
568 2313 703 2347 illabitur,
732 2315 830 2349 partim
853 2323 886 2343 eo
901 2315 964 2350 Fjam
985 2316 1065 2351 pleno

283 2356 366 2384 eﬂluit
381 2365 413 2385 ac
428 2358 558 2386 redundat
572 2364 657 2387 extra.
672 2360 761 2400 Atque
773 2365 802 2388 ut
818 2362 929 2396 spiritus
943 2362 1064 2397 quidam,

284 2406 331 2429 aut
345 2403 413 2431 echo
427 2412 460 2432 ex
476 2404 579 2433 levibus
594 2406 739 2442 solidisque
754 2409 1045 2443 corporibusassiliens
1055 2429 1063 2442 ,

284 2447 356 2474 unde
371 2448 489 2482 primum
502 2451 619 2483 exstitit,
643 2459 676 2478 eo
698 2452 812 2480 refertur
833 2453 938 2482 denuo:
962 2455 1002 2482 sic
1020 2455 1064 2482 illa

283 2492 494 2527 pulchritudinis
508 2495 592 2523 ﬂuxio
603 2516 611 2529 ,
628 2497 654 2524 in
670 2498 812 2532 pulchrum
826 2500 923 2527 iterum
938 2507 986 2535 per
1003 2508 1066 2528 ocu-

284 2538 325 2566 los
337 2540 482 2573 relabitur,
500 2550 560 2577 qua:
579 2549 722 2579 postquam
738 2544 764 2571 in
775 2545 912 2579 animum,
931 2554 985 2581 qua
996 2546 1064 2573 solet

282 2585 327 2613 via
345 2586 468 2621 subierit,
482 2592 540 2615 tum
555 2597 619 2617 vero
633 2589 763 2625 quidquid
778 2590 827 2619 alis
844 2596 981 2626 permeat,
1001 2591 1065 2618 huic

282 2631 364 2658 etiam
381 2632 504 2668 adjungit
517 2634 592 2667 alas,
616 2635 741 2671 rigatque
765 2637 894 2664 continuo
908 2658 916 2670 ,
932 2638 1064 2672 novisque

283 2677 399 2707 subinde
422 2681 518 2714 pennis
544 2681 677 2715 pullulare
700 2682 798 2716 gestit,
820 2691 851 2710 ac
870 2683 950 2711 simili
972 2691 1064 2711 amore

283 2723 366 2751 amati
382 2725 502 2752 animum
517 2726 619 2761 implet.
635 2727 715 2754 Amat
729 2727 809 2763 igitur
826 2729 870 2756 ille
881 2749 888 2759 ι
912 2737 960 2756 nec
976 2734 1065 2757 tamen

395 2815 520 2855 ζξυιίαιξτὶ
533 2816 599 2849 μέν.
617 2817 693 2846 Plato
706 2819 783 2851 ibid.,
800 2827 861 2855 pag.
877 2820 938 2847 460.

319 2847 374 2886 (ἕέ)
394 2849 436 2886 Al:
451 2847 560 2886 δρόμοῖδ-

321 2882 376 2918 (se)
396 2884 437 2911 Al.
456 2882 491 2911 ea.

1118 2087 1197 2123 σιάζῃ
1213 2087 1280 2123 μετά
1293 2088 1339 2114 τοῦ
1356 2088 1499 2121 ἅπτεσθαι,
1516 2089 1544 2115 ἐν
1565 2097 1595 2115 τε
1624 2088 1783 2124 γυμνασίοις
1808 2087 1855 2114 καὶ
1870 2088 1900 2113 ὲν

1116 2135 1176 2165 ταῖς
1187 2133 1278 2166 ἄλλαις
1288 2134 1416 2169 ὁμιλίαις,
1431 2135 1490 2161 τότε
1503 2134 1534 2170 δὴ
1558 2135 1574 2170 ή
1588 2134 1635 2160 τοῦ
1652 2134 1786 2170 ῥεύματος
1793 2132 1899 2160 ἐκείνου

1119 2178 1202 2213 πηγὴ,
1221 2179 1250 2206 ὃν
1281 2180 1375 2215 ἵμερον
1400 2181 1466 2211 Ζεὺς
1493 2181 1666 2215 Γανυμήδους
1679 2180 1748 2215 ὲρῶν
1763 2180 1897 2214 ὠνόμασε,

1117 2225 1200 2259 πολλὴ
1213 2226 1349 2263 ψερομένη
1361 2226 1428 2262 πρὸς
1444 2227 1488 2253 τὸν
1509 2227 1638 2262 ἐραστὴν.
1655 2228 1672 2262 ἡ
1691 2227 1740 2261 μὲν
1765 2226 1805 2257 είς
1818 2226 1898 2252 αὐτον

1116 2271 1203 2307 ἐδυ,ή
1232 2272 1254 2298 δ’
1271 2273 1518 2308 ἀπομεστουμένου,
1547 2273 1599 2307 ἕξω
1625 2275 1748 2309 ἀπορρεῖ·
1774 2274 1822 2299 καὶ
1845 2270 1897 2299 οἷον

1117 2317 1233 2354 πνεῦμα,
1250 2319 1270 2354 ἦ,
1282 2328 1323 2350 τις
1335 2320 1402 2354 ὴχὼ,
1415 2320 1468 2346 ἀπὸ
1484 2319 1562 2346 λείων
1575 2329 1604 2346 τε
1636 2320 1682 2346 καὶ
1714 2320 1830 2355 στερεῶν
1854 2319 1886 2345 ἀλ

1116 2363 1214 2398 λομένη
1232 2362 1299 2399 (84),
1316 2364 1394 2391 πάλιν
1407 2364 1467 2390 ὅθεν
1484 2364 1599 2400 ὡρμήθη
1621 2365 1740 2400 φέρεταν
1769 2364 1839 2390 οὕτω
1869 2364 1897 2390 τὸ

1116 2410 1161 2437 τοῦ
1175 2409 1288 2442 κάλλους
1302 2411 1399 2446 ῥεῦμα.
1412 2411 1491 2438 πάλιν
1504 2413 1544 2443 εἰς
1559 2411 1604 2438 τὸν
1618 2411 1698 2438 καλὸν
1713 2411 1757 2438 διὰ
1779 2410 1834 2437 τῶν
1845 2411 1896 2445 ὀμ.

1118 2456 1208 2490 μάτων
1223 2456 1271 2489 ίδν,
1321 2457 1441 2491 πέφυκεν
1456 2457 1501 2483 ἐπὶ
1521 2456 1569 2492 τὴν
1583 2457 1670 2492 ψυχὴν
1687 2457 1752 2482 ἰέναι
1763 2455 1896 2491 ἀφικόμε-

1116 2510 1169 2534 νον,
1183 2502 1229 2528 καὶ
1243 2502 1445 2538 ἀναπτεροῦσαν
1460 2502 1508 2534 τὰς
1518 2502 1617 2534 διόδους
1636 2501 1689 2528 τῶν
1713 2501 1831 2537 πτερῶν,
1846 2502 1896 2536 ἄρ·

1115 2547 1155 2573 δει
1168 2556 1198 2574 τε
1224 2548 1270 2574 καὶ
1280 2548 1391 2583 ὥρμησε
1406 2549 1574 2583 πτεροφυεῖν,
1591 2549 1637 2575 καὶ
1662 2548 1709 2583 τὴν
1729 2547 1775 2574 τοῦ
1789 2547 1895 2582 ἐρωμέ-

1115 2601 1160 2620 νου
1172 2591 1207 2629 αὖ
1222 2593 1309 2629 ψυχὴν
1326 2593 1425 2629 ἔρωτος
1439 2594 1595 2629 ἐνέπλησεν.
1617 2594 1681 2629 Ἐρᾷ
1697 2593 1746 2629 μὲν
1762 2590 1820 2625 οὖν,
1834 2594 1895 2619 ὅτου

1115 2638 1144 2665 δὲ
1159 2627 1275 2673 imper,
1288 2627 1405 2666 mea
1424 2640 1437 2666 δ
1467 2649 1493 2666 τι
1509 2627 1654 2671 πέπονθεν,
1668 2627 1747 2671 οἶδεν,
1765 2639 1820 2665 οὐδ’
1840 2638 1895 2674 ἔχει

1117 2684 1228 2720 φράσαι·
1241 2684 1297 2711 ἀλλ’
1310 2683 1364 2712 οἷον
1379 2686 1427 2712 ἀπ’
1441 2685 1519 2712 ἄλλου
1532 2685 1681 2720 ὀφθαλμίας
1692 2683 1894 2715 ἀπολελαυκὼς.

1117 2730 1251 2766 πρόφασιν
1274 2732 1360 2757 εἰπεῖν
1381 2732 1430 2757 οὐκ
1453 2731 1518 2767 ἔχει.
1547 2741 1556 2757 ›
1587 2732 1640 2757 Kal.
1671 2730 1791 2764 ἐπιλέγει
1821 2729 1894 2765 ἑξῆς·

1153 2819 1208 2852 (85)
1231 2819 1318 2845 Ὅταν
1332 2818 1365 2845 δὲ
1379 2828 1461 2853 χρον.
1483 2820 1553 2846 Idem
1571 2819 1596 2845 in
1615 2818 1739 2849 Phaedro,
1755 2826 1783 2852 p.
1799 2817 1850 2845 3‘8
1865 2817 1885 2843 D

1152 2854 1206 2888 (84)
1232 2852 1402 2888 ullam-Ern:
1432 2854 1522 2889 Longe
1545 2854 1640 2882 melius
1656 2862 1736 2888 quam
1754 2852 1882 2888 ἀλωμένη

1119 2895 1147 2916 ut
1159 2889 1229 2923 apud
1243 2889 1390 2916 Plutonem.
