2061 3210
194 173 262 200 H73

740 170 898 197 PREPAR.
919 169 1045 198 EVANG.
1066 169 1130 197 LIB.
1151 169 1218 196 λιιι.

1734 171 1803 198 ΗΠ

193 240 205 258 ς
224 231 365 267 Ἐπιθυμεῖ
380 233 408 260 δὲ
420 232 515 269 ἐκείνῳ
530 232 726 268 παραπλησίως
756 232 803 267 μὲν
816 230 973 258 ἀσθενεστέ-

1025 234 1070 257 aut
1085 230 1148 265 quid
1162 235 1243 262 amet,
1259 235 1305 257 aut
1320 237 1373 264 quo
1387 237 1467 257 sensu
1484 235 1624 257 moveatur
1634 250 1641 263 ,
1655 230 1696 256 vel
1711 237 1809 263 nosse,

193 287 248 314 ρως
274 278 312 310 δὲ,
332 279 408 315 ὀρᾷν,
434 279 576 311 ἅπτεσθαι,
606 279 701 314 φιλεῖν,
732 277 969 312 συγκατακεῖσθαι·

192 324 239 350 καὶ
254 324 295 359 δὴ,
304 321 358 350 οἷον
374 324 455 358 εἰκὸς,
467 326 538 351 ποιεῖ
554 325 583 351 τὸ
604 323 671 359 μετὰ
687 323 763 350 τοῦτο
779 324 845 357 ταχὺ
859 321 969 348 ταῦτα.»

198 369 242 396 Ἐν
255 368 301 396 οὖν
312 371 344 405 τῇ
359 372 545 406 συγκοιμήσει,
558 370 603 397 τοῦ
622 370 669 405 μὲν
680 368 791 405 ἐραστοῦ
806 369 819 393 ὁ
828 368 972 397 ἀκόλαστος

193 417 275 448 ἵππος
291 416 346 451 ἔχει
373 416 425 443 ὃτι
438 416 510 451 λέγοι
536 416 603 452 πρὸς
618 415 663 441 τὸν
690 415 804 450 ἡνίοχον,
830 414 875 440 καὶ
905 413 974 445 ἀξιοῖ

192 462 252 489 ἀντὶ
276 462 379 489 πολλῶν
400 463 488 489 πόνων
510 462 612 497 σμικρὰ
636 461 796 488 ἀπολαῦσαν
829 461 843 487 ὁ
868 460 896 486 δὲ
920 459 974 485 τῶν

192 504 322 531 παιδικῶν
338 503 393 539 ἔχει
409 505 456 539 μὲν
467 505 541 531 οὐδὲν
556 505 650 536 εἰπεῖν,
666 502 794 538 σπαργῶν
806 502 834 528 δὲ
851 502 896 528 καὶ
907 502 973 528 dno-

193 549 247 586 ρῶν
263 549 417 585 περιϐάλλει
439 549 484 576 τὸν
497 550 623 584 ἐραστὴν,
649 549 696 575 καὶ
719 547 798 582 φιλεῖ,
814 547 852 578 ὡς
875 546 974 582 σφόδρα

191 594 286 622 εὔνουν
299 595 494 631 ἀσπαζόμενος.
508 596 590 622 Ὅταν
605 604 633 621 τε
650 595 895 629 συγκατακέωνται,
920 592 974 625 οἷὸς

191 640 250 667 ἐστι
265 640 301 675 μὴ
319 639 518 675 ἀπαρνηθῆναι,
535 639 564 666 τὸ
583 638 664 665 αὑτοῦ
691 638 781 674 μέρος,
811 637 974 673 χαρίσασθαι

190 686 231 721 τῷ
243 686 350 721 ἐρῶντι,
367 687 390 712 εί
409 685 515 721 δεηθείη
541 685 696 720 τυγχάνειν.
732 684 794 711 Ἐὰν
810 685 859 719 μὲν
881 683 912 718 δὴ
927 681 973 709 οὖν

191 731 231 763 είς
246 731 413 766 τεταγμένην
441 731 545 758 δίαιταν
572 731 619 757 καὶ
638 730 794 765 φιλοσοφίαν
821 730 918 765 νικήσῃ
940 729 974 755 τὰ

192 776 289 811 βελτίω
305 777 354 812 τῆς
371 777 498 808 διανοίας,
516 776 647 811 μακάριον
674 777 720 803 καὶ
737 776 910 811 δμονοητικὺν
930 776 974 802 τὸν

191 822 285 850 ἐνθάδε
301 823 356 858 βίον
371 823 519 857 διάγουσιν,
535 824 676 859 ἐγκρατεῖς
690 822 792 849 ἑαυτῶν
807 822 853 849 καὶ
867 822 973 857 κσμιοι

191 868 293 901 ὄντες.)
310 867 376 896 Εἶτα
392 869 448 905 μεθ’
467 869 546 905 ἕτερα
575 868 705 903 ἐπιλέγει·
724 878 733 894 ι
756 869 817 895 Ἐὰν
843 868 871 894 δὲ
886 867 975 903 διαίτῃ

1023 276 1064 303 vel
1078 276 1210 311 explicare
1234 280 1336 310 potest:
1359 269 1404 303 sed
1426 276 1536 310 perinde
1560 284 1592 303 ac
1612 276 1635 302 si
1661 283 1695 302 ex
1716 275 1803 302 alieno

1023 325 1131 353 aspectu
1156 318 1342 354 lippitudinem
1367 318 1562 350 contraxisset.
1587 326 1696 345 causam
1724 318 1802 353 ejus,

1022 374 1104 401 quam
1118 365 1211 392 aﬂerat
1224 365 1323 392 nullam
1337 365 1425 391 habet.
1435 374 1443 390 ι
1459 365 1611 399 lterumque
1625 369 1683 399 post
1695 372 1780 399 pauca
1795 374 1800 390 :

1026 423 1035 438 ‹
1046 412 1229 446 Concupiscit,
1239 411 1336 446 inquit,
1350 411 1439 438 minus
1455 412 1625 438 vehementer
1638 411 1663 438 id
1675 411 1802 446 quidem;

1024 458 1070 486 sed
1095 462 1183 484 tamen
1210 457 1304 484 atfectn
1330 457 1477 492 persimili,
1495 457 1600 489 ridere,
1628 457 1802 492 contingere,

1024 504 1158 535 osculari,
1171 503 1270 538 jacenti
1285 503 1477 530 adhaerescere.
1495 503 1559 536 Quae
1572 503 1680 537 quidem
1694 502 1802 536 omnia,

1024 557 1086 577 cum
1112 550 1229 584 primum
1259 549 1384 581 licuerit,
1415 549 1452 575 uti
1479 549 1556 575 facile
1585 548 1673 583 quivis
1706 548 1804 575 intelli-

1024 595 1072 630 git,
1096 595 1184 628 reipsa
1200 595 1314 628 perficit.
1351 594 1432 629 Igitur
1461 595 1580 629 ejusdem
1603 594 1629 620 in
1654 593 1716 621 lecti
1733 601 1804 621 com-

1024 642 1162 673 munione,
1181 642 1402 675 intcmperantior
1419 642 1547 668 amatoris
1562 641 1642 676 710
1654 648 1740 675 equus
1754 641 1804 667 ha-

1024 688 1068 715 bet
1084 688 1155 722 quod
1178 688 1211 714 ab
1227 688 1320 722 auriga
1341 692 1412 722 petat
1435 688 1552 721 aliquid,
1579 688 1631 714 hoc
1654 691 1696 714 est
1711 691 1741 714 ut
1765 690 1805 713 tot

1024 732 1075 760 sibi
1087 733 1210 759 laborum
1222 733 1327 760 brevem
1344 732 1459 766 aliquem
1473 732 1590 759 fructum
1605 739 1700 767 capere
1714 732 1803 758 liceat.

1023 778 1111 805 Amati
1126 786 1189 805 vero
1202 786 1298 813 equus,
1312 778 1384 813 quod
1399 778 1471 805 dicat
1488 778 1568 805 habet
1585 774 1673 805 nihil':
1698 782 1803 805 tantum

1023 829 1173 851 commotus
1188 824 1245 859 ipse
1261 831 1378 859 quoque,
1393 832 1442 851 nec
1455 824 1522 851 satis
1539 824 1579 851 sui
1593 832 1714 859 compos,
1727 832 1804 851 ama-

1024 873 1109 896 torem
1130 869 1204 895 illum
1232 873 1361 903 tanquam
1386 869 1428 896 sui
1454 868 1683 896 studiosissimum
1703 869 1805 903 ample-

192 915 379 951 φορτικωτέρᾳ
389 924 418 942 τε
435 915 481 941 καὶ
495 915 657 950 ἀφιλοσὸφῳ,
671 914 801 950 φιλοτίμῳ
814 914 841 941 δὲ
854 915 974 949 χρήσων-

1025 915 1106 941 ctitur
1129 918 1209 949 atque
1228 915 1375 941 osculatur.
1402 915 1441 942 Ac
1460 914 1525 942 dum
1545 915 1625 942 simul
1641 915 1746 949 jaeent,
1767 915 1804 942 ita

191 969 247 992 ται,
260 960 319 996 τάχ’
333 961 365 988 ἄν
381 970 431 987 που
443 962 471 987 ἐν
493 961 596 996 μέθαις,
618 961 633 996 ῆ
650 970 702 987 τινι
716 961 782 996 ἄλλῃ
800 960 923 996 ἀμελείᾳ,
935 959 973 986 τὼ

191 1007 332 1034 ἀκολάστω
343 1007 433 1036 αὑτοῖν
443 1007 591 1042 ὑποζυγίω,
598 1007 707 1034 λαϐόντε
716 1007 764 1038 τὰς
776 1006 864 1041 ψυχὰς
874 1006 974 1042 ἀφρού-

193 1061 266 1088 ρους,
282 1054 462 1087 συναγαγόντε
489 1055 527 1085 είς
540 1053 634 1086 ταὺτὸ,
658 1053 706 1089 τὴν
722 1052 775 1079 ὑπὸ
791 1053 844 1079 τῶν
870 1051 974 1078 πολλῶν

194 1099 362 1134 μακαριστὴν
376 1099 480 1135 αἵρεσιν
496 1099 617 1134 εἱλέσθην
631 1099 679 1126 καὶ
699 1098 909 1135 διεπραξάσθην·
929 1099 975 1126 καὶ

191 1143 412 1180 διαπραξαμένω,
434 1145 463 1171 τδ
491 1145 582 1171 λοιπὸν
611 1145 660 1180 ἤδη
684 1144 803 1180 χρῶνται
830 1144 879 1180 μὲν
894 1144 973 1179 αὐτῇ,

193 1190 294 1217 σπάνια
308 1190 346 1221 δὲ,
359 1191 406 1217 ἅτε
419 1191 448 1216 οὐ
467 1190 539 1226 πάσῃ
555 1190 700 1225 δεδογμένα
714 1191 746 1225 τῇ
773 1190 876 1226 διανοίᾳ
889 1190 973 1226 πράτ-

192 1245 294 1269 τοντες.
312 1237 382 1264 Φίλω
398 1238 446 1273 μὲν
460 1235 506 1264 οὖν
525 1238 571 1264 καὶ
593 1237 689 1269 τούτω,
707 1235 786 1272 ἦττον
798 1236 826 1263 δὲ
853 1237 973 1269 ἐκείνων,

193 1283 316 1319 ἀλλήλοιν
329 1283 374 1310 διά
395 1292 424 1310 τε
439 1283 486 1310 τοῦ
508 1283 607 1319 ἔρωτος
618 1283 665 1309 καὶ
694 1282 745 1314 ἔξω
761 1282 896 1318 γενομένω
918 1283 975 1310 διά-

192 1337 279 1363 γουσι,
295 1329 399 1361 πίστεις
414 1329 463 1360 τὰς
482 1329 609 1364 μεγίστας
632 1329 774 1364 ἡγουμένω
798 1328 919 1364 ἀλλήλοιν
933 1329 975 1355 δε-

193 1374 307 1401 δωκέναι
324 1384 353 1401 τε
370 1374 416 1401 καὶ
441 1375 571 1409 δεδέχθαι,
597 1374 629 1406 ἃς
711 1373 817 1409 θεμιτὸν
842 1371 910 1400 εἶναι
926 1373 973 1400 λύ-

194 1429 293 1452 σαντας
310 1421 350 1453 είς
379 1419 476 1456 ἔχθραν
489 1420 553 1447 ποτὲ
581 1420 676 1447 ἐλθεῖν.
702 1421 745 1447 Ἐν
759 1420 787 1446 δὲ
807 1421 839 1455 τῇ
852 1419 973 1455 τελευτῇ,

193 1466 305 1503 ἄπτεροι
323 1467 381 1502 μὲν,
395 1467 553 1502 ὡρμηκότες
578 1466 606 1493 δὲ
620 1466 792 1502 πτεροῦσθαι,
822 1464 975 1492 ἐκϐαίνουσι

193 1512 240 1539 τοῦ
253 1512 385 1548 σώματος.
398 1513 477 1539 Ὥστε
492 1513 521 1539 οὐ
539 1513 653 1548 σμικρὸν
674 1510 752 1539 ἆθλον
778 1513 828 1547 τῆς
843 1513 976 1548 ἐρωτικῆς

196 1558 294 1593 μανίας
309 1558 443 1594 φέρονται.
459 1559 506 1590 Εἰς
532 1558 585 1594 γὰρ
601 1558 695 1585 σκότον
723 1559 768 1585 καὶ
782 1559 831 1594 τὴν
849 1558 901 1585 ὑπὸ
924 1558 975 1593 γῆν

195 1605 317 1641 πορείαν,
330 1605 359 1631 οὐ
371 1605 451 1641 νόμος
472 1606 544 1632 ἐστὶν
555 1605 593 1632 ἔτι
611 1605 696 1632 ἐλθεῖν
709 1607 763 1638 τοῖς
778 1606 975 1642 κατηργμὲνοις

194 1650 246 1686 ἤδη
257 1652 305 1687 τῆς
317 1651 478 1687 ὕπουρανίου
495 1652 614 1687 πορείας,
631 1651 697 1678 ἀλλὰ
710 1652 790 1687 φανὸν
815 1652 869 1687 βίον
884 1652 976 1686 διαγα-

195 1697 303 1731 γόντας,
316 1697 481 1733 εὐδαιμονεῖν
498 1698 554 1733 μετ’
569 1697 690 1733 ἀλλήλων
706 1697 913 1733 πορευομένους,
929 1698 975 1724 καὶ

194 1743 361 1778 ὁμοπτέρους
383 1743 481 1779 ἔρωτος
502 1744 589 1779 χάριν.
612 1744 703 1770 Ταῦτα
730 1744 857 1774 τοσαῦτα,
875 1740 897 1769 ὦ
916 1744 974 1775 παῖ,

196 1791 243 1818 καὶ
252 1790 322 1817 οὕτω
334 1790 393 1817 θεῖά
407 1799 447 1817 σοι
463 1790 611 1825 δωρήσεται
628 1789 719 1825 ὴπαρ’
735 1789 849 1825 ἐραστοῦ
865 1788 948 1823 φιλία.
963 1798 973 1815 ι

195 1836 313 1862 Τοιαῦτα
328 1836 377 1871 μὲν
390 1836 424 1863 τὰ
441 1835 591 1867 Πλάτωνος·
608 1836 664 1862 ἀλλ’
679 1836 710 1862 οὺ
733 1836 767 1862 τὰ
793 1836 923 1868 Μωσέως,
947 1836 976 1868 ὃς

194 1882 342 1918 διαρρήδην
357 1882 459 1913 τούτοις
470 1882 575 1908 ἐναντία
593 1882 740 1916 νομοθετεῖ,
757 1882 859 1917 μεγάλῃ
873 1884 906 1917 τῇ
922 1891 977 1916 φω-

196 1929 230 1963 νῇ
245 1928 292 1964 τὴν
308 1928 377 1955 κατὰ
406 1927 592 1963 παιδεραστῶν
623 1928 811 1963 προσήκουσαν
827 1928 977 1963 προσερερὸ-

198 1983 278 2010 μενος
305 1975 391 2010 δίκην,
416 1975 483 2010 Φησὶ¹
509 1974 582 2009 γοῦν·
603 1984 612 1999 ε
634 1975 678 2006 "Oc
703 1974 735 2001 ἂν
763 1974 878 2010 κοιμηθῇ
908 1975 977 2010 μετὰ

196 2020 309 2056 ἄρσενος
322 2020 413 2056 κοίτην
424 2021 559 2055 γυναικὸς,
587 2020 722 2055 βδέλυγμα
750 2020 878 2054 ἐποίησαν
890 2019 978 2054 ἀμφό-

196 2074 281 2101 τεροιο
307 2066 413 2102 θανάτῳ
440 2066 671 2097 θανατούσθωσαν,
694 2065 779 2100 ἔνοχοί
804 2066 887 2092 εἰσι.»
902 2065 975 2092 Καί·

200 2122 210 2133 ι
223 2112 433 2147 Ἐπικατάρατος
447 2113 500 2144 πᾶς
513 2113 527 2139 ὁ
542 2112 708 2146 κοιμώμενος
720 2111 788 2146 μετὰ
796 2110 907 2146 ἄρσενος
923 2111 978 2137 κοί-

197 2166 247 2192 την
263 2158 399 2192 γυναικός.
417 2166 425 2183 ι
447 2158 479 2183 Τί
495 2157 534 2183 δεῖ
554 2156 635 2183 τανῦν
658 2155 828 2191 ἀπελέγχειν,
843 2155 880 2187 ὠς
908 2163 978 2189 παρ-

197 2204 237 2235 εὶς
262 2205 276 2230 ό
303 2203 455 2238 σοφώτατος
477 2203 521 2229 τὸν
547 2201 727 2238 παιδεραστὴν
742 2222 748 2234 ,
781 2200 840 2227 οὐδὲ
870 2200 923 2235 γὰρ
948 2202 976 2227 ὲν

1025 959 1133 994 quidem
1150 965 1322 993 comparatus
1337 964 1388 993 est,
1404 960 1471 987 nihil
1486 964 1514 987 ut
1530 960 1655 991 amatori,
1672 964 1804 995 quantum
1818 963 1821 967 '

1025 1005 1052 1031 in
1069 1013 1098 1032 se
1110 1005 1171 1038 erit,
1187 1010 1334 1040 negaturus
1347 1005 1478 1037 videatur,
1495 1006 1566 1040 quod
1582 1006 1615 1033 ab
1633 1006 1678 1033 illo
1689 1011 1804 1033 conten-

1024 1050 1104 1078 derit.
1132 1050 1209 1084 Quod
1236 1051 1259 1078 si
1282 1051 1376 1079 vicerit
1396 1059 1473 1079 mens
1491 1052 1536 1079 illa
1561 1052 1665 1085 melior,
1693 1060 1752 1086 qua:
1772 1052 1806 1079 ad

1025 1098 1196 1125 modestioris
1217 1102 1242 1125 et
1265 1105 1326 1125 cum
1347 1098 1516 1132 philosophia
1542 1099 1717 1132 congruentis
1745 1098 1806 1126 vitae

1024 1143 1143 1170 rationes
1158 1143 1268 1176 inritat;
1280 1147 1336 1169 tum
1353 1150 1417 1169 vero
1434 1143 1538 1169 beatam
1557 1143 1599 1169 hic
1610 1148 1692 1177 atque
1711 1143 1806 1170 unani-

1025 1192 1094 1212 mem
1107 1185 1188 1211 vitam
1198 1189 1291 1219 agunt,
1305 1185 1346 1212 sui
1359 1190 1488 1218 potentes,
1501 1185 1634 1220 planeque
1645 1185 1803 1212 moderati.»

1024 1229 1143 1264 Itemque
1159 1231 1252 1264 paucis
1267 1231 1411 1257 admodum
1427 1231 1592 1264 interjcclis:
1612 1240 1621 1255 ‹
1638 1230 1685 1257 Sin
1697 1235 1805 1263 contra,

1025 1275 1122 1310 inquit,
1139 1275 1253 1302 alterum
1267 1276 1331 1302 illud
1347 1275 1490 1310 iniquior-is
1502 1276 1562 1303 vitm
1577 1284 1672 1310 genus,
1688 1281 1741 1303 tam
1755 1277 1805 1302 ab—

1026 1320 1141 1349 horrens
1153 1330 1168 1349 a
1182 1322 1362 1357 philosophia,
1376 1329 1457 1355 quam
1472 1322 1644 1349 ambitiosum
1659 1323 1804 1357 placuerit;

1026 1367 1154 1395 continuo
1168 1368 1273 1403 jngales
1289 1375 1383 1395 eorum
1398 1368 1520 1395 indomiti
1534 1388 1540 1400 ,
1561 1368 1624 1395 dum
1651 1368 1693 1395 vel
1720 1373 1807 1395 temu-

1026 1414 1105 1442 lentia
1117 1435 1124 1447 ,
1141 1415 1182 1442 vel
1199 1415 1251 1441 alia
1264 1414 1358 1449 quavis
1372 1414 1484 1441 mollitie
1497 1414 1675 1445 laborabunt,
1689 1414 1806 1441 dissolu-
1848 1442 1850 1444 ,

1025 1464 1066 1488 tos
1078 1461 1181 1488 animos
1196 1461 1326 1495 planeque
1343 1460 1479 1494 neglectos
1492 1464 1655 1492 oecnpantes
1665 1481 1672 1493 ,
1687 1465 1713 1487 et
1733 1460 1806 1495 ejus-

1024 1506 1085 1533 dem
1100 1505 1127 1532 in
1141 1513 1237 1532 sensus
1256 1505 1474 1532 communionem
1500 1505 1684 1538 pertrahentes
1698 1525 1705 1537 ,
1730 1505 1806 1532 illum

1025 1551 1131 1579 vivendi
1147 1558 1248 1578 morem
1262 1570 1269 1582 ,
1284 1550 1329 1585 qui
1344 1550 1479 1584 plerisque
1495 1549 1558 1577 felix
1574 1551 1694 1582 videtur,
1708 1551 1807 1586 eligen‘.

1027 1604 1059 1625 ae
1071 1601 1233 1631 sequentur:
1252 1604 1368 1630 eumque
1381 1595 1506 1630 deinceps
1520 1596 1673 1623 retinebunt
1691 1596 1729 1623 illi
1746 1596 1806 1631 qui-

1025 1644 1096 1676 dem,
1109 1643 1155 1670 sed
1173 1643 1262 1669 rarius
1274 1646 1362 1668 tamen
1375 1641 1556 1675 usurpabunt,
1568 1642 1639 1676 quod
1654 1649 1716 1669 eum
1730 1650 1807 1669 mens

1026 1694 1081 1717 tota
1096 1697 1150 1716 non
1168 1688 1299 1723 probabit.
1317 1688 1350 1715 Et
1365 1689 1473 1724 quidem
1485 1709 1492 1720 ,
1511 1692 1541 1715 ut
1555 1689 1646 1715 minus
1658 1696 1739 1722 quam
1760 1695 1806 1714 su-

1025 1734 1145 1769 periores
1159 1733 1196 1760 illi
1210 1754 1217 1763 .
1236 1738 1325 1760 tamen
1340 1738 1366 1761 et
1381 1734 1407 1761 in
1419 1734 1465 1761 illo
1476 1733 1578 1761 amoris
1593 1738 1676 1765 aestu,
1700 1739 1724 1761 et
1744 1741 1806 1760 eum

1026 1780 1060 1807 ab
1074 1788 1106 1807 eo
1123 1780 1345 1814 interquiescunt,
1362 1779 1441 1806 amici
1458 1788 1517 1807 esse
1536 1784 1650 1814 pergunt
1667 1780 1718 1814 ipsi
1740 1787 1807 1814 quo-

1026 1834 1094 1862 que,
1109 1827 1157 1852 rati
1176 1827 1293 1853 maxima
1315 1834 1344 1853 se
1364 1825 1426 1853 lidei
1449 1826 1577 1861 religione
1593 1826 1664 1852 ultro
1686 1826 1808 1860 citroque

1026 1873 1159 1907 obligatos
1174 1880 1244 1903 esse,
1256 1879 1309 1906 qua
1324 1872 1422 1899 violata
1436 1872 1505 1898 ullas
1517 1879 1637 1905 unquam
1652 1871 1808 1897 inimicitias

1026 1925 1151 1945 exercere
1164 1917 1199 1944 sit
1214 1916 1301 1944 nefas.
1315 1916 1399 1944 Porro
1410 1924 1471 1944 eum
1489 1917 1624 1943 intereunt
1638 1936 1645 1948 ,
1659 1917 1698 1943 sic
1720 1916 1808 1943 disce-

1026 1963 1093 1991 dunt
1104 1970 1135 1990 ex
1152 1970 1264 1998 corpore
1276 1983 1283 1995 ,
1298 1968 1328 1990 ut
1342 1964 1404 1991 licet
1421 1963 1471 1990 alis
1493 1963 1607 1990 necdum
1630 1963 1742 1989 omnino
1767 1962 1809 1988 in-

1027 2008 1122 2035 structi
1136 2008 1200 2041 sint,
1218 2008 1252 2035 iis
1268 2013 1358 2035 tamen
1374 2008 1466 2036 vestiri
1485 2008 1540 2042 jam
1562 2008 1702 2043 coeperint.
1721 2007 1811 2039 Quare

1027 2053 1143 2081 fructum
1160 2054 1298 2081 amatoria:
1312 2054 1391 2089 hujus
1405 2054 1518 2081 insania:
1538 2062 1592 2081 non
1617 2054 1743 2088 exiguum
1766 2061 1811 2080 ea-

1027 2100 1113 2135 piunt.
1129 2099 1184 2127 Nec
1196 2099 1269 2127 enim
1284 2099 1345 2126 illos
1358 2099 1484 2134 deinceps
1500 2099 1525 2126 in
1548 2099 1671 2126 tenebras
1684 2118 1691 2129 ,
1715 2102 1762 2125 aut
1782 2098 1810 2124 in

1027 2146 1201 2173 subterranea
1215 2146 1337 2181 quaedam
1362 2146 1421 2173 loca
1442 2146 1534 2172 venire
1550 2145 1592 2172 lex
1618 2145 1671 2171 ulla
1688 2145 1789 2178 patitur
1801 2164 1809 2176 ,

1027 2192 1073 2227 qui
1091 2192 1162 2219 viam
1176 2192 1246 2220 coelo
1260 2192 1414 2227 propiorem
1437 2192 1562 2220 insistere
1578 2192 1635 2226 jam
1650 2194 1789 2225 coeperunt
1802 2199 1809 2217 :

198 2250 255 2280 τοῖς
282 2250 390 2283 Νόμοις
418 2248 516 2283 ἠξίωσε
544 2247 613 2274 κατὰ
643 2245 826 2282 παιδεραστῶν
863 2245 974 2271 θανάτου

1028 2238 1074 2265 sed
1090 2238 1179 2272 pot-ius
1191 2246 1244 2265 una
1260 2238 1389 2273 profecti,
1403 2238 1503 2265 claram
1526 2238 1712 2271 illustremque
1726 2237 1810 2263 vitam

198 2296 276 2331 δίκην
292 2295 611 2331 δρίσασθαι.προστάττει
626 2295 730 2329 Θανάτῳ
741 2292 854 2328 ζημιοῦν
867 2292 977 2319 οἰκετῶν

198 2342 244 2369 τὸν
258 2342 295 2378 μὴ
308 2341 535 2377 καταμηνύσαντα.
547 2341 680 2377 θησαυρὸν
694 2341 736 2375 ὑφ’
748 2339 840 2375 ἐτέρου
852 2339 922 2370 τινὸς
936 2339 979 2365 εὑ-

200 2388 336 2424 ρημένον;
357 2388 522 2414 Ἑπάκουσον
538 2388 566 2415 δὲ
581 2388 627 2414 καὶ
655 2387 748 2418 τῶνδε,
767 2386 809 2412 ἵνα
823 2385 859 2421 μή
882 2392 914 2420 με
932 2393 979 2411 συ-

199 2436 340 2469 κοφαντεῖν
355 2434 507 2465 ὑπολάὸοις.

1030 2283 1057 2310 in
1076 2291 1181 2311 summa
1207 2283 1332 2311 felicitate
1356 2284 1477 2319 degunt,
1497 2292 1529 2311 ac
1553 2288 1661 2318 propter
1686 2287 1810 2309 mutuum

1031 2337 1167 2362 amorem,
1181 2329 1316 2357 similibus
1331 2330 1412 2356 etiam
1435 2330 1485 2357 alis
1511 2329 1668 2356 induuntur.
1687 2327 1749 2354 llaec
1765 2332 1791 2354 tu
1803 2346 1810 2359 ,

1033 2374 1087 2407 fili,
1103 2379 1176 2402 tanta
1194 2379 1302 2410 tamque
1318 2376 1408 2402 divina
1426 2383 1459 2403 ex
1483 2376 1611 2403 amatoris
1637 2375 1675 2401 tui
1694 2374 1812 2401 amicitia

1032 2428 1208 2455 consequere.
1222 2430 1231 2447 ι
1248 2421 1308 2448 llaec
1324 2421 1410 2448 Plato.
1428 2422 1461 2448 At
1477 2413 1559 2448 Mosis
1576 2421 1653 2455 longe
1666 2420 1719 2447 alia
1736 2427 1812 2446 mens

199 2487 262 2516 est,
276 2484 375 2518 quippe
387 2482 432 2517 qui
448 2482 533 2517 legem
548 2482 581 2509 iis
596 2482 675 2516 plane
699 2480 862 2508 contrariam
886 2479 955 2507 ferat
968 2499 975 2510 ,
995 2478 1059 2506 dum
1072 2480 1202 2507 adversus
1220 2488 1365 2515 puerorum
1386 2485 1521 2508 amatores
1540 2480 1723 2515 aequissimam
1744 2480 1813 2506 hanc

202 2530 310 2560 disertis
338 2531 427 2558 verbis
453 2530 612 2557 sententiam
637 2528 812 2563 pronuntiat:
828 2527 1051 2560 «Quidormierit
1075 2535 1137 2555 cum
1159 2536 1234 2555 mare
1252 2528 1397 2555 concubitu
1417 2528 1561 2559 muliebri,
1584 2528 1813 2555 abominationem

201 2582 325 2614 fecerunt
346 2578 446 2605 ambo:
471 2582 557 2604 morte
579 2577 730 2604 moriantur
742 2576 750 2591 ¹
763 2596 770 2608 ,
792 2576 852 2609 ejus
876 2575 947 2602 enim
966 2575 1003 2602 rei
1019 2580 1091 2602 sunt.
1105 2575 1238 2610 tltemque
1253 2597 1260 2609 ,
1278 2586 1286 2602 ‹
1300 2576 1479 2604 Exsecrabilis
1505 2581 1546 2605 est.
1565 2576 1654 2603 omnis
1684 2576 1728 2611 qui
1750 2576 1815 2602 dor-

202 2624 254 2651 mit
273 2632 334 2653 cum
346 2632 421 2651 mare
431 2623 574 2651 concubitu
587 2622 720 2650 muliebri.
736 2631 744 2646 ν
761 2621 831 2654 Quid
850 2621 905 2656 jam
926 2621 1001 2655 71]
1026 2621 1120 2648 attinet
1143 2622 1206 2648 illud
1237 2622 1339 2649 homini
1362 2622 1525 2657 persapienti
1552 2622 1669 2656 objiee‘re
1683 2642 1690 2654 ,
1718 2621 1812 2648 missis

202 2670 410 2704 praediconibus,
437 2678 488 2698 nec
512 2670 584 2697 enim
606 2669 662 2697 suis
685 2668 712 2695 in
729 2668 838 2703 Legibus
854 2667 948 2694 mortis
967 2674 1015 2695 eos
1035 2668 1166 2702 supplicio
1179 2669 1274 2704 dignos
1294 2669 1413 2703 putavit,
1434 2669 1461 2695 in
1486 2676 1593 2695 servum
1616 2668 1691 2695 illum
1718 2668 1815 2702 capitis

203 2716 238 2744 ab
247 2724 280 2744 eo
295 2718 359 2745 ferri
375 2718 535 2745 sententiam
549 2738 556 2750 ,
572 2718 618 2753 qui
638 2721 773 2753 repertum
793 2716 826 2745 ab
850 2716 902 2744 alio
924 2716 1082 2743 thesaurum
1099 2724 1152 2743 non
1171 2717 1321 2745 indicarit?
1335 2718 1372 2744 Ac
1388 2725 1421 2744 ne
1433 2725 1475 2744 me
1489 2716 1649 2744 calumniari
1665 2716 1816 2751 suspicere;

204 2763 307 2791 audisis
321 2764 377 2791 haec
392 2764 451 2798 ejus
463 2764 553 2793 verba.

243 2840 347 2869 'Levit.
365 2849 410 2873 xx,
429 2841 468 2868 15.
