2061 3210
594 165 725 194 EUSEBII
745 161 982 192 CAESARIENSIS
1003 159 1078 188 ΟΡΓ.

573 224 686 252 CAPUT
711 223 780 251 XXI.

277 281 315 308 De
330 282 428 316 legibus
441 281 559 308 Plutonis
578 282 611 307 ad
634 281 716 307 caedes
735 278 939 316 pertinentibus,
960 285 1056 316 magna

310 313 364 343 ξιιᾱ
371 318 480 343 hominis
494 316 707 351 menleindignis,
717 314 869 350 quibuscum
881 313 977 347 Muysis
990 313 1057 347 leges

313 352 512 378 committendae.

316 418 326 434 ε
339 407 473 443 Quidquid
489 413 590 441 autem,
605 412 702 441 inquit,
717 411 770 433 tam
782 406 815 432 de
828 404 960 440 pecuniis,
974 411 1055 438 quam

279 453 311 480 de
326 454 381 486 illo,
397 454 443 488 qui
458 461 504 481 eas
520 454 580 481 loco
595 452 719 484 moverit,
739 451 809 479 Deus
825 450 1013 485 respondebit,
1029 449 1054 475 id

279 499 466 534 obtemperans
479 500 589 527 oraculo
602 498 754 533 respublica
769 497 900 532 perﬁcito.
915 496 1013 527 Liber,
1032 495 1054 521 si

277 552 333 572 rem
347 545 481 578 indicarit,
493 545 617 577 virtutis;
630 545 652 572 si
666 544 792 576 tacuerit,
804 543 984 577 improbitatis
995 542 1049 576 opi-

278 592 386 618 nionem
402 591 516 619 auferto.
537 591 637 619 Servus
660 591 682 618 si
708 590 808 617 factum
828 588 978 624 aperuerit,
999 595 1056 615 res-

277 636 382 670 publica
406 637 521 664 liberum
544 644 604 664 esse
624 636 701 663 illum
718 635 873 667 decernito,
900 633 970 661 servi
995 640 1055 667 pre-

277 682 344 708 tium
362 681 427 708 hero
445 686 652 716 repraesentata:
677 682 701 709 si
723 689 777 708 non
799 679 951 716 aperuerit,
970 683 1055 706 morte

276 727 430 754 mulctator.
447 737 456 753 ι
472 728 558 762 Atque
576 727 620 755 hic
643 731 729 754 morte
750 727 911 758 damnatur,
937 733 991 752 non
1008 724 1054 759 qui

277 780 332 798 rem
347 773 509 806 prohibitam
521 774 581 800 loco
595 773 729 804 moverit,
744 772 790 799 sed
804 771 851 806 qui
866 778 965 798 nomen
988 769 1055 796 furis

276 825 330 844 non
342 818 475 845 detulerit.
492 818 525 845 At
541 818 610 845 idem
624 838 631 850 ,
649 818 758 852 impune
772 817 867 844 herum
883 816 953 842 ferre
976 815 1052 846 vult,

275 863 321 897 qui
339 871 444 890 servum
458 864 543 890 iratus
554 863 691 891 occiderit.
707 873 716 888 ι
732 862 784 895 Qui
799 869 905 890 servum
920 882 927 893 ,
950 861 1052 895 inquit,

276 917 356 936 suum
372 909 510 941 occiderit,
525 909 691 936 absolvitor:
707 909 753 943 qui
767 907 884 935 alienum
903 912 929 933 et
946 906 1030 933 iratus
1043 927 1050 938 ,

275 955 388 989 duplum
401 955 460 990 ejus
475 956 540 982 hero
554 955 670 990 pretium
688 954 842 989 persolvite.
860 963 869 978 ›
897 952 965 979 Huic
985 952 1051 979 alias

276 1001 343 1027 adde
359 1001 447 1036 leges,
464 1008 533 1035 quas
545 1001 578 1027 de
592 1000 663 1027 casde
677 1000 747 1028 tulit.
763 998 829 1032 «Qui
853 1003 946 1034 suapte
969 1005 1051 1024 manu

275 1045 411 1072 hominem
424 1045 536 1072 liberum
551 1045 734 1077 interfecerit,
749 1045 771 1072 si
787 1045 891 1072 facinus
905 1043 1052 1070 iracundiae

275 1089 355 1116 fuerit
365 1108 376 1118 .
392 1097 445 1116 non
467 1089 572 1116 consilii
586 1108 593 1121 ,
615 1097 676 1116 cum
698 1094 794 1116 caetera
804 1110 811 1122 ,
832 1097 894 1123 qua
909 1089 1052 1116 homicida:

274 1135 415 1162 iracundia
441 1136 514 1162 nulla
538 1140 674 1163 commoto
695 1135 877 1168 deberentur,
900 1136 1048 1168 sustineto;

273 1185 330 1207 tum
342 1181 495 1208 necessario
506 1202 514 1214 ,
531 1181 685 1216 frangenda:
701 1181 846 1208 iracundia:
860 1189 940 1208 causa
951 1202 958 1214 ,
973 1181 1050 1207 bien-

275 1226 349 1252 nium
367 1227 498 1254 exsulato.
516 1237 525 1253 ι
543 1227 592 1254 Cui
609 1233 635 1255 et
651 1228 732 1254 aliam
749 1227 819 1254 lianc
829 1227 926 1254 deinde
936 1227 1050 1261 subjun-

272 1271 326 1305 git:
346 1272 398 1298 «At
410 1273 455 1306 qui
472 1280 524 1299 non
539 1273 624 1300 iratus
634 1273 725 1305 modo,
738 1273 784 1300 sed
800 1273 881 1300 etiam
896 1281 929 1300 ex
944 1273 1050 1300 insidiis

272 1317 387 1344 liberum
401 1319 549 1352 occiderit,
564 1327 624 1347 cum
639 1320 747 1347 easdem
760 1339 767 1351 ,
783 1327 851 1354 quas
865 1319 990 1354 superior
1007 1319 1050 1346 ille

272 1369 367 1396 pinnas
381 1363 447 1390 luito
460 1384 468 1397 ,
482 1368 539 1391 tum
552 1372 615 1392 vero
630 1371 658 1392 ut
672 1365 810 1392 biennium
833 1365 916 1397 alter,
934 1365 973 1392 sic
993 1364 1051 1399 ipse

273 1408 418 1436 triennium
442 1410 582 1443 exsulato;
609 1410 763 1437 diuturnius
788 1410 861 1437 enim
888 1410 1050 1445 supplicium

271 1455 360 1489 major
373 1455 513 1483 iracundia
528 1457 656 1491 postulat.
669 1467 678 1482 ι
694 1456 762 1484 Tum
777 1457 809 1483 de
822 1457 869 1483 illo
883 1457 929 1491 qui
951 1464 1049 1483 secun-

271 1501 336 1527 dum
349 1500 522 1528 homicidium
537 1503 694 1537 patraverit,
712 1503 747 1530 ita
773 1503 882 1530 statuit;
908 1512 917 1527 ι
934 1502 1010 1535 Quod
1027 1503 1050 1530 si

272 1543 352 1578 712
369 1543 464 1570 horum
477 1545 605 1572 alteruter
618 1545 645 1571 in
660 1545 774 1580 patriam
791 1545 942 1577 restitutus,
956 1545 1050 1572 eodem

272 1597 301 1615 se
314 1596 408 1616 rursus
421 1590 546 1622 crimine,
564 1591 704 1627 iracundia
716 1591 805 1618 victus
824 1591 965 1625 obligarit,
988 1599 1048 1625 per-

270 1638 381 1668 petuum
396 1635 530 1662 exsulato.
546 1646 556 1661 ι
575 1634 694 1670 Itemque
709 1636 790 1671 paulo
806 1641 885 1670 post:
901 1645 910 1661 ‹
925 1635 953 1662 Si
968 1635 1047 1668 forte.

270 1680 344 1714 quod
359 1688 422 1707 raro
438 1681 582 1708 admodum
601 1682 724 1714 eveniet,
746 1687 822 1717 pater
842 1687 888 1709 aut
906 1688 991 1709 mater
1015 1682 1047 1709 ﬁ-

271 1727 337 1753 iium
352 1733 398 1754 aut
414 1728 512 1760 ﬁliam,
528 1729 648 1763 ejusdem
663 1729 809 1756 iracundia
829 1729 872 1762 vi,
891 1732 938 1756 aut
956 1728 1049 1755 verbe-

271 1772 356 1806 ribus,
374 1777 421 1800 aut
436 1774 487 1800 alia
503 1774 598 1808 quavis
613 1775 758 1802 acerbitate
771 1775 909 1807 occiderit,
927 1782 989 1802 cum
1003 1774 1049 1801 iis-

270 1820 330 1846 dem
359 1819 457 1854 quibus
483 1821 571 1849 caeteri
594 1822 679 1849 sacris
703 1823 864 1857 expianlor,
891 1826 948 1848 tum
967 1822 1048 1849 etiam

271 1865 416 1892 triennium
433 1867 585 1894 exsulanto.
604 1867 654 1900 Qui
671 1872 814 1902 postquam
828 1868 967 1900 redierint,
983 1874 1049 1894 uxor

271 1919 285 1937 a
304 1910 361 1938 viro
371 1930 378 1943 ,
393 1911 435 1938 vir
450 1912 484 1939 ab
498 1920 582 1940 uxore
598 1913 746 1948 sejungitor
757 1934 764 1946 ,
778 1921 828 1940 nec
843 1913 911 1941 ullos
933 1913 1049 1947 amplius

270 1965 302 1984 ex
318 1966 378 1985 sese
409 1963 503 1986 mutuo
513 1959 611 1986 liberos
624 1960 801 1994 suscipiunto.
817 1969 826 1984 ι
840 1959 922 1986 Addit
939 1963 1049 1993 praeter-

270 2012 301 2031 ca
320 2014 326 2031 :
347 2014 356 2030 ι
367 2004 396 2031 Si
408 2005 449 2032 vir
463 2013 586 2038 uxorem,
601 2012 647 2033 aut
662 2006 749 2032 virum
765 2013 834 2033 uxor
846 2006 885 2032 ira
900 2005 1047 2036 necaverit,

271 2051 357 2078 sacris
370 2051 661 2086 iisdem‘piacularibus
674 2057 863 2087 procurantor,
876 2057 903 2079 et
914 2052 940 2079 in
952 2052 1048 2080 exsilio

270 2096 416 2123 triennium
431 2096 569 2131 exigunto.
585 2097 652 2124 Cum
665 2102 755 2125 autem
776 2098 924 2131 redierint,
951 2106 1001 2125 nec
1021 2099 1048 2124 in

270 2150 411 2170 sacrorum
425 2164 432 2176 ,
456 2151 506 2170 nec
528 2143 554 2170 in
578 2151 678 2171 mensa:
697 2146 915 2172 communionem
933 2145 1048 2180 amplius

270 2196 331 2214 cum
347 2188 440 2216 liberis
455 2189 593 2215 veniunto.
610 2188 638 2215 Si
656 2190 766 2216 fratrem
781 2191 823 2216 vei
835 2197 957 2217 sororem
969 2211 976 2222 ,
994 2192 1048 2217 fra-

271 2239 311 2260 ter
324 2239 370 2261 aut
383 2241 461 2261 soror
477 2234 519 2261 ira
534 2235 679 2268 necaverit,
693 2235 818 2270 expiandi
835 2235 928 2268 ritum,
943 2237 1046 2263 exsilii-
1063 2247 1085 2274 ι)

270 2288 322 2314 que
334 2286 439 2315 tempus
453 2281 525 2314 quod
547 2281 660 2314 attinet,
682 2289 743 2316 qua).
763 2283 819 2316 jam
843 2282 876 2309 de
892 2283 1047 2317 parentibus

269 2335 301 2353 ac
323 2327 415 2354 liberis
440 2327 600 2360 statuimus,
616 2327 709 2354 cadent
735 2328 841 2355 illorum
865 2333 910 2355 aut
933 2328 1047 2355 fratrum

269 2378 315 2399 aut
332 2378 474 2407 parentum
488 2381 570 2401 causa
585 2375 759 2406 sanciuntor,
772 2382 841 2409 quos
857 2380 904 2401 aut
919 2374 1048 2402 fratribus

269 2424 315 2445 aut
331 2419 423 2447 liberis
436 2420 580 2448 orbaverit.
595 2420 687 2448 Eidem
701 2421 891 2448 communibus
908 2429 968 2448 cum
981 2421 1047 2455 ipsis

269 2467 310 2493 vul
326 2467 427 2495 laribus
444 2470 485 2496 vel
498 2469 583 2496 sacris
608 2469 646 2495 uti
666 2469 743 2497 nefas
755 2474 824 2497 esto.
841 2469 934 2496 Frater
947 2470 971 2497 si
993 2469 1048 2496 fra-

271 2517 357 2545 trem,
385 2519 476 2542 coorta
502 2515 530 2541 in
555 2515 687 2542 seditione
713 2523 819 2550 pugna,
849 2515 935 2542 aliove
966 2516 1047 2542 simili

272 2559 368 2591 modo,
385 2561 449 2587 dum
464 2561 518 2588 vim
531 2560 689 2588 inferentem
713 2562 738 2588 vi
760 2562 880 2596 repellit,
901 2561 1044 2594 occiderit,

271 2604 380 2637 perinde
393 2613 423 2632 ac
436 2605 460 2633 si
474 2607 578 2634 hostem
593 2607 738 2634 occidisset
751 2628 758 2639 ,
781 2608 936 2635 absolvitor.
961 2607 1048 2635 Idem—

271 2656 324 2682 que
335 2649 466 2683 judicium
479 2656 536 2679 esto
560 2651 594 2679 de
605 2653 663 2679 cive
674 2653 720 2686 qui
737 2653 834 2685 civem,
859 2653 892 2680 de
907 2653 1048 2688 peregrino

271 2693 316 2726 qui
331 2696 502 2729 peregrinum
518 2697 640 2724 similiter
656 2697 792 2725 occiderit.
809 2697 864 2724 into
875 2718 882 2730 ,
903 2697 925 2724 si
944 2697 986 2724 vel
1010 2697 1049 2725 ci-

279 165 349 195 H75

1069 893 1089 920 Β

1063 1574 1083 1602 C

382 2773 412 2812 ’ἶο
423 2782 454 2812 ζει
467 2774 491 2800 δ’
505 2775 551 2812 (1}:-
570 2775 644 2812 Plalo
660 2776 704 2802 lilt.
725 2784 749 2802 xl
764 2775 824 2812 Leg.
839 2776 925 2802 initio.

307 2808 359 2846 (86)
380 2808 496 2846 Δοῡλοιξ
510 2809 552 2836 δέ.
572 2809 641 2836 Idem
671 2811 715 2836 lib.
734 2820 757 2837 iv
775 2808 846 2845 ng”
869 2819 928 2846 pag.
947 2811 997 2837 657
1014 2810 1046 2838 G.

272 2842 404 2879 Qu:p_jant
419 2844 540 2879 pluribus
558 2853 616 2879 pag.
634 2846 686 2871 ϋὸύ
701 2846 722 2871 G
738 2842 875 2872 statuerat:

308 2876 361 2912 (875
389 2876 454 2904 Ἐὰν
469 2878 511 2910 δὲ,
523 2879 536 2905 ὃ
552 2876 688 2915 ῇιίγὶκε-τίιι.
704 2880 773 2908 Ideni
789 2881 864 2912 ibid.,
877 2889 937 2916 pag.
948 2881 999 2908 658
1015 2883 1046 2907 Δ.

1073 223 1096 249 Α

1101 157 1189 186 PARS
1208 157 1239 184 Il.
1261 172 1294 178 ν-
1306 153 1553 183 APOLOGETICA.
1831 149 1882 174 Πσ

1361 212 1554 240 ΚΕΦΛΛΑΙΟΝ
1571 210 1637 237 KA’.

1106 273 1174 307 Περὶ
1198 271 1256 298 τῶν
1281 270 1359 306 παρὰ
1381 269 1523 307 I_I.1dtwrt_
1535 266 1673 307 φορτικῶν.
1685 266 1787 307 velut”;
1793 283 1801 295 ,
1828 264 1885 306 οςηι

1140 297 1344 339 ἆίῶίόνῖωῖθ
1364 304 1418 338 τῆς
1431 297 1628 339 μεγαλᾷνοίας
1641 300 1744 331 αὑτοῦ,
1757 297 1802 331 οἶς
1813 298 1885 331 τοὺς

1139 338 1287 374 Μιυϋσέως
1296 338 1578 373 ἀντιπαραϐλητέον.

1142 408 1152 425 α
1163 400 1223 425 Ὀτι
1237 398 1259 424 δ’
1270 397 1302 424 ἂν
1319 397 1373 432 (85)
1387 398 1401 423 ὁ
1411 396 1488 428 Θεὸς,
1500 395 1590 430 φησιν,
1605 393 1702 428 ἀναιρῇ
1717 391 1780 426 περί
1789 399 1818 416 τε
1829 389 1887 416 τῶν

1105 444 1260 479 κτημάτων,
1274 443 1320 469 και¹
1338 442 1384 468 τοῦ
1399 442 1565 476 κινήσαντος,
1581 438 1652 465 τοῦθ’
1666 439 1683 473 ὴ
1697 436 1772 468 πόλις
1783 437 1885 471 ὑπηρε-

1104 489 1188 516 τοῦσα
1208 490 1267 520 ταῖς
1288 487 1426 523 μαντείαις
1441 485 1529 521 δράτω
1549 484 1595 510 τοῦ
1607 482 1684 510 Θεοῦ.
1698 481 1753 508 Καὶ
1767 481 1814 506 ἐὰν
1835 480 1884 515 μὲν

1105 535 1243 570 ἐλεύθερος
1254 535 1268 560 ὁ
1293 533 1413 568 μηνύσας
1452 551 1459 562 ,
1475 531 1552 563 δόξαν
1561 529 1657 565 ἀρετῆς
1672 526 1812 562 κεκτήσθω
1821 545 1829 558 ,
1847 526 1884 560 μὴ

1106 581 1213 617 μηνύων
1229 580 1266 612 δὲ,
1281 579 1388 609 κακίας.
1408 577 1504 608 Δοῦλος
1520 576 1548 602 δὲ
1565 575 1611 601 ἐὰν
1622 572 1651 610 ᾗ,
1670 575 1684 600 ὸ
1700 572 1822 608 μηνύσας
1836 570 1884 606 μὲν

1105 627 1246 661 ἐλεύθερος
1264 625 1316 652 ὑπὸ
1331 625 1379 659 τῆς
1395 623 1496 654 πόλεως
1510 621 1595 655 ὀρθῶς
1609 619 1718 654 γίγνοιτ’
1731 618 1774 650 ἂν,
1789 617 1885 644 ἀποδι-

1105 673 1202 707 δούσης
1215 671 1254 706 τῷ
1264 670 1380 706 δεσπότῃ
1388 669 1436 704 τὴν
1447 669 1538 703 τιμήν
1551 667 1588 702 μὴ
1604 665 1710 701 μηνύων
1723 665 1761 696 δὲ,
1777 663 1885 697 θανάτῳ

1105 717 1268 753 ζημιούσθω.
1290 727 1299 742 ι
1317 715 1461 742 Κάνταῦθα
1481 714 1530 750 μὲν
1554 713 1701 748 ὲζημίωται
1715 710 1822 744 Θανάτῳ
1834 710 1884 743 οὐχ

1104 765 1118 790 ὁ
1135 763 1322 798 παρακινήσας
1341 770 1365 787 τι
1381 761 1435 787 τῶν
1456 759 1644 794 ἀπειρημένων
1655 777 1663 788 ,
1679 756 1736 783 ἀλλ’
1756 757 1771 781 ὀ
1789 755 1881 789 ἐτέρου

1105 809 1345 844 πλημμελήσαντος
1358 807 1395 843 μὴ
1403 805 1604 841 καταμηνύσας.
1622 804 1675 830 Καὶ
1689 802 1774 833 ἄλλως
1791 801 1820 827 δὲ
1836 809 1884 827 κα-

1105 855 1186 891 θαρὸν
1201 854 1342 888 ἀποφαίνει
1358 852 1500 887 δεσπότην,
1519 852 1542 876 εἰ
1557 850 1601 876 τὸν
1616 849 1681 875 ἴδιον
1699 847 1791 874 δοῦλον
1805 845 1884 880 θυμῷ

1104 901 1251 936 φονεύσειε.
1260 900 1339 933 Λέγει
1349 899 1372 925 δ’
1386 896 1441 925 οὖν·
1458 907 1467 923 ι
1480 896 1576 923 Δούλον
1591 895 1618 921 δὲ
1631 894 1686 929 (86)
1703 893 1809 923 κτεῖνας
1820 892 1884 918 ἑαυ-

1103 946 1150 973 τοῦ
1167 947 1225 982 μὲν,
1242 944 1416 980 καθηράσθω·
1432 944 1480 970 ἐὰν
1496 942 1524 968 δὲ
1544 941 1681 976 ἀλλότριον
1696 938 1784 974 θυμῷ,
1801 937 1882 972 διπλῇ

1104 994 1133 1020 τὸ
1151 992 1247 1028 βλάϐος
1266 991 1399 1018 ὲκτισάτω
1408 989 1447 1024 τῷ
1464 987 1631 1023 κεκτημένῳ.
1649 996 1658 1012 i
1683 985 1739 1012 Καὶ
1758 984 1838 1010 τοῦτο
1856 983 1884 1009 δὲ

1103 1039 1253 1065 ἐπάκουσον
1265 1036 1346 1064 αὐτοῦ
1362 1036 1415 1062 τῶν
1428 1035 1526 1070 νόμων,
1543 1033 1589 1065 οὒς
1601 1033 1664 1067 περὶ
1677 1031 1778 1066 φονέων
1796 1029 1884 1056 διετά-

1104 1086 1177 1117 ξατο’
1191 1094 1200 1110 ι
1213 1085 1260 1110 Ἂν
1274 1084 1326 1119 ἄρα
1337 1091 1379 1114 τις
1391 1082 1515 1116 αὐτόχειρ
1526 1080 1575 1115 μὲν
1585 1079 1678 1114 κτείνῃ
1688 1076 1840 1112 ἐλεύθερον,
1852 1075 1883 1101 τὸ

1103 1132 1131 1158 δὲ
1156 1129 1345 1165 πεπραγμένον
1368 1126 1590 1163 ἀπροϐουλεύτως
1614 1125 1681 1160 ὀργῇ
1702 1132 1753 1150 τινι
1769 1123 1884 1156 γένηται

1104 1176 1233 1212 πραχθὲν,
1244 1176 1278 1202 τὰ
1294 1175 1341 1210 μὲν
1354 1173 1429 1205 ἄλλα,
1439 1172 1562 1206 καθάπερ
1575 1171 1637 1198 ἄνευ
1650 1168 1734 1204 θυμοῦ
1748 1167 1885 1194 κτείναντι

1103 1223 1224 1258 προσῆκε
1234 1221 1272 1256 τῷ
1283 1221 1406 1255 πάσχειν,
1418 1218 1552 1253 πασχέτω·
1568 1217 1616 1244 δύο
1630 1216 1652 1242 δ’
1664 1214 1693 1247 ἐξ
1702 1215 1823 1249 ἀνάγκης
1835 1213 1883 1246 ἐτη

1102 1268 1235 1303 φευγέτω,
1245 1267 1365 1298 κολάζων
1377 1265 1406 1292 τὸ
1414 1264 1500 1292 ἀὑτοῦ
1514 1263 1606 1298 θυμόν.
1619 1262 1686 1288 ’Καὶ
1703 1260 1789 1294 τούτῳ
1798 1266 1884 1294 προσ.

1101 1315 1206 1350 τίθησιν
1224 1313 1286 1349 ἑξῆς
1309 1313 1401 1346 ἕτερον
1432 1310 1530 1337 τοιόνδε
1560 1309 1650 1344 νόμον·
1673 1317 1682 1333 ι
1707 1307 1735 1333 Ὁ
1753 1306 1782 1333 δὲ

1104 1361 1162 1396 μὲν,
1187 1359 1244 1395 μετ’
1268 1358 1411 1392 ἐπιϐουλῆς
1425 1357 1452 1383 δὲ
1474 1355 1590 1386 κτείνας,
1606 1354 1640 1381 τὰ
1659 1354 1706 1388 μὲν
1731 1352 1796 1380 ἄλλα
1811 1350 1884 1378 κατὰ

1102 1406 1146 1433 τὸν
1173 1405 1325 1441 ἔμπροσθεν
1351 1401 1395 1436 αὖ,
1422 1403 1484 1438 τρία
1502 1401 1530 1428 δὲ
1554 1401 1617 1435 ἕτη,”
1641 1398 1764 1432 καθάπερ
1790 1397 1886 1431 ἔτερος

1102 1452 1200 1486 ἔφευγε
1215 1451 1248 1477 τὰ
1258 1450 1313 1482 δύο,
1327 1449 1458 1484 φευγέτω,
1477 1446 1585 1483 μεγέθει
1599 1444 1684 1480 θυμοῦ
1699 1443 1782 1470 πλείω
1797 1451 1886 1476 τιμω-

1104 1498 1195 1535 ρηθεὶς
1212 1498 1315 1533 χρόνον.
1331 1506 1341 1523 ›
1360 1493 1417 1522 Εἶθ’
1431 1495 1493 1529 ἑξῆς
1508 1494 1572 1528 περὶ
1584 1492 1630 1519 τοῦ
1647 1492 1770 1526 δεύτερον
1786 1489 1885 1535 φονεύ-

1103 1534 1197 1576 σαντος
1207 1543 1294 1570 τοιάδε
1311 1542 1458 1577 νομοθετεί⁸
1475 1549 1483 1566 ι
1513 1539 1574 1566 Ἐάν
1585 1539 1612 1565 δὲ
1626 1535 1703 1568 αὖθίς
1715 1544 1778 1562 ποτε
1788 1534 1884 1561 κατελ-

1101 1590 1164 1622 θὼν,
1181 1590 1308 1624 ὁπότερος
1327 1589 1434 1620 αὑτοῖν,
1455 1585 1580 1621 ἡττηθεὶς
1594 1585 1661 1620 ὀργῇ
1679 1582 1768 1618 πράξῃ
1784 1581 1884 1608 ταύτὸν

1099 1636 1187 1668 τοῦτο,
1203 1635 1295 1670 φυγὼν
1312 1633 1408 1669 μηκέτι
1419 1633 1544 1668 κατέλθῃ.
1563 1641 1572 1657 ι
1595 1631 1648 1657 Καὶ
1661 1629 1740 1656 πάλιν
1754 1627 1818 1662 ἑξῆς
1830 1635 1884 1662 φη-

1101 1689 1151 1708 σιν·
1174 1690 1182 1706 ι
1209 1680 1271 1707 Ἐὰν
1280 1680 1318 1711 δὲ,
1335 1679 1348 1706 ὃ
1359 1679 1481 1714 γίγνεται
1497 1677 1550 1711 (87)
1570 1676 1628 1710 μὲν,
1645 1674 1767 1708 ὀλιγάκις
1782 1672 1821 1704 δὲ,
1839 1671 1885 1698 διὰ

1100 1727 1184 1762 θυμὸν
1198 1725 1288 1761 πατὴρ
1307 1725 1323 1760 ἢ
1343 1725 1432 1760 μήτηρ
1448 1723 1505 1750 υἱὸν
1526 1722 1543 1757 ἦ
1566 1721 1701 1756 θυγατέρα
1723 1718 1885 1754 πληγαῖς,ἧ

1099 1781 1151 1799 τινι
1167 1772 1260 1807 τρόπῳ
1277 1770 1354 1805 βιαίῳ
1375 1769 1483 1804 κτείνῃ,
1501 1767 1647 1802 καθάρσεις
1667 1765 1716 1800 μὲν
1729 1763 1780 1795 τὰς
1799 1763 1884 1793 αὑτὰς

1099 1820 1155 1850 τοῖς
1176 1818 1264 1849 ἄλλοις
1287 1815 1475 1851 καθαίρεσθαι.
1494 1813 1542 1840 καὶ
1564 1812 1702 1842 ἐνιαυτοὺς
1716 1811 1792 1846 τρεῖς
1816 1810 1884 1836 άπε-

1099 1865 1226 1892 νιαυτεῖν.
1244 1861 1435 1890 Κατελθόντων
1449 1861 1478 1887 δὲ
1490 1859 1542 1886 τῶν
1560 1858 1731 1889 κτεινάντων,
1743 1855 1883 1883 ἀπαλλάτ-

1099 1910 1193 1937 τεσθαι
1206 1909 1323 1944 γυναῖκά
1330 1917 1360 1935 τε
1371 1907 1425 1934 ἀπὸ
1439 1905 1544 1941 ἀνδρὸς,
1562 1904 1662 1931 καὶτὸν
1675 1902 1758 1938 ἄνδρα
1769 1901 1824 1928 ἀπὸ
1837 1909 1883 1934 γυ-

1098 1957 1204 1988 ναικὸς,
1225 1956 1271 1982 καὶ
1294 1956 1331 1990 μή
1358 1954 1416 1980 ποτ’
1435 1953 1474 1979 ἔτι
1493 1953 1569 1986 κοινῇ
1590 1948 1842 1984 παιδοποιήσασθαι.
1869 1956 1881 1974 ι

1098 2003 1152 2028 Καὶ
1164 2001 1267 2032 τούτοις
1283 2000 1414 2035 ἐπιφέρει·
1431 2008 1441 2024 ι
1454 1998 1569 2024 Γυναῖκα
1583 1995 1611 2021 δὲ
1620 1994 1741 2030 γαμετὴν
1751 1993 1798 2019 ἐὰν
1812 1992 1884 2028 ἀνὴρ

1097 2047 1129 2073 δι’
1145 2047 1228 2082 ὀργὴν
1241 2046 1333 2082 κτείνῃ
1349 2045 1420 2078 τινὰ,
1437 2043 1453 2079 ἢ
1469 2043 1537 2078 γυνὴ
1555 2051 1594 2073 τις
1606 2041 1706 2075 ἑαυτῆς
1719 2039 1803 2074 ἄνδρα
1815 2039 1881 2064 ταὺ-

1098 2093 1142 2119 τὸν
1153 2092 1230 2119 τοῦτο
1245 2091 1374 2122 ὡσαύτως
1390 2091 1549 2126 ἐργάσηται,
1569 2086 1745 2122 καθαίρεσθαι
1757 2086 1820 2126 τοὺ-ς
1836 2084 1884 2110 αύ-

1098 2139 1160 2170 τοὺς
1171 2138 1338 2173 καθαρμοὺς,
1354 2136 1469 2172 τριέτεις
1482 2135 1511 2161 δὲ
1524 2134 1732 2168 ἀπενιαυτήσεις
1741 2130 1883 2157 διατελεῖν.

1099 2183 1242 2210 Κατελθὼν
1257 2183 1286 2209 δὲ
1298 2183 1312 2208 ὁ
1329 2181 1432 2208 τοιοῦτό
1450 2189 1475 2206 τι
1489 2179 1600 2214 δράσας,
1615 2179 1670 2208 τοῖς
1688 2175 1769 2204 αὐτοῦ
1788 2175 1884 2201 παισὶν

1101 2227 1180 2263 ἱερῶν
1202 2227 1238 2263 μὴ
1258 2225 1428 2259 κοινωνείτω,
1455 2224 1520 2260 μηδὲ
1538 2221 1722 2258 ὁμοτράπεζος
1747 2219 1884 2254 γιγνέσθω

1099 2273 1174 2300 ποτέ,
1187 2273 1241 2299 Καὶ
1254 2272 1300 2298 ἐὰν
1312 2270 1484 2305 ἀδελφὸς(88)
1494 2268 1616 2303 ἀδελφὸν,
1625 2268 1641 2303 ἦ
1649 2267 1764 2301 ἀδελφὴν
1781 2265 1884 2300 ἀδελφὴ

1099 2319 1176 2354 θυμῷ
1189 2318 1291 2353 κτείνῃ,
1312 2318 1346 2344 τά
1361 2317 1409 2352 μὲν
1425 2316 1477 2343 τῶν
1492 2313 1640 2350 καθαρμῶν
1657 2313 1704 2339 καὶ
1719 2312 1884 2346 ἀπενιαυτή-

1100 2373 1177 2397 σεων,
1190 2363 1314 2398 καθάπερ
1324 2362 1430 2398 εἴρηται
1439 2362 1493 2392 τοῖς
1505 2359 1612 2394 γονεῦσι
1620 2359 1666 2386 καὶ
1678 2359 1733 2389 τοῖς
1748 2357 1883 2391 ἐγγόνοις,

1099 2411 1214 2446 εἰρήσθω
1229 2410 1282 2436 δεῖν
1296 2408 1435 2444 γίγνεσθαι
1451 2408 1497 2434 καὶ
1513 2407 1628 2438 τούτοις,
1645 2402 1682 2432 ὧν
1701 2403 1835 2438 ἀδελφούς
1851 2411 1882 2429 τε

1098 2457 1237 2491 ἀδελφῶν,
1258 2456 1305 2483 καὶ
1327 2455 1423 2490 γονέας
1439 2454 1569 2489 ἐστέρηκε
1592 2452 1710 2479 παίδων·
1733 2450 1838 2480 τούτοις
1854 2449 1883 2475 δὲ

1100 2504 1234 2534 συνέστιος
1245 2503 1335 2533 αὐτοῖς
1348 2501 1427 2532 αὐτὸς
1439 2499 1571 2535 μηδέποτε
1586 2496 1730 2532 γιγνέσθω,
1747 2495 1815 2530 μηδὲ
1826 2503 1883 2521 κοι-

1098 2549 1181 2580 νωνὸς
1197 2548 1286 2583 ἱερῶν.
1304 2546 1431 2580 Ἀδελφὺς
1446 2544 1500 2581 (89)
1513 2545 1540 2570 δὲ
1557 2543 1603 2569 ἐὰν
1621 2542 1732 2575 ἀδελφὸν
1744 2540 1839 2575 κτείνῃ
1853 2541 1883 2565 ὲν

1100 2596 1229 2626 στάσεσι,
1255 2593 1343 2629 μάχης
1365 2592 1528 2626 γενομένης,
1553 2589 1570 2624 ἦ
1585 2597 1638 2614 τινι
1659 2586 1770 2621 τοιούτῳ
1788 2586 1882 2620 τῷπῳ

1099 2641 1264 2676 ἀμυνόμενος
1284 2639 1402 2674 ἄρχοντα
1415 2636 1512 2672 χειρῶν
1530 2635 1674 2669 πρότερον,
1690 2631 1817 2666 καθάπερ
1833 2639 1881 2656 πο-

1098 2686 1190 2722 λέμιον
1204 2683 1375 2714 ἀποκτείνας,
1398 2682 1467 2708 ἔστω
1485 2679 1610 2711 καθαρός.
1632 2678 1686 2704 Καὶ
1701 2676 1748 2703 ἐὰν
1769 2676 1882 2711 πολίτης

1135 2773 1189 2806 (88)
1217 2772 1282 2799 Ἐὰν
1301 2771 1442 2806 ἀδελφός,
1459 2769 1542 2806 VPlato
1563 2766 1766 2806 _en_u_cl_ea‘tiu_s‘,‘
1778 2765 1826 2806 καὶ
1848 2764 1882 2806 ἂν

1098 2799 1209 2842 ames;
1222 2807 1352 2841 ἀδελφὸν,
1373 2799 1389 2842 ἦ
1412 2799 1542 2839 ἀδελφήν*
1560 2803 1576 2837 ἣ
1594 2801 1694 2835 ἀδελφὴ
1710 2800 1844 2835 ἀδελφὸν,
1863 2799 1882 2835 ἦ

1099 2841 1215 2877 ἀδελφὴν
1230 2842 1307 2877 θυμῷ
1320 2841 1421 2877 κτείνῃ,
1471 2875 1486 2877 __
1499 2874 1503 2877 _
1517 2874 1521 2877 _
1636 2871 1665 2877 Μ.

1133 2870 1199 2913 (se;
1220 2870 1366 2911 Ἀδὲλφές.
1383 2870 1454 2903 Idem
1470 2874 1545 2906 una,
1560 2881 1619 2907 pag.
1634 2871 1685 2900 658
1701 2870 1734 2897 D.
