2061 3210
155 176 221 204 ΙῚΠ

712 175 871 203 ΡῙΏΕΡΑΗ.
894 175 1019 203 EVANG.
1040 175 1104 202 LIB.
1118 175 1186 202 XI“:

1700 174 1766 201 H78

154 235 274 270 πολίτην,
287 234 425 266 ὡσαύτως,
438 233 536 269 ἧξένος
547 233 629 266 ξένον.
646 235 708 260 Ἐὰν
719 235 746 261 δὲ
758 235 838 262 ἀστὸν
852 235 924 267 ξένος

989 243 1046 262 vem
1059 235 1234 270 peregrinus,
1251 234 1294 261 vel
1311 233 1481 268 peregrinum
1497 232 1582 265 civis,
1608 232 1650 259 vel
1673 239 1767 259 servus

152 281 168 316 ἢ
183 280 255 312 ξένον
267 280 348 311 ἀστὸς
360 279 526 315 ἀμυνόμενος
536 279 638 316 κτείνῃ,
654 279 724 306 κατὰ
733 280 767 306 τὰ
783 281 853 308 αὐτὰ
863 281 933 307 ἔστω

152 326 197 352 τοῦ
206 326 323 361 καθαρὸς
336 323 413 352 εἶναι.
432 325 486 351 Καὶ
500 325 547 351 ἐὰν
557 325 648 356 δοῦλος
663 325 754 352 δοῦλον
765 347 772 358 ,
792 326 931 361 ὡσαύτως.

155 371 220 398 Ἐὰν
238 372 265 398 δὲ
281 369 314 398 αὖ
325 370 416 402 δοῦλος
434 370 574 406 ἐλεύθερον
589 371 758 405 ἀμυνόμενος
774 371 931 407 ἀποκτείνῃ,

151 417 275 452 καθάπερ
289 419 303 444 6
316 417 421 448 κτείνας
444 417 557 451 πατέρα,
571 418 624 448 τοῖς
643 417 733 448 αὐτοῖς
754 417 844 452 ἔνοχος
865 417 934 444 ἔστω

149 463 254 499 νόμοις.
276 464 323 494 Ὃς
338 462 370 489 ἂν
386 463 417 489 ἐκ
433 462 559 498 προνοίας
577 462 630 498 (90)
648 471 678 488 τε
697 463 743 488 καὶ
756 463 854 494 ἀδίκως
867 463 933 489 ὁντι-

149 509 230 535 ναοῦν
242 508 294 535 τῶν
307 508 444 542 ἐμφυλίων
454 508 579 544 αὐτόχειρ
588 508 691 544 κτείνῃ,
703 509 808 544 πρῶτον
821 509 868 544 μὲν
880 510 934 536 τῶν

149 554 273 590 νομίμων
295 554 439 589 εἰργέσθω,
456 554 524 589 μήτε
543 553 659 588 ἀγορὰν,
683 554 750 588 μήτε
770 554 843 589 ἱερὰ,
865 555 932 590 μήτε

148 600 276 634 λιμένας,
295 600 361 634 μήτε
377 598 455 626 ἄλλον
472 599 530 625 τινὰ
548 598 674 632 σύλλογον
694 598 793 634 μηδένα
809 599 931 633 μιαίνων·

148 645 197 671 ἐάν
212 645 241 671 τέ
257 653 297 676 τις
307 644 465 680 ἀπαγορεύῃ
478 644 514 679 τῷ
529 643 656 679 δράσαντι
670 644 756 670 ταῦτα
771 644 934 680 ἀνθρώπων,

149 690 198 716 καὶ
211 689 257 716 ἐὰν
271 689 318 724 μὴ’
331 689 345 714 6
359 688 413 724 γὰρ
430 689 509 722 νόμος
528 688 692 724 ἀπαγορεύει
711 687 778 724 (91).
795 689 824 715 '0
843 689 871 714 δὲ
894 688 933 724 μὴ

149 734 275 766 ἐπεξιὼν,
291 734 358 765 δέον,
375 733 391 769 η
405 733 442 769 μὴ
455 734 656 769 προαγορεύων,
671 733 803 768 εἰργέσθω
814 733 869 769 (92)
878 733 931 760 τῶν

149 779 225 810 ἐντὸς
241 779 422 814 ἀνεψιότητος·
441 779 472 805 τὸ
489 779 516 805 δὲ
532 779 655 814 δεύτερον
667 798 674 809 ,
696 779 820 811 ὑπόδικος
834 779 872 814 τῷ
886 778 930 805 θέ-

148 824 222 850 λοντι
239 826 368 860 τιμωρεῖν
395 824 463 860 ὑπὲρ
483 824 530 851 τοῦ
556 824 763 860 τελευτήσαντος
785 824 930 859 γιγνέσθω.

148 870 220 906 Γυνὴ
235 870 263 896 δὲ
278 870 360 906 ἄνδρα
382 870 479 905 ἑαυτῆς
494 870 522 902 ἐξ
536 871 679 906 ἐπιϐουλῆς
700 871 744 897 τοῦ
772 872 930 898 ἀποκτεῖναι

985 288 1092 307 servum
1106 301 1114 313 ,
1126 280 1178 306 vim
1197 278 1221 306 vi
1246 279 1400 314 repellenda
1417 278 1573 310 necaverit,
1595 278 1689 305 eodem
1706 278 1767 312 jure

984 326 1141 353 absolvitor.
1155 324 1205 357 Qui
1229 331 1294 351 vero
1316 331 1409 351 servus
1428 323 1543 350 liberum
1558 343 1565 354 ,
1587 323 1641 349 vim
1663 323 1725 350 licet
1741 318 1780 349 vi.

984 367 1127 401 repellens,
1140 365 1280 397 occiderit,
1292 365 1388 392 iisdem
1401 365 1499 399 quibus
1511 364 1646 399 parricida
1662 364 1767 399 legibus

985 417 1098 439 tenetur.
1113 411 1164 444 Qui
1187 411 1358 446 popularium
1380 418 1492 437 sttorum
1514 410 1682 446 quemlibet,
1701 417 1752 444 pru
1780 418 1785 425 ·

984 458 1050 485 dens
1079 462 1106 484 et
1137 457 1235 492 injuste
1262 463 1343 482 manu
1369 464 1418 483 sua
1448 456 1603 488 necaverit;
1632 454 1770 490 principio

983 503 1120 530 communi
1136 503 1236 530 civium
1253 501 1315 537 jure
1329 501 1457 536 privator,
1471 501 1510 528 uti
1525 508 1558 528 ne
1574 500 1662 527 forum
1674 520 1681 532 ,
1696 505 1763 527 lent-

983 549 1040 583 pla.
1055 553 1146 582 portus
1160 568 1168 580 ,
1185 551 1232 574 aut
1251 546 1333 573 alium
1355 547 1502 581 quemlibet
1520 552 1682 574 conventum
1704 547 1764 581 pol-

983 595 1053 626 luat;
1071 594 1150 628 idque
1163 601 1209 620 seu
1227 592 1289 627 quis
1305 592 1447 619 homicida:
1461 592 1535 619 aditu
1547 592 1700 623 interdicat,
1715 599 1763 619 seu

982 648 1078 667 nemo:
1101 640 1144 667 lex
1171 639 1243 666 enim
1267 646 1315 673 per
1343 645 1402 665 sese
1421 638 1566 665 interdicit.
1594 637 1645 670 Qui
1673 642 1769 672 autem.

982 693 1043 713 eum
1058 693 1112 712 non
1127 689 1305 720 persequetur
1316 703 1324 715 ,
1343 691 1404 710 cum
1423 688 1511 710 tamen
1526 683 1551 710 id
1574 683 1699 715 deberet,
1715 691 1763 710 ne-

981 739 1034 766 que
1054 731 1105 758 hoc
1123 731 1148 758 ei
1179 729 1365 760 denuntiabit,
1388 729 1548 764 cognatione
1577 736 1627 755 sua
1651 729 1767 762 ipsemet

981 777 1143 804 excluditor:
1167 775 1279 808 deinde,
1309 775 1446 810 quisquis.
1466 774 1638 801 interfectum
1668 774 1762 801 ulcisci

981 822 1070 855 volet,
1088 821 1112 848 ei
1128 829 1205 848 reum
1220 821 1297 847 illum
1312 828 1392 856 agere
1405 819 1445 847 fas
1460 824 1528 846 esto.
1554 820 1583 846 Si
1608 825 1654 847 aut
1673 821 1762 847 virum

981 875 1059 899 uxor,
1078 871 1125 894 aut
1137 866 1177 893 vir
1192 873 1318 897 exorent,
1333 865 1508 892 interﬁciendi
1522 865 1623 897 animo,
1637 865 1762 892 vulnera-

147 913 275 948 τρώσασα
285 933 292 945 ,
307 914 323 948 ἢ
336 914 404 949 ἀνὴρ
417 914 465 949 τὴν
487 915 586 949 ἑαυτῆς
601 917 724 949 γυναῖκα1
740 917 861 950 φευγέτω
874 917 926 943 ἀει·

981 913 1033 944 rit,
1048 916 1206 947 perpetuum
1222 911 1354 938 exsulalo.
1368 920 1376 936 ι
1401 909 1540 944 Ejusmodi
1563 915 1627 937 sunt
1642 910 1762 944 philoso-

147 958 275 993 φυγίαν.»
297 959 417 986 Τοιοῦτοι
437 960 485 995 μὲν
502 961 526 986 οἱ
542 960 589 986 τοῦ
607 960 748 995 φιλοσόφου
762 962 846 997 νόμοι.
857 963 887 988 Et
901 963 929 989 δὲ

147 1004 200 1039 χρὴ
218 1004 262 1031 καὶ
285 1006 346 1036 τοὺς
364 1006 483 1037 Μωσέως
498 1006 600 1037 τούτοις
622 1007 859 1042 ἀντιπαραϐαλεῖν,
879 1009 928 1034 ἐπ-

145 1049 261 1075 άκουσον
269 1046 313 1076 οἵα
325 1050 387 1084 περὶ
398 1050 451 1076 τῶν
465 1050 579 1084 φονικῶν
594 1051 773 1078 διατάττεται.
785 1061 793 1077 ι
810 1053 871 1079 Ἐὰν
882 1061 930 1080 πα-

144 1093 214 1130 τάξῃ
232 1093 273 1124 τίς
286 1102 355 1125 τινα1
372 1095 417 1121 καὶ
428 1095 559 1131 ἀποθάνῃ,
575 1096 682 1136 θανάτῳ
697 1097 879 1124 θανατούσθω.
897 1099 928 1125 Ei

143 1138 175 1164 δὲ
190 1138 238 1174 οὐχ
253 1139 332 1172 ἑκὼν,
354 1139 411 1166 ἀλλ’
425 1142 438 1166 6
453 1141 517 1172 Θεὸς
538 1142 693 1177 παρέδωκεν
717 1145 756 1176 εἰς
768 1144 816 1176 τὰς
836 1146 928 1180 χεῖρας

145 1184 239 1216 αὑτοῦ,
249 1183 326 1211 δώσω
343 1193 384 1211 σοι
399 1186 480 1212 τόπον
497 1183 526 1212 οὗ
542 1187 668 1221 φεύξεται
687 1190 744 1215 ἐκεῖ
757 1190 771 1215 ό
786 1190 926 1224 φονεύσας.

151 1230 213 1256 Ἑαν
225 1229 253 1255 δὲ
272 1230 398 1266 ἐπίθηταί
412 1240 453 1262 τις
465 1231 504 1266 τῷ
520 1232 632 1268 πλησίον
650 1234 732 1260 αύτοῦ
743 1254 749 1266 ,
773 1235 928 1262 ἀποκτεῖναι

142 1274 225 1301 αὑτὸν
252 1275 330 1310 δόλῳ,
354 1277 400 1302 καὶ
419 1277 561 1313 καταφύγῃ
573 1297 580 1309 ,
597 1278 649 1304 ἀπὸ
669 1278 715 1305 τοῦ
739 1279 927 1315 θυσιαστηρίου

143 1327 197 1354 μου
211 1319 281 1356 λήψῃ
298 1321 377 1347 αύτὺν
400 1321 562 1349 θανατῶσαι.
581 1323 628 1354 ’ος
648 1323 742 1350 τύπτει
765 1325 868 1360 πατέρα
881 1325 928 1351 αύ-

140 1364 201 1398 τοῦ,
217 1366 233 1400 ἢ
255 1365 360 1401 μητέρα
377 1367 458 1393 αὑτοῦ
469 1387 476 1400 ,
491 1367 597 1404 θανάτῳ
617 1368 798 1396 θανατούσθω.
823 1370 884 1397 Ἐὰν
899 1371 927 1397 δὲ

141 1410 313 1445 λοιδορῶνται
328 1412 374 1438 δύο
390 1412 493 1448 ἄνδρες,
509 1414 555 1440 καὶ
575 1414 681 1449 πατάξῃ
696 1423 737 1446 τις
752 1415 797 1441 τὸν
815 1415 928 1451 πλησίον

142 1455 225 1481 αὐτού
235 1456 301 1492 λίθῳ
317 1457 333 1491 ἢ
349 1459 457 1492 πυγμῇ,
475 1458 521 1484 καὶ
537 1458 572 1494 μὴ
586 1459 718 1495 ἀποθάνῃ,
740 1460 889 1495 κατακλιθῇ
899 1461 927 1487 δὲ

141 1502 189 1528 ἐπὶ
198 1502 246 1537 τὴν
256 1503 357 1538 κοίτην,
364 1504 410 1530 ἐὰν
421 1504 570 1537 ἐξαναστὰς
581 1506 594 1531 ό
603 1505 744 1541 ἄνθρωπος
754 1508 926 1543 περιπατήσῃ

140 1547 194 1580 ἔξω
207 1549 251 1575 ἐπὶ
268 1549 363 1584 ῥάϐδου
379 1549 470 1582 αὑτοῦ,
487 1551 574 1582 ἀθῶος
589 1551 657 1578 ἔστω
673 1553 687 1578 ό
708 1552 838 1585 πατάξας
857 1553 926 1588 πλὴν

140 1594 193 1628 τῆς
200 1595 297 1629 ἀργίας
313 1595 392 1621 αὑτοῦ
413 1596 550 1629 ἀποτίσει,
572 1598 618 1624 καὶ
630 1598 663 1624 τὰ
678 1599 791 1634 ἰατρεῖα.
823 1599 885 1625 Ἐὰν
897 1599 925 1625 δὲ

140 1639 250 1676 πατάξῃ
262 1649 303 1671 τις
318 1640 362 1666 τὸν
376 1641 456 1667 παῖδα
468 1642 550 1669 αὑτοῦ
563 1663 570 1674 ,
585 1643 601 1678 ἢ
619 1643 668 1679 τὴν
690 1645 832 1680 παιδίσκην
848 1644 927 1671 αὑτοῦ

141 1684 241 1721 ῥάϐδῳ,
256 1687 301 1713 καὶ
312 1687 433 1724 ἀποθάνῃ
455 1688 507 1714 ὑπὸ
526 1689 574 1720 τὰς
594 1691 686 1725 χεῖρας
701 1691 794 1723 αὑτοῦ,
808 1691 869 1727 δίκη
884 1693 928 1718 ὲκ-

138 1732 325 1768 δικηθήσεται.
351 1734 415 1761 Ἐὰν
434 1735 462 1761 δὲ
484 1735 590 1771 πατάξῃ
604 1745 646 1768 τις
663 1737 708 1763 τὸν
728 1737 865 1773 ὀφθαλμὸν
881 1738 926 1765 τοῦ

139 1779 286 1816 οἰκέτου,ῆ
303 1780 348 1806 τὸν
358 1780 494 1816 ὀφθαλμὸν
510 1781 560 1816 τῆς
582 1781 750 1818 θεραπαίνης
769 1784 862 1816 αὐτοῦ,
881 1787 927 1812 καὶ

139 1825 301 1861 ὲκτυφλώσῃ
326 1827 416 1859 αὑτὸν,
440 1827 597 1863 ἐλευθέρους
624 1827 798 1860 ὲξαποστελεῖ
817 1830 925 1863 αὐτοὺς,

137 1870 201 1897 ἀντὶ
214 1871 260 1897 τοῦ
280 1871 417 1908 ὀφθαλμοῦ
433 1873 531 1901 αὐτῶν.
551 1882 560 1899 ι
575 1874 693 1901 Τοιαῦτα
709 1874 741 1910 δὴ
756 1875 801 1901 καὶ
817 1875 850 1902 τὰ
863 1876 927 1902 Μω-

139 1916 218 1948 σέως.
235 1915 315 1949 Αὖθις
331 1918 358 1944 δὲ
371 1919 385 1944 6
399 1918 510 1947 Πλάτων
525 1919 585 1946 τινὰ
603 1920 718 1955 τρόπον,
735 1921 782 1946 καὶ¹
793 1920 825 1947 δι’
848 1922 925 1948 όποῖα

139 1962 258 1998 πληγαῖς
265 1964 461 1999 ἀπαραιτήτοις
468 1963 618 1996 αἰκίζεσθαι
624 1964 670 1992 τὸν
679 1965 786 2000 οἰκέτην
795 1966 925 2001 προστάτ-

135 2015 191 2039 τει,
205 2008 365 2035 ἐπάκουσον.
388 2017 397 2034 ι
414 2009 497 2035 Ὅταν
515 2009 563 2044 τὴν
580 2010 704 2044 γενναίαν
723 2010 777 2046 (95)
788 2011 835 2038 νῦν
849 2011 925 2046 λεγο-

139 2052 225 2089 μένην
240 2054 387 2089 σταφυλὴν,
404 2054 420 2090 ἢ
436 2055 470 2081 τὰ
492 2057 601 2089 γενναῖα
616 2055 685 2083 σῦκα
705 2057 924 2092 ἐπονομαζόμενα

135 2099 281 2134 ὀπωρίζειν
290 2099 425 2135 βούληται,
439 2100 485 2127 ἐὰν
495 2101 545 2136 μὲν
555 2102 586 2127 ἐκ
599 2101 655 2128 τῶν
666 2102 771 2129 οίκείων
783 2103 921 2139 λαμϐάνῃ,

136 2145 211 2176 ὅπως
224 2144 257 2171 ἂν
272 2145 352 2182 ἐθέλῃ
367 2146 414 2172 καὶ
425 2147 523 2173 ὁπόταν
540 2146 677 2182 βούληται,
691 2148 864 2183 καρπούσθω
876 2149 922 2176 ἐὰν

134 2190 166 2216 δὲ
185 2190 215 2222 ὲξ
233 2191 318 2218 ἄλλων
336 2191 372 2227 μὴ
387 2192 496 2222 πείσας,
511 2193 651 2228 ἑπομένως
667 2193 706 2229 τῷ
722 2194 792 2229 λόγῳ
805 2195 870 2231 (94),
884 2195 922 2230 τῷ

980 958 1025 993 plii
1043 958 1124 992 leges.
1152 957 1231 992 713
1253 957 1419 989 Quibuscum
1445 956 1468 982 si
1485 956 1619 983 Mosaicas
1637 956 1762 983 conferre

979 1003 1045 1031 velis
1056 1024 1063 1035 ,
1079 1003 1141 1030 audi
1158 1008 1185 1029 tu
1202 1011 1300 1037 porro,
1316 1002 1379 1036 quid
1395 1002 1428 1029 de
1455 1002 1573 1029 caedibus
1594 1002 1646 1029 illa:
1661 1007 1762 1029 statue-

980 1049 1043 1076 rint.
1060 1059 1069 1074 ι
1083 1049 1110 1075 Si
1125 1048 1287 1084 percusserit
1302 1047 1362 1082 quis
1385 1048 1517 1080 alterum,
1541 1048 1619 1082 isque
1636 1052 1762 1075 mortuus

979 1094 1075 1128 fuerit,
1093 1099 1180 1121 morte
1196 1094 1338 1121 moriatur.
1357 1093 1384 1121 Si
1398 1099 1488 1120 autem
1505 1102 1558 1121 non
1577 1094 1686 1127 volens,
1713 1095 1761 1121 sed

979 1140 1049 1167 Deus
1065 1139 1205 1167 tradiderit
1221 1139 1249 1166 in
1265 1147 1362 1166 manus
1381 1139 1454 1174 ejus,
1472 1139 1636 1166 constituam
1654 1139 1701 1166 tibi
1718 1139 1760 1165 lo-

978 1193 1039 1212 cum
1051 1205 1058 1217 ,
1072 1185 1098 1212 in
1111 1193 1191 1220 quem
1207 1185 1298 1220 fugere
1313 1185 1407 1212 debeat
1427 1185 1474 1220 qui
1491 1185 1629 1212 occiderit.
1653 1184 1680 1211 SI
1697 1186 1759 1220 quis

978 1237 1067 1259 autem
1082 1232 1225 1258 insidiatus
1240 1231 1322 1258 fuerit
1344 1231 1467 1266 proximo
1482 1239 1531 1258 suo
1541 1251 1549 1264 ,
1571 1236 1599 1258 ut
1618 1231 1760 1258 interﬁciat

978 1278 1066 1312 ipsum
1086 1278 1165 1310 dolo,
1186 1282 1214 1304 et
1240 1276 1408 1312 confugerit,
1435 1277 1468 1304 ab
1492 1277 1570 1304 altari
1592 1284 1651 1303 meo
1673 1277 1759 1311 rapies

978 1324 1066 1358 ipsum
1081 1343 1088 1356 ,
1109 1328 1138 1350 ut
1163 1328 1249 1350 morte
1268 1322 1378 1349 aﬂieias.
1403 1321 1455 1354 Qui
1484 1323 1632 1349 verberarit
1656 1327 1759 1356 patrem

978 1377 1067 1401 suum,
1084 1373 1129 1396 aut
1144 1373 1258 1396 matrem
1275 1376 1363 1401 suam,
1377 1372 1464 1395 morte
1475 1368 1618 1395 moriatur.
1635 1368 1661 1394 Si
1679 1368 1758 1394 risati

977 1415 1076 1442 fuerint
1096 1415 1149 1441 duo
1173 1415 1241 1446 viri,
1272 1419 1298 1441 et
1326 1415 1489 1448 percusserit
1519 1414 1586 1440 alter
1605 1414 1757 1448 proximum

978 1468 1068 1494 suum,
1084 1461 1171 1494 lapide
1186 1460 1227 1487 Vel
1242 1468 1343 1495 pugno,
1359 1465 1386 1487 et
1398 1460 1442 1487 ille
1453 1464 1578 1487 mortuus
1595 1468 1647 1486 non
1664 1459 1757 1493 fuerit,

977 1508 1023 1534 sed
1037 1506 1152 1542 jacuerit
1165 1506 1192 1533 in
1206 1505 1322 1538 lectulo;
1338 1506 1360 1533 si
1376 1506 1524 1533 surrexerit
1537 1526 1545 1538 ,
1562 1510 1588 1532 et
1601 1506 1758 1532 ambulave-

977 1553 1012 1579 rit
1030 1551 1095 1578 foris
1120 1559 1200 1586 super
1219 1551 1344 1578 baculum
1368 1558 1468 1584 suum;
1488 1551 1618 1578 innocens
1634 1555 1692 1577 esto
1713 1550 1757 1584 qui

979 1597 1142 1632 percusserit
1153 1606 1159 1623 :
1172 1597 1208 1624 ita
1220 1602 1308 1624 tamen
1324 1601 1352 1623 ut
1367 1596 1528 1624 cessationis
1542 1604 1598 1624 sua:
1607 1596 1756 1631 dispendia,

978 1646 1005 1670 et
1020 1642 1155 1678 impensas
1168 1642 1194 1669 in
1209 1642 1327 1669 medicos
1341 1642 1475 1669 restituat.
1491 1642 1520 1668 Si
1538 1642 1599 1676 quis
1617 1649 1757 1676 percusse~

977 1689 1012 1716 rit
1036 1697 1143 1716 servum
1171 1696 1268 1720 suum,
1295 1689 1335 1715 vel
1360 1689 1485 1715 ancillam
1509 1696 1584 1715 suam
1609 1690 1701 1722 virga,
1733 1692 1757 1714 et

977 1735 1077 1762 mortui
1091 1734 1190 1762 fuerint
1204 1735 1231 1761 iII
1245 1735 1371 1761 manibus
1387 1734 1446 1768 ejus
1458 1755 1465 1767 ,
1482 1734 1604 1761 criminis
1618 1741 1680 1760 reus
1695 1733 1756 1760 erit.

978 1780 1007 1808 Si
1024 1786 1113 1808 autem
1134 1782 1298 1815 percusserit
1319 1781 1454 1815 quispiam
1475 1780 1583 1807 oculqu
1607 1779 1677 1806 servi
1698 1779 1756 1812 sui,

977 1830 1024 1853 aut
1036 1826 1144 1853 oculum
1158 1825 1263 1853 ancilla:
1278 1834 1334 1853 suae
1344 1845 1350 1857 ,
1367 1830 1392 1852 et
1409 1826 1500 1852 luscos
1515 1832 1561 1852 eos
1578 1824 1672 1852 fecerit
1685 1845 1692 1857 ,
1715 1825 1756 1851 di-

976 1872 1064 1899 mittet
1078 1879 1126 1898 eos
1143 1872 1260 1903 liberos,
1278 1880 1326 1906 pro
1343 1872 1422 1899 oculo
1440 1879 1521 1906 quem
1545 1872 1611 1907 ipsis
1632 1872 1703 1899 eruit
1715 1873 1732 1898 '.
1745 1882 1754 1897 ι

975 1919 1063 1952 Atque
1087 1918 1221 1952 ejusmodi
1242 1923 1304 1945 sunt
1324 1926 1384 1953 qua:
1408 1926 1421 1944 ιι
1442 1917 1515 1945 Most:
1538 1918 1755 1953 praescribuntur.

975 1963 1044 1990 Audi
1060 1969 1186 1998 prwterca
1199 1985 1206 1997 ,
1224 1964 1452 1998 quemadmodum
1467 1972 1559 1990 servos
1569 1984 1576 1995 ,
1597 1967 1623 1991 et
1639 1971 1708 1998 quas
1722 1963 1756 1990 ob

975 2017 1083 2042 causas,
1101 2010 1203 2045 absque
1222 2010 1274 2036 ulla
1288 2010 1373 2037 venite
1387 2018 1434 2045 spe
1445 2010 1601 2037 verberibus
1616 2009 1755 2037 conscindi

974 2056 1050 2083 Plato
1068 2056 1140 2083 velit.
1164 2066 1173 2081 ι
1188 2056 1239 2089 Qui
1257 2061 1303 2083 aut
1317 2065 1382 2083 uvas
1393 2076 1400 2088 ,
1421 2057 1524 2091 inquit,
1542 2063 1602 2090 quae
1618 2057 1697 2090 vulgo
1711 2063 1755 2091 ge-

974 2109 1078 2128 nerosae
1087 2101 1214 2128 dicuntur
1226 2122 1233 2135 ,
1251 2106 1298 2128 aut
1314 2102 1381 2129 licus
1396 2102 1472 2131 illas.
1496 2103 1594 2136 quibus
1615 2102 1685 2129 idem
1708 2110 1755 2128 no-

974 2155 1052 2178 men,
1073 2146 1197 2181 colligere
1217 2147 1352 2178 voluerit,
1373 2147 1395 2174 si
1413 2154 1445 2174 ex
1467 2147 1524 2174 suis
1547 2147 1628 2174 modo
1647 2151 1754 2180 sumet,

974 2193 1013 2220 uti
1028 2198 1055 2220 et
1071 2193 1179 2227 quando
1193 2192 1302 2220 libuerit
1315 2193 1415 2227 capito.
1433 2192 1479 2219 Sin
1492 2201 1523 2219 ex
1540 2193 1635 2219 alienis
1649 2213 1656 2225 ,
1670 2192 1755 2219 invito

135 2236 177 2271 μὴ
194 2239 278 2264 κινεῖν
299 2238 339 2264 ὃτι
366 2238 403 2273 μὴ
422 2238 563 2270 κατέθετό,
577 2239 680 2272 ἐκεῖνος
691 2240 733 2266 ἀεὶ
753 2240 918 2276 ζημιούσθω.

977 2238 1091 2270 lomino,
1106 2238 1263 2273 collegerit,
1280 2246 1313 2265 ex
1337 2239 1396 2273 ejus
1413 2238 1480 2273 legis
1495 2239 1650 2273 prazscripto
1663 2259 1670 2271 ,
1695 2246 1755 2273 quae

143 2282 206 2308 Ἐὰν
221 2282 250 2309 δὲ
263 2283 364 2315 δοῦλος,
375 2284 411 2320 μὴ
425 2284 522 2316 πείσας
534 2285 580 2312 τὸν
590 2285 721 2320 δεσπότην
735 2285 788 2312 τῶν
803 2286 919 2322 χωρίων,

135 2326 256 2362 ἅπτηταί
271 2336 317 2354 του
332 2328 386 2354 τῶν
403 2329 547 2362 τοιούτων,
561 2330 630 2356 κατὰ
647 2331 718 2365 ῥᾶγα
733 2331 852 2366 βοτρύων
875 2332 920 2357 καὶ

136 2371 219 2400 σῦκον
237 2374 331 2409 συκῆς,
353 2374 510 2410 ἰσαρίθμους
527 2375 632 2411 πληγὰς
651 2376 754 2408 τούτοις
778 2377 919 2412 μαστιγού-

136 2417 202 2445 σθω.
223 2429 232 2444 ι
252 2419 370 2446 Τοιαῦτα
389 2420 438 2455 μὲν
460 2420 495 2446 τὰ
519 2420 590 2447 κατὰ
614 2421 707 2454 τῶνδε,
721 2422 770 2448 οὐκ
787 2422 849 2455 ἄξια
869 2422 917 2457 τῆς

134 2465 277 2497 Πλάτωνος
294 2465 476 2501 μεγαλονοίας.
495 2467 538 2498 Ὦς
547 2467 575 2493 δὲ
588 2468 673 2502 σεμνὰ
683 2469 730 2494 καὶ
740 2469 917 2504 φιλάνθρωπα

182 2521 190 2536 ²
203 2520 288 2548 Exod.
305 2508 361 2553 xxi,
377 2521 464 2549 12-26.

169 2577 226 2611 (90)
249 2578 296 2614 ὀς
310 2577 396 2614 dre»
415 2587 500 2611 προν.
516 2579 596 2614 VAnte
613 2580 750 2614 legebatur
767 2579 807 2613 οἷς
831 2582 863 2609 ἂν
886 2585 917 2610 ἐκ

132 2621 225 2656 προν..
241 2613 289 2656 sed
304 2613 382 2656 nullo
389 2621 489 2656 sensu;
503 2613 582 2656 Certe
590 2613 664 2656 ἱδρύει
682 2616 818 2656 Platonem
831 2639 838 2649 ,
856 2624 917 2656 post

132 2645 203 2672 ἔστω
223 2646 332 2681 νόμοις,
351 2648 440 2675 isthuc
461 2645 501 2680 οἷς
517 2653 564 2676 aut
589 2645 619 2680 δέ
635 2658 687 2677 non
706 2645 916 2685 sequiturclsed

131 2688 194 2721 pag_.
211 2681 263 2721 (ᾗόν
274 2682 298 2721 Ἀ
321 2681 350 2713 ὃς
366 2682 398 2709 ἂν
420 2684 450 2710 ἐκ
475 2692 550 2719 προν.
565 2705 571 2716 ,
588 2689 617 2711 ιιι
634 2685 660 2711 in
677 2693 727 2713 ms.
753 2686 825 2721 quod
841 2695 916 2715 nova:

134 2715 204 2745 legis
221 2715 328 2742 initium
343 2722 393 2745 est.

182 2723 204 2742 Is
221 2723 328 2742 Imttum
343 2723 393 2745 est.

163 2723 224 2785 $91)
285 2750 339 2784 γὰρ
353 2753 442 2786 νόμος
454 2754 638 2791 ιξπςιγορεύει.
653 2754 728 2791 Plato
744 2755 827 2787 addit,
841 2757 914 2791 quod

131 2785 355 2826 ὲμςρατικῴτερον
366 2785 478 2826 θείη-καὶ
491 2785 668 2826 ἀπαγορεύων
681 2790 750 2825 ὑπὲρ
763 2785 857 2826 πάσης¹
865 2792 915 2826 τῆς

132 2820 294 2858 πόλεως-αεὶ
308 2821 429 2858 φαίνεταί
445 2832 475 2849 τε
488 2823 534 2850 καὶ
554 2820 684 2858 ξρανεῖται.

160 2829 235 2851 νιεως
251 2829 294 2846 αει
329 2829 429 2848 αινεται
445 2832 475 2849 τε
488 2829 534 2850 και
554 2829 684 2858 φανεῖται.

160 2855 223 2898 (92)
238 2856 276 2898 :H
285 2829 328 2898 μιῇ
346 2860 564 2898 προιιγομξύωνι
578 2859 726 2898 ιςζοογλιιὲο·θωζ
746 2860 822 2898 Plato
836 2861 914 2898 longe

131 2888 219 2923 aliter,
237 2890 253 2925 ἢ
333 2888 523 2927 προαγορεύων
538 2888 675 2930 εἴργεσθαι
692 2895 744 2922 τῶν
762 2895 835 2928 ἐντὸς
850 2888 912 2923 civ;

972 2291 1081 2311 movere
1103 2283 1163 2310 loco
1183 2288 1256 2310 vetat
1280 2284 1410 2319 quidquid
1438 2285 1473 2312 ibi
1500 2293 1552 2311 non
1580 2285 1752 2319 deposuerit,

971 2330 1099 2356 mulctam
1114 2329 1257 2356 sustineto.
1273 2329 1350 2361 Quod
1366 2330 1389 2357 si
1404 2338 1500 2358 servus
1513 2329 1646 2364 ejusmodi
1668 2329 1732 2364 quid
1744 2349 1753 2361 .

972 2377 1056 2404 invito
1077 2377 1239 2412 praediorum
1254 2377 1385 2410 domino,
1412 2376 1548 2410 attigerit,
1575 2379 1642 2409 quot
1662 2375 1754 2402 acinos

971 2424 1072 2452 ﬁcusve
1096 2424 1256 2457 sustulerit,
1279 2424 1387 2451 totidem
1404 2424 1495 2457 plagas
1516 2423 1641 2457 accipite.
1656 2431 1666 2448 ι
1692 2420 1753 2449 Ηιιξο

971 2471 1043 2505 ipse,
1070 2470 1104 2497 ab
1125 2470 1170 2498 illa
1193 2470 1290 2497 mentis
1311 2477 1366 2497 sua:
1383 2469 1569 2504 magnitudine
1589 2476 1654 2496 sane
1671 2477 1752 2503 quam

968 2582 1094 2616 ψιότητος
1105 2601 1113 2612 ,
1137 2581 1205 2617 πρὸς
1221 2582 1326 2617 ἀνδρῶν
1338 2590 1368 2608 τε
1385 2581 1431 2608 καὶ
1453 2580 1589 2617 γυναικῶν
1605 2581 1751 2616 προσήκων

967 2617 1008 2656 τῷ
1022 2616 1228 2656 τελευτήσαντι]
1246 2617 1350 2656 πρῷτον
1370 2616 1419 2656 μεν
1437 2616 1467 2642 τὸ
1484 2617 1589 2656 μίασμα
1603 2616 1749 2656 είς-αὺτὸν,

968 2650 1014 2678 καὶ
1035 2651 1084 2687 τὴν
1099 2650 1153 2678 τῶν
1172 2651 1239 2678 θεῶν
1260 2650 1358 2686 ἔχθραν
1372 2650 1495 2687 δέχοιτο,
1522 2650 1590 2687 ᾡςνή
1606 2650 1653 2678 τοῦ
1669 2652 1750 2686 νόμου

967 2686 1020 2722 ἀρὰ
1041 2686 1089 2726 τὴν
1110 2688 1203 2722 φήμην
1220 2687 1417 2748 προτρέπεται·
1434 2687 1464 2713 τὸ
1479 2687 1507 2713 δὲ
1525 2686 1659 2721 δεύτερον,
1684 2692 1749 2719 etc.;

967 2729 1026 2748 uua:
1051 2726 1086 2748 Ita
1111 2723 1261 2748 decurtavit
1301 2722 1432 2748 ‘usebius.
1461 2726 1490 2748 ut
1508 2729 1617 2748 sensum
1641 2729 1749 2748 uuouue

967 2729 1026 2756 qua:
1051 2722 1086 2749 ita
1111 2723 1261 2749 decurtavit
1288 2722 1432 2756 Eusebius,
1461 2726 1490 2749 ut
1508 2729 1617 2750 sensum
1641 2729 1751 2756 quoque

967 2757 1137 2791 perverterit.

1002 2792 1057 2827 (95)
1079 2792 1168 2818 Ὅταν
1188 2792 1246 2825 τὴν
1261 2791 1410 2827 γενναίαν.
1431 2791 1502 2827 idem
1530 2791 1577 2818 lib.
1603 2799 1651 2818 VIII
1673 2791 1748 2827 ch.,

966 2835 1027 2862 pag.
1046 2827 1098 2862 ϐω
1113 2827 1142 2858 Β,
1161 2828 1205 2854 ubi
1222 2828 1328 2862 legitur,
1345 2826 1373 2858 ὃς
1387 2826 1410 2853 δ’
1423 2826 1457 2854 ἂν
1468 2835 1493 2853 τ.
1512 2835 1540 2861 γ.

1001 2847 1205 2897 ἲόιῖὶᾧῖἱέίπζιῖξ
1212 2847 1455 2898 ιιέἳὶἰιὲ“ἑῷ’νίμῷξ
1470 2847 1500 2890 {ri
1514 2847 1584 2897 lima
1592 2861 1742 2890 Platencm.
