2061 3210
303 159 372 188 H85

618 159 751 187 EUSEBII
770 157 1009 186 CASSABIENSIS
1027 158 1212 194 OPPJPARS
1230 158 1261 185 ll‘;
1287 174 1317 178 —
1330 154 1576 184 APOLOGETICA.

1840 152 1908 178 πίει

303 228 384 255 opere
398 227 461 247 sum
479 224 610 252 conatus,
634 220 714 247 nobis
732 223 763 246 ut
788 219 815 246 in
841 224 966 254 promptu
990 223 1079 251 esset,

1134 216 1186 250 τοῖς
1203 218 1345 254 βαρϐάρων
1356 217 1508 252 γράμμασι,
1521 215 1570 249 τῆς
1583 212 1709 248 πατρῴας
1722 212 1769 238 καί
1781 210 1909 245 εὐγενοῦς

304 266 377 300 quod
390 265 444 292 illis
458 265 614 299 responderi
628 265 807 300 exeusarique
820 269 927 299 posset,
946 264 1018 299 quia
1034 271 1079 290 no-

304 310 346 338 bis
360 310 437 344 vulgo
455 314 579 344 quaerunt
589 330 596 342 ,
607 310 671 344 quid
682 315 736 337 tam
748 309 906 344 praeclarum
916 312 943 335 et
951 308 1081 335 eximium

305 355 481 381 barbarorum
494 354 521 381 in
536 354 632 382 litteris
642 355 801 387 viderimus,
816 359 845 381 ut
866 361 912 380 eas
923 354 1017 388 patria:
1033 361 1082 380 no-

1133 263 1299 298 φιλοσοφιας,
1330 263 1380 297 τῆς
1404 261 1534 296 Ἑλλήνων
1562 259 1642 293 λέγω,
1672 257 1826 293 προκρίνειν
1840 255 1910 281 αὖτᾶ

1133 307 1335 343 διανενοήμεθα.
1360 306 1438 333 Ἀλλὰ
1449 306 1502 342 γὰρ
1512 305 1561 340 ἤδη
1584 304 1617 330 δι’
1633 304 1720 339 ἔργων
1739 303 1756 337 ἡ
1774 300 1910 332 ἀπόδειξις

1134 355 1198 389 ἡμῖν
1213 355 1344 390 χωρείτω.

305 400 405 435 bilique
419 400 576 429 Graecorum
584 401 761 436 philosophiae
772 400 974 435 anteponendas
992 407 1053 427 esse
1073 403 1264 428 statueremus.
1292 399 1390 428 Verum
1409 399 1437 426 id
1463 406 1493 426 re
1515 399 1571 433 ipsa
1592 395 1704 431 iamiam
1725 394 1912 422 demonstrare

256 451 269 461 κ
304 455 456 483 pergamus.

616 494 729 523 CAPUT
759 494 790 522 ll.

338 553 378 580 De
389 559 482 580 mutua
497 553 657 580 dissensione
669 560 807 588 pugnaque
824 551 1047 586 philosophorum.

334 633 373 661 Ac
387 633 453 660 mihi
469 633 576 668 quidem
589 638 651 660 ante
663 632 753 660 omnia
767 632 809 660 vel
831 640 845 659 a
866 631 963 667 primis
984 631 1083 659 Glaeeae

306 678 483 713 philosophia:
495 678 578 713 718
590 678 730 706 cunabulis
745 677 939 712 auspicandum
957 676 1080 708 videtur,

306 723 535 757 quaerendumque
552 723 700 750 studiosius
709 743 716 755 ,
727 722 774 757 qui
788 722 894 749 tandem
907 721 1058 756 philosophi
1072 741 1080 753 ,

306 775 374 802 quos
389 767 514 802 physicos
527 774 657 795 vocamus
668 787 676 800 ,
691 773 753 794 ante
765 766 902 793 Platonem
913 765 1064 792 exstiterint
1073 784 1080 796 ,

306 816 333 838 et
345 811 496 846 cuiusmodi
511 811 630 846 profecta
642 811 676 838 ab
691 811 725 838 iis
734 810 875 844 disciplina
884 809 1019 844 principes
1029 808 1078 836 ha-

307 857 405 884 buerit.
419 856 521 884 Deinde
535 857 567 884 ad
580 856 700 883 Platonis
711 862 885 883 successores
898 855 1047 887 veniemus,
1057 858 1085 881 et

1392 488 1585 518 ΚΕΦΑΛΑΙΟΝ
1600 488 1636 514 B'.

1133 550 1201 584 Περὶ
1215 548 1270 583 τῆς
1280 547 1338 575 τῶν
1353 547 1527 582 φιλοσόφων
1539 546 1618 584 apd;
1631 543 1786 578 ἀλλήλους
1804 542 1912 576 διαφω-

1374 583 1441 616 νίας
1453 580 1484 608 τε
1500 582 1547 608 καὶ
1560 580 1668 616 μάχης.

1173 628 1306 664 Ἠγοῦμαι
1322 628 1350 654 δὲ
1364 628 1418 654 δεῖν
1444 626 1584 661 πρώτιστα
1599 625 1705 652 πάντων
1718 644 1725 656 ,
1742 622 1846 649 ἄνωῡεν
1859 621 1912 647 ἀπὸ

1134 676 1182 710 τῆς
1198 674 1308 710 πρώτης
1322 673 1471 708 καταϐολῆς
1483 672 1536 698 τῶν
1554 671 1617 707 παρ’
1633 670 1745 704 Ἕλλησι
1761 668 1911 704 φιλοσόφων

1134 719 1316 754 ἀπάρξασθαι,
1332 718 1448 749 καὶτοὺς
1466 717 1582 754 πρόσθεν
1596 716 1611 752 ἣ
1625 716 1755 742 Πλάτωνα
1775 714 1910 746 γενέσθαι,

1135 766 1264 799 φυσικοὺς
1293 764 1501 800 ἐπικληθέντα-ς,
1536 762 1693 797 φιλοσόφους
1724 761 1911 796 καταμαθεῖν,

1135 811 1206 842 τίνες
1215 811 1279 837 ποτὲ
1290 810 1427 845 γεγόνασι,
1441 809 1487 836 καὶ¹
1499 809 1597 835 ὁποίων
1609 808 1700 842 ἔτυχεν
1712 808 1728 842 ἡ
1740 807 1799 833 κατ’
1816 806 1911 836 αὐτοὺς

1137 855 1278 890 φιλοσοφία
1294 854 1451 890 προστατῶν
1464 853 1510 879 τοῦ
1525 853 1612 887 λόγου.
1639 851 1693 878 Εἶτ’
1718 852 1764 877 ἐπὶ
1785 851 1836 885 τὴν
1865 850 1910 876 τοῦ

307 903 417 938 quinam
436 902 535 930 fuerint
553 903 603 937 ipsi
621 910 746 937 quoque,
764 909 900 937 quamque
910 901 1001 928 verbis
1013 901 1084 928 inter

1135 901 1275 932 Πλάτωνος
1289 899 1431 935 παρελθεῖν
1454 897 1577 933 διαδοχὴν
1588 919 1596 930 ,
1618 898 1666 924 καὶ.Γ
1680 897 1752 928 τίνες
1769 897 1827 922 ποτ’
1844 893 1912 930 ἦσαν

307 955 337 975 se
351 947 388 974 illi
405 947 598 981 sententiisque
618 946 811 981 pugnaverint,
829 945 991 973 videbimus.
1015 944 1083 973 Tum

305 997 464 1019 ceterarum
476 999 584 1026 quoque
596 996 732 1019 sectarum
747 990 859 1018 dissidia
868 1011 876 1024 ,
888 995 915 1018 et
928 991 1085 1025 discrepan-

308 1038 373 1065 tium
402 1037 558 1072 opinionum
584 1037 714 1064 factiones
733 1037 915 1070 intuebimur;
940 1037 966 1064 in
986 1037 1085 1072 quibus

306 1083 427 1118 egregios
443 1090 507 1110 sane
521 1083 624 1118 pugiles
634 1102 642 1114 ,
659 1083 762 1110 mutuis
773 1090 833 1110 sese
848 1082 934 1117 plagis
948 1086 975 1108 et
988 1082 1086 1109 ictibus

307 1129 403 1156 acriter
414 1136 596 1164 generoseque
609 1129 753 1156 tundentes
763 1148 771 1162 ,
788 1129 828 1156 sic
843 1134 972 1164 tanquam
987 1129 1014 1155 in
1026 1137 1085 1156 sce-

308 1182 342 1201 na
359 1175 556 1209 spectatoribus
578 1174 800 1209 contemplandos
824 1174 963 1209 objieiam.
990 1174 1081 1201 Enim-

307 1227 370 1247 vero
384 1219 522 1247 Platonem
543 1220 569 1246 in
586 1220 682 1255 primis
693 1220 844 1248 videbimus
860 1220 1014 1254 superiores
1025 1220 1086 1254 phi-

307 1265 434 1300 losophos
462 1265 639 1299 irridentem,
665 1271 722 1294 tum
751 1265 871 1293 vicissim
895 1265 1016 1294 Platonis
1042 1273 1087 1293 se-

307 1316 424 1340 ctatores
438 1316 701 1348 atquesuecessores
718 1312 778 1339 aliis
795 1312 953 1346 vapulantes
968 1321 975 1339 :
989 1319 1086 1340 rursus

307 1358 535 1393 quemadmodum
554 1363 580 1386 et
606 1357 727 1386 Platonis
752 1357 866 1384 studiosi
891 1357 1021 1392 praeclara
1041 1357 1085 1384 illa

307 1404 485 1432 Aristotelicas
503 1405 602 1433 mentis
626 1413 705 1432 sensa
719 1404 900 1440 redarguam;
914 1408 941 1431 et
962 1404 1008 1438 qui
1026 1403 1086 1430 Ari-

307 1450 404 1477 stotele
417 1451 537 1485 principe
554 1459 586 1478 ac
608 1450 778 1486 Peripatetici
789 1451 899 1478 nomine
919 1450 1089 1485 gloriantur,

307 1503 367 1530 quae
379 1504 394 1523 a
407 1498 549 1524 contraria:
564 1496 691 1525 factionis
706 1497 897 1525 defensoribus
917 1496 1067 1525 affenuntur
1077 1517 1085 1529 ,

308 1542 380 1569 nulla
393 1550 452 1569 esse
465 1542 663 1570 demonstrent.
680 1543 750 1576 Quin
772 1543 853 1570 etiam
873 1550 948 1571 acres
973 1543 1034 1570 illas
1053 1549 1085 1569 ac

308 1585 418 1612 subtiles
437 1585 590 1612 Stoicorum
603 1587 722 1621 argutias
737 1587 813 1614 illudi
827 1588 860 1614 ab
871 1587 976 1615 exteris
988 1595 1020 1615 ac
1035 1587 1084 1614 de-

308 1630 390 1658 rideri
404 1631 525 1663 videbis,
552 1632 674 1666 adeoque
693 1641 788 1661 omnes
804 1634 938 1668 undique,
962 1641 1023 1661 eum
1046 1635 1085 1660 vi—

307 1675 369 1703 cino
395 1684 530 1712 quemque
555 1685 621 1709 suo,
647 1679 757 1712 pulvere
780 1687 942 1714 conspersos
967 1687 1084 1714 pugnam

308 1724 416 1747 strenue
431 1721 586 1756 luctamque
596 1729 738 1750 conserere
751 1732 756 1750 :
773 1724 850 1758 quasi
874 1723 999 1751 manibus
1012 1724 1085 1758 jam-

306 1766 361 1800 jam
373 1785 380 1797 .
391 1771 471 1801 atque
482 1767 583 1802 lingua,
599 1776 646 1796 seu
661 1769 765 1796 calamo
778 1770 867 1804 potius
880 1774 907 1797 et
920 1774 1084 1804 atramento,

309 1815 431 1838 mutuum
448 1812 475 1838 in
503 1820 561 1840 sese
586 1813 686 1841 bellum
711 1814 890 1848 instruerent,
915 1819 996 1849 atque
1017 1815 1085 1842 alios

308 1857 372 1890 alii,
391 1858 553 1892 quibusdam
577 1860 654 1894 quasi
676 1860 888 1894 disputationum
904 1860 1020 1896 jaculis,
1044 1865 1085 1887 at—

307 1911 361 1938 que
377 1904 451 1930 omni
480 1912 619 1932 armorum
645 1913 742 1940 genere
768 1906 949 1934 vulnerarent.
972 1905 1085 1933 Habebit

309 1949 426 1976 stadium
443 1958 552 1985 quoque
577 1957 702 1978 nostrum
723 1952 775 1980 hoc
799 1953 826 1979 in
845 1953 969 1988 gymnico
997 1957 1085 1980 certa-

307 1994 396 2027 mine,
429 2001 525 2030 praeter
551 1997 721 2032 superiores,
755 1998 829 2025 omni
859 1998 972 2026 veritate
998 1999 1085 2026 nudos

307 2041 422 2068 athletas
439 2041 500 2069 illos
511 2062 519 2075 ,
535 2043 582 2077 qui
593 2048 689 2070 contra
710 2044 864 2072 universam
883 2052 978 2072 eorum
990 2065 997 2078 ,
1016 2052 1085 2080 quos

306 2086 476 2122 dogmaticos
493 2096 636 2123 vocamus,
649 2090 872 2125 philosophorum
887 2091 993 2118 turbam
1009 2099 1084 2118 arma

306 2138 461 2167 sumpsere;
478 2132 660 2168 Pyrrhonios,
676 2135 722 2170 qui
738 2135 806 2162 nihil
823 2135 950 2169 omnino,
969 2135 1085 2170 Aristip-

307 2185 397 2212 pzeos,
414 2179 460 2213 qui
477 2179 562 2206 solum
574 2180 676 2208 doloris
691 2189 800 2208 sensum
817 2181 917 2216 percipi
946 2189 1024 2216 posse
1041 2182 1083 2209 di-

307 2224 422 2257 cebant;
438 2228 465 2251 et
477 2224 639 2258 Metrodori,
651 2234 683 2254 ac
693 2226 846 2262 Protagora:
861 2231 1007 2255 sectatores
1019 2249 1026 2260 ,
1037 2228 1083 2262 qui

309 2271 372 2298 unis
384 2275 488 2298 tantum
500 2273 622 2308 corporis
636 2273 763 2301 sensibus
775 2274 854 2301 fidem
867 2273 1016 2301 habendam
1026 2282 1086 2301 esse

308 2317 462 2345 voluerunt.
477 2318 644 2351 Quibuscum
661 2320 744 2360 altera
767 2329 797 2348 ex
821 2324 897 2355 parte
925 2321 1084 2348 instructam

308 2362 476 2391 Parmenidis
490 2371 516 2392 et
528 2364 702 2400 Xenophauis
720 2366 931 2401 discipulorum,
953 2366 1000 2401 qui
1023 2374 1087 2394 scn-

308 2416 388 2436 suum
420 2409 472 2436 vim
506 2417 614 2438 omnem
641 2411 764 2439 funditus
791 2413 970 2445 sustulerunt,
999 2413 1085 2439 aciem

308 2455 519 2483 eommittemus.
537 2455 593 2483 lmo
609 2465 642 2483 ne
654 2457 727 2491 ipsos
738 2457 845 2492 quidem
862 2457 1007 2492 voluptatis
1023 2466 1086 2493 pro-

310 2505 471 2534 pugnatores
488 2503 738 2537 prmtermittemus,
755 2504 801 2532 sed
821 2512 914 2532 eorum
930 2505 1020 2539 potius
1035 2512 1085 2531 an-

309 2546 478 2580 tesignanum
503 2547 648 2583 Epicurum
674 2550 707 2576 ad
734 2555 845 2578 caeteros
867 2551 1083 2586 aggregabimus.

309 2592 440 2619 Craterum
456 2595 577 2628 quolibet
599 2595 626 2622 in
647 2597 804 2630 quaestionis
823 2605 935 2632 genere,
956 2598 1013 2625 suis
1031 2597 1081 2632 ipsi

308 2637 356 2663 abs
367 2644 410 2663 me
426 2639 486 2666 telis
501 2641 638 2676 armisque
663 2642 853 2669 refutabuntur
866 2653 872 2670 :
887 2643 968 2678 719
985 2644 1085 2679 quique

310 2681 485 2715 Physicorum
506 2692 713 2720 cognomentum
738 2688 859 2721 habent,
882 2689 979 2716 horum
1003 2690 1084 2717 simul

309 2729 429 2754 omnium
441 2734 468 2756 et
489 2730 515 2757 in
541 2732 663 2760 doctrina
687 2734 837 2767 dissensio,
857 2740 884 2762 et
900 2735 990 2762 inanis
1002 2736 1083 2762 studii

310 2773 458 2807 Irrivolaque
472 2778 608 2805 contentio
631 2779 793 2813 proferetur.
816 2782 910 2816 Atque.
925 2781 951 2808 id
969 2782 1016 2808 abs
1041 2789 1084 2808 me

309 2819 353 2868 iiet
364 2840 371 2850 .
389 2828 443 2847 non
458 2822 512 2849 ullo
526 2831 590 2852 sane
605 2831 651 2853 aut
665 2826 751 2854 Grmci
768 2828 885 2855 nominis
895 2849 902 2860 ,
916 2833 963 2856 aut
984 2828 1082 2855 libera-

310 2863 340 2891 lis
355 2865 513 2896 cruditionis
525 2870 606 2906 odio,
624 2879 638 2898 a
658 2880 712 2907 quo
724 2873 820 2902 absum
842 2874 998 2909 longissime
1009 2893 1016 2907 ,
1035 2874 1081 2902 sed

1136 948 1181 974 καὶ
1197 947 1259 979 οἵδε,
1280 946 1329 977 τάς
1346 955 1375 972 τε
1391 944 1457 980 πρὸς
1482 944 1611 980 ἀλλήλους
1637 943 1802 979 λογομαχίας
1825 942 1912 968 αὐτῶν

1134 992 1347 1027 ἐπισκέψασθαν
1367 991 1550 1027 ἐπιθεωρῆσαι
1565 990 1593 1016 δὲ
1610 989 1717 1017 καὶτῶν
1732 988 1820 1015 ἄλλων
1839 988 1913 1023 αἱρέ-

1135 1047 1203 1064 σεων
1213 1037 1261 1068 τὰς
1279 1036 1443 1068 διαστάσεις,
1456 1036 1509 1062 τῶν
1524 1044 1554 1062 τε
1568 1035 1650 1067 δοξῶν
1661 1034 1709 1065 τὰς
1719 1034 1912 1060 ἀντικαταστα-

1136 1093 1202 1117 σεις,
1216 1085 1244 1110 ὲν
1256 1081 1300 1115 αἷς
1313 1083 1494 1114 πυκτεύοντας
1511 1083 1571 1113 τοὺς
1582 1081 1728 1115 γενναίους,
1746 1081 1792 1107 καὶ
1815 1081 1912 1115 φιλοτί-

1136 1139 1193 1165 μως
1221 1129 1509 1165 διαπληκτιζομένους,
1539 1127 1631 1162 ὥσπερ
1659 1127 1704 1153 ἐπὶ
1727 1127 1831 1161 σκηνῆς
1860 1128 1913 1158 τοῖς

1135 1175 1240 1207 Θεαταῖς
1257 1175 1417 1210 παραδείξω.
1434 1174 1535 1200 Αὐτίκα
1557 1173 1620 1207 γοῦν
1647 1173 1717 1208 μάλα
1741 1172 1913 1206 θεασώμεθα,

1135 1221 1207 1253 ὅπως
1222 1222 1270 1256 μὲν
1285 1222 1299 1247 ὁ
1315 1221 1425 1247 Πλάτων
1446 1220 1507 1251 τοὺς
1520 1219 1571 1254 προ
1585 1219 1665 1245 αὑτοῦ
1683 1218 1807 1254 πρώτους
1828 1219 1913 1244 ἔσκω-

1135 1275 1210 1300 πτεν,
1226 1267 1299 1298 ὅπως
1309 1267 1337 1293 δὲ
1357 1266 1418 1298 τοὺς
1432 1265 1573 1298 Πλάτωνος
1584 1266 1698 1296 οἰκείους
1713 1274 1742 1291 τε
1765 1265 1812 1291 καὶ
1828 1265 1914 1290 διαδό-

1135 1323 1198 1349 χους
1211 1313 1299 1340 ἄλλοι·
1312 1310 1405 1343 καὶ,αὗ
1421 1313 1500 1339 πάλιν
1515 1314 1588 1343 ὅπως
1602 1313 1627 1338 οἱ
1640 1312 1780 1342 Πλάτωνος
1801 1312 1914 1346 ἑταῖροι,

1135 1359 1168 1386 τὰ
1187 1360 1255 1393 σοφὰ
1274 1359 1323 1393 τῆς
1351 1358 1549 1394 Ἀριστοτέλους
1573 1358 1713 1389 πολονοίας
1742 1357 1912 1392 ἁττήλεγχοψ

1135 1406 1207 1437 ὅπως
1221 1405 1243 1432 0'
1257 1406 1281 1432 οἱ
1295 1407 1341 1432 τὸν
1359 1396 1544 1440 Ἆριστοτέλην
1560 1404 1606 1431 καὶ
1625 1404 1669 1430 τὸν
1695 1404 1850 1439 Περίπατον
1867 1403 1915 1430 αὖ-

1134 1451 1253 1486 χοῦντες,
1271 1451 1304 1477 τὰ
1318 1450 1446 1477 δοκοῦντα
1459 1451 1514 1481 τοῖς
1527 1450 1574 1485 τὴν
1586 1450 1708 1476 ἐναντίαν
1735 1449 1916 1485 πρεσϐεύουσι

1133 1497 1164 1524 τὸ
1181 1497 1262 1532 μηδὲν
1275 1497 1338 1523 ὄντα
1355 1496 1502 1532 παρίστων.
1519 1496 1572 1523 Καὶ
1587 1496 1619 1523 τὰ
1629 1495 1702 1522 δεινὰ
1712 1496 1739 1522 δὲ
1753 1496 1800 1521 καὶ
1815 1495 1915 1531 ἀκριϐῆ

1134 1543 1183 1578 τῆς
1199 1543 1250 1569 τῶν
1268 1543 1392 1570 Στωϊκῶν
1406 1542 1580 1576 λεπτολογὶας
1594 1543 1637 1576 ὑφ’
1654 1542 1753 1577 ἑτέρων
1775 1539 1809 1568 αὖ
1836 1541 1915 1568 πάλιν

1133 1590 1193 1617 ὄψει
1208 1588 1426 1623 καταγελώμενα,
1441 1589 1542 1619 πάντας
1555 1597 1584 1614 τε
1598 1587 1762 1622 πανταχόθεν
1775 1587 1847 1614 κατὰ
1863 1587 1916 1613 τῶν

1135 1636 1218 1668 πέλας
1232 1635 1411 1669 κονιομένους,
1427 1635 1474 1661 καὶ
1492 1634 1580 1669 μάχην
1598 1635 1645 1661 καὶ
1667 1634 1754 1669 πάλην
1782 1633 1915 1669 ἀνδρικώ-

1134 1691 1202 1709 τατα
1216 1682 1432 1717 συνισταμένους,
1448 1680 1484 1712 ὡς
1495 1680 1538 1706 διὰ
1551 1680 1648 1715 χειρῶν
1663 1680 1712 1716 ἥδη
1724 1680 1772 1706 καὶ
1780 1680 1915 1714 γλιῖητης,

1134 1730 1151 1763 ἢ
1172 1729 1267 1764 μᾶλλον
1276 1729 1319 1755 διὰ
1332 1729 1453 1763 καλάμου
1470 1728 1516 1755 καὶ
1535 1728 1662 1763 μέλανος,
1687 1727 1728 1753 τὸν
1745 1726 1817 1753 κατὰ
1833 1727 1915 1761 ἀλλή-

1134 1774 1186 1801 λων
1202 1775 1299 1805 αὐτοὺς
1314 1773 1430 1809 πόλεμον
1444 1772 1664 1808 ὲπιτειχίξεσθαι,
1681 1773 1822 1808 μονονουχὶ
1851 1772 1916 1807 βάλ-

1134 1820 1228 1850 λοντας
1244 1820 1290 1846 καὶ
1302 1819 1478 1855 βαλλομένους
1490 1822 1545 1852 τοῖς
1560 1819 1603 1846 διὰ
1616 1819 1701 1853 λόγων
1714 1819 1809 1854 δόρασί
1823 1828 1852 1845 τε
1870 1819 1916 1846 καὶ

1135 1866 1318 1901 παντευχίαις.
1338 1866 1460 1901 Περιέξει
1473 1866 1494 1892 δ’
1510 1867 1573 1901 ἡμῖν
1587 1866 1617 1892 τὸ
1630 1865 1734 1892 στάδιον
1753 1865 1782 1891 ὲν
1809 1865 1848 1900 τῷ
1869 1874 1916 1899 τν-

1136 1912 1222 1953 μνικῷ
1234 1912 1301 1947 τῷδε
1318 1912 1410 1946 ἀγῶνι,
1426 1913 1543 1947 γυμνοὺς
1558 1912 1683 1947 ἀληθείας
1701 1911 1808 1946 ἀπάσης
1819 1931 1826 1943 ,
1849 1911 1917 1946 ergo;

1133 1959 1189 1989 τοῖς
1208 1958 1347 1992 δηλωθείσι
1360 1959 1406 1984 καὶ
1420 1958 1481 1989 τοὺς
1493 1959 1574 1984 πᾶσιν
1592 1958 1658 1992 ὁμοῦ
1674 1959 1728 1989 τοῖς
1740 1957 1916 1992 δογματικῶς

1135 2003 1287 2038 φιλοσόφοις
1304 2003 1457 2035 ἐξεναντίας
1470 2003 1621 2039 ἀραμένους
1633 2003 1666 2029 τὰ
1676 2003 1754 2035 ὅπλα,
1767 2003 1832 2034 τοὺς
1845 2003 1916 2037 ἀμςὶ

1135 2048 1268 2084 Πύρρωνα
1284 2048 1363 2082 λέγω,
1383 2048 1465 2083 μηδὲν
1484 2046 1552 2075 εἶναι
1568 2048 1738 2082 καταληπτὸν
1759 2048 1788 2074 ἐν
1809 2046 1915 2081 ἀνθρὼ-

1134 2102 1195 2125 ποις
1208 2093 1429 2128 ἀποφηναμένους
1440 2101 1446 2107 ·
1464 2093 1509 2119 καὶ
1521 2093 1583 2124 τούς
1600 2101 1629 2118 τε
1651 2094 1710 2119 κατ’
1727 2092 1914 2127 Ἀρίστιππον,

1136 2139 1203 2172 μόνα
1217 2139 1342 2172 λέγοντας
1359 2138 1392 2165 τὰ
1405 2139 1477 2173 πάθη
1493 2136 1561 2165 εἶναι
1575 2138 1748 2174 καταληπτά·
1761 2139 1809 2164 καὶ
1820 2137 1853 2164 αὖ
1869 2138 1916 2164 πά-

1133 2183 1175 2210 λιν
1190 2185 1252 2215 τοὺς
1266 2183 1336 2210 κατὰ
1350 2184 1527 2219 Μητρόδωρον
1544 2184 1589 2210 καὶ
1609 2184 1803 2219 Πρωταγόραν,
1821 2184 1916 2218 μόναις

1135 2229 1189 2256 δεῖν
1200 2230 1350 2264 φάσκοντας
1359 2231 1418 2261 ταῖς
1425 2229 1469 2256 τοῦ
1483 2229 1605 2265 σώματος
1616 2229 1756 2265 αἰσθήσεσι
1767 2230 1913 2255 πιστεύειν.

1139 2275 1275 2311 Ἔμπαλιν
1286 2276 1313 2302 δὲ
1329 2276 1432 2308 τούτοις
1447 2275 1663 2310 συναποδύσομεν
1676 2276 1736 2306 τοὺς
1750 2275 1822 2310 ἀμφὶ
1837 2276 1915 2301 Ξενο-

1136 2323 1222 2358 φάνην
1239 2324 1285 2349 καὶ
1299 2323 1469 2358 Παρμενίδην
1480 2343 1487 2354 ,
1506 2322 1555 2357 τὴν
1578 2322 1699 2348 ἐναντίαν
1723 2321 1916 2356 παραταξαμέ-

1135 2377 1205 2401 νους,
1219 2369 1266 2396 καὶ
1278 2368 1327 2399 τὰς
1336 2369 1472 2403 αἰσθήσεις
1484 2368 1634 2398 ἀνελόντας.
1649 2367 1685 2394 Οὐ
1711 2367 1869 2402 παρήσομεν
1887 2367 1915 2393 δὲ

1135 2415 1194 2442 οὐδὲ
1206 2414 1268 2445 τοὺς
1289 2414 1337 2446 τῆς
1355 2413 1446 2448 ἡδονῆς
1462 2413 1628 2449 προμάχους,
1645 2412 1712 2439 ἀλλὰ
1739 2412 1786 2438 καὶ
1812 2412 1914 2438 τούτων

1135 2460 1180 2486 τὸν
1194 2460 1305 2495 ἀριστέα
1324 2459 1480 2494 Ἐπίκουρον
1501 2459 1548 2485 σὺν
1563 2459 1619 2489 τοῖς
1644 2458 1798 2493 εἰρημένοις
1828 2466 1913 2484 κατα-

1136 2506 1257 2541 λέξομεν.
1279 2506 1351 2541 Πρὸς
1371 2506 1475 2532 ἅπαντα
1491 2505 1518 2530 δὲ
1535 2504 1600 2539 ὁμοῦ
1628 2505 1682 2535 τοῖς
1700 2504 1840 2538 σφετέροις
1868 2504 1915 2529 αὐ-

1135 2553 1188 2579 τῶν
1220 2552 1306 2588 βέλεσι
1335 2551 1379 2578 ¹ιιὺν
1409 2552 1468 2578 κατ’
1488 2551 1576 2577 αὐτῶν
1601 2549 1913 2584 ἁντιθήσομενὲλεγχον.

1134 2598 1190 2624 Καὶ
1205 2597 1258 2624 τῶν
1274 2597 1387 2631 ἐπίκλην
1397 2596 1425 2622 δὲ
1441 2595 1563 2622 Φυσικῶν
1577 2596 1701 2621 ἁπάντων
1712 2594 1779 2630 ὁμοῦ
1791 2615 1798 2627 ,
1815 2595 1869 2620 τῶν
1885 2603 1914 2620 τε

1134 2644 1274 2679 δογμάτων
1286 2643 1334 2675 τὰς
1349 2643 1502 2677 διαφωνίας,
1515 2643 1562 2668 καὶ
1572 2642 1621 2676 τῆς
1633 2641 1750 2675 σπουδῆς
1766 2641 1815 2676 τὴν
1829 2642 1915 2676 ἀχρη-

1135 2690 1295 2725 στομάθειαν
1322 2691 1361 2721 εἰς
1377 2689 1492 2724 Φανερὸν
1507 2688 1571 2714 οἴσω
1583 2696 1589 2702 ·
1605 2687 1634 2713 οὔ
1651 2687 1676 2713 τι
1704 2695 1756 2713 που
1775 2687 1912 2722 μισέλλην.

1134 2736 1193 2762 οὐδὲ
1210 2736 1348 2770 μισολόγος
1363 2744 1405 2766 τις
1420 2735 1467 2766 ὢν,
1481 2734 1577 2760 πολλοῦ
1594 2733 1661 2764 δέω,
1684 2733 1810 2768 διαόολῆς
1831 2733 1853 2758 δ’
1870 2733 1912 2758 αε-

1134 2782 1194 2808 τίαν
1210 2782 1401 2816 ἀπολυόμενος,
1418 2782 1458 2807 ὅτι
1470 2781 1501 2815 δὴ
1513 2781 1561 2814 τῆς
1584 2779 1740 2815 Ἑλληνικῆς
1755 2780 1856 2814 ἣκιστα
1870 2787 1913 2804 σο-

1136 2828 1198 2863 φίας
1217 2828 1451 2864 μεταποιηοὲντες,
1469 2825 1501 2853 τὰ
1527 2825 1656 2861 Ἐϐραίων
1683 2826 1758 2860 λόγια
1791 2833 1912 2861 προτετι-

1137 2874 1269 2909 μήκαμεν.
