2061 3210
172 164 247 192 ’1185

746 156 909 188 ΪἮᾸΞΡᾹἘ.
928 158 1053 190 EVANG.
1070 161 1137 191 LIB.
1160 161 1228 192 xiv.

1718 167 1784 194 “86

168 229 282 251 tantum
296 223 387 251 nullus
401 227 430 250 ut
457 223 481 251 ei
511 222 652 250 calumniae
672 223 748 250 locus
771 223 955 258 relinquatur,
974 225 1051 258 quasi
1065 225 1157 252 Grmca
1180 227 1208 252 in
1225 225 1356 261 sapientia
1375 232 1470 260 parum
1495 224 1642 253 admodum
1665 227 1784 254 studiose

174 269 291 302 versati,
305 268 480 296 Hebraeorum
501 270 525 297 ei
548 270 650 298 litteras
678 270 882 305 doctrinamque
902 272 1111 306 praetulerimus.

438 317 633 344 ΚΕΦΑΛΑΙΟΝ
656 317 693 344 Γ’.

228 362 296 396 Περὶ
318 362 371 397 τῆς
387 361 446 389 τῶν
461 364 523 389 καθ’
546 363 693 396 Ἐϐραίους
712 364 895 398 deﬁgam-[ap

211 408 242 434 Οἱ
260 408 308 444 μέν
322 417 353 442 γε
373 409 490 444 Ἑϐραῖοι
506 408 606 436 ἄνωθεν
621 408 649 441 ἐξ
666 409 762 440 αἰῶνος
776 409 891 444 μακροῦ,
909 410 955 436 καὶ

166 453 269 488 ἀὑτῆς,
285 454 322 485 ὡς
333 454 396 485 ἔπος
415 455 510 486 είπεῖν,
528 454 580 480 ἀπὺ
600 454 709 490 πρώτης
726 455 952 490 ἀνθρωπογονίας,

171 499 223 534 τὴν
251 499 335 535 ἀληθῆ
364 501 410 526 καὶ
426 500 522 535 εὐσεϐῆ
546 501 701 536 φιλοσοφίαν
730 501 952 537 ἀνηρευνηκότες,

173 546 309 581 ἀκήρατον
325 546 371 573 καὶ
383 546 428 572 ἐπὶ
443 547 504 578 τοὺς
521 546 664 581 μετέπειτα
677 547 778 582 ταύτην
794 548 952 584 διατετηρη-

172 600 248 623 κασι,
262 593 324 622 παῖς
344 591 418 626 παρὰ
442 592 543 627 πατρὸς
570 592 701 627 θησαυρὸν
726 593 810 626 λόγων
827 593 952 628 ἀληθείας

172 637 364 672 ὑποδεξάμενοι
379 646 408 663 τε
423 638 469 663 καὶ
486 637 660 672 φυλάξαντες,
672 638 709 669 ὡς
727 639 788 673 μήτ’
810 639 950 671 ἐπιθεῖναι,

174 683 236 717 μήτ’
249 682 356 716 ἀφελεῖν
378 692 437 710 τινα
449 684 504 714 τοῖς
529 683 600 715 ἅπαξ
618 682 789 718 κεκριμένοις
809 683 950 719 τολμῆσαι.

170 728 235 754 οΰτ¹
249 726 295 755 οὖν
309 729 323 754 ὁ
344 729 479 764 πάνσοφος
490 729 602 764 Μωσῆς,
621 730 727 756 πάντων
752 730 800 764 μὲν
822 730 952 766 Ἐλλήνων

169 774 355 808 πρεσϐύτατος
366 775 529 809 ἀποφανθεὶς
543 775 585 801 διὰ
599 775 652 801 τῶν
667 775 829 811 ἔμπροσθεν,
844 776 951 803 πάντων

170 820 199 846 δὲ
219 820 330 852 ὕστατος
342 821 391 856 τὴν
405 821 510 856 ἡλικίαν
524 821 577 847 τῶν
594 822 658 857 πρὶν
678 822 808 857 Ἐϐραίων
821 822 949 856 γεγονὼς,

171 865 277 901 κινῆσαι
298 876 320 893 τι
335 867 381 894 καὶ
398 867 550 902 μεταθεῖναι
570 867 624 893 τῶν
643 869 699 899 τοῖς
719 868 886 903 προπάτορσι
906 869 950 895 δο-

172 910 272 942 ξάντων
288 913 336 947 τῆς
351 913 516 948 δογματικῆς
531 912 593 948 περὶ
614 912 750 946 θεολογίας
773 913 948 948 διανενόηται“

171 957 242 992 πλὴν
258 958 317 983 ὅσον
331 959 385 989 τοῖς
400 958 444 984 ὐπ’
462 958 542 985 αὐτὸν
561 957 712 993 ἀνθρώποις
724 978 730 988 ,
755 958 865 993 ἀγωγῆς
892 958 948 992 βίου

169 1001 335 1038 καταλλήλου
349 1002 458 1038 τρόπον,
476 1003 521 1029 καί
538 1011 608 1034 τινος
625 1003 711 1038 μέσης
724 1003 859 1034 πολιτείας
875 1011 950 1038 νομο-

169 1047 261 1073 θεσίαν
276 1048 482 1075 καταϐαλέσθαι.
496 1048 558 1075 Οὕθ’
572 1049 596 1075 οξ
616 1049 684 1084 μετὰ
705 1049 779 1076 τόνδε
802 1050 947 1085 προφῆται,

171 1093 280 1129 μυρίαις
294 1095 368 1126 ὅσαις
382 1094 492 1131 ὕστερον
514 1095 583 1122 ὲτῶν
602 1095 734 1131 περιόδοις
750 1095 947 1131 ὲκλάμψαντες,

167 1140 299 1173 διάφωνον
315 1149 340 1166 τι
358 1139 433 1175 ῥῆμα
445 1140 512 1175 πρός
527 1140 556 1167 τέ
581 1149 650 1175 σφας
670 1141 780 1172 αὐτοὺς,
800 1141 816 1176 ἢ
835 1141 903 1176 πρὸς
915 1141 949 1167 τὰ

168 1186 255 1220 Μωσῇ
269 1186 314 1212 καὶ
330 1187 384 1218 τοῖς
395 1186 478 1213 πάλαι
490 1186 625 1221 θεοφιλέσι
637 1187 805 1222 νομισθέντα,
818 1187 948 1222 προέσθαι

168 1233 200 1266 τῇ
219 1233 292 1267 φωνῇ
308 1232 513 1267 τετολμήκασιν.
534 1232 602 1258 Ἀλλ’
615 1233 675 1259 οὐδὲ
689 1232 719 1259 τὸ
744 1232 804 1259 καθ’
822 1233 896 1267 ἡμᾶς
911 1232 949 1258 δι-

168 1277 332 1308 δασκαλεῖον,
350 1278 452 1304 ἐκεῖθέν
467 1277 546 1304 ποθεν
563 1277 729 1314 ὁρμώμενον,
745 1279 790 1304 καὶ
810 1278 841 1304 δι’
857 1278 947 1304 ἐνθέου

165 1324 306 1358 δυνάμεως
320 1324 387 1358 ὁμοῦ
402 1325 492 1351 πᾶσαν
511 1325 620 1351 Ἐλλάδα
632 1333 661 1351 τε
683 1326 729 1351 καὶ
745 1325 792 1360 τὴν
812 1324 947 1360 βάρϐαρον

168 1370 320 1404 ὲμπλῆσαν,
335 1370 466 1405 διάφωνον
480 1380 505 1397 τι
520 1373 575 1403 τοῖς
594 1371 709 1406 πρόσθεν
726 1371 945 1407 ὲμπεριείληφεν·

168 1415 192 1440 εἰ
209 1416 244 1450 μή
260 1424 301 1447 τις
314 1416 388 1451 φαίη,
403 1416 443 1442 ὅτι
459 1416 496 1451 μὴ
517 1416 595 1451 μόνον
615 1418 669 1447 τοῖς
686 1416 800 1451 δόγμασι
823 1417 871 1451 τῆς
890 1416 948 1442 Θεο-

167 1459 270 1493 λογίας,
287 1460 354 1487 ἀλλὰ
367 1461 413 1488 καὶ
426 1460 464 1496 τῷ
477 1461 567 1496 τρόπῳ
576 1461 621 1487 τοῦ
636 1461 703 1496 βίου,
719 1462 766 1496 τὴν
780 1462 862 1496 αὐτὴν
875 1462 947 1496 ἀγω-

167 1506 218 1541 γὴν
232 1507 288 1538 τοῖς
303 1507 354 1542 πρὸ
369 1507 487 1539 Μωσέως
511 1507 658 1542 θεοφιλέσιν
684 1507 817 1543 Ἑϐραίοις
833 1509 946 1544 παραδίσ

166 1553 241 1580 δωσι.
258 1554 311 1579 Καὶ
327 1553 359 1580 τὰ
386 1553 434 1588 μὲν
456 1554 573 1589 ἡμέτερα
590 1554 710 1585 τοιαῦτα,
730 1555 778 1589 μιᾷ
806 1564 834 1581 τε
859 1557 945 1591 φωνῇ,

167 1600 220 1626 ὑπὸ
231 1600 285 1626 τῶν
304 1599 428 1635 πρώτων,
444 1600 489 1626 καὶ
504 1600 601 1635 μέσων,
623 1601 668 1626 καὶ
681 1600 734 1627 τῶν
754 1601 875 1627 ὑστάτων
900 1610 947 1636 με-

167 1645 364 1681 μαρτυρημένα
374 1665 381 1677 ,
395 1646 443 1681 τῆς
457 1645 572 1681 ἀληθοῦς
587 1646 725 1678 εὐσεϐείας
735 1646 801 1682 ὁμοῦ
817 1647 861 1673 καὶ
875 1647 948 1681 φιλο-

166 1691 262 1726 uestiat;
278 1691 308 1717 τὸ
330 1691 436 1726 βέϐαιον
457 1692 575 1723 ἀπάσαις
599 1692 697 1728 ψήφοις
712 1693 945 1728 ὲπισιρραγίζεται,

165 1737 265 1773 πληροῖ
279 1746 309 1763 τε
324 1738 372 1773 τὴν
389 1737 532 1772 σύμπασαν
551 1737 711 1773 οἰκουμένην
724 1758 731 1770 ,
746 1738 878 1773 ὁσημέραι
890 1738 948 1765 νεά-

165 1782 246 1814 ζοντα
260 1783 306 1809 καὶ
321 1782 461 1814 ἀνθοῦντα,
479 1783 516 1815 ὼς
530 1783 592 1818 ἄρτι
615 1783 724 1819 πρώτην
749 1784 839 1819 ἀκμὴν
862 1793 946 1810 κατα-

165 1827 336 1862 ϐεϐλημένα·
367 1828 413 1853 καὶ
434 1827 494 1853 οὕτε
512 1828 600 1862 νόμων
616 1828 759 1861 διατάξεις,
773 1828 826 1854 οὔτ’
843 1828 947 1864 ἐχθρῶν

164 1873 316 1905 ὲπιῦουλαι,
329 1873 388 1899 οὔτε
401 1873 534 1908 πολεμίων
548 1873 675 1905 πολλάκις
691 1874 855 1910 ἀκονηθέντα
872 1875 945 1910 ξίφη,

164 1921 306 1956 κρείττονα
320 1920 369 1955 τῆς
382 1915 418 1945 ὧν
436 1919 601 1954 μετήλθομεν
618 1919 702 1953 λόγων
714 1920 821 1955 ἀρετῆς,
839 1920 887 1955 τὴν
900 1920 946 1947 δύ-

164 1974 247 2001 ναμιν
260 1965 447 1992 ἐπιδέδεικται.
462 1964 502 1990 Τὰ.
522 1964 549 1990 δὲ
562 1964 610 1999 τῆς
637 1964 768 2000 Ἐλλήνων
790 1965 946 1999 φιλοσοφίας

163 2013 211 2039 ἐπὶ
228 2012 338 2047 βραχέσι
350 2011 524 2043 σαλεύσαντα,
534 2010 592 2037 τίνα
609 2011 673 2036 ποτὲ
682 2011 730 2046 τὴν
749 2011 824 2046 ἰσχὺν
841 2012 945 2038 ἐπεδεί-

163 2058 244 2092 ξατο,
270 2058 328 2084 νυνὶ
344 2057 519 2092 θεασώμεθα·
553 2056 674 2092 πρώτους
691 2056 816 2084 ἀπάντων
832 2058 871 2089 εἰς
900 2058 945 2085 τὸν

162 2103 257 2138 ἀγῶνα
272 2103 408 2134 καθιέντες
421 2103 484 2134 τοὺς
497 2103 626 2136 φυσικοὺς
639 2102 842 2138 ἐπικληθέντας.
857 2103 888 2130 Οἳ
902 2103 943 2140 δὴ,

164 2149 282 2185 πρόσθεν
296 2149 450 2184 ἢΠλάτωνα
459 2147 617 2183 διαλάμψαι,
628 2148 778 2183 λεγόμενοι,
793 2149 866 2181 ὅπως
877 2150 945 2185 πρὸς

163 2195 294 2231 ἀλλήλους
322 2194 494 2225 ἐστασίασαν,
513 2194 577 2229 παρ’
607 2193 687 2220 αὐτοῦ
705 2193 798 2229 μαθεῖν
824 2193 880 2221 ἔστί
898 2196 944 2222 τοῦ

164 2241 306 2272 Πλάτωνος
317 2249 323 2255 ·
344 2240 372 2271 ὂς
383 2240 414 2275 δὴ
426 2239 480 2266 τῶν
491 2239 562 2274 ἀμφὶ
581 2239 763 2274 Πρωταγόραν
771 2259 778 2271 ,
805 2239 945 2275 Ἡράκλει-

162 2287 209 2314 τόν
223 2295 252 2312 τε
278 2286 324 2312 καὶ
343 2285 533 2320 Ἐμπεδοκλέα,
548 2285 596 2320 τὴν
618 2285 685 2320 πρὸς
702 2286 882 2322 Παρμενίδην,
898 2287 945 2314 καὶ

969 321 992 349 Α

965 990 986 1017 Β

960 1661 981 1689 C

1317 319 1429 347 CAPUT
1447 319 1491 347 ΙΙΙ.

1040 364 1078 391 De
1092 373 1195 391 summa
1211 365 1382 392 Hebrazorum
1396 366 1548 400 dogmatum
1570 367 1745 393 consensione.

1043 409 1141 436 Veram
1157 409 1261 436 llebrmi
1280 410 1440 445 plenamque
1456 411 1554 445 pietate
1566 411 1761 445 philosophiam
1772 431 1780 443 ρ

1004 455 1038 482 ab
1059 456 1155 482 ultima
1176 463 1264 490 usque
1285 456 1433 489 memoria,
1452 464 1573 491 peneque
1596 465 1611 484 a
1632 458 1737 492 primo,
1752 462 1782 484 ut

1002 499 1040 526 ita
1058 499 1163 532 dicam,
1186 500 1327 527 hominum
1352 505 1429 533 ortu,
1453 501 1596 536 diligenter
1620 502 1781 537 penitusque

1003 547 1113 578 rimati,
1129 547 1251 574 eamdem
1276 547 1307 574 ad
1336 553 1458 582 posteros
1484 555 1578 574 sanam
1602 552 1630 574 et
1648 548 1780 583 integram

1001 593 1178 619 transmisere
1197 600 1203 618 :
1220 596 1300 626 atque
1317 593 1353 618 ita
1367 593 1476 626 quidem
1498 593 1568 619 hanc
1595 593 1716 621 veritatis
1730 594 1781 621 (ξος-

1004 639 1119 665 ctrinam
1134 647 1148 665 a
1168 639 1326 672 parentibus
1347 638 1441 670 liberi,
1455 640 1598 673 quemdam
1617 640 1694 674 quasi
1722 640 1780 667 the-

1003 691 1112 711 saurum
1128 684 1206 716 longa
1221 684 1391 711 successione
1405 690 1542 718 acceptum
1568 691 1779 720 conscrvarunt,

1002 734 1031 756 ut
1047 737 1106 763 qum
1119 730 1224 757 decreta
1239 730 1322 757 semel
1336 736 1362 757 et
1376 731 1523 758 constituta
1536 731 1659 763 fuerant,
1672 732 1705 759 iis
1729 739 1779 760 nec

1001 775 1098 802 addere
1112 776 1259 810 quidquam
1275 776 1335 803 ausi
1359 776 1427 807 sint,
1450 784 1500 804 nec
1521 777 1667 812 quidquam
1687 778 1778 805 detra-

1001 820 1074 847 here.
1104 821 1309 855 Sanc-quidem
1345 820 1433 849 Moses
1463 822 1507 849 ille
1544 823 1776 857 sapientissimus,

1001 866 1126 901 idemque
1137 867 1175 893 uti
1193 867 1293 894 Graecis
1309 867 1450 899 omnibus,
1464 869 1535 902 quod
1547 876 1579 895 ex
1593 869 1778 903 superioribus

998 911 1078 945 plane
1089 916 1211 944 constat,
1225 912 1362 946 antiquior
1372 932 1378 944 ,
1393 913 1429 939 ita
1443 912 1634 945 Hebraeorum,
1646 914 1692 949 qui
1715 921 1778 942 ante

1001 956 1088 991 ipsum
1102 957 1209 992 plurimi
1226 958 1366 991 vixerunt,
1382 962 1459 985 aetate
1485 963 1639 993 postremus
1652 981 1659 992 ,
1686 969 1718 987 ex
1745 961 1778 988 iis

997 1010 1059 1037 quae
1076 1011 1090 1029 a
1113 1003 1302 1030 vetustissimis
1331 1004 1453 1038 patribus
1468 1004 1501 1031 de
1520 1005 1677 1039 dogmaticre
1699 1006 1778 1033 theo-

1000 1048 1077 1083 logiae
1089 1049 1238 1075 rationibus
1264 1049 1366 1076 saneita
1385 1053 1480 1082 erant,
1506 1058 1614 1078 movere
1644 1051 1710 1078 nihil
1731 1056 1778 1079 aut

996 1099 1104 1121 mutare
1121 1096 1213 1122 statuit
1227 1105 1234 1123 :
1254 1100 1356 1123 tantum
1367 1096 1544 1130 popularibus
1559 1096 1613 1130 ipse
1628 1097 1685 1124 suis
1695 1118 1703 1130 ,
1717 1097 1777 1132 qui-

998 1140 1049 1168 bus
1066 1140 1232 1175 imperabat,
1251 1141 1414 1168 conveniens
1429 1149 1460 1168 ac
1483 1142 1620 1176 proprium
1640 1143 1776 1176 quoddam

999 1185 1059 1212 vitae
1075 1193 1176 1220 genus,
1193 1189 1220 1212 et
1234 1185 1379 1212 moderata:
1400 1186 1553 1220 reipublicae
1575 1186 1690 1214 formam
1713 1189 1778 1223 legi-

998 1231 1049 1258 bus
1071 1232 1236 1266 temperavit.
1253 1231 1330 1258 Hunc
1351 1232 1435 1259 secuti
1457 1233 1608 1267 prophetae,
1632 1234 1678 1268 qui
1702 1238 1775 1262 tanto

998 1281 1059 1311 post
1075 1285 1136 1304 eum
1153 1277 1293 1304 intervallo
1309 1279 1446 1310 claruere,
1466 1287 1498 1305 ne
1513 1280 1652 1307 minimam
1665 1281 1775 1315 quidem

997 1322 1120 1350 voculam
1138 1323 1244 1349 mittere
1263 1327 1326 1350 sunt
1341 1323 1414 1354 ausi,
1427 1331 1487 1357 qua:
1500 1324 1542 1350 vel
1559 1331 1574 1350 a
1590 1332 1618 1351 se
1635 1325 1710 1358 ipsis,
1733 1326 1775 1353 vel

998 1367 1031 1393 ab
1048 1366 1082 1394 iis
1097 1374 1158 1401 qua
1181 1366 1248 1393 Mosi
1267 1369 1430 1402 cmterisquc
1445 1367 1500 1395 Deo
1516 1368 1605 1396 charis
1621 1369 1775 1398 hominibus

997 1411 1174 1445 placuerant,
1202 1411 1294 1438 leviter
1320 1412 1472 1439 dissideret.
1501 1412 1593 1447 Neque
1620 1413 1774 1441 Christiana

997 1455 1117 1491 profecto
1132 1457 1256 1483 doctrina
1266 1477 1273 1489 ,
1288 1465 1348 1491 qua:
1364 1458 1457 1484 iisdem
1472 1458 1567 1485 hausta
1580 1466 1612 1485 ex
1633 1459 1752 1486 fontibus
1765 1480 1773 1492 ,

996 1502 1023 1529 vi
1036 1510 1147 1537 prorsus
1161 1502 1250 1530 divina
1265 1502 1372 1530 Graecos
1384 1503 1465 1530 simul
1485 1512 1577 1531 υιιιηρε
1592 1505 1775 1540 barbarosque

997 1550 1131 1584 pervasit,
1146 1549 1292 1583 quidquam
1305 1550 1383 1576 habet
1400 1557 1461 1576 cum
1475 1550 1646 1584 superiorum
1667 1551 1773 1577 illorum

997 1595 1076 1622 dictis
1102 1595 1260 1630 legibusque
1287 1603 1431 1630 pugnans:
1448 1595 1499 1622 nisi
1524 1597 1613 1630 potius
1629 1597 1774 1623 dicendum

998 1639 1062 1667 illud
1079 1640 1266 1673 sit,eamdem
1291 1640 1411 1674 penitus,
1433 1648 1514 1675 quam
1541 1641 1578 1667 illi
1605 1641 1678 1668 Mosc
1704 1642 1775 1669 anti-

997 1687 1106 1721 quiores
1126 1685 1249 1717 Hebraei,
1274 1685 1379 1720 Deoquc
1396 1687 1542 1720 gratissimi
1567 1690 1694 1720 tenuere,
1725 1678 1774 1714 nec

997 1732 1112 1759 decretis
1125 1731 1205 1758 modo
1220 1731 1374 1765 theologiae,
1389 1732 1435 1758 sed
1456 1732 1536 1758 etiam
1555 1733 1685 1759 institutis
1704 1741 1775 1760 eam-

997 1776 1058 1803 dem
1074 1784 1106 1804 ac
1124 1777 1263 1809 moribus,
1283 1776 1345 1803 vita:
1371 1776 1405 1803 ab
1431 1784 1461 1803 ea
1491 1776 1605 1804 formam
1629 1779 1774 1805 rationem-

997 1831 1049 1858 que
1069 1823 1218 1858 praescribi.
1236 1821 1301 1854 Quae
1325 1823 1432 1856 quidem
1444 1823 1577 1856 ejusmodi
1596 1827 1653 1857 est,
1668 1829 1697 1851 ut
1721 1832 1774 1852 una

998 1873 1051 1896 tam
1075 1869 1240 1903 primorum,
1269 1876 1350 1903 quam
1376 1868 1543 1901 mediorum,
1561 1877 1592 1896 ac
1615 1870 1775 1898 novissimo-

996 1924 1056 1943 rum
1081 1916 1212 1943 sententia
1230 1923 1350 1950 voceque
1378 1919 1492 1946 testata,
1520 1924 1590 1943 verte
1615 1917 1722 1951 pietatis
1748 1923 1775 1945 et

997 1953 1173 1997 philosophiae
1197 1962 1386 1988 certitudinem
1417 1969 1449 1988 ac
1480 1962 1634 1989 ﬁrmitatem
1658 1962 1772 1994 habeat,

996 2009 1129 2043 sulIragiis
1144 2009 1269 2036 omnibus
1285 2007 1480 2042 eonsignatam.
1497 2008 1584 2042 Atque
1609 2008 1653 2035 illa
1677 2009 1717 2036 sic
1730 2017 1775 2036 or~

996 2055 1057 2082 bem
1073 2055 1154 2090 ’120
1165 2055 1320 2082 universum
1337 2054 1447 2088 implet,
1460 2058 1490 2080 nt
1503 2054 1613 2088 perinde
1630 2062 1661 2081 ac
1677 2055 1700 2082 si
1712 2062 1775 2089 pau-

995 2101 1022 2128 lo
1033 2105 1096 2127 ante
1111 2104 1169 2127 sata
1184 2100 1301 2135 primum
1313 2120 1320 2132 ,
1339 2104 1419 2134 atque
1437 2099 1464 2125 in
1480 2099 1567 2125 lucem
1581 2099 1677 2126 educta
1690 2105 1772 2132 esset,

995 2146 1172 2174 adolescatin
1189 2145 1246 2172 dies
1257 2165 1264 2177 ,
1281 2149 1307 2171 et
1319 2143 1470 2171 etllorescat
1484 2144 1570 2178 magis
1584 2149 1665 2178 atque
1676 2145 1772 2180 magis.

994 2191 1049 2219 Nec
1062 2191 1116 2218 vim
1131 2190 1189 2226 ejus
1207 2194 1288 2224 atque
1302 2189 1482 2217 constantiam
1497 2189 1586 2224 legum
1600 2190 1772 2222 sanctiones,

996 2237 1168 2265 inimicorum
1186 2236 1310 2267 insidiae,
1337 2235 1454 2262 hostium
1481 2235 1578 2270 gladii,
1601 2243 1718 2270 quorum
1745 2235 1773 2262 in

995 2293 1044 2312 nos
1057 2284 1142 2311 aciem
1156 2288 1208 2310 tam
1222 2291 1292 2317 saepe
1310 2283 1456 2313 acuebant,
1466 2280 1589 2316 frangere
1605 2289 1724 2316 unquam
1742 2289 1774 2308 ac

162 2337 227 2364 τοὺς
246 2333 313 2367 ἀμφ’
338 2332 417 2358 αὑτὸν
436 2331 568 2366 διαμάχην
593 2331 736 2366 ἐξελέγχει.
770 2332 799 2358 '0
827 2332 875 2368 μὲν
892 2332 945 2369 γὰρ

997 2330 1135 2358 debilitare
1147 2333 1303 2364 potuerunt.
1328 2327 1404 2355 Nunc
1418 2335 1482 2355 vero
1502 2327 1656 2354 Grzecorum
1683 2328 1772 2362 philo-

163 2379 332 2413 Δημοκρίτου
348 2377 467 2411 γεγονὼς
492 2378 598 2412 ἑταῖρος
619 2378 633 2403 ὁ
649 2377 838 2413 Πρωταγόρας,
867 2378 945 2405 ἄθεον

161 2423 297 2458 ἐκτήσατο
324 2422 417 2455 δόξαν.
444 2422 559 2456 Λέγεται
587 2421 651 2455 γοῦν
681 2422 767 2457 τοιᾷδε
795 2423 944 2459 κεχρῆσθαι

162 2469 271 2505 εἰσϐολῇ
289 2471 317 2496 ὲν
329 2468 368 2504 τῷ
383 2467 452 2502 Περὶ
465 2467 540 2494 θεῶν
554 2467 764 2502 συγγράμματι·
781 2477 790 2493 ι
809 2469 875 2503 Περὶ
895 2469 943 2503 μὲν

164 2515 234 2542 θεῶν
248 2515 296 2542 οὐκ
306 2513 364 2541 οῐδα
377 2513 434 2540 οὔθ’
448 2513 485 2544 ὥς
501 2514 569 2539 εἰσιν
582 2533 588 2545 ,
607 2512 662 2539 οὗθ’
675 2513 712 2544 ὡς
723 2512 772 2540 οὔκ
788 2514 854 2540 εἰσιν
864 2535 870 2547 ,
885 2514 941 2540 οὔθ’

159 2562 250 2588 ὁποῖοί
264 2569 335 2592 τινες
351 2560 430 2587 ἰδέαν.
451 2568 460 2584 ι
484 2559 513 2584 Ὀ
534 2558 561 2584 δὲ
575 2558 757 2593 Δημόκριτος,
774 2558 860 2594 ἀρχάς
885 2559 941 2585 τῶν

163 2607 232 2634 ὅλων
256 2607 306 2642 ἔφη
324 2604 392 2633 εἶναι
407 2606 437 2631 τὸ
451 2604 527 2631 κενὸν
541 2604 587 2630 καὶ
602 2603 632 2629 τὸ
658 2603 760 2639 πλῆρες
770 2613 776 2619 ·
793 2605 823 2630 τὸ
840 2604 942 2640 πλῆρες

163 2653 194 2678 ὃν
206 2652 290 2685 λέγων
305 2652 350 2678 καὶ
363 2650 481 2686 στερεὸν,
490 2649 520 2675 τὸ
534 2649 561 2675 δὲ
572 2649 648 2675 κενὸν
662 2649 698 2684 μὴ
708 2649 746 2675 ὃν.
760 2649 804 2675 Διὸ
820 2648 865 2676 καί
877 2658 942 2685 φησι

165 2698 247 2733 μηδὲν
266 2697 362 2732 μᾶλλον
377 2696 407 2722 τὸ
431 2695 460 2722 ὂν
473 2695 518 2721 τοῦ
543 2695 578 2730 μὴ
591 2695 665 2726 6-110;
681 2692 763 2721 εἶναι·
794 2695 835 2722 ὃτι
857 2704 886 2721 τε
913 2695 942 2727 ἐξ

163 2741 250 2768 ἀϊδίου
263 2742 296 2767 τὰ
310 2742 372 2767 ὄντα
389 2743 417 2768 ὲν
433 2741 471 2776 τῷ
486 2740 555 2775 κενῷ
570 2740 686 2775 συνεχῶς
703 2741 748 2767 καὶ
761 2741 842 2774 ὀξέως
862 2743 942 2768 κινεῖ-

162 2795 218 2813 ται.
242 2787 270 2813 '0
282 2787 310 2812 δὲ
329 2786 502 2822 Ἡράκλειτος
514 2785 598 2821 ἀρχὴν
610 2786 662 2812 τῶν
678 2786 785 2812 πάντων
808 2786 860 2821 ἔφη
873 2783 940 2813 εἶναι

163 2832 194 2858 τὸ
212 2831 276 2866 πῦρ,
293 2830 323 2863 ἐξ
335 2828 365 2857 οὗ
373 2831 407 2857 τὰ
422 2831 509 2858 πάντα
523 2831 635 2865 γίνεται,
651 2832 697 2857 καὶ
707 2832 746 2862 είς
760 2831 774 2857 ὃ
786 2831 940 2858 ἀναλύεται.

171 2876 299 2911 ’Λμοιϐὴν
315 2875 368 2911 γὰρ
383 2874 449 2903 εἶναι
466 2876 498 2903 τὰ
513 2876 609 2907 πάντα,
622 2876 714 2911 χρόνον
728 2885 757 2903 τε
769 2876 883 2912 ὡρίσθαι
893 2876 942 2911 τῆς

997 2376 1107 2411 sophia,
1126 2380 1252 2410 tanquam
1276 2376 1302 2401 in
1316 2374 1443 2401 brevibus
1452 2373 1614 2408 quibusdam
1639 2373 1773 2401 ﬂuctuans

996 2425 1022 2448 et
1035 2421 1151 2456 agitata,
1170 2420 1242 2455 quod
1266 2420 1374 2447 tandem
1391 2420 1473 2446 robur
1496 2419 1658 2451 ostenderit,
1682 2420 1774 2446 videa-

996 2473 1068 2492 mus.
1081 2465 1121 2492 Ac
1134 2465 1260 2499 physicos
1275 2465 1350 2497 illos,
1371 2464 1410 2491 sic
1423 2464 1495 2491 enim
1520 2464 1585 2491 dicti
1612 2469 1692 2495 sunt,
1711 2469 1773 2492 ante

995 2512 1062 2539 alios
1078 2518 1173 2538 omnes
1186 2511 1256 2537 hanc
1267 2511 1295 2537 in
1309 2518 1419 2537 arenam
1434 2509 1625 2544 producamus.
1650 2510 1701 2542 Qui
1712 2511 1772 2545 qui-

995 2558 1055 2585 dem
1065 2578 1073 2590 ,
1084 2561 1115 2584 ut
1127 2556 1238 2583 Platone
1253 2557 1358 2591 priores
1368 2556 1494 2583 exstitere
1505 2575 1512 2587 ,
1528 2555 1564 2582 ita
1581 2563 1662 2590 quam
1679 2564 1770 2584 secum

996 2602 1046 2636 ipsi
1064 2606 1159 2628 mutuo
1173 2600 1370 2635 pugnaverint,
1382 2607 1415 2627 ex
1438 2601 1532 2627 eodem
1555 2599 1668 2628 Platone
1684 2602 1772 2630 disce-

996 2657 1057 2676 mus
1083 2659 1090 2676 :
1114 2649 1159 2683 qui
1186 2648 1354 2683 Protagora,
1381 2647 1508 2675 Heracliti
1538 2652 1565 2675 et
1585 2648 1770 2684 Empedoclis,

996 2703 1058 2722 cum
1072 2694 1231 2721 Parmenide
1242 2694 1356 2728 ejusque
1373 2693 1553 2721 sectatoribus
1568 2695 1771 2722 contentionem

995 2741 1140 2776 redarguit.
1154 2740 1221 2767 Nam
1237 2740 1400 2776 Protagoras
1416 2739 1525 2775 quidem
1536 2759 1544 2772 ,
1564 2740 1587 2767 is
1602 2741 1648 2774 qui
1674 2740 1772 2768 Demo-

995 2786 1055 2813 criti
1071 2786 1172 2813 sodalis
1193 2785 1260 2816 l'uit,
1275 2786 1346 2812 atltei
1372 2785 1498 2820 opinione
1525 2785 1670 2818 laboravit;
1694 2786 1772 2820 cujus

995 2831 1056 2862 hic,
1074 2831 1099 2857 in
1115 2838 1166 2858 suo
1180 2831 1218 2857 De
1234 2831 1284 2858 diis
1300 2838 1397 2866 opere,
1411 2831 1515 2865 primus
1530 2835 1572 2858 est
1588 2831 1661 2857 illam
1676 2831 1702 2857 in
1717 2831 1773 2858 dis-

996 2877 1162 2918 putationem
1178 2877 1316 2912 ingressus
1328 2887 1334 2905 :
1347 2885 1356 2902 ι
1370 2876 1446 2905 Diine
1459 2876 1529 2910 sint,
1547 2884 1581 2904 an
1597 2884 1660 2909 non,
1674 2878 1772 2911 inquit,
