2061 3210
311 163 377 190 “Si

630 161 761 188 EUSEBII
780 160 1017 188 CAESAHIENSIS
1037 160 1112 187 OPP.
1133 159 1222 187 PARS
1243 159 1274 188 ll.
1294 174 1328 182 -—
1346 160 1595 191 APOLOGETIL‘A.

1845 166 1916 195 “88

309 230 396 258 quave
409 222 494 250 forma
509 222 546 248 illi
557 222 620 253 sint,
636 221 760 255 equidem
775 221 876 248 nescio.
890 230 899 247 ι
914 220 1080 248 ῡοῐηοοι-ἰιυε

1135 221 1188 248 τῶν
1213 222 1320 249 πάντων
1342 224 1381 254 εἰς
1397 223 1427 250 τὺ
1440 224 1493 259 πῦρ
1509 225 1670 256 ἀναλύσεως,
1680 227 1725 252 καὶ
1737 226 1785 262 τῆς
1800 227 1834 253 ἐκ
1851 227 1916 254 τού-

309 275 397 296 autem
413 268 545 303 principia
557 275 647 294 rerum
663 267 853 294 universarum
871 266 925 294 duo
936 267 1082 298 statuebat,

309 312 390 338 inane
401 319 433 338 ac
444 311 568 345 plenum;
582 318 614 338 ac
631 310 739 345 plenum
757 310 865 345 quidem
878 330 886 343 ,
905 310 1007 344 aliquid
1025 318 1085 338 esse

307 358 413 386 dicebat
428 366 460 385 ac
471 358 604 390 solidum,
621 358 699 384 inane
720 365 784 384 vero
805 365 917 392 prorsus
941 365 1003 384 esse
1025 357 1085 383 nul-

307 404 373 431 lum.
387 404 478 438 Itaque
499 404 582 430 nihilo
597 404 700 438 magis,
720 403 792 438 quod
807 403 907 438 aliquid
919 407 978 434 est,
1002 411 1083 438 quam

305 450 379 485 quod
394 450 496 477 nullum
513 454 570 481 est.
587 457 648 477 esse
669 450 726 482 ait;
746 450 818 484 quod
841 457 874 477 ex
889 449 963 476 omni
979 449 1085 476 aeterni-

305 500 362 523 tate
373 503 458 531 ,tquae
471 496 572 530 aliquid
586 500 665 528 sunt,
683 495 710 522 in
727 503 760 523 eo
774 495 846 530 quod
859 495 938 522 inane
953 499 1010 526 est,
1024 502 1084 529 per-

304 548 388 579 petuo
414 544 608 579 celerrimeque
632 547 814 571 moverentur.
839 542 989 570 Heraclitus
1019 549 1083 568 vero

1135 275 1182 293 του
1197 267 1338 300 γενέσεως.
1357 269 1416 295 οἵδε
1431 270 1478 304 μὲν
1491 269 1536 297 οὖν
1552 271 1640 297 πάντα
1654 272 1786 299 κινεῖσθαι
1802 272 1916 307 ἔφασαν.

1142 311 1171 338 '0
1182 311 1210 338 δὲ
1226 313 1414 348 Παρμενίδης,
1430 315 1460 342 τὸ
1479 316 1555 350 γένος
1580 317 1706 352 Ἐλεάτης
1733 317 1784 349 ὢν,
1812 318 1842 345 ἒν
1865 319 1917 354 μὲν

1135 354 1205 384 εἶναι
1219 358 1250 384 τὸ
1267 360 1329 391 πᾶν,
1349 361 1492 396 ἀγέννητον
1507 362 1535 388 δὲ
1552 364 1598 389 καὶ
1622 363 1760 399 ἀκίνητον,
1776 365 1824 390 καὶ
1845 365 1916 391 κατό

1137 405 1228 440 σχῆμα
1243 407 1408 441 σφαιροειδὲς
1420 407 1549 443 ὑπάρχειν
1561 409 1729 443 ἐδογμάτιζε.
1745 411 1915 446 Παρμενίδου

1135 446 1163 476 δὲ
1177 451 1309 483 Μέλισσος
1324 453 1430 488 ἑταῖρος
1440 454 1543 487 γέγονε,
1557 455 1590 481 τὰ
1608 455 1677 481 αὐτὰ
1760 456 1915 492 Παρμενίδῃ

1136 496 1261 530 δοξάζων.
1276 500 1383 526 Τούτων
1397 501 1428 536 δὴ
1440 499 1486 528 οὖν
1502 502 1563 538 πέρι
1577 504 1654 529 ὁποῖα
1676 504 1691 529 ὁ
1709 504 1819 531 Πλάτων
1836 504 1865 530 ὲν
1877 504 1917 540 τῷ

1137 543 1282 577 Θεαιτήτῳ
1299 546 1432 579 διέξεισιν,
1449 548 1541 575 ἄκουε.

302 594 466 618 cunctorum
482 589 646 624 principium
661 588 749 623 ignem
773 595 834 615 esse
848 587 950 618 voluit,
977 594 1009 613 ex
1027 592 1082 620 quo
1110 585 1239 615 nimirum
1262 590 1352 617 omnia
1378 591 1459 625 liam,
1477 598 1503 619 et
1519 593 1546 619 in
1567 600 1645 628 quem
1662 593 1753 620 omnia
1772 593 1916 622 resolvan-

304 641 360 664 tur.
387 635 492 671 Quippe
515 635 726 663 vicissitudinem
750 634 894 669 quamdam
921 640 982 661 esse
1000 631 1107 664 omnia,
1128 637 1286 669 certumque
1322 642 1428 671 tempus
1450 639 1625 666 constitutum
1652 646 1733 671 esse,
1764 648 1819 674 quo
1839 645 1865 668 et
1887 640 1915 668 in

304 685 394 720 ignem
409 684 578 712 resolvantur
589 678 778 713 universa.et
790 689 886 709 rursus
904 689 938 708 ex
964 681 1024 715 igne
1049 678 1175 706 universa
1200 688 1371 716 generentur.
1392 684 1525 712 Caeterum
1557 686 1601 713 isti
1631 687 1718 713 omnia
1746 688 1848 714 moi-eri
1869 688 1915 715 de-

303 731 457 759 fendebant.
485 730 518 758 At
540 737 605 757 vero
622 729 813 762 Parmenides,
840 728 945 756 Eleates
974 733 1091 762 genere,
1129 733 1212 753 unum
1241 728 1306 763 quid
1321 730 1477 758 universum
1494 739 1555 759 esse
1575 732 1684 763 docuit,
1710 732 1836 767 idemque
1853 742 1914 762 ortu

303 777 384 805 simul
422 784 455 805 ac
470 781 547 804 motu
575 783 690 808 carens.
712 775 853 811 ﬁguraque
881 773 1054 810 sphaericum.
1083 771 1108 799 Is
1141 777 1300 802 sectatorem
1328 776 1465 804 Melissum
1495 778 1609 812 habuit,
1639 779 1666 806 in
1691 779 1783 807 eadem
1803 787 1915 814 prorsus

303 823 433 858 opinione
448 827 595 850 versatum.
613 821 651 850 De
664 822 707 849 his
717 822 844 849 omnibus
854 819 1083 857 quemadmodum
1102 817 1129 845 in
1142 818 1270 848 T/iewteto
1286 821 1362 850 Plato
1380 824 1525 858 loquatur,
1542 826 1616 852 audi.

599 869 714 898 CAPUT
744 869 788 897 IV.

302 926 528 960 Quemadmodum
562 927 707 956 superiores
748 926 914 960 philosophos
938 925 1017 952 Plato
1046 931 1085 950 re-

510 961 634 997 darguat.
653 961 694 988 Ea;
711 960 858 988 Theaeteto.

341 1017 351 1034 ι
364 1008 398 1036 Αι
405 1015 484 1041 vero,
498 1007 731 1042 inquitSocrates,
743 1008 806 1034 dum
816 1011 943 1042 aguntur,
953 1006 1016 1032 dum
1026 1011 1083 1031 mo-

302 1059 410 1088 ventur,
425 1054 489 1082 dum
504 1054 574 1081 inter
588 1061 649 1081 sese
665 1052 844 1088 721-723
855 1052 1082 1085 commiscentur,

302 1100 371 1128 ﬁunt
383 1101 518 1128 universa.
530 1099 597 1133 Quae
610 1099 723 1134 proinde
737 1107 796 1126 eum
813 1106 873 1126 esse
883 1098 998 1126 dicimus
1010 1119 1017 1131 ,
1032 1098 1084 1126 hac

302 1154 369 1174 voce
381 1154 522 1182 perperam
538 1145 687 1173 abutimur.
704 1144 776 1172 Nihil
795 1146 867 1172 enim
882 1152 1003 1180 unquam
1023 1148 1082 1176 est,

302 1193 349 1221 sed
365 1193 394 1220 iit
410 1196 550 1228 perpetuo.
574 1191 708 1220 Caeterum
733 1192 799 1220 illud
822 1196 928 1225 manet,
947 1191 1083 1226 sapientes

301 1239 427 1274 deinceps
441 1246 555 1270 omnes,
581 1238 604 1266 si
623 1237 810 1265 Parmenidem
838 1237 974 1271 excipias,
999 1237 1026 1263 in
1049 1243 1082 1263 eo

300 1285 479 1318 convenisse,
508 1284 701 1321 Protagoram,
738 1283 921 1316 Heraclitum,
949 1282 1081 1317 Empedo-

301 1331 387 1363 clem,
402 1338 435 1358 ac
453 1338 567 1366 poeseos
589 1330 731 1365 utriusque
760 1329 912 1364 principes,
941 1327 1082 1355 comoediae

300 1377 410 1409 quidem
426 1376 636 1412 Epicharmum,
666 1376 813 1404 Homerum
841 1383 906 1403 vero
932 1374 1080 1410 tragmdiae.

301 1422 410 1450 Homeri
426 1428 498 1450 certe
515 1423 580 1450 illud
592 1427 651 1456 est,

338 1481 470 1508 Oceanum
486 1481 584 1515 fontem
605 1488 692 1508 rerum
704 1499 711 1512 ,
736 1480 883 1516 Tethynque
901 1484 1044 1515 parentem.

1397 872 1592 898 ΚΕΦΑΛΔΙΟΝ
1610 874 1646 900 Δ⁷.

1133 923 1234 958 Ὅπως
1245 927 1262 952 ό
1283 926 1409 967 Πλάτων
1428 927 1509 967 τσὺς-
1519 928 1575 967 τρὸ
1594 930 1686 967 αὑτοῦ
1710 930 1911 967 διαϐέϐληκεν.

1367 962 1438 989 Ἀπὸ
1458 963 1511 990 τοῦ
1529 964 1684 1000 Θεαιτήτου.

1170 1015 1180 1031 ί
1201 1005 1248 1033 Ἐκ
1261 1007 1289 1034 δὲ
1300 1007 1331 1043 δὴ
1344 1009 1429 1044 φορᾶς
1447 1009 1500 1044 (96)
1517 1018 1546 1036 τε
1569 1012 1615 1038 καὶ
1629 1013 1769 1047 κινήσεως,
1782 1014 1827 1040 καὶ
1844 1015 1911 1050 κρά-

1133 1059 1200 1083 σεως
1214 1053 1282 1088 πρὸς
1299 1053 1410 1090 ἄλληλα,
1425 1055 1527 1089 γίνεται
1541 1056 1637 1090 πάντα,
1650 1057 1668 1084 ἃ
1678 1058 1710 1094 δή
1725 1067 1815 1094 φαμεν
1833 1058 1911 1093 εῖναι,

1132 1097 1182 1124 οὐκ
1192 1097 1278 1134 ὀρθῶς
1289 1101 1544 1136 προσαγορεύοντες.
1561 1103 1637 1129 Ἔστι
1654 1103 1702 1138 μὲν
1718 1104 1772 1140 γὰρ
1787 1105 1912 1133 οὐδέποτε

1131 1143 1217 1176 οὐδὲν,
1231 1145 1315 1171 ἀεὶδὲ
1327 1145 1440 1180 γίνεται.
1459 1147 1515 1174 Καὶ
1535 1148 1599 1183 περὶ
1614 1148 1706 1176 τούτου
1729 1151 1829 1183 πάντες
1851 1152 1914 1187 ἑξῆς

1132 1190 1156 1215 οἱ
1172 1190 1257 1224 σοφοὶ,
1273 1190 1341 1226 πλὴν
1357 1192 1535 1227 Παρμενίδου,
1550 1194 1752 1230 ξυμφερέσθων,
1766 1196 1909 1232 Πρωταγό-

1133 1243 1182 1270 ρας
1193 1243 1222 1261 τε
1252 1237 1297 1263 καὶ
1316 1236 1499 1272 Ἡράκλειτος,
1511 1239 1556 1264 καὶ
1574 1239 1756 1276 ’Ἐμπεδοκλῆς
1767 1262 1774 1272 ,
1793 1243 1841 1268 καὶ
1859 1243 1915 1269 τῶν

1132 1280 1249 1314 ποιητῶν
1273 1282 1297 1306 οἱ
1322 1281 1400 1316 ἄκροι
1417 1282 1463 1317 τῆς
1486 1284 1619 1318 ποιήσεως
1636 1286 1785 1321 ἑκατέρας·
1814 1296 1916 1323 κωμῳ-

1130 1325 1188 1356 δίας
1203 1326 1252 1361 μὲν
1270 1327 1451 1363 Ἐπίναρμος,
1465 1329 1617 1364 τραγῳδίας
1629 1331 1658 1357 δὲ
1674 1332 1794 1368 ’Όμηρος
1804 1341 1810 1348 ·
1827 1334 1915 1361 simini

1130 1372 1195 1408 γὰρ·

1165 1476 1303 1504 Ὠκεανόν
1318 1486 1349 1504 τε
1361 1476 1436 1504 θεῶν
1446 1476 1574 1513 γένεσιν,
1589 1480 1635 1506 καὶ
1644 1479 1756 1514 μητέμῑ
1770 1481 1875 1515 Τηθύν.

301 1537 378 1571 Quo,
394 1537 522 1565 ﬂuxionis
540 1545 571 1564 ac
588 1542 678 1565 motus
690 1538 815 1565 universa
831 1537 902 1565 fetus
914 1544 974 1564 esse
991 1536 1076 1572 signi-

1132 1532 1220 1559 Πάντα
1233 1533 1342 1569 εἴρηκεν
1353 1534 1451 1568 ἔγγονα
1465 1536 1529 1570 ῥοῆς
1543 1544 1573 1562 τε
1593 1537 1640 1563 καὶ
1663 1538 1804 1572 κινήσεως.
1826 1539 1861 1564 'H
1882 1540 1914 1564 οὺ

302 1583 375 1611 licat.
389 1582 459 1610 Num
471 1591 535 1610 vero
548 1583 617 1610 idem
637 1583 682 1610 tibi
698 1583 821 1610 videtur?
832 1599 866 1602 —
878 1582 990 1610 Videtur
1004 1590 1079 1610 sane.

300 1643 337 1650 —
353 1629 453 1664 Ecquis
467 1629 549 1664 igitur
562 1629 689 1664 deinceps
706 1629 790 1657 risum
804 1629 931 1664 eil'ugiat,
946 1628 992 1663 qui
1007 1633 1080 1656 tanto

301 1679 365 1700 cum
382 1673 520 1705 exercitu,
545 1674 657 1708 ipsoque
675 1673 790 1700 Ilomero
810 1673 878 1701 duce
897 1680 1017 1709 pugnare
1036 1681 1081 1700 re-

300 1719 350 1746 lit?
367 1729 377 1746 »
396 1719 460 1746 Inde
473 1719 581 1754 longius
591 1719 754 1754 disputando
771 1727 945 1754 progressus,
960 1719 1017 1746 hac
1032 1719 1081 1746 ha-

301 1765 367 1793 bet:
388 1775 396 1791 ι
415 1765 601 1793 Accedendum
625 1774 690 1801 ergo
716 1766 827 1801 propius
850 1771 908 1798 est,
932 1766 1036 1801 inquit.
1051 1770 1080 1793 ut

298 1810 410 1845 iubebat
430 1814 555 1844 suscepta
569 1809 722 1844 Protagorae
735 1809 858 1837 du-t'ensio
868 1830 875 1841 ,
893 1810 1080 1844 pulsandoque

301 1855 456 1890 diligentius
475 1855 792 1890 explorandum,utrum
819 1855 918 1890 agitata
945 1855 1001 1882 haec
1029 1863 1078 1881 na-

302 1905 363 1928 tura
376 1908 472 1928 sanum
487 1900 605 1936 aliquem
623 1908 722 1928 sonum
748 1908 781 1927 an
802 1901 928 1927 vitiosum
954 1901 1026 1928 edat.
1044 1902 1080 1928 lle

301 1947 347 1973 illa
367 1950 454 1978 certe,
475 1953 525 1973 nec
537 1946 658 1981 vulgaris
673 1951 730 1978 est,
747 1953 796 1972 nec
811 1953 826 1972 a
850 1946 944 1980 paucis
963 1946 1079 1973 excitata

300 1993 449 2020 contentio.
466 2008 500 2013 —-
514 1992 627 2020 Multum
645 1993 735 2020 hercle
757 1994 834 2021 abest
857 1997 886 2020 ut
912 1993 1030 2028 vulgaris
1047 2000 1078 2019 ea

301 2040 424 2074 sit-,quze
436 2039 507 2074 viget
523 2043 577 2066 tota
598 2039 698 2074 passim
725 2039 799 2066 Ionia
824 2040 979 2074 plurimum.
1000 2039 1080 2066 Hera-

300 2084 357 2111 cliti
377 2084 449 2111 enim
464 2089 610 2111 soctatores
635 2085 705 2112 hanc
727 2086 888 2112 sententiam
913 2085 1011 2112 acriter
1029 2085 1079 2112 ad—

299 2131 410 2158 modum
431 2135 594 2166 strvnneque
624 2131 730 2158 docent.
748 2147 781 2152 —-
798 2130 901 2163 Tanto,
922 2132 958 2158 mi
991 2131 1079 2158 Theo-

299 2176 383 2208 dore,
399 2174 542 2202 videndum
563 2175 596 2202 ab
616 2175 693 2201 initio
718 2176 819 2209 magis,
850 2176 1077 2210 quemadmodum

301 2222 358 2249 haec
370 2221 405 2248 ab
422 2221 455 2248 iis
466 2221 646 2255 disputentur.
660 2235 694 2240 -—
710 2219 827 2247 Omnino
839 2241 846 2251 ,
861 2221 958 2255 inquit.
977 2220 1079 2255 Opinor

299 2267 384 2299 enim,
398 2265 535 2298 Socrates,
554 2265 785 2293 antlleracliticos
801 2266 861 2293 illos
874 2286 881 2298 ,
904 2270 959 2298 aut,
983 2274 1079 2300 quem-

301 2311 447 2339 admodum
481 2316 536 2338 tute
575 2318 672 2342 vocas,
700 2310 875 2342 Homericos,
913 2316 995 2345 atque
1027 2312 1078 2338 illis

299 2358 382 2384 etiam
397 2357 559 2384 vetustiores
575 2357 712 2392 intelligis.
723 2355 790 2383 Nam
803 2364 865 2383 cum
884 2357 916 2383 iis
930 2362 1014 2388 certe,
1030 2357 1076 2391 qui

301 2404 374 2432 circa
390 2403 526 2438 Ephesum
550 2403 691 2436 habitant,
713 2411 745 2430 ac
771 2403 822 2430 sibi
849 2410 939 2430 rerum
964 2403 1077 2430 istarum

301 2448 443 2476 scientiam
457 2448 590 2483 praecipue
604 2447 756 2481 vindicant,
783 2447 868 2474 nihilo
893 2448 980 2483 magis
997 2456 1078 2482 quam

321 2523 472 2586 a(962181}th
497 2524 531 2551 δὲ
559 2524 597 2558 δὴ
625 2524 726 2559 φορᾶς.
761 2523 836 2551 Plato
870 2525 897 2550 in
929 2524 1078 2557 Theaeteto,

338 2567 364 2586 tl.
469 2578 476 2586 .

302 2566 567 2661 pa§é7illlgploottéor
579 2592 645 2622 οὖν.
659 2595 698 2622 Id.
720 2595 784 2621 ibid.

351 2628 395 2661 98)
414 2629 482 2655 Εἴτε
505 2629 595 2661 ὑγιές.
615 2629 651 2657 Ita
667 2630 785 2657 Platonis
803 2638 834 2657 ex
861 2629 938 2661 genio
960 2629 1032 2657 Persi

303 2628 395 2698 “fill-3a)
410 2629 482 2690 ξξτε
505 2629 595 2664 ὑγιές.
615 2629 651 2657 Ita
667 2630 785 2657 Platonis
803 2638 834 2657 ex
861 2629 938 2664 genio
960 2629 1078 2663 Persius,

450 2708 530 2745 Sonat
545 2711 637 2736 vitium
650 2719 783 2745 percussa,
801 2710 913 2745 maligne

375 2743 519 2777 Respondet
533 2745 609 2772 viridi
622 2743 672 2772 non
692 2752 764 2773 cocta
778 2743 874 2780 ﬁdeliai
883 2745 955 2773 limo.

339 2787 372 2813 Et
386 2792 474 2822 satyro
490 2789 506 2814 5
519 2797 525 2812 :

445 2832 536 2869 Pulsa,
552 2835 700 2869 dignoscere
713 2843 806 2865 (autut

373 2868 443 2896 Ouid
457 2867 569 2895 solidum
581 2867 678 2897 'crenel.

1130 1577 1203 1604 δοκεῖ
1214 1577 1292 1604 τοῦτο
1315 1578 1402 1612 λέγειν
1415 1587 1421 1611 ;
1435 1593 1469 1598 ——
1482 1580 1561 1615 Ἔμοι
1577 1589 1618 1614 γε.
1628 1595 1660 1599 -
1670 1581 1717 1612 Τὶς
1741 1579 1786 1607 οὖν
1810 1582 1844 1608 ἂν
1872 1582 1915 1608 ἔτι

1132 1623 1200 1658 πρός
1213 1632 1243 1657 γε
1259 1623 1383 1650 τοσοῦτον
1401 1625 1578 1659 στρατόπεδον
1590 1625 1636 1652 καὶ¹
1657 1627 1808 1661 στρατηγὸν
1822 1627 1914 1662 Ὅμη-

1132 1677 1177 1704 ρον
1200 1668 1306 1695 δύναιτο
1321 1669 1531 1704 ἀμφισϐητήσας
1556 1669 1592 1706 μὴ
1608 1671 1808 1705 καταγέλαστος
1834 1673 1914 1706 γενέ-

1131 1714 1210 1746 σθαι;
1226 1724 1234 1739 ι
1254 1712 1309 1740 Εἴθ’
1326 1713 1388 1749 ἑξῆς
1401 1715 1502 1750 προῖὼν
1516 1715 1554 1750 τῷ
1570 1715 1649 1752 λόγῳ,
1663 1717 1787 1752 ἐπιφέρει
1805 1718 1913 1752 λέγων’

1133 1769 1142 1786 ‹
1158 1761 1300 1796 Προσιτέον
1311 1759 1358 1788 οὖν
1373 1761 1428 1797 (97)
1439 1762 1587 1798 ἐγγυτέρω,
1601 1762 1638 1794 ὡς
1653 1763 1667 1789 ό
1684 1764 1752 1798 ὑπὲρ
1765 1764 1915 1799 Πρωταγὸ-

1131 1815 1177 1842 ρου
1197 1806 1273 1840 λόγος
1299 1807 1428 1834 ἐπέταττε
1442 1828 1450 1840 ,
1467 1808 1513 1834 καὶ
1530 1809 1659 1834 σκεπτέον
1682 1808 1731 1843 τὴν
1757 1809 1914 1846 φερομένην

1129 1852 1229 1887 ταύτην
1245 1852 1338 1878 οὐσίαν
1357 1851 1549 1888 διακρούοντα,
1581 1853 1636 1879 εἴτε
1659 1854 1732 1887 ὑγιὲς
1749 1853 1823 1888 (98),
1857 1855 1912 1881 εἴτε

1131 1899 1228 1934 σαθρὸν
1242 1899 1397 1934 φθέγγεται.
1411 1900 1492 1934 Μάχη
1508 1900 1530 1926 δ’
1540 1897 1585 1926 οὖν
1597 1901 1660 1935 περὶ
1668 1900 1752 1935 αὐτῆς
1763 1901 1793 1927 οὑ
1809 1901 1912 1936 φαύλη,

1129 1946 1182 1972 οὐδ’
1197 1945 1298 1980 ὀλίγοις
1319 1945 1422 1980 γέγονε.
1449 1961 1483 1966 -
1496 1945 1596 1972 Πολλοῦ
1613 1947 1658 1972 καὶ
1671 1947 1710 1972 δεῖ
1724 1947 1813 1982 φαύλη
1830 1945 1911 1978 εἶναι,

1130 1992 1196 2018 ἀλλὰ
1218 1992 1281 2028 περὶ
1299 1992 1347 2027 μὲν
1360 1992 1408 2027 τὴν
1430 1991 1532 2018 Ἰωνίαν
1549 1993 1594 2018 καὶ
1609 1992 1746 2019 ἐπιδίδωσι
1767 1993 1910 2029 πάμπολυ.

1130 2038 1160 2064 οἱ
1175 2038 1228 2073 γὰρ
1251 2038 1298 2064 τοῦ
1320 2037 1495 2073 Ἡρακλείτου)
1519 2039 1619 2074 ἑταῖροι
1646 2039 1791 2074 χορηγοῦσι
1815 2040 1912 2067 τούτου

1130 2082 1174 2109 τοῦ
1191 2082 1268 2116 λόγου
1283 2082 1337 2117 (99)
1355 2083 1426 2117 μάλα
1441 2084 1610 2119 ἐρρωμένως.
1628 2099 1660 2103 ——
1675 2085 1719 2119 Τῷ
1737 2094 1794 2116 τοι,
1812 2083 1836 2112 ὧ
1851 2086 1911 2119 ἐἷλε

1129 2127 1258 2163 Θεόδωρε,
1272 2128 1370 2162 μᾶλλον
1383 2129 1512 2154 σκεπτέον
1522 2129 1568 2155 καὶ
1579 2129 1608 2161 ἐξ
1620 2129 1715 2164 ἀρχῆς,
1727 2129 1820 2165 ὥσπερ
1836 2131 1913 2157 αὐτοὶ

1131 2174 1320 2200 ὑποτείνονται.
1336 2188 1371 2193 --
1384 2174 1540 2200 Παντάπασι
1570 2174 1617 2209 μὲν
1644 2173 1700 2201 οὖν.
1719 2176 1772 2201 Καὶ
1800 2176 1871 2212 γὰρ,
1889 2174 1912 2202 ὦ

1131 2218 1281 2254 Σώκρατες,
1295 2219 1358 2254 περὶ
1372 2219 1473 2246 τούτων
1486 2219 1539 2245 τῶν
1560 2220 1775 2256 Ἡρακλειτείων,
1787 2222 1803 2257 ἦ
1816 2222 1912 2258 ὥσπερ

1132 2265 1164 2290 σὺ
1179 2264 1277 2298 λέγεις,
1299 2264 1449 2300 Ὁμηρείων
1462 2273 1506 2296 τε,
1524 2266 1570 2292 καὶ
1591 2266 1630 2291 ἔτι
1651 2266 1846 2301 παλαιοτέρων,
1862 2269 1912 2294 αὐ-

1131 2312 1186 2342 τοῖς
1205 2310 1254 2346 μὲν
1269 2311 1325 2341 τοῖς
1341 2310 1404 2346 περὶ
1420 2311 1468 2346 τὴν
1485 2311 1613 2344 Ἔφεσον,
1625 2312 1681 2338 ὅσοι
1702 2313 1912 2348 προσποιοῦνται

1131 2356 1256 2392 ἔμπειροι
1269 2354 1348 2387 εἶναι,
1365 2357 1439 2383 οὐδὲν
1451 2357 1549 2392 μᾶλλον
1561 2354 1615 2384 οἷον
1632 2366 1661 2384 τε
1675 2358 1711 2393 (I)
1728 2359 1912 2396 διαλεχθῆναι,

1131 2403 1148 2438 ἢ
1163 2405 1217 2434 τοῖς
1234 2403 1384 2438 οἱστρῶτιν.
1420 2403 1549 2438 ’Δτεχνῶς
1564 2403 1617 2439 γὰρ
1630 2404 1698 2430 κατὰ
1721 2405 1754 2431 τὰ
1770 2407 1913 2441 συγγράμς

1133 2458 1206 2485 ματα
1215 2449 1258 2484 *(2)
1274 2449 1415 2484 φέρονται·
1432 2449 1463 2475 τὸ
1485 2449 1513 2475 δὲ
1540 2450 1674 2485 ἐπιμεῖναι
1691 2450 1736 2476 ἐπὶ
1765 2451 1837 2486 λόγῳ
1863 2454 1912 2480 καὶ

1168 2526 1223 2565 (99)
1252 2527 1415 2565 Χορηγοῦσι
1439 2529 1544 2565 τούτου
1569 2528 1621 2554 τοῦ
1646 2529 1746 2562 λόγου,
1775 2531 1912 2565 Χορηγεῖν

1133 2562 1237 2593 isthuc,
1254 2562 1359 2596 opinor,
1376 2563 1586 2597 metaphoricum
1602 2568 1643 2589 est
1655 2583 1661 2593 ,
1677 2565 1737 2590 ἀντὶ
1757 2565 1805 2591 τοῦ
1817 2562 1911 2593 '6'th-

1133 2605 1227 2633 σχειν.
1246 2596 1422 2633 Communius
1441 2603 1513 2625 esset
1531 2597 1710 2633 παραδοῦναι,
1736 2605 1766 2626 ut
1788 2600 1910 2632 Latinus.

1133 2631 1253 2668 tradere;
1268 2631 1314 2658 sed
1330 2632 1468 2668 hominum
1486 2633 1535 2660 hoc
1552 2631 1577 2659 in
1590 2633 1719 2668 doctrinas
1730 2642 1829 2668 genere
1844 2636 1911 2662 lilia-

1133 2667 1266 2693 rnlitatem
1280 2672 1306 2693 et
1322 2667 1449 2700 ἀφθονίαν
1461 2668 1577 2695 indicare
1593 2668 1685 2695 voluit.
1697 2667 1744 2695 Esi
1758 2675 1848 2697 autem
1862 2671 1911 2697 τοῦ

1133 2702 1211 2734 λόγου
1224 2701 1352 2734 Atticum,
1371 2706 1398 2727 ut
1412 2702 1468 2735 jam
1483 2708 1544 2728 ante
1560 2703 1662 2729 monui.

1169 2736 1205 2771 (l)
1227 2735 1320 2762 Οὐδὲν
1340 2736 1459 2770 μᾶλλον
1473 2735 1536 2764 οἶόν
1553 2746 1594 2764 τε.
1609 2737 1676 2765 Vera
1698 2739 1779 2766 lectio
1796 2746 1829 2766 ex
1851 2739 1904 2766 Pla-

1134 2777 1197 2809 tone
1215 2773 1354 2809 restituta.»
1375 2780 1436 2809 curn
1460 2777 1521 2799 ante
1542 2773 1749 2801 nicndosissinie
1777 2774 1910 2809 legeretur

1134 2806 1208 2832 οὐδὲν
1224 2806 1276 2840 γὰρ
1294 2807 1391 2840 μᾶλλον
1407 2807 1515 2833 οἴονται.

1171 2841 1208 2878 ('2)
1226 2841 1305 2878 Κατξι
1324 2842 1359 2868 τὰ
1375 2849 1480 2876 συγῃο.
1501 2841 1586 2877 Plato,
1601 2844 1646 2870 καὶ
1663 2843 1695 2870 τὰ
1710 2852 1808 2878 συγγρ.
1826 2843 1909 2872 Euso

1132 2877 1176 2904 bio
1192 2876 1345 2904 herendum
1360 2879 1460 2907 putavi.
