2061 3210
162 170 231 198 1189

699 165 860 194 ΡΒᾹΞΡΑΒ.
881 166 1005 195 EVANG.
1026 167 1090 195 LIB.
1109 167 1178 195 XIV.

1693 169 1761 197 H90

147 230 315 265 ιρωτήματι,
342 228 387 257 καὶ
400 227 507 264 ἡσύχως
529 227 557 255 ὲν
573 227 648 264 μέρει
675 227 874 264 ἀποκρίνασθαί
896 237 925 255 τε

978 236 1039 256 cum
1057 228 1161 256 insanis
1175 235 1207 256 ac
1230 227 1342 256 furiosis
1364 229 1530 263 colloquare.
1553 229 1668 257 Prorsus
1687 230 1760 257 enim

147 277 195 304 καὶ
208 276 325 312 ἐρέσθαι,
343 274 423 312 ἦττον
437 276 528 307 αὐτοῖς
537 275 576 301 ἔνι
591 275 608 310 ἢ
623 275 653 301 τὸ
669 275 766 311 μηδένι
791 275 890 310 μᾶλλον
903 275 930 302 δὲ

147 321 312 358 ὑπερϐάλλει
325 321 355 348 τὸ
371 322 424 348 οὐδ’
443 321 516 348 οὐδὲν
533 321 600 356 πρὸς
622 321 652 347 τὸ
675 321 740 356 μηδὲ
764 321 878 356 σμικρὸν
892 321 930 356 (5)

147 369 247 395 ἐνεῖναι
259 369 314 399 τοῖς
331 367 457 403 ἀνδράσιν
473 367 587 403 ἡσυχίας
600 375 607 382 ·
624 366 680 393 ἀλλ’
700 366 733 393 ἄν
743 367 804 393 τινά
819 375 844 394 τι
861 366 910 402 ἔρῃ
921 386 930 400 ,

146 413 242 450 ὥσπερ
256 414 288 440 ὲκ
311 414 448 449 φαρέτρας
472 413 638 448 ρηματίσκισ
669 411 855 448 αἰνιγματώδη
882 413 929 439 ἀν-

147 461 290 491 ασπῶντες
306 459 494 492 ἀποτοξεύουσι
506 469 513 476 ο
529 459 574 486 καὶ
590 459 622 486 ἂν
636 458 729 485 τούτου
749 458 832 493 ζητῇς
853 458 930 492 λόγον

147 505 250 536 λαϐεῖν,
264 506 289 531 τί
314 506 422 540 εἴρηκεν
432 526 439 538 ,
461 505 545 540 ἑτέρῳ
562 504 685 540 πεπλήξῃ
701 504 799 536 καινῶς
815 512 930 539 μετωνο-

149 552 294 587 μασμένῳ·
315 553 439 588 περανεῖς
460 551 487 578 δὲ
504 551 629 578 οὐδέποτε
649 551 724 577 οὐδὲν
747 550 815 587 πρὸς
834 551 930 577 οὐδένα

146 596 251 622 αὐτῶν·
264 596 323 622 οὐδέ
334 605 366 630 γε
382 597 478 622 ἐκεῖνοι
493 596 569 622 αὐτοὶ
586 595 653 631 πρὸς
667 595 805 631 ἀλλήλους,
827 595 882 622 ἀλλ’
899 593 928 622 εὖ

147 641 218 668 πάνυ
234 641 395 675 φυλάττουσι
403 641 432 667 τὸ
446 641 526 676 μηδὲν
539 640 644 675 βέϐαιον
661 641 707 675 ὲᾷν
723 638 800 671 εἶναι,
819 639 881 674 μήτ’
900 639 929 665 ὲν

146 685 229 720 λόγῳ,
242 685 303 721 μήτ’
313 687 342 712 ὲν
353 687 412 717 ταῖς
426 685 515 711 αὐτῶν
527 685 636 720 ψυχαῖς,
650 684 804 720 ἡγούμενοι,
821 684 858 716 ὡς
869 683 929 719 ὲμοὶ

144 732 229 762 δοκεῖ,
241 731 306 758 αὐτὸ
317 732 446 766 στάσιμον
456 729 532 758 εἶναι.
548 731 640 767 Τούτῳ
652 731 679 758 δὲ
689 731 759 758 πάνυ
771 730 926 765 πολεμοῦσι,

146 777 195 805 καὶ
207 777 267 804 καθ’
285 777 345 804 ὅσον
362 776 498 809 δύνανται,
515 776 681 812 πανταχόθεν
693 776 877 803 ἐκϐάλλουσιν.
893 789 928 794 ——-

148 821 269 856 Ἶσως,ὧ
282 823 411 859 Θεόδωρε,
423 824 485 855 τοὺς
498 823 597 858 ἄνδρας
613 823 781 859 μαχομένους
794 822 926 858 ἑώρακας.
947 852 956 865 ι

144 869 317 905 εἰρηνεύουσι
340 869 368 896 δὲ
381 870 411 896 οὐ
433 869 611 904 συγγέγονας·
638 870 668 895 οὐ
688 869 742 905 γάρ
766 877 806 895 σοι
826 868 927 903 ἑταῖροί

983 274 1037 306 illi,
1049 281 1082 301 eo
1094 281 1174 309 quem
1187 274 1246 301 suis
1261 274 1288 301 in
1309 274 1418 309 scriptis
1436 279 1574 309 tantopere
1597 275 1759 308 ostendunt,

980 319 1084 354 impetu
1102 320 1255 354 rapiuntur.
1280 318 1336 347 Nec
1351 320 1423 347 aliud
1439 321 1587 355 quidquam
1607 325 1664 355 est,
1686 322 1760 356 quod

980 370 1074 397 parum
1093 363 1160 390 adeo
1174 364 1294 397 possint,
1313 371 1396 398 quam
1416 364 1473 390 suis
1492 363 1520 390 in
1545 365 1716 392 sermonibus
1733 369 1762 393 et

980 409 1175 444 qmeslionibus
1201 409 1335 436 sustinere
1357 410 1481 438 nonnihil
1508 418 1586 442 sese,
1611 419 1643 438 ac
1667 415 1761 446 pacate

980 455 1061 482 modo
1076 456 1259 490 interrogare,
1278 456 1360 484 modo
1372 456 1537 491 respondere
1552 457 1672 484 vicissim
1685 467 1692 484 :
1706 457 1761 484 imo

979 499 1020 526 vel
1037 499 1126 526 isthuc
1142 499 1246 535 ipsum,
1265 501 1336 535 quod
1359 501 1492 532 dicimus,
1511 500 1583 528 aliud
1613 501 1760 536 quidquam

979 553 1040 572 esse
1056 539 1140 577 nihil,
1162 546 1274 573 nimium
1291 547 1420 582 quiddam
1437 552 1498 580 est,
1517 555 1598 582 quam
1621 552 1651 575 ut
1673 549 1740 575 satis
1752 569 1760 580 ,

979 598 1013 617 ne
1025 591 1156 618 tantillum
1168 592 1276 626 quidem
1290 599 1373 627 genus
1401 593 1453 620 hoc
1479 593 1619 620 hominum
1638 594 1762 621 modera-

980 637 1062 664 tionis
1079 637 1176 664 habere
1202 638 1344 672 signiﬁcet.
1362 637 1506 666 Enimvero
1521 639 1544 666 si
1568 639 1632 674 quid
1659 647 1692 666 ex
1721 639 1755 666 iis

979 689 1099 716 quaeras,
1117 682 1188 709 illico
1201 687 1329 718 tanquam
1342 691 1373 710 ex
1396 684 1521 718 pharetra
1534 703 1541 716 ,
1559 685 1671 712 voculas
1684 685 1762 720 jacu-

979 728 1029 755 lari
1044 729 1218 763 aenigmatum
1235 729 1447 763 persimiles:ae
1464 730 1488 757 si
1502 731 1544 757 vel
1569 731 1650 758 unius
1678 731 1761 758 ratio-

979 781 1040 801 nem
1054 774 1164 808 exigas,
1180 782 1241 809 quae
1251 774 1316 801 dicti
1329 776 1382 802 vim
1400 783 1432 803 ac
1447 783 1556 803 sensum
1571 777 1685 811 aperiat.
1707 777 1761 806 alia

979 823 1005 846 te
1021 827 1116 847 rursus
1133 824 1239 854 petere,
1251 827 1331 855 quam
1349 827 1451 847 novum
1470 820 1572 855 pariter
1587 822 1762 858 metonymia

979 873 1063 900 genus
1080 866 1215 893 obscuret.
1233 865 1271 894 Ita
1292 866 1358 893 nihil
1370 875 1489 902 unquam
1502 871 1548 894 aut
1565 872 1621 895 tute
1634 869 1706 904 apud
1719 869 1760 897 is-

145 901 227 942 είσιν.
249 915 329 947 Ἀλλ’,
346 913 439 950 οἶμαι,
513 901 622 941 τοιαῦτα
638 901 699 946 τοῖς.
721 901 854 949 μαθηταῖς
880 901 925 940 ἐπὶ

978 916 1020 939 tos
1041 911 1145 940 efﬁcias
1160 932 1168 945 ,
1198 916 1245 940 aut
1273 912 1383 947 ipsimet
1400 913 1470 941 inter
1498 921 1528 941 se
1545 923 1552 941 :
1571 901 1706 949 siquidem
1733 915 1761 943 id

146 960 245 996 σχολῆς
258 959 414 996 φράζουσιν,
430 960 476 992 οὓς
495 960 527 986 ἂν
542 959 689 994 βούλωνται
710 960 818 994 ὁμοίους
838 960 928 990 αὐτοῖς

144 1006 267 1042 ποιῆσαι.
279 1021 313 1027 -
330 1006 419 1037 Ποίοις
438 1006 582 1041 μαθηταῖς,
599 1002 622 1032 ὧ
635 1005 771 1040 δαιμόνιε;
793 1004 859 1031 Οὐδὲ
882 1004 926 1038 γί-

144 1061 239 1087 γνεται
267 1052 319 1079 τῶν
340 1052 466 1079 τοιούτων
483 1051 575 1086 ἕτερος
591 1052 682 1086 ἐτέρου
701 1050 823 1086 μαθητὴς
835 1070 841 1082 ,
868 1050 926 1076 ἀλλ’

145 1100 292 1135 αὐτόματοι
304 1099 475 1134 ἀναφύονται,
490 1097 585 1124 ὁπόθεν
601 1097 633 1124 ἂν
649 1097 727 1133 τύχῃ,
751 1097 864 1128 ἕκαστος
879 1096 927 1123 αὑ-

143 1146 201 1181 τῷν
216 1146 400 1177 ἐνθουσιάσας,
412 1145 459 1172 καὶ
471 1145 515 1172 τὸν
529 1145 620 1180 ἕτερον
634 1145 648 1170 ό
660 1144 750 1179 ἕτερος
761 1142 836 1170 οὐδὲν
853 1143 927 1178 ἠγεῖ-

142 1201 191 1220 ται
207 1191 314 1219 ειδέναι.
338 1191 416 1227 Παρὰ
430 1191 478 1226 μὲν
502 1188 548 1217 οὖν
566 1189 677 1220 τούτων,
693 1189 761 1225 ὅπερ
784 1186 821 1225 ᾗα
844 1187 924 1224 ὲρῶν,

142 1239 196 1266 οὐκ
211 1238 243 1266 ἄν
261 1246 325 1265 ποτε
338 1237 429 1268 λάϐοις
445 1235 602 1270 λόγον,οῦτε
623 1235 751 1266 ἑκόντων,
765 1233 826 1260 οὔτε
845 1233 925 1260 ἀκόν-

141 1292 200 1311 των
209 1291 217 1299 ’
231 1283 328 1314 αὐτοὺς
342 1282 370 1309 δὲ
382 1282 422 1308 δεῖ
437 1281 641 1317 παραλαϐόντας
665 1280 759 1316 ὥσπερ
781 1279 924 1315 πρόϐλημα

145 1329 362 1356 ἐπισκοπεῖσθαι.
377 1342 412 1347 -
427 1328 481 1354 Καὶ
498 1327 614 1363 μετρίως
628 1335 659 1360 γε
677 1326 774 1360 λέγεις.
792 1325 828 1352 Τὸ
850 1325 878 1351 δὲ
892 1324 924 1360 δὴ

144 1375 291 1412 πρόϐλημα
313 1374 377 1401 ἄλλο
389 1382 415 1400 τι
439 1373 660 1409 παρειλήφαμεν,
677 1372 693 1408 ἢ
709 1370 783 1407 παρὰ
801 1371 848 1406 μὲν
871 1370 924 1396 τῶν

143 1422 265 1456 ἀρχαίων
279 1421 346 1456 μετὰ
361 1420 494 1456 ποιήσεως
509 1418 748 1453 ὲπικρυπτομένων
770 1417 834 1449 τοὺς
859 1416 923 1443 πολ-

143 1466 217 1498 λοὺς,
232 1465 270 1497 ὡς
288 1467 304 1501 ἡ
319 1465 424 1499 γένεσις
447 1464 500 1490 τῶν
517 1464 639 1495 πάντων,
671 1462 796 1493 Ὠκεανός
822 1470 851 1489 τε
877 1461 924 1488 καὶ

144 1511 246 1547 Τηθὺς,
262 1511 348 1547 ῥεῦμα
359 1510 495 1546 τυγχάνει,
514 1510 560 1536 καὶ
575 1509 650 1536 οὐδὲν
667 1509 780 1544 ἕστηκε·
801 1507 876 1543 παρὰ
893 1507 923 1534 δὲ

141 1559 199 1586 τῶν
212 1559 342 1595 ὑστέρων,
358 1558 404 1585 an
418 1557 586 1593 σοφωτέρων,
605 1555 754 1590 ἀναφανδὸν
769 1555 922 1581 ἀποδεικνυ-
935 1569 957 1599 c

145 1604 245 1639 μένων,
259 1604 302 1630 ἵνα
319 1604 365 1630 καὶ
380 1603 404 1629 οἱ
416 1602 573 1637 σκυτοτόμοι
588 1601 677 1627 αὐτῶν
689 1600 738 1635 τὴν
760 1599 854 1634 σοφίαν
872 1599 923 1634 μά-

143 1649 227 1676 θωσιν
245 1648 424 1680 ἀκούσαντες,
444 1647 490 1674 καὶ
507 1646 663 1673 παύσωνται
677 1645 786 1680 ἠλιθίως
807 1645 922 1680 οἰόμενοι

142 1694 180 1720 τὰ
198 1694 245 1729 μὲν
263 1694 382 1725 ἑστάναι,
395 1693 466 1720 τὰδὲ
480 1691 610 1719 κινεῖσθαι
631 1691 683 1718 τῶν
701 1691 799 1717 όντων·
824 1690 923 1726 μαθόν-

140 1748 189 1771 τες
202 1739 240 1772 δὲ,
254 1740 294 1766 ὅτι
306 1740 394 1766 πάντα
408 1740 531 1771 κινεῖται,
547 1737 662 1773 τιμῶσιν
681 1736 793 1769 αὐτούς
819 1736 922 1771 Ὀλίγου

140 1783 172 1811 δὲ
185 1784 373 1820 ἐπελαθόμην,
397 1781 420 1810 ὦ
438 1783 565 1819 Θεόδωρε,
582 1783 622 1809 ὅτι
645 1782 718 1810 ἄλλοι
741 1780 774 1808 αὖ
797 1781 922 1808 τάναντία

976 958 1050 984 omni
1063 963 1158 985 cavent
1174 958 1264 986 studio
1277 978 1284 990 ,
1300 958 1413 986 ncﬁrmi
1428 959 1576 994 quidquam
1600 961 1643 987 vel
1661 961 1688 988 in
1703 960 1761 988 dis-

976 1003 1132 1038 putatione,
1149 1003 1191 1030 vel
1205 1003 1262 1031 suis
1277 1004 1397 1038 ipsorum
1426 1004 1453 1030 in
1472 1005 1627 1037 mentibus,
1654 1005 1759 1034 haerere

975 1049 1130 1083 patiantur;
1153 1049 1220 1082 rati,
1237 1050 1334 1084 opinor
1348 1070 1356 1083 ,
1373 1049 1424 1077 hoc
1441 1050 1529 1084 ipsum
1547 1058 1607 1078 esse
1622 1050 1759 1080 ﬁrmitatis

975 1099 1057 1129 atque
1073 1095 1242 1122 constantia.
1256 1094 1347 1128 Quare
1361 1095 1427 1122 illud
1453 1095 1564 1123 assiduo
1591 1103 1759 1130 persequun-

975 1145 1020 1168 tur
1031 1141 1118 1173 bello,
1143 1145 1169 1168 et
1185 1141 1305 1176 undique
1323 1140 1405 1176 724
1427 1146 1557 1176 quantum
1574 1141 1602 1168 in
1620 1141 1686 1176 ipsis
1697 1146 1757 1175 est,

975 1186 1256 1214 exterminant.—Tu
1271 1194 1335 1214 vero
1350 1186 1475 1220 fortasse,
1489 1187 1526 1214 mi
1538 1186 1690 1220 Theodore,
1708 1188 1757 1215 ho-

975 1231 1062 1259 mines
1077 1236 1181 1259 lantum
1196 1231 1286 1259 vidisti
1304 1231 1367 1259 dum
1381 1237 1549 1266 pugnarent,
1565 1232 1630 1260 dum
1644 1232 1671 1260 in
1691 1241 1758 1268 pace

974 1277 1091 1311 degunt,
1107 1277 1259 1305 convenisti
1271 1285 1422 1312 nunquam.
1437 1277 1491 1305 Nec
1504 1278 1621 1312 mirum,
1637 1278 1756 1306 familia-

974 1329 1018 1350 res
1029 1322 1128 1358 quippe
1140 1323 1188 1350 tibi
1200 1330 1254 1350 non
1271 1327 1345 1350 sunt.
1360 1323 1394 1350 At
1408 1323 1465 1350 suis
1479 1343 1486 1356 ,
1500 1324 1596 1358 opinor
1609 1344 1617 1357 ,
1637 1324 1757 1360 discipu-

973 1368 1024 1402 lis,
1041 1369 1093 1396 ista
1106 1369 1242 1404 explicant
1254 1369 1359 1402 otiose,
1376 1377 1446 1405 quos
1469 1369 1512 1397 sui
1531 1370 1634 1398 similes
1651 1370 1756 1399 efﬁcere

973 1414 1065 1442 velint.
1082 1431 1116 1436 —
1129 1415 1203 1449 Quos
1216 1419 1245 1443 tu
1261 1416 1327 1443 mihi
1343 1415 1492 1450 discipulos
1502 1435 1510 1449 ,
1524 1416 1564 1443 vir
1575 1416 1683 1451 egregie
1695 1417 1706 1443 ?
1716 1415 1756 1444 Ne

973 1460 1018 1488 alii
1033 1461 1141 1496 quidem
1157 1461 1272 1489 aliorum
1292 1461 1417 1496 discipuli
1434 1461 1479 1489 isti
1492 1466 1574 1495 sunt,
1596 1463 1641 1489 scd
1663 1462 1756 1490 oriun-

973 1511 1017 1533 tur
1029 1506 1216 1541 exsistuntque
1230 1514 1278 1541 per
1291 1514 1352 1534 sese
1364 1526 1372 1539 ,
1388 1507 1569 1542 undecunque
1579 1507 1686 1535 tandem
1712 1507 1755 1534 fu-

973 1560 1034 1580 rore
1045 1552 1171 1580 concitati
1188 1557 1382 1588 prorumpant,
1406 1561 1457 1581 nec
1480 1554 1581 1581 sentire
1604 1553 1752 1589 quidquam
1798 1577 1803 1581 .

974 1598 1043 1625 alter
1057 1598 1170 1626 alterum
1183 1599 1329 1626 existimat.
1342 1599 1410 1626 Cum
1427 1599 1508 1634 igitur
1521 1599 1555 1627 ab
1570 1599 1618 1632 iis,
1645 1604 1675 1627 ut
1692 1605 1754 1627 ante

974 1644 1047 1677 dixi,
1066 1651 1115 1671 nec
1131 1644 1302 1678 volentibus,
1316 1652 1366 1672 nec
1391 1644 1484 1672 invitis
1503 1645 1636 1672 rationem
1667 1645 1755 1678 expri-

974 1698 1047 1718 mere
1063 1691 1164 1718 nullam
1176 1698 1328 1726 possmus,
1348 1695 1450 1725 restat,
1470 1691 1541 1719 hanc
1560 1696 1591 1718 ut
1612 1699 1668 1718 rem
1688 1692 1754 1727 ipsi-

974 1740 1028 1763 met
1042 1736 1068 1763 in
1083 1745 1180 1764 manus
1197 1744 1336 1764 sumamus
1350 1757 1356 1769 ,
1372 1741 1399 1764 et
1411 1737 1490 1772 quasi
1508 1737 1647 1772 problema
1670 1739 1753 1773 quod-

973 1780 1034 1808 dam
1047 1781 1188 1816 diligenter
1202 1782 1384 1810 excutiamus.
1410 1797 1444 1802 —
1467 1782 1572 1811 Modice
1597 1788 1625 1810 tu
1642 1784 1751 1819 quidem

974 1834 1006 1854 ac
1019 1827 1143 1854 civiliter.
1161 1827 1213 1854 Sed
1230 1828 1302 1862 quod
1316 1828 1424 1856 tandem
1440 1828 1511 1856 aliud
1525 1830 1679 1864 accepimus
1691 1838 1752 1863 pro-

141 1829 246 1861 τούτοις
256 1830 436 1864 ἀπεφήναντο.

141 1875 251 1907 blcma,
265 1882 345 1909 quam
359 1882 421 1902 cum
443 1874 477 1902 ab
500 1874 699 1909 antiquioribus
726 1873 788 1905 illis,
809 1873 856 1909 qui
882 1873 994 1908 poeticis
1028 1872 1176 1901 involucris
1204 1874 1344 1901 hominum
1361 1874 1458 1906 vulnus
1486 1875 1571 1902 latere
1591 1876 1750 1908 voluerunt,

138 1919 280 1948 Oceanum
309 1928 341 1948 ac
375 1920 478 1956 Tethyn
507 1927 597 1947 rerum
629 1920 750 1947 omnium
769 1919 858 1960 fontes
886 1927 917 1947 ac
938 1923 1078 1954 parentes,
1097 1918 1124 1946 in
1146 1925 1274 1955 perpetua
1300 1920 1418 1949 ﬁuxione
1442 1921 1562 1954 versari,
1585 1921 1751 1956 proindeque

141 1966 212 1993 nihil
226 1966 376 1994 consistere
399 1975 407 1994 :
429 1970 486 1993 tum
506 1966 588 1993 etiam
612 1973 628 1993 a
643 1965 856 1998 recentioribus,
873 1965 919 1992 sed
937 1965 984 2000 qui
999 1969 1126 2000 tanquam
1159 1967 1336 2001 sapientiOres
1362 1967 1487 2002 aperiunt
1517 1975 1595 2000 sese,
1619 1967 1751 1994 indicant-

139 2019 195 2047 que
205 2012 292 2046 palam
303 2033 311 2045 ,
328 2016 357 2039 ut
369 2012 419 2047 ipsi
435 2019 544 2047 quoque
557 2011 690 2039 cerdones
705 2019 799 2039 eorum
827 2011 987 2045 sapientiam
1005 2010 1048 2038 vel
1089 2011 1223 2039 audiendo
1240 2013 1405 2047 intelligant,
1437 2013 1616 2048 desinantque
1640 2014 1749 2041 tandem

138 2059 300 2094 simpliciter
326 2059 408 2086 nimis
437 2066 468 2085 ac
495 2058 631 2093 pueriliter
650 2058 772 2092 opinari,
798 2065 814 2084 e
836 2057 916 2085 rebus
935 2061 1008 2085 stare
1024 2058 1111 2091 alias,
1127 2058 1196 2086 alias
1224 2060 1346 2094 moveri;
1364 2065 1447 2096 atque
1475 2061 1548 2096 ipsos
1566 2062 1633 2089 adeo
1663 2064 1750 2097 magis

138 2107 300 2139 observent,
329 2114 390 2133 cum
416 2114 448 2133 ex
480 2106 513 2133 iis
540 2110 636 2132 cuncta
663 2105 764 2132 moveri
790 2105 949 2132 didicerint?

980 2106 1014 2132 At
1040 2106 1137 2134 excidit
1167 2107 1232 2134 mihi
1257 2108 1468 2142 propemodum,
1499 2108 1658 2141 Theodore,
1682 2110 1749 2138 alios

138 2154 222 2182 etiam
237 2154 370 2181 contraria
396 2153 454 2181 istis
479 2153 570 2180 omnia
594 2153 731 2180 statuisse.
758 2152 916 2187 Cujusmodi
935 2156 976 2180 est
993 2153 1073 2186 illud,

173 2208 243 2237 Οἷον
263 2211 403 2244 ἀκίνητον
423 2209 533 2237 τελέθει
550 2209 589 2242 τῷ
608 2210 694 2236 πάντ’
705 2209 784 2244 ὄνομ’
796 2207 881 2241 εἶναι,

137 2267 194 2294 Καὶ
207 2266 274 2293 ἄλλα
292 2267 340 2293 ὃσα
356 2266 483 2293 Μέλισσοί
499 2275 528 2292 τε
544 2267 590 2292 καὶ
604 2265 768 2301 Παρμενίδαι
784 2265 918 2292 ἐναντιού-

139 2321 216 2349 μενοι
232 2313 297 2339 πᾶσι
324 2312 428 2344 τούτοις
441 2311 657 2348 διισχυρίζονται,
674 2312 710 2344 ὡς
734 2311 763 2338 ἓν
787 2320 816 2338 τε
832 2312 918 2338 πάντα

136 2358 208 2391 ἐστὶ,
225 2359 272 2385 καὶ
283 2358 396 2394 ἕστηκεν
410 2358 475 2384 αὐτὸ
485 2359 513 2384 ἐν
529 2357 626 2393 ἐαυτῷ,
640 2358 688 2384 ούκ
704 2357 763 2392 ἔχον
786 2357 876 2393 χώραν
889 2358 918 2384 ὲν

135 2401 156 2441 ᾖ
172 2406 294 2432 κινεῖται.
325 2404 433 2436 Τούτοις
456 2402 511 2436 οὖν,
537 2401 559 2431 ὧ
575 2405 681 2440 ἑταῖρε,
695 2405 761 2431 πᾶσι
773 2404 799 2430 τί
817 2404 917 2440 χρησό-

139 2449 223 2485 paea;
238 2448 316 2476 Κατὰ
330 2449 444 2484 σμικρὸν
457 2449 510 2484 γὰρ
526 2449 673 2484 προϊόντες,
694 2449 844 2484 λελήθαμεν
866 2448 918 2484 ἀμ-

136 2495 258 2530 φοτέρων
273 2496 311 2527 είς
324 2495 354 2522 τὺ
368 2495 448 2530 μέσον
463 2495 644 2527 πεπτωκότες.
658 2495 712 2522 Καὶ
726 2495 772 2521 ἐὰν
783 2496 818 2531 μή
833 2504 869 2530 πη
879 2495 915 2530 (4)

136 2541 300 2576 ἀμυνόμενοι
316 2540 500 2575 διαφύγωμεν,
511 2540 587 2576 δίκην
600 2541 728 2576 δώσομεν,
741 2541 833 2576 ὥσπερ
849 2541 872 2566 οἱ
888 2541 916 2566 ὲν

135 2589 198 2619 ταῖς
215 2587 394 2624 παλαίστραις
405 2587 448 2614 διὰ
461 2587 590 2622 γραμμῆς
611 2586 752 2618 παίζοντες
764 2607 771 2618 ,
786 2587 849 2613 ὅταν
870 2587 915 2613 ὑπ’

135 2633 297 2669 ἀμφοτέρων
306 2633 452 2668 ληφθέντες
463 2632 594 2659 ἕλκων-ται
606 2633 644 2663 είς
656 2632 790 2658 τάναντία.
805 2641 814 2657 ι
825 2631 915 2658 Ταῦτα

137 2679 188 2714 μὲν
204 2680 232 2705 ἐν
250 2679 402 2712 Θεαιτήτῳ.
421 2678 547 2710 Μεταϐὰς
558 2678 619 2712 ἑξῆς
632 2678 677 2704 ἐπὶ
694 2678 739 2704 τὸν
752 2678 914 2712 Σοφιστὴν,

135 2723 214 2757 αὖθις
229 2725 293 2760 περὶ
304 2725 358 2752 τῶν
373 2725 424 2761 πρὸ
440 2724 520 2751 αὐτοῦ
531 2724 681 2759 γενομένων
697 2723 817 2757 φυσικῶν
843 2724 915 2757 φιλο-

124 2771 226 2806 ’σόφων
239 2771 326 2798 τοιάδε
342 2771 433 2807 φησίν·
455 2781 464 2797 ι
476 2770 598 2800 Εὖκόλως
614 2778 658 2804 μοι
673 2769 710 2804 (5)
723 2769 796 2796 δοκεῖ
807 2769 915 2804 Παρμε-

119 2814 123 2829 ί

136 2850 211 2912 nam
230 2849 314 2884 Μηδὲ
335 2857 468 2884 σμικρον.
494 2848 584 2876 lsthuc
601 2847 666 2883 μηδέ
699 2845 861 2874 inseruimus
880 2853 912 2874 ex

185 2890 257 2912 ιοιιθ.

185 2890 257 2912 10110.

972 2209 1062 2237 Totius
1083 2219 1170 2237 rerum
1194 2220 1225 2238 ac
1254 2221 1389 2247 proprium
1407 2217 1462 2246 est,
1487 2213 1619 2240 immobile
1644 2221 1746 2241 nomen.

969 2267 1058 2302 Atque
1078 2268 1129 2295 alia
1156 2269 1181 2296 id
1207 2277 1301 2303 genus,
1326 2277 1386 2304 quae
1408 2269 1507 2297 Melissx
1531 2277 1563 2297 ac
1581 2268 1748 2297 Parmenides

968 2311 1097 2339 adversus
1123 2313 1183 2340 illos
1211 2321 1305 2341 omnes
1330 2321 1437 2341 summa
1461 2315 1632 2342 contentione
1654 2313 1747 2342 defen-

968 2356 1053 2384 dunt:
1075 2363 1171 2385 cuncta
1189 2358 1317 2386 nimirum
1332 2367 1414 2386 unum
1430 2367 1501 2391 esse,
1517 2359 1588 2394 quod
1606 2359 1632 2385 in
1647 2363 1746 2386 semet-

968 2402 1026 2437 ipso
1048 2404 1194 2431 consistat:
1231 2412 1280 2432 nec
1305 2405 1394 2432 locum
1416 2405 1514 2432 habeat
1537 2405 1620 2432 ullum
1640 2405 1666 2431 in
1690 2412 1745 2439 quo

967 2452 1117 2476 moveatur.
1135 2448 1182 2477 llis
1199 2450 1326 2477 omnibus
1347 2451 1438 2486 igitur,
1455 2451 1491 2478 mi
1510 2450 1662 2481 Theodore.
1679 2451 1743 2486 quid

967 2492 1118 2521 faciamus?
1139 2494 1245 2522 Sensim
1272 2496 1344 2523 enim
1365 2497 1482 2531 provecti
1501 2497 1630 2528 ulterius,
1655 2497 1681 2523 in
1705 2497 1744 2524 fa-

967 2539 1064 2567 ctionis
1079 2540 1219 2576 utriusque
1239 2542 1355 2569 medium
1381 2543 1564 2577 imprudentes
1585 2543 1740 2569 incidimus.

966 2584 999 2612 Et
1014 2585 1041 2612 ni
1060 2592 1165 2620 quaqua
1191 2592 1394 2621 perrumpentes
1410 2587 1597 2622 etl‘ugerimus,
1618 2587 1742 2614 dabimus

965 2630 1086 2666 profecto
1112 2632 1270 2659 temeritatis
1302 2637 1401 2660 nostra:
1428 2641 1538 2668 poenas,
1565 2638 1594 2660 ut
1616 2633 1668 2660 lllis
1689 2640 1740 2660 usu

966 2677 1048 2710 venit,
1065 2678 1112 2711 qui
1133 2678 1295 2713 descriptam
1326 2679 1359 2706 ad
1382 2679 1481 2706 lineam
1501 2679 1528 2706 in
1552 2679 1674 2717 palarstra
1699 2679 1742 2705 lu-

965 2723 1042 2755 dunt,
1060 2731 1121 2750 cum
1138 2723 1172 2750 ab
1187 2728 1299 2758 utraque
1315 2728 1391 2758 parte
1414 2724 1554 2760 intercepti
1576 2725 1639 2751 hinc
1660 2728 1741 2759 atque

965 2767 1028 2795 hinc
1049 2768 1172 2795 distracti
1193 2769 1345 2803 rapiuntur.
1368 2779 1378 2795 ι
1397 2769 1532 2798 Hactenus
1549 2770 1576 2797 in
1599 2769 1739 2797 Thewteto.

999 2845 1036 2880 (4)
1048 2845 1095 2879 Μή
1109 2852 1161 2878 πη.
1175 2844 1212 2872 Ita
1229 2845 1369 2880 legendum
1384 2855 1415 2873 ex
1427 2844 1549 2878 Platone,
1559 2855 1612 2873 non
1627 2846 1674 2880 μέι
1689 2853 1738 2879 πη.

1000 2879 1036 2914 (5)
1059 2880 1197 2913 Ιίὺκόλως
1208 2879 1268 2914 μοι,
1284 2879 1354 2908 Idem
1368 2882 1393 2907 in
1410 2881 1546 2916 Sophiste,
1565 2890 1624 2915 pag.
1645 2882 1692 2908 158
1705 2880 1737 2908 G.
