2061 3210
226 183 239 204 \

337 166 402 194 1191

652 166 786 194 EUSEBII
807 164 1045 194 CtESAIUENSIS
1070 164 1146 194 OPP.
1166 164 1257 193 PARS
1276 164 1307 193 Π.
1327 176 1362 186 --
1381 165 1627 192 APOLOGETICA.

1880 165 1946 192 1199

333 225 392 252 Jam
416 225 442 252 in
460 224 580 259 Sep/iisin
605 225 639 252 'de
661 225 760 252 -iisdem
780 225 916 261 physicis,
936 227 982 261 qui
1001 231 1064 253 ante
1087 234 1108 254 st

1167 226 1241 262 νίδης
1256 227 1321 261 ἡμῖν
1339 225 1482 260 διειλέχθαι
1494 246 1500 255 ,
1516 225 1561 251 καὶ
1587 225 1639 255 πᾶς
1661 225 1732 255 ὅστις
1758 224 1823 259 ἡμῖν
1841 223 1945 250 animo:

333 271 498 303 docuerant,
524 271 594 297 hunc
623 270 651 296 in
675 271 787 298 modum
811 271 952 305 loquitur:
979 281 988 297 ι
1009 271 1116 300 Leviter

333 316 490 347 admodum,
515 316 613 351 inquit,
637 316 814 344 Parmenides
838 317 888 345 hac
906 317 972 344 mihi
994 318 1115 352 disputa-

332 363 406 390 tione
421 362 579 397 perfunctus
597 362 714 396 videtur,
732 363 879 398 ceterique
899 371 1011 396 omnes,
1030 367 1114 399 ’quot—

332 413 398 442 quot
415 416 533 442 unquam
554 410 603 436 hoc
615 409 641 435 in
652 409 860 443 philosophandi
882 417 967 444 genus
984 410 1114 437 incubue-

331 461 371 485 re,
392 458 421 480 ut
436 453 469 480 de
485 461 579 480 eorum
597 461 657 488 quae
673 460 736 480 sunt
751 458 778 480 et
805 461 918 481 numero
931 475 939 487 ,
960 458 987 481 et
1008 455 1114 482 ratione

324 498 545 533 pronuntiarent.
567 498 682 526 Perinde
708 499 836 526 nimirum
860 499 886 526 id
911 504 1004 545 agunt‘,
1032 507 1064 526 ac
1089 499 1112 526 si

330 544 421 579 pueris
448 544 567 571 fabulam
595 550 745 572 narrarent.
774 545 855 580 725
879 545 957 572 Alius
981 544 1052 572 enim
1079 553 1112 573 ea

329 599 390 626 quae
406 596 478 623 sunt.
495 592 545 618 tria
563 591 713 623 constituit,
729 596 810 626 atque
823 591 968 626 ejusmodi,
982 600 998 619 e
1012 592 1111 627 quibus

329 638 419 672 aliqua
440 637 504 670 duo,
523 638 660 665 interdum
676 638 785 673 quidem
798 645 891 665 secum
905 638 964 673 ipsa
979 641 1110 673 pugnent,

328 683 465 711 interdum
484 691 549 711 vero
565 684 741 711 reconciliata
759 684 856 718 gratia,
876 683 999 718 initoque
1016 683 1112 710 matri-

328 731 421 757 monio
437 729 518 758 foetus
546 730 705 764 suscipiant,
729 731 829 765 quibus
856 730 953 757 deinde
983 731 1110 758 alimenta

324 775 508 810 suppeditent.
528 774 605 802 Alius
626 775 679 801 duo
701 779 806 801 tantum
836 776 995 810 assignans,
1021 776 1109 803 Immi-

327 816 392 843 dum
412 819 440 844 et
457 816 570 849 siccum,
593 817 637 843 vel
657 817 774 844 calidum
800 821 828 844 et
853 817 992 851 frigidum,
1014 818 1109 845 eadem
1125 845 1135 857 _

327 861 467 888 consociat
479 865 560 895 atque
576 861 713 888 diﬂ‘undit.
726 862 804 896 Apud
820 870 869 889 nos
886 867 976 890 autem
989 862 1108 890 Eleatica

327 907 403 934 natio
420 907 557 939 universa,
575 914 642 941 qua:
660 907 715 942 jam
740 908 802 935 inde
818 915 834 935 a
858 907 1038 943 Xenophane,
1059 917 1106 937 eo-
1121 900 1145 930 Β

330 960 384 987 que
395 953 590 980 vetustioribus
610 954 688 980 duxit
709 953 815 980 initium
828 974 836 986 ,
864 962 924 988 quae
945 955 1026 990 vulgo
1042 963 1109 982 cun-

328 1003 372 1025 cta
389 998 517 1031 dicimus,
540 1006 571 1026 ea
595 1006 650 1025 non
678 999 731 1025 nisi
752 1006 836 1026 unum
860 999 961 1034 aliquid
989 1008 1049 1028 esse
1069 1000 1109 1028 fa-

326 1043 446 1070 bulatur.
464 1043 511 1070 His
526 1051 682 1071 successere
701 1044 800 1071 Ionicae
815 1045 1109 1081 quzedam_Sicul:eque

329 1096 423 1122 musa,
444 1089 544 1123 quibus
571 1089 694 1116 securius
716 1088 803 1116 visum
827 1094 868 1116 est
895 1090 934 1118 sic
955 1091 1108 1121 opinionem

328 1137 472 1168 utramque
491 1133 677 1168 conjungere,
705 1138 735 1160 ut
763 1133 789 1160 id
812 1135 885 1169 quod
912 1139 963 1168 est,
989 1136 1058 1163 idem
1083 1141 1109 1164 et

326 1180 412 1207 multa
432 1185 459 1207 et
487 1187 570 1206 unum
590 1187 651 1207 esse
677 1179 813 1213 dicerent,
838 1180 954 1216 odioque
980 1181 1061 1209 simul
1082 1187 1109 1209 et

329 1226 448 1253 amicitia
470 1226 615 1253 contineri.
641 1226 754 1260 Semper
781 1226 853 1254 enim
871 1227 1027 1255 dissidendo
1047 1236 1109 1256 con-

328 1272 421 1304 sentit,
440 1275 470 1299 ut
493 1276 596 1298 canunt
619 1271 788 1299 robustiores
804 1280 899 1299 musae.
920 1272 987 1300 Nam
1013 1274 1109 1300 remis-

328 1318 414 1344 siores
431 1316 551 1351 quidem,
566 1317 727 1343 sententiam
744 1317 829 1349 illam,
845 1325 905 1352 qua
925 1325 1032 1352 semper
1053 1318 1109 1345 haec

327 1363 421 1391 eodem
439 1362 523 1389 modo
539 1362 638 1389 habere
653 1361 824 1396 defendebat,
841 1363 877 1389 ita
893 1363 1062 1396 mollierant,
1079 1368 1109 1390 ut

327 1410 427 1437 caedem
447 1408 567 1439 vicissim
588 1408 639 1436 hoe
659 1408 836 1440 universum,
856 1408 937 1435 modo
958 1416 1041 1436 unum
1060 1409 1108 1436 ali«

326 1456 393 1491 quid
412 1464 473 1484 esse
495 1455 634 1487 dicerent,
651 1455 724 1490 quod
744 1463 837 1482 amore
853 1454 943 1482 Venus
961 1456 1107 1490 colligaret,

327 1502 409 1530 modo
427 1501 563 1529 discordia
580 1500 672 1528 nescio
685 1508 738 1535 qua
754 1500 822 1532 ﬁeri,
841 1505 872 1527 ut
890 1501 971 1532 idem,
985 1505 1012 1528 et
1024 1501 1107 1527 multa

327 1548 449 1584 quaedam
471 1551 554 1580 esset,
573 1552 599 1574 et
620 1554 711 1574 secum
729 1547 818 1581 ipsum
842 1547 930 1574 hostis
949 1555 1025 1575 more
1043 1555 1108 1575 coa-

327 1593 439 1628 tligeret.
465 1591 527 1619 Haec
550 1591 660 1623 omnia,
682 1599 729 1618 seu
755 1599 818 1619 vere
841 1592 902 1626 quis
930 1599 1039 1625 eorum,
1060 1601 1107 1621 seu

328 1636 398 1663 falso
413 1636 523 1669 dixerit,
541 1643 622 1670 grave
640 1643 671 1662 ac
688 1635 852 1670 ﬂagitiosum
872 1642 954 1670 esset,
976 1639 1056 1665 tantis
1080 1639 1107 1666 in

327 1681 408 1709 rebus
418 1681 492 1708 viros
507 1681 632 1716 "insignes
650 1681 809 1716 priscosque
828 1681 998 1717 redarguere.
1014 1693 1023 1708 1
1038 1682 1106 1710 Tum

325 1726 421 1761 paucis
442 1726 605 1761 quibusdam
621 1726 769 1761 interjectis
787 1736 793 1754 :
816 1737 824 1752 ι
845 1727 976 1761 Necdum,
998 1729 1103 1764 inquit,

327 1773 389 1799 illos
409 1779 504 1798 omnes
519 1771 716 1804 recensuimus,
733 1773 779 1807 qui
798 1777 850 1800 tam
867 1774 900 1801 de
919 1782 951 1801 eo
966 1775 1038 1809 quod
1053 1783 1106 1802 non

326 1824 378 1852 est,
397 1827 478 1854 quam
497 1819 530 1846 de
544 1827 577 1846 eo
591 1820 663 1854 quod
680 1825 732 1851 est,
753 1821 908 1848 accuratius
923 1822 1104 1856 disputarunt.

327 1866 519 1893 Verumtamen
537 1867 603 1894 satis
623 1867 674 1894 ista
692 1872 783 1894 sunto.
803 1866 879 1894 Nunc
899 1875 946 1895 eos
965 1876 1046 1903 porro
1069 1869 1106 1895 vi-

325 1913 449 1947 deamus,
471 1913 517 1948 qui
536 1913 588 1940 alia
615 1914 707 1940 omnia
735 1919 911 1946 censuerunt,
939 1920 969 1941 ut
989 1915 1015 1941 id
1034 1915 1107 1950 quod

325 1965 376 1992 est,
400 1959 485 1987 nihilo
511 1960 664 1996 promptius
685 1967 728 1988 eo.
743 1960 815 1995 quod
843 1968 895 1988 non
920 1965 977 1993 est,
1003 1961 1036 1988 ad
1060 1970 1107 1989 ex-

327 2005 479 2040 plicandum
500 2014 570 2039 esse,
596 2006 717 2033 omnium
732 2014 765 2034 ex
786 2006 927 2034 sententiis
940 2007 1104 2035 auferamus.

325 2050 431 2085 Quippe
451 2051 566 2077 adeundi
584 2051 662 2078 nobis
680 2056 743 2078 sunt
759 2051 803 2079 isti
820 2060 937 2087 quoque.
953 2053 1033 2087 Atqui
1051 2053 1107 2080 haec

325 2096 384 2130 ipsa
400 2097 433 2123 de
456 2097 580 2123 essentia:
606 2098 710 2124 ratione
738 2099 939 2131 controversia,
960 2099 1106 2133 quamdam

325 2141 396 2168 inter
419 2142 479 2169 illos
501 2142 583 2168 etiam
603 2142 710 2169 videtur
731 2143 879 2177 gigantium
897 2152 1013 2179 pugnant
1037 2145 1107 2172 exci-

326 2192 406 2215 tasse.
421 2202 454 2208 —
469 2187 520 2220 Qui
539 2188 665 2215 tandem?
677 2204 712 2208 —
727 2188 857 2216 Nimirum
879 2190 945 2222 .alii,
974 2191 1037 2217 dum
1058 2199 1105 2226 pe-

1165 273 1212 299 ὲπὶ
1228 272 1317 306 κρίσιν
1332 272 1443 307 ὥρμησε
1454 271 1500 297 τοῦ
1516 272 1549 297 τὰ
1561 271 1625 297 ὅντα
1637 270 1820 308 διορίσασθαι,
1836 269 1905 295 πόσα
1918 278 1947 295 τε

1165 319 1212 344 καὶ
1229 318 1292 344 ποῖά
1307 319 1374 344 ἐστι.
1387 317 1477 343 Μῦοόν
1489 326 1548 343 τινα
1561 317 1674 348 ἕκαστος
1690 316 1811 350 φαίνεταί
1831 324 1877 349 μοι
1890 315 1945 350 διη-

1166 363 1282 396 γεῖσθαι,
1298 363 1391 390 παισὶν
1405 363 1442 395 ὡς
1453 361 1527 389 οὖσιν
1551 363 1625 397 ἡμῖν.
1645 362 1674 388 Ὀ
1690 362 1755 395 μὲν,
1784 361 1821 393 ὡς
1837 361 1901 396 τρία
1916 361 1946 387 τὰ

1165 409 1240 441 ὄντα,
1268 408 1381 444 πολεμεῖ
1395 408 1424 435 δὲ
1451 409 1573 444 ἀλλήλοις
1588 408 1672 434 ἐνίοτε
1698 407 1786 434 αὐτῶν
1814 407 1883 433 ἄττα
1899 414 1944 442 πη,

1163 454 1223 480 τοτὲ
1237 454 1265 480 δὲ
1279 454 1327 480 καὶ
1343 454 1408 488 φίλα
1418 454 1576 488 γιγνόμενα,
1593 454 1698 488 γάμους
1722 462 1752 478 τε
1776 453 1822 479 καὶ
1841 452 1943 483 τόκους,

1163 500 1210 526 καὶ
1223 499 1326 535 τροφὰς
1353 499 1406 526 τῶν
1417 500 1535 534 ἐγγόνων
1561 499 1717 535 παρέχεται.
1743 498 1794 524 Δύο
1815 497 1842 524 δὲ
1856 498 1944 533 ἕτερος

1162 545 1256 579 εἰπὼν,
1272 546 1355 582 ὑγρὸν
1371 546 1419 572 καὶ
1434 545 1524 580 ξηρὸν,
1538 545 1554 580 ἢ
1567 544 1666 580 θερμὸν
1682 545 1729 570 καὶ
1746 543 1867 578 ψυχρὸν,
1884 551 1942 568 συν-

1161 590 1256 622 οικίζει
1267 599 1296 617 τε
1312 590 1381 617 αὐτὰ
1404 590 1450 616 καὶ
1463 590 1594 616 ἐκδίδωσι.
1611 590 1647 615 Τὸ
1656 589 1684 616 δὲ
1696 589 1758 624 παρ’
1775 590 1842 624 ἡμῖν
1856 589 1941 616 Ἐλει-

1159 636 1235 662 τικδν
1249 636 1323 668 ἔθνος
1336 637 1417 668 ἆπαν,
1432 635 1485 662 ἀπὸ
1495 635 1659 669 Ξενοφάνους
1667 645 1696 662 τε
1711 636 1757 662 καὶ
1772 635 1812 661 ἔτι
1828 635 1942 670 πρόσθεν

1159 682 1311 717 ἀρξάμενον
1321 702 1327 713 ,
1354 682 1393 713 ὡς
1408 682 1468 713 ἑνὸς
1485 682 1559 712 liv-ro;
1571 681 1624 707 τῶν
1639 681 1745 708 πάντων
1760 682 1941 716 καλουμένων,

1160 728 1232 755 οὕτω
1244 728 1408 764 διεξέρχεται
1432 729 1486 760 τοῖς
1513 729 1615 764 μύθοις.
1637 728 1719 760 Ἰάδες
1733 728 1762 754 δὲ
1779 729 1826 754 καὶ
1845 727 1943 755 Σικελι-

1162 774 1208 801 καί
1221 783 1293 806 τινες
1302 774 1339 810 (6)
1361 774 1472 810 ὕστερον
1487 774 1593 801 Μοῦσαι
1610 774 1769 810 ξυνενόησαν
1781 795 1788 806 ,
1814 775 1856 800 ὅτι
1876 783 1941 809 συμ-

1161 819 1269 846 πλέκειν
1283 819 1483 855 ἁσφαλέστερον
1500 820 1640 856 ἀμφότερα
1664 820 1710 846 καὶ
1732 820 1822 853 λέγειν
1833 841 1840 851 ,
1863 820 1899 851 ὡς
1915 819 1942 846 τὸ

1159 866 1188 893 ὃν
1208 866 1292 893 πολλά
1303 875 1332 892 τε
1349 866 1394 892 καὶ
1410 866 1439 892 ἓν
1455 867 1537 897 ἐστιν,
1553 865 1636 902 ἔχθρᾳ.
1646 866 1674 892 δὲ
1688 866 1735 892 καὶ
1746 866 1824 901 φιλία
1836 866 1941 900 συνέχε-

1160 921 1214 938 ται.
1227 911 1428 947 Διαφερόμενον
1443 911 1496 947 γὰρ
1504 911 1546 937 ἀεὶ
1561 911 1736 946 ξυμφέρεται,
1750 912 1834 946 φασὶν
1845 912 1873 938 αἱ
1886 921 1942 938 συν-

1159 957 1304 993 τονώτεραι
1316 957 1369 984 τῶν
1383 957 1513 984 Μουσῶν·
1531 957 1558 983 αἱ
1583 957 1610 983 δὲ
1634 957 1827 993 μαλακώτεραι
1852 957 1884 983 τὸ
1896 958 1941 992 μὲν

1158 1003 1202 1028 ἀεὶ
1221 1002 1258 1036 (7)
1275 1003 1360 1029 ταῦτα
1385 1002 1470 1034 οὕτως
1496 1002 1568 1037 ἔχειν
1595 1002 1743 1037 ἐχάλασαν·
1761 1003 1789 1029 ἐν
1816 1003 1894 1038 μέρει
1916 1003 1941 1029 δὲ

1158 1048 1217 1074 τοτὲ
1233 1049 1281 1083 μὲν
1293 1048 1321 1074 ἓν
1333 1047 1401 1074 εἷναί
1417 1057 1482 1082 φασι
1492 1048 1522 1074 τὸ
1540 1049 1592 1074 πᾶν
1608 1049 1653 1074 καὶ
1666 1049 1740 1082 φίλον
1753 1048 1798 1074 ὑπ’
1820 1040 1940 1083 ’Ᾰφροδί-

1157 1102 1222 1129 της·
1239 1093 1299 1120 τοτὲ
1312 1093 1340 1119 δὲ
1355 1093 1449 1125 πολλὰ,
1462 1095 1508 1120 καὶ
1524 1093 1653 1128 πολέμιον
1666 1093 1732 1120 αὐτὸ
1747 1093 1823 1128 αὐτῷ
1836 1093 1882 1119 διὰ
1892 1095 1940 1121 νεῖ-

1159 1141 1205 1172 κός
1218 1149 1254 1166 τι.
1273 1140 1364 1166 Ταῦτα
1377 1140 1405 1166 δὲ
1425 1141 1513 1167 πάντα
1540 1141 1564 1166 εἰ
1600 1140 1648 1175 μὲν
1675 1139 1782 1175 ἀληθῶς
1807 1149 1850 1172 τις
1866 1141 1883 1175 ἢ
1906 1141 1940 1176 μὴ

1158 1186 1260 1212 τούτων
1275 1185 1380 1221 εἴρηκε,
1395 1185 1510 1221 χαλεπὸν
1526 1187 1573 1212 καὶ
1585 1186 1741 1221 πλημμελὲς
1755 1186 1828 1212 οὕτω
1841 1187 1941 1221 μεγάλα

1159 1230 1273 1260 κλεινοῖς
1289 1230 1335 1255 καὶ
1353 1229 1475 1261 παλαιοῖς
1490 1230 1618 1265 ἀνδράσιν
1632 1231 1770 1265 ἐπιτιμᾷν.
1785 1240 1793 1255 ι
1806 1232 1862 1257 Καὶ
1876 1231 1941 1266 μετὰ

1159 1274 1262 1309 βραχέα
1282 1274 1418 1309 ἐπιλέγει’
1441 1285 1449 1301 ι
1462 1275 1529 1306 Τοὺς
1545 1276 1594 1310 μὲν
1607 1276 1696 1302 τοίνυν
1721 1277 1939 1312 διακριϐολογου-

1161 1320 1255 1356 μένους
1268 1320 1343 1352 ὄντος
1359 1329 1389 1347 τε
1403 1321 1466 1357 πέρι
1480 1322 1527 1348 καὶ
1548 1322 1584 1357 μὴ
1597 1322 1700 1354 πάντας
1714 1323 1762 1358 μὲν
1777 1323 1808 1349 οὐ
1822 1323 1940 1358 διεληλύ-

1159 1366 1244 1402 θαμεν
1256 1368 1348 1402 ·ὄμως
1362 1367 1386 1393 δ’
1409 1367 1509 1399 ἱκανῶς
1526 1368 1626 1403 ἐχέτω·
1651 1369 1714 1400 τοὺς
1733 1369 1762 1395 δὲ
1781 1370 1871 1402 ἄλλως
1897 1370 1940 1397 le-

1158 1421 1254 1447 γοντας
1273 1412 1306 1439 αὖ
1322 1413 1440 1445 θεατέον,
1459 1414 1492 1440 ἵν’
1505 1415 1537 1440 ὲκ
1550 1415 1656 1441 πάντων
1672 1415 1786 1450 ἴδωμεν,
1804 1417 1846 1442 ὅτι
1868 1417 1898 1442 τὸ
1911 1416 1940 1442 ὃν

1157 1457 1204 1483 τοῦ
1221 1458 1257 1493 μὴ
1273 1458 1349 1489 ὄντος
1368 1458 1444 1485 οὐδὲν
1465 1459 1649 1494 εὐπορώτερον
1677 1461 1763 1487 εἰπεῖν
1789 1462 1803 1487 ὃ
1826 1470 1853 1487 τι
1877 1462 1940 1488 ποτέ

1158 1503 1240 1529 ἐστιν.
1253 1503 1356 1530 Οὐκοῦν
1368 1504 1529 1539 πορεύεσθαι
1545 1505 1596 1540 χρὴ
1612 1506 1659 1531 καὶ
1675 1506 1719 1532 ἐπὶ
1743 1507 1859 1538 τούτοις.
1888 1508 1940 1534 Καὶ

1161 1550 1213 1585 μὴν
1230 1549 1301 1576 ἔοικέ
1318 1559 1349 1584 γε
1371 1551 1399 1576 ὲν
1413 1550 1502 1582 αὐτοῖς
1518 1549 1573 1577 οἷον
1593 1553 1791 1587 γιγαπομαχὶα
1810 1561 1853 1584 τις
1874 1551 1940 1579 εἶναι

1157 1595 1201 1622 διὰ
1211 1596 1260 1631 τὴν
1269 1595 1469 1631 ἀμφισϐήτησιν
1478 1597 1541 1631 περὶ
1555 1597 1603 1632 τῆς
1615 1597 1707 1628 οὐσίας
1720 1598 1787 1633 πρὸς
1800 1598 1939 1633 ἀλλήλους.

1157 1641 1260 1672 -Πῶς
1272 1649 1278 1673 ;
1294 1656 1328 1660 —
1337 1642 1367 1667 Ol
1385 1642 1434 1676 μὲν
1450 1642 1489 1673 εἰς
1503 1642 1554 1677 γῆν
1568 1642 1599 1674 ἐξ
1611 1643 1724 1678 οὐρανοῦ
1737 1644 1787 1670 καὶ
1798 1643 1846 1670 τοῦ
1862 1645 1942 1680 ἀορά-

1157 1695 1203 1713 του
1221 1687 1308 1713 πάντα
1322 1687 1440 1719 ἕλκουσι,
1452 1690 1512 1720 ταῖς
1527 1689 1620 1724 χερσὶν
1634 1689 1754 1724 ἀτεχνῶς
1771 1691 1875 1725 πέτρας
1896 1691 1941 1717 καὶ

1157 1732 1220 1767 δρῦς
1245 1732 1499 1768 περιλαμϐάνοντες.
1519 1734 1578 1760 Τῶν
1598 1734 1652 1770 γὰρ
1674 1735 1802 1762 τοιούτων
1824 1736 1941 1770 ἐφαπτό-

1159 1786 1231 1812 μενοι
1259 1778 1377 1809 πάντων,
1405 1779 1615 1815 διισχυριζονται
1635 1780 1714 1807 τοῦτο
1741 1779 1812 1808 εἶναι
1835 1782 1942 1817 μόνονό

1157 1822 1269 1858 παρέχει
1288 1823 1440 1860 προσϐολὴν
1467 1825 1513 1851 καὶ
1530 1827 1637 1861 ἐπαφήν
1650 1835 1725 1857 τινα,
1745 1827 1846 1853 ταύτὸν
1863 1828 1939 1862 σῶμα

1157 1869 1203 1895 καὶ
1214 1869 1307 1895 οὐσίαν
1318 1869 1470 1905 ὁριζόμενοι
1481 1880 1487 1886 -
1500 1871 1553 1898 τῶν
1570 1871 1598 1897 δὲ
1611 1871 1696 1899 ἄλλων
1710 1871 1790 1904 εἴτις
1804 1873 1886 1908 φήσει
1904 1873 1939 1907 μὴ

1158 1915 1236 1950 σῶμα
1255 1915 1315 1950 ἔχον
1330 1913 1410 1948 εἶναι,
1428 1917 1660 1952 καταφρονοῦντες
1672 1918 1702 1944 τὸ
1717 1918 1850 1952 παράπαν
1865 1939 1872 1950 ,
1894 1920 1940 1945 καὶ

1157 1959 1232 1985 οὐδὲν
1249 1959 1385 1991 ἐθέλοντες
1404 1961 1467 1988 ἄλλο
1484 1960 1688 1989 autetiam—"ﬂ
1710 1963 1814 1995 δεινοὺς
1827 1965 1939 2000 εἴρηκας

1157 2004 1264 2039 ἄνδρας.
1283 2006 1351 2041 Ἤδη
1378 2007 1431 2042 γὰρ
1449 2008 1495 2034 καὶ
1516 2008 1570 2041 ἐγὼ
1597 2009 1697 2035 τούτων
1726 2010 1808 2036 πλέον
1834 2013 1939 2045 συχνοῖς

1157 2051 1330 2087 προσέτυχον.
1344 2068 1377 2073 --
1393 2054 1541 2088 Τοιγαροῦν
1554 2055 1579 2080 οἱ
1596 2055 1663 2090 πρὸς
1677 2056 1774 2087 αὐτοὺς
1800 2057 1940 2092 ἀμφισϐη-

1156 2096 1264 2128 τοῦντες
1290 2098 1361 2133 μάλα
1394 2098 1514 2130 εὐλαὸῶς
1539 2100 1640 2127 ἄνωθεν
1662 2101 1691 2132 ἐξ
1717 2101 1835 2137 ἀοράτου
1859 2103 1940 2129 ποθεν

1156 2141 1312 2176 ἀμύνονται,
1325 2144 1406 2179 νοητὰ
1420 2145 1486 2171 ἄττα
1497 2145 1543 2171 καὶ
1560 2145 1690 2180 ἀσώματα
1706 2147 1762 2182 εἴδη
1783 2147 1939 2183 βιαζόμενοι

1156 2187 1205 2222 τὴν
1219 2188 1347 2226 ἀληθινὴν
1370 2190 1463 2217 οὐσίαν
1486 2189 1565 2218 εἶναι.
1581 2191 1620 2218 Τὰ
1633 2192 1661 2218 δὲ
1676 2193 1787 2219 ἐκείνοιν
1815 2194 1938 2229 σώματα,

325 2238 381 2260 tras
394 2238 420 2260 et
435 2240 550 2267 quercus
565 2233 653 2268 rcipsa
672 2234 797 2261 manibus
814 2235 1028 2268 apprehendunt,
1038 2244 1105 2264 cun-

1158 2232 1203 2259 καὶ
1218 2234 1266 2269 τὴν
1279 2235 1426 2271 λεγομένην
1441 2237 1493 2263 ὑπὸ
1506 2236 1607 2263 τούτων
1621 2237 1748 2272 ἀλήθειαν
1757 2259 1764 2270 ,
1783 2235 1868 2266 κατὰ’
1877 2249 1938 2274 σμι-

325 2283 368 2306 cta
389 2286 404 2305 c
421 2279 489 2306 cmlo
512 2283 595 2313 atque
616 2287 649 2306 ex
666 2287 699 2306 eo
726 2281 797 2314 quod
818 2281 903 2308 videri
925 2291 978 2308 non
999 2287 1103 2317 potest,

325 2324 471 2351 detrahunt
493 2325 519 2351 in
552 2330 647 2352 terras.
674 2325 735 2353 Haec
752 2327 824 2354 enim
847 2328 939 2355 omnia
955 2328 1020 2355 dum
1040 2337 1106 2356 con-

325 2371 443 2405 tingunt,
463 2370 489 2397 id
502 2379 586 2398 unum
605 2379 666 2399 esse
682 2372 852 2404 conﬁrmant,
872 2374 944 2408 quod
959 2375 1102 2409 appulsum

325 2422 481 2452 tactumque
495 2418 604 2452 praebet,
621 2422 702 2453 atque
719 2419 745 2446 id
760 2419 847 2454 ipsum
861 2424 887 2446 ct
904 2428 1002 2455 corpus
1018 2425 1045 2447 et
1062 2428 1106 2448 es-

325 2464 439 2491 sentiam
454 2471 515 2491 esse
528 2464 669 2491 deliniunt.
691 2465 729 2492 Ac
749 2464 772 2492 si
792 2465 853 2500 quis
877 2465 949 2492 aliud
975 2467 1106 2501 quidlibet

325 2517 436 2544 corpore
448 2510 618 2543 destitutum,
636 2518 696 2537 esse
714 2515 801 2538 tamen
817 2511 924 2544 dixerit,
943 2513 968 2539 id
985 2521 1048 2539 vero
1065 2513 1105 2541 sic

325 2561 503 2591 aspernantur
517 2561 599 2592 atque
616 2557 767 2592 repudiant,
787 2562 816 2584 ut
836 2566 867 2585 ne
883 2558 976 2585 audire
995 2559 1103 2594 quidem

325 2600 417 2627 velint.
435 2616 469 2621 -
485 2601 553 2628 Acre
568 2602 679 2628 omnino
691 2609 722 2628 ac
738 2602 882 2629 vehemens
898 2603 1037 2630 hominum
1059 2611 1104 2638 ge-

326 2652 377 2673 nus
392 2646 532 2681 designas:
549 2655 611 2674 nam
634 2647 660 2674 in
677 2655 770 2675 corum
790 2648 942 2683 complures
962 2656 1011 2683 ego
1035 2657 1104 2684 quo-

354 2734 511 2774 (6)__thxs.lr
530 2738 666 2770 καίτινες.
690 2737 876 2774 Empedoclem
899 2738 1101 2774 Agrigentinum

326 2769 447 2808 inteHigit
459 2790 477 2808 ,_
489 2772 533 2808 τὸν
550 2769 814 2808 ποιητιῂοφι).όσοφον
824 2794 831 2805 ,
849 2774 895 2808 qui
910 2769 1026 2808 quatuor
1048 2775 1102 2802 ele-

325 2805 528 2845 ῐῐιθηῑὶςφιλὶίαν
543 2815 582 2845 τε,
597 2805 628 2845 _ut
645 2805 776 2845 Diogenes
789 2805 944 2845 Ιοιιιιίἰιινξῇ
961 2810 1101 2845 συγκρὶνε-

324 2839 581 2878 ταιιικαὲινείδιοςκῷ
595 2839 759 2878 δᾳκρῖνεται
769 2863 776 2874 ,
789 2839 960 2878 adiungebat.

333 2885 336 2889 λ
360 2874 398 2902 (7)
421 2874 455 2900 Τὸ
470 2875 524 2905 μὲν
540 2877 595 2903 ἀεί.
614 2874 737 2910 Ficinus,
756 2874 855 2912 semp-er
867 2874 921 2905 Ιῖαέ
940 2880 976 2906 ilu
998 2879 1100 2907 solvunt

1156 2278 1209 2312 κρὰ
1224 2279 1412 2315 διαθραύοντες
1426 2282 1453 2307 ἐν
1464 2282 1519 2311 τοῖς
1532 2282 1629 2316 λόγοις,
1642 2283 1746 2316 γένεσιν
1763 2284 1824 2310 ἀντὶ
1845 2286 1938 2316 οὐσίας

1157 2325 1307 2360 φερομένην
1319 2326 1378 2352 τινὰ
1394 2327 1647 2362 προσαγορεύουσιν.
1670 2329 1712 2356 Ἐν
1731 2330 1806 2365 μέσῳ
1819 2331 1849 2357 δὲ,
1874 2332 1939 2367 περὶ

1155 2370 1240 2396 ταῦτα
1261 2370 1379 2406 ἄπλητος
1403 2373 1563 2408 ἀμφοτέρων
1581 2374 1653 2410 μάχη
1670 2383 1725 2406 τις,
1748 2372 1770 2401 ὦ
1783 2376 1916 2412 Θεαῖτητε
1929 2397 1937 2408 ,

1155 2415 1198 2441 ἀεὶ
1214 2415 1384 2452 ξυνέστηκεν.
1400 2433 1433 2438 --
1448 2418 1554 2454 Ἀληθῆ.
1574 2429 1587 2451 ς»
1604 2420 1652 2446 Διὰ
1671 2420 1703 2456 δὴ
1718 2421 1854 2448 τοσούτων
1876 2424 1939 2454 τοὺς

1155 2462 1207 2497 πρὸ
1223 2462 1304 2488 αὐτοῦ
1322 2465 1451 2498 φυσικοὺς
1465 2465 1623 2499 φιλοσόφους
1634 2466 1812 2501 διαϐέῆληκεν
1828 2470 1844 2495 ὀ
1867 2469 1939 2494 ιιλά-

1154 2515 1217 2534 των.
1236 2507 1343 2534 ὐποίαν
1357 2509 1385 2535 δὲ
1397 2510 1476 2541 αὐτὸς
1487 2511 1549 2546 περὶ
1563 2511 1616 2537 τῶν
1629 2512 1804 2547 ἐξητημένων
1820 2515 1938 2548 ἐπήγετο

1154 2552 1240 2584 δόξαν,
1252 2554 1281 2579 ὲν
1295 2555 1350 2586 τοῖς
1368 2555 1420 2590 πρὸ
1435 2558 1527 2583 τούτου
1544 2557 1734 2593 διειλήφαμεν.
1753 2559 1798 2584 ὅτε
1822 2567 1936 2593 σνμᾳυη

1153 2599 1208 2624 νείν
1221 2599 1300 2626 αὐτὸν
1315 2601 1369 2632 τοῖς
1393 2601 1524 2637 Ἐϐραίων
1541 2603 1672 2637 δόγμασι,
1689 2604 1736 2630 καὶ
1755 2606 1787 2639 τῇ
1814 2605 1937 2636 Μωσέως

1154 2645 1308 2680 συντρέχειν
1327 2647 1392 2682 περὶ
1415 2647 1461 2674 τοῦ
1477 2648 1552 2680 δντος
1566 2649 1725 2684 διδασκαλίᾳ
1744 2651 1935 2685 παριστῶμεν.

1153 2743 1371 2785 ριδρεηςίυηιᾳαε.
1396 2745 1495 2785 Pauor,
1517 2747 1597 2774 credo
1607 2768 1621 2785 ,_
1633 2748 1657 2775 id
1675 2748 1741 2785 satis
1765 2749 1935 2785 intelligunt.

1154 2777 1273 2818 Platonis
1288 2777 1364 2818 mens
1379 2777 1492 2818 videtur,
1508 2777 1667 2810 sententiam
1679 2784 1752 2810 illam
1767 2793 1830 2818 quae
1850 2777 1892 2812 ἀεὶ
1906 2785 1937 2811 τὸ

1153 2813 1206 2855 πεῖν
1218 2813 1385 2855 οὕτως-ἔχειν
1400 2816 1567 2855 defendebat,
1584 2823 1675 2852 utpote
1688 2813 1903 2855 συντονωτέραν.
1921 2827 1938 2846 a

1152 2848 1252 2908 lsiculis
1268 2848 1332 2876 istis
1340 2848 1519 2886 χαλασοῆναι,
1545 2848 1662 2880 laxatam
1676 2849 1804 2882 nonnihil
1818 2848 1851 2882 ac
1867 2848 1926 2886 nol

1164 2891 1169 2908 Ι
1184 2891 1226 2908 “In
1241 2890 1308 2908 C558.

1164 2887 1226 2910 Itum
1241 2890 1308 2910 csse.
