2061 3210
163 201 230 228 H95

746 201 906 228 l’llAiPAli.
931 201 1055 228 liV'ANG.
1079 201 1141 228 LIB.
1164 200 1231 227 ΧΠ.

1715 201 1783 227 Μελ

158 259 212 285 Κὰῒ
226 259 289 290 τοὺς
305 257 386 285 αὑτοῦ
400 258 428 285 δὲ
442 259 488 285 τοῦ
504 259 644 290 Πλάτωνος
660 259 799 294 διαδόχους
820 260 884 295 φέρε
908 260 946 294 τῷ

999 267 1051 293 que
1064 260 1120 293 jam
1138 259 1230 285 incidi.
1251 274 1281 277 —
1300 258 1401 284 llorum
1417 266 1497 292 porro
1519 257 1676 289 adversarii,
1702 266 1716 284 (ε
1736 266 1783 285 su-

156 303 230 338 Ἇόγῳ
251 304 443 340 θεωρήσωμεν.
471 305 600 332 Πλάτωνά
620 314 717 340 φασιν,
739 306 767 332 ὲν
795 307 946 342 ’Λκαδημίᾳ

159 349 361 385 συστησάμενον
378 350 426 386 τὴν
443 350 583 386 διατριϐὴν
594 371 601 383 ,
623 351 730 387 πρῶτον
748 352 946 387 ’Δκαδημαῖκὺν

157 395 304 430 κληθῆναι,
322 396 370 422 καὶ
387 396 436 432 τὴν
460 397 654 431 ὀνομασθεῖσαν
681 398 884 433 Ἀκαδημαϊκὴν
904 407 947 432 φι-

157 439 283 474 λοσοφίαν
301 441 494 476 συστήσασθαι.
511 443 588 469 Μετὰ
609 443 637 469 δὲ
659 443 789 470 Πλάτωνα
809 443 946 470 Σπεύσιπ-

157 493 207 511 πον
229 485 274 511 τὸν
290 486 320 518 ἐξ
336 486 454 521 ἀδελφῆς
479 487 632 519 Πλάτωνος,
649 489 698 523 τῆς
723 488 863 520 Πώτωνος·
888 485 946 514 εἶτα

157 531 344 566 Ξενοκράτην·
361 531 454 558 ἔπειτα
466 533 613 568 Πολέμωνα
627 533 676 569 τὴν
697 533 837 569 διατριϐὴν
853 534 947 560 ὑποδέ-

156 575 264 610 ξασθαι.
285 577 402 609 Τούτους
416 577 444 604 δὲ
464 578 506 612 ἀφ’
541 578 646 610 Ἑστίας
665 578 835 613 ἀρξαμένους
855 579 944 610 εὐθὺς,

156 622 192 648 τὰ
211 622 371 649 Πλατωνικά
387 631 452 657 φασι
463 623 623 658 παραλύειν,
644 624 839 659 στρεϐλοῦντας
855 625 889 651 τὰ
909 625 946 660 τῷ

156 667 309 702 διδασκάλῳ
338 667 456 702 φανέντα
483 667 565 701 ξένων
595 669 760 702 εἰσαγωγαῖς
792 669 944 704 δογμάτων.

159 711 240 737 Ὥστε
256 720 296 738 σοι
314 711 351 747 μὴ
368 712 407 743 είς
425 712 531 748 μακρὴν
554 712 673 744 ἐλπίζειν
698 713 747 748 τὴν
767 714 820 740 τῶν
842 714 946 749 θαυμα-

157 755 230 783 στῶν
243 755 354 783 ἐκείνων
369 756 499 790 διαλόγων
514 757 589 791 ἰσχὺν
602 758 755 793 ἀποσϐῆναι
768 779 775 791 ,
794 759 851 794 ἅμα
864 769 892 786 τε
913 763 945 796 τῇ

157 801 204 827 τοῦ
219 801 315 836 ἀνδρὸς
329 802 452 838 τελευτῇ,
471 803 517 829 καὶ
532 804 581 838 τὴν
594 803 647 830 τῶν
658 804 799 840 δογμάτων
823 806 946 842 διαδοχὴν

159 848 421 884 συναποτελευτῆσαι
435 858 442 864 ’
459 849 548 885 μάχης
564 850 688 878 ἐντεῦθεν
700 852 746 877 καὶ
765 852 885 884 στάσεως
894 854 947 880 ἀπὸ

159 893 242 920 τῶνδε
254 893 456 929 ἀρξαμένης,οὒ
476 904 540 921 ποτε
552 896 600 922 καὶ
613 897 653 928 εἰς
667 897 746 932 δεῦρο
758 898 947 935 ὁιαλειπούσης

157 939 222 971 τοὺς
236 939 271 966 τά
281 939 355 975 αὐτῴ
369 940 433 974 φίλα
443 941 539 975 ζηλοῦν
553 942 766 977 ἀσπαζομένους,
775 943 884 976 οὐδένας
897 945 945 979 μὲν

157 985 248 1018 ὄντας,
267 986 335 1022 πλὴν
350 988 374 1013 εἰ
392 987 428 1022 μὴ
453 984 493 1018 εἷς
510 995 560 1013 που
577 988 593 1023 ἢ
622 987 748 1023 δεύτερος
771 990 800 1015 ὲν
829 990 882 1024 ὅλῳ
906 990 945 1025 τῷ

159 1031 220 1066 βίῳ,
235 1031 251 1067 ἢ
265 1031 311 1058 καί
330 1040 402 1064 τινες
416 1032 488 1060 ἄλλοι
506 1033 602 1069 κομιδῇ
619 1033 728 1069 βραχεῖς
745 1035 791 1061 τὸν
813 1035 943 1071 ἀριθμόν·

157 1076 213 1103 οὐδ’
224 1077 300 1103 αὐτοὶ
312 1077 428 1113 πάμπαν
441 1078 575 1114 ἀλλότριοι
591 1080 758 1107 ἐπιπλάστου
777 1083 944 1115 σοφιστείας·

158 1123 220 1150 ἐπεὶ
232 1123 278 1150 καὶ
294 1124 318 1150 οἱ
332 1124 450 1159 πρόσθεν
466 1125 511 1151 τὸν
535 1125 666 1153 Πλάτωνα
681 1126 865 1163 διαδεξάμενοι
892 1137 946 1155 τοι-

157 1167 212 1194 οίδε
229 1168 300 1200 τινὲς
311 1169 511 1204 διαϐέϐληνται.
529 1170 676 1205 Πολέμωνα
693 1171 746 1207 γάρ
769 1160 835 1206 φασι
858 1172 945 1200 διαδέ-
964 1160 983 1187 Β

158 1213 255 1245 ξασθαι
278 1214 462 1249 Ἀρκεσίλαον,
477 1215 506 1242 ὃν
530 1215 561 1251 δὴ
584 1217 692 1252 κατέχει
709 1217 787 1252 λόγος
811 1218 944 1254 ἀφέμενον

158 1258 207 1294 τὴν
223 1259 364 1291 Πλάτωνος
374 1260 526 1295 δογμάτων,
547 1261 625 1297 ξένην
637 1262 706 1292 τινὰ,
722 1263 770 1289 καὶ
783 1283 790 1295 ,
805 1263 841 1295 ὥς
867 1273 943 1298 φασι,

157 1303 286 1339 δευτέραν
301 1306 485 1340 συστήσασθαι
506 1306 682 1342 Ἀκαδημίαν.
695 1308 780 1335 Φάναι.
800 1309 853 1345 γὰρ
882 1312 945 1345 περὶ

158 1349 285 1376 ἁπάντων
296 1351 404 1386 ἐπέχειν
419 1351 472 1378 δεῖν
483 1360 489 1366 ·
507 1350 577 1379 εἶναι
589 1352 642 1388 γὰρ
655 1353 742 1380 πάντα
755 1355 944 1390 ἀκατάληπτα,

158 1394 207 1420 καὶ
221 1394 284 1426 τοὺς
298 1395 337 1426 είς
350 1395 467 1431 ἑκάτερα
482 1395 576 1430 λόγους
593 1397 745 1432 ἰσοκρατεῖς
759 1397 892 1434 ἀλλήλοις,
901 1400 945 1425 καὶ

158 1439 209 1470 τὰς
221 1440 361 1475 αἰσθήσεις
376 1441 404 1467 δὲ
428 1441 559 1473 ἀπίστους
575 1440 652 1474 εἶναι,
681 1443 726 1470 καὶ
742 1443 830 1471 πάντα
855 1444 943 1478 λόγον.

165 1486 274 1522 Ἐπῄνει
290 1487 355 1521 γοῦν
378 1488 499 1514 Ἡσιόδου
516 1489 590 1515 τουτὶ
604 1489 634 1515 τὸ
646 1489 824 1525 ἀπόφθεγμα·

998 305 1152 339 periorihus
1185 304 1347 338 quibusdam
1377 304 1443 330 locis
1470 303 1619 337 oculosque
1655 304 1782 338 fugienti-

999 350 1049 376 bus
1064 349 1233 376 considerate
1250 349 1396 376 admodum
1420 354 1579 384 repugnant,
1596 357 1628 376 ac
1649 350 1784 383 spiritales

997 395 1129 428 quasdam
1142 399 1168 421 et
1181 394 1305 428 corporis
1317 398 1443 428 evpcrtes
1455 393 1557 421 formas
1572 401 1661 420 veram
1676 401 1708 421 ac
1720 402 1783 428 pro-

997 439 1083 473 priam
1100 439 1226 466 essentia:
1248 438 1382 465 rationem
1406 438 1517 470 habere,
1545 437 1712 472 argumentis
1736 446 1783 464 ur-

998 491 1069 520 gent.
1088 486 1200 512 lllorum
1219 489 1310 512 autem
1333 493 1466 520 corpora,
1489 492 1626 519 quamque
1643 484 1783 511 nominant

997 530 1049 565 ipsi
1068 520 1211 557 ‘veritatcm
1238 530 1296 557 suis
1319 531 1346 556 in
1375 529 1604 564 disputationibus
1626 529 1781 556 minutatim

997 575 1184 608 concidentes,
1197 582 1250 601 non
1261 575 1419 608 essentiam,
1434 579 1461 602 at
1473 574 1676 610 generationem
1687 580 1783 607 quam-

997 621 1058 648 dam
1068 621 1189 648 vocitant
1201 626 1332 656 perpetuo
1340 626 1415 648 motu
1428 621 1555 656 agitatam
1570 629 1576 647 :
1592 620 1673 655 726
1683 627 1716 648 ex
1728 628 1783 655 quo

998 667 1110 702 proinde
1128 667 1170 694 his
1193 667 1226 694 de
1244 668 1324 695 rebus
1341 668 1409 694 inter
1429 672 1562 702 utrosque
1579 667 1689 694 assidua
1710 674 1783 700 qum-

997 713 1059 739 dam
1077 713 1185 740 exsistit
1204 717 1230 740 et
1251 713 1356 740 inlinita
1370 713 1612 740 contenti0.-—Sic
1623 717 1673 739 est.
1696 722 1704 738 ›
1721 711 1783 738 lla-c

998 757 1084 789 Plato,
1099 757 1199 792 quibus
1214 758 1401 792 philosophos,
1417 759 1463 792 qui
1479 758 1511 785 de
1528 757 1648 793 physicis
1673 763 1735 785 ante
1755 765 1784 784 se

999 808 1191 835 tractaverant,
1210 805 1315 831 mordet
1334 812 1367 832 ac
1384 804 1501 831 vellicat.
1522 803 1627 836 Quibus
1643 803 1676 831 de
1701 803 1783 831 rebus

999 850 1110 885 ipsemet
1132 850 1362 885 quemadmodum
1390 850 1516 883 senserit,
1541 849 1729 884 superioribus
1752 849 1769 875 li

1000 895 1056 922 bris
1075 895 1131 929 jam
1163 895 1379 927 declaravimus,
1404 903 1465 923 cum
1490 903 1552 923 eum
1575 896 1602 922 in
1627 895 1686 930 ejus
1709 896 1782 929 quod

998 944 1039 967 est
1055 941 1184 968 tradenda
1200 941 1415 976 explicandaque
1432 941 1547 972 ratione,
1573 948 1635 968 cum
1658 939 1769 967 Heln-aro

999 994 1059 1012 rum
1070 986 1192 1022 adeoque
1199 986 1299 1022 Moysis
1308 987 1429 1014 doctrina
1436 987 1590 1014 consentire
1602 985 1782 1014 ostendimus.

1001 1032 1130 1066 Deinceps
1152 1032 1233 1067 igitur
1258 1033 1291 1059 ad
1315 1033 1438 1066 ejusdem
1462 1031 1583 1060 Platonis
1609 1039 1783 1059 successores

998 1078 1149 1105 veniamus.
1172 1078 1313 1105 Platonem
1329 1078 1430 1111 ferunt,
1448 1086 1509 1105 cum
1527 1078 1561 1106 ad
1582 1086 1646 1105 suas
1660 1078 1783 1112 disputa-

999 1124 1086 1151 tiones
1111 1124 1285 1152 Academiam
1311 1124 1462 1159 delegisset,
1486 1124 1608 1151 omnium
1633 1124 1781 1159 principem

999 1172 1184 1199 academicum
1205 1180 1265 1200 esse
1286 1173 1400 1204 dictum,
1424 1177 1505 1206 atque
1521 1171 1587 1199 illud
1607 1171 1782 1206 philosophia:

998 1225 1093 1252 genus,
1116 1219 1188 1252 quod
1202 1219 1284 1245 etiam
1308 1218 1500 1245 Academicum
1519 1218 1678 1250 nominant,
1705 1217 1783 1244 insti-

999 1263 1093 1291 tuisse.
1110 1263 1216 1291 Platoni
1243 1264 1435 1299 Speusippum,
1452 1264 1512 1299 ejus
1534 1272 1566 1290 ex
1590 1271 1683 1290 sorore
1701 1263 1778 1290 Poto-

999 1309 1041 1336 nis
1063 1309 1118 1336 ﬁlia
1135 1315 1271 1344 nepotem,
1296 1310 1448 1345 Speusippo
1473 1310 1653 1337 Xenocratem
1675 1317 1783 1336 succes-

999 1355 1078 1382 sisse.
1097 1355 1165 1383 Tum
1182 1356 1276 1383 eodem
1299 1357 1326 1384 in
1347 1357 1408 1384 loco
1426 1356 1539 1383 docendi
1560 1363 1659 1383 munus
1673 1364 1688 1382 a
1706 1355 1784 1382 Pole-

1000 1409 1079 1429 mone
1092 1407 1258 1437 susceptum.
1274 1402 1348 1435 Quos
1362 1403 1471 1437 quidem
1484 1402 1572 1435 aiunt,
1584 1402 1619 1428 ab
1633 1402 1692 1436 ipso
1705 1402 1782 1436 quasi

999 1447 1067 1474 Lare
1102 1443 1232 1480 exorsos,
1260 1447 1427 1475 Platonicam
1459 1447 1612 1475 doctrinam
1646 1451 1782 1477 evertere,

999 1493 1062 1520 dum
1076 1501 1136 1528 qua:
1152 1494 1311 1528 prmecptori
1326 1501 1377 1522 suo
1390 1493 1561 1528 placuerunt,
1576 1492 1782 1528 peregrinorum

158 1533 316 1569 dogmatum
350 1536 470 1563 novitate
499 1536 658 1570 depravant.
694 1537 812 1565 Prorsus
847 1543 876 1565 ιιι
901 1540 1075 1568 metuendum
1110 1541 1155 1573 sit,
1188 1549 1223 1569 ne
1249 1541 1452 1568 admirabilium
1477 1540 1648 1575 dialogorum
1669 1539 1710 1565 vis
1739 1538 1784 1564 illa

160 1582 307 1617 singularis
327 1583 402 1611 brevi
419 1584 627 1619 exstinguatur,
660 1592 769 1620 unaque
788 1593 849 1613 cum
876 1586 994 1616 hominis
1015 1588 1126 1616 interitu
1160 1589 1218 1624 ipsa
1238 1596 1346 1625 quoque
1378 1588 1509 1616 doctrinae
1536 1587 1674 1616 successio
1693 1583 1784 1614 fundi-

160 1633 205 1657 tus
225 1631 349 1658 intereat.
365 1630 428 1657 ΠιΒο
451 1631 523 1658 enim
547 1638 636 1666 pugna
651 1637 733 1666 atque
760 1632 895 1660 dissensio
913 1634 947 1661 ab
964 1635 1024 1663 istis
1039 1635 1094 1670 jam
1121 1636 1183 1663 inde
1197 1641 1294 1671 coepta,
1325 1636 1371 1671 qui
1387 1643 1415 1663 se
1426 1635 1545 1663 Platonis
1567 1639 1713 1662 sectatores
1727 1642 1785 1669 pro-

161 1677 287 1707 ﬁtentur.
319 1677 373 1705 huc
395 1686 483 1712 usque
508 1685 602 1705 omnes
625 1686 753 1706 exercere
781 1687 834 1707 non
864 1681 972 1709 desinit.
991 1682 1151 1717 Quanquam
1168 1683 1235 1711 tales
1263 1683 1382 1718 profecto
1397 1683 1463 1710 nulli
1475 1684 1530 1718 jam
1545 1687 1616 1716 sunt,
1631 1683 1654 1709 si
1664 1688 1719 1710 toto
1735 1684 1785 1710 hoc

159 1723 291 1758 temporis
314 1723 403 1758 spatio
424 1731 508 1750 unum
536 1723 662 1752 fortassis
690 1725 850 1758 alterumve,
874 1731 948 1754 certe
966 1735 1068 1762 paucos
1094 1729 1240 1756 admodnm
1272 1729 1402 1764 excipias.
1431 1728 1482 1762 Qui
1501 1734 1589 1756 tamen
1607 1729 1703 1764 neipsi
1723 1729 1783 1764 qui-

160 1768 223 1796 dem
242 1768 318 1797 fuere
343 1769 377 1796 ab
397 1770 471 1796 omni
490 1770 632 1804 peregrina
652 1775 680 1797 et
697 1771 846 1806 sophislica
868 1773 956 1808 specie
976 1774 1057 1802 alieni
1082 1783 1089 1801 :
1107 1783 1167 1803 cum
1180 1776 1218 1802 illi
1233 1775 1325 1808 etiam,
1345 1775 1391 1810 qui
1408 1775 1530 1802 omnium
1549 1776 1627 1810 primi
1644 1774 1784 1803 Platonem

160 1820 341 1851 exceperant,
375 1816 462 1843 labem
485 1815 555 1844 hanc
578 1822 604 1844 ct
632 1817 767 1844 maculam
790 1819 907 1854 ell‘ugere
928 1829 981 1847 non
1015 1823 1160 1856 potuerint.
1189 1821 1256 1849 Nam
1283 1822 1422 1850 Polemoni
1448 1821 1596 1849 Arcesilam
1622 1823 1785 1851 successisse

159 1863 247 1896 aiunt,
263 1871 343 1898 quem
359 1862 430 1890 fama
462 1866 503 1890 est
520 1863 611 1890 relicta
647 1862 768 1891 Platonis
785 1863 920 1898 doctrina,
948 1868 1116 1902 peregrinam
1138 1868 1297 1902 quamdam,
1333 1871 1423 1902 atque,
1452 1871 1480 1893 ut
1505 1872 1612 1898 voeant,
1638 1868 1783 1894 secundani
1821 1859 1823 1862 ’

160 1909 336 1937 Academiam
358 1909 520 1937 instituisse.
554 1909 641 1946 llujus
665 1911 737 1937 enim
754 1913 894 1947 proprium
918 1913 945 1940 id
965 1913 1061 1947 fuisse,
1088 1919 1118 1941 ut
1145 1914 1246 1942 diceret
1266 1913 1391 1940 rebusin
1408 1913 1535 1940 omnibus
1553 1913 1721 1941 retinendam
1741 1922 1786 1941 as--

160 1955 317 1982 seusionem
326 1963 386 1982 esse
395 1964 402 1988 ;
412 1956 485 1990 quod
495 1959 570 1983 certo
580 1956 681 1991 percipi
691 1957 758 1984 nihil
777 1963 879 1993 posset,
889 1960 961 1994 quod
982 1968 1059 1994 aeque
1083 1960 1232 1995 probabilis
1243 1960 1350 1988 essetin
1363 1964 1466 1994 partem
1476 1964 1618 1994 utramque
1626 1960 1783 1995 disputatio,

160 2001 234 2036 quod
250 2002 368 2036 denique
381 2007 436 2029 tam
447 2002 584 2030 rationum
596 2003 730 2037 omnium,
740 2012 821 2039 quam
834 2013 963 2034 sensuum
974 2007 1040 2035 lides
1057 2007 1201 2035 laboraret.
1217 2007 1306 2040 Quare
1322 2006 1448 2034 laudabat
1462 2006 1527 2034 illud
1538 2005 1658 2039 Hesiodi,

179 2072 356 2106 Ιῴύψαντες
366 2071 420 2105 γὰρ
436 2070 542 2105 ἔχουσι
555 2071 615 2097 θεοὶ
628 2071 700 2098 νόον
718 2071 928 2106 ἀνθρώποισιν.

1073 2073 1185 2109 Ignarus
1197 2074 1330 2100 hominum
1341 2072 1502 2107 suspendunt
1516 2073 1624 2100 numina
1642 2079 1749 2102 mentm.

165 2138 311 2173 Ἔπειρᾶτο
329 2136 357 2163 δὲ
370 2137 417 2163 καὶ
434 2136 572 2171 παράδοξᾶ
584 2145 644 2163 τινα
658 2137 851 2169 ἀνακαινίζειν.
872 2138 946 2165 Μετά

1000 2139 1074 2166 Idem
1088 2143 1115 2166 et
1123 2139 1252 2166 nonnulla
1271 2143 1368 2173 praeter
1380 2145 1551 2165 communem
1568 2137 1707 2165 hominum
1726 2138 1783 2173 opi-

160 2185 190 2210 δὲ
204 2183 250 2210 τὸν
270 2183 443 2218 ’Λρκεσίλαον
463 2183 524 2214 τοὺς
536 2183 607 2218 ἀμφὶ
620 2183 776 2219 Καρνεάδην
803 2185 850 2211 καὶ
868 2185 948 2211 Κλει-

159 2230 296 2265 τόμαχον,
321 2230 369 2264 τῆς
385 2229 438 2255 τῶν
466 2229 603 2264 προτέρων
628 2229 707 2264 δόξης
730 2230 946 2265 ἀποτραπέντας,

159 2276 256 2311 τρίτης
277 2275 445 2310 Ἀκαδημίας
474 2275 576 2306 αἰτίους
597 2275 723 2309 γενέσθαι
744 2276 834 2310 φασίν.
862 2276 947 2302 Ἔνιοι

159 2323 190 2349 δὲ
203 2323 251 2349 καὶ
278 2322 411 2357 τετάρτην
427 2322 612 2358 προστιθέασι,
629 2322 677 2357 τὴν
690 2322 744 2348 τῶν
763 2323 827 2357 περὶ
849 2323 894 2349 τὸν
907 2323 949 2348 Φίο

160 2367 234 2396 λωνα
249 2370 296 2395 καὶ
315 2368 466 2404 Χαρμίδαν.
482 2368 560 2399 Τινὲς
572 2368 599 2394 δὲ
623 2369 669 2394 καὶ
685 2369 813 2404 πέμπτην
833 2368 948 2395 καταλέ-

161 2423 251 2449 γουσι,
266 2415 314 2450 τὴν
328 2414 381 2440 τῶν
393 2414 457 2449 περὶ
466 2414 511 2440 τὸν
533 2414 675 2449 Ἀντίοχον.
697 2414 812 2449 Τοιαύτη
837 2414 886 2449 μέν
908 2423 949 2445 τις

162 2462 179 2496 ή
198 2461 280 2487 αὑτοῦ
297 2461 436 2491 Πλάτωνος
451 2459 555 2495 ὑπῆρξε
571 2460 689 2495 διαδοχή.
714 2460 814 2486 Ὀποῖοι
828 2460 856 2486 δὲ
871 2460 937 2494 γεγό

162 2514 240 2531 νασιν
271 2505 324 2531 οἵδε
350 2505 394 2531 τὸν
423 2505 533 2540 τρόπον,
557 2503 646 2531 λαϐὼν
668 2505 804 2538 ἀνάγνωθι
833 2505 881 2536 τὰς
898 2501 948 2531 ὧδε

163 2551 279 2586 ἐχούσας
293 2551 445 2586 Νουμηνίου
459 2550 505 2577 τοῦ
523 2549 705 2586 Πυθαγορείου
720 2551 810 2584 φωνὰς
820 2571 826 2582 ,
849 2550 881 2582 ἃς
905 2551 949 2577 τέ-

164 2598 254 2624 θειται
278 2597 307 2622 ὲν
328 2597 367 2632 τῷ
382 2596 482 2632 πρώτῳ
506 2593 544 2622 ὧν
560 2596 700 2630 ἐπέγραψε
724 2597 793 2630 Περὶ
809 2596 865 2630 τῆς
891 2596 950 2623 τῶν

170 2644 388 2678 Ἀκαδημαϊκῶν
397 2643 471 2678 πρὸς
480 2642 625 2670 Πλάτωνα
637 2643 830 2676 διαστάσεως.

420 2712 615 2739 ΚΕΦΔΛΑΙΟΝ
630 2712 667 2739 Ε’.

161 2779 233 2815 Περὶ
257 2779 312 2814 τῆς
325 2780 400 2807 κατὰ
415 2779 558 2806 Πλάτωνα
585 2778 697 2812 πρώτης
725 2778 877 2812 διαδοχῆς.
899 2780 949 2805 Ἐκ

287 2815 346 2842 τῶν
366 2815 535 2849 Νουμηνίου
550 2815 602 2841 τοῦ
615 2815 827 2847 Πυθαγορικοῦ.

203 2871 212 2888 ι
239 2862 300 2888 Ἐπὶ
312 2861 361 2896 μὲν
375 2862 462 2887 τοίνυν
476 2860 650 2887 Σπεύσιππον
674 2859 719 2886 τὸν
737 2859 879 2890 Πλάτωνος
903 2859 951 2894 μὲν

163 2907 329 2938 ἀδελφιδοῦν,
345 2907 512 2941 Ξενοκράτην
524 2906 551 2932 δὲ
568 2907 613 2932 τὸν
629 2905 747 2940 διάδοχον
759 2905 804 2932 τοῖο
821 2905 951 2932 Σπευσίπ-

327 2967 461 2996 ΡΑιι-ιιοι.
485 2967 544 2997 Gn.
566 2966 657 2998 XXI.

1001 2185 1109 2212 nionem
1127 2184 1258 2211 innovare
1283 2183 1444 2211 conabatur.
1460 2182 1525 2209 Post
1541 2182 1701 2214 Arcesilam,
1717 2183 1782 2209 Cai—

1001 2230 1100 2257 neades
1129 2234 1155 2257 et
1177 2229 1361 2257 Clitomachus
1396 2227 1530 2255 exstitisse
1558 2227 1701 2259 dicuntur,
1723 2228 1785 2262 qui,

1001 2273 1101 2308 rejecta
1120 2273 1291 2308 superiorum
1317 2272 1456 2307 opinione,
1481 2272 1589 2298 tertiam
1611 2271 1784 2299 Academiam

1001 2318 1183 2346 fundaverint.
1199 2319 1303 2352 Quibus
1327 2324 1354 2347 et
1380 2322 1506 2353 quartam
1522 2319 1624 2345 addunt
1647 2319 1783 2350 nonnulli,
1818 2321 1823 2327 '

1001 2364 1207 2400 quazPhllonem
1216 2369 1243 2392 et
1251 2364 1423 2391 Charmidam
1439 2364 1574 2398 principes
1589 2364 1695 2391 habeat.
1705 2365 1784 2400 727

1002 2411 1058 2438 lmo
1066 2412 1132 2438 etab
1141 2411 1201 2438 aliis
1208 2411 1329 2446 quintam
1337 2410 1472 2437 numerari
1481 2410 1572 2442 audio,
1580 2418 1640 2444 quae
1646 2416 1784 2445 parentem

1001 2463 1130 2492 agnoscat
1144 2457 1318 2484 Antiochum.
1339 2456 1371 2483 Et
1393 2455 1513 2483 Platonis
1528 2457 1636 2490 quidem
1652 2457 1785 2492 ejusmodi

1001 2509 1174 2529 successores
1198 2502 1281 2529 fuere.
1305 2502 1427 2534 Quorum
1453 2503 1475 2528 si
1503 2509 1593 2529 mores
1614 2506 1640 2528 et
1661 2503 1785 2529 instituta

1001 2555 1081 2575 nosse
1097 2549 1183 2581 cupis,
1196 2546 1358 2574 Numenium
1381 2547 1580 2582 Pythagoreum
1597 2548 1721 2580 consule,
1738 2549 1784 2582 qui

1001 2594 1089 2628 primo
1104 2601 1137 2620 ex
1151 2593 1194 2625 iis,
1210 2600 1278 2627 quos
1296 2593 1332 2619 De
1345 2593 1563 2619 Academicorum
1584 2601 1601 2619 a
1615 2592 1729 2620 Platone
1742 2594 1784 2621 di-

1001 2639 1084 2665 vortio
1096 2639 1266 2673 conscripsit,
1280 2639 1336 2665 inec
1351 2639 1384 2665 ad
1398 2638 1509 2665 verbum
1524 2638 1614 2665 habet.

1316 2705 1428 2734 CAPUT
1453 2706 1481 2733 ν.

1008 2772 1042 2798 οε
1057 2773 1141 2806 prima
1154 2771 1302 2798 Platonica:
1312 2772 1438 2798 doctrina:
1447 2773 1618 2800 succesione.
1634 2773 1675 2800 Ex
1688 2773 1788 2803 Nume-

1268 2808 1309 2833 nio
1336 2807 1521 2841 Pythagorico.

1042 2865 1050 2880 α
1073 2855 1267 2890 Speusippum,
1282 2856 1385 2890 inquit,
1402 2855 1477 2882 Plato
1492 2861 1615 2890 nepotem
1635 2856 1729 2884 habuit
1751 2865 1787 2885 ex

1004 2910 1110 2930 sorore:
1132 2904 1261 2930 successit
1275 2904 1336 2930 huic
1351 2903 1530 2935 Xenocrates,
1553 2913 1632 2939 quem
1657 2906 1683 2932 in
1704 2907 1788 2935 scho-

1629 2963 1670 2992 38
