2061 3210
298 203 367 230 H95

616 201 748 228 EllSEBll
769 200 1004 227 CrESARIENSlS
1024 201 1099 228 OPP.
1122 200 1211 228 PARS
1231 201 1260 228 ll.
1283 217 1316 221 κ-
1337 201 1585 230 APOLOGETICA.

1849 203 1918 230 H96

298 262 330 288 Ιειε
344 260 498 295 magisterio
510 258 620 286 Polemo
634 263 743 286 Secutus
760 265 810 286 est.
827 259 868 285 Ab
880 259 920 286 his
937 259 1081 286 l‘l.:tonic:e

1136 268 1194 291 mu,
1213 260 1359 294 Πολέμωνα
1374 260 1402 286 δὲ
1417 260 1462 286 τὸν
1478 261 1654 295 ἐκδεξάμενον
1670 260 1718 297 τὴν
1733 261 1829 296 σχολὴν
1845 262 1922 296 παρὰ

297 307 428 334 doctrinae
453 305 523 332 ratio
549 309 713 339 propagata,
742 305 784 332 sui
807 305 862 331 fere
887 305 1082 332 similiszcum

298 353 356 380 hate
370 352 464 379 saltem
481 351 651 378 assensionis
664 351 807 377 decantata
823 351 950 382 retentio,
967 356 993 377 ct
1008 351 1084 385 quid-

297 399 362 434 quid
379 398 442 425 huic
454 397 533 424 al‘ﬁne
550 402 609 430 est,
627 398 748 424 nondum
770 397 926 425 exsisteret.
943 398 1024 424 Iidem
1042 402 1083 424 la-

298 452 379 477 men,
395 444 418 471 si
442 449 541 471 caetera
564 445 736 478 cogitemus,
762 444 796 471 iis
826 444 923 478 partim
942 443 1081 475 infractis,

297 490 395 524 partim
425 489 595 524 depravatis,
630 490 744 524 primam
774 489 847 516 illam
881 490 1082 517 successionem

298 535 410 562 minime
426 535 595 562 retinuerunt
613 545 618 562 :
638 535 684 562 sed
699 535 761 562 inde
783 535 874 562 statim
901 535 1061 568 incipientes
1075 557 1082 567 ,

297 588 360 608 cum
388 580 467 607 initio
492 586 550 607 tum
579 581 722 615 deinceps,
745 581 868 608 diversas
893 581 919 607 in
952 579 1084 608 factiones

299 627 390 654 abiere
401 646 407 658 ,
422 627 478 654 sive
490 626 637 661 prudentes
655 627 680 654 id
698 627 812 654 iecerint
823 647 830 660 ,
848 627 906 654 sive
927 627 1084 661 impruden-

299 677 351 704 tes,
363 673 422 700 sive
436 672 488 699 alia
503 673 622 707 qualibet
636 672 746 707 impulsi
763 680 854 699 causa.
871 672 963 699 Abfuit
981 677 1081 705 tamen,

298 719 394 754 opinor
404 738 412 751 ,
426 719 514 746 omnis
527 718 670 745 ambitiosa
688 718 835 745 contentio.
849 718 979 753 Equidem
994 718 1083 746 Xeno-

298 765 381 792 cratis
397 772 480 792 causa
505 771 585 791 secus
600 764 690 791 dicere
721 764 788 791 nihil
809 763 905 795 velim,
929 764 975 791 scd
994 768 1082 791 tamen

298 810 422 837 Platonis
432 817 515 837 causa
532 809 677 837 dicendum
695 814 747 837 est.
766 809 842 836 Dolet
859 810 931 836 enim
962 809 1083 844 profecto

298 855 380 885 mihi.
397 862 445 881 eos
459 854 551 881 omnia
564 854 672 881 molitos
684 862 738 880 non
756 861 832 886 esse,
856 859 887 881 ut
905 854 1012 889 plenam
1030 854 1082 881 sibi

299 905 380 935 atque
391 901 524 934 integrant
541 899 567 926 in
581 899 710 926 omnibus
725 906 787 926 cum
797 898 908 926 Platone
922 898 1082 926 consensio-

1134 304 1326 339 Ξενοκράτους,
1351 305 1394 330 ἀεὶ
1413 304 1443 330 τὸ
1458 303 1522 340 ἦθος
1542 305 1685 331 διετεένετο
1704 305 1758 331 τῶν
1779 305 1923 339 δογμάτων

1136 350 1227 384 σχεδόν
1239 359 1264 375 τι
1279 350 1376 376 ταύτὸν
1387 350 1467 376 ἕνεκά
1484 359 1515 384 γε
1531 350 1581 384 τῆς
1595 351 1678 386 μήπω
1694 350 1796 384 ἐποχῆς
1806 350 1924 385 ταυτησὶ

1134 396 1183 430 τῆς
1196 395 1413 431 πολυϐρυλλήτου
1429 404 1469 428 τε,
1483 397 1530 422 καὶ
1542 397 1566 422 εἰ
1580 396 1610 431 δή
1626 405 1706 422 τινων
1728 395 1856 422 τοιούτων
1874 396 1924 423 ἆλ-

1135 441 1195 468 7.ων.
1221 442 1297 468 Ἐπεὶ
1312 442 1352 473 εἷς
1365 451 1396 476 γε
1414 442 1448 468 τὰ
1459 442 1525 468 ἄλλα
1539 442 1658 477 πολλαχῆ
1674 442 1713 477 (8)
1726 442 1923 478 παραλύοντες,

1134 486 1168 512 τὰ
1183 485 1211 512 δὲ
1225 486 1484 521 στρεϐλοῦντες,οὺκ
1494 486 1635 522 ἐνέμειναν
1650 488 1683 522 τῇ
1699 486 1794 522 πρώτῃ
1801 486 1922 522 διαδοχῇ·

1135 531 1282 567 ἀρξάμενοι
1307 532 1335 558 δὲ
1350 533 1397 559 ἀπ’
1413 533 1517 558 ἐκείνου
1529 552 1536 564 ,
1554 533 1600 559 καὶ
1625 532 1721 559 θᾶττον
1740 533 1788 559 καὶ
1814 533 1924 567 βράδιον

1134 578 1268 605 διίσταντο
1295 579 1454 614 προαιρέσει
1469 579 1485 614 ἢ
1498 579 1603 614 ἀγνοίᾳ,
1621 580 1655 605 τὰ
1673 579 1698 605 δὲ
1712 579 1743 615 δή
1768 588 1822 606 τινι
1850 579 1923 615 αἰτίᾳ

1134 625 1210 661 ἄλλῃ,
1227 626 1277 651 οὐκ
1293 625 1325 652 ἂν
1338 625 1470 660 φιλοτίμῳ
1488 625 1560 657 ἴσως.
1575 627 1629 652 Καὶ
1639 626 1669 652 οὺ
1687 626 1736 660 μὲν
1750 626 1880 661 βούλομαί
1897 635 1924 652 τι

1135 671 1253 706 φλαῦρον
1260 673 1347 698 εἰπεῖν
1355 671 1398 698 διὰ
1405 672 1587 707 Ξενοκράτην,
1599 672 1698 707 μᾶλλον
1708 671 1760 708 μὴν
1771 673 1842 708 ὑπὲρ
1853 672 1924 699 Πλά-

1133 726 1217 749 τωνος
1232 718 1325 744 ἐθέλω.
1344 719 1400 745 Καὶ
1409 719 1462 753 γάρ
1483 727 1516 754 με
1546 719 1648 750 δάκνει,
1663 719 1703 745 ὅτι
1727 719 1765 754 μὴ
1784 719 1839 745 πᾶν
1856 718 1925 746 ἑπα-

1134 762 1179 789 Θὸν
1194 771 1223 789 τε
1237 766 1284 790 καὶ
1300 764 1393 800 ἔδρων,
1410 763 1540 796 σώζοντες
1558 765 1596 800 τῷ
1611 764 1733 791 Πλάτωνι
1750 763 1822 790 κατὰ
1835 764 1925 790 πάντα

1133 809 1221 844 πάντη
1247 809 1336 835 πᾶσαν
1360 809 1499 844 ὀμοδοξίαν
1537 810 1632 837 Καίτοι
1658 809 1733 842 ἄξιος
1750 806 1784 844 ἦν
1802 810 1926 841 αὑτοῖςἛ

1133 854 1255 886 Πλάτων,
1272 855 1322 880 οὐκ
1338 855 1457 890 ἀμείνων
1481 855 1529 889 μὲν
1550 855 1708 890 Πυθαγόρου
1724 854 1771 880 τοῦ
1793 854 1923 889 μεγάλου,

1133 900 1163 926 οὐ
1182 900 1271 935 μέντοι
1292 900 1356 932 ἴσως
1372 900 1429 926 οὐδὲ
1443 900 1624 936 φλαυρότερος
1637 900 1740 927 ἐκείνου
1752 908 1758 914 ”
1773 897 1796 934 ᾧ
1813 909 1926 926 συνακο-

299 955 360 974 ncnt
377 945 563 973 defenderent.
582 945 614 972 Et
627 953 658 972 ea
687 945 795 979 quidem
807 944 884 971 Plato
898 945 997 980 dignus
1011 950 1082 975 erat,

1136 945 1294 977 λουϐοῦντες
1312 946 1454 979 σεῳοέντες
1470 954 1499 972 τε
1510 945 1686 981 οἱ.γνώριμοι,
1704 946 1830 980 ἐγένοντο
1845 946 1926 971 πολυ-

298 990 345 1024 qui
364 997 462 1025 magno
481 989 526 1016 illo
538 988 691 1024 Pythagora
708 994 737 1016 ut
748 989 906 1016 mcliornon
924 989 1016 1022 fuerit,
1030 997 1083 1016 non

299 1037 349 1064 fuit
363 1042 455 1063 tamen
472 1035 588 1062 fortasse
604 1035 723 1062 deterior
740 1045 746 1062 :
765 1043 846 1070 quem
866 1036 992 1070 discipuli
1012 1036 1084 1071 quod

299 1083 384 1110 secuti
401 1089 497 1109 omnes
513 1089 545 1108 ac
571 1082 690 1109 venerati
717 1081 833 1114 fuerint,
861 1081 887 1108 id
903 1082 983 1108 etiam
1006 1090 1085 1116 cgere

299 1128 488 1164 potissimum,
502 1133 531 1155 ut
548 1135 656 1156 summo
668 1128 738 1163 apud
754 1135 851 1156 omnes
874 1128 900 1155 in
922 1129 1010 1162 pretio
1037 1129 1084 1154 ha-

298 1176 404 1203 bentur.
420 1173 476 1202 Hoc
488 1174 576 1209 ipsum
594 1173 738 1209 Epicurei,
754 1181 896 1209 perperam
910 1174 948 1201 illi
962 1175 1084 1209 quidem,

299 1221 344 1249 sed
363 1227 453 1248 tamen
470 1227 532 1248 cum
551 1219 746 1255 intelligerent,
769 1220 842 1247 nulla
863 1228 983 1255 unquam
1012 1220 1039 1246 in
1056 1228 1085 1247 re

299 1267 332 1294 ab
347 1266 464 1301 Epicuro
481 1266 614 1294 dissidere
629 1266 680 1293 visi
706 1271 789 1298 sunt,
813 1267 860 1294 sed
878 1267 968 1302 potius
989 1267 1084 1294 eadem

298 1313 411 1340 omnino
427 1320 456 1340 se
470 1320 532 1340 cum
550 1313 672 1346 sapiente
699 1320 750 1340 suo
763 1313 864 1340 sentire
881 1313 1005 1348 professi,
1024 1313 1085 1348 jure

299 1362 441 1394 propterea
464 1358 492 1385 id
515 1358 634 1385 nominis
656 1358 785 1385 habuere.
811 1357 883 1391 Quin
914 1359 1014 1392 etiam,
1037 1359 1084 1394 qui

299 1404 465 1438 longissimo
491 1403 619 1439 deinceps
637 1404 779 1431 intervallo
799 1405 939 1432 consecuti
960 1404 1085 1439 Epicurei

300 1455 380 1483 sunt,
399 1450 416 1477 ii
432 1458 482 1478 uec
493 1450 541 1478 abs
560 1457 620 1478 sese
634 1455 730 1478 mutuo
742 1471 749 1483 ,
769 1458 819 1478 nec
840 1450 875 1478 ab
899 1452 994 1479 eodem
1022 1451 1085 1486 Epi-

298 1506 381 1526 cureo
397 1497 548 1529 tantillum,
565 1496 637 1531 quod
655 1495 764 1531 quidem
782 1496 940 1524 meminisse
952 1496 1065 1523 attineat
1076 1516 1083 1527 ,

299 1546 460 1573 discessere.
476 1545 532 1571 lmo
543 1542 655 1570 sceleris
678 1542 749 1577 apud
773 1549 839 1574 eos,
859 1542 900 1569 vel
925 1542 1016 1577 potius
1033 1543 1084 1568 im-

299 1591 408 1626 pietatis
419 1590 463 1617 ille
472 1589 617 1617 damnetur
627 1608 634 1621 ,
653 1588 699 1623 qui
714 1588 776 1615 novi
789 1588 927 1623 quidpiam
940 1588 1082 1615 invexerit.

300 1636 382 1671 728
397 1636 486 1668 Quare
505 1642 586 1662 nemo
613 1641 725 1669 prorsus
743 1633 769 1660 id
787 1634 895 1661 audeat.
919 1633 971 1661 Sed
988 1641 1083 1662 eorum

299 1682 427 1715 dogmata
444 1679 480 1706 ob
493 1683 662 1707 constantem
680 1679 753 1705 illam
767 1679 889 1706 omnium
903 1679 974 1709 inter
985 1687 1014 1707 se
1024 1687 1085 1714 per-

300 1731 463 1761 petuamque
486 1725 678 1757 concordiam,
700 1725 726 1751 iu
753 1725 886 1752 altissima
914 1725 1031 1759 quadam
1058 1730 1085 1753 ct

301 1771 524 1806 tranquillissima
549 1778 615 1805 pace
639 1775 792 1798 versantur.
824 1769 862 1798 lta
891 1771 949 1798 lucc
975 1771 1084 1806 Epicuri

299 1824 374 1846 Secta
389 1825 458 1844 vera:
471 1817 579 1844 cuidam
592 1816 748 1850 reipublicae
763 1816 911 1851 persimilis
926 1821 967 1844 est
979 1836 986 1849 ,
1002 1824 1084 1851 quam

301 1864 334 1890 ab
350 1862 424 1890 omni
447 1861 580 1889 seditione
605 1860 833 1893 remotissimam,
864 1868 942 1887 mens
961 1860 1084 1894 qumdam

301 1917 353 1936 una
369 1907 521 1935 communis
535 1927 542 1939 ,
555 1914 664 1941 unaque
676 1906 808 1933 sententia
821 1906 986 1934 moderetur.
996 1905 1083 1939 Quam

301 1954 338 1980 illi
355 1952 527 1987 disciplinam
544 1956 571 1979 ct
588 1955 665 1978 antea
678 1951 765 1979 secuti
778 1956 841 1978 sunt
863 1951 937 1978 multi
951 1951 1087 1986 perliben-

301 2005 341 2027 ter
353 2020 360 2032 ,
378 2005 404 2027 ct
421 2003 574 2034 sequuntur
595 1999 761 2029 etiamnum,
778 2002 859 2032 atque
885 1997 970 2030 adeo,
994 2002 1023 2024 ut
1048 1997 1086 2023 si-

300 2046 444 2073 millimum
459 2045 515 2072 veri
526 2049 568 2072 est
580 2065 586 2077 ,
602 2044 629 2070 in
643 2049 780 2079 posterum
795 2048 952 2078 sequentur.
969 2043 1003 2069 At
1013 2042 1087 2069 Stoi-

300 2099 347 2119 cos
358 2092 427 2118 inter
451 2090 584 2118 factiones
600 2090 729 2117 exstitere
743 2110 750 2122 ,
771 2098 832 2124 qua:
849 2090 884 2116 ab
901 2090 965 2124 ipsis
990 2097 1085 2116 eorum

300 2138 453 2166 commissae
467 2137 654 2172 principibus,
681 2137 714 2164 ad
743 2145 793 2164 nos
824 2145 910 2172 usque
933 2140 1087 2171 propagata:

300 2189 374 2212 sunt.
387 2184 425 2210 Ac
438 2191 498 2211 sese
509 2183 547 2210 illi
564 2188 659 2210 lnuluo
670 2184 786 2218 graviter
801 2183 947 2210 admodum
963 2188 990 2209 ct
1009 2190 1085 2209 acer—

299 2232 332 2258 bc
345 2231 531 2266 redarguunt,
553 2230 617 2256 dum
643 2229 688 2256 alii
712 2236 791 2256 suum
816 2228 905 2255 adhuc
931 2228 1085 2255 institutum

1134 990 1323 1026 τιμητίζεσοαι
1340 990 1494 1017 αἰτιώτατοι
1505 991 1551 1018 τὸν
1566 991 1735 1027 Πυθαγόραν.
1751 991 1836 1017 Τοῦτο
1857 991 1884 1017 δὲ
1898 992 1925 1018 οἱ

1142 1037 1321 1073 Ἐπικούρειοι
1337 1038 1386 1064 οὐκ
1411 1037 1514 1071 ὤφελον
1539 1038 1598 1073 μὲν,
1615 1037 1745 1072 μαθόντες
1773 1037 1796 1063 δ’
1821 1036 1922 1068 οὖν,ὲν

1135 1083 1222 1110 οὐδενὶ
1239 1084 1287 1118 μὲν
1305 1083 1434 1119 ὤφθησαν
1451 1084 1603 1119 Ἐπικούρῳ
1618 1084 1727 1111 ἐναντία
1752 1083 1861 1119 θέμενοι
1878 1085 1924 1111 οὺ-

1135 1129 1238 1164 δαμῶς,
1255 1129 1470 1164 ὁμολογήσαντες
1484 1129 1512 1156 δὲ
1534 1127 1602 1156 εἶναι
1619 1129 1692 1165 σοφῷ
1709 1129 1924 1165 συνδεδογμένοι.

1136 1176 1182 1202 καὶ
1193 1176 1269 1201 αὐτοὶ
1285 1175 1328 1201 διὰ
1341 1175 1420 1201 τοῦτο
1433 1175 1590 1202 ἀπέλαυσαν
1603 1175 1653 1210 τῆς
1666 1175 1844 1211 προσρήσεως
1853 1175 1926 1201 εἱκό-

1135 1229 1198 1252 τως.
1219 1220 1340 1256 Ὑπῆρξέ
1352 1229 1382 1247 τε
1399 1221 1431 1247 ἐκ
1445 1220 1539 1247 τούτου
1557 1221 1602 1247 ἐπὶ
1626 1220 1750 1247 πλεῖστον
1765 1221 1822 1251 τοῖς
1843 1221 1924 1255 μετὲο

1136 1276 1215 1294 πειτα
1233 1267 1428 1303 Ἐπικουρείοις
1445 1267 1507 1302 μηδ’
1526 1268 1616 1298 αὐτοῖς
1635 1268 1721 1293 simia
1735 1276 1778 1294 πω
1791 1267 1926 1300 ἐναντίον,

1136 1311 1197 1338 οὔτε
1228 1311 1364 1347 ἀλλήλοις,
1382 1311 1444 1338 οὔτε
1477 1311 1629 1346 Ἐπικούρῳ
1655 1312 1738 1347 μηδὲν
1767 1313 1808 1343 εἰς
1829 1312 1924 1346 μηδὲν,

1135 1357 1196 1383 ὅτου
1210 1358 1257 1384 καὶ
1274 1357 1425 1392 μνησθῆναι
1438 1357 1520 1389 ἄξιον.
1544 1357 1613 1383 Ἀλλ’
1629 1357 1702 1384 ἐστιν
1724 1358 1816 1388 αὐτοῖς
1835 1366 1926 1393 παραυ

1137 1403 1247 1438 νόμημα
1260 1421 1266 1432 ,
1287 1401 1387 1437 μᾶλλον
1404 1401 1432 1428 δὲ
1455 1401 1592 1437 ἀσέϐημα,
1610 1401 1658 1429 καὶ
1677 1402 1866 1436 κατέγνωσται
1894 1402 1926 1429 τὸ

1136 1447 1340 1483 καινοτομηοὲν.
1358 1447 1412 1474 Καὶ
1423 1447 1466 1474 διὰ
1478 1446 1556 1473 τοῦτο
1566 1447 1653 1478 οὐδεὶς
1667 1447 1728 1474 οὐδὲ
1738 1447 1834 1482 τολμᾷ.
1845 1448 1925 1474 Κατά

1137 1494 1236 1530 πολλὴν
1255 1493 1283 1520 δὲ
1296 1494 1407 1529 εἰρήνην
1418 1493 1509 1524 αὐτοῖς
1520 1494 1618 1528 ἠρεμεῖ
1630 1493 1664 1519 τὰ
1674 1493 1795 1528 δόγματα
1810 1493 1863 1519 ὑπὸ
1874 1493 1926 1529 τῆς

1136 1543 1165 1568 ὲν
1179 1540 1303 1576 ἀλλήλοις
1317 1540 1371 1566 αἰεί
1387 1548 1452 1566 ποτε
1472 1539 1638 1574 συμφωνίας.
1656 1539 1746 1566 Ἐοικέ
1762 1548 1791 1565 τε
1808 1540 1824 1574 ἡ
1849 1540 1926 1566 Ἐπι-

1137 1587 1234 1622 κούρου
1258 1585 1382 1621 διατριϐὴ
1399 1585 1520 1620 πολιτείᾳ
1544 1585 1596 1611 τινὶ
1623 1585 1716 1620 ἀληθεί
1742 1586 1926 1612 ἀστασίαστοι

1136 1633 1214 1669 τάτῃ,
1232 1633 1320 1659 κοινὸν
1334 1632 1381 1658 ἕνα
1394 1632 1466 1662 νοῦν,
1482 1632 1546 1667 μίαν
1561 1631 1672 1666 γνώμην
1685 1632 1794 1667 ἐχούσῃ.
1818 1632 1877 1666 Ἀφ’
1886 1630 1924 1668 ἧς

1134 1678 1214 1715 ἦσαν,
1229 1680 1275 1706 καί
1289 1679 1352 1710 εἱσι,
1367 1679 1422 1711 καὶ,
1436 1678 1474 1710 ὡς
1489 1678 1588 1710 ἔοικεν,
1605 1678 1710 1704 ἕπονται
1725 1678 1925 1712 φιλακόλουθοι.

1136 1726 1175 1752 Τά
1187 1726 1214 1752 δὲ
1224 1725 1277 1752 τῶν
1288 1724 1413 1751 Στωϊκῶν
1428 1724 1619 1756 ἐστασίασται,
1639 1723 1779 1759 ἀρξάμενα
1800 1724 1855 1750 ἀπὸ
1871 1723 1927 1749 τῶν

1137 1772 1282 1807 ἀρχόντων,
1296 1772 1343 1798 καὶ
1359 1770 1472 1806 μηδέπω
1495 1769 1662 1797 τελευτῶντα
1680 1771 1726 1796 καὶ
1754 1770 1811 1796 νῦν.
1831 1771 1926 1804 Ἐλέγ-

1136 1826 1212 1853 χουσι
1225 1817 1253 1843 δὲ
1268 1816 1436 1851 ἀγαπώντως
1455 1816 1493 1851 (9)
1509 1816 1561 1842 ὑπὸ
1583 1816 1731 1851 δυσιιενοῦς
1756 1815 1881 1851 ἐλέγχου,
1900 1817 1927 1842 οἱ

1138 1865 1187 1899 μέν
1197 1873 1268 1896 τινες
1284 1864 1373 1890 αὐτῶν
1388 1863 1609 1898 ὲμμεμενηκότες
1625 1862 1675 1894 ἔτι,
1685 1864 1710 1889 οἱ
1727 1863 1749 1889 δ’
1771 1863 1822 1898 ἥδη
1839 1871 1926 1898 μετα-

1137 1909 1253 1944 θέμενοι.
1280 1907 1388 1940 Εῖξασιν
1413 1907 1468 1941 ([0)
1483 1904 1528 1932 οὖν
1544 1907 1567 1932 οἱ
1595 1906 1698 1941 πρῶτοι
1711 1905 1925 1941 ὀλιγαρχικωτέ-

1138 1962 1203 1990 ροις,
1221 1954 1245 1980 οἳ
1258 1953 1289 1988 δὴ
1311 1952 1466 1983 διαστάντες
1481 1951 1604 1986 ὑπῆρξαν
1625 1952 1664 1982 εἰς
1687 1952 1750 1982 τοὺς
1775 1952 1925 1986 μετέπειτα

1137 1999 1236 2034 πολλῆς
1264 1999 1312 2034 μὲν
1324 2000 1379 2029 τοῖς
1395 1997 1547 2032 προτέροις,
1565 1996 1664 2031 πολλῆς
1680 1997 1708 2022 δὲ
1730 1997 1779 2031 τῆς
1799 1995 1926 2031 ἀλλήλοις

1137 2046 1320 2081 ἐπιτιμήσεως
1337 2044 1427 2075 αἴτιοι,
1442 2043 1526 2069 εἰσέτι
1542 2042 1640 2078 ἑτέρων
1660 2043 1747 2078 ἕτεροι
1768 2042 1923 2068 Στωῖκώτε⁸

1140 2099 1193 2126 ροι·
1210 2091 1256 2117 κα)⁸
1273 2089 1373 2125 μᾶλλον
1386 2089 1443 2115 ὅσοι
1458 2088 1547 2114 πλεῖον
1556 2088 1601 2114 ἐπὶ
1615 2087 1645 2114 τὸ
1661 2086 1783 2122 τεχνικὸν
1794 2086 1924 2122 ὣφθησαι

1139 2136 1303 2172 μικρολόγοι.
1321 2135 1403 2161 Αὐτοὶ
1417 2134 1470 2169 γὰρ
1484 2131 1556 2161 οὗτοι
1572 2133 1635 2164 τοὺς
1652 2133 1763 2168 ἑτέρους
1787 2133 1920 2167 ὑπερϐαλ-

1137 2183 1242 2218 λόμενοι
1270 2183 1302 2216 τῇ
1327 2189 1356 2207 τε
1373 2179 1623 2215 πολυπραγμοσύνῃ
1636 2198 1643 2209 ,
1668 2180 1724 2210 τοῖς
1744 2187 1773 2204 τε
1791 2187 1925 2213 σκαριφη-

1138 2227 1215 2263 Ομοῐς
1243 2227 1298 2261 (ll)
1324 2226 1459 2261 ἐπετίμων
1486 2225 1592 2252 θᾶττον.
1619 2225 1687 2251 Πολὺ
1705 2225 1797 2259 μέντοι
1824 2225 1925 2251 metu»

300 2276 433 2308 retinent,
450 2274 495 2302 alii
508 2275 564 2310 iam
583 2275 617 2302 ab
638 2281 671 2302 eo
690 2273 873 2301 desciverunt.
902 2272 934 2299 Et
957 2272 1084 2300 factioso-

1140 2274 1271 2309 πρότερον
1286 2273 1373 2299 ταύτὰ
1388 2271 1487 2298 ἕπαοον
1506 2272 1531 2297 οἱ
1547 2272 1600 2297 ἀπὸ
1616 2271 1788 2306 Σωκράτους,
1807 2271 1926 2305 ἀφελκύ-

300 2330 360 2349 rum
392 2321 502 2356 quidem
544 2321 658 2348 istorum
693 2320 830 2355 principes
862 2326 956 2346 eorum
983 2318 1086 2346 similes

299 2372 380 2400 sunt,
396 2368 443 2402 qui
463 2374 611 2402 paucorum
625 2366 770 2401 imperium
783 2366 876 2393 acrius
885 2366 1087 2394 vehementius-

348 2465 374 2500 8)
395 2465 476 2492 Forte
489 2464 550 2500 add.
568 2464 601 2492 τὰ
619 2465 678 2500 μέν.

348 2473 364 2492 δ
395 2473 476 2492 rorte
489 2473 550 2492 aou.
568 2473 601 2492 τα
619 2473 678 2500 μεν.

336 2473 374 2535 ξος
392 2499 592 2534 Ἀγίιπώντως.
603 2500 776 2527 Subobscure
787 2499 857 2526 dicta
872 2499 928 2526 haec
943 2502 1017 2525 sunt.
1031 2497 1085 2532 Ego

301 2541 419 2562 mentem
439 2535 559 2562 hominis
574 2535 664 2570 potius
687 2542 767 2569 quam
787 2535 867 2561 verba
883 2539 991 2561 secntus
1013 2541 1085 2570 sum.

301 2572 342 2597 An
356 2570 426 2598 forte
442 2568 621 2604 ἀγαπώντως,
631 2571 682 2597 hoe
697 2568 768 2602 loco,
783 2569 905 2605 σφοδρῶς
922 2569 968 2595 καὶ
983 2568 1086 2594 συντεί-

302 2614 355 2636 νως
365 2605 457 2639 ?quod
468 2613 528 2640 quae
537 2606 685 2640 diligimus,
696 2613 726 2631 ea
738 2605 793 2632 fere
802 2612 907 2640 semper;
914 2604 1087 2630 vehementer

302 2639 488 2668 defendamus.
513 2640 553 2666 An
589 2639 719 2675 ἀλλήλους
741 2647 789 2674 pro
815 2639 984 2673 ἀγαπώντως
1008 2646 1087 2672 repo-

302 2675 685 2702 nendumVCcrteNumenius
700 2676 743 2702 hic
762 2683 857 2708 parum
870 2675 971 2709 ubique
984 2679 1083 2700 tersus.

338 2709 394 2745 (10)
415 2710 550 2742 Εἵξασιν.
568 2710 686 2738 Omnino
712 2710 752 2736 vel
775 2710 881 2736 ἐοίκασι
901 2708 1085 2745 reponendum

301 2743 354 2777 est,
370 2745 411 2771 vel
428 2744 513 2777 εἴξασι
529 2753 577 2779 pro
591 2746 696 2771 ἐοίκασι
713 2745 830 2779 positum
843 2765 850 2776 ,
866 2752 939 2776 raro,
953 2744 980 2770 ni
997 2743 1084 2775 fallor,

303 2780 438 2814 exemplo,
457 2781 552 2806 saltem
570 2781 641 2814 apud
658 2780 754 2807 soluta:
767 2780 899 2807 orationis
912 2783 1048 2806 auctores.

339 2814 395 2854 (Η)
424 2813 663 2854 ΣκΙᾳριφηρμοῖς..
679 2815 742 2845 Μδ..
766 2815 975 2854 σκαρφηθμοῑς,
997 2813 1086 2840 adhuc

303 2849 438 2877 vitiosius.
460 2849 545 2876 Credo
570 2850 710 2883 legendum
730 2849 944 2885 σκαριφισμοῐς,
969 2849 1020 2876 hoc
1044 2853 1086 2885 est

303 2885 488 2919 λεπτολογίαις
502 2889 529 2911 et
544 2885 703 2911 contortulis
722 2884 847 2919 argutiis,
859 2885 957 2919 quibus
971 2884 1084 2918 carptim

306 2920 407 2955 aliquid
432 2920 628 2955 perstringatur
651 2921 760 2954 potius,
787 2926 813 2947 el
832 2920 910 2955 quasi
934 2919 1082 2950 vellicelur,

1138 2329 1231 2352 σαντες
1247 2320 1391 2354 διαφόρους
1402 2319 1464 2350 τοὺς
1479 2318 1587 2352 λόγους·
1602 2317 1653 2352 ἰδίᾳ.
1666 2317 1714 2352 μὲν
1737 2317 1927 2352 Ἀρίστιπος,

1139 2367 1190 2402 [δίᾳ
1203 2366 1231 2392 δὲ
1254 2364 1439 2400 Ἀντισθένης⁴
1459 2365 1506 2391 καὶ
1526 2363 1642 2398 ἀλλαχοῦ
1663 2363 1716 2399 ἰδίᾳ
1730 2364 1754 2389 οἱ
1774 2363 1927 2399 Μεγαρικοί

1137 2463 1218 2490 quant
1234 2454 1390 2489 diligentius
1405 2453 1573 2481 enuclcetur.
1596 2452 1794 2487 Aristophanes
1819 2453 1848 2478 ἐν
1871 2453 1913 2478 Ba

1137 2490 1220 2525 τράχ.
1240 2495 1292 2516 act.
1310 2497 1335 2516 tv
1351 2497 1358 2514 :

1211 2536 1244 2562 Τι’)
1262 2535 1287 2561 δ’
1301 2535 1348 2561 ἐπὶ
1370 2534 1506 2568 σεμναῖσι
1522 2534 1624 2568 λόγοις
1634 2554 1641 2566 ,

1208 2571 1262 2597 Καὶ
1280 2569 1508 2604 σκιιριφισμοῖσι
1525 2569 1625 2602 λήρων

1207 2605 1363 2639 Διατριΰὴν
1378 2605 1471 2638 ἇρΤον
1484 2604 1630 2630 ποιεῖσθαι
1644 2623 1651 2635 ,

1207 2640 1473 2674 Παραφρονιοῦντος
1487 2639 1605 2673 ἀνδρός.

1138 2686 1335 2721 Σκαριφήματσ
1351 2692 1462 2721 quoque
1475 2685 1635 2721 dicebantur
1648 2691 1658 2721 Δε
1677 2684 1788 2721 imoput
1799 2682 1927 2721 κωμςκιςν-

1136 2718 1214 2757 τερον
1222 2718 1396 2755 Aristophani
1404 2719 1638 2754 σκαλαθυρμάτια,
1647 2719 1672 2745 in
1684 2718 1928 2752 Nubilms,p.,lt1-tz

1174 2767 1272 2799 Ὅστις
1284 2765 1532 2798 σκαλαθιιομάτια
1544 2764 1617 2790 ἅττα
1630 2764 1719 2797 μικρὰ
1729 2763 1902 2797 μανθάνων.

1138 2813 1304 2841 Scholiastes
1321 2811 1446 2845 explicat,
1463 2810 1636 2845 σκαλεύματα
1651 2809 1831 2845 σμικρὰλκαὶ
1845 2808 1930 2834 λεπτὰ

1138 2848 1293 2874 παντάπασι
1307 2844 1445 2881 νοήματα,
1468 2845 1745 2881 καὶὲσκαριφήματα.
1763 2844 1861 2881 S_ul)dit
1883 2851 1931 2881 an:

1138 2889 1191 2910 lem
1204 2903 1211 2916 ,
1281 2877 1376 2922 τούτου
1392 2881 1419 2907 δὲ
1443 2877 1754 2922 διαβαλλειζξωκρᾲτην,
1772 2879 1811 2910 ὡς
1835 2877 1932 2911 εὐτελῆ

1138 2914 1215 2950 εἰσιν,
1229 2917 1246 2944 ἃ
1259 2917 1378 2944 διδάσκει
1389 2936 1395 2948 ,
1410 2915 1456 2942 καὶ
1468 2915 1572 2946 οὐδενὸς
1585 2914 1647 2947 ἀξια
1659 2914 1750 2948 λόγου.
