2061 3210
174 194 244 223 “97

738 195 898 223 PlUEPAR.
919 195 1044 224 EVANG.
1065 195 1129 223 LIB.
1149 195 1218 223 XIV.

1735 194 1803 224 ma

178 264 202 282 ςε
226 257 273 282 καὶ
297 255 456 292 Ἐρετρικοὶ,
475 256 490 292 ἢ
511 257 537 283 εἴ
561 265 631 288 τινες
659 256 732 283 ἄλλοι
760 257 828 292 μετὰ
851 257 961 283 τούτων.

1018 263 1070 290 que
1086 254 1251 286 defendunt,
1266 262 1370 290 suoque
1382 255 1428 282 illo
1438 255 1556 282 divortio
1571 255 1597 282 in
1617 263 1699 283 causa
1709 255 1785 283 fuere
1796 276 1804 290 ,

174 302 264 329 Αἴτιον
274 302 313 335 δὲ,
324 303 364 329 ὅτι
379 304 454 337 τρεῖς
468 302 545 334 θεοὺς
559 303 699 338 τιθεμένου
724 303 885 337 ᾓυκράτους
894 323 901 335 ,
919 304 964 330 καὶ

176 348 381 383 φιλοσοφοῦντος
403 348 495 380 αὐτοῖς
510 350 539 375 ἐν
567 350 624 380 τοῖς
654 350 838 385 προσήκουσιν
857 350 966 385 ἑκάστῳ

173 394 296 429 ῥυθμοῖς,
308 395 331 421 οἱ
347 394 539 426 διακούσαντες
552 395 630 422 τοῦτο
642 396 690 430 μὲν
704 396 828 430 ἠγνόουν,
842 396 924 431 ᾤοντο
936 397 964 422 δὲ

173 440 261 474 Λέγειν
277 440 365 467 πάντα
379 440 461 468 αὑτὸν
478 441 552 476 εικῆ,
568 442 613 468 καὶ
634 442 686 468 ἀπὸ
708 442 758 476 τῆς
776 442 893 478 νικώσης
911 444 964 470 αἰεὶ

171 485 330 521 προστυχῶς
352 486 446 513 ἄλλοτε
462 486 546 522 ἄλλης
565 488 659 522 τύχης,
679 488 753 520 ὅπως
776 489 862 515 πνέοι.
883 489 911 516 '0
937 490 963 516 δὲ

172 531 303 563 Πλάτων,
319 532 508 567 Πυθαγορίσας
532 533 606 568 (ᾔδει
628 533 656 560 δὲ
671 533 715 560 τὸν
741 534 888 570 Σωκράτην
913 544 964 570 μη-

169 572 287 613 δαμόθεν
328 577 432 604 ἐκεῖθεν
443 577 487 605 διὰ
503 579 557 613 (12)
569 578 603 605 τὰ
616 578 685 606 αὐτὰ
701 573 811 606 τοιαῦτα
828 581 914 606 εἰπεῖν
933 589 962 607 τε

170 624 218 651 καὶ
241 624 339 658 γνόντα
356 624 525 659 εἰρηκέναι),
541 621 591 650 ὧδε
607 623 653 651 οὗν
679 625 726 652 καὶ
756 626 835 657 αὐτὸς
852 626 962 661 συνεδή-

171 677 237 696 σατο
250 669 283 696 τὰ
296 670 456 705 πράγματα,
472 670 533 697 οὔτε
546 670 690 702 εἰωθότως,
702 670 762 697 οὔτε
777 671 805 697 δὲ
820 672 860 702 εἰς
871 671 900 697 τὺ
912 679 963 705 φα-

171 716 249 750 νερόν
260 724 266 730 ·
279 715 418 750 διαγαγὼν
433 716 461 742 δὲ
478 712 580 743 ἕκαστα
595 716 647 751 ὅπη
661 711 795 751 ἐνόμιζεν,
812 716 964 752 ἐπικρυψά-

173 770 256 796 μενος
267 762 296 788 ὲν
312 762 386 797 μέσῳ
399 762 446 788 τοῦ
458 761 523 797 δῆλα
540 760 609 788 εἶναι
630 763 676 788 καὶ
693 763 729 798 μὴ
744 762 822 798 δῆλα,
835 762 962 796 ἀσφαλῶς

172 807 224 842 μὲν
237 808 386 843 ἐγράψατο,
400 804 481 840 αὐτὸς
492 808 519 835 δὲ
531 809 620 835 αἰτίαν
634 809 754 844 παρέσχε
773 808 821 843 τῆς
842 808 899 844 μετ’
914 808 962 835 αὐ-

169 852 216 879 τὸν
242 848 361 885 στάσεώς
383 862 412 879 τε
428 854 484 889 ἃμα
499 855 546 880 καὶ
558 848 666 888 διολκῆς
689 853 742 880 τῶν
758 853 915 888 δογμάτων,
932 853 961 879 οὺ

170 899 260 934 φθόνῳ
285 900 351 934 μὲν,
371 900 432 926 οὐδὲ
460 909 492 934 γε
514 899 632 934 δυσνοίᾳ.
664 899 733 926 Ἀλλ’
757 900 787 926 οὺ
816 899 960 934 βούλομαι,

1017 300 1196 335 quamobrem
1214 300 1314 335 posteri
1331 305 1357 327 et
1369 300 1488 335 majores
1508 308 1593 333 suos,
1615 306 1642 328 et
1659 309 1719 328 sese
1743 310 1805 328 mu-

1015 351 1064 373 tuo
1079 346 1304 380 intemperantius
1316 347 1519 381 reprehendant
1532 356 1539 379 ;
1554 355 1616 374 cum
1633 347 1695 375 aliis
1715 349 1806 375 adhuc

1016 393 1061 418 alii
1089 392 1182 425 stoicae
1202 392 1355 427 disciplinae
1383 393 1535 420 tenaciores
1568 399 1670 421 essent.
1697 394 1757 427 Quo
1778 395 1803 421 in

1015 446 1114 473 genere
1131 438 1300 465 molestiores
1315 439 1391 465 fuere
1402 459 1410 472 ,
1428 439 1474 473 qui
1487 439 1612 473 argutius
1629 446 1660 466 ac
1676 440 1805 466 subtilius

1015 484 1152 519 quoddam
1168 484 1313 512 artificium
1331 485 1460 519 aucupari
1477 485 1649 512 videbantur.
1667 485 1698 512 lli
1717 486 1803 518 enim,

1014 535 1044 557 ut
1060 531 1218 558 curiositate
1231 535 1344 558 caeteros
1363 539 1395 558 ac
1417 528 1560 558 vellicandi
1579 524 1804 566 acumine'supe-

1015 577 1130 609 rabant,
1147 577 1187 604 sic
1203 577 1354 611 paratiores
1381 582 1460 604 erant
1479 578 1511 604 ad
1537 578 1802 612 reprehendendotn.

1014 621 1089 655 Quod
1107 623 1196 657 ipsum
1215 627 1304 649 tamen
1326 623 1411 650 multo
1436 628 1499 650 ante
1527 624 1620 658 ipsos,
1649 624 1802 651 factitatum

1014 669 1048 695 ab
1065 669 1098 695 iis
1114 673 1174 702 est,
1191 669 1237 703 qui
1252 677 1268 695 e
1288 669 1409 697 Socratis
1433 669 1667 704 disputationibus
1691 675 1803 696 contra-

1014 715 1071 742 rias
1085 718 1217 742 eriterunt.
1231 720 1440 750 pugnantesque
1459 716 1578 743 rationes
1597 725 1603 743 :
1622 716 1667 743 ubi
1688 717 1802 743 sror-situ

1014 761 1170 795 Aristippus
1183 781 1190 793 ,
1206 761 1322 789 seorsim
1335 762 1513 790 Antisthenes
1527 784 1534 796 ,
1549 763 1650 798 aliique
1666 763 1802 795 similiter,

1014 812 1043 833 ut
1055 801 1227 841 Megarenses
1242 812 1269 834 et
1285 807 1383 835 Eretrii
1396 829 1403 840 ,
1417 815 1449 835 ac
1472 809 1495 835 si
1510 809 1556 843 qui
1585 813 1715 844 prarterca
1740 817 1802 836 cum

1014 852 1074 880 istis
1100 853 1262 880 numerandi
1293 858 1366 880 sunt.
1392 853 1478 889 Cujus
1506 854 1614 881 divortii
1633 863 1717 882 causa
1744 855 1803 882 haec

1014 897 1064 925 fuit
1077 919 1084 931 ,
1095 899 1169 933 quod
1186 906 1249 926 cum
1264 898 1391 927 Socrates
1414 899 1479 927 deos
1496 905 1552 926 tres
1571 906 1684 935 poneret
1695 921 1702 933 ,
1722 906 1803 936 atque

169 945 217 971 ἐπὶ
232 945 343 981 ἀνδράσι
366 946 561 982 πρεσϐυτέροις
583 946 671 972 εἰπεῖν
696 946 805 981 ῥήματα
824 945 873 971 οὐκ
889 944 961 971 ἐναί-

1013 945 1082 980 apud
1098 952 1146 972 eos
1157 946 1215 973 suis
1229 946 1363 981 Cujusque
1381 947 1556 982 propriisque
1577 947 1698 975 numeris
1712 948 1802 982 philo-

171 999 249 1026 σιμα.
277 989 361 1017 Τοῦτο
385 991 413 1018 δὲ
444 992 496 1027 χρὴ
526 991 660 1027 μαθόντας
685 993 773 1028 ἡμᾶς,
804 992 961 1025 ἐπενεγκεῖν

169 1034 258 1062 ἐκεῖσε
284 1036 382 1071 μᾶλλον
417 1037 465 1072 τὴν
493 1035 624 1072 γνώμην,
653 1038 699 1064 καὶ
733 1036 827 1072 ὥσπερ
852 1036 882 1070 ἐξ
912 1037 961 1072 ἀρ-

169 1082 221 1118 χῆς
251 1082 446 1118 προύθέμεθα,
482 1083 610 1119 χωρίζειν
639 1082 720 1109 αὐτὸν
760 1082 962 1119 Ἀριστοτέλους

170 1124 217 1155 καὶ
245 1128 387 1162 Ζήνωνος,
419 1124 490 1154 οὕτω
520 1122 566 1154 καὶ
599 1127 647 1154 νῦν
684 1128 733 1163 τῆς
772 1126 960 1162 Ἀκαδημίας,

170 1172 218 1199 ἐὰν
235 1174 249 1200 ὁ
262 1169 328 1205 Θεὸς
344 1173 531 1209 ἀντιλάϐηται,
550 1174 724 1209 χωρίζοντες,
751 1173 867 1208 ἐάσομεν
883 1172 962 1200 αὑτὸν

169 1218 213 1252 ἐφ’
230 1217 324 1245 ἑαυτοῦ
338 1218 385 1245 νῦν
399 1217 469 1245 εἶναι
491 1219 684 1254 Πυθαγόρειον.
711 1219 753 1250 Ὠς
773 1218 820 1245 νῦν
847 1218 963 1254 μανικώ-

168 1260 273 1300 τερονῆ
302 1261 398 1292 Πενθεῖ
430 1274 483 1292 τινι
512 1265 644 1300 προσῆκε,
667 1265 838 1300 διελκόμενος
863 1264 962 1299 πάσχει

171 1311 220 1346 μὲν
231 1311 300 1338 κατὰ
315 1307 394 1346 μέλη,
407 1311 475 1343 ὅλως
489 1311 511 1337 δ’
528 1311 558 1343 ἐξ
585 1312 645 1338 ὅλου
672 1311 769 1337 ἑαυτοῦ
789 1310 961 1346 μετατίθεται

169 1364 199 1383 τε
213 1357 260 1383 καὶ
276 1357 510 1393 ἀντιμετατίθεται
530 1357 667 1392 οὐδαμῶς.
700 1357 743 1388 Ὠς
765 1354 812 1383 οὖν
835 1357 905 1392 ἀνὴρ
920 1365 964 1392 με-

169 1403 256 1430 σεύων
271 1403 428 1440 Πυθαγόρου
452 1404 498 1430 καὶ
512 1404 683 1438 Σωκράτους,
700 1402 746 1429 τοῦ
766 1403 814 1438 μὲν
825 1403 854 1429 τὸ
866 1402 962 1437 σεμνὸν

169 1448 320 1483 ὑπαγαγὼν
333 1449 413 1484 μέχρι
425 1448 471 1475 τοῦ
486 1447 688 1483 φιλανθρώπου,
707 1447 754 1474 τοῦ
773 1448 801 1474 δὲ
815 1443 845 1474 τὸ
858 1447 962 1483 κομψὸν

168 1494 249 1521 τοῦτο
268 1494 314 1521 καὶ
339 1495 504 1530 παιγνιῆμον
521 1490 667 1528 ἀναγαγὼν
689 1493 741 1521 ἀπὸ
755 1494 805 1528 τῆς
822 1493 962 1529 εἰρωνείας

169 1537 227 1576 (l5)
244 1542 284 1572 είς
305 1540 412 1576 ἀξίωμα
427 1541 474 1567 καὶ
494 1540 586 1574 ὄγκον,
605 1539 652 1566 καὶ
673 1539 739 1566 αὐτὸ
751 1539 831 1566 τοῦτο
844 1539 964 1575 κεράσας

169 1587 308 1622 Σωκράτει
322 1586 492 1622 Πυθαγόραν,
511 1587 558 1613 τοῦ
588 1587 637 1622 μὲν
658 1586 888 1622 δημοτικώτερος,
913 1586 960 1612 τοῦ

167 1632 197 1659 δὲ
213 1631 373 1668 σεμνότερος
383 1632 470 1669 ὤφθη.
487 1633 555 1659 Ἀλλ’
565 1633 595 1659 οὺ
607 1633 661 1669 γάρ
678 1643 704 1660 τι
716 1634 802 1660 ταῦτα
816 1633 960 1670 διαιτήσων

167 1676 259 1713 ἦλθον,
277 1679 315 1714 μὴ
331 1679 394 1714 περὶ
407 1679 509 1706 τούτων
523 1678 607 1714 οὒσης
622 1679 669 1706 νῦν
689 1689 732 1715 μοι
748 1680 798 1715 τῆς
810 1680 959 1716 ζητήσεως.

171 1723 204 1750 Ἀ
217 1724 246 1750 δὲ
262 1724 449 1760 προὺδέδοκτο,
472 1725 519 1751 καὶ
545 1723 602 1761 εἶμι
627 1726 727 1757 ἐκεῖσε,
757 1725 773 1761 ἦ
797 1726 830 1762 δὴ
847 1726 960 1762 φροῦδος

167 1769 333 1804 ἀναδραμεῖν
351 1769 406 1804 (Li)
421 1768 491 1796 δοκῶ
507 1778 563 1804 μοι,
584 1769 621 1805 μὴ
636 1769 683 1796 καί
698 1778 749 1795 που
765 1769 960 1805 ἀποκρουσθῶ-

168 1821 220 1850 μεν
233 1815 281 1850 τῆς
292 1815 351 1841 ὁδοῦ
367 1815 415 1850 τῆς
427 1816 573 1850 φερούσης.
601 1815 762 1851 Πολέμωνος
785 1815 813 1841 δὲ
839 1816 961 1849 ἐγένοντο

167 1860 300 1896 γνώριμοι
323 1861 494 1896 Ἀρκεσίλαος
512 1860 559 1888 καὶ
574 1862 677 1896 Ζήνων·
701 1861 782 1888 πάλιν
804 1861 857 1897 γὰρ
872 1861 961 1887 αὐτῶν

169 1905 359 1943 μνησθήσομαι
384 1908 431 1934 ἐπὶ
451 1907 533 1935 τέλει.
560 1906 672 1943 Ζήνωνα
693 1907 743 1942 μὲν
757 1905 803 1934 οὖν
821 1907 960 1942 μέμνημαι

167 1953 264 1985 εἰπὼν,
279 1953 450 1989 Ξενοκράτει,
465 1951 523 1980 εἶτα
542 1954 570 1980 δὲ
584 1953 722 1989 Πολέμωνι
737 1951 873 1988 φοιτῆσαι,
883 1952 961 1985 αὖθις

167 1997 197 2026 δὲ
210 1996 284 2036 παρὰ
300 1999 422 2035 Κράτητι
442 2000 560 2027 κυνίσαι.
575 2000 643 2026 Νυνὶ
657 1996 684 2026 δὲ
707 2000 780 2035 αὐτῷ
803 1998 959 2035 λελογίσθω,

166 2045 210 2072 ὅτι
225 2047 272 2072 καὶ
284 2046 436 2078 Στίλπωνός
457 2055 486 2073 τε
502 2047 626 2082 μετέσχε,
650 2047 697 2073 καὶ
723 2046 777 2073 τῶν
805 2047 892 2081 λόγων
907 2047 960 2074 τῶν

174 2088 393 2126 Ἡρακλειτείων.
414 2091 490 2118 Ἐπεὶ
505 2091 559 2127 γὰρ
572 2091 771 2127 συμφοιτῶντες
788 2093 863 2128 παρὰ
879 2093 961 2119 Πολέ-

168 2143 239 2172 μωνι
251 2136 481 2173 ἐφιλοτιμήθησαν
496 2134 629 2172 ἀλλήλοις,
643 2138 853 2173 συμπαρέλαϐον
864 2139 903 2171 εἰς
912 2139 960 2174 τὴν

167 2181 238 2218 πρὸς
254 2183 384 2218 ἀλλήλους
399 2184 488 2219 μάχην
498 2204 505 2216 ,
524 2185 538 2211 ὁ
555 2184 604 2219 μὲν
620 2181 805 2220 Ἡράκλειτον,
824 2186 870 2212 καὶ
884 2186 960 2212 Στίλ-

167 2234 256 2261 πωνα,
272 2228 329 2264 ἅμα
352 2230 399 2256 καὶ
431 2230 570 2265 Κράτητα,
597 2227 634 2256 ὧν
655 2230 707 2256 ὑπὸ
740 2231 788 2266 μὲν
808 2231 961 2264 Στίλπωνος

167 2272 277 2308 ἐγένετο
300 2276 434 2311 μαχητὴς,
465 2274 518 2302 ὑπὸ
539 2276 567 2302 δὲ
597 2276 772 2312 Ἡρακλείτου
803 2277 958 2313 αὐστηρὸς,
977 2289 997 2315 ι)

168 2320 277 2353 κυνικὸς
292 2321 319 2348 δὲ
340 2319 392 2348 ὑπό
411 2323 562 2358 Κράτητος·
577 2323 592 2349 ὁ
610 2323 631 2348 δ’
653 2323 826 2357 Ἀρκεσίλαος
838 2323 961 2358 Θεόφρα-

168 2373 232 2394 στον
245 2369 325 2402 ἴσχει,
338 2368 385 2394 καὶ
398 2367 542 2404 Κράντορα
561 2369 606 2395 τὸν
634 2370 815 2400 Πλατωνικὸν,
834 2370 880 2396 καὶ
902 2369 960 2396 Διό-

165 2412 264 2447 δωρον,
280 2411 338 2439 sica
356 2413 500 2448 Πύρρωνα·
516 2411 553 2441 ὧν
570 2414 622 2441 ὑπὸ
637 2416 686 2450 μὲν
706 2416 862 2450 Κράντορος
877 2414 955 2441 πιθα-

167 2456 321 2492 νουργικδς,
344 2457 396 2485 ὑπὸ
422 2459 552 2495 Διοδώρου
575 2460 602 2486 δὲ
625 2461 763 2495 σοφιστὴς,
779 2460 830 2487 ὑπὸ
846 2461 873 2487 δὲ
887 2460 959 2496 Πύρ-

167 2503 254 2538 ρωνος
266 2501 373 2538 ἐγένετο
390 2505 569 2538 παντοδαπὸς,
585 2506 631 2532 καὶ
650 2506 719 2541 ἴτης,
746 2508 793 2533 καὶ
818 2507 904 2533 οὐδέν.
926 2507 958 2533 ’⁷0

166 2550 217 2577 καὶ
236 2550 342 2585 ἐλέγετο
367 2551 430 2586 περὶ
449 2551 531 2577 αὑτοῦ
557 2551 684 2586 ᾁδόμενόν
696 2559 722 2578 τι
736 2549 801 2583 ἔπος
825 2552 951 2586 παράγω-

165 2604 216 2630 γον
230 2596 284 2632 (15)
298 2598 345 2624 καὶ
360 2598 525 2633 ὑϐριστικόν·

1013 991 1194 1026 sopharetur,
1210 992 1256 1026 qui
1272 999 1335 1018 eum
1354 992 1521 1025 audiebant,
1536 996 1598 1020 eum
1622 993 1687 1020 illud
1710 994 1803 1021 minus

1012 1041 1157 1072 caperent,
1173 1041 1229 1064 tum
1244 1045 1308 1064 vero
1328 1042 1429 1065 temere
1440 1058 1447 1071 ,
1464 1046 1495 1065 ac
1509 1046 1558 1073 pro
1580 1039 1689 1067 diverso
1713 1039 1802 1067 fortu-

1012 1090 1069 1116 nae,
1086 1083 1157 1111 alius
1170 1083 1238 1110 alias
1250 1084 1407 1117 superantis
1420 1083 1510 1111 alnatu
1521 1105 1528 1116 ,
1543 1085 1635 1112 omnia
1656 1085 1690 1112 ab
1700 1093 1733 1113 eo
1749 1083 1803 1113 diei

1012 1127 1211 1155 existimarent.
1235 1127 1271 1154 At
1283 1128 1378 1160 Plato,
1393 1133 1422 1155 ut
1446 1129 1597 1156 inbrerebat
1623 1129 1802 1165 Pythagora,

1013 1173 1054 1200 sic
1070 1173 1171 1208 optime
1186 1177 1299 1200 noverat
1317 1172 1459 1200 Socratem
1470 1195 1477 1207 ,
1503 1181 1554 1202 nec
1575 1175 1702 1208 aliunde,
1718 1183 1802 1210 quam

1013 1227 1047 1246 ex
1061 1218 1234 1254 Pythagoreo
1247 1219 1294 1246 illo
1309 1219 1383 1247 fonte
1392 1220 1491 1247 hausta
1507 1221 1551 1248 illa
1565 1221 1657 1249 dicere
1673 1222 1782 1249 solitum
1793 1239 1802 1254 .

1013 1269 1041 1291 et
1070 1264 1231 1299 prudentem
1264 1273 1297 1292 ac
1328 1265 1459 1293 scientem
1489 1274 1521 1294 ea
1556 1267 1677 1295 locutum
1706 1267 1802 1296 fuisse.

1014 1309 1147 1344 Quocirca
1162 1318 1218 1338 rem
1238 1315 1322 1338 totam
1349 1311 1386 1338 ita
1405 1313 1544 1340 convolvit
1561 1314 1618 1348 ipse
1631 1321 1740 1349 quoque
1750 1335 1758 1347 ,
1773 1319 1804 1342 ut

1013 1363 1063 1384 nec
1077 1356 1179 1383 usitato
1195 1364 1288 1389 more,
1300 1364 1350 1384 nec
1369 1358 1514 1392 perspicue
1533 1359 1697 1394 loqueretur.
1714 1361 1749 1388 At
1760 1361 1802 1388 di-

1014 1401 1097 1435 gestis
1113 1409 1163 1436 pro
1179 1402 1293 1429 arbitrio
1309 1401 1440 1437 singulis,
1465 1411 1552 1438 eaque
1580 1405 1748 1432 obscuritate
1763 1413 1803 1432 as-

1013 1453 1110 1480 persa,
1140 1451 1169 1473 ut
1194 1447 1293 1481 partim
1326 1447 1563 1482 intelligerentur,
1580 1449 1681 1483 partim
1708 1450 1802 1484 ignota

1015 1496 1203 1524 remanerent,
1224 1500 1331 1519 summa
1343 1493 1472 1520 cautione
1491 1493 1598 1528 scripsit
1612 1493 1657 1520 ille
1674 1495 1782 1528 quidem
1793 1512 1801 1525 ,

1017 1536 1066 1564 sed
1086 1540 1176 1564 tamen
1190 1537 1271 1571 hujus
1286 1544 1347 1571 qum
1362 1542 1424 1571 post
1441 1544 1505 1564 eum
1525 1541 1619 1565 secuta
1635 1543 1677 1565 est
1696 1538 1803 1565 dissen-

1015 1582 1120 1614 sionis,
1140 1582 1354 1617 dogmatumque
1379 1590 1492 1610 suorum
1515 1583 1638 1612 diversas
1660 1585 1686 1611 in
1712 1590 1802 1619 partes

1013 1636 1164 1664 sensusque
1170 1629 1280 1657 divortii
1289 1637 1399 1657 causam
1412 1630 1543 1665 praebuit;
1553 1639 1607 1658 non
1615 1631 1716 1659 invidia
1727 1637 1801 1659 certe

1012 1675 1121 1710 quidem
1138 1680 1185 1702 aut
1201 1675 1403 1702 malevolentia.
1421 1675 1569 1704 Enimvero
1591 1677 1656 1704 nihil
1678 1677 1711 1704 de
1732 1679 1803 1705 antis

1011 1722 1236 1757 quioribusillis,
1257 1723 1330 1757 quod
1348 1724 1439 1750 minus
1452 1723 1506 1750 laeti
1525 1724 1625 1751 ominis
1644 1725 1693 1756 sit,
1713 1725 1803 1753 dicere

1012 1767 1105 1795 statui.
1121 1767 1153 1795 At
1167 1775 1218 1794 nos
1228 1769 1280 1794 hoc
1288 1768 1372 1795 semel
1381 1768 1490 1803 cognito
1499 1769 1660 1804 sententiam
1673 1777 1704 1797 eo
1713 1770 1803 1805 potius

1012 1815 1133 1841 nostram
1147 1813 1272 1841 conferre
1286 1814 1436 1849 oportebit;
1461 1820 1542 1849 atque
1559 1820 1588 1842 ut
1604 1815 1682 1843 nobis
1699 1816 1733 1843 ab
1747 1816 1799 1843 ini-

1011 1859 1050 1885 tio
1065 1860 1235 1893 propositum
1252 1859 1314 1892 fuit,
1332 1867 1395 1886 eum
1427 1859 1461 1887 ab
1485 1860 1631 1888 Aristotele
1646 1868 1678 1888 ae
1694 1858 1803 1889 Zenone

1012 1905 1164 1940 seiungere,
1186 1906 1226 1933 sic
1239 1907 1366 1934 eumdem
1381 1907 1415 1933 ab
1431 1907 1488 1941 ipsa
1513 1913 1622 1941 quoque
1645 1907 1802 1941 Academia,

1012 1949 1094 1987 729
1102 1952 1124 1979 si
1134 1953 1278 1980 consilium
1288 1953 1359 1981 Deus
1367 1953 1503 1988 probabit,
1513 1959 1700 1988 segregantes,
1708 1962 1755 1989 per
1763 1963 1803 1982 se—

1012 2006 1042 2026 se
1054 1997 1258 2034 Pythagoreum
1267 2007 1329 2027 esse
1338 2001 1487 2035 patiemur.
1499 1999 1605 2035 Quippe
1617 1999 1714 2035 majori
1726 2010 1801 2028 nunc

1012 2048 1084 2072 certe
1096 2044 1197 2072 furoris
1212 2049 1291 2077 aestu,
1309 2053 1391 2080 quam
1402 2046 1425 2073 si
1443 2045 1580 2073 Pentheus
1593 2045 1706 2080 quidam
1717 2052 1800 2078 esset.

1013 2091 1077 2118 hinc
1092 2091 1210 2126 indeque
1229 2091 1389 2124 distraetus,
1416 2091 1474 2119 suis
1499 2092 1525 2118 in
1554 2092 1685 2119 membris
1700 2093 1802 2127 patitur

1012 2137 1057 2164 ille
1067 2137 1189 2172 quidem,
1206 2141 1235 2164 at
1248 2144 1389 2172 nunquam
1404 2137 1441 2164 ita
1451 2138 1502 2165 sibi
1514 2142 1588 2165 totus
1600 2138 1723 2165 aufertur
1739 2139 1801 2173 ipsi,

1012 2187 1042 2209 ut.
1057 2183 1128 2210 alius
1142 2182 1256 2209 omnino
1269 2183 1404 2210 videatur.
1420 2181 1473 2210 Sed
1488 2184 1590 2218 potius,
1607 2184 1685 2218 quasi
1702 2183 1799 2219 Pytha-

1012 2237 1106 2264 goram
1121 2229 1191 2256 inter
1207 2227 1405 2264 Socratemque
1417 2229 1535 2261 medius,
1549 2229 1612 2256 dum
1633 2230 1706 2257 illius
1715 2231 1801 2264 gravi—

1013 2280 1095 2302 tatem
1109 2275 1142 2302 ad
1161 2273 1360 2302 humanitatem
1381 2274 1496 2302 inclinat.
1510 2279 1537 2302 et
1554 2274 1646 2308 ﬂectit,
1661 2275 1743 2310 hujus
1756 2284 1800 2302 ur-

1013 2322 1163 2349 banitatem
1183 2328 1210 2349 et
1231 2322 1303 2349 sales
1316 2329 1331 2348 a
1347 2320 1405 2349 risu
1426 2329 1459 2348 ac
1479 2321 1701 2349 dissimulatione
1713 2322 1747 2349 ad
1762 2323 1788 2349 di

1012 2368 1142 2403 gnitatem
1158 2368 1278 2403 aliquam
1291 2368 1522 2402 severitatemque
1534 2368 1663 2401 traducit,
1676 2368 1798 2403 adeoque

1011 2421 1073 2441 eum
1092 2410 1204 2441 Socrate
1217 2414 1309 2449 jungit
1325 2414 1476 2450 miscetque
1495 2412 1688 2450 Pythagoram,
1712 2416 1799 2442 comi-

1012 2464 1066 2487 tate
1080 2460 1205 2491 alterum,
1226 2460 1341 2486 alterum
1358 2461 1490 2495 gravitate
1504 2459 1597 2488 vincit.
1615 2462 1650 2488 At
1663 2462 1802 2490 enimvero

1012 2513 1184 2540 nequaquam
1199 2506 1225 2532 id
1236 2507 1344 2540 agimus
1366 2507 1417 2533 hoe
1432 2512 1568 2541 tempore.
1587 2505 1639 2534 alia
1654 2508 1734 2535 nobis
1746 2516 1802 2543 prae

1012 2550 1140 2579 manibus
1158 2552 1276 2584 quaestio
1289 2557 1343 2579 est.
1367 2550 1540 2580 Revocamus
1553 2560 1617 2588 ergo
1635 2561 1683 2581 nos
1702 2554 1735 2581 ad
1759 2554 1801 2582 lo-

1011 2605 1074 2624 cum
1091 2605 1262 2633 pensumque
1281 2603 1418 2632 nostrum,
1434 2603 1516 2634 atque
1530 2603 1561 2626 ut
1589 2607 1605 2626 a
1627 2604 1703 2628 recto
1716 2608 1801 2629 cursu

166 2650 204 2670 ne
217 2643 324 2679 longius
337 2645 508 2677 aberremus,
525 2653 558 2672 ex
571 2652 604 2672 eo
620 2645 692 2679 quod
715 2644 769 2672 alio
792 2651 843 2671 nos
864 2643 984 2678 abripuit
1003 2644 1176 2678 diverticulo,
1200 2644 1323 2672 redimus
1338 2646 1365 2672 in
1381 2645 1465 2672 viam.
1476 2645 1631 2681 Discipulos
1642 2647 1739 2674 habuit
1752 2647 1802 2675 Pir-

167 2688 241 2717 lemo
253 2691 403 2729 Arcesilam
429 2696 511 2726 atque
537 2689 675 2718 Zenonem
701 2692 817 2726 (rursus
830 2691 903 2717 enim
933 2691 1043 2718 tandem
1073 2698 1169 2718 eorum
1200 2691 1372 2727 meminero).
1389 2691 1494 2727 Quippe
1511 2692 1602 2721 dicere
1620 2701 1663 2721 me
1673 2693 1729 2729 jam
1743 2702 1803 2721 [nec

204 2769 261 2806 (12)
280 2771 361 2800 Forte
375 2773 426 2800 del.
439 2774 492 2800 διά.

204 2807 262 2841 (15)
293 2807 350 2842 Τῆς
373 2810 531 2842 εἰρωνείας.
568 2806 696 2840 Tullius,
729 2816 754 2836 Iv
781 2809 956 2842 Academia,

167 2846 236 2879 sect.
252 2842 310 2879 _15:
326 2843 391 2870 Cum
412 2844 486 2870 aliud
502 2846 598 2872 diceret
621 2850 698 2879 atque
717 2845 825 2871 sentiret
844 2844 957 2879 (Socra—

167 2877 231 2914 tes),
247 2877 358 2904 libenter
373 2879 413 2905 uti
427 2880 522 2906 solitus
535 2886 572 2907 est
591 2890 621 2908 ea
633 2877 861 2911 dissimulatione,
878 2888 956 2914 quam

168 2911 255 2940 erci
269 2914 410 2947 εἰρωνείαν
427 2921 527 2941 rerum.

1045 2774 1101 2811 (Μ)
1131 2774 1264 2808 Φροῦὸος
1292 2775 1484 2810 ἀναδραμεῖν.
1513 2771 1570 2803 Hoc
1595 2780 1656 2808 est,
1683 2777 1800 2811 opinor,

1009 2809 1096 2845 λάθρα
1107 2829 1114 2841 ,
1134 2814 1244 2844 tantque
1261 2812 1395 2842 celeriter,
1413 2816 1441 2837 ut
1459 2812 1552 2838 oculos
1567 2811 1659 2841 fallere
1676 2809 1801 2846 possint,

1009 2849 1039 2871 ut
1053 2845 1140 2880 solent
1158 2845 1202 2879 qui
1219 2846 1329 2880 φροῦδοι
1345 2846 1475 2880 γίνονται.

1047 2879 1103 2911 (15)
1118 2880 1307 2917 Πιιριὶμυρόν.
1324 2881 1361 2907 lix
1377 2882 1423 2907 illo
1437 2882 1573 2917 versiculo
1586 2881 1762 2917 ὲπαρῳδήθτγ

1010 2916 1126 2949 Πρόσθε
1138 2915 1226 2947 λέων,
1235 2915 1337 2943 ὄπιθεν
1347 2916 1380 2942 δὲ
1389 2917 1415 2950 δέ
1422 2915 1622 2951 ιὶκωημέι-σιι
1630 2915 1659 2943 τε
1668 2915 1801 2951 κάξαιρῶ
