2061 3210
167 168 235 197 1205

764 173 922 202 ΡίζίΕΡΛῐζ.
941 174 1065 203 EVANG.
1086 176 1149 203 LIB.
1167 176 1235 204 XIV.

1716 173 1785 203 1206

165 226 306 261 πολέμοιο
327 229 405 264 μέγα
427 231 523 265 στόμα
555 232 749 258 πευκεοανοῗο
783 232 951 267 ἀπετρέψατο

1005 234 1052 265 bit,
1072 234 1149 262 facile
1169 234 1389 273 deprehenditur,
1416 235 1466 262 hoc
1481 234 1541 261 belli
1556 242 1640 269 genus
1655 234 1784 268 suscepit,

164 270 231 307 ἄλλῃ
245 273 284 304 είς
303 273 441 302 Πλάτωνα.
471 275 548 303 Ἀλλὰ
562 277 608 303 καὶ
627 278 689 312 περὶ
706 278 755 312 μὲν
782 278 834 304 τῶν
848 278 950 313 Ζήνωνι

164 316 204 348 εις
219 317 349 345 Πλάτωνα
363 320 453 352 κακῶς
467 329 496 347 τε
510 322 556 347 καὶ
576 321 730 356 αἰδημόνως
746 321 871 357 οὐδαμῶς
885 330 951 347 νεω-

164 363 343 398 τερισθέντων
359 366 496 402 εἰρήσεταί
523 376 568 402 μοι
593 366 670 400 αὖθίς
685 377 761 401 ποτε,
784 368 831 395 ὲὰν
846 369 952 403 φιλοσο-

166 406 230 441 φίας
245 408 342 444 σχολὴν
357 410 461 444 ἀγάγω.
477 412 521 447 Μή
545 420 610 438 ποτε
633 412 687 447 (28)
705 412 796 448 μέντοι
820 413 950 450 ἀγάγοιμι

166 453 263 488 σχολήν
276 463 341 481 ποτε
351 456 493 492 τοσαύτην,
508 458 609 484 τούτων
622 458 687 492 γοῦν
702 459 834 493 ἓνεκεν,εξ
851 460 888 496 μὴ
899 460 951 487 ὑπὸ

165 499 283 531 παιδιᾶς.
291 501 343 528 Τὸν
358 501 380 527 δ’
393 499 439 529 οὗν
456 503 566 539 Ζήνωνα
582 505 596 531 ὁ
611 504 783 540 Ἀρκεσίλαος
799 506 951 541 ἀντίτεχνον

165 546 212 572 καὶ
229 545 363 578 ἀξιόνικον
381 548 535 584 ὑπάρχοντα
553 550 673 585 θεωρῶν,
689 552 751 584 τοὺς
768 553 833 588 παρ’
845 553 949 580 ἐκείνου

164 591 385 628 ἀποφερομένους
412 594 506 629 λόγους
531 597 654 632 καῇῄρει,
686 598 732 624 καὶ
761 598 835 624 οὐδὲν
857 599 948 626 ὤκνει.

166 638 234 673 Περὶ
251 639 300 674 μὲν
313 638 358 666 οὖν
371 640 425 667 τῶν
437 641 524 668 ἄλλων
551 642 568 669 ἃ
598 643 755 679 ὲμεμάχητο
774 644 879 678 ἐκείνῳ,
895 645 950 672 οὔτ’

166 683 232 716 ἴσως
246 685 331 712 εἰπεῖν
344 685 408 721 ἔχω,
424 687 451 713 εἴ
459 696 487 713 τε
513 689 560 715 καὶ
586 687 667 724 εἶχον,
686 690 761 717 οὐδὲν
776 691 828 717 ἔδει
848 692 895 718 νῦν
907 693 951 718 αὺ-

165 730 220 757 τῶν
235 732 397 767 μνησθῆναι·
426 734 456 760 τὸ
473 733 500 760 δὲ
529 735 615 771 δόγμα
640 735 719 762 τοῦτο
737 737 819 764 αὐτοῦ
843 738 950 773 πρώτου

165 776 324 811 εὑρομένου,
341 779 425 805 καῦτδ
450 779 480 806 τὺ
504 780 588 815 ὄνομα
614 782 718 816 βλέπων
740 783 898 818 εὐδοκιμοῦν
922 786 950 810 ἐν

165 824 225 854 ταῖς
246 823 379 859 Ἀθήναις,
394 825 443 861 τὴν
468 827 672 863 καταληπτικὴν
693 829 851 863 φαντασίαν,
877 830 950 866 πάσῃ

167 870 275 905 μηχανῇ
293 871 391 906 ἐχρῆτο
402 871 444 898 ἐπ’
457 873 553 908 αὐτήν.
577 873 605 899 '0
625 874 647 900 δ’
663 875 691 900 ὲν
707 874 745 909 τῷ
765 875 951 912 ἀσθενεστέρῳ

1004 287 1084 308 secus
1104 280 1224 315 profecto
1241 288 1323 315 quam
1350 288 1398 315 par
1421 285 1480 307 erat
1503 280 1565 307 fecit
1585 280 1643 314 ipse
1666 287 1786 315 quoque,

1004 325 1068 352 (lum
1085 333 1135 352 ttee
1151 325 1288 353 hominem
1304 326 1355 353 sibi
1373 330 1467 353 notum
1483 325 1649 358 vulneravit,
1666 331 1691 353 et
1705 334 1785 360 qttcm

1005 371 1116 398 tttinitne
1134 371 1272 402 decuerat,
1291 379 1352 398 cum
1370 371 1558 405 indignissime
1571 379 1602 398 ac
1619 371 1786 405 turpissime,

1004 417 1126 452 adeoque
1146 418 1225 452 longe
1243 417 1352 449 foedius,
1368 426 1448 452 quent
1475 418 1516 445 vel
1543 418 1602 444 cani
1621 417 1787 448 conveniret,

1003 463 1176 490 contumeliis
1187 464 1305 490 violavit.
1324 464 1457 490 Czeterttm
1474 463 1660 498 magnitudine
1670 463 1786 497 quadam

1005 509 1087 536 animi
1105 510 1240 537 abstinere
1255 518 1284 537 se
1300 510 1333 536 ab
1347 509 1466 536 Arcesila
1486 508 1639 535 declaravit.
1660 507 1725 534 Nam
1739 515 1785 535 seu

1004 555 1075 589 quod
1094 556 1212 583 hominis
1229 563 1339 582 sensum
1359 557 1505 591 ignoraret,
1522 565 1569 583 sett
1591 555 1663 591 quod
1680 554 1787 581 Stoicos

1004 605 1153 633 vereretur,
1169 600 1262 627 Trucis
1276 609 1323 628 ara
1341 603 1456 636 ingentia
1476 602 1536 628 belli
1548 602 1602 628 alio
1614 622 1621 633 ,
1637 602 1687 628 ltoc
1703 605 1745 628 est
1760 601 1787 627 in

1004 645 1152 677 Platonem,
1179 646 1268 673 vertit.
1299 646 1351 674 Sed
1367 647 1438 674 enim
1457 648 1489 674 de
1505 648 1553 679 iis,
1569 655 1630 682 quae
1645 654 1786 681 perperam

1004 699 1035 718 ac
1046 691 1104 718 sine
1116 692 1171 718 ullo
1192 691 1362 719 verecundiae
1381 699 1462 719 sensu
1482 691 1621 719 Platonem
1638 691 1711 719 Zeno
1731 699 1788 719 uto—

1005 737 1068 764 litus
1091 742 1132 764 est
1147 741 1203 764 tttttt
1218 745 1296 773 agam
1313 738 1433 771 uberius,
1450 746 1512 764 cum
1533 745 1547 764 a
1567 737 1646 773 733
1666 737 1787 772 philoso-

1004 783 1066 817 pltia
1089 790 1219 810 vacavcro
1236 792 1242 810 :
1262 791 1417 818 quanquam
1438 783 1509 810 absit
1532 784 1661 815 omnino,
1681 788 1786 810 tattlutn

1004 835 1122 862 unquam
1142 827 1175 854 al)
1188 835 1219 854 ea
1235 834 1338 857 vacem,
1357 827 1408 854 hoc
1421 831 1451 853 ut
1467 826 1620 861 argumenti
1637 834 1722 861 genus
1736 826 1786 852 ali-

1005 878 1044 900 ter
1062 881 1142 908 quant
1153 873 1216 907 joco
1235 873 1403 900 tractandum
1420 872 1578 907 suscipiam.
1589 871 1667 899 Nune
1682 877 1711 899 ut
1724 871 1786 898 red-

166 913 204 940 ὢν
218 914 285 950 (29),
312 917 426 952 ἡσυχίαν
449 918 533 952 ἄγων,
562 919 593 945 οὑ
618 919 765 956 δυνάμενος
791 921 950 951 ἀδικεῖσθαι,

1003 925 1059 944 eam
1078 917 1112 944 ad
1127 917 1293 950 Arcesilam,
1311 918 1334 944 is
1354 917 1490 945 Zenonem
1509 922 1535 944 et
1560 917 1627 944 artis
1640 917 1786 944 contrariae

172 959 338 997 Ἀρκεσιλάῳ
353 963 404 998 μὲν
419 964 523 999 ἀφίετο,
537 965 619 992 πολλὰ
644 966 676 993 ἂν
700 967 786 994 εξπετν
800 967 880 1002 ἔχων,
895 968 951 994 ἀλλ’

165 1006 216 1033 οὐκ
229 1007 318 1042 ἠθελε,
335 1009 405 1044 τάχα
416 1009 445 1036 δὲ
461 1010 558 1046 μᾶλλον
570 1011 666 1043 ἄλλως·
684 1013 752 1047 πρὸς
766 1012 793 1039 δὲ
806 1013 851 1040 τὸν
862 1013 952 1040 οὐκέτι

165 1052 196 1078 ὲν
212 1051 294 1084 ζῶσιν
321 1053 386 1081 ὄντα
406 1055 535 1083 Πλάτωνα
560 1057 733 1093 ὲσκιαμάχει,
763 1058 810 1084 καὶ
833 1059 882 1094 τὴν
900 1059 953 1085 ἀπὸ

164 1097 274 1132 ἁμάξης
288 1099 426 1135 πομπείαν
437 1101 527 1127 πᾶσαν
544 1101 731 1137 κατεοορύϐει,
740 1102 835 1136 λέγων,
846 1102 883 1134 ὡς
897 1102 952 1129 οὔτ’

165 1142 200 1170 ἂν
212 1143 258 1170 τοῦ
275 1144 419 1178 Πλάτωνος
450 1146 630 1182 ἀμυνομένου,
650 1147 804 1182 ὐπερδικεῖν
828 1156 858 1174 τε
872 1149 952 1175 αὑτοῦ

163 1189 238 1226 ἄλλῳ
248 1191 335 1218 οὐδενὶ
353 1192 442 1228 μέλον·
454 1194 508 1220 εῐτε
520 1194 662 1230 μελήσειεν
683 1194 858 1230 Ἀρκεσιλάῳ,
872 1195 953 1228 αὑτός

163 1243 198 1270 γε
214 1237 352 1273 κερδανεῖν
378 1238 446 1274 ᾤετο
475 1240 697 1276 ἁποτρεψάμενος
723 1241 769 1276 ἀφ’
786 1241 880 1268 ἑαυτοῦ
907 1242 953 1270 τὸν

171 1279 354 1316 Ἀρκεσίλαον.
372 1281 456 1309 Τοῦτο
468 1283 496 1310 δὲ
516 1282 563 1320 ᾖδε
581 1285 628 1311 καὶ
648 1285 811 1320 Ἀγαθοκλέα
834 1287 880 1313 τὸν
903 1288 952 1314 Συ-

165 1326 310 1360 ρακούσιον
325 1328 474 1363 ποιήσαντα
490 1329 520 1355 τὸ
537 1329 655 1365 σόφισμα
672 1331 718 1357 ἐπὶ
730 1332 793 1363 τοὺς
811 1332 953 1368 Καρχηδο-

164 1369 248 1402 νίους.
266 1372 296 1398 0t
311 1373 424 1399 Στωϊκοὶ
451 1373 478 1400 δὲ
507 1375 642 1410 ὑπήκουον
669 1376 898 1413 ἐκπεπληγμένοι·
921 1378 952 1405 Ἡ

166 1415 255 1450 μοῦσα
269 1417 324 1453 γὰρ
336 1418 427 1450 αὐτοῖς
441 1419 501 1445 οὐδὲ
520 1419 580 1446 τότε
595 1418 627 1456 ἦν
642 1421 791 1456 φιλολόγος,
803 1423 858 1450 οὐδ’
870 1423 952 1458 ἐργά-

164 1469 208 1492 τις
223 1463 352 1498 χαρίτων,
381 1460 475 1498 ὑφ’ὦν
496 1465 510 1491 ὁ
539 1466 722 1501 Ἀρκεσίλαος,
747 1467 781 1495 τὰ
801 1469 850 1504 μὲν
873 1478 952 1505 περι-

164 1507 282 1542 κροὺων,
299 1508 370 1536 τὰδὲ
387 1510 555 1546 ὑποτέμνων,
573 1511 640 1539 ἄλλα
652 1512 673 1538 δ’
687 1513 881 1547 ὑποσκελίζων,
904 1525 952 1543 κα-

163 1553 356 1588 τεγλωττίζετο
382 1556 489 1589 αὐτοὺς,
516 1557 562 1584 καὶ
590 1558 704 1591 πιθανὸς
731 1557 775 1595 ἦν.
803 1561 951 1597 Τοιγαροῦν

165 1599 234 1635 πρὸς
243 1599 290 1632 οὓς
308 1601 356 1636 μὲν
370 1602 523 1636 ἀντέλεγεν,
548 1604 719 1639 ἡττωμένων,
734 1606 762 1631 ὲν
775 1602 814 1638 οἷς
827 1606 854 1632 δὲ
867 1607 952 1642 λέγων

163 1643 211 1680 ἦν,
239 1647 518 1683 καταπεπληγμένων,
543 1648 712 1686 δεδειγμένον
729 1659 788 1683 πως
814 1653 870 1683 τοῖς
893 1653 953 1680 τότε

163 1690 319 1726 ἀνθρώποις
336 1692 452 1728 ὑπῆρχε,
468 1693 550 1728 μηδὲν
567 1691 636 1721 εἶναι
652 1695 712 1730 μήτ’
725 1694 770 1722 οὖν
782 1696 856 1729 ἔπος,
886 1699 953 1733 μήτε

164 1737 263 1769 πάθος,
275 1738 343 1773 μήτε
357 1738 435 1774 ἔργον
450 1738 478 1765 ἒν
496 1738 592 1775 βραχὺ,
614 1740 680 1775 μηδὲ
695 1741 829 1778 ἄχρηστον
845 1743 954 1770 τούναν-

163 1783 222 1810 τίον
232 1783 346 1820 ὸφθῆναί
363 1785 421 1811 ποτ’
432 1785 474 1816 ἂν,
495 1785 521 1812 εἴ
531 1794 556 1813 τι
588 1787 625 1822 μὴ
642 1787 808 1824 Ἀρκεσιλᾶιῳ
828 1789 900 1816 δοκεῖ
913 1790 951 1825 τῷ

165 1829 303 1866 Πιταναίῳ
314 1831 380 1866 (30).
393 1831 438 1867 Τῷ
453 1832 474 1859 δ’
486 1832 539 1868 ἄρα
554 1833 628 1859 οὐδὲν
646 1834 742 1866 ἐδόκει,
767 1835 821 1861 οὐδ’
835 1835 950 1870 ἁπεφαῖ-

164 1884 227 1903 νετο
246 1877 322 1904 οὐδὲν
352 1878 461 1913 μᾶλλον,
490 1879 506 1914 ῆ
531 1879 696 1915 ρηματίσκια
720 1881 793 1908 ταῦτ’
807 1880 874 1910 εἶναι
903 1883 950 1909 καὶ

165 1922 275 1957 φόϐους.

1005 963 1202 997 professorem,
1225 968 1252 990 et
1275 971 1323 990 stta
1341 964 1452 998 dignum
1468 963 1581 990 victoria
1597 971 1659 990 cum
1676 963 1788 994 videret,

1005 1009 1122 1036 hominis
1141 1009 1337 1044 disputationes
1365 1009 1544 1041 convellebat,
1560 1009 1602 1037 sui
1616 1009 1696 1044 plane
1710 1016 1788 1036 secu-

1005 1063 1061 1082 tus.
1083 1056 1122 1082 Ae
1143 1060 1238 1082 caetera
1260 1055 1368 1089 quidem
1386 1055 1494 1087 omnia,
1510 1055 1544 1082 de
1565 1055 1665 1089 quibus
1679 1063 1740 1082 cum
1756 1062 1789 1082 co

1003 1101 1192 1132 contendebat,
1218 1108 1266 1127 nec
1291 1100 1406 1127 fortasse
1423 1101 1537 1134 possim,
1560 1108 1610 1128 nec
1629 1105 1657 1127 ut
1673 1101 1786 1135 possim,

1005 1156 1076 1176 nune
1090 1153 1162 1176 certe
1182 1148 1324 1183 complecti
1341 1152 1475 1183 oporteat.
1505 1149 1539 1175 At
1552 1148 1690 1175 decretum
1710 1148 1787 1180 illud.

1003 1195 1082 1230 cujus
1097 1196 1154 1230 ipse
1170 1196 1296 1231 princeps
1320 1199 1418 1222 auctor
1436 1198 1512 1227 erat,
1540 1194 1668 1229 quodque
1687 1194 1787 1221 celebri

1004 1247 1060 1269 tttnt
1072 1242 1183 1270 nomine
1208 1241 1321 1270 Athenis
1336 1233 1433 1276 jactari
1451 1241 1568 1272 videbat,
1583 1241 1656 1267 illam
1676 1240 1786 1275 inquam

1003 1287 1248 1323 compreltendendi
1274 1287 1346 1319 vim,
1374 1295 1456 1323 quam
1481 1287 1632 1320 phantasize
1654 1286 1788 1314 tribuebat

1004 1333 1087 1367 Zeno,
1104 1333 1237 1361 machinis
1259 1333 1311 1360 sibi
1331 1333 1458 1361 omnibus
1474 1333 1616 1368 petendam
1634 1336 1660 1359 et
1688 1339 1788 1359 concu-

1003 1379 1119 1406 tiendam
1137 1379 1249 1413 putavit.
1271 1379 1345 1406 Alter
1370 1379 1471 1406 interea
1498 1379 1628 1406 adversus
1652 1377 1787 1405 iniirtnio.

1003 1431 1070 1457 rem,
1083 1424 1162 1459 quasi
1177 1424 1244 1450 nihil
1261 1424 1295 1450 ab
1306 1431 1338 1450 eo
1354 1424 1413 1451 laedi
1433 1427 1536 1459 posset,
1559 1423 1683 1450 movebat
1696 1423 1761 1449 nihil
1779 1431 1785 1449 :

1003 1470 1073 1497 idem
1090 1474 1179 1497 tamen
1198 1471 1282 1498 misso
1298 1470 1416 1497 Arcesila
1427 1492 1434 1503 ,
1461 1471 1488 1498 in
1504 1479 1583 1506 quem
1601 1470 1684 1497 multa
1697 1469 1787 1497 dicere

1002 1516 1134 1550 potuisset
1157 1516 1221 1550 (seu
1248 1516 1385 1543 hominem
1410 1524 1506 1551 urgere
1527 1516 1626 1546 nollet.
1651 1523 1697 1543 seu
1721 1515 1787 1549 quid

975 1589 985 1598 Ἰ
1003 1561 1076 1588 aliud
1092 1561 1272 1597 sequeretur),
1287 1569 1350 1588 cum
1363 1561 1473 1589 Platone
1485 1562 1553 1596 ipso,
1569 1561 1615 1596 qui
1630 1561 1719 1588 vivere
1730 1561 1787 1594 jam

1003 1607 1129 1639 desierat,
1148 1607 1188 1634 sic
1203 1611 1333 1642 tanquam
1349 1608 1376 1634 in
1393 1608 1488 1634 umbra
1500 1607 1645 1642 pugnabat.
1677 1606 1709 1634 Et
1724 1615 1787 1634 vero

1002 1653 1070 1680 nihil
1089 1660 1142 1680 non
1167 1653 1353 1681 conviciorum
1374 1653 1401 1681 in
1423 1661 1485 1680 eum
1497 1673 1503 1685 ,
1527 1653 1604 1688 quasi
1620 1661 1636 1680 e
1650 1653 1785 1688 plaustro,

1002 1700 1156 1734 promiscue
1172 1700 1402 1735 tumultuarieque
1415 1700 1529 1736 jactavit
1542 1720 1548 1730 ,
1566 1700 1696 1727 nimirum
1714 1699 1786 1734 quod

1003 1752 1052 1772 nec
1065 1752 1195 1780 reponere
1219 1744 1296 1772 Plato
1316 1745 1372 1776 iam
1397 1749 1504 1780 posset,
1524 1752 1575 1772 nec
1593 1744 1675 1771 aliutn
1691 1751 1787 1778 quem-

1003 1798 1084 1824 quam
1099 1791 1158 1825 ejus
1174 1798 1255 1817 cattsa
1269 1790 1455 1817 laboraturum
1472 1793 1595 1825 putaret;
1620 1793 1668 1816 aut
1681 1789 1704 1816 si
1718 1787 1788 1815 forte

1004 1835 1139 1862 laboraret
1155 1835 1307 1867 Arcesilas,
1325 1835 1351 1862 in
1368 1835 1444 1862 lucro
1465 1840 1554 1862 tamen
1569 1839 1696 1869 poneret,
1712 1833 1752 1860 sic
1769 1840 1786 1859 a

1003 1881 1059 1908 suis
1080 1889 1142 1908 eum
1164 1881 1315 1909 cervicibus
1336 1888 1396 1908 esse
1420 1880 1573 1914 depulsum.
1600 1879 1660 1912 Quo
1673 1879 1784 1914 quidem

1004 1927 1110 1955 artificii
1136 1935 1233 1962 genere
1256 1927 1431 1962 Agathoclem
1455 1926 1630 1962 Syracusitttn
1654 1925 1784 1952 adversus

163 1970 406 2008 Carthaginienses
421 1982 501 2003 usum
530 1984 591 2004 esse
607 1981 691 2004 notat.
711 1977 798 2004 Atuue
819 1977 875 2004 luce
904 1977 987 2005 Stoici
1008 1984 1068 2005 cum
1091 1981 1201 2010 stupore
1225 1977 1380 2004 audiebant.
1410 1975 1474 2002 Erat
1498 1975 1570 2002 enim
1587 1974 1676 2002 adhue
1697 1972 1787 1999 infans

163 2023 261 2044 eorum
285 2026 382 2053 musa,
411 2028 460 2048 nec
491 2021 597 2049 illarum
630 2022 789 2050 facetiarum
811 2023 926 2056 artifex,
957 2023 1057 2058 quibus
1082 2023 1218 2050 Arcesilas
1243 2022 1361 2050 Zenonis
1387 2026 1546 2056 argumenta
1566 2020 1664 2055 partim
1695 2019 1786 2052 explo-

164 2061 251 2097 dens,
275 2066 373 2100 partim
398 2067 555 2100 succidens,
585 2069 682 2103 partim
707 2069 901 2104 supplantans,
927 2070 966 2097 sic
995 2078 1041 2097 eos
1058 2070 1156 2105 lingua:
1184 2069 1210 2095 vi
1227 2069 1368 2101 obruebat,
1387 2073 1416 2095 ut
1439 2067 1518 2094 fidem
1541 2066 1621 2093 etiam
1639 2064 1700 2094 aliis
1717 2063 1786 2090 facc-

163 2115 217 2138 ret.
237 2110 286 2144 lta,
311 2120 373 2140 cum
396 2118 424 2142 et
447 2115 466 2142 ii
486 2116 649 2150 quibuscum
673 2117 797 2144 oratione
810 2117 959 2152 pugnabat,
981 2117 1043 2145 victi
1061 2123 1142 2152 atque
1167 2117 1294 2152 prostrati
1311 2138 1318 2149 ,
1336 2121 1361 2143 et
1377 2117 1395 2143 ii
1409 2123 1528 2150 quorum
1545 2115 1572 2141 in
1588 2120 1692 2141 corona
1711 2111 1786 2138 dice-

162 2155 223 2189 hat,
235 2158 351 2192 perculsi
363 2160 524 2196 attonitique
539 2167 701 2189 manerent:
720 2162 798 2197 quasi
830 2171 878 2197 pro
911 2168 1051 2198 comperto
1083 2168 1142 2190 erat
1165 2163 1287 2198 ejusdem
1309 2162 1396 2190 tetatis
1416 2161 1588 2193 hominibus,
1610 2167 1660 2187 nec
1680 2165 1786 2193 vocem,

165 2210 219 2230 nec
239 2204 358 2238 malum,
383 2213 433 2234 nec
446 2214 514 2241 opus
531 2206 615 2234 ullum
640 2207 680 2234 vel
707 2208 868 2240 minimum,
899 2208 1048 2243 quidquam
1073 2217 1144 2240 esse,
1174 2216 1225 2236 nec
1249 2208 1328 2235 inane
1343 2207 1524 2245 frivolumqtte
1542 2210 1636 2233 contra
1649 2205 1736 2232 visum
1755 2204 1787 2231 iri

164 2250 326 2287 quidquam,
350 2253 401 2281 nisi
425 2255 497 2289 quod
513 2255 641 2283 Arcesila:
654 2255 774 2283 Pitattzeo
798 2257 850 2283 tale
877 2257 1024 2284 videretur.
1047 2257 1080 2285 Et
1107 2264 1188 2293 porro
1214 2257 1282 2284 nihil
1298 2257 1378 2294 plane
1390 2255 1542 2287 videbatur,
1554 2262 1604 2282 nec
1619 2253 1691 2280 aliud
1709 2252 1786 2288 quid-

163 2305 248 2333 quam
262 2299 374 2328 omnino
385 2301 482 2337 magis,
494 2309 576 2337 quam
588 2303 646 2331 haec
658 2303 769 2331 voculas
782 2308 886 2332 tantutn
902 2305 1019 2340 aliquas,
1039 2310 1066 2333 et
1082 2310 1200 2333 terrores
1219 2313 1279 2332 esse
1296 2304 1461 2332 declarabat.

431 2349 629 2376 ΚΕΦΔΛΑΙΟΝ
649 2352 686 2377 Ζ’.

1249 2350 1330 2389 734
1355 2349 1468 2378 CAPUT
1492 2348 1545 2375 vu.

171 2400 294 2443 'OJ‘IOZOCI
307 2402 366 2443 τῷν
389 2403 581 2443 δηλριιμένωγ
599 2407 621 2443 d
631 2405 714 2443 ,βίοςκΔ
731 2406 951 2443 Περὶ-Λακύδορ

1004 2409 1161 2442 Cujusmodi
1186 2409 1350 2443 superiorum
1370 2407 1475 2433 illorum
1501 2406 1554 2432 vim
1578 2404 1668 2443 fuerit.
1693 2403 1733 2443 βε
1756 2404 1786 2428 de

200 2437 318 2499 ἓνὲῦιτρν
340 2437 531 2474 Ἀρκεσίλαον
557 2437 781 2475 διαδεξαρἐουῖ
808 2441 874 2468 Ἀπὸ
899 2441 951 2469 τοῦ

240 2480 303 2499 του.

1040 2437 1144 2478 Zacyde
1156 2437 1269 2479 quodam
1284 2442 1410 2469 Arcesilw
1422 2437 1582 2471 successore:
1595 2439 1636 2466 Em
1650 2439 1751 2465 eodem.

257 2481 303 2499 Ου.

204 2536 215 2553 ι
232 2528 297 2564 Περὶ
313 2529 341 2556 δὲ
356 2529 477 2556 Λακύδου
507 2530 562 2564 (51)
575 2530 703 2566 βούλομαί
725 2540 750 2558 τι
772 2531 951 2567 διηγήσασθαι

164 2573 226 2610 ἡδύ.
237 2572 290 2601 Ἷιν
303 2575 352 2610 μὲν
362 2575 394 2610 δὴ
414 2576 538 2611 Λακύδης
553 2577 806 2613 ὐπογλισχρότερος,
833 2578 878 2604 καί
891 2586 951 2604 τινα

202 2674 259 2709 (‘28)
278 2675 357 2703 Forte
369 2675 410 2701 «ιρι
417 2697 423 2704 ,
443 2676 516 2702 ποτε.

203 2709 260 2743 (29)
281 2710 328 2736 Ἐν
339 2710 380 2743 τῷ
393 2710 598 2744 ἀσθενεστέρῳ
612 2709 663 2736 ὢν.
678 2709 891 2745 Expungendum
906 2718 950 2738 ar«

165 2744 252 2771 bitrnr
274 2746 446 2780 participium
460 2746 514 2777 ὢν,
535 2750 565 2772 ut
587 2744 737 2773 Arcesilam
757 2744 950 2782 ἀσθενέστερον

165 2784 253 2806 νορρμ

202 2814 259 2847 (50)
273 2815 428 2851 Πιταναίῳ.
443 2814 575 2851 Diogenes
590 2815 713 2851 Laertius
729 2815 776 2842 lib.
793 2823 819 2842 tv
835 2825 841 2842 :
860 2816 951 2851 Ἀρκε-

166 2848 269 2885 σίλαος,
292 2849 390 2882 inquit,
409 2848 517 2885 Ζεύοοῦ,
542 2850 561 2885 ἦ
582 2850 702 2881 Σκύθου,
719 2851 876 2882 Πιταναῖος,
892 2848 950 2885 ’τῆς

172 2883 310 2916 Ἀοιλίδος.
329 2885 394 2912 Ibid.
410 2883 462 2912 Ἦν
481 2886 527 2913 μὲν
539 2883 583 2912 οὖν
599 2885 671 2912 αὐτῶ
688 2886 732 2912 καὶ
749 2887 776 2912 ἐν
789 2886 890 2914 Πιτάνη
903 2883 951 2912 πὲ-

1043 2542 1051 2557 t
1066 2531 1126 2559 Jam
1141 2539 1215 2564 vero,
1233 2531 1267 2558 de
1281 2529 1398 2565 Lacyde,
1409 2529 1508 2563 inquit,
1526 2528 1642 2556 facetum
1659 2526 1786 2562 quiddam

1004 2585 1036 2604 ac
1048 2577 1166 2612 lepidum
1181 2584 1292 2604 narrare
1307 2575 1399 2602 statui.
1424 2574 1487 2601 Erat
1503 2575 1526 2601 is
1539 2573 1619 2608 paulo
1641 2573 1787 2605 sordidior,

1004 2687 1120 2722 ριουσία,
1139 2687 1183 2720 ἀφ’
1196 2684 1230 2722 ἧς
1243 2685 1491 2722 ἀπέστειλεν-αὑτῷ
1503 2683 1624 2718 Πυλάδης
1640 2684 1654 2710 ὸ
1664 2681 1786 2722 ἀδελςρςὶς.

1039 2722 1094 2756 (51)
1111 2717 1179 2755 ηερι
1191 2717 1225 2747 δὲ
1240 2721 1386 2748 Λακύδου.
1401 2717 1500 2756 Eadem
1515 2717 1711 2756 commemorat.
1724 2717 1786 2756 lno-

1004 2752 1091 2791 genes'
1109 2752 1156 2784 lib:
1179 2764 1205 2783 tv
1218 2776 1233 2792 ,ν
1252 2756 1298 2782 sed
1323 2756 1406 2792 longe
1422 2755 1522 2782 siceius
1545 2759 1626 2788 atque
1638 2752 1785 2792 __i_rigiditts.

1004 2788 1180 2819 Subohscura
1191 2791 1298 2818 videtur
1308 2788 1437 2822 narratio,
1453 2798 1513 2824 qua-.
1527 2794 1616 2816 tamen
1629 2788 1785 2822 diligentius

1004 2827 1154 2854 attendenti
1181 2827 1248 2855 satis
1277 2826 1447 2861 perspicuam
1462 2823 1550 2853 habet
1572 2823 1787 2859 explicatamque

1004 2864 1145 2890 rationem.
