2061 3210
259 158 325 187 1211

575 157 710 186 EUSEBH
730 154 968 183 CAESARIENSIS
986 153 1060 181 OPP.
1083 153 1172 180 PARS
1193 153 1225 180 li.
1243 168 1276 172 —
1293 151 1542 180 APOLOGETICA.

1815 149 1886 177 1212

258 219 433 254 obsignatum
447 218 537 245 locum
552 224 605 243 non
621 215 716 243 fuisse.
738 214 805 246 lino,
815 213 964 249 inquiebat,
980 220 1042 246 eum

1103 211 1176 237 ιύτοῦ
1195 211 1263 246 πρὸς
1291 211 1354 242 τοὺς
1371 210 1472 244 φίλους.
1495 209 1548 236 Τοῦ
1575 209 1596 235 δ’
1609 209 1823 243 ἀνία-τρέφοντος
1836 207 1887 234 αὖ-

259 264 406 299 obstgnare
420 271 462 290 me
476 261 575 297 oppido
591 260 713 291 memini,
731 259 867 293 simulque
889 266 946 285 rem
964 258 1044 293 longa

260 310 384 337 oratione
399 307 613 338 demonstrabat,
631 313 663 334 ac
679 313 740 334 sese
757 305 833 332 illudi
849 304 979 337 sentiens,
1001 304 1044 331 in-

261 355 392 390 terposito
415 354 495 381 etiam
507 351 687 387 jurejurando
698 372 705 384 ,
728 350 915 378 vehementius
930 356 1046 384 exagge-

262 402 349 428 rabat.
371 400 446 433 Quos
466 399 585 426 hominis
605 399 722 433 impetus
749 397 785 424 ita
808 396 989 431 excipiebant,
1015 399 1046 423 ut

262 455 325 474 cum
342 447 423 474 etiam
445 445 532 481 jocari
557 453 650 472 secum
670 453 702 472 ac
717 444 810 471 ludere
827 444 878 471 sibi
897 443 1045 479 persuade-

262 497 332 526 rent,
346 501 380 520 ex
391 500 445 527 quo
457 492 572 526 sapienti
593 490 692 525 Lacydi
708 491 796 517 visum
811 494 892 523 esset,
909 489 978 516 nihil
995 489 1046 516 sibi

263 546 314 566 nec
325 538 463 573 opinionis
477 537 641 571 relinquere,
653 543 701 562 nec
717 535 854 562 memoriae
866 544 873 562 :
886 534 1046 562 memoriam

263 584 364 620 quippe
388 583 544 618 opinionem
570 582 716 617 quamdam
740 589 818 614 csse;
849 581 930 616 736
955 581 998 613 id,
1019 588 1048 609 se

264 630 372 665 quidem
396 629 587 660 audientibus,
613 629 646 655 ab
670 636 703 656 eo
726 636 813 663 nuper
836 627 998 663 quibusdam
1015 635 1047 655 ex

263 674 360 702 amicis
377 675 566 701 conlirmatum
583 674 676 701 fuisse.
707 673 760 701 Has
774 674 818 701 ille
830 674 974 708 petitiones
985 682 1047 701 cum

266 721 304 748 ita
318 720 496 750 refutaret.ut
508 721 562 747 alia
578 728 658 755 quam
673 720 826 747 Academici
843 720 948 748 soleant
959 720 1049 747 omnia

265 770 418 800 reponeret,
443 766 513 793 servi
539 765 661 793 Stoicum
681 765 798 800 aliquem
820 765 960 798 adeuntes,
986 765 1050 800 quid

265 812 317 839 sibi
342 811 487 839 dicendum
508 811 578 839 foret
594 819 627 838 ex
650 819 682 838 eo
696 811 838 838 discebant
863 818 871 838 :
892 815 974 845 atque
989 810 1052 838 inde

266 857 334 890 orsi,
352 857 474 891 argutias
497 856 612 892 argutiis
633 856 753 888 eludere,
779 856 885 890 artique
900 859 986 883 artem
1003 863 1052 890 op-

265 903 394 938 ponendo
406 910 468 930 vere
482 902 659 930 Academicos
673 910 702 929 se
712 902 785 929 fures
799 902 913 937 probare
925 911 932 928 :
947 909 979 929 ac
994 907 1051 929 tum

266 949 325 984 ipse
340 949 448 984 quidem
463 949 600 976 incessere
616 948 733 982 Stoicos,
746 949 817 975 servi
831 952 925 975 contra
937 949 996 983 ejus
1009 956 1052 976 re-

267 996 463 1032 prehensiones
487 995 609 1030 neganda
637 994 879 1029 comprehensione
902 994 977 1021 omni
994 994 1051 1022 dis-

267 1043 383 1076 solvere,
401 1047 482 1078 atqne
495 1042 521 1070 id
532 1063 539 1075 ,
556 1046 587 1070 ut
600 1050 649 1077 par
663 1046 738 1076 erat,
753 1049 808 1069 non
821 1042 880 1069 sine
891 1042 948 1070 risu
963 1049 994 1070 ac
1008 1050 1052 1070 sa-

268 1089 350 1116 libus.
372 1088 410 1116 lbi
425 1096 488 1124 ergo
503 1088 701 1123 disputationes
725 1088 859 1121 omnium,
879 1091 1052 1123 argumenta,

267 1133 464 1168 verborumque
483 1141 582 1168 pugnzc
607 1141 614 1160 :
639 1140 701 1160 cum
716 1133 787 1160 nihil
802 1133 904 1160 interea
917 1133 1054 1167 relinque-

268 1185 355 1212 retur,
372 1187 425 1206 non
441 1187 500 1212 vas,
514 1186 569 1206 non
582 1179 731 1214 quidquam
743 1186 837 1206 eorum
851 1186 911 1214 quae
922 1178 1054 1206 reconde-

269 1227 368 1252 bantur
383 1225 409 1252 in
426 1224 508 1257 vasis,
525 1232 578 1252 non
594 1225 666 1253 aliud
682 1225 824 1260 quidlibet,
840 1224 913 1259 quod
924 1224 1055 1251 domesti-

269 1278 330 1298 cam
355 1270 389 1297 ad
413 1270 607 1305 supellectilem
641 1271 798 1305 pertineret.
838 1270 909 1305 Ergo
933 1269 1054 1306 Lacydes

270 1322 395 1351 aestuare,
411 1317 457 1353 qui
474 1317 541 1344 nihil
558 1317 671 1344 omnino
686 1316 801 1344 subsidii
817 1317 844 1343 in
859 1316 993 1351 dogmatis
1011 1316 1053 1344 sui

271 1363 429 1393 defensione
443 1364 573 1398 reperiret
592 1373 598 1391 :
614 1371 677 1391 mox
691 1367 821 1398 reputans
838 1362 895 1397 ipse
911 1370 1015 1395 secum,
1028 1362 1055 1389 ni

270 1408 374 1437 furtum
387 1409 609 1444 deprehenderet,
623 1413 722 1437 cuncta
736 1409 788 1436 sibi
803 1408 931 1443 deinceps
946 1416 1055 1443 pessum

272 1456 353 1488 itura,
366 1455 474 1483 tandem
490 1456 569 1490 inops
582 1455 691 1483 consilii
704 1455 809 1483 vicinos
831 1455 989 1487 inclamare,
1010 1461 1057 1489 ap-

272 1502 373 1538 pellare
386 1503 451 1530 deos
465 1512 473 1529 2
486 1510 557 1537 saepe
571 1502 614 1530 hei
628 1501 706 1534 mihi,
720 1509 770 1536 pro
784 1501 888 1529 facinus
904 1500 1056 1536 indignum,

273 1557 321 1585 per
334 1550 399 1578 deos
414 1550 532 1585 deasque
549 1556 645 1577 omnes
668 1549 835 1584 ingeminare
845 1569 853 1582 ,
873 1556 905 1576 ac
917 1553 1014 1576 czetera
1029 1547 1055 1574 id

273 1605 358 1632 genus
372 1600 542 1632 argumenta,
566 1604 625 1631 qua:
639 1595 741 1623 homini
757 1595 929 1631 gravioribus
945 1595 972 1622 in
987 1602 1053 1629 que-

273 1642 347 1673 relis,
364 1642 409 1669 ubi
425 1642 502 1669 fidem
519 1650 571 1669 non
586 1643 722 1677 impetrat,
733 1642 792 1669 sine
810 1644 867 1668 arte
877 1645 973 1668 natura
989 1648 1055 1674 sup-

273 1687 385 1722 peditat.
406 1687 471 1720 Quae
482 1688 590 1722 quidem
607 1687 697 1715 omnia
718 1694 817 1722 magno
833 1687 952 1714 clamore
962 1686 1055 1721 deplo-

275 1738 344 1765 rata,
360 1741 485 1768 magnam
505 1733 599 1768 utique
613 1733 811 1768 probabilitatis
831 1732 947 1767 speciem
962 1737 1056 1760 osten-

275 1777 385 1805 debant.
405 1777 547 1806 Postremo
562 1778 612 1805 hac
626 1778 653 1805 in
670 1778 844 1806 contentione
855 1785 999 1813 pugnaque
1009 1777 1058 1805 do-

275 1822 399 1853 mestica,
418 1821 539 1849 Stoicum
556 1822 627 1857 apud
641 1830 734 1850 servos
752 1822 849 1858 agebat
863 1822 907 1849 ille
922 1822 1030 1857 quidem
1049 1831 1055 1850 :

276 1871 305 1894 at
319 1875 380 1894 cum
399 1867 449 1902 ipsi
464 1867 624 1895 Aeademica
650 1868 775 1902 dogmata
801 1871 912 1895 strenue
932 1871 1059 1895 constan-

276 1916 370 1948 terque
386 1913 576 1946 defenderent,
594 1914 705 1949 nequid
720 1914 790 1941 ultra
802 1914 933 1941 molestia:
949 1918 1058 1949 patere-

277 1963 332 1991 tur,
346 1958 420 1986 domi
436 1959 564 1994 deinceps
576 1960 696 1987 haerebat
713 1964 843 1995 perpetuo
853 1980 860 1992 ,
878 1967 910 1986 ac
923 1966 972 1993 pro
985 1959 1059 1986 cellm

277 2012 334 2032 sua:
349 2004 453 2033 foribus
468 2005 615 2034 assidebat.
635 2005 734 2033 Verum
748 2006 793 2033 ubi
807 2005 874 2034 nihil
886 2005 952 2041 agit,
965 2013 1057 2033 secum

278 2051 335 2085 ipse
348 2051 542 2086 cogitans,quo
557 2060 605 2079 sua
621 2052 673 2079 sibi
690 2051 809 2079 versutia
822 2051 956 2079 recideret
974 2060 981 2078 :
1001 2055 1060 2078 tan-

277 2096 339 2123 dem
356 2096 440 2123 animi
457 2104 568 2124 sensum
590 2097 680 2131 palam
703 2105 734 2125 ac
757 2097 816 2124 sine
833 2097 895 2124 fuco
921 2096 1057 2132 aperiens,

278 2143 419 2174 nimirum.
432 2143 529 2178 inquit,
543 2142 735 2176 famuli,aliter
748 2143 806 2171 haec
820 2143 846 2170 in
864 2142 955 2170 schola
965 2142 1058 2177 dispu-

278 2191 378 2220 tamus,
394 2188 472 2216 alitcr
487 2188 615 2216 vivimus.
633 2198 642 2214 ι
667 2189 707 2215 Ac
723 2188 757 2215 de
767 2187 872 2222 Lacyde
887 2188 994 2223 quidem
1010 2188 1058 2214 ha-

1096 256 1152 287 τοῖς
1165 255 1214 287 τὰς
1226 255 1421 290 ἐπιχειρήσεις,
1429 254 1475 280 καὶ
1482 253 1608 288 λέγοντος
1617 254 1666 279 οὐκ
1683 252 1888 288 Ἀκαδημαῖκὰ,

1096 302 1182 333 αὐτοὶ,
1199 302 1343 336 φοιτῶντες
1362 301 1401 332 είς
1417 299 1546 326 Στωϊκῶν
1560 308 1641 331 τινος,
1654 298 1688 326 τὰ
1703 299 1802 325 λεκτέα
1825 299 1887 326 ἐαυ-

1096 350 1151 380 τοῖς
1160 347 1353 383 ἀνεμάνθανον·
1363 347 1487 374 κάκεῖθεν
1495 345 1642 381 ἀρξάμενοι
1652 345 1888 379 ἀντεσοφίστευθν,

1097 395 1144 421 καὶ
1157 392 1227 430 ἦσαν
1253 394 1402 429 ἀντίτεχνοι
1426 394 1539 421 κλέπται
1569 391 1773 427 Ἀκαδημαϊκοὶ.
1805 392 1834 417 ’0
1860 391 1889 417 δὲ

1097 440 1226 471 Στωϊκοῖς
1242 440 1372 466 ἐνεκάλει·
1391 441 1415 466 οἱ
1431 440 1524 470 παῖδες
1535 438 1563 464 δὲ
1580 438 1615 464 τὰ
1630 437 1789 473 ἐγκλήματα
1801 436 1889 471 παρέ-

1097 485 1159 512 λυον
1175 485 1249 520 αὑτῷ
1264 485 1316 511 ὑπὸ
1333 484 1531 520 ἀκαταληψίας,
1547 483 1597 509 οὐκ
1607 483 1669 510 ἄνευ
1682 481 1836 516 τωθασμῶν
1850 490 1890 506 τι-

1098 538 1161 556 νων.
1175 529 1316 565 Διατριϐαὶ
1330 527 1377 556 οὖν
1390 527 1459 565 ἦσαν
1478 529 1585 556 πάντων
1597 529 1664 561 ἐκεῖ,
1681 528 1728 554 καὶ
1743 527 1828 560 λόγοι,
1843 528 1890 553 καὶ

1099 576 1256 611 ἀντιλογίαν
1275 577 1321 604 καὶ
1336 576 1364 603 ἓν
1380 576 1454 603 οὐδὲν
1468 576 1496 602 ὲν
1507 575 1545 610 τῷ
1559 575 1633 611 μέσῳ
1647 575 1891 606 κατελείπετο,οὖκ

1100 623 1219 657 ἀγγεῖον,
1235 623 1266 649 οὐ
1289 621 1344 648 τῶν
1365 622 1393 648 ὲν
1408 622 1513 657 ἀγγείῳ
1532 621 1689 656 τιθεμένων,
1705 621 1754 656 οὐχ
1777 621 1830 647 ὅσα
1851 622 1891 652 είς

1100 668 1188 698 οἰκίας
1200 667 1370 702 κατασκευὴν
1386 666 1442 693 ἀλλ’
1461 667 1501 693 ἔτι
1527 666 1648 701 συντελῆ.
1666 666 1719 693 Καὶ
1733 667 1748 692 ὁ
1765 666 1892 700 Λακύδης

1100 713 1169 744 τέως
1183 713 1231 748 μὲν
1243 712 1352 748 ἠπόρει,
1370 712 1408 747 μή
1427 721 1453 738 τι
1467 711 1655 738 λυσιτελοῦσαν
1673 710 1760 746 ἑαυτῷ
1778 711 1890 746 θεωρῶν

1100 757 1150 792 τὴν
1165 756 1261 784 ἑαυτοῦ
1273 756 1406 792 δόγματος
1420 756 1553 791 βοήθειαν,
1566 753 1625 782 εἷτα
1639 755 1676 790 μὴ
1687 754 1826 788 ἐξελέγξαι
1835 755 1891 788 (45)

1102 803 1190 829 πάντα
1207 802 1356 838 ἀνατρέψαι
1377 810 1407 828 τε
1421 801 1508 836 ἑαυτῷ
1524 800 1619 833 δοκῶν,
1646 800 1735 827 πεσὼν
1748 802 1788 832 εἰς
1803 801 1893 836 τάμή-

1103 858 1194 885 χανον,
1209 849 1272 880 τοὺς
1286 849 1409 882 γείτονας
1422 848 1577 884 ἐκεκράγει,
1602 847 1648 873 καὶ
1661 847 1724 879 τοὺς
1739 846 1828 878 θεοὺς·
1846 846 1894 874 καὶ

1068 891 1089 920 Β
1104 895 1143 922 ἰοὺ
1160 895 1211 926 iob,
1226 895 1273 922 καὶ
1288 894 1338 929 φεῦ
1357 894 1418 929 φεῦ,
1435 894 1482 921 καὶ
1497 893 1529 929 νὴ
1544 893 1607 924 τοὺς
1629 892 1717 924 θεοὺς,
1735 893 1782 919 καὶ
1793 893 1826 928 νὴ
1843 893 1893 924 τὰς

1103 942 1177 975 θεὰς,
1191 941 1269 969 ἄλλαι
1285 950 1313 968 τε
1327 942 1388 968 ὅσαι
1401 943 1429 968 ὲν
1443 941 1582 972 ἀπιστίαις
1598 940 1840 975 δεινολογουμένων
1855 941 1893 966 εξ-

1103 998 1145 1024 σὶν
1158 999 1264 1034 ἄτεχνοι
1277 998 1392 1030 πίστεις,
1420 997 1505 1024 ταῦτα
1530 997 1619 1024 πάντα
1647 997 1755 1032 ἐλέγετο
1771 996 1820 1033 βοῇ
1848 998 1894 1023 καὶ

1103 1044 1267 1080 ἀξιοπιστίᾳ,
1285 1043 1423 1070 Τελευτῶν
1436 1043 1476 1074 δὲ,
1492 1044 1554 1070 ἐπεὶ
1568 1043 1657 1079 μάχην
1671 1041 1742 1078 εἶχεν
1755 1043 1894 1076 ἀντιλεγο-

1105 1089 1187 1125 μένην
1201 1090 1248 1116 ὲπὶ
1259 1090 1308 1125 τῆς
1323 1089 1421 1121 οἰκίας,
1437 1089 1517 1120 αὐτὸς
1535 1089 1584 1124 μὲν
1602 1089 1635 1115 ἂν
1648 1088 1780 1124 δήπουθεν
1797 1089 1894 1114 enm?-

1103 1135 1198 1162 κεύετο
1210 1134 1279 1170 πρὸς
1291 1134 1354 1165 τοὺς
1367 1134 1474 1165 παῖδας⁵
1486 1133 1540 1160 τῶν
1566 1133 1668 1160 παίδων
1680 1133 1708 1159 δὲ
1722 1133 1757 1159 τὰ
1777 1133 1894 1169 Ἀκαδη-

1106 1179 1191 1215 μαῖκὰ
1208 1179 1434 1215 ίσχυριζομένων,
1460 1179 1503 1206 ἵνα
1528 1178 1625 1214 μηκέτι
1651 1178 1801 1214 πράγματα
1827 1178 1894 1213 ἔχοι,

1104 1225 1226 1262 οἰκουρὸς
1240 1224 1274 1261 ἦν
1291 1226 1366 1260 φίλος
1378 1225 1425 1252 τοῦ
1441 1226 1565 1261 ταμιείου
1580 1225 1796 1261 προκαθήμενος.
1811 1225 1896 1251 Οὐδὲν

1104 1272 1133 1298 δὲ
1149 1273 1189 1303 εἰς
1204 1272 1280 1298 οὐδὲν
1297 1271 1418 1306 ὠφελῶν,
1445 1271 1618 1307 ὑπειδόμενος
1630 1269 1658 1298 οἷ
1667 1271 1698 1298 τὸ
1724 1271 1806 1306 σοφὸν
1821 1264 1897 1306 αὐτῷ

1105 1317 1225 1353 ἔρχεται,
1242 1316 1444 1351 ἀπεκαλύψατο.
1462 1316 1575 1348 Ἄλλως,
1599 1317 1661 1352 ἔφη,
1679 1316 1775 1347 ταῦτα,
1792 1313 1814 1342 ὦ
1832 1317 1895 1342 παῖ-

1105 1364 1158 1395 δες,
1168 1365 1196 1390 ὲν
1207 1365 1266 1395 ταῖς
1273 1363 1423 1398 διατριόαἶς
1430 1363 1536 1396 λέγεται
1547 1364 1622 1398 ἡμῖν,
1631 1362 1716 1394 ἄλλως
1725 1362 1754 1389 δὲ
1760 1362 1864 1397 ζῶμεν.
1884 1371 1893 1388 ι

1107 1409 1198 1437 Ταῦτα
1212 1410 1260 1444 μὲν
1279 1409 1326 1436 καὶ
1338 1410 1402 1445 περ).
1415 1409 1461 1435 τοῦ
1475 1409 1606 1436 Ammiano.
1623 1408 1722 1435 Τούτου
1733 1408 1761 1435 δὲ
1774 1409 1896 1442 γίνονται

1106 1455 1237 1482 ἀκουσταὶ
1258 1455 1361 1486 πολλοὶ,
1386 1451 1423 1482 ὧν
1445 1452 1485 1487 εἷς
1503 1452 1536 1490 ἦν
1550 1454 1682 1489 διαφανὴς
1702 1455 1716 1480 ὁ
1739 1455 1897 1489 Κυρηναῖος

1113 1500 1298 1536 Ἀρίστιππος.
1323 1501 1370 1527 Ἐκ
1391 1500 1499 1527 πάντων
1521 1500 1543 1526 δ’
1561 1500 1643 1527 αὐτοῦ
1656 1499 1711 1526 τῶν
1736 1499 1896 1535 γνωρίμων,

1108 1547 1156 1582 τὴν
1172 1546 1268 1582 σχολὴν
1294 1546 1376 1572 αὐτοῦ
1402 1545 1536 1578 διεδέξατο
1556 1545 1689 1581 Εὔανδρος
1714 1546 1759 1572 καὶ
1770 1546 1797 1572 οἰ
1826 1545 1898 1581 μετὰ

1107 1591 1210 1619 τοῦτον.
1223 1592 1289 1618 Μεθ’
1303 1591 1349 1624 οὓς
1376 1591 1535 1627 Καρνεάδης
1552 1591 1749 1626 ὑποδεξάμενος
1770 1591 1821 1626 τὴν
1839 1591 1899 1618 δια-

1106 1636 1211 1671 τριὸὴν,
1230 1636 1325 1672 τρίτην
1339 1637 1520 1672 συνεστήσατο
1542 1636 1715 1672 Ἀκαδημίαν.
1735 1636 1831 1670 Λόγων
1849 1635 1899 1671 μὲν

1107 1680 1153 1709 οὖν
1165 1683 1259 1717 ἀγωγῇ
1273 1679 1445 1719 ὲχρήσατο,ᾖ
1461 1683 1507 1709 καὶ
1531 1683 1545 1708 ὁ
1564 1682 1746 1717 Ἀρκεσίλαος·
1766 1682 1814 1708 καὶ
1843 1681 1898 1716 γὰρ

1107 1729 1187 1760 αὐτὸς
1201 1729 1345 1764 ἐπετήδευε
1367 1728 1415 1764 τὴν
1441 1729 1481 1760 εἰς
1507 1728 1628 1764 ἑκάτερα
1653 1729 1837 1764 ἐπιχείρησιν,
1851 1728 1899 1754 καὶ

1107 1776 1195 1802 πάντα
1212 1775 1379 1807 ὰνεσκεύαζε
1389 1775 1424 1802 τὰ
1436 1775 1488 1802 ὑπὸ
1498 1775 1552 1802 τῶν
1563 1775 1649 1802 ἄλλων
1663 1775 1809 1810 λεγομένω
1825 1775 1899 1810 μόνῳ

1106 1822 1128 1849 δ’
1146 1823 1174 1849 ὲν
1189 1821 1229 1857 τῷ
1244 1821 1369 1857 περὶτῆς
1383 1821 1484 1856 ἐποχῆς
1500 1820 1572 1856 λόγῳ
1597 1821 1666 1856 πρὸς
1687 1820 1769 1847 αὐτὸν
1794 1821 1898 1855 διέστη,

1108 1867 1161 1902 φὰς
1177 1867 1307 1894 ἀδύνατον
1339 1865 1408 1894 εἶναι
1434 1867 1577 1903 ἄνθρωπον
1607 1866 1670 1893 ὄντα
1687 1867 1751 1903 περὶ
1769 1867 1899 1894 ἁπάντων

1107 1913 1225 1949 ἐπέχειν·
1243 1912 1373 1949 διαφορὰν
1394 1913 1422 1939 δὲ
1439 1911 1507 1939 εῖναι
1520 1913 1618 1948 ἀδήλου
1629 1913 1676 1940 καὶ
1691 1914 1899 1949 ἀκαταλήπτοιλ,

1108 1959 1155 1986 καὶ
1180 1958 1269 1985 πάντα
1297 1959 1346 1994 μὲν
1372 1956 1441 1985 εἷναι
1466 1959 1663 1994 ἀκατάληπτα,
1691 1959 1722 1985 οὑ
1752 1960 1845 1986 πάντα
1871 1960 1900 1987 δὲ

1109 2004 1204 2040 ἄδηλα.
1220 2005 1336 2040 Μετεῐχε
1361 2004 1390 2031 δὲ
1418 2002 1494 2036 οὗτος
1510 2005 1625 2031 καὶτῶν
1652 2005 1779 2032 Στωῖκῶν
1801 2006 1899 2041 λόγων,

1110 2051 1177 2086 πρὸς
1191 2051 1237 2082 οὒς
1250 2052 1295 2078 καὶ
1312 2051 1457 2087 ἐριστικῶς
1470 2051 1621 2087 ἱστάμενος,
1635 2052 1681 2078 ὲπὶ
1691 2052 1770 2078 πλέον
1782 2053 1900 2089 ηὐξήθη,

1109 2096 1156 2123 τοῦ
1171 2097 1331 2132 φαινομένου
1355 2098 1412 2129 τοῖς
1436 2097 1542 2128 πολλοῖς
1572 2097 1697 2129 πιθανοῦ,
1724 2097 1826 2124 ἀλλὀὐ
1854 2099 1902 2134 τῆς

1110 2143 1238 2178 ἀληθείας
1252 2144 1456 2180 στοχαζόμενος.
1485 2143 1566 2170 Ὅθεν
1590 2145 1636 2170 καὶ
1654 2143 1755 2180 πολλὴν
1778 2144 1902 2180 παρέσχε

1112 2188 1168 2219 τοῖς
1177 2188 1305 2220 Στωϊκοῖς
1319 2188 1425 2224 ἀηδίαν.
1443 2188 1545 2223 Γράφει
1554 2188 1575 2215 δ’
1590 2187 1636 2216 οὖν
1660 2189 1707 2216 καὶ
1718 2190 1733 2215 ὁ
1745 2189 1903 2224 Νουμήνιος

279 2238 384 2262 etenus.
406 2233 492 2268 Hujus
503 2233 640 2261 auditores
652 2232 727 2261 fuere
743 2233 887 2268 permulti,
905 2240 974 2268 quos
988 2233 1052 2260 intet

1113 2234 1175 2268 περὶ
1189 2233 1272 2260 αὑτοῦ
1289 2233 1387 2261 ταῦτα.

280 2280 430 2314 Aristippus
455 2279 600 2315 Cyrenaus
616 2278 748 2306 excelluit.
769 2277 902 2306 Omnibus
920 2283 1010 2306 tamen
1026 2287 1059 2306 ex
1077 2279 1218 2314 discipulis
1249 2278 1373 2307 Evander
1401 2284 1464 2315 post
1483 2287 1546 2308 eum
1563 2281 1661 2309 scholae
1673 2281 1793 2316 przel'uit,
1804 2289 1838 2308 ac
1850 2289 1904 2309 ςκ-

279 2328 329 2352 trri
344 2325 467 2352 eumdem
479 2329 570 2359 postea
585 2324 733 2352 consecuti.
752 2323 857 2357 Quibus
886 2323 1012 2353 omnibus
1028 2324 1176 2352 suceedcns
1207 2324 1259 2352 hoc
1276 2325 1302 2351 in
1326 2325 1440 2353 docendi
1468 2335 1582 2354 munere
1594 2327 1765 2360 Carneades,
1793 2329 1905 2356 tertiam

281 2373 407 2400 conflavit
419 2374 602 2401 Academiam.
623 2372 656 2399 Et
680 2373 774 2400 eadem
801 2379 855 2407 qua
878 2371 1014 2399 Arcesilas
1029 2372 1160 2399 orationis
1192 2371 1278 2399 forma
1300 2373 1427 2400 utebatur
1442 2374 1499 2408 ipse
1517 2375 1636 2409 quidem,
1665 2382 1727 2402 cum
1740 2379 1767 2402 et
1782 2375 1860 2402 illum
1876 2383 1905 2401 In

282 2424 425 2455 utramque
438 2426 541 2456 partem
557 2420 710 2456 disputandi
727 2427 829 2447 morem
842 2423 956 2452 teneret,
972 2424 999 2447 et
1026 2427 1087 2455 quae
1104 2420 1139 2446 ah
1160 2420 1221 2447 aliis
1241 2420 1392 2447 dicerentur
1420 2421 1512 2448 omnia
1529 2421 1664 2449 rcfclteret
1678 2431 1685 2449 :
1704 2426 1836 2449 cteterum
1850 2429 1904 2447 una

281 2471 339 2494 crat
352 2467 518 2495 assensionis
534 2467 659 2500 retentio,
676 2468 702 2493 in
716 2474 769 2501 qua
783 2466 817 2493 ab
836 2466 882 2493 illo
900 2466 1053 2495 dissideret.
1073 2465 1176 2501 Quippe
1205 2466 1261 2493 fieri
1289 2475 1342 2493 non
1373 2474 1453 2502 posse
1467 2467 1585 2500 dicebat,
1603 2472 1632 2494 ut
1653 2468 1700 2502 qui
1715 2468 1799 2494 homo
1819 2471 1904 2498 esset.

284 2513 308 2541 is
331 2521 411 2541 renus
435 2514 462 2541 in
485 2514 611 2541 omnibus
634 2521 776 2541 assensum
803 2513 938 2540 inhiberet
961 2522 967 2539 :
988 2513 1062 2540 aliud
1081 2520 1163 2547 porro
1191 2514 1322 2540 incertum
1337 2521 1407 2545 esse,
1438 2514 1508 2541 aliud
1522 2514 1716 2547 comprehendi
1731 2521 1785 2540 non
1799 2520 1903 2548 posse:

283 2567 311 2588 et
334 2562 604 2596 comprehensionem
631 2562 740 2596 quidem
765 2561 857 2588 omnia
894 2560 1008 2596 fugere,
1034 2568 1088 2588 non
1116 2561 1206 2588 omnia
1232 2565 1322 2588 tamen
1352 2562 1455 2588 incerta
1478 2568 1548 2587 esse.
1581 2560 1660 2595 737
1684 2559 1746 2587 Fuit
1770 2560 1795 2587 is
1819 2561 1903 2587 etiam

285 2607 376 2634 stoicae
402 2607 532 2635 doctrinae
560 2615 613 2637 non
640 2607 763 2642 ignarus,
789 2615 842 2641 qua
870 2606 1057 2634 vehementius
1092 2615 1236 2642 acriusque
1261 2606 1387 2642 petenda,
1418 2606 1497 2634 fama:
1512 2606 1563 2633 sibi
1588 2606 1734 2641 plurimum
1766 2613 1903 2633 nominis-

285 2662 339 2688 que
349 2655 560 2688 confecit,dum
583 2656 609 2682 in
627 2655 652 2682 id
668 2656 758 2690 potius
780 2654 852 2689 quod
874 2655 954 2689 vulgo
982 2655 1128 2682 verisimile
1150 2655 1302 2686 videbatur,
1332 2662 1413 2689 quam
1446 2654 1473 2681 in
1501 2661 1595 2680 verum
1623 2654 1711 2687 ipsum
1730 2653 1903 2679 collincarct.
1925 2646 1929 2682 ἶ

286 2700 374 2733 Quare
391 2700 490 2730 Stoicis
501 2704 581 2730 etiam
595 2702 728 2730 molestia:
749 2701 897 2737 plurimum
926 2701 1086 2730 facessobat.
1107 2701 1145 2729 De
1163 2702 1215 2730 hoc
1238 2703 1308 2730 idem
1332 2702 1379 2737 qui
1395 2708 1477 2736 supra
1494 2699 1644 2728 Numenius
1662 2699 1760 2731 habet,
1779 2707 1842 2737 quae
1856 2706 1902 2726 se-

287 2751 416 2779 quuntur.

323 2836 376 2871 (‘5)
390 2835 461 2876 Εἶτα
479 2837 521 2876 μὴ
537 2837 853 2876 ἐξελέγξαιλΜςηεῐτε
871 2837 907 2872 μὴ
930 2836 1062 2876 ἐξελέγχοι

1116 2836 1200 2872 lectio
1209 2835 1308 2869 conjici
1319 2835 1406 2872 possit-
1418 2842 1424 2860 :
1438 2831 1502 2872 Εἶτα
1516 2833 1552 2872 ἂν.
1562 2833 1602 2872 μὴ
1615 2831 1766 2872 ἐξελέγχρις
1778 2832 1831 2872 (vel
1846 2830 1906 2860 εἶτα

288 2868 373 2899 πάντα
396 2868 607 2908 ἁνατρέψὲσϐαι,
624 2868 675 2900 etc.
692 2873 730 2900 Ex
748 2873 847 2908 quibus
863 2868 1052 2907 telmopmbr

1121 2872 1157 2907 μὴ
1172 2868 1327 2906 ὲξελέγξαςῖ
1339 2871 1425 2899 πάντα
1439 2868 1636 2904 ἀνατρέψεσθαι
1652 2868 1734 2900 tam;

1121 2872 1157 2907 μὴ
1172 2868 1327 2906 ὲξελέγξαςῖ
1339 2871 1425 2899 πάντα
1439 2868 1636 2904 ἀνατρέψεσθαι
1652 2868 1739 2900 ἑαυτῷ
1752 2868 1849 2894 δοκῶν.
