2061 3210
156 208 228 237 1213

420 264 619 292 ΚΕΦΑΛΛΙΟΝ
639 265 680 291 Η’.

156 327 228 362 Περὶ
255 323 428 358 Καρνεάδου
455 322 508 362 τοῦ
540 321 597 362 thr
628 321 751 362 prtr‘tzl't“
773 316 948 358 Ἆέιαδημίαν

283 353 550 393 ὗποστησαμένου.
570 353 637 383 Ἀπὸ
647 353 706 382 τοῦ
718 353 822 381 αὐτοῦ.

195 417 205 434 ε
225 406 384 443 Καρνεάδης
397 405 425 431 δὲ
442 403 619 439 ἐκδεξάμενος
634 402 801 437 παρήγησιν,
817 395 847 426 οὗ
862 396 949 434 χρεὼν

157 453 215 491 (μ)
232 452 347 488 φυλάξαι
364 451 414 478 ὅσα
435 450 551 485 ἀκίνητα
580 449 626 475 καὶ⁸
644 448 695 474 ὃσα
717 445 884 482 κεκινημένα
898 442 948 479 ἦν,

157 487 253 528 τούτου
286 499 334 534 μὲν
359 496 469 533 ἡμέλει·
498 496 537 527 εἱς
565 495 587 521 δ’
611 493 806 529 Ἀρκεσίλαον,
833 491 881 517 εἴτ’
903 487 950 516 οὖν

128 560 134 565 -
157 546 274 582 ἀμείνω,
291 543 347 570 εἴτε
372 543 419 570 καὶ
445 541 597 577 φαυλότερα
624 538 669 576 ἦν,
692 536 892 572 ἐπανενεγκὼν,
907 535 950 562 διὰ

159 591 266 629 μακροῦ
276 590 325 626 τὴν
342 589 431 625 μάχην
457 586 595 619 ἀνενέαζε.
614 596 623 611 ι
656 586 710 612 Καὶ
733 584 796 620 ἑξῆς
819 582 949 616 ἐπιλέγει·

162 626 172 661 ὲ
189 626 260 669 Ἥγε
274 634 295 661 δ’
311 631 357 660 οὖν
370 633 418 660 καὶ
442 629 529 663 οὗτος,
548 631 594 657 uti:
609 630 748 665 ἀπέφερεν
763 628 830 663 (45),
847 626 951 654 ἀντιλο-

160 680 222 715 γίας
232 688 262 705 τε
278 680 325 705 καὶ
339 677 456 714 στροφὰς
473 675 652 709 λεπτολόγους
667 675 796 708 συνέφερε
817 674 850 708 τῇ
879 672 953 708 μάχῃ

165 725 317 758 ποικίλλων,
329 724 502 760 ὲξαρνητικὸς
517 732 546 749 τε
557 723 603 749 καὶ
617 720 817 755 καταφαντικός
843 728 873 745 τε
899 717 933 754 ἦν
945 739 952 749 ,

164 772 374 809 κὰμφοτέρωθεν
386 769 605 805 άντιλογικός.Εἱ’
614 768 644 794 τέ
658 767 712 803 (Atil
727 775 777 792 που
796 766 849 792 ἔδει
866 774 892 791 τι
906 764 954 792 καὶ

160 819 254 855 θαῦμα
267 819 382 854 ἐχόντων
396 817 492 851 λόγων,
507 814 664 851 ὲξηγείρετο
676 813 785 848 λάϐρος,
801 810 855 838 οἷον
869 819 954 837 ποτα-

162 866 212 901 μὸς
231 865 342 900 ῥοώδης,
361 863 482 899 σφοδρῶς
512 861 581 897 ῥέων
608 860 674 895 (47),
704 858 792 885 πάντα
816 865 954 892 καταπιμ-

161 913 231 944 πλὰς
245 912 280 938 τὰ
295 911 357 947 τῇδε
372 911 418 937 καὶ
430 909 465 936 τὰ
481 908 577 939 ἐκεῖθι,
596 907 642 934 καὶ
658 905 810 937 εἰσέπιπτε,
829 905 875 930 καὶ
891 911 955 929 συν-

160 960 242 995 ἐσυρε
259 959 322 989 τοὺς
346 957 494 987 ἀκούοντας
511 954 556 981 διὰ
571 953 696 989 θορύϐου.
722 950 871 987 Τοιγαροῦν
884 950 955 977 ἀπά-

160 1015 218 1042 γων
231 1006 295 1036 τοὺς
309 1004 415 1035 ἄλλους,
433 1002 514 1033 αὐτὸς
528 1001 624 1036 ἔμενεν
639 998 852 1033 ἀνεξαπάτητος’
876 997 891 1023 ὃ
917 996 954 1032 μὴ

161 1051 266 1088 προσῆν
279 1049 319 1085 τῷ
341 1047 518 1085 ’Δρκεσιλάῳ.
539 1047 658 1076 Ἐκεῖνος
678 1045 743 1080 γὰρ,
763 1042 954 1079 περιεχόμενος

160 1099 195 1133 τῇ
208 1096 345 1133 φαρμάξει
364 1096 427 1126 τοὺς
441 1091 740 1130 συγκορυϐαντιῶντας,
755 1090 849 1117 ἔλαθεν
861 1088 954 1116 ἑαυτὸν

162 1143 271 1179 πρῶτον
285 1140 465 1176 ἐξηπατηκὼς
476 1139 512 1175 μὴ
528 1138 672 1174 ᾐσθῆσθαι,
681 1135 826 1163 πεπεῖσθαι
839 1133 955 1169 δ’άληθῆ

162 1186 271 1220 εἷναι,ἃ
281 1188 353 1225 λέγει
367 1186 411 1213 διὰ
426 1186 474 1221 τῆς
489 1183 691 1216 ἁπαξαπάντων
707 1182 872 1217 ἀναιρέσεως
888 1188 956 1216 χρη-

164 1235 268 1270 μάτων.
296 1232 389 1259 Κακδν
416 1232 445 1258 δὲ
476 1229 510 1266 ἦν
538 1230 571 1257 ἂν
590 1228 669 1263 κακῷ
693 1226 917 1262 ἐπανακείμενον,
942 1225 956 1251 ὁ

163 1279 324 1315 Καρνεάδης
336 1277 375 1312 τῷ
399 1275 575 1312 Ἀρκεσιλάῳ
597 1274 633 1310 μὴ
647 1273 766 1309 χαλάσας
781 1281 808 1298 τι
830 1271 955 1306 σμικρὸν,

163 1327 209 1361 ὑφ’
223 1323 253 1353 οὗ
268 1326 318 1351 οὐκ
333 1324 468 1359 ἄπρακτοι
482 1322 595 1358 ἔμελλον
612 1320 732 1350 ἔσεσθαι,
745 1318 815 1345 κατὰ
839 1317 889 1349 τὰς
904 1317 957 1344 ἀπὸ

164 1374 212 1400 τοῦ
228 1371 340 1399 πιθανοῦ
359 1370 508 1405 λεγομένας
532 1367 607 1403 αὐτῷ
623 1366 732 1397 θετιχάς
743 1374 771 1392 τε
786 1365 832 1392 καὶ
848 1365 958 1400 ἀρνητι-

165 1420 218 1451 κὰς
231 1418 388 1453 φαντασίας,
404 1416 451 1444 τοῦ
475 1414 545 1443 εἷναι
565 1415 625 1441 τόδε
649 1423 675 1440 τι
704 1413 783 1445 ζῶον,
804 1412 820 1447 ἢ
842 1411 878 1446 μὴ
890 1410 958 1443 ζῶον

165 1464 245 1492 εἶναι,
254 1475 262 1490 ι
282 1464 367 1491 Τοῦτο
377 1461 422 1490 οὖν
436 1462 560 1493 ὐπανεὶς,
572 1461 665 1496 ὥσπερ
677 1461 701 1486 οἱ
714 1458 895 1494 ἀναχάζοντες
909 1456 958 1492 θῆ-

167 1522 225 1549 ρες,
241 1512 400 1547 βιαιότερον,
416 1510 463 1536 καὶ
487 1508 587 1544 μᾶλλον
605 1507 717 1537 ἑαυτοὺς
747 1506 824 1531 ἱεῖσιν
854 1504 895 1534 εἰς
909 1495 959 1534 τάς

166 1558 280 1593 αἰχμὰς,
305 1556 403 1588 καύτὸς
415 1555 518 1586 ἐνδοὺς,
537 1552 721 1588 δυνατώτερον
739 1550 863 1586 ἐπῆλθεν.
883 1549 958 1576 Ἐπεί

166 1612 197 1631 τε
216 1602 272 1638 (48)
285 1601 418 1636 ὑποσταίη
434 1609 462 1627 τε
480 1601 528 1627 καὶ.
549 1597 578 1626 εὖ
590 1598 656 1634 ἔχοι,
674 1596 824 1633 τηνικαῦτα
844 1595 894 1631 ἥδη
912 1594 960 1621 καὶ

166 1646 199 1675 οὗ
216 1647 386 1683 προδέδοκτο,
411 1646 481 1672 ἑκὼν
500 1645 597 1680 ἡμέλει
612 1644 659 1670 καὶ
684 1643 822 1678 ἐμέμνητο
836 1641 902 1676 (49).
924 1640 960 1666 Τὸ

167 1695 224 1730 γὰρ
234 1694 331 1729 ἀληθές
342 1702 370 1719 τε
386 1693 432 1719 καὶ
445 1692 474 1719 τὸ
486 1691 584 1727 ψεῦδος
604 1692 632 1717 ἐν
646 1691 702 1721 τοῖς
717 1689 877 1724 πράγμασιν
892 1688 961 1714 ὲνεῖ-

168 1752 214 1770 ναι
230 1740 388 1777 συγχωρῶν,
400 1740 495 1776 ὥσπερ
509 1738 740 1775 ξυνεργαζόμενος
753 1738 802 1772 τῆς
823 1736 962 1772 ζητήσεως

167 1788 272 1825 τρόπῳ,
286 1787 433 1814 παλαιστοῦ
459 1785 546 1813 δεινοῦ
566 1785 650 1820 λαϐὴν
671 1785 743 1816 δοὺς,
774 1783 962 1819 περιεγίγνετο

167 1834 256 1861 ἐνθεν.
268 1833 345 1861 Κατὰ
365 1833 419 1868 γὰρ
435 1833 483 1868 τὴν
511 1831 556 1858 τοῦ
583 1830 697 1857 πιθανοῦ
723 1830 808 1866 ῥοπὴν
833 1828 962 1864 ἑκάτερον

169 1879 331 1915 παρασχὼν,
340 1879 478 1913 οὐδέτερον
490 1875 551 1903 εἷπε
567 1877 683 1912 βεϐαίως
695 1873 962 1910 καταλαμϐάνεσθαι.

168 1922 226 1953 Ἦν
237 1925 302 1960 γοῦν
318 1924 420 1960 λῃστὴς
444 1923 491 1949 καὶ
514 1923 581 1958 γόης
607 1922 770 1958 σοφώτερος,
795 1919 964 1956 Παραλαῦὼν

169 1971 226 2006 γὰρ
237 1971 332 2006 ἁληθεῖ
346 1970 395 2005 μὲν
407 1971 498 2005 ὅμοιον
524 1968 632 2003 ψεῦδος,
649 1968 838 2002 καταληπτικῇ
854 1966 882 1992 δὲ
896 1974 964 2000 φαν-

169 2017 253 2054 τασίᾳ
272 2017 445 2052 καταληπτὸν
461 2017 563 2052 ὅμοιον,
578 2015 625 2041 καὶ
647 2013 758 2048 ἀγαγὼν
774 2014 814 2044 εἰς
824 2012 873 2044 τὰς
894 2013 963 2043 ἴσας,

171 2065 223 2091 οὐκ
239 2064 327 2090 εἴασεν
338 2062 399 2089 οὔτε
408 2062 438 2089 τὸ
454 2062 552 2096 ἀληθὲς
563 2059 641 2091 εἷναι,
655 2059 716 2086 οὔτε
739 2059 769 2085 τὸ
781 2058 886 2092 ψεῦδος,
902 2058 918 2092 ἢ
934 2057 964 2083 οὺ

174 2110 275 2145 μᾶλλον
289 2109 319 2135 τὺ
333 2109 426 2144 ἕτερον
451 2107 497 2134 τοῦ
523 2107 627 2142 ἐτέρου,
644 2106 660 2141 ἦ
678 2105 778 2141 μᾶλλον
790 2104 843 2130 άπὸ
857 2103 904 2130 τοῦ
919 2112 965 2129 πι-

173 2155 264 2183 θανοῦ.
273 2154 326 2182 ἾΙν
338 2153 384 2182 οὖν
394 2155 521 2191 ὀνείρατα
535 2154 596 2180 ἀντὶ
612 2153 767 2188 ὀνειράτων,
782 2151 825 2178 διὰ
835 2151 865 2177 τὸ
871 2149 966 2186 ὁμοίας

174 2199 326 2234 φαντασίας
340 2198 467 2233 ἀληθέσιν
495 2196 564 2224 εἶναι
583 2197 633 2228 τὰς
648 2196 765 2232 ψευδεῖς,
785 2196 822 2228 ὡς
845 2195 900 2222 ἀπὸ
912 2194 965 2221 ὼοῦ

174 2245 287 2281 κηρίνου
303 2245 371 2280 πρὸς
394 2245 425 2271 τὸ
441 2244 567 2279 ἀληθινὸν
588 2244 650 2270 ὼόν.
679 2243 839 2269 Συνέϐαινεν
863 2240 909 2268 οὖν
932 2240 967 2281 τά

172 2278 330 2322 ruminat
347 2289 440 2317 πλείω.
470 2278 524 2315 Καὶ
548 2289 638 2323 μέντοι
663 2288 748 2322 λέγων
769 2289 783 2314 ὁ
807 2278 966 2322 Καρνεάδης

173 2335 348 2371 ἐψυχαγώγει
364 2335 411 2361 καὶ
430 2334 649 2369 ἠνδραποδίζετο.
666 2331 719 2359 Ἦν
731 2333 759 2359 δὲ
783 2332 906 2358 κλέπτων
919 2331 967 2366 μὲν

144 2380 150 2385 ’
174 2382 291 2418 ἀφανὴς,
312 2382 474 2416 φαινόμενος
492 2380 520 2406 δὲ
546 2379 656 2416 λῃστὴς,
674 2379 757 2415 αἱρῶν
775 2379 820 2405 καὶ
833 2378 899 2413 δόλῳ
922 2377 968 2403 καὶ⁸

176 2429 222 2464 βίᾳ
235 2429 297 2458 τοὺς
307 2428 354 2455 καὶ
370 2427 439 2454 πάνυ
455 2427 555 2462 σφόδρα
585 2425 869 2461 παρεσκευασμένους.
890 2425 968 2450 Πᾶσα

174 2475 241 2508 γοῦν
254 2473 410 2509 Καρνεάδου
436 2472 540 2502 διάνοια
555 2472 642 2502 ἐνίκα,
659 2472 705 2498 καὶ
727 2471 838 2506 οὐδεμία
857 2469 968 2506 ἡτισοῦν

175 2520 273 2550 ἄλλως
288 2519 349 2554 ἐπεὶ
364 2519 411 2544 καὶ
426 2515 466 2549 οἷς
483 2516 695 2552 προσεπολέμει,
712 2514 783 2551 ἦσαν
805 2516 891 2541 εἰπεῖν
906 2514 968 2540 ἀδυ-

175 2565 334 2600 νατιῖπεροι.
351 2564 526 2599 Ἀντίπατρος
539 2563 602 2597 γοῦν
615 2563 629 2588 ὁ
645 2562 704 2588 κατ’
724 2562 804 2589 αὑτὸν
814 2561 967 2596 γενόμενος,

177 2610 274 2646 ἔμελλε
291 2610 341 2646 μὲν
355 2610 478 2644 ἀγωνιᾷν
488 2609 648 2644 τιγράφειν·
663 2608 731 2643 πρὸς
746 2607 768 2634 δ’
779 2607 825 2634 οὖν
841 2607 904 2638 τοὺς
915 2606 970 2633 ἀπὺ

178 2656 337 2693 Καρνεάδου
353 2656 526 2691 καθ’ήμέραν
538 2654 760 2690 ἀποφερομένους
771 2654 865 2688 λόγους
872 2652 969 2680 οὖποτε

217 2757 273 2819 (“2
290 2754 331 2784 Οὖ
346 2755 449 2797 χρεώγ.
463 2751 511 2782 Οὗ.
526 2755 611 2789 Cujus
629 2754 757 2781 tandem?
771 2753 902 2794 Platonis,
913 2752 971 2787 opi-

217 2801 243 2819 rr.
273 2801 289 2818 ιι
313 2792 365 2818 hoc
381 2798 481 2819 quippe
504 2790 606 2817 mullus
623 2794 685 2816 ante
702 2789 852 2815 Numenius
871 2788 969 2815 fuerat.

181 2788 243 2820 nor.
262 2788 289 2819 lu
313 2788 371 2818 hoc
381 2793 481 2826 quippe
494 2788 606 2826 multus
623 2794 685 2826 ante
702 2789 852 2826 Numenius
871 2788 969 2826 fuerat.

219 2827 275 2868 (45:5)
303 2823 468 2868 Ἀπέφὲρὲνί.
485 2825 555 2868 Quid
582 2826 604 2868 si
628 2824 745 2860 ἕφερενῖ
771 2824 817 2868 Est
843 2823 926 2855 cuitu,
943 2828 971 2850 ut

183 2863 393 2911 potum,
408 2862 485 2896 ἄγειν
497 2862 543 2888 καὶ
556 2861 658 2897 φέρειν,
668 2868 777 2888 sursum
792 2861 972 2896 deorsumque

183 2906 309 2925 IIIISCGI'C.

220 2933 276 2968 (46)
290 2932 371 2962 Forte
386 2933 408 2959 al
425 2932 462 2962 δέ.

717 199 877 229 [‘R/EPAR.
899 196 1025 225 EVANG.
1049 194 1111 223 ιλιι.
1135 192 1204 220 XIV.

1721 182 1790 211 12M

1284 248 1400 278 CAPUT
1433 246 1500 274 \‘lll.

1001 313 1037 340 De
1055 310 1201 342 Carneade,
1227 308 1271 344 qui
1289 307 1395 344 tertium
1412 302 1582 332 Academiam
1599 300 1726 328 instituit.
1746 296 1790 325 Ea:

1342 341 1442 368 eodem.

1038 402 1048 418 ι
1068 390 1234 421 Carneades,
1247 387 1347 422 inquit,
1360 384 1474 413 docendi
1490 386 1584 418 postea
1600 387 1713 408 munere
1727 386 1791 413 par-

1002 438 1130 472 tibusque
1146 434 1293 468 susceptis,
1318 439 1381 459 eum
1405 433 1578 464 aspernatus,
1595 426 1673 461 cujus
1687 425 1789 453 omnia.

1001 493 1048 513 seu
1067 491 1128 519 quae
1154 482 1245 509 adhuc
1269 481 1374 513 integra
1404 477 1572 509 immotaque
1598 473 1791 503 consisterent,

1002 540 1050 560 seu
1064 518 1124 566 quae
1140 530 1174 557 ab
1191 528 1251 556 aliis
1267 526 1413 554 sollicitata
1427 524 1483 558 jam
1498 525 1601 552 essent.
1611 520 1730 549 retinere
1744 518 1792 545 de-

1001 565 1112 609 buerat;
1130 575 1292 608 cunctisque
1307 572 1340 599 ad
1355 569 1514 600 Arcesilam,
1534 575 1580 594 seu
1602 565 1725 596 meliora,
1744 571 1791 591 seu

1003 623 1137 650 deteriora
1151 624 1254 651 essent,
1268 618 1371 649 relatis,
1385 622 1503 652 pugnam
1516 614 1574 648 ipse
1588 612 1669 647 longo
1683 611 1793 637 demum

1004 668 1148 697 intervallo
1173 665 1322 694 revocavit.
1341 674 1350 690 ι
1376 663 1440 689 Inde
1461 660 1587 689 nonnihil
1608 664 1771 693 progressus
1784 664 1793 682 :

1007 726 1016 741 ι
1029 715 1101 743 Idem
1115 714 1208 749 igitur,
1225 711 1324 746 inquit,
1335 709 1475 739 aﬂ'erebat,
1494 707 1566 734 idem
1581 703 1732 734 auferebat,
1743 709 1794 737 pu-

1005 767 1142 797 gnamque
1151 766 1228 786 suam
1239 756 1386 784 contrariis
1400 753 1554 784 sententiis,
1567 755 1593 778 et
1603 749 1721 777 versutis
1733 747 1796 783 qui-

1004 794 1119 834 busdam
1134 812 1166 833 ac
1181 803 1328 832 subtilibus
1345 800 1459 836 argutiis
1471 806 1533 826 cum
1548 795 1691 831 multiplici
1707 794 1796 822 varie-

1006 855 1061 880 tate
1074 851 1219 880 miscebat,
1234 847 1395 875 aflirmando
1408 845 1489 873 simul
1507 852 1539 871 ac
1558 841 1693 878 negando,
1710 845 1737 868 et
1749 847 1798 874 op-

1006 898 1103 932 positis
1126 896 1253 930 utrinque
1279 892 1432 920 rationibus
1461 888 1637 925 disputando.
1667 886 1745 920 Quod
1772 886 1796 914 si

971 941 991 969 Β
1005 945 1060 972 altu
1075 943 1192 978 quodam
1211 946 1238 968 et
1251 944 1415 975 exaggerato
1428 936 1536 965 dicendi
1556 942 1655 970 genere
1669 940 1738 968 opus
1751 939 1797 959 es~

1006 994 1056 1022 set,
1074 993 1131 1016 tum
1148 987 1289 1015 enimvero
1307 982 1461 1011 vehementi
1486 989 1517 1008 ac
1543 979 1639 1014 rapido
1662 985 1745 1006 cursu
1761 977 1797 1004 fe-

1005 1036 1132 1067 rebatur,
1149 1037 1178 1060 ut
1192 1032 1282 1060 amnis
1296 1030 1407 1065 quidam
1430 1027 1562 1056 incitatus
1582 1031 1609 1053 et
1631 1033 1715 1060 rapax
1726 1046 1734 1057 ,
1749 1024 1796 1058 qui

1005 1083 1097 1111 omnia
1115 1081 1218 1117 passim
1236 1079 1350 1107 inundet
1366 1082 1393 1105 ct
1407 1077 1506 1104 obruat
1524 1086 1531 1102 :
1548 1074 1588 1102 sic
1602 1075 1629 1101 in
1645 1073 1797 1100 auditorem

1006 1127 1192 1157 incumbebat.
1219 1132 1338 1159 eumque
1362 1130 1455 1150 secum
1480 1127 1580 1156 magno
1602 1127 1664 1147 cum
1690 1118 1800 1152 fragore

1007 1174 1177 1208 strepituque
1189 1171 1323 1206 rapiebat.
1338 1170 1454 1204 Quippe,
1468 1175 1531 1195 cum
1549 1167 1575 1194 in
1590 1165 1713 1193 fraudem
1728 1163 1800 1191 alios

1006 1225 1034 1248 et
1053 1226 1175 1247 errorem
1196 1217 1359 1252 impelleret,
1390 1220 1447 1242 tum
1475 1213 1621 1240 fallebatur
1647 1211 1706 1246 ipse
1727 1217 1799 1236 nun-

1007 1273 1109 1302 quam;
1126 1265 1152 1292 id
1167 1263 1240 1299 quod
1255 1263 1344 1290 locum
1362 1261 1387 1288 in
1407 1259 1530 1287 Arcesila
1547 1266 1600 1286 non
1616 1256 1744 1284 habebat.
1774 1254 1800 1282 Is

1007 1312 1079 1340 enim
1095 1311 1159 1338 dum
1175 1313 1289 1337 caeteros
1304 1307 1363 1335 suis
1381 1313 1473 1333 secum
1491 1303 1634 1331 maleficiis
1649 1310 1681 1330 ac
1693 1301 1800 1337 praesti-

1007 1358 1060 1393 giis
1073 1377 1080 1389 ,
1100 1356 1285 1391 Corybantum
1309 1359 1386 1379 more
1404 1350 1573 1378 insanientes
1598 1347 1799 1378 circumferret,

1009 1412 1064 1431 non
1089 1401 1227 1430 sentiebat
1252 1406 1335 1434 quam
1361 1405 1422 1425 sese
1437 1396 1555 1431 primum
1574 1395 1632 1429 ipse
1652 1393 1799 1427 deciperet,

1010 1451 1073 1478 dum
1090 1449 1142 1477 sibi
1154 1455 1264 1483 quoque
1286 1454 1350 1473 vera
1365 1452 1427 1472 esse
1440 1451 1501 1478 quae
1515 1442 1628 1472 diceret,
1653 1439 1744 1467 omnia
1761 1438 1800 1465 si-

1010 1496 1066 1523 mul
1080 1502 1112 1522 ac
1136 1494 1221 1521 semel
1236 1491 1383 1521 abolendo,
1408 1488 1602 1524 pet-suadebat.
1625 1486 1725 1513 Verum
1737 1484 1801 1512 Cap

1011 1542 1124 1569 neadcm
1139 1538 1280 1570 Arcesilzc,
1295 1537 1334 1565 sic
1350 1541 1479 1571 tanquam
1496 1534 1598 1561 malum
1619 1532 1693 1559 malo
1714 1531 1802 1565 impo—

1012 1588 1093 1615 situm
1107 1586 1169 1621 jure
1183 1584 1297 1623 dixeris,
1320 1583 1366 1618 qui
1395 1590 1428 1609 ne
1455 1580 1591 1608 tantillum
1614 1577 1724 1613 quidem
1751 1583 1801 1602 un-

1011 1640 1093 1668 quam
1111 1622 1276 1659 remitteret.
1298 1629 1351 1656 nisi
1374 1635 1429 1663 quo
1453 1626 1614 1654 etleeturum
1638 1631 1668 1651 se
1682 1622 1803 1652 videbat,

1011 1667 1042 1707 ut
1067 1677 1205 1704 auditores
1231 1680 1326 1710 postea
1356 1681 1411 1709 quo
1436 1681 1466 1700 se
1484 1675 1623 1699 verterent
1644 1676 1698 1696 non
1720 1667 1800 1695 habe

1012 1731 1073 1754 rent
1093 1735 1100 1753 :
1128 1724 1153 1751 id
1176 1724 1249 1758 quod
1264 1731 1297 1750 eo
1311 1721 1431 1749 visorum
1444 1740 1451 1750 ,
1476 1723 1506 1746 ut
1528 1717 1691 1752 appellabat,
1705 1721 1804 1749 genere

1012 1771 1246 1806 consequebatur,
1273 1776 1334 1803 qua:
1357 1765 1491 1801 probabili
1517 1764 1622 1791 ratione
1644 1766 1749 1790 certum
1772 1767 1804 1787 ac

1013 1818 1152 1853 singulare
1167 1815 1298 1850 quiddam
1309 1834 1317 1845 ,
1335 1812 1436 1840 animal
1459 1818 1520 1838 esse
1530 1830 1537 1841 ,
1554 1809 1597 1836 vel
1612 1805 1804 1836 confirmandi,

1012 1851 1187 1898 velﬁnegandi
1210 1861 1263 1888 vim
1283 1859 1422 1886 haberent.
1452 1856 1523 1891 Ergo
1541 1859 1684 1890 postquam
1701 1851 1804 1886 aliquid

1013 1908 1149 1945 ejusmodi
1173 1912 1314 1941 utcunque
1335 1905 1461 1935 dederat,
1487 1899 1720 1936 quemadmodum
1740 1898 1806 1924 ferat

1014 1943 1186 1990 aliquantum
1212 1952 1351 1983 cedentes,
1379 1950 1405 1976 in
1421 1947 1526 1983 spicula
1542 1950 1618 1974 tanto
1631 1943 1804 1980 postmodum

1014 2000 1203 2029 vehementius
1215 1998 1325 2025 irruunt
1342 2006 1347 2023 :
1362 1996 1403 2023 sic
1416 1995 1461 2022 ille
1476 1993 1522 2021 ubi
1538 1991 1663 2020 nonnihil
1685 1989 1806 2017 indulse-

1014 2051 1069 2080 rat,
1077 2054 1110 2074 eo
1123 2045 1221 2073 deinde
1232 2043 1370 2079 potentius
1385 2040 1537 2076 ingruebat.
1558 2038 1629 2065 Idem
1641 2037 1686 2064 ubi
1703 2035 1808 2063 tirm'ior

1014 2092 1070 2127 jam
1093 2095 1153 2119 erat
1174 2089 1342 2123 solidiorque
1364 2085 1532 2121 disputatio.
1546 2088 1603 2111 tum
1626 2082 1691 2110 illud
1706 2081 1806 2116 ipsum.

1016 2136 1089 2172 quod
1111 2135 1163 2163 sibi
1181 2139 1245 2162 ante
1268 2134 1358 2161 visum
1380 2136 1472 2165 esset,
1485 2130 1619 2165 cujusque
1641 2127 1806 2155 mentionem

1014 2182 1071 2217 jam
1094 2181 1215 2212 fecisset,
1230 2179 1304 2207 ultro
1329 2177 1493 2213 negligebat.
1514 2175 1597 2214 738
1615 2173 1683 2200 Nam
1695 2173 1743 2208 qui
1759 2180 1806 2201 v0.-

1016 2236 1077 2255 rum
1094 2235 1126 2254 ac
1142 2226 1242 2254 falsum
1261 2225 1289 2252 in
1301 2225 1384 2255 rebus
1402 2224 1492 2251 inesse
1505 2221 1678 2252 concederet,
1696 2218 1808 2254 perinde

982 2290 1004 2317 Β
1019 2281 1051 2302 ac
1061 2273 1083 2300 si
1099 2272 1133 2302 ad
1153 2270 1292 2307 propriam
1309 2277 1369 2298 sese
1383 2267 1544 2304 quaestionis
1556 2266 1690 2294 rationem
1702 2272 1809 2292 accom-

1019 2319 1153 2351 modaret.
1173 2325 1255 2352 quam
1277 2316 1393 2351 ipsemet
1415 2314 1494 2351 periti
1513 2312 1654 2342 luctatoris
1670 2318 1746 2338 more
1759 2318 1809 2337 an-

1018 2373 1077 2393 sam
1098 2365 1227 2396 dederat,
1249 2371 1281 2391 ea
1297 2361 1471 2398 postmodum
1496 2360 1555 2394 ipsa
1578 2359 1712 2386 vincebat.
1738 2358 1807 2384 Dum

1018 2412 1092 2439 enim
1107 2415 1256 2445 utrumque
1262 2416 1311 2444 pro
1320 2405 1566 2436 verisimilitudinis
1576 2405 1703 2439 utrinque
1711 2408 1810 2430 nutan-

1019 2458 1053 2486 tis
1076 2457 1185 2484 ratione
1209 2455 1397 2486 concedebat,
1424 2458 1552 2480 neutrum
1587 2450 1671 2479 simul
1695 2449 1808 2477 firmiter

1019 2501 1213 2537 comprehendi
1229 2508 1309 2535 posse
1324 2499 1442 2528 dicebat.
1463 2498 1518 2525 Fur
1531 2505 1596 2532 ergo
1615 2495 1810 2532 praestigiator-

1019 2557 1072 2584 que
1096 2548 1147 2576 fuit
1172 2547 1293 2574 Arcesila
1319 2545 1455 2574 solertior.
1484 2543 1522 2572 Ita
1543 2543 1683 2572 enimvero
1709 2541 1808 2569 falsum

1020 2595 1142 2630 aliquod.
1171 2593 1300 2628 quodque
1324 2591 1525 2626 percipiebatur
1551 2588 1701 2624 phantasia:
1721 2587 1811 2623 perci-

1021 2641 1106 2677 pienti
1119 2639 1208 2668 simile
1223 2638 1406 2674 adiungebat,
1419 2641 1449 2664 ut
1460 2636 1536 2672 paria
1552 2636 1713 2672 geminaque
1728 2633 1811 2661 ambo

1058 2751 1114 2785 (47)
1137 2749 1275 2785 Σφιιδρῶς
1289 2749 1383 2785 ῥέων.
1402 2748 1464 2775 Haec
1480 2746 1636 2783 glossemati
1653 2746 1812 2779 simillima,

1022 2795 1083 2815 cum
1102 2786 1236 2820 praecedat
1248 2784 1359 2820 ῥοώδης,

1058 2821 1114 2856 (48)
1130 2821 1209 2847 Forte
1220 2820 1258 2846 δέ.

1059 2850 1115 2891 (ωδ
1139 2856 1193 2882 Καὶ
1214 2855 1374 2891 ἐμέμνητοπ
1395 2852 1618 2891 Ιλοςιιιιιιιιηιῌδιαὶ
1636 2851 1685 2878 οὐκ
1700 2850 1811 2891 ἒμέμνη

1024 2884 1076 2924 vel,
1094 2884 1164 2926 quini
1189 2884 1298 2926 quidem
1319 2884 1478 2919 'malimfoii
1492 2887 1663 2925 προδέδοκτο,
1681 2884 1726 2915 καὶ
1743 2884 1810 2922 ἐ.μέ-

1027 2936 1119 2966 μνητο,
1135 2926 1205 2956 ἑκὼν
1223 2927 1238 2952 ᾗ
1244 2926 1328 2962 μέλει.
