2061 3210
160 188 235 216 ΙΞΓΓ

721 183 881 211 ΡΒᾸΞΡΑΗ.
904 181 1029 210 EV’ANG.
1052 181 1114 208 LIB.
1135 180 1205 208 XIV.

1718 182 1787 210 1218

155 249 189 282 τῇ
208 246 369 282 Ἀκαδημίᾳ..
392 255 401 271 ι
417 245 509 272 Ταῦτα
523 244 570 270 καὶ
583 242 764 279 παραπλήσια
775 242 880 273 τούτοις
898 250 945 277 μυ-

1007 239 1119 267 )Ιιίιοιιὶε
1136 240 1244 266 auditor
1265 239 1318 266 fuit
1331 239 1492 272 Antiochus,
1519 247 1596 267 nova:
1621 244 1713 275 postea
1730 241 1787 268 hin-

158 293 204 329 ρία
218 292 268 328 πῆς
284 292 424 322 Πλάτωνος
437 291 500 326 περὶ
510 290 633 324 διαδοχῆς
649 288 855 325 μνημονεύεται.
875 287 944 324 Ὥρα

158 339 180 365 δ’
197 335 253 368 οὖν,
264 335 368 363 ἄνωθεν
379 336 426 362 τόν
437 335 515 369 λόγον
529 334 722 366 ἀναλαϐόντας,
745 333 802 360 τῶν
819 332 944 359 Φυσικῶν

156 383 309 418 φιλοσόφων
322 382 371 414 τὰς
385 381 557 417 ψευδοδοξίας
571 380 638 416 ὁμοῦ
653 380 700 407 καὶ
719 379 869 411 ἁντιδοξίας
884 379 944 405 ὲπι-

158 428 319 463 σκέψασθαι·
334 428 358 454 οἳ
369 428 418 463 τὴν
435 426 534 462 πολλὴν
547 426 599 462 γῆν
620 425 811 460 πλανηθέντες,
838 425 886 451 καὶ
896 423 944 460 τὴν

156 475 204 500 τοῦ
229 474 346 510 ἀληθοῦς
375 473 482 508 εὕρεσιν
506 472 571 507 περὶ
597 471 724 498 πλείστου
750 470 945 506 πεποιημένοι,

156 521 217 551 ταῖς
227 528 257 546 τε
272 519 326 546 τῶν
340 518 461 545 παλαιῶν
476 518 601 545 ἁπάντων
610 516 699 549 δόξαις
712 515 945 552 καθωμιληκότες,

157 565 342 602 καὶτῶιμὸὲς
356 565 405 599 τῆς
416 563 491 599 παρὰ
503 563 674 595 πᾶσιΦοίνιξί
681 571 711 588 τε
721 562 768 589 καὶ
778 562 945 596 Αἰγυπτίοις,

158 611 250 642 αὐτοῖς
268 619 299 636 τε
311 609 425 644 Ἕλλησι
445 608 512 635 πολὺ
538 607 670 643 πρότερον
684 605 822 640 θεολογίας
838 605 947 640 ὲξηκρι-

158 656 288 688 ϐωκότες,
306 655 367 681 τίνα
378 654 433 680 τῶν
447 653 534 680 πόνων
559 651 604 679 τὸν
621 652 727 687 καρπὸν
744 651 865 687 εὕροντο,
883 652 946 686 παρ’

158 701 248 729 αὐτῶν
265 701 339 734 ἄξιον
354 699 479 731 ἀκοῦσαι,
499 700 536 731 ὡς
551 699 582 726 ἂν
599 699 730 734 μάθοιμεν
757 698 783 724 εἴ
797 707 822 724 τι
836 698 948 733 θεοπρε-

159 747 209 779 πὲς
222 747 262 778 εἰς
285 747 383 778 αὐτοὺς
412 745 486 781 παρὰ
512 745 565 771 τῶν
594 743 786 780 πρεσϐυτέρων
802 742 946 778 κατῆλθεν.

165 792 292 828 Ἐκράτει
306 792 355 828 μὲν
366 792 420 827 γὰρ
435 791 566 826 πρότερον
582 791 613 816 ὲκ
635 789 749 816 παλαιοῦ
765 788 860 820 αἰῶνος
873 787 949 824 παρὰ

159 841 215 871 τοῖς
228 838 331 866 ἔθνεσιν
355 839 372 873 ἡ
401 836 530 868 πολύθεος
544 835 749 870 δεισιδαιμονία,
773 835 825 870 νεῲ
851 844 880 861 τε
902 835 950 861 καὶ

161 885 298 921 μυστήρια
313 884 374 920 ἱερὰ
385 883 439 910 τῶν
451 883 519 910 Θεῶν
532 882 602 909 κατὰ
616 882 707 914 πόλεις
721 881 766 908 καὶ
778 881 869 917 χώρας
887 889 950 907 συν-

997 285 1076 312 dator
1098 285 1251 312 Academia:
1274 296 1279 312 ;
1305 285 1351 320 qtti
1374 285 1534 312 Mnesarcho
1558 286 1649 313 Stoico
1676 294 1787 321 cperant

999 339 1062 359 eum
1083 331 1223 362 dedisset,
1250 335 1277 358 et
1302 338 1317 357 a
1344 331 1476 366 magistro
1503 331 1617 359 Philone
1644 331 1786 363 dissensit.

998 380 1026 403 et
1056 376 1144 402 aliena
1176 375 1374 410 peregrinaque
1411 382 1538 403 sexcenta
1566 377 1719 404 Academia:
1750 383 1789 405 at.-

1000 422 1094 448 texuit.
1114 430 1123 446 ›
1150 419 1214 447 llzec
1235 421 1344 455 aliaque
1373 420 1398 448 id
1424 428 1511 455 genus
1534 421 1639 448 inlinila
1667 421 1702 448 de
1728 422 1788 450 Pla-

999 468 1070 495 tonis
1083 467 1258 495 sumes-sione
1272 467 1427 494 traduntur.
1442 466 1521 494 Nune
1534 469 1617 504 igitur
1631 470 1712 497 altius
1724 478 1785 498 ora-

998 513 1072 539 tione
1091 512 1216 546 repetita,
1239 513 1414 547 physicorum
1437 513 1551 540 istorum
1574 515 1673 549 partim
1692 514 1788 546 falsas,

999 558 1096 592 partim
1112 558 1266 585 contrarias
1282 564 1490 593 pugnantcsque
1513 561 1663 588 sententias
1678 562 1789 593 diligen-

1000 604 1054 631 tius
1069 605 1307 639 excuterejuverit
1319 614 1325 632 ε
1339 613 1456 640 eumque
1468 610 1573 633 tantum
1589 606 1639 642 ipsi
1656 612 1788 635 terrarum

999 651 1126 684 obierint,
1156 656 1232 678 tanto
1252 651 1371 678 arserint
1398 651 1579 687 investigandi
1605 653 1661 679 veri
1685 655 1789 687 studio,

999 702 1074 724 tanta
1088 697 1115 724 itt
1130 697 1315 732 cxpeudendis
1330 702 1451 725 veterum
1475 699 1597 726 omnium
1614 700 1790 734 opinionibus

1000 743 1160 770 assiduitate
1177 744 1278 771 versati
1293 743 1358 776 sint.
1377 745 1495 780 denique
1511 750 1586 773 tanto
1606 752 1670 774 ante
1694 756 1790 776 recon—

1000 789 1055 816 dita
1068 797 1184 824 quaeque
1201 790 1325 817 omnium
1339 791 1378 817 vel
1392 790 1551 818 Phwniettm
1563 812 1570 825 ,
1598 793 1638 820 vel
1652 793 1791 829 [Egyptia-

1000 843 1072 867 rum,
1087 835 1169 871 740
1185 836 1226 863 vel
1242 835 1399 864 Grzeeorum
1424 838 1546 872 ipsorum
1563 840 1706 875 theol0gia:
1732 849 1791 876 my—

1001 882 1083 908 steria
1097 886 1152 909 tam
1174 887 1300 910 accurate
1317 884 1498 918 perviderint;
1515 893 1608 912 verum
1625 887 1719 921 utique
1735 887 1791 914 lue-

160 931 234 967 ήθως
264 930 340 965 παρὰ
354 930 436 956 πᾶσιν
454 928 642 964 ἐφυλάττοντο.
661 928 698 954 Οὐ
715 927 746 962 δὴ
771 925 816 953 οὖν
830 926 891 953 οὐδὲ
907 935 951 960 φι-

1005 927 1046 960 ι·ὶι,
1063 936 1143 962 quem
1167 929 1274 956 tandem
1289 929 1412 957 laborum
1431 937 1544 958 suorum
1567 931 1686 959 fructum
1699 940 1796 960 conse-r
1830 934 1836 942 “

159 976 288 1011 λοσοφίας
302 975 473 1012 ἀνθρωπίνης
483 972 517 1010 ἦν
531 974 618 1010 χρεία,
629 974 652 1000 εἰ
665 973 697 1009 δὴ
710 973 744 999 τὰ
751 973 800 1008 τῆς
812 972 950 1006 οεοσοφίας

161 1023 332 1058 προειλήφει·
348 1022 402 1049 οὐδ’
413 1019 447 1056 ἦν
463 1029 503 1052 τις
519 1020 625 1055 ἀνάγκη
650 1021 820 1054 καινοτομεῖν
833 1019 895 1051 τοὺς
908 1027 952 1044 σο-

160 1070 273 1104 φοὺς,εί
290 1068 322 1105 δὴ
335 1069 368 1095 τὰ
395 1068 449 1094 τῶν
472 1068 611 1103 προγόνων
634 1066 725 1097 αὐτοῖς
748 1063 777 1092 εὖ
798 1065 893 1100 ἔχοντα
907 1063 950 1100 ἦν·

160 1116 220 1143 ἀλλ’
231 1115 291 1142 οὐδὲ
304 1114 458 1146 στασιάζειν
473 1114 518 1141 καὶ
536 1112 712 1148 διαφέρεσθαι
726 1111 789 1143 τοὺς
812 1110 952 1146 γενναίους

161 1161 333 1197 φιλοσόφους,
346 1162 371 1187 εἰ
391 1161 423 1196 δὴ
448 1160 591 1195 σύμφωνος
611 1159 658 1186 καὶ
685 1158 817 1194 ἀληθὴςὴ
839 1158 952 1192 πάτριος

160 1209 255 1240 at‘no't;
268 1208 330 1244 περὶ
343 1207 412 1234 θεῶν
425 1207 489 1239 δόξα
503 1206 650 1242 τυγχάνειν
673 1204 859 1239 δεδοκίμαστο.
879 1203 912 1229 Τί
923 1202 952 1229 δὲ

161 1254 217 1281 ἔδει
231 1253 358 1289 πολεμεῖν
371 1253 505 1288 ἀλλήλοις,
523 1252 570 1279 καὶ
585 1250 730 1286 μάχεσθαι,
745 1249 762 1284 ἢ
780 1248 829 1284 τὴν
844 1247 952 1284 μακρὰν

161 1301 222 1328 ὁδὸν
236 1301 291 1329 ἄνω
305 1300 351 1327 καὶ
364 1300 439 1327 κάτω
468 1297 655 1334 περιτρέχειν,
683 1295 833 1322 πλανᾶσθαί
855 1303 885 1320 τε
906 1295 954 1320 καὶ

161 1348 197 1375 τὰ
215 1347 358 1382 βαρϐάρων
381 1345 529 1380 ὑποσυλᾷν,
552 1344 620 1370 οἴκοι
642 1343 700 1369 δέον
727 1342 856 1378 μένοντας
878 1340 954 1376 παρὰ

162 1391 233 1418 θεῶν
241 1390 429 1427 ἐκμανθάνειν,
443 1391 467 1416 εἰ
482 1389 514 1424 δή
528 1397 599 1419 τινες
612 1386 681 1423 ἦσαν
691 1387 757 1417 θεοὶ,
774 1386 790 1422 ἢ
809 1386 883 1422 παρὰ
899 1385 953 1412 τῶν

162 1438 295 1472 θεολόγων
311 1436 426 1472 ἀνδρῶν,
441 1436 503 1467 τοὺς
517 1434 626 1471 ἀληθεῖς
636 1434 683 1461 καὶ
694 1432 881 1464 ἀδιαπτώτους
892 1432 955 1468 περὶ

162 1486 218 1512 τῶν
233 1483 453 1520 ἐπιζητουμένων
480 1483 508 1508 ὲν
532 1481 676 1517 φιλοσοφίᾳ
694 1480 801 1513 λόγους,
827 1478 892 1514 περὶ
916 1475 953 1505 ὧν

163 1529 249 1566 μυρία
265 1530 315 1556 ὅσα
347 1529 531 1564 μοχθήσαντες
562 1526 751 1562 διηνέχθησαν,
783 1525 879 1560 μακρῷ
904 1524 954 1560 τῆς

161 1575 296 1611 τάληθοῦς
312 1575 446 1610 εὑρέσεως
460 1573 716 1609 ἁφυστερήσαντει·;
732 1572 764 1598 Τί
783 1572 811 1598 δὲ
826 1571 873 1598 καὶ
890 1570 954 1606 περὶ

162 1622 232 1650 θεῶν
247 1622 368 1658 νεώτερα
379 1621 448 1657 χρῆν
461 1620 599 1656 ἐπιζητεῖν
621 1620 734 1656 τολμᾷν,
763 1619 779 1654 ἢ
798 1616 953 1648 στασιάζειν

162 1669 211 1696 καὶ
221 1667 411 1696 διαπυκτεύειν
420 1667 554 1703 ἀλλήλοις,
572 1669 595 1693 εἰ
607 1667 640 1702 δὴ
663 1665 784 1701 ἀσφαλὴς
799 1665 845 1691 καὶ
857 1663 954 1699 βεϐαία

163 1715 234 1743 θεῶν
247 1715 364 1750 εὕρεσις,
383 1714 429 1741 καλ.
442 1713 542 1748 γνῶσις
556 1712 696 1743 εὐσεϐείας
721 1710 821 1746 ἀληθὴς
838 1711 867 1736 ὲν
881 1709 954 1736 τελε-

163 1763 224 1794 ταῖς
239 1762 286 1789 καὶ
298 1762 466 1798 μυστηρίοις,
494 1762 527 1796 τῇ
548 1769 578 1786 τε
608 1759 674 1794 ἄλλῃ
705 1758 759 1785 τῶν
782 1756 954 1784 παλαιτάτων

163 1808 319 1843 περιείχετο
335 1807 468 1842 θεολογίᾳ,
492 1806 576 1841 αὐτὴν
591 1805 699 1840 ἐκείνην
727 1803 812 1838 παρὸν
827 1802 954 1837 ἀκίνητον

164 1855 213 1882 καὶ
225 1853 441 1890 ὁμολογουμένην
456 1851 607 1887 συμφώνως
621 1850 778 1886 περιέπειν;
801 1848 880 1874 ’Λλλὰ
889 1848 953 1883 γὰρ,

163 1903 190 1928 εί
200 1902 308 1936 φανεῖεν
322 1897 394 1927 οὗτοι
411 1899 492 1935 μηδὲν
507 1897 605 1933 ἀληθὲς
631 1897 695 1932 περὶ
716 1895 784 1922 Θεοῦ
806 1894 880 1931 παρὰ
901 1893 955 1920 τῶν

165 1947 308 1983 προτέρων
325 1946 524 1982 μεμαθηκότες,
539 1944 653 1974 οἰκείαις
665 1943 687 1970 δ’
701 1942 832 1973 ἐπινοίαις
846 1942 879 1976 τῇ
891 1940 955 1975 περὶ

165 1994 274 2029 φύσεως
287 1992 496 2028 ὲπιϐεϐληκότες
508 1990 639 2024 ἐξετάσει,
655 1989 702 2016 καὶ
719 1987 882 2023 στοχασμοῖς
893 1986 956 2022 μᾶλ-

165 2043 212 2067 λον
228 2041 244 2076 ἢ
260 2039 408 2075 καταλήψει
425 2037 598 2074 κεχρημένοι·
616 2035 642 2062 τί
652 2035 704 2071 χρὴ
723 2033 815 2061 λοιπὸν
833 2033 870 2069 μὴ
896 2033 956 2068 οὐχὶ

166 2085 358 2120 συνομολογεῖν
368 2084 416 2119 τὴν
429 2082 546 2110 παλαιὰν
561 2081 614 2108 τῶν
624 2080 709 2107 ἐθνῶν
724 2079 863 2112 θεολογίαν
874 2077 956 2114 μηδὲν

166 2132 248 2158 πλέον
265 2131 314 2166 τῆς
326 2130 502 2165 ἀποδοθείσης
516 2129 544 2155 ἐν
560 2129 615 2159 τοῖς
634 2127 686 2163 πρὸ
705 2125 799 2152 τούτου
821 2123 958 2159 συγγράμ-

167 2186 251 2213 μασιν
264 2177 382 2213 ἱστορίας
399 2176 523 2210 ὲπέχειν;
544 2175 604 2200 Ὂτι
617 2173 666 2209 μὲν
678 2170 723 2199 οὖν
736 2171 766 2203 ἐξ
780 2170 957 2205 ἀνθρωπίνων

167 2223 341 2259 ποχασμῶν,
367 2222 416 2249 καὶ¹
439 2221 539 2256 πολλῆς
564 2219 739 2255 λογομαχίας,
766 2217 813 2244 καὶ
843 2215 956 2250 πλάνης,

167 2271 227 2299 ἀλλ’
240 2271 289 2297 οὐκ
302 2270 334 2297 ἐκ
348 2278 420 2300 τινος
436 2267 565 2304 ἀκριϐοῦς
581 2265 769 2300 καταλήψεως,
785 2265 801 2299 ἡ
817 2261 894 2297 παρὰ
903 2263 958 2293 τοῖς
977 2278 997 2305 D

169 2316 300 2351 Ἕλλησιν
311 2316 414 2350 ὑπέστη
430 2314 583 2349 φιλοσοφία,
607 2314 638 2339 ἐκ
656 2311 706 2347 τῆς
719 2311 786 2347 πρὸς
798 2308 960 2336 Νεκτεναόὼ

167 2364 216 2391 τὸν
231 2362 378 2397 Αἰγύπτιον
398 2360 541 2395 ἐπιστολῆς
561 2359 608 2386 τοῦ
626 2357 780 2394 Ιίορφυρίου
805 2355 898 2391 μάθοις
916 2355 960 2388 ἂν,

169 2410 238 2437 αὐτὸ
272 2409 304 2446 δὴ
335 2408 414 2435 τοῦτο
452 2407 571 2438 ἀκούσας
609 2403 803 2440 ὁμολογοῦντος
837 2402 865 2428 ἐν
900 2400 961 2427 τού-

170 2464 238 2487 τοις.

171 2503 227 2530 titts
247 2509 328 2537 quam
354 2500 407 2527 ttlla
439 2497 680 2533 comprehensione
704 2495 855 2521 niterentur

1002 973 1057 1000 cuti
1067 974 1173 1006 sint,ex
1183 974 1236 1002 illis
1250 974 1317 1009 ipsis
1330 975 1435 1009 audire,
1447 981 1476 1004 ut
1490 977 1791 1014 intelligamus,ecquid

1002 1019 1095 1046 divina
1110 1020 1155 1047 illa
1169 1025 1265 1047 natura
1282 1021 1393 1055 dignum
1416 1022 1451 1049 ab
1463 1023 1664 1058 antiquioribus
1680 1032 1792 1060 accepe-

1004 1066 1066 1092 rint.
1086 1065 1232 1093 Enimvero
1245 1067 1280 1094 ab
1293 1068 1387 1094 ultitna
1408 1068 1464 1102 jam
1482 1077 1568 1104 usque
1584 1071 1733 1104 memoria,
1749 1079 1798 1100 su-~

1003 1111 1176 1146 perstitiosus
1191 1113 1235 1140 ille
1248 1113 1319 1148 apud
1333 1118 1427 1149 gentes
1437 1115 1556 1150 plurium
1573 1116 1686 1144 deorum
1701 1118 1796 1146 cultus

1004 1156 1121 1192 vigebat,
1139 1159 1294 1193 templaque
1315 1160 1417 1193 passitn
1435 1165 1461 1187 et
1476 1168 1555 1188 sacra
1578 1162 1722 1190 numinum
1737 1172 1793 1199 my-

1004 1202 1101 1234 steria.
1125 1208 1179 1229 tam
1196 1203 1224 1230 in
1240 1203 1373 1236 urbibus,
1390 1211 1473 1238 quam
1495 1204 1521 1231 in
1537 1205 1695 1240 regionibus
1708 1208 1794 1234 omni:

1005 1247 1055 1274 hus
1070 1247 1150 1281 longo
1163 1247 1220 1281 jam
1236 1256 1286 1275 usu
1303 1248 1521 1276 celebrabantur.
1557 1249 1651 1285 Itaque
1674 1252 1795 1279 humana

1005 1295 1062 1318 tum
1077 1292 1253 1328 philosophia
1266 1301 1335 1328 opus
1349 1293 1385 1320 nil
1401 1294 1466 1321 dum
1480 1299 1548 1326 erat,
1573 1296 1618 1322 ubi
1638 1297 1730 1324 divina
1753 1306 1796 1325 sa-

1004 1338 1105 1372 pientia
1130 1339 1221 1366 locum
1247 1345 1395 1375 occuparat
1411 1350 1417 1368 :
1437 1348 1489 1368 nec
1504 1341 1641 1376 sapientes
1657 1343 1717 1371 illos
1731 1345 1794 1371 novi

1004 1385 1153 1420 quidquam
1167 1385 1257 1413 moliri
1270 1386 1457 1419 necesse-fuit,
1473 1387 1495 1414 si
1512 1388 1648 1423 majorum
1661 1389 1795 1418 institutis

1005 1439 1054 1458 sua
1067 1431 1139 1465 apud
1156 1439 1185 1458 se
1197 1432 1336 1466 integritas
1353 1433 1539 1467 houestasque
1550 1438 1688 1462 constaret
1708 1444 1714 1462 :
1739 1436 1798 1463 imo

1006 1485 1056 1504 nec
1069 1477 1207 1511 praeclaris
1219 1477 1390 1513 philosophis
1403 1482 1441 1506 tot
1456 1478 1590 1508 factiones
1604 1488 1635 1507 ac
1645 1481 1795 1509 dissensio-

1006 1530 1055 1549 nes
1071 1522 1237 1555 excitandaa,
1261 1523 1284 1550 si
1309 1524 1396 1558 patria
1419 1524 1452 1551 de
1468 1525 1520 1552 diis
1543 1525 1636 1560 opinio
1653 1530 1681 1552 et
1702 1533 1794 1553 secum

1007 1568 1065 1603 ipsa
1079 1568 1262 1600 consentiens,
1278 1573 1304 1596 et
1318 1577 1378 1596 vera
1392 1569 1573 1603 judicaretur.
1586 1569 1653 1597 Nam
1669 1571 1734 1606 quid
1748 1580 1796 1599 eos

1008 1615 1150 1647 attinebat,
1166 1619 1214 1642 aut
1227 1615 1267 1642 sic
1283 1615 1352 1642 inter
1369 1623 1397 1643 se
1412 1615 1565 1652 conﬂigere,
1587 1621 1634 1644 aut
1648 1622 1702 1644 tam
1716 1617 1796 1653 longa

1009 1669 1118 1688 sursum
1144 1669 1176 1689 ae
1196 1661 1324 1688 deorsum
1354 1662 1451 1689 itinera
1478 1663 1626 1695 coniicere,
1650 1664 1798 1699 vagarique

1009 1705 1122 1740 passim,
1141 1710 1167 1733 et
1180 1713 1243 1733 suas
1258 1706 1383 1734 barbaris
1400 1714 1466 1742 opes
1488 1707 1628 1741 suifurari,
1646 1717 1708 1736 eum
1723 1709 1797 1737 domi

1009 1752 1099 1786 potius
1112 1752 1296 1787 quiescentes,
1314 1753 1355 1779 vel
1369 1753 1418 1780 abs
1432 1753 1496 1786 diis,
1514 1754 1537 1781 si
1552 1754 1600 1788 qui
1616 1754 1685 1782 forte
1700 1756 1736 1782 dii
1755 1764 1799 1784 es-

1009 1801 1081 1831 sent,
1099 1798 1139 1824 vel
1162 1805 1177 1825 a
1195 1798 1326 1832 theologis
1341 1805 1421 1826 veras
1437 1806 1532 1826 eorum
1544 1820 1552 1832 ,
1565 1808 1627 1835 quae
1642 1801 1669 1827 in
1683 1801 1799 1836 philoso-

1009 1844 1073 1879 phia
1094 1843 1295 1878 disquiruntur,
1310 1845 1429 1872 rationes
1447 1845 1557 1873 haurire
1571 1846 1748 1880 debuissent,
1765 1849 1800 1876 de

1009 1891 1110 1926 quibus
1124 1891 1175 1926 ipsi
1189 1894 1251 1926 post
1262 1891 1382 1919 inﬁnitos
1396 1891 1504 1920 labores
1516 1892 1550 1919 ab
1559 1893 1620 1919 aliis
1629 1893 1799 1927 dissidendo,

1010 1937 1045 1964 ab
1060 1937 1119 1972 ipsa
1132 1936 1255 1965 veritatis
1277 1937 1484 1973 investigatione
1502 1938 1597 1972 procul
1614 1938 1801 1968 aberrarunt?

1009 1982 1080 2016 Quid
1095 1990 1177 2017 porro
1190 1991 1302 2011 necesse
1312 1988 1380 2017 erat,
1391 1992 1460 2012 nova
1473 1984 1506 2011 de
1516 1984 1570 2011 diis
1584 1985 1709 2019 quaedam
1725 1993 1801 2014 com.

1010 2030 1130 2064 minisci,
1148 2035 1195 2057 aut
1208 2030 1279 2057 inter
1295 2037 1355 2057 sese
1366 2030 1488 2065 pugilum
1506 2039 1583 2058 more
1597 2031 1765 2063 conﬂictari,
1778 2034 1803 2059 si

1011 2077 1092 2104 modo
1118 2084 1215 2104 secura
1238 2077 1371 2111 ﬁrmaque
1394 2077 1428 2104 de
1447 2077 1499 2104 diis
1523 2077 1710 2111 existimatio,
1725 2086 1800 2105 vera-

1012 2131 1063 2158 que
1078 2123 1217 2159 religionis
1231 2124 1350 2158 cognitio
1360 2144 1367 2156 ,
1384 2123 1538 2158 priscorum
1555 2124 1697 2151 hominum
1715 2125 1802 2152 sacris

1012 2170 1066 2196 illis
1082 2169 1180 2196 ritibus
1201 2173 1283 2203 atque
1304 2168 1459 2203 mysteriis,
1485 2168 1645 2204 exterisque
1660 2169 1804 2204 theologia:

1012 2222 1068 2242 sua:
1086 2214 1238 2242 rationibus
1260 2214 1452 2242 continebatur
1469 2224 1476 2242 :
1495 2222 1558 2242 cum
1584 2215 1629 2242 illa
1649 2215 1707 2250 ipsa
1728 2215 1804 2242 nulla.

1013 2263 1054 2289 sui
1069 2266 1173 2289 mutata
1186 2266 1273 2296 parte,
1289 2261 1428 2288 communi
1442 2266 1614 2296 posterorum
1626 2269 1760 2289 consensu
1771 2269 1804 2289 ac

1014 2308 1185 2342 professione
1207 2307 1318 2334 retineri
1337 2308 1449 2342 posset?
1472 2307 1520 2334 Sin
1536 2313 1628 2336 autem
1644 2308 1670 2335 id
1682 2312 1804 2341 constat,

1015 2354 1181 2381 recentiores
1197 2354 1264 2382 istos
1280 2353 1335 2381 veri
1353 2354 1386 2381 de
1398 2353 1454 2380 Deo
1471 2353 1538 2380 nihil
1556 2353 1590 2380 ab
1602 2354 1806 2388 antiquioribus

1015 2400 1068 2427 illis
1082 2400 1221 2432 didicisse,
1238 2408 1269 2428 ac
1282 2406 1377 2434 suopte
1388 2408 1524 2435 quemque
1540 2401 1646 2435 ingenio
1658 2400 1698 2428 sic
1710 2401 1736 2427 in
1755 2408 1804 2427 na-

1016 2451 1083 2473 tura:
1099 2446 1333 2481 investigationem
1351 2446 1518 2478 incubuisse,
1535 2450 1565 2473 ut
1579 2446 1745 2480 coniecturis
1759 2454 1806 2482 po.

878 2482 886 2519 ξ
909 2492 971 2527 quis
992 2499 1046 2518 non
1073 2491 1190 2526 ingenue
1203 2491 1385 2519 conﬁtendum
1404 2499 1465 2518 esse
1485 2492 1583 2524 videat,
1599 2492 1666 2519 nihil
1692 2493 1806 2520 omnino

173 2529 272 2583 praeter
283 2529 326 2580 ea,
349 2555 410 2582 qua:
432 2529 619 2580 superioribus
634 2542 710 2570 libris
739 2540 931 2573 indicavimus,
952 2540 1072 2574 gentium
1088 2539 1223 2574 theologia
1249 2538 1402 2567 contineri?
1415 2539 1454 2566 Ac
1466 2544 1633 2574 postremum
1649 2529 1758 2574 quidem
1773 2540 1807 2566 il-

172 2595 239 2627 Iud,
255 2602 337 2629 quam
351 2602 385 2621 ex
398 2597 524 2620 accurata
554 2591 628 2618 trulla
651 2587 911 2623 comprehensione,
940 2586 987 2613 sed
1007 2586 1171 2621 quibusdam
1197 2590 1302 2613 tantum
1316 2593 1348 2613 ex
1374 2585 1550 2620 coniecturis,
1576 2593 1729 2621 magnoque
1742 2594 1804 2613 ver-

174 2643 273 2670 borum
299 2641 427 2670 conﬂictu
454 2639 545 2667 multis
568 2645 631 2666 cum
652 2636 793 2664 erroribus
817 2635 963 2669 coniuncto
979 2633 1136 2661 Grzeeorum
1165 2633 1336 2669 philosophia
1361 2633 1506 2666 exstiterit,
1522 2633 1601 2660 facile
1624 2635 1664 2661 vel
1690 2640 1723 2660 ex
1741 2640 1807 2668 qua.

173 2690 238 2717 dam
255 2689 398 2724 Porphyrii
415 2689 448 2716 ad
463 2687 680 2716 Nectcnaboncm
707 2683 864 2719 {Egyptium
892 2681 1006 2716 epistola
1028 2681 1179 2717 intelligas,
1203 2683 1228 2709 in
1249 2689 1303 2717 qua
1322 2681 1348 2708 id
1372 2679 1462 2714 ipsum
1477 2681 1588 2708 totidem
1608 2679 1700 2708 verbis
1711 2679 1807 2709 audies

175 2740 347 2766 oentttentem
352 2755 359 2763 .
