2061 3210
617 177 660 205 EU
666 177 750 204 SEBII
771 174 1010 204 C/ESARIENSIS
1032 176 1106 203 OPP.

535 245 614 280 741
636 244 750 272 CAPUT
771 245 805 271 x.

278 299 379 330 Multas
406 303 475 337 apud
493 302 598 330 θνατοί
617 302 786 337 philosophos
806 301 974 336 conjecturas
1002 310 1069 334 esse,

313 338 449 365 uerborum
465 343 578 372 pugnas,
603 344 758 372 erroresque
773 337 936 372 permultos;
956 345 988 364 ea:
1003 337 1071 363 Por-

311 373 398 408 phyrii
407 373 441 399 ad
453 373 476 398 Ν
480 373 661 399 ectenabonem
671 372 828 407 ngyptium
841 373 965 406 epistola,
977 380 1027 399 non
1039 379 1071 398 ex

311 410 346 435 iis
357 429 363 441 ,
379 416 437 442 qum
454 409 490 434 De
503 408 595 447 animo
613 409 647 434 ad
670 408 800 439 Boethum
824 408 976 447 rescripsit,
991 415 1071 447 eoque

311 451 345 470 ea:
360 444 427 469 libro
439 451 515 478 quem
530 442 567 469 De
583 443 678 471 hausta
692 451 724 470 ex
738 443 914 470 oraculorum
930 442 1071 478 responsis

312 478 486 514 philosophia
502 479 598 505 edidit.

280 176 347 204 Ιὲίθ

314 576 325 593 ι
343 567 400 595 Hoc
417 568 443 594 in
456 573 538 600 meas,
554 568 662 602 inquit,
682 574 746 603 erga
766 571 791 595 te
803 568 1001 596 benemlentiaa
1014 567 1072 596 ofﬂ-

277 613 330 646 cio,
346 621 361 640 a
377 613 430 641 diis
445 613 511 648 ipsis
529 613 665 649 bonisque
680 614 863 647 daemonibus,
878 619 960 649 atque
981 614 1023 642 his
1034 614 1072 642 af-

277 659 378 686 ﬁnibus
390 658 553 693 quibusdam
567 659 744 694 cognatisque
753 659 934 694 philosophiae
947 660 1071 694 partibus

277 705 408 740 incipiam
422 725 431 736 .
455 706 489 732 de
504 705 605 740 quibus
617 713 632 732 a
646 705 748 733 Graecis
768 713 879 740 quoque
901 706 1071 741 philosophis

276 751 410 786 permulta
425 751 498 778 dicta
511 755 594 783 sunt;
607 759 702 778 verum
720 751 868 786 ejusmodi,
890 758 951 787 qua:
967 757 1070 786 partem

275 802 342 823 sane
355 795 582 828 niaxiinani,lidci
595 795 727 823 facienda;
737 796 872 831 principia
882 804 936 824 non
950 797 1070 828 aliunde,

275 849 359 877 quam
377 849 410 868 ex
430 842 488 869 sola
505 842 661 877 conjectura
684 842 826 869 ducerent.
845 852 854 868 ι
875 841 944 870 Tum
961 842 1071 878 interje-

275 888 329 914 ctis
343 888 405 915 aliis
426 888 463 914 ita
476 888 648 923 progreditur
662 898 668 914 :
690 897 700 913 ι
713 888 791 923 Apud
808 896 870 922 nos,
891 889 991 923 inquit,
1007 897 1069 916 vera

276 934 374 961 borum
391 933 535 961 conﬂictus
550 934 645 969 ingens
656 955 663 967 ,
682 935 781 969 quippe
804 935 852 969 qui
875 935 995 962 humana
1010 940 1072 962 tan—

276 983 334 1006 tulit
343 979 545 1006 existimatione
559 980 592 1007 de
605 980 678 1007 bono
694 981 1004 1008 statuamus.Cu.-terum
1023 981 1069 1016 qui

274 1025 309 1053 ad
319 1025 518 1060 assequendam
535 1026 609 1052 illam
622 1033 684 1053 cum
696 1027 831 1060 superiori
842 1031 939 1054 natura
954 1027 1070 1062 conjun-

274 1071 393 1099 ctionem
409 1071 581 1102 incumbunt,
594 1071 613 1098 ii
625 1071 748 1106 profecto
760 1072 831 1100 hanc
844 1073 867 1099 si
877 1077 981 1107 partem
993 1073 1071 1101 inve-

274 1117 429 1151 stigationis
442 1117 676 1151 prietermiserint,
689 1117 794 1145 frustra
805 1122 910 1146 tantum
920 1118 946 1145 in
960 1119 1070 1154 sapien-

274 1162 319 1190 tiae
325 1163 416 1190 studio
426 1162 528 1190 laboris
539 1170 683 1197 operasque
693 1167 869 1191 consumunt.
878 1173 887 1189 ι
901 1163 974 1191 ldem
987 1165 1014 1191 in
1024 1165 1068 1197 iis,

273 1216 335 1243 qua:
345 1207 381 1235 De
390 1209 479 1235 animo
490 1208 523 1236 ad
530 1207 665 1235 Boethum
676 1209 826 1244 rescripsit,
836 1209 862 1237 id
872 1210 960 1244 ipsum
971 1218 1070 1238 conce-

274 1254 328 1289 ptis
343 1254 444 1281 fatetur
455 1255 562 1288 verbis;
577 1254 642 1281 dum
662 1255 710 1288 ait,
723 1256 926 1283 «Immortalem
939 1264 999 1284 esse
1011 1258 1069 1284 ani-

274 1308 362 1334 mum,
380 1300 425 1328 illa
447 1301 615 1336 intelligendi
630 1306 657 1329 et
681 1303 886 1330 commentandi
909 1303 951 1331 vis
965 1304 1069 1339 absque

274 1347 328 1374 ulla
353 1347 524 1375 dubitatione
543 1349 694 1376 convincit.
716 1347 912 1377 Verumtamen
933 1349 1068 1385 quidquid

273 1393 411 1420 rationum
425 1402 439 1420 ιι
449 1394 677 1429 philosopliislioc
689 1395 722 1422 ad
733 1395 979 1423 demonstrandum
992 1396 1069 1423 aﬂ‘er—

275 1442 329 1470 tur,
347 1438 372 1465 id
387 1444 473 1466 totum
489 1444 599 1474 propter
612 1448 685 1472 eam,
703 1448 786 1475 quam
801 1440 828 1467 in
842 1441 971 1469 omnibus
985 1449 1068 1476 repu-

273 1485 373 1519 gnandi
391 1485 527 1512 solertiam
547 1486 635 1521 arguti
653 1491 680 1513 et
696 1487 860 1514 contentiosi
881 1487 1008 1515 homines
1022 1495 1067 1515 re-

272 1538 411 1568 pererunt,
426 1533 555 1567 perlheile
580 1533 612 1560 ad
630 1533 808 1561 refellendum
825 1534 943 1562 videtur.
962 1544 972 1561 ι
994 1533 1065 1568 Quid

272 1578 346 1604 enim
361 1582 416 1605 tota
434 1578 460 1604 in
474 1578 644 1613 philosophia
663 1579 709 1611 sit,
719 1579 793 1614 quod
805 1579 840 1606 ah
852 1580 932 1607 aliter
945 1580 1064 1608 sentien-

273 1622 346 1650 tibus
363 1622 517 1658 impugnari
544 1629 681 1658 nequeat,
705 1632 768 1651 cum
791 1624 817 1651 in
837 1625 870 1651 iis
885 1625 987 1659 etiam,
1004 1632 1066 1660 qua:

271 1667 416 1702 perspicua
435 1676 469 1694 ex
484 1675 544 1695 sese
559 1668 731 1703 videbantur,
748 1670 937 1697 asscnsionem
953 1677 1065 1698 omnem

272 1712 390 1740 retinere
410 1712 509 1739 horum
532 1713 656 1740 nonnulli
681 1714 845 1741 maluerint?
858 1714 1020 1748 Postremo,
1038 1716 1065 1743 in

270 1764 305 1786 eo
320 1765 429 1793 quoque
443 1758 523 1791 libro,
536 1767 617 1793 quem
633 1759 671 1787 De
684 1760 780 1787 hausta
799 1767 832 1788 ea:
849 1761 1018 1788 oraculorum
1029 1770 1067 1789 re-

271 1805 374 1839 sponsis
399 1804 566 1839 philosophia
592 1807 774 1841 conscripsit,
799 1807 942 1835 nberrasse
956 1807 1066 1835 Graecos

271 1849 372 1877 diserte
385 1850 498 1877 omnino
516 1850 676 1884 conﬁtetur,
694 1860 774 1879 suum
792 1853 874 1880 etiam
892 1853 977 1881 Deum
995 1853 1066 1882 hanc

272 1895 300 1922 in
313 1902 370 1922 rem
387 1895 566 1931 testatus,qui
580 1896 638 1924 suis
653 1897 705 1923 hoc
716 1897 805 1932 ipsum
817 1899 937 1926 oraculis
951 1907 1066 1935 respon-

270 1937 356 1970 derit,
373 1938 552 1974 barbarisque
566 1940 657 1974 potius
680 1947 762 1974 quam
776 1940 879 1970 Griecis
893 1942 1063 1975 hominibus.

271 1984 394 2011 veritatis
420 1985 537 2012 inventa:
560 1986 667 2014 laudem
692 1987 851 2015 testimonio
868 1995 920 2016 suo
934 1988 1064 2016 defende-

272 2029 321 2063 rit,
347 2037 434 2065 eoque
455 2030 567 2059 ferendo
591 2032 723 2061 barbaros
745 2034 821 2069 ipsos
841 2035 1003 2062 nominatim
1017 2043 1065 2070 ap-

270 2075 388 2110 pellarit.
407 2075 505 2104 Statim
523 2078 595 2105 enim
614 2084 675 2113 post
690 2081 793 2107 oraculi
814 2081 1012 2116 expositionem
1027 2082 1064 2109 ila

269 2121 424 2148 concludit:
441 2131 449 2147 ι
468 2122 604 2150 Audivisti
626 2130 758 2159 quantum
771 2125 874 2152 laboris
898 2126 1063 2153 exhaustum

269 2166 315 2200 sit,
335 2172 365 2194 ut
378 2168 502 2202 corporis
519 2173 623 2196 tantum
640 2177 723 2197 causa
740 2170 879 2205 piaculare
901 2171 964 2206 quis
979 2173 1064 2199 sacri-

269 2212 362 2240 ﬁcium
375 2212 486 2246 faceret,
505 2213 585 2250 742
599 2222 652 2242 non
666 2216 740 2250 quod
756 2217 840 2243 animi
854 2217 969 2244 salutem
985 2218 1063 2244 inve-

1079 1600 1101 1630 (ἰ

1129 175 1219 203 PARS
1233 175 1263 202 Il.
1277 188 1312 196 —-
1329 171 1579 203 APOLOGETICA.
1848 174 1915 202 {29.0

1401 242 1596 271 ΚΕΦΔΛΑΙΟΝ
1620 244 1648 270 1’.

1123 303 1197 342 ’οτιῄ
1212 301 1400 342 ρ’τοχασμοὶ,
1426 302 1474 328 καὶ
1497 301 1707 342 derepta-lytr}.
1733 299 1783 326 καὶ
1818 298 1919 342 apud;

1156 336 1258 372 πλάνη
1273 336 1414 372 τυγχάνει
1430 337 1509 371 παρὰ
1533 336 1596 369 τοῖς
1617 336 1773 372 Ἑλλήνων
1786 336 1916 372 »φιλοσό-

1157 382 1234 408 φοις.
1252 369 1334 412 ’Ἄῄῦ
1340 369 1403 412 fit;
1415 369 1487 412 προς
1504 371 1678 412 Neuter-etab
1688 370 1742 412 ξὺν
1754 369 1920 412 {ursinae/7

1156 403 1522 445 ἓπιὰτρλῇς-Ιιορφρρίου,
1538 407 1595 445 ,καὶ
1619 403 1919 445 ῥνκάνςέῃριιιζπε

1157 442 1260 476 Βοηθῷ
1274 439 1341 478 Περὶ
1366 439 1466 478 ψυχῆξ,
1496 442 1545 468 καί
1568 441 1628 469 ἀπὸ
1642 439 1708 475 ’τῆς
1731 440 1801 475 Περὶ
1818 439 1869 474 τῆς
1890 439 1919 465 ὲκ

1156 479 1254 513 λογίων
1268 478 1437 513 φιλοσοφίας.
1666 485 1668 487 ·

1161 576 1170 592 ι
1195 564 1373 602 ’Λρξομαιδὲ
1390 564 1442 600 τῆς
1460 563 1528 600 πρὸς
1542 563 1573 589 σὲ
1593 563 1685 598 φιλίας
1707 563 1761 589 ἀπὸ
1784 562 1857 593 ,θεῶν
1871 563 1917 589 καὶ

1122 613 1257 648 δαιμόνων
1276 611 1398 646 ἀγαθῶν,
1414 609 1469 637 τῶν
1482 618 1512 636 τε
1536 609 1641 641 τούτοις
1656 608 1796 644 συγγενῶν
1809 609 1916 644 φιλοσο-

1123 658 1268 694 φημὰτων,
1288 657 1353 693 περὶ
1374 653 1412 683 ὧν
1435 655 1544 692 εἴρηται
1564 656 1613 691 μὲν
1643 655 1768 683 πλεῖστα.
1786 655 1833 682 καὶ
1845 655 1916 690 παρᾶ

1122 706 1178 736 τοῖς
1201 703 1336 740 Ἑλλήνων
1361 702 1528 737 φιλοσόφοις,
1542 702 1649 738 εἴρηται
1673 702 1701 728 δὲ
1719 702 1750 728 ὲκ
1764 701 1916 737 στοχασμοῦ

1121 751 1152 778 τὸ
1170 751 1250 778 πλέον
1260 750 1309 782 τὰς
1321 749 1408 785 ἀρχὰς
1425 748 1485 784 Ξχον
1496 749 1546 784 τῆς
1565 749 1691 781 πίστεως.
1710 758 1719 774 ι
1743 748 1799 775 Καὶ
1813 748 1916 779 ὑποόὰς

1123 798 1187 833 ἑξῆς
1202 797 1338 833 ἐπιφέρει,
1349 796 1447 830 λέγων’
1479 805 1488 821 ι
1507 795 1587 830 Παρὰ
1603 795 1652 830 μὲν
1673 795 1728 830 γὰρ
1755 795 1822 830 ἡμῖν
1842 794 1917 828 λογο-

1125 841 1211 876 μαχία
1221 840 1263 872 τίς
1279 841 1337 866 ἐστι
1357 839 1453 874 πολλὴ.
1480 839 1529 866 ἅτε
1546 839 1576 871 ἐξ
1587 839 1766 874 ἀνθρωπίνων
1780 836 1916 874 λογισμῶν

1122 887 1170 913 τοῦ
1187 886 1291 921 ἀγαθοῦ
1302 886 1490 922 εἰκαζομένου.
1502 883 1550 918 Οἷς
1559 886 1588 912 δὲ
1605 885 1797 921 μεμηχάνηται
1815 886 1832 920 ὴ
1851 892 1917 921 προς

1121 933 1152 959 τὸ
1167 934 1291 969 κρεῖττον
1313 932 1451 965 συνουσία,
1468 933 1492 958 εἰ
1515 933 1641 968 παρεῖται
1667 932 1698 958 τὸ
1722 931 1805 967 μέρος
1839 930 1918 958 τοῦτο

1121 979 1161 1009 είς
1181 978 1314 1010 ἐξέτασιν,
1347 979 1436 1014 μάτην
1462 978 1554 1009 αὐτοῖς
1579 979 1596 1014 ἡ
1626 978 1707 1013 σοφία
1729 978 1914 1013 ὲξήσκηται.ι

1128 1024 1206 1051 Ἀλλὰ
1224 1025 1270 1050 καὶ
1281 1025 1309 1050 ὲν
1323 1021 1364 1056 οἷς
1379 1024 1532 1060 ἀντέγραψε
1548 1024 1643 1060 Βοηθῷ
1667 1024 1737 1057 Περὶ
1761 1023 1877 1058 ψυχῆς,
1903 1024 1917 1049 ὁ

1120 1071 1201 1103 αὐτὸς
1223 1067 1273 1097 ὦδε
1304 1071 1417 1106 γράφων
1440 1070 1565 1105 ὁμολογεῖ
1589 1070 1656 1105 πρὸς
1685 1069 1768 1103 λέξινθ
1793 1080 1803 1095 I
1828 1070 1871 1101 Ὡς
1886 1069 1917 1096 τὰ

1122 1116 1171 1152 μὲν
1186 1115 1241 1142 τῶν
1255 1116 1376 1148 ἐννοιῶν,
1393 1116 1440 1143 καὶ
1451 1115 1485 1142 τὰ
1497 1115 1546 1151 τῆς
1565 1115 1685 1151 ἱστορίας
1709 1114 1916 1150 ἀναμφιλέκτως

1121 1162 1262 1197 συνίστησι
1276 1161 1325 1198 τὴν
1341 1161 1430 1197 ψυχὴν
1450 1159 1520 1189 εἶναι
1540 1162 1682 1188 ἀθάνατον·
1699 1161 1724 1187 οἱ
1745 1161 1774 1187 δὲ
1795 1162 1837 1192 είς
1851 1160 1917 1188 ἀπό-

1119 1207 1201 1240 δειξιν
1214 1207 1290 1243 παρὰ
1304 1207 1358 1234 τῶν
1370 1207 1523 1242 φιλοσόφων
1538 1207 1714 1243 κομισθέντες
1729 1206 1805 1241 λόγοι
1823 1206 1914 1233 δοκοῦ-

1121 1262 1162 1281 σιν
1173 1252 1242 1280 εἶναι
1259 1253 1455 1289 εὐανάτρεπτοι
1467 1253 1512 1280 διὰ
1524 1254 1572 1289 τὴν
1588 1255 1617 1280 ὲν
1630 1255 1714 1280 πᾶσιν
1729 1253 1916 1288 εὑρεσιλογίαν

1119 1300 1174 1327 τῶν
1190 1299 1347 1336 ἐριστικῶν.
1366 1300 1414 1332 Τίς
1424 1301 1479 1335 γὰρ
1499 1300 1577 1335 λόγος
1595 1301 1650 1328 τῶν
1665 1302 1695 1328 ὲν
1710 1301 1856 1336 φιλοσοφίᾳ
1869 1301 1916 1328 οὐκ

1118 1347 1361 1382 ἀμφισϐητήσιμος
1374 1348 1429 1378 τοῖς
1443 1347 1618 1382 ἐτεροδόξοις,
1644 1348 1711 1374 ὅπου
1725 1347 1772 1374 καὶ
1786 1346 1917 1383 περὶτῶν

1118 1393 1269 1420 δοκούντων
1296 1392 1420 1429 ἐναργῶν
1443 1393 1553 1428 ἐπέχειν
1570 1393 1659 1420 αὐτῶν
1682 1402 1753 1420 τισιν
1781 1393 1888 1426 ἐδόκεις
1903 1402 1914 1420 ›

1118 1439 1173 1466 Καὶ
1189 1440 1218 1466 ἐν
1231 1437 1272 1471 οἷς
1291 1439 1320 1466 δὲ
1334 1439 1473 1475 ἐπέγραψε
1485 1440 1555 1474 Περὶ
1575 1439 1631 1474 τῆς
1643 1440 1678 1467 ἐκ.
1697 1440 1809 1474 λογίων
1831 1442 1914 1475 φιλο·

1117 1486 1238 1520 σοφίας,
1254 1485 1402 1521 διαρρήδην
1414 1485 1541 1522 ὁμολογεῖ
1556 1487 1619 1518 τοὺς
1633 1486 1767 1522 Ἕλληνας
1782 1487 1916 1523 πεπλανῆ-

1117 1532 1189 1565 σοαι,
1213 1531 1469 1567 ἐπιμαρτυρόμενος
1495 1531 1540 1560 τὸν
1568 1532 1665 1559 ἑαυτοῦ
1689 1532 1765 1563 Θεὸν,
1780 1533 1819 1564 ὡς
1838 1533 1916 1560 τοῦτο

1117 1577 1225 1605 καὶτοῦ
1257 1577 1424 1610 ’Λπόλλωνος
1449 1577 1494 1604 διὰ
1520 1578 1653 1614 χρησμῶν
1675 1579 1840 1611 ἐξειπόντος,
1870 1580 1915 1606 καὶ

1118 1623 1267 1660 βαρϐάροις
1278 1623 1378 1659 μᾶλλον
1392 1624 1409 1659 ἦ
1430 1623 1543 1659 Ἕλλησι
1558 1621 1622 1659 ei,»
1645 1625 1755 1660 εῡρεαιν
1770 1626 1820 1661 τῆς
1847 1626 1914 1661 ἁλη-

1117 1669 1192 1702 ϐείας
1206 1671 1489 1706 ἐπιμαρτυρήσαντος,
1505 1670 1552 1697 καὶ
1580 1670 1612 1706 δὴ
1637 1671 1682 1698 καὶ
1704 1671 1836 1707 Ἐϐραίων
1850 1681 1916 1708 μνη-

1118 1715 1296 1754 μονεύσαντος
1312 1718 1409 1749 ἐντοῖς
1426 1717 1634 1753 μαρτυρηοεῒσι.
1661 1718 1738 1745 Μετὰ
1767 1718 1834 1753 γοῦν
1864 1719 1914 1755 τὴν

1115 1763 1163 1790 τοῦ
1175 1763 1298 1800 χρησμοῦ
1310 1762 1473 1798 παράθεσιν,
1493 1763 1557 1798 ἑξῆς
1583 1764 1689 1796 τούτοις
1704 1765 1838 1800 κέχρηται
1860 1767 1914 1797 τοὶς

1116 1810 1264 1845 ἐπιλόγοις.
1296 1820 1305 1835 ι
1331 1810 1466 1844 ’Λκήκοας
1498 1810 1581 1841 πόσος
1597 1810 1688 1842 πόνος,
1716 1811 1749 1838 ἶν’
1769 1811 1840 1847 ὑπὲρ
1868 1811 1915 1838 σώ-

1117 1857 1202 1893 ματός
1214 1862 1256 1888 τις
1272 1857 1305 1883 τὰ
1318 1857 1454 1893 καθάρσια
1470 1857 1550 1893 θύσῃ,
1573 1858 1621 1893 οὐχ
1638 1857 1679 1884 ὅτι
1692 1857 1741 1893 τῆς
1754 1858 1843 1893 ψυχῆς
1866 1858 1915 1893 τὴν

1117 1901 1254 1937 σωτηρίαν
1278 1902 1391 1938 ἐξεύρῃς
1426 1902 1593 1934 Χαλκόόετος
1621 1904 1675 1938 γὰρ
1699 1904 1715 1938 ὴ
1747 1903 1816 1939 πρὸς
1837 1904 1913 1936 Θεοὺς

1115 1948 1184 1980 ὁδὸς,
1201 1950 1309 1984 αἰπεινή
1327 1957 1356 1975 τε
1373 1949 1421 1975 καὶ
1451 1950 1575 1984 τραχεῖα,
1599 1946 1634 1985 ἦς
1661 1949 1761 1981 πολλὰς
1775 1950 1914 1984 ἀτραποὺς

1117 1994 1311 2030 βάρῦαροιμὲν
1327 1993 1449 2029 ἐξεῦρον,
1467 1994 1597 2030 ’Έλληνες
1620 1994 1648 2021 δὲ
1666 1995 1868 2030 ἐπλανήθησαν·
1890 1997 1913 2022 οἱ

1115 2039 1144 2066 δὲ
1158 2039 1323 2076 κρατοῦντες
1336 2040 1385 2076 ἤδη
1413 2041 1461 2066 καὶ
1488 2040 1656 2076 διέφθειραν.
1677 2041 1732 2076 Τὴν
1751 2041 1779 2067 δὲ
1806 2042 1914 2078 εὕρεσιν

1115 2087 1299 2120 Αἰγυπτίοιςὸ
1313 2086 1378 2118 Θεὸς
1394 2087 1580 2123 ἐμαρτύρησε,
1599 2087 1699 2120 Φοίνιξί
1719 2096 1749 2114 τε
1772 2089 1819 2115 καὶ
1843 2089 1914 2116 Χαλ-

1114 2132 1201 2163 δαίοις
1245 2132 1255 2167 (
1280 2132 1416 2168 Ἀσσύριοι
1444 2132 1499 2167 γὰρ
1530 2130 1603 2160 οὗτοι
1624 2133 1653 2167 )’
1680 2133 1776 2166 Λυδοῖς
1807 2143 1837 2161 τε
1869 2135 1914 2162 καὶ

1121 2178 1267 2213 Ἑϐραίοις.
1285 2187 1293 2204 ι
1314 2178 1406 2205 Ταῦτα
1419 2180 1433 2205 ό
1448 2179 1602 2213 φιλόσοφος,
1626 2180 1726 2216 μᾶλλον
1746 2181 1774 2207 δὲ
1800 2183 1814 2207 ὁ
1830 2182 1912 2208 αὐτοῦ

1114 2224 1190 2256 Θεός.
1201 2222 1263 2260 Ἆρ’
1277 2222 1323 2252 οὖν
1336 2224 1410 2257 ἄξιον
1428 2225 1497 2260 μετά
1508 2225 1586 2252 ταῦθ’
1598 2227 1665 2262 ἡμῖν
1692 2227 1912 2262 ἐπιμέμψασθαι,

268 2260 371 2287 uisset?
387 2259 502 2295 Quippe,
514 2261 605 2289 vincta
620 2263 694 2290 enim
710 2271 773 2296 aere,
781 2263 866 2291 ardua
881 2270 909 2291 et
919 2264 1059 2291 salebrosa

1116 2268 1154 2294 ὅτι
1163 2268 1196 2304 δὴ
1208 2269 1272 2300 τοὺς
1289 2259 1514 2306 πεπλανημένους
1528 2259 1662 2306 Ἕλληνας
1679 2259 1912 2307 καταλε-ίῷαντες,

266 2307 310 2333 via
332 2311 391 2340 est,
409 2315 463 2341 qua
483 2307 517 2334 ad
541 2308 605 2336 deos
629 2308 700 2341 itur,
722 2309 801 2344 cujus
819 2310 927 2337 barbari
948 2311 1058 2346 quidem

266 2352 421 2388 complures
437 2353 549 2381 semitas
564 2359 732 2388 repererunt,
745 2355 832 2383 Graeci
846 2364 911 2383 vero
924 2356 957 2384 all
969 2364 1001 2384 ea
1015 2365 1061 2392 pe-

267 2400 340 2427 nitus
363 2400 535 2428 aberrarunt.
554 2401 641 2434 Quam
665 2402 688 2429 si
705 2403 751 2437 qui
770 2403 838 2429 forte
850 2403 906 2438 jam
922 2404 1059 2437 tenebant,

265 2446 388 2473 eamdem
405 2447 515 2482 ipsimet
532 2453 723 2483 corruperunt.
743 2449 778 2476 At
792 2449 852 2484 ejus
872 2450 988 2477 inventa:
1000 2450 1060 2477 lau-

264 2492 326 2519 dem
345 2491 492 2528 Algyptiis,
512 2493 691 2522 Phoenicibus
715 2499 742 2522 et
756 2495 894 2523 Chaldaeis
910 2496 973 2531 (hos
986 2497 1059 2523 enim

264 2537 393 2573 Assyrios
415 2540 527 2575 vocat),
550 2539 643 2575 Lydiis
664 2542 747 2568 etiam
773 2547 800 2568 et
822 2541 946 2570 Hebraeis
962 2547 1060 2578 suopte

265 2581 339 2609 Deus
351 2583 508 2611 testimonio
523 2585 699 2612 vindicavit.»
718 2585 782 2613 Haec
795 2586 908 2615 Graecus
926 2587 978 2614 iste
996 2588 1059 2622 phi-

265 2627 408 2662 losophus,
425 2631 467 2657 vel
484 2631 541 2666 ipse
552 2632 642 2666 potius
653 2640 735 2667 quem
750 2632 857 2660 colebat
877 2633 958 2661 Deus.
991 2634 1059 2667 Quis

264 2681 330 2708 ergo
344 2675 471 2710 deinceps
495 2677 574 2705 nobis
595 2677 658 2713 jure
679 2683 860 2712 succenseat,
886 2679 960 2714 quod
980 2680 1059 2707 aber-

264 2725 358 2746 rantes
372 2719 481 2749 Graecos
495 2722 697 2757 reliquerimus,
721 2729 751 2751 ut
769 2723 909 2758 Hebraeos,
929 2734 944 2752 ο
957 2726 1058 2760 quibus

264 2765 490 2800 comprehensam
506 2775 568 2795 esse
580 2771 797 2806 veritatemjpso
808 2772 921 2799 deorum
935 2772 1058 2799 testimo-

265 2809 311 2837 nio
334 2811 500 2844 constiterit,
526 2817 722 2849 sequeremur?
750 2817 817 2844 Nam
831 2818 901 2853 quid
914 2819 1024 2846 tandem
1041 2827 1056 2846 a

263 2857 434 2892 philosophis
446 2859 557 2887 doctum
575 2862 607 2888 iri
623 2871 672 2890 nos
686 2865 899 2898 exspectemus?
910 2872 957 2893 aut
971 2874 1054 2900 quam

261 2902 298 2931 Ib
311 2902 345 2931 iis
358 2903 456 2932 deinde
473 2913 553 2940 opem
568 2907 767 2943 utilitatemque
783 2918 925 2943 speremus
936 2931 943 2944 ,
957 2912 978 2940 si
994 2921 1054 2944 qua:

1112 2315 1145 2342 τὰ
1166 2315 1451 2351 Ἑϐραίωνείλόμεθα,
1477 2317 1532 2344 τῶν
1547 2318 1590 2344 ἐπ’
1610 2317 1738 2353 ἀληθείας
1760 2319 1912 2355 καταλήψει

1114 2362 1389 2398 μεμαρτυρημένων;
1415 2362 1447 2389 Τί
1463 2362 1492 2389 δὲ
1509 2363 1562 2398 χρὴ
1589 2363 1664 2398 παρὰ
1687 2363 1842 2398 φιλοσόφων
1863 2373 1913 2399 μα-

1112 2407 1244 2443 θήσεσθαι
1261 2409 1431 2444 προσδοκᾷν;
1451 2410 1468 2445 ἢ
1495 2410 1560 2436 ποία
1587 2410 1665 2441 ἐλπὶς
1691 2411 1740 2446 τῆς
1765 2411 1796 2444 ἐξ
1823 2411 1911 2438 αὐτῶν

1112 2455 1256 2489 ὠφελείας,
1267 2457 1291 2482 εἰ
1307 2455 1339 2491 δὴ
1352 2456 1387 2482 τὰ
1398 2455 1532 2491 λεγόμενα
1554 2457 1620 2492 παρ’
1635 2457 1728 2489 αὐτοῖς
1745 2459 1777 2484 ἐκ
1816 2467 1913 2494 στοχα-

1112 2501 1188 2536 σμῶν
1205 2500 1252 2527 καὶ
1267 2502 1406 2537 είκασμῶν
1429 2502 1460 2528 τὸ
1476 2503 1556 2529 πλέον
1575 2503 1624 2535 τάς
1645 2503 1732 2539 ἀρχὰς
1749 2504 1848 2539 ἔχοντα
1862 2504 1912 2540 τῆς

1111 2547 1230 2579 πίστεως
1248 2547 1395 2583 τυγχάνει;
1423 2548 1597 2584 Λογομαχίας
1609 2549 1639 2575 δὲ
1655 2550 1698 2582 τίς
1713 2551 1727 2576 ὁ
1744 2551 1863 2586 καρπὸς,
1884 2551 1910 2578 ει

1110 2592 1142 2628 δὴ
1157 2592 1257 2624 πάντες
1282 2594 1307 2620 oi
1336 2593 1391 2621 τῶν
1423 2594 1576 2630 φιλοσόφων
1608 2595 1683 2630 λόγοι
1709 2597 1909 2633 εὖανάτρεπτοι

1110 2638 1306 2674 καθεστήκασι,
1321 2639 1366 2665 διὰ
1379 2639 1428 2675 τὴν
1444 2641 1473 2667 ἐν
1487 2641 1569 2667 πᾶσιν
1595 2641 1798 2677 εὑρεσιλογίανς
1815 2642 1909 2670 Ταῦτα

1110 2684 1163 2719 γὰρ
1175 2684 1205 2710 οὐ
1226 2685 1291 2720 παρ’
1316 2684 1393 2720 ἡμῶν
1406 2686 1518 2721 ἀρτίως,
1544 2686 1613 2712 ἀλλά
1636 2688 1702 2722 παρ’
1716 2687 1808 2713 αὐτῶν
1832 2688 1909 2722 εἰρη-

1111 2730 1180 2765 μένα
1195 2730 1319 2765 ὴκούετο.
1345 2731 1444 2766 Διόπερ
1475 2730 1504 2758 εὖ
1533 2740 1578 2767 μοι
1604 2732 1736 2768 δοκοῦμεν
1762 2734 1812 2759 καὶ
1839 2733 1908 2768 μετὰ

1108 2777 1226 2811 κρίσεως
1241 2777 1438 2813 ἑξητασμένης,
1454 2778 1514 2813 οὐχὶ
1537 2779 1559 2804 δ’
1584 2778 1699 2813 ἀλόγως,
1719 2779 1758 2811 ὡς
1773 2779 1806 2806 ἂν
1821 2779 1908 2806 τοιού-

1107 2830 1181 2854 των,
1217 2823 1501 2858 καταπεφρονηκέναι.
1536 2823 1577 2850 Τά
1613 2824 1641 2850 δὲ
1675 2825 1742 2860 παρ’
1770 2825 1907 2861 Ἑϐραίοις

1106 2868 1292 2902 ἠγαπηκέναι,
1308 2869 1356 2903 οὺχ
1372 2869 1413 2895 ὅτι
1427 2869 1494 2904 πρὸς
1512 2869 1558 2896 τοῦ
1571 2869 1697 2905 δαίμονος
1727 2871 1906 2907 μεμαρτύρη-

1107 2922 1161 2944 ται,
1177 2915 1234 2940 ἀλλ’
1251 2915 1290 2941 ὅτι
1308 2915 1358 2944 si:
1374 2915 1464 2942 ἐνθέου
1493 2916 1592 2944 ἀρετῆς
1621 2925 1649 2942 τε
1682 2917 1728 2942 καὶ
1762 2917 1903 2944 δυνάμεως
