2061 3210
174 183 241 212 12⁸21

740 181 900 210 ΡΒᾹΞΡΑΙΚ.
922 181 1046 210 EVANG.
1065 180 1129 208 LlB.
1153 179 1220 209 XIV.

1731 178 1801 207 1223

177 240 278 276 μέτοχα
289 240 352 266 ὄντα
364 241 567 269 ἀποδείκνυται,
581 242 638 268 ’Ὶνα
656 241 679 267 δ’
690 239 735 267 οὖν
752 242 798 268 καὶ
811 242 901 273 αὐτοῖς
917 241 962 276 ἐρ-

1021 241 1047 268 ιὶ)
1062 241 1094 268 iis
1107 240 1245 271 dicuntur,
1262 243 1364 274 partem
1381 245 1411 265 ea
1429 237 1576 265 maximam
1592 238 1654 266 tidei
1673 237 1802 266 faciendae

175 295 234 320 γοις
249 284 298 317 τὰς
308 286 361 312 τῶν
375 286 536 322 θαυμαστῶν
551 287 702 321 φιλοσόφων
723 287 888 322 λογομαχίας
912 287 964 322 μά-

178 332 243 364 ῦοις,
257 332 306 364 τάς
320 341 349 358 τε
363 333 426 368 περὶ
441 332 542 368 ἀρχῶν,
558 334 604 359 καὶ
620 334 683 368 περὶ
699 333 778 364 θεῶν,
796 333 842 360 καὶ
855 333 904 368 τῆς
916 333 964 359 τοῦ

178 377 277 409 παντὸς
302 378 456 409 συστάσεως
484 378 640 412 διαφωνίας,
667 379 764 414 μικρὸν
789 379 837 414 μὲν
854 378 988 413 ὕστερον·

176 423 328 458 ἐκθήσομαι
341 431 381 449 σοι
404 423 453 455 τὰς
465 423 553 450 αὐτῶν
579 424 680 459 φωνάς.
706 423 816 460 Πρῶτον
837 423 858 449 δ’
871 423 964 459 ἐπειδὴ

177 469 370 504 περιφέρουσιν
398 469 453 496 ἀνω
481 469 527 496 καὶ
547 470 621 496 κάτω
637 469 813 506 θρυλλοῦντες
830 468 864 496 τὰ
879 468 966 505 μαθὴ-

179 523 262 551 ματα,
277 514 340 541 δεῖν
358 514 387 547 ἐξ
417 515 535 547 ἅπαντος
558 516 708 550 φάσκοντες
732 516 794 547 τοὺς
821 515 966 551 μέλλοντας

158 549 207 592 ξεν
220 561 306 596 πείρα,
320 560 371 595 τῆς
383 560 429 587 τοῦ
440 561 555 597 ἀληθοῦς
565 549 743 598 καταλήψεως
755 549 906 596 γίγνεσθαι,
922 570 966 597 με-

178 607 280 634 τελθεῖν
292 608 483 644 ἀστρονομίαν,
493 608 686 644 ἀριθμητικὴν,
702 609 883 644 γεωμετρίαν,
901 616 966 643 μου-

179 653 268 689 σικὴν,
284 653 353 680 αὑτά
367 653 400 690 δὴ
412 653 446 680 τὰ
462 654 536 690 παρὰ
550 654 693 690 βαρϐάρων
714 656 753 686 εἰς
770 654 869 685 αὐτοὺς
889 654 965 689 ἥκειν

177 699 371 735 ἀποδειχθέντα
391 699 503 735 (τούτων
527 701 581 736 γὰρ
594 700 658 727 ἄνευ
673 701 709 736 μὴ
729 700 856 728 δύνασθαι
876 700 965 733 λόγιον

177 746 263 782 ἄνδρα
277 747 324 773 καὶ
338 747 480 781 φιλόσοφον
506 746 729 782 ἀποτελεσθῆναι,
761 747 817 773 ἀλλ’
830 746 891 773 οὐδὲ
916 746 966 781 τῆς

177 792 233 819 τῶν
249 792 332 819 ὅντων
347 793 475 828 ἀληθείας
486 793 598 828 ψαῦσαι,
613 794 649 829 μὴ
665 793 766 820 τούτων
785 794 813 820 ἐν
827 792 899 828 ψυχῇ
915 792 966 826 τῆς

179 838 306 873 γνώσεως
322 838 566 875 προτυπωθείσης)“
594 838 643 866 εἶτ’
671 838 909 874 ὲπανατεινάμενοι
932 839 965 874 τῇ

180 885 298 921 μαθήσει
324 886 378 912 τῶν
397 886 560 921 εἰρημένων,
593 885 731 913 ὲπάὐτοῦ
753 885 892 921 μονονουχὶ
917 884 965 911 τοῦ

1018 287 1149 322 principia
1162 293 1214 312 non
1227 285 1347 318 aliunde,
1361 292 1443 319 quam
1458 292 1490 312 ex
1507 285 1726 319 conjecturarum
1738 293 1803 320 qua-

1018 333 1080 360 dam
1096 331 1285 366 probabilitate
1301 329 1419 358 ducant?
1448 329 1564 357 Fructus
1582 337 1664 365 porro
1680 331 1803 358 verbosa:

1018 377 1202 405 contentionis
1216 376 1327 411 quinam
1344 375 1511 407 ostenditur,
1529 375 1552 402 si
1569 375 1700 410 quidquid
1713 383 1728 402 a
1743 376 1804 410 phl-

1018 423 1138 458 losopliis
1152 423 1288 450 rationum
1311 421 1431 454 aﬂ'ertur,
1447 421 1473 448 id
1496 425 1582 448 totum
1596 426 1705 456 propter
1722 429 1804 457 argu-

1019 474 1073 497 tam
1086 469 1231 504 quamdam
1257 468 1283 495 in
1308 468 1436 495 omnibus
1455 467 1623 502 repugnandi
1653 467 1803 498 solertiam.

1019 514 1145 549 perfacile
1159 515 1194 541 sit
1210 513 1242 540 ad
1256 512 1457 540 refellendum?
1479 513 1543 540 Haec
1557 513 1631 540 enim
1645 513 1728 548 paulo
1742 517 1805 540 aute

1019 567 1072 586 non
1086 567 1101 586 a
1115 558 1258 591 nobis,sed
1274 558 1308 585 ab
1320 558 1373 585 illis
1387 558 1452 593 ipsis
1463 557 1516 585 dici
1533 558 1724 584 audiebantur.
1738 556 1805 590 Quae

1018 604 1127 638 quidem
1141 603 1275 638 ejusmodi
1289 610 1350 630 cttm
1361 603 1426 636 sint,
1436 610 1467 630 ea
1481 602 1604 637 profecto
1619 610 1673 630 non
1692 607 1804 634 temere,

1019 650 1066 677 sed
1081 654 1188 676 maturo
1203 649 1349 676 admodum
1373 649 1554 684 prudentique
1565 648 1686 684 judicio,
1713 648 1804 684 negle-

1019 695 1102 727 xisse,
1126 694 1248 723 Hebraeis
1270 700 1359 723 autent
1383 695 1495 723 haesisse
1521 695 1618 722 merito
1639 694 1804 722 videamur:

1020 750 1073 769 non
1087 743 1159 778 quod
1174 742 1221 770 abs
1235 743 1358 770 daemone
1377 741 1562 769 testimonium
1578 741 1734 771 habuerint.
1757 740 1806 769 sed

1019 788 1092 823 quod
1119 789 1146 814 in
1172 788 1205 815 iis
1226 788 1317 816 divina
1340 788 1420 823 plane
1442 787 1483 815 vis
1508 795 1541 814 ac
1557 790 1677 822 potestas
1689 787 1804 815 eluceat.

1020 835 1109 870 Atque
1126 840 1155 862 ut
1168 835 1296 862 verbosas
1319 835 1379 862 illas
1395 834 1566 869 egregiorum
1579 833 1806 868 philosophorum

1022 889 1137 917 pugnas,
1157 881 1244 916 deque
1258 880 1411 916 principiis,
1427 880 1460 907 de
1477 879 1547 912 diis,
1563 884 1591 906 et
1606 879 1726 906 universi
1742 886 1808 906 con-

178 931 288 967 αἰθέρος
303 931 404 966 βαίνειν
415 933 548 967 μετέωροι
560 932 688 968 ἀρθέντες
703 931 813 963 οἴονται,
824 931 860 963 ὡς
874 931 906 966 δὴ
922 931 966 958 τὸν

1021 927 1160 954 stitutiooe
1188 925 1373 953 disSensiones
1398 932 1493 960 reapse
1517 924 1684 960 perspicias,
1710 931 1806 952 eorum

178 977 245 1005 Θεὸν
259 977 338 1005 αὐτὸν
351 979 379 1004 ὲν
389 977 450 1010 -τοῖς
464 979 589 1014 ἀριθμοῖς
614 978 815 1014 περιφέροντες·
834 979 908 1013 ἡμᾶς
919 987 948 1004 τε
959 998 966 1010 ,

178 1024 220 1050 ὅτι
236 1024 273 1059 μὴ
288 1023 323 1050 τὰ
337 1021 416 1059 ὅμοια
443 1023 588 1060 ζηλοῦμεν,
613 1023 791 1059 βοσκημάτων
816 1025 875 1050 κατ’
894 1024 970 1050 οὐδὲν

178 1073 318 1109 διαφέρειν
330 1071 469 1108 ἡγοῦνταν
484 1072 570 1108 ταύτῃ
593 1071 621 1098 δέ
639 1080 704 1106 φασι
722 1070 788 1107 μηδὲ
813 1071 889 1103 Θεὸν,
906 1071 971 1107 μηδέ

177 1119 267 1145 τιτῶν
276 1117 381 1154 σεμνῶν
390 1118 463 1154 ἡμᾶς
474 1118 602 1144 δύνασθαι
614 1117 712 1144 εἰδέναι
725 1117 802 1152 φέρε,
813 1117 891 1144 τοῦτο
900 1116 972 1153 πρῶ-

179 1172 227 1190 τον
234 1164 284 1190 οὐκ
293 1162 379 1200 ὀρθῶς
393 1163 453 1199 ἔχον
463 1163 668 1198 ἀπευθύνωμεν,
678 1162 723 1189 τὸν
732 1162 817 1198 ἀληθῆ
829 1162 905 1196 λόγον
914 1163 973 1190 ἀντὶ

179 1208 269 1242 φωτὸς
291 1209 384 1240 αὐτοῖς
412 1208 637 1244 παραϐάλλοντες,
677 1208 706 1234 '0
729 1207 767 1239 δὲ,
785 1208 897 1243 μυρίους
923 1208 972 1242 μὲν

179 1254 324 1289 ’Έλληνας
337 1254 421 1290 μυρία
432 1254 459 1280 δὲ
469 1255 516 1281 καὶ
530 1254 675 1289 βαρϐάρων
689 1253 766 1288 γένη,
782 1253 846 1284 τοὺς
859 1253 909 1288 μὲν
923 1254 972 1280 σὺν

178 1301 236 1330 τοῖς
251 1299 404 1335 εἰρημένοις
427 1299 586 1336 μαθήμασιν
601 1299 662 1326 οὔτε
679 1298 756 1330 Θεὸν,
770 1298 832 1325 οὔτε
848 1298 972 1335 σώφρονα

180 1345 248 1380 βίον,
260 1345 316 1372 οὗθ’
336 1346 403 1378 ὅλως
420 1355 445 1372 τι
472 1345 527 1372 τῶν
539 1346 685 1381 βελτίστων
711 1345 758 1372 καὶ
779 1345 972 1380 συμφερόντων

178 1391 340 1426 ὲπιγνόντας
356 1391 501 1425 ἀποδείξει’
513 1392 577 1424 τοὺς
599 1392 625 1418 δὲ
641 1391 694 1418 τῶν
712 1390 881 1427 μαθημάτων
894 1390 972 1423 ἐκτὸς

179 1437 507 1471 πάντωνεὺσεϐεστάτους
519 1438 565 1465 καὶ
576 1437 810 1472 φιλοσοφωτάτους
819 1437 968 1471 γεγονέναι.

185 1483 216 1510 '0
224 1483 289 1518 γοῦν
298 1484 373 1520 παρὰ
384 1485 465 1511 πᾶσιν
478 1485 569 1516 αὐτοῖς
582 1484 711 1519 ᾁδόμενος
724 1483 882 1518 Σωκράτης,
895 1483 970 1514 ὅπως

179 1530 245 1556 ποτὲ
263 1528 371 1563 ἐδόξαζε
382 1531 445 1566 περὶ
452 1530 545 1563 τῶνδε,
560 1530 654 1566 μάθοις
663 1530 696 1556 ἂν
704 1529 937 1564 Ξενοφῶντιπιστε
942 1529 971 1555 ύ-

179 1584 239 1607 σας,
257 1577 284 1602 ὲν
305 1577 618 1611 Ἀπομνημονεύμασιν
632 1572 683 1604 ὦδέ
697 1584 735 1611 πη
750 1574 912 1610 ἱστοροῦντι.

1022 973 1069 1000 tibi
1087 972 1168 1006 paulo
1183 976 1244 1006 post
1258 971 1394 1006 ipsissima
1405 971 1486 998 verba
1507 970 1662 1005 subjiciam.
1685 969 1807 997 Primum

1024 1024 1124 1049 tamen,
1141 1018 1270 1052 quoniam
1285 1016 1475 1043 mathematica
1489 1016 1534 1043 illa
1546 1023 1595 1044 sua
1611 1020 1751 1051 tantopere
1766 1017 1810 1051 ja-

1023 1069 1096 1092 ctare
1120 1064 1229 1095 solent,
1255 1070 1423 1097 prorsusque
1440 1063 1625 1089 necessarium
1649 1070 1710 1090 esse
1732 1063 1809 1090 dicti-

1024 1115 1092 1141 tant,
1108 1114 1138 1136 ut
1151 1109 1276 1143 quisquis
1293 1108 1610 1143 comprehendendi-veri
1625 1108 1715 1135 studio
1734 1112 1810 1135 tene-

1024 1156 1113 1187 bitur,
1141 1154 1355 1186 astronomiam,
1381 1153 1598 1186 arilhmeticam,
1619 1154 1809 1188 geometriam,

1024 1201 1170 1233 musicam,
1188 1200 1231 1226 illa
1252 1199 1380 1226 nimirum
1393 1200 1462 1234 ipsa,
1483 1207 1544 1234 qua:
1562 1200 1593 1227 ad
1615 1207 1663 1227 eos
1677 1207 1692 1227 a
1709 1200 1808 1227 barba—

1024 1245 1062 1272 ris
1078 1245 1196 1279 profecta
1209 1251 1270 1271 esse
1284 1245 1341 1278 jam
1357 1244 1527 1271 ostendimus
1537 1265 1544 1278 ,
1561 1251 1740 1280 persequatur
1754 1245 1813 1280 (his

1022 1291 1093 1318 enim
1104 1291 1150 1325 qui
1165 1290 1279 1324 carebit,
1287 1290 1396 1317 doctum
1406 1289 1609 1325 perfectumque
1618 1291 1810 1326 philosophum

1022 1344 1082 1363 esse
1103 1335 1256 1368 neminem,
1275 1336 1330 1362 imo
1352 1343 1442 1362 rerum
1467 1336 1608 1363 veritatem
1621 1344 1655 1363 ne
1679 1337 1809 1371 primori-

1022 1382 1073 1410 bus
1089 1383 1198 1417 quidem
1213 1382 1298 1409 labris
1312 1381 1457 1416 degustare
1475 1389 1567 1416 posse,
1580 1382 1633 1409 nisi
1648 1382 1694 1416 qui
1711 1382 1812 1409 harum

1022 1434 1084 1456 ante
1098 1436 1188 1456 rerutn
1205 1429 1297 1454 animo
1312 1427 1492 1462 cognitionem
1507 1427 1685 1463 impresserit)
1697 1436 1703 1454 :
1713 1427 1814 1455 deinde

1025 1475 1095 1502 hanc
1109 1481 1219 1501 suarum
1235 1473 1334 1500 artium
1352 1473 1477 1508 peritiam
1493 1473 1711 1508 magniﬁcentius
1720 1478 1811 1500 osten-

1024 1525 1128 1548 tantes.
1149 1520 1248 1547 mthcre
1269 1527 1329 1547 sese
1351 1519 1441 1546 tnedio
1464 1519 1593 1546 sublimes
1616 1519 1814 1554 propemodum

986 1572 1007 1601 C
1026 1573 1159 1606 incedere,
1175 1572 1350 1607 numerisque
1363 1572 1421 1599 suis
1436 1572 1523 1606 ipsunt
1538 1579 1647 1607 quoque
1661 1571 1744 1599 Deum
1757 1572 1811 1600 cir-

180 1621 317 1649 cumferre
343 1623 526 1650 arbitrantur:
542 1629 592 1650 nOs
625 1630 689 1650 vero
711 1622 758 1657 qui
792 1621 920 1649 similium
948 1621 1151 1655 diseiplinarutn
1179 1626 1270 1646 amore
1301 1626 1354 1646 non
1373 1618 1533 1652 ﬂagremus,
1555 1617 1816 1653 nihilapecudibuc

179 1668 278 1696 abesse
289 1669 454 1701 existimant,
471 1669 572 1703 Deique
583 1673 723 1704 propterea
735 1675 885 1702 nunquam,
914 1674 1054 1701 nunquam
1079 1665 1117 1693 rei
1141 1665 1222 1699 paulo
1246 1664 1379 1699 gravioris
1403 1665 1525 1691 notitiam
1548 1669 1724 1699 percepturos
1751 1672 1816 1693 esse

180 1714 359 1748 pronuntiant
381 1723 387 1741 :
410 1714 488 1750 743
503 1723 561 1750 age,
578 1715 629 1743 hoc
648 1716 736 1750 ipsum
764 1722 846 1749 quam
878 1720 991 1748 pravum
1011 1712 1046 1739 sit
1082 1715 1162 1745 atque
1176 1711 1339 1742 distortum,
1355 1718 1417 1737 vera
1430 1710 1540 1738 luminis
1554 1711 1615 1738 loco
1629 1711 1733 1738 ratione
1747 1719 1813 1746 pro-

181 1761 283 1796 posita.
301 1761 483 1796 siclanquam
507 1762 540 1789 ad
562 1761 678 1788 libellam
706 1768 738 1788 ac
758 1761 878 1795 regulam
905 1758 1057 1792 exigamus.
1086 1756 1144 1783 Erit
1172 1764 1202 1783 ea
1222 1756 1330 1790 quidem
1353 1756 1497 1791 ejusmodi,
1522 1764 1582 1791 qua:
1608 1756 1717 1784 Crte-cos
1733 1759 1808 1784 innu-
1856 1757 1862 1763 '

181 1806 339 1838 merabiles,
366 1806 539 1842 inﬁnitosqtte
561 1807 693 1834 barbaros
721 1807 876 1841 complexa;
906 1803 975 1831 alios
1005 1805 1112 1830 tametsi
1136 1802 1170 1830 ab
1197 1802 1239 1829 his
1265 1801 1369 1828 artibus
1400 1802 1587 1836 doctrinisque
1612 1807 1740 1836 paratos,
1763 1812 1816 1831 nec

182 1852 268 1879 Deum
290 1860 425 1887 unquam,
455 1861 503 1880 nec
526 1854 645 1880 honesta:
675 1853 736 1880 vita:
766 1853 901 1885 rationes,
926 1859 975 1878 nec
1009 1850 1120 1877 omnino
1147 1849 1306 1883 pra'clarum
1332 1852 1359 1874 et
1379 1848 1443 1874 utile
1463 1848 1610 1882 quidquam
1640 1849 1813 1883 percepisse;

182 1899 268 1932 alios,
286 1904 315 1926 ut
327 1899 361 1926 ab
376 1899 496 1926 onmium
520 1899 723 1934 disciplinarum
753 1899 879 1933 praesidio
908 1897 1028 1925 destituti
1056 1900 1158 1927 essent,
1186 1894 1408 1929 religiOsissimos
1422 1898 1510 1920 tamen
1538 1901 1570 1920 ac
1594 1894 1813 1929 sapientissimos

182 1947 321 1975 exstitisse
342 1947 519 1974 demonstret.
552 1947 710 1980 Enimvero,
736 1955 860 1982 quanam
877 1947 928 1973 hoc
957 1947 982 1973 in
1014 1953 1112 1980 genere
1132 1944 1253 1971 Socratis
1277 1943 1365 1976 illius,
1384 1943 1429 1977 qui
1450 1943 1484 1969 ab
1506 1942 1565 1969 istis
1579 1943 1707 1970 omnibus
1723 1947 1811 1970 tanto-

183 2002 250 2029 pere
264 1995 427 2026 celebratur.
457 1995 588 2022 sententia
606 1994 697 2028 fuerit,
715 2003 729 2022 e
744 1994 924 2030 Xenophonte
940 1994 1083 2028 intelliges,
1110 1992 1133 2020 si
1151 1992 1230 2019 tnodo
1258 1992 1282 2018 ei
1310 1992 1368 2018 suis
1397 1992 1423 2018 in
1441 1989 1656 2018 Memorabilibus
1679 1991 1736 2019 haec
1750 1993 1815 2022 scri_

183 2041 259 2068 benti
276 2041 355 2068 [idem
367 2040 515 2068 adhibebis.

445 2086 641 2114 ΚΕΦΑΛΛΙΟΝ
660 2087 711 2114 IA’.

184 2133 254 2167 Περὶ
269 2134 454 2168 γεωμετρίας,
464 2132 730 2167 κιιὶάστρωὊμίας.
744 2132 792 2159 καὶ
808 2131 970 2166 λογισμῶν.

233 2168 298 2195 Ἀπὸ
321 2168 380 2194 τῶν
401 2169 701 2204 Ἀπομνημονευμάτων
718 2168 918 2202 Ξενοφῶντος.

223 2224 233 2240 ι
259 2214 396 2240 Ἐδίδασκε
406 2214 433 2240 δὲ
445 2214 511 2250 (50),
528 2215 575 2240 καὶ
587 2214 682 2250 μέχρις
694 2215 754 2240 ὅτου
772 2215 825 2240 δέοι
843 2214 972 2249 ἔμπειρον
989 2230 1010 2257 Β

185 2259 254 2287 εἶναι
271 2260 387 2286 ἑκάστου
408 2260 569 2295 πράγματος
588 2261 632 2286 τὸν
645 2260 732 2296 ὀρθῶς
748 2261 972 2295 πεπαιδευμένον.

185 2306 290 2332 Αὐτίκα
304 2305 473 2340 γεωμετρίαν
487 2305 566 2341 μέχρι
592 2305 640 2341 μὲν
655 2306 748 2332 τούτου
773 2306 824 2341 ἔφη
837 2306 890 2332 δεῖν
912 2314 973 2341 μαν-

186 2352 287 2384 θάνειν,
300 2352 352 2382 ἕως
370 2351 460 2382 ἱκανός
485 2360 527 2383 τις
549 2351 663 2385 γένοιτο,
681 2351 780 2378 εἴποτε
792 2352 906 2388 δεήσειε,
922 2352 974 2387 γῆν

186 2399 279 2435 μέτρῳ
291 2398 377 2434 ὀρθῶς
397 2397 413 2432 ἢ
430 2398 607 2433 παραλαϐεῖν,
620 2399 636 2432 ἢ
654 2398 828 2433 παραδοῦναι,
844 2399 860 2434 ἢ
876 2398 974 2424 διανεῖ-

186 2454 245 2480 μαι,
259 2445 276 2479 ἢ
291 2444 370 2480 ἔργον
383 2444 531 2476 ἀποδεῖξαι.
547 2444 624 2471 Οὕτω
640 2444 668 2470 δὲ
680 2444 759 2470 τοῦτο
777 2444 866 2480 ῥᾴδιον
880 2444 974 2479 μαθεῖν

184 2488 264 2521 εἶναι,
279 2490 348 2516 ὥστε
360 2490 406 2516 τὸν
421 2489 588 2525 προσέχοντα
603 2490 649 2516 τὸν
680 2489 742 2516 νοῦν
772 2491 804 2525 τῇ
832 2490 972 2525 μετρήσει,

184 2533 245 2569 ἅμα
257 2535 306 2569 τήν
319 2543 348 2560 τε
363 2534 415 2569 γῆν
427 2534 514 2569 ὁπόση
531 2535 604 2560 ἐστὶν
618 2535 727 2566 εἰδέναι,
743 2535 789 2561 καὶ
816 2535 853 2566 ὡς
867 2536 974 2570 μετρεῖ-

183 2588 230 2607 ται
242 2580 420 2615 ἐπιστάμενον
435 2580 553 2607 ἀπιέναι.
565 2580 601 2606 Τὸ
610 2580 638 2606 δὲ
650 2581 731 2616 μέχρι
743 2580 798 2606 τῶν
808 2580 972 2613 δυσξυνέτων

223 2657 279 2692 (50)
301 2657 457 2685 Ἐδίδασκε
469 2657 512 2685 δέ.
530 2657 679 2692 Xenophon
696 2658 860 2686 Memorabil.
874 2659 920 2686 lib.
935 2667 971 2690 tv,

185 2700 247 2727 pag.
263 2692 316 2719 8M-
339 2693 368 2718 B.
392 2693 533 2726 Quatenus
554 2701 647 2720 earum
668 2694 852 2721 doctrinarum
875 2694 972 2722 studiis

185 2727 308 2764 eruditos
330 2735 391 2764 esse
411 2733 535 2764 oporteat
557 2728 660 2763 reipub.
683 2729 827 2764 principes.
850 2729 971 2764 pluribus

185 2771 201 2789 a
228 2762 340 2789 Platone
364 2763 410 2790 lib.
434 2763 472 2790 De
499 2762 780 2799 repubfdisputatur.
807 2762 972 2799 Λογιπικῆς

185 2805 321 2824 summam
345 2799 525 2831 cognitionem
553 2806 613 2826 esse
637 2798 711 2832 jubet
745 2800 901 2833 geometria:
928 2798 971 2826 se-

186 2833 277 2870 cundo
290 2833 359 2870 loco
378 2833 436 2870 dari
452 2841 572 2870 operam,
587 2838 721 2868 quatenus
741 2834 808 2869 πρὸς
825 2834 874 2866 τὰς
893 2843 971 2870 στρα-

185 2867 613 2911 comite'ﬁ‘setc,'xaia1alﬁtkstg
640 2867 827 2911 Kmptwvixp‘tl.
851 2867 971 2904 συναγω-

187 2902 248 2937 τὰς,
262 2903 309 2930 καὶ
323 2903 446 2936 ἐκτάσεις
462 2902 599 2940 στρατιᾶς,
617 2902 662 2931 καὶ
679 2902 728 2931 ὅσα
744 2904 774 2939 δὴ
787 2905 852 2932 ἄλλα
868 2902 968 2936 synna-

1333 2081 1448 2109 CAPUT
1462 2081 1506 2108 XI.

1026 2140 1064 2167 De
1076 2140 1228 2176 geometria,
1241 2140 1405 2176 uslronomia
1417 2145 1441 2166 rt
1463 2144 1594 2176 computa,
1608 2148 1620 2166 ρ
1632 2139 1814 2174 Xenophontis

1314 2174 1546 2201 Mentorahilibus.

1065 2231 1073 2247 ι
1093 2220 1219 2254 Docebat,
1239 2220 1325 2255 inquit
1339 2220 1393 2252 ille,
1411 2225 1551 2254 przeterea,
1568 2225 1702 2254 quatenus
1718 2221 1813 2255 cujus—

1025 2275 1078 2302 que
1100 2267 1138 2293 rei
1166 2266 1281 2302 perittun
1310 2272 1371 2293 esse
1398 2266 1535 2292 hominem
1563 2265 1631 2293 bene
1656 2266 1813 2293 institutum

1024 2316 1172 2346 oporteret.
1203 2310 1340 2345 Principio
1371 2311 1525 2346 geometriae
1555 2311 1671 2338 dandam
1700 2316 1815 2340 eatenus

1025 2363 1135 2390 operam
1160 2364 1221 2384 esse
1243 2356 1360 2388 dicebat,
1389 2360 1418 2382 ut
1434 2356 1456 2383 si
1476 2356 1585 2390 quando
1606 2364 1649 2382 res
1677 2361 1811 2390 posceret,

1025 2403 1177 2429 dimensam
1196 2403 1246 2429 rite
1272 2407 1370 2428 terram
1396 2402 1437 2428 vel
1467 2402 1589 2436 accipere
1605 2402 1638 2428 ab
1669 2402 1742 2434 alio,
1769 2402 1811 2429 vel

1025 2447 1070 2474 alii
1085 2448 1200 2479 tradere,
1218 2447 1258 2474 \‘el
1272 2454 1331 2474 eam
1350 2446 1480 2478 dividere,
1495 2447 1537 2473 vel
1554 2455 1622 2481 opus
1638 2447 1746 2481 aliquod
1762 2448 1811 2474 de-

1024 2494 1132 2528 signare
1150 2499 1250 2528 posset.
1269 2492 1296 2520 Id
1323 2500 1404 2528 porro
1429 2498 1482 2519 tam
1507 2501 1567 2520 esse
1592 2493 1625 2520 ad
1652 2494 1810 2522 discendum

1024 2540 1112 2572 facile,
1129 2544 1158 2566 ut
1175 2539 1220 2574 qui
1236 2539 1433 2566 dimensionem
1448 2539 1586 2565 attendere
1599 2539 1724 2571 voluerit,
1740 2540 1811 2568 idem

1023 2585 1105 2612 simul
1120 2590 1148 2612 et
1158 2589 1259 2620 quanta
1275 2585 1311 2611 sit
1323 2589 1402 2611 terrre
1417 2584 1576 2619 magnitudo
1587 2585 1696 2620 assequi
1708 2586 1811 2620 possit;

1021 2661 1124 2696 τίζουσι
1145 2664 1179 2690 τὰ
1196 2663 1375 2699 στρατόπεδα.
1391 2662 1517 2699 conferre
1539 2666 1636 2696 potest.
1662 2663 1699 2690 De
1722 2667 1811 2690 astro-

1022 2701 1113 2734 nomia
1133 2700 1198 2734 quid
1219 2698 1331 2730 statuat,
1357 2698 1555 2734 subobscuram
1568 2703 1637 2734 est,
1663 2699 1714 2734 nisi
1737 2699 1810 2734 quod

1021 2731 1150 2769 ἄντικρυς
1173 2741 1279 2770 parum»
1291 2733 1436 2770 admodum
1460 2731 1524 2770 περὶ
1545 2732 1687 2770 τὰ-ἐνντῷ
1703 2731 1812 2770 οὐρανῷ

1022 2767 1146 2796 curiosos
1163 2767 1222 2796 esse
1238 2767 1313 2801 vult;
1331 2773 1412 2802 atque
1429 2767 1456 2794 in
1473 2768 1524 2795 illis
1538 2767 1689 2795 ctL-lestiutn
1702 2767 1808 2796 orhium

1022 2813 1054 2831 ac
1068 2805 1187 2831 siderum
1204 2803 1439 2835 conversionibus,
1457 2803 1580 2830 umbram
1603 2804 1692 2838 potius
1708 2809 1754 2830 attt
1770 2805 1809 2831 si-

1023 2839 1202 2866 militudinem
1227 2839 1364 2869 veritatis,
1389 2846 1472 2873 quam
1496 2838 1640 2872 ipsammet
1669 2840 1808 2867 veritatem

1022 2875 1153 2910 agnoscit.
