2061 3210
277 165 288 193 1
293 165 347 193 ἓΞδ

609 162 743 190 ΕυδΕΒΙΙ
752 162 1000 189 ’(ΣΛΞΒᾹΠΙΕΝΞΙΒ
1015 162 1064 190 ΟΡ]

1118 161 1210 188 rans
1229 161 1260 188 ιι.
1278 144 1573 189 —.\r01.oct:'rtca.

1837 162 1902 189 129.4

275 227 302 248 et
317 229 441 257 quamam
457 221 517 255 ejus
538 221 680 247 metiendre
698 220 767 246 ratio
786 221 902 247 breviter
918 221 1064 248 admodum

1117 219 1333 254 διαγραμμάτων
1347 220 1518 254 γεωμετρίαν
1541 219 1683 254 μανθάνειι.
1698 217 1903 252 ἀπεδοκίμαζεν·

274 269 454 303 expediteque
469 274 642 302 cognoscere.
659 267 694 293 At
712 267 833 301 ejusdem
857 267 884 293 in
907 267 1064 302 geometriae

275 315 378 347 studio,
394 315 427 341 ad
445 314 506 341 illas
522 321 608 348 usque
624 312 822 347 descriptiones
839 313 977 340 intellectu
994 312 1064 340 ditii-

275 360 387 388 c'rliores
400 367 566 395 quemquam
583 358 721 393 progredi.
738 358 844 386 Socrati
860 367 913 386 non
930 359 1062 394 placebat.

274 406 325 433 Cui
340 406 412 434 enim
439 406 511 433 bono
527 405 626 432 futura:
644 404 695 432 illa:
710 409 812 437 essent,
829 404 919 432 videre
935 412 974 436 se,
996 409 1066 431 tam-

274 453 324 480 etsi
352 460 387 479 ne
411 452 519 478 illarum
541 450 651 485 quidem
676 450 818 485 imperitus
836 455 917 483 esset,
938 450 1063 486 negabat.

274 498 432 530 Enimvero,
450 497 483 524 ad
511 496 723 523 exhauriendam
750 496 870 524 hominis
895 497 977 523 vitam
1002 504 1063 523 cum

274 545 343 573 satis
361 545 421 572 illas
433 552 504 577 esse,
525 549 581 572 tum
598 543 712 570 aliarum
729 543 837 570 interim
861 548 887 570 et
904 543 1022 578 plurium
1039 548 1066 570 et

275 592 417 618 utiliorum
444 591 632 618 doctrinarum
651 589 741 617 studia
769 589 911 624 impedire.
932 590 1065 617 Astrono—

274 639 356 666 iniam
372 638 497 665 similiter
510 641 624 664 eatenus
639 636 783 671 complecti
798 636 886 663 solum
900 636 1022 670 jubebat,
1037 640 1066 662 ut

274 684 375 716 noctis,
393 684 495 710 mensis
516 683 636 718 annique
662 687 785 716 tempora
803 689 992 716 cognOSCercs,
1021 686 1064 708 at—

271 738 327 765 que
344 729 426 764 hujus
442 729 606 764 cognitionis
627 736 688 764 ope,
711 729 735 756 si
757 728 867 764 quando
882 728 922 755 vel
948 728 1008 761 iter,
1024 729 1065 755 vel

274 775 412 810 navigatio
427 773 600 810 suscipienda
612 780 695 807 esset.
712 775 754 802 vel
777 775 889 810 agendze
905 774 994 801 forent
1018 783 1066 801 ex-

270 821 372 853 cubiae,
390 822 431 848 vel
449 821 476 848 in
492 821 566 848 aliud
584 821 729 856 quidlibet,
744 820 822 856 {quod
840 820 940 851 noctis,
963 821 1065 847 mensis

274 867 394 901 annique
409 866 498 901 spatio
513 866 570 893 ﬁeri
589 865 669 898 solet,
686 866 909 897 incumbendnm,
929 865 1015 900 signis
1030 865 1062 892 ad

1115 265 1129 291 ὃ
1146 274 1172 291 τι
1191 265 1239 299 μὲν
1254 264 1307 300 γὰρ
1317 265 1433 300 ὠῳελοίη
1451 264 1546 293 ταῦτα.
1560 264 1609 290 οὐκ
1630 264 1680 299 ἔφη
1700 265 1775 299 ὀρᾷν·
1799 263 1846 290 καί
1868 271 1906 289 τοι

1115 311 1164 337 οὐκ
1181 310 1293 346 ἄπειρός
1302 319 1333 344 γε
1348 310 1437 337 αὐτῶν
1453 308 1496 346 ἦν.
1513 310 1584 345 Ἔφη
1613 309 1640 336 δὲ
1659 309 1738 336 ἱκανὰ
1752 309 1822 336 αὑτὰ
1841 307 1908 336 εἶναι

1104 356 1260 393 ἀνθρώπου
1274 357 1330 392 βίον
1346 357 1531 392 κατατρίϐειν,
1541 357 1587 383 καὶ
1600 356 1687 383 ἄλλων
1702 356 1806 383 πολλῶν
1818 365 1847 382 τε
1863 356 1908 383 καὶ

1115 402 1260 439 ὠφελίμων
1278 403 1445 438 μαθημάτων
1464 402 1641 430 ἀποκωλύειν.
1660 402 1785 429 Ἐκέλευε
1811 402 1840 429 δὲ
1864 402 1908 429 καὶ

1116 449 1298 485 ἀστρονομίας
1313 448 1463 485 ἐμπείρους
1479 448 1688 484 γίγνεσθαι,καὶ
1700 448 1803 483 ταύτης
1818 448 1907 484 μέντοι

1118 495 1197 530 μέχρι
1212 494 1259 521 τοῦ
1272 495 1369 526 νυκτός
1384 504 1413 521 τε
1427 495 1511 530 ὥραν,
1529 495 1575 522 καὶ
1594 495 1688 531 μηνὸς,
1712 495 1760 521 καὶ
1785 494 1907 521 ἐνιαυτοῦ

1115 541 1245 567 δύνασθαι
1284 540 1439 575 γινώσκειν,
1469 542 1550 568 ’ἑνεκα
1579 540 1636 572 τοῦ,
1668 540 1781 576 πορείας
1801 549 1831 567 τε
1864 541 1908 567 καὶ

1116 586 1194 618 πλοῦ,
1208 587 1254 614 καὶ
1271 587 1405 622 φυλακῆς,
1424 588 1471 614 καὶ
1483 588 1533 614 ὅσα
1552 587 1647 623 ἄλλαῆ
1660 586 1767 619 νυκτὸς,
1782 586 1799 622 ἦ
1815 587 1907 621 μηνὸς,

1116 633 1267 668 ἢὲνιαυτοῦ
1295 634 1454 669 πράττεται,
1470 633 1538 669 πρὸς
1557 633 1634 660 ταῦτ’
1657 633 1729 668 ἔχειν
1750 633 1907 668 τεκμηρίοις

1116 679 1243 715 χρῆσθαι,
1263 680 1312 711 τὰς
1329 680 1403 716 ὧρας
1430 680 1483 706 τῶν
1503 680 1656 716 εἰρημένων
1684 679 1906 714 διαγινώσκοντα.

1117 727 1172 752 Καὶ
1188 726 1274 753 ταῦτα
1285 726 1313 753 δὲ
1325 727 1415 762 ῥᾴδιον
1433 725 1527 761 μαθεῖν
1542 726 1618 761 παρά
1627 734 1658 752 τε
1668 725 1851 762 νυκτοθηρῶν,
1863 725 1909 752 καὶ

1116 772 1301 808 κυϐερνητῶν,
1319 773 1365 799 καὶ
1379 772 1466 799 ἄλλων
1483 771 1599 804 πολλῶν,
1615 769 1656 803 οἷς
1680 771 1809 806 ἐπιμελὲς
1825 770 1908 797 ταῦτα

1117 818 1224 845 εἰδέναι.
1243 818 1280 845 Τὸ
1296 818 1323 844 δὲ
1338 819 1419 854 μέχρι
1434 818 1529 845 τούτου
1555 817 1736 854 ἀστρονομίαν
1751 816 1908 852 μανθάνειν,

1118 864 1198 900 μέχρι
1212 864 1260 892 τοῦ
1277 864 1322 891 καὶ
1336 864 1370 890 τὰ
1388 864 1425 900 μὴ
1441 864 1469 890 ἐν
1481 865 1514 900 τῇ
1530 864 1599 899 αὐτῇ
1613 863 1748 898 περιφορᾷ
1771 862 1845 891 ὂντα,
1863 861 1909 887 καὶ

270 921 304 939 ea
321 913 412 939 omnia
434 912 492 939 suis
512 919 627 946 qumque
657 912 826 946 temporibus
841 911 977 942 obeunda,
1005 919 1064 938 cer-

1117 911 1179 942 τοὺς
1196 910 1333 945 πλανήτας
1355 911 1403 937 καὶ
1435 910 1626 946 ἀσταθμήτους
1648 909 1766 944 ἀστέρας
1789 908 1907 941 γνῶναι,

272 958 389 984 tioribus
407 957 617 992 uterere.Atqui
636 957 694 984 haec
709 957 794 984 nihilo
807 956 943 984 ditlieilins
957 962 1010 983 tam
1031 964 1064 983 ex

272 1002 414 1030 nocturnis
443 1002 628 1035 venatoribus,
652 1010 734 1036 quam
763 1010 797 1028 ex
826 1003 936 1029 navium
964 1002 1064 1037 guber-

270 1049 437 1080 natoribus,
467 1052 494 1075 et
525 1048 586 1076 aliis
612 1048 822 1083 quamplurimis
854 1047 935 1084 7M
969 1048 1064 1075 resciri

275 1102 366 1129 posse,
382 1101 398 1121 a
413 1093 514 1129 quibus
531 1101 627 1121 eorum
644 1093 769 1128 peritiam
784 1101 841 1120 sure
855 1093 988 1127 cujusque
1003 1101 1065 1128 par-

270 1145 315 1168 tes
339 1140 512 1175 olﬁciumque
537 1139 677 1175 deposcat.
703 1140 738 1166 At
763 1139 886 1166 eamdem
918 1144 1003 1166 artem
1031 1147 1064 1166 eo

272 1194 360 1221 usque
374 1186 512 1221 persequi,
527 1185 592 1213 dum
609 1194 640 1213 ea
656 1193 717 1220 quze
733 1193 788 1212 non
805 1184 902 1213 eodem
919 1189 993 1212 motu
1008 1185 1063 1212 cir-

272 1232 480 1264 cumferantur,
505 1233 653 1267 stellasque
676 1231 760 1259 simul
785 1236 907 1259 errantes
931 1235 956 1259 et
981 1239 1064 1266 vagas

272 1280 438 1314 distinguere
465 1279 584 1311 noveris,
600 1279 724 1314 adeoque
751 1279 776 1305 in
802 1285 896 1306 earum
921 1277 971 1305 abs
991 1283 1063 1305 terra

273 1325 435 1358 intervallis,
456 1325 693 1357 conversionibus,
712 1324 858 1359 causisque
877 1323 1009 1351 rimandis
1027 1331 1064 1350 a3-

274 1375 358 1398 tatem
375 1371 500 1404 viresque
513 1377 677 1396 consumere
689 1377 697 1402 ;
711 1369 737 1396 id
757 1376 821 1396 vero
835 1369 954 1403 graviter
970 1369 1064 1403 impri-

273 1415 325 1442 mis
340 1423 373 1442 ac
390 1414 461 1442 serio
480 1414 653 1448 prohibebat,
670 1413 742 1448 quod
761 1413 864 1441 nullum
881 1413 963 1449 hujus
980 1415 1062 1441 etiam

273 1468 363 1496 opera:
374 1460 491 1495 pretium
506 1461 618 1492 videret,
637 1459 745 1488 tametsi
760 1468 793 1487 ne
820 1460 846 1487 in
872 1460 932 1488 istis
953 1461 1062 1495 quidem

274 1507 356 1534 rebus
379 1507 478 1541 hospes
503 1508 562 1541 ipse
579 1514 611 1534 ac
631 1506 792 1542 peregrinus
815 1511 898 1534 esset.
929 1506 1062 1540 Addebat,

273 1552 449 1579 conﬁciendae
466 1551 586 1579 hominis
599 1552 660 1579 vitae
671 1552 732 1580 illas
744 1560 854 1588 quoque
865 1553 933 1580 satis
945 1552 1062 1585 futuras,

270 1605 336 1633 qua:
351 1598 459 1624 interim
476 1605 491 1624 a
509 1597 634 1632 pluribus
647 1598 856 1633 utiliorihusque
879 1599 976 1626 studiis
995 1607 1062 1626 avo-

271 1649 377 1671 carent.
400 1643 540 1672 Postremo
562 1644 664 1679 quibus
680 1645 800 1672 coalestia
824 1653 940 1680 qumque
962 1653 1062 1673 numen

273 1688 430 1716 rationibus
453 1688 633 1720 moderetur,
659 1689 814 1724 investigari
840 1690 966 1723 nolebat,
991 1691 1064 1725 quod

224 1748 233 1755 λ
275 1743 337 1763 cum
349 1743 381 1762 eo
401 1735 435 1762 ab
451 1735 609 1762 hominibus
623 1736 738 1770 aspir-ari
754 1744 808 1763 non
825 1744 913 1771 posse,
935 1742 992 1764 tum
1011 1738 1064 1764 mi-

276 1790 327 1809 nus
342 1789 404 1808 eum
420 1781 472 1808 diis
490 1781 598 1816 probari
613 1781 793 1816 existimaret,
806 1783 852 1817 qui
867 1791 928 1817 qua:
940 1788 1064 1818 prompta

277 1833 396 1862 notaque
410 1835 470 1855 esse
487 1828 650 1861 noluissent,
667 1828 827 1863 inquireret.
841 1827 896 1856 Nec
910 1830 1000 1856 minus
1014 1830 1063 1862 illi,

276 1881 358 1909 quem
376 1881 408 1900 ea
425 1873 615 1902 vehementius
634 1882 700 1901 cura
716 1874 869 1906 distineret,
889 1875 1000 1902 insania:
1018 1883 1066 1910 pc-

276 1919 394 1947 rieulum
419 1919 562 1947 imminere
587 1921 704 1954 dicebat,
723 1928 804 1955 quam
821 1920 1000 1957 Anaxagorte,
1018 1921 1066 1956 qui

275 1966 428 2001 explicatas
446 1966 494 1994 abs
509 1975 539 1994 se
558 1967 670 1994 deorum
687 1967 828 1994 machinas
844 1971 985 2002 tantopere
1009 1968 1065 2003 glo-

277 2011 412 2039 riabatur.
435 2011 551 2047 Quippe,
575 2012 640 2039 dum
664 2012 752 2047 ignem
779 2018 861 2047 atque
882 2013 967 2040 solem
995 2013 1064 2041 idem

277 2064 340 2084 esse
362 2057 475 2089 diceret,
494 2057 630 2084 nesciebat
647 2057 750 2091 utique,
768 2056 856 2091 ignem
886 2057 1010 2085 homines
1025 2058 1066 2084 vi-

279 2103 344 2130 dere
359 2102 497 2137 perfacile,
520 2103 604 2129 solem
622 2107 711 2129 tamen
728 2103 871 2130 adversum
893 2103 994 2130 intueri
1012 2111 1065 2130 non

279 2156 382 2184 posse:
401 2149 448 2184 qui
473 2149 499 2176 in
516 2149 573 2176 sole
599 2149 767 2183 apricantur,
788 2156 836 2177 eos
861 2150 979 2177 colorem
1005 2150 1067 2178 inde

279 2191 427 2227 nigriorem
441 2192 615 2225 contrahere,
631 2192 677 2227 qui
701 2200 734 2219 ex
751 2193 812 2227 igne
836 2201 890 2220 non
916 2199 1064 2229 sequatur:

1116 958 1161 983 xxi
1176 957 1225 988 τὰς
1246 957 1410 988 ἀποστασεις
1426 956 1516 984 αὐτῶν
1542 956 1596 984 ἀπὸ
1626 955 1676 991 τῆς
1704 955 1765 990 γῆς,
1788 953 1837 980 καὶ
1860 954 1908 986 τὰς

1115 1002 1266 1037 περιόδους,
1282 1002 1329 1029 καὶ
1345 1002 1393 1034 τὰς
1409 1002 1498 1034 αἰτίας
1511 1001 1601 1028 αὐτῶν
1628 999 1759 1036 ζητοῦντα
1781 999 1910 1034 κατατρί-

1116 1048 1223 1084 ϐεσθαι,
1241 1048 1359 1084 ἰσχυρῶς
1377 1049 1543 1084 ἀπέτρεπεν.
1577 1047 1716 1082 Ὠφέλειαν
1730 1046 1780 1081 μὲν
1796 1045 1850 1081 γὰρ
1867 1046 1910 1072 cl-

1115 1094 1209 1129 δεμίαν
1225 1094 1278 1121 οὐδ’
1294 1095 1323 1120 ὲν
1335 1094 1439 1126 τούτοις
1463 1093 1515 1129 ἔφη
1532 1094 1610 1129 όρᾷν,
1626 1092 1714 1119 καίτοι
1731 1091 1791 1118 οὐδὲ
1808 1093 1909 1118 τούτων

1115 1148 1146 1174 γε
1160 1140 1275 1175 ἀνήκοος
1288 1138 1332 1176 ἦν.
1357 1141 1429 1176 Ἔφη
1446 1140 1474 1166 δὲ
1489 1140 1535 1167 καὶ
1547 1139 1633 1166 ταῦτα
1651 1139 1731 1166 ἱκανὰ
1741 1137 1813 1166 εἶναι
1827 1149 1909 1166 κατα-

1114 1187 1218 1221 τρίϐειν
1246 1186 1391 1222 ἀνθρώπου
1419 1186 1486 1221 βίον,
1503 1186 1551 1213 καὶ
1572 1185 1676 1212 πολλῶν
1694 1185 1741 1212 καὶ
1761 1185 1908 1221 ὠφελίμων

1115 1232 1293 1259 ἀποκωλύειν.
1310 1232 1397 1264 Ὅλως
1412 1232 1440 1258 δὲ
1457 1231 1511 1258 τῶν
1527 1232 1661 1267 οὐρανίων
1704 1231 1806 1257 ἕκαστα
1817 1232 1832 1258 ὁ
1844 1232 1908 1261 Θεὸς

1117 1280 1280 1314 μηχανᾶται,
1305 1277 1467 1314 φροντιστὴν
1490 1278 1631 1312 γίγνεσθαι
1661 1277 1828 1313 ἀπέτρεπεν·
1847 1277 1907 1304 οὔτε

1115 1325 1169 1360 γὰρ
1183 1324 1282 1359 εὑρετὰ
1298 1323 1452 1359 ἀνθρώποις
1464 1323 1532 1350 αὐτὰ
1551 1323 1674 1358 ἐνόμιζεν
1687 1323 1768 1355 εἶναι,
1783 1322 1846 1350 οὔτε
1860 1333 1907 1360 χα-

1116 1371 1236 1406 ρίζεσθαι
1249 1369 1319 1401 Θεοῖς
1335 1369 1368 1396 ἂν
1383 1370 1474 1405 ἡγεῖτο
1483 1370 1529 1397 τὸν
1547 1370 1690 1407 ζητοῦντα,
1712 1371 1730 1399 ἃ
1746 1373 1844 1399 ἐκεῖνοι
1862 1380 1908 1398 σα-

1115 1417 1226 1453 φηνίσαι
1237 1417 1287 1443 οὐκ
1298 1415 1492 1452 ἐϐουλήθησαν.
1509 1416 1689 1444 Κινδυνεῦσαι
1705 1417 1728 1444 δ’
1742 1418 1775 1444 ἂν
1789 1417 1852 1453 ἔφη,
1862 1418 1907 1444 καὶ

1116 1463 1326 1499 παραφρονῆσαι
1341 1463 1385 1489 τὸν
1397 1463 1483 1489 ταῦτα
1513 1463 1697 1498 μεριμνῶντα,
1718 1464 1794 1490 οὐδὲν
1810 1462 1906 1500 ἧττον,

1115 1507 1132 1543 ἢ
1156 1507 1339 1543 Ἀναξαγόρας
1353 1508 1568 1543 παρεφρόνησεν,
1596 1509 1610 1534 ὁ
1628 1509 1754 1543 μέγιστον
1769 1510 1907 1545 φρονήσας

1115 1554 1161 1580 ἐπὶ
1178 1553 1216 1589 τῷ
1227 1554 1276 1585 τὰς
1289 1553 1342 1580 τῶν
1356 1553 1426 1580 θεῶν
1447 1555 1572 1589 μηχανὰς
1601 1555 1767 1590 ἐξηγεῖσθαι.
1790 1557 1908 1588 Ἐκεῖνος

1115 1599 1170 1635 γὰρ
1183 1599 1269 1633 λέγων
1287 1599 1335 1634 μὲν
1348 1600 1378 1626 τὸ
1395 1600 1461 1627 αὐτὸ
1472 1598 1541 1627 εἶναι
1552 1601 1608 1636 πῦρ
1623 1609 1651 1628 τε
1666 1602 1712 1629 καὶ
1721 1602 1807 1636 ἥλιον,
1817 1603 1909 1636 ἠγνόει

1114 1645 1155 1672 ὅτι
1169 1645 1200 1671 τὸ
1213 1645 1262 1680 μὲν
1282 1644 1337 1680 πῦρ
1351 1646 1374 1672 οἱ
1386 1645 1524 1681 ἄνθρωποι
1550 1645 1649 1682 ῥᾳδίως
1671 1646 1822 1682 καθορῶσιν
1832 1668 1839 1680 ,
1870 1649 1908 1679 είς

1114 1691 1143 1718 δὲ
1155 1692 1200 1718 τὸν
1214 1691 1288 1726 ἥλιον
1313 1692 1343 1718 οὺ
1357 1691 1482 1719 δύνανται
1500 1692 1682 1720 ἀντιϐλέπειν.
1711 1694 1766 1721 Καὶ
1781 1694 1835 1720 ὑπὸ
1861 1695 1909 1730 μὲν

1114 1736 1162 1763 τοῦ
1177 1736 1252 1772 ἡλίου
1265 1736 1516 1772 καταλαμπόμενοι,
1540 1737 1574 1764 τὰ
1601 1738 1734 1774 χρώματα
1757 1739 1908 1776 μελάντερα

1116 1783 1234 1818 ἔχουσιν,
1255 1782 1307 1809 ὑπὸ
1324 1783 1352 1810 δὲ
1376 1783 1423 1810 τοῦ
1448 1785 1543 1820 πυρὸς,
1563 1784 1603 1811 οὗ.
1628 1785 1735 1819 Ἠγνόει
1751 1785 1780 1812 δὲ
1796 1786 1843 1812 καὶ
1867 1786 1908 1812 ὅτι

1115 1828 1170 1855 τῶν
1186 1830 1219 1856 ἐκ
1233 1829 1282 1864 τῆς
1296 1829 1349 1864 γῆς
1375 1830 1526 1865 φυομένων,
1553 1831 1616 1857 ἄνευ
1635 1831 1684 1867 μὲν
1715 1831 1789 1867 ἡλίου
1820 1832 1909 1867 αὐγῆς

1116 1875 1191 1902 οὐδὲν
1213 1874 1324 1902 δύναται
1350 1875 1440 1908 καλῶς
1459 1876 1596 1909 αὔξεσθαι,
1621 1877 1674 1903 ὑπὸ
1694 1877 1722 1904 δὲ
1750 1877 1797 1904 τοῦ
1823 1878 1907 1914 πυρὸς

1117 1920 1317 1956 θερμαινόμενα
1349 1921 1438 1947 πάντα
1474 1921 1632 1949 ἀπόλλυται.
1665 1922 1778 1949 Φάσκων
1809 1923 1836 1950 δὲ
1863 1923 1908 1950 τὸν

1116 1966 1190 2002 ἣλιον
1204 1966 1277 1993 λίθον
1309 1966 1440 2002 διάπυρον
1468 1965 1547 1999 εἶναι,
1573 1967 1619 1994 καὶ
1640 1967 1719 1994 τοῦτο
1745 1969 1849 2003 ἠγνόει,
1868 1969 1908 1996 ὅτι

1117 2011 1190 2043 λίθος
1203 2011 1263 2047 μὲν,
1278 2013 1306 2038 ἐν
1317 2012 1384 2048 πυρὶ
1398 2012 1446 2044 ῶν,
1471 2012 1533 2039 οὔτε
1550 2013 1664 2048 λάμπει,
1675 2013 1738 2040 οὔτε
1752 2014 1835 2041 πολὺν
1846 2015 1908 2050 χρό-

1117 2066 1161 2084 νον
1178 2059 1294 2093 ἀντέχει·
1311 2059 1325 2084 ὁ
1339 2058 1367 2085 δὲ
1383 2059 1458 2093 ἥλιος
1488 2059 1577 2085 πάντα
1600 2059 1644 2086 τὸν
1674 2059 1767 2095 χρόνον
1799 2061 1909 2088 πάντων

1117 2105 1305 2141 λαμπρότατος
1320 2105 1367 2136 ὢν.
1382 2106 1511 2142 διαμένει.
1530 2106 1651 2133 Ἐκέλευε
1665 2107 1693 2133 δὲ
1704 2109 1750 2134 καὶ
1761 2107 1908 2143 λογισμοὺς

1119 2151 1274 2187 μανθάνειν·
1291 2152 1338 2178 καὶ
1353 2152 1455 2179 τούτων
1468 2152 1496 2179 δὲ
1519 2152 1619 2188 ὁμοίως
1631 2154 1688 2185 τοῖς
1698 2153 1788 2185 ἄλλοις
1798 2154 1907 2181 ἐκέλευε

1118 2198 1296 2232 φυλάττεσθαι
1315 2198 1362 2233 τὴν
1382 2199 1495 2234 μάταιον
1509 2200 1807 2235 πραγματείαν.Μέχρι
1819 2201 1847 2227 δὲ
1862 2201 1908 2228 τοῦ

277 2246 373 2266 eorum
387 2246 450 2274 qua:
460 2245 610 2268 nascantur
624 2247 639 2267 e
665 2245 746 2274 terra,
762 2240 822 2269 sine
843 2241 909 2269 solis
924 2241 1064 2277 splendore

1119 2243 1255 2279 ὠφελίμου
1270 2244 1358 2270 πάντα
1373 2245 1420 2271 καὶ
1432 2245 1512 2277 αὐτὸς
1527 2246 1698 2277 συνεσκόπει,
1713 2247 1760 2272 καὶ
1790 2247 1908 2280 συνδιεξ-

279 2285 370 2318 augeri
389 2292 566 2321 crescereque
581 2286 658 2318 nihil,
673 2286 741 2313 nihil
755 2291 850 2314 contra
866 2295 920 2314 non
937 2287 1006 2322 ignis
1021 2295 1066 2314 ar-

278 2330 346 2358 dore
369 2331 555 2366 languescere.
584 2331 656 2359 Idem
682 2337 809 2368 przeterca
840 2333 924 2359 solem
952 2333 1066 2368 ignitum

278 2377 395 2413 lapidem
411 2386 472 2406 esse
491 2387 552 2406 cum
568 2379 681 2412 diceret,
700 2387 752 2405 non
770 2379 887 2412 videbat,
905 2379 1021 2414 lapidem
1040 2380 1066 2407 in

279 2425 368 2458 ignem
393 2426 546 2460 conjectum
575 2434 625 2454 nec
646 2425 761 2461 fulgere,
787 2433 836 2452 nec
852 2425 898 2452 diu
920 2426 1066 2459 resistere;

1116 2289 1158 2325 ῄει
1169 2291 1225 2322 τοῖς
1250 2290 1369 2318 συνοῦσι.
1385 2301 1394 2317 ι
1420 2291 1513 2318 Ταῦτα
1538 2291 1660 2326 Ξενοφῶν
1676 2293 1705 2319 ἐν
1726 2293 1907 2328 Ἀπομνημο-

1116 2337 1270 2371 νεύμασιν.
1291 2337 1333 2363 Ἐν
1357 2338 1483 2374 ἐπιστολῇ
1496 2338 1523 2365 δὲ
1534 2340 1548 2364 ὀ
1563 2339 1642 2371 αὐτὸς
1653 2341 1686 2374 τῇ
1700 2339 1767 2375 πρὸς
1778 2341 1908 2376 Αἰσχίνην

1116 2382 1181 2418 περὶ
1193 2382 1336 2414 Πλάτωνος
1349 2384 1396 2410 καὶ
1411 2383 1466 2410 τῶν
1497 2385 1651 2419 αὐχούντων
1675 2386 1724 2421 τὴν
1745 2385 1792 2413 τοῦ
1809 2387 1908 2419 παντὸς

1117 2427 1289 2461 φυσιολογίαν
1301 2429 1412 2455 τοιαῦτα
1427 2431 1538 2465 γράφει.

278 2471 362 2498 solem
378 2481 410 2499 ex
431 2473 505 2500 omni
522 2481 579 2500 arvo
602 2481 682 2500 suum
707 2473 782 2500 illiilli
805 2472 989 2507 splendorem,
1011 2481 1065 2509 quo
1085 2479 1183 2501 cuncta
1218 2480 1345 2510 superat,
1362 2481 1532 2504 constantem
1557 2485 1758 2512 perennemqu
1779 2477 1906 2505 retinere.

279 2516 344 2544 Suis
358 2518 439 2545 etiam
456 2523 552 2546 auctor
570 2523 638 2552 erat,
655 2524 685 2546 ut
712 2519 738 2545 in
755 2518 930 2553 computandi
946 2523 1004 2546 arte
1025 2519 1166 2552 discenda,
1190 2520 1302 2554 perinde
1330 2524 1359 2546 nt
1383 2521 1410 2547 in
1429 2521 1491 2548 aliis
1517 2522 1624 2548 inanem
1638 2530 1668 2549 ac
1677 2530 1906 2557 supervacaneam

278 2570 388 2596 operam
407 2564 590 2592 caverent.“
615 2564 689 2599 quod
718 2564 745 2591 in
775 2564 872 2599 primis
895 2563 929 2590 ab
956 2572 989 2592 co
1009 2565 1184 2598 servabatur,
1212 2565 1257 2600 qui
1286 2567 1530 2594 commentationes
1555 2575 1587 2594 ac
1613 2567 1814 2602 disputationes
1843 2575 1907 2596 suas

279 2614 385 2641 omnes,
409 2618 478 2644 quas
499 2619 562 2638 cum
591 2610 733 2646 discipulis
757 2610 874 2638 habebat
902 2610 970 2643 suis,
997 2611 1080 2638 unius
1106 2610 1231 2638 utilitatis
1253 2611 1354 2639 linihus
1371 2612 1536 2640 includebat.
1556 2623 1566 2639 ›
1591 2613 1726 2641 Hactenus
1754 2613 1905 2650 Xenophon

280 2653 307 2679 in
324 2653 548 2683 Meruerabilibua.
581 2657 656 2684 Idem
685 2657 802 2691 epistola
821 2657 941 2692 quadam
966 2657 1000 2684 ad
1026 2656 1185 2684 Aischinem
1209 2658 1320 2692 scripta,
1338 2658 1372 2686 de
1397 2658 1518 2691 Platone,
1537 2659 1625 2693 deque
1645 2659 1678 2687 iis
1702 2660 1749 2694 qui
1774 2667 1853 2687 suam
1877 2660 1906 2688 in

279 2701 438 2735 explicanda
454 2703 573 2731 universi
593 2709 690 2732 natura
715 2705 914 2741 physiomgtam
941 2703 1128 2740 venditabant,
1144 2705 1202 2732 haec
1216 2705 1305 2732 habet.
