2061 3210
315 178 380 206 ίὲ-ΓΙ

627 178 761 206 EUSEBll
781 177 1020 206 CESAR‘IENSIS
1038 177 1113 206 OPP.
1134 178 1225 205 PARS
1244 178 1274 205 ll.
1295 193 1330 198 —-
1348 177 1598 205 APOLOGETICA.

1860 177 1921 205 l228

312 238 374 266 illos
402 238 554 272 reipublicae
569 237 706 270 ctistodes,
725 238 750 264 in
777 237 871 264 bellica
897 238 1088 265 exercitatione

1144 238 1208 273 γάρ.
1218 239 1305 263 -Δεῖ
1312 238 1365 273 ἀρα
1376 237 1424 264 καὶ
1439 237 1518 264 τοῦτο
1532 237 1588 272 (58)
1605 237 1747 272 προσέχειν
1757 237 1787 263 τὺ
1803 236 1922 271 μάθημα,

309 284 365 318 jam
382 290 468 317 usque
482 282 516 309 ab
531 282 711 309 adolescentia
726 283 880 309 neceSsario
896 287 1017 309 versatos
1030 290 1092 309 esse

311 329 408 356 debere
424 328 480 362 jam
495 328 635 355 diximus?
649 343 684 347 —
703 327 827 355 Diximus
852 328 955 362 utique.
971 343 1006 348 -——
1020 327 1091 363 Ergo

312 379 408 409 praeter
424 374 500 405 illud,
526 373 624 400 haheat
646 374 698 401 hoc
713 375 794 401 etiam
818 381 928 401 necesse
951 378 993 401 est
1008 374 1090 401 disci-

309 420 381 454 plina
398 426 479 453 quam
496 418 652 452 qumrimus.
668 433 703 437 —
718 418 786 451 Quid
803 419 910 445 tandem
922 418 933 444 2
945 433 980 438 -—
994 417 1038 445 Uti
1058 426 1092 445 ne

310 465 445 492 bellicosis
472 464 626 490 hominibus
652 464 755 491 inutilis
783 472 816 491 ea
843 465 888 492 sit.
920 464 1034 492 Necesse
1065 464 1090 491 id

309 518 382 543 vero,
398 511 496 545 inquit,
513 510 536 537 si
548 511 627 537 modo
640 510 697 536 lieri
710 515 806 544 potest.
822 510 904 544 Atqui
918 510 1092 545 gymnastiea:

309 564 340 583 ac
358 556 468 583 musicae
482 555 586 582 artibus
601 555 662 582 illos
680 560 741 582 ante
751 555 808 590 jam
822 556 981 583 erudiimus.
999 571 1032 576 -—
1046 555 1091 583 Sic

306 605 358 631 est.
373 601 470 635 inquit.
485 615 519 619 —
531 600 703 635 Gymnastica
719 608 800 635 porro
815 600 887 627 circa
903 601 929 627 id
945 602 1016 635 quod
1035 601 1091 627 ori-

297 651 352 674 »tur
369 647 494 681 quodque
517 646 608 673 interit
626 650 680 672 tota
696 650 828 678 versatur,
855 654 1001 680 corporum
1017 647 1088 673 enim

306 694 474 720 incremento
488 700 520 719 ac
532 691 705 719 diminutioni
719 695 826 726 praeest.
842 706 870 711 ——
884 691 971 719 Certe.
985 707 1017 711 —
1030 691 1088 719 Non

305 739 446 773 estigitur
471 745 501 764 ea
528 737 681 772 disciplina,
707 745 788 771 quam
813 737 971 772 quaerimus.
987 752 1023 757 ——
1043 737 1090 764 Mi-

305 785 380 812 nime
391 791 466 811 vero.
483 799 518 804 —
530 783 571 810 An
589 783 656 810 forte
670 783 772 810 musica
789 783 833 810 illa
848 783 892 816 sit,
908 783 995 818 quade
1009 790 1089 817 supe-

306 833 363 858 rius
390 830 473 858 locuti
496 829 612 857 sumus?
634 829 668 855 At
684 829 740 861 illa,
766 829 863 863 inquit,
890 829 912 856 si
930 829 1088 861 meministi,

305 884 385 903 usum
401 875 481 903 habet
496 874 671 910 gymnasticae
686 874 711 900 in
727 874 852 901 dissimili
868 881 966 909 genere
983 874 1089 901 similli-

1143 284 1162 313 ὂ,
1171 283 1314 318 ζητοῦμεν,
1329 283 1397 318 πρὸς
1409 283 1513 318 ἐκείνῳ.
1530 298 1564 303 ——
1577 283 1613 309 Τὸ
1630 284 1719 314 ποῖον;
1740 298 1772 303 -—
1786 281 1832 317 Μὴ
1844 282 1923 317 ἀχρη-

1145 338 1205 356 στον
1218 329 1515 365 πολεμικοῖς¹ἀνδράσιν
1531 327 1609 355 εἶναι.
1632 330 1676 355 Δεῖ
1693 328 1793 363 μέντοι,
1811 327 1874 362 ἔφη,
1889 327 1924 353 εἴ-

1143 383 1196 411 περ
1210 372 1264 401 οἷόν
1281 383 1319 401 τε.
1337 375 1511 410 Γυμναστικῇ
1542 383 1579 409 πη
1602 375 1648 401 καὶ
1668 375 1783 409 μουσικῇ
1797 373 1825 400 ἓν
1838 381 1870 408 γε
1890 373 1924 407 τῷ

1144 420 1261 456 πρόσθεν
1277 420 1450 447 ἐπαιδεύοντο
1465 417 1644 455 ἡμῖν-Ἦν
1662 419 1756 450 ταῦτα,
1774 418 1924 453 ἔφηρ-Καὶ

1143 466 1317 500 Γυμναστικὴ
1330 465 1378 500 μέν
1390 473 1440 491 που
1449 464 1513 499 περὶ
1520 464 1677 499 γιγνόμενον
1690 464 1737 489 καὶ
1746 463 1925 498 ἀπολλύμενον

1142 511 1297 537 τετεύτακε·
1321 510 1446 546 σώματος
1461 510 1515 544 γὰρ
1529 509 1611 544 αὔξης
1624 510 1670 536 καὶ
1685 509 1800 543 φθίσεως
1820 510 1925 535 ἐπιστα-

1142 557 1192 582 τεῖ.
1204 571 1238 576 -
1250 556 1385 583 Φαίνεται.
1400 571 1434 576 ε-
1449 556 1533 582 Τοῦτο
1551 555 1599 590 μὲν
1625 555 1656 590 δὴ
1677 555 1727 581 οὐκ
1742 554 1775 580 ἂν
1794 554 1837 589 εἴη
1854 554 1867 579 ὃ
1881 554 1924 588 ζη-

1141 602 1241 637 τοῦμεν
1258 602 1380 637 μάθημα.
1393 603 1473 628 -Οὑ
1497 601 1561 637 γάρ.
1581 617 1614 621 -
1632 600 1699 627 Ἀλλ’
1726 599 1778 636 ἆρα
1803 599 1924 635 μουσικὴ,

1141 649 1206 683 ὅσην
1224 648 1254 674 τὸ
1266 648 1397 684 πρότερον
1412 647 1554 682 διήλθομεν
1565 655 1571 679 ;
1591 646 1661 673 Ἀλλ’
1674 645 1707 682 ἦν
1718 646 1807 681 ἐκείνη
1816 645 1923 680 γ’,ἔφη,

1141 694 1316 730 ἀντίστροφος
1337 694 1386 728 τῆς
1413 692 1598 728 γυμναστικῆς
1628 691 1695 726 (59),
1722 691 1745 718 εἰ
1773 692 1923 726 μέμνησαι,

1141 739 1213 766 ἔθεσι
1227 738 1281 775 (60)
1295 739 1458 765 παιδεύουσα
1467 738 1529 769 τοὺς
1546 737 1678 772 φύλακας,
1700 737 1770 763 κατά
1794 744 1822 761 τε
1842 736 1923 771 ἁρμο-

1140 785 1200 812 νίαν
1209 784 1391 820 εὐαρμοστίαν
1406 784 1477 816 τινὰ,
1492 784 1541 810 οὐκ
1560 784 1714 818 ἐπιστήμην
1728 781 1923 816 παραδιδοῦσα,

1140 831 1186 857 καὶ
1199 831 1269 857 κατὰ
1286 830 1388 866 ῥυθμὸν
1401 829 1558 865 εὐρυθμίαν,
1575 828 1602 855 ἐν
1627 837 1657 855 τε
1671 829 1726 860 τοῖς
1748 827 1838 862 λόγοις
1848 828 1924 862 ἕτερα

1140 875 1241 902 τούτων
1255 874 1356 908 ἀδελφά
1373 874 1420 910 ἔθη
1436 874 1504 901 ἄττα
1530 873 1638 909 ἔχουσα,
1656 873 1702 899 καὶ
1716 873 1772 899 ὅσοι
1798 871 1924 907 μυθώδεις

304 929 379 948 mum
395 929 401 946 :
423 924 515 954 utpote
534 926 594 953 qua:
610 918 731 946 moribus
745 923 850 946 tantum
873 919 1027 953 reipublicae
1042 927 1088 946 cu-

1140 920 1193 947 τῶν
1206 920 1303 954 λόγων,
1321 920 1368 946 καὶ
1377 920 1435 946 ὅσοι
1450 918 1641 954 ἀληθινώτεροι
1657 916 1736 953 ἦσαν.
1762 918 1884 953 mon
1898 917 1923 943 δὲ

304 966 397 994 stodes
422 965 560 997 informet,
586 969 668 999 atque
686 969 715 991 ut
730 965 757 991 in
773 971 906 992 concentu
927 965 984 992 licri
1009 965 1088 998 solet,

304 1017 394 1047 2;:tam
410 1011 558 1047 quamdam
571 1011 773 1041 cohaerentiam,
799 1017 830 1037 ac
848 1010 1012 1044 persimilem
1039 1019 1090 1037 nn-

305 1059 387 1085 meris
401 1057 624 1092 compositionem
652 1057 826 1092 suppeditetr
844 1064 897 1083 non
920 1064 1012 1083 veram
1028 1064 1091 1092 pro-

303 1104 446 1138 priamque
461 1103 601 1130 scientiam
617 1110 624 1134 ;
638 1106 719 1136 atque
741 1101 767 1128 in
785 1101 844 1136 ipso
871 1101 976 1128 dicendi
993 1108 1090 1137 genere

303 1149 355 1175 alia
371 1148 493 1182 quaedam
510 1147 607 1174 habeat
623 1147 745 1173 moribus
765 1146 818 1173 illis
842 1145 941 1179 alliuia,
959 1154 1090 1181 verasque

299 1194 474 1220 .tmrrationes
491 1201 505 1219 a
523 1192 653 1219 fabulosis
676 1191 834 1225 distinguat.
851 1191 983 1217 Cieterum
1010 1190 1090 1218 habet

303 1247 335 1266 ea
361 1239 438 1271 nihil,
459 1238 537 1272 cujus
555 1245 604 1264 nos
627 1237 745 1272 cognitio
770 1238 803 1263 ad
830 1236 931 1271 aliquid
960 1237 1090 1271 perducat

300 1283 448 1317 ejusmodi,
460 1283 532 1318 quod
551 1290 623 1310 nunc
647 1283 696 1309 abs
707 1286 738 1309 'te
756 1282 895 1316 quaeritur.
913 1296 946 1300 —-—
959 1281 1000 1308 Me
1013 1290 1088 1315 vero,

302 1331 424 1364 inquam,
439 1328 584 1355 admodum
597 1333 747 1362 opportune
762 1334 874 1354 mones:
889 1335 1000 1362 prorsus
1015 1328 1088 1355 cnim

304 1376 393 1403 simile
402 1376 466 1402 nihil
478 1373 662 1402 liabet.—Sed
685 1373 748 1407 quid
758 1373 849 1408 igitur,
863 1373 963 1407 optime
976 1373 1087 1408 Glauco,

304 1423 356 1449 tale
372 1430 432 1450 esse
446 1422 554 1456 possit?
568 1429 629 1447 nam
648 1425 719 1448 artes
735 1420 843 1455 quidem
861 1428 956 1447 omnes
975 1420 1090 1447 sordidae

304 1468 382 1496 nobis
404 1473 430 1494 et
452 1467 597 1494 illiberalcs
619 1467 682 1493 visa
705 1471 777 1493 Slllll.
795 1481 829 1485 —
844 1466 882 1493 Ac
906 1466 1003 1492 merito
1026 1466 1088 1501 qui-

304 1514 375 1541 dem.
397 1522 407 1537 »
426 1513 507 1545 Τυιιι,
523 1513 645 1546 pluribus
668 1512 824 1546 interjectis,
837 1512 872 1538 ita
888 1512 1062 1546 prosequitur
1080 1521 1086 1539 :

306 1570 315 1585 ι
337 1560 465 1586 Dabimus
484 1566 603 1594 operam,
622 1559 719 1593 inquit,
737 1565 769 1585 ne
784 1558 830 1592 qui
846 1565 861 1584 a
879 1558 957 1585 nobis
971 1558 1088 1585 educan-

304 1611 358 1638 tur,
375 1605 476 1638 aliquid
494 1605 528 1632 ab
544 1605 577 1632 iis
602 1605 653 1632 hoc
677 1605 703 1631 in
719 1612 817 1639 genere
834 1604 982 1638 perfectum
998 1604 1087 1631 minus

304 1657 496 1685 maturumque
524 1651 690 1683 doceantur;
723 1649 849 1684 quonIIe
878 1657 932 1676 non
956 1657 989 1676 eo
1016 1657 1088 1677 sem-

304 1705 361 1732 per,
376 1705 430 1731 quo
443 1696 552 1723 tendere
564 1703 656 1722 omnes
670 1695 796 1727 debeant,
813 1695 957 1727 referatur,
973 1696 1010 1722 uti
1018 1695 1088 1730 jam-

302 1743 358 1777 jam
373 1743 412 1770 de.
423 1742 587 1769 astronomia
603 1741 770 1768 dicebamus.
792 1742 900 1776 Ignoras
917 1745 946 1768 tu
961 1749 1034 1774 vero,
1051 1741 1088 1768 si-

304 1789 368 1814 mile
381 1788 444 1822 quid
462 1788 536 1814 aliud
555 1787 582 1813 in
598 1787 740 1814 harmonia
764 1785 889 1814 homines
904 1787 971 1814 istos
986 1787 1088 1822 agere?

304 1833 406 1868 Quippe
426 1833 489 1860 dum
508 1833 569 1860 illos
593 1840 690 1859 vocum
715 1839 898 1866 sonorumque
923 1836 1085 1864 concentus,

303 1880 349 1915 qui
363 1880 475 1907 auribus
488 1879 682 1914 percipiuntur,
697 1878 766 1906 inter
781 1886 840 1906 sese
860 1879 996 1905 metiendo
1016 1886 1088 1906 com-

302 1930 417 1960 ponunt,
447 1925 588 1952 inutilibus
621 1924 647 1951 in
676 1924 768 1955 rebus,
796 1924 1025 1958 quemadmodum
1059 1928 1087 1950 et

302 1971 468 2003 astronomi,
497 1971 616 1998 studium
642 1977 807 2004 operamque
834 1973 948 2004 ponunt.
976 1968 1014 1996 Ita
1038 1976 1086 2004 per

302 2018 378 2050 deos,
393 2018 482 2052 inquit
496 2026 503 2050 ;
520 2025 552 2044 ac
568 2017 673 2043 ridiculi
696 2016 775 2050 plane
789 2020 863 2047 sunt,
878 2015 942 2042 dum
961 2014 1087 2050 frequen-

303 2068 421 2090 tamenta
448 2063 540 2089 nescio
557 2070 616 2096 quae
633 2061 711 2097 ’147
742 2061 892 2094 nominant,
916 2061 1086 2095 admotisque

303 2109 414 2135 auribus
431 2115 522 2134 vocem
551 2107 627 2141 quasi
649 2106 759 2140 propius
782 2110 970 2140 aucupantes:
998 2106 1042 2132 alii
1057 2113 1086 2132 se

304 2157 330 2180 in
350 2154 438 2181 medio
457 2160 552 2180 sonum
577 2152 694 2186 aliquem
727 2151 865 2184 exaudire,
886 2159 918 2178 ac
942 2151 1085 2178 minimum

303 2199 380 2231 illud,
396 2199 474 2233 cujus
490 2198 516 2224 in
538 2197 673 2224 metiendo
697 2205 762 2225 usus
788 2204 850 2224 esse
868 2197 974 2228 debeat,
1000 2197 1085 2223 inter-

302 2246 402 2272 vallum
416 2253 476 2273 esse
490 2244 614 2271 dictitant
629 2251 635 2275 ;
651 2243 695 2269 alii
709 2251 773 2270 vero
781 2242 1000 2277 dubitant,quasi
1012 2250 1085 2269 avo-
1101 2259 1123 2286 Β

303 2292 380 2318 cibus
395 2291 512 2325 illisjam
527 2290 622 2317 similis
633 2289 742 2324 quidam
756 2297 840 2316 sonus
854 2289 975 2315 exsistat.
989 2289 1016 2314 In
1030 2296 1084 2323 quo

305 2337 413 2370 utrique
426 2335 509 2362 menti
526 2342 606 2361 aures
624 2337 800 2368 anteponunt.
815 2332 855 2360 Tu
873 2341 947 2364 vero,
963 2333 1084 2368 inquam,

304 2382 372 2409 alios
389 2382 450 2408 illos
469 2380 613 2407 admodum
630 2380 708 2406 utiles
721 2379 862 2406 arbitraris
876 2378 922 2412 qui
939 2379 1006 2406 fides
1024 2386 1086 2413 per-

305 2433 386 2462 petuo
414 2430 532 2457 vexant,
556 2425 734 2457 distendunt,
757 2423 951 2458 claviculisque
974 2428 1085 2450 contor-

304 2472 410 2507 quent?
429 2472 526 2498 \‘erum
545 2479 578 2497 ne
593 2470 698 2505 longius
714 2470 770 2497 haec
790 2477 838 2496 nos
854 2470 942 2504 imago
958 2469 1085 2502 detineat,

305 2519 369 2545 dum
383 2517 485 2553 plectro
498 2517 610 2552 pulsatae
625 2517 690 2543 lides
704 2520 751 2542 aut
762 2515 905 2547 allirmaut,
921 2520 968 2542 aut
978 2521 1085 2550 negant,

342 2605 396 2640 (58)
411 2606 460 2632 Δεῖ
471 2606 527 2639 ἄρα
539 2604 697 2635 καὶτοῦτο,
715 2608 766 2631 etc.
785 2602 905 2640 lt‘icinus,
920 2611 972 2629 non
992 2603 1038 2640 ita,
1058 2607 1088 2630 ut

307 2639 420 2672 videtur,
436 2641 553 2667 auctoris
570 2649 603 2666 ex
625 2647 705 2666 sensu
727 2639 814 2669 vertit,
832 2643 930 2672 oportet
945 2646 1005 2673 ergo
1021 2639 1088 2664 hunc

307 2681 431 2709 praeterea
448 2676 576 2708 superiori
597 2675 692 2701 addere
715 2673 898 2709 disciplinam,
921 2681 1000 2706 quant
1016 2681 1089 2708 quw—

308 2711 399 2747 γίνῃ-(ῳ.
414 2709 569 2747 ῌροσέχειν,
585 2718 637 2736 non
653 2714 698 2747 est.
707 2708 886 2744 προστιθέναι.

344 2744 398 2779 (59)
426 2742 627 2778 Ἄντίὸῖτροεςος
652 2742 705 2777 πῆξε
726 2742 937 2779 γυμναστικῆς.
962 2742 1086 2779 Sororem

308 2777 383 2806 \ocai
405 2779 501 2812 ιίιιηιιι
516 2781 551 2804 De
568 2777 645 2811 πίεραι)
662 2799 668 2810 ,
686 2779 728 2805 ubi
747 2780 778 2805 de
797 2778 898 2804 musica
915 2785 947 2803 ex
965 2777 1088 2812 professo

308 2814 426 2849 disputat
440 2823 447 2840 :
459 2811 521 2849 Ἆρ’
537 2812 592 2844 οὖν,
609 2815 705 2848 inquit.
725 2814 741 2848 ἡ
763 2813 884 2849 βελτίστη
905 2812 1086 2848 γυμναστικὴ.

308 2822 447 2874 (Imputat:
473 2822 514 2849 Δρ
537 2822 592 2844 ουν,
609 2822 705 2848 Ilqull.
725 2822 741 2848 η
763 2822 884 2848 βελτίστη

308 2849 353 2876 dias
371 2850 406 2883 φή
418 2857 460 2879 τις
477 2848 509 2874 ἂν
524 2848 628 2884 εἰήῗτῆς
644 2849 729 2884 ἁπλῆς
746 2847 893 2882 μουσικῆς;

343 2881 406 2918 (6οῘ
425 2885 536 2910 Ἔθεσι.
559 2881 694 2916 Quantum
708 2881 805 2910 ’νῶι-ιιι
830 2883 932 2910 musica
962 2881 1027 2917 πρὸς
1053 2882 1086 2909 τὰ

1140 965 1207 1001 πρὸς
1220 965 1339 992 τοιοῦτόν
1354 974 1380 992 τι
1395 965 1471 1000 ἄγον,
1489 962 1582 991 οἷονσὺ
1596 963 1643 991 νῦν
1659 963 1758 998 ζητεῖς,
1768 963 1844 990 οὐδὲν
1851 961 1884 998 ἦν
1897 964 1924 990 ἐν

1139 1012 1217 1046 αὐτῇ.
1227 1026 1262 1031 ——
1277 1011 1482 1046 Ἀκριϐέστατα,
1495 1008 1528 1045 ἦν
1540 1010 1562 1037 δ’
1573 1010 1638 1044 ἐγὼ,
1647 1010 1864 1044 ἀναμιμνήσκεις
1882 1017 1922 1044 με.

1140 1057 1184 1091 Τῷ
1199 1057 1252 1092 γὰρ
1268 1057 1325 1083 ὄντι
1336 1056 1455 1083 τοιοῦτον
1466 1056 1541 1082 οὐδὲν
1550 1053 1632 1091 εἶχεν.
1642 1055 1761 1087 -Ἀλλ’,
1771 1053 1793 1081 ὦ
1806 1055 1922 1090 δαιμόνιε

1139 1103 1277 1135 Γλαύκων,
1292 1103 1317 1130 τί
1338 1103 1370 1130 ἃν
1385 1103 1427 1138 εἴη
1442 1103 1574 1136 τοιοῦτονς
1591 1103 1620 1129 αῖ
1630 1111 1659 1129 τε
1681 1103 1734 1138 γὰρ
1761 1103 1855 1137 τέχναι
1880 1101 1924 1136 βά-

1139 1150 1232 1176 ναυσοί
1248 1159 1298 1176 που
1313 1150 1416 1177 ἅπασαι
1432 1149 1523 1182 ἔδοξαν
1540 1147 1718 1180 εἷναι-Πῶς
1735 1149 1756 1175 δ’
1775 1148 1820 1180 ob;
1841 1158 1851 1174 ι
1870 1146 1916 1186 Em

1139 1197 1203 1231 ἑξῆς
1219 1196 1320 1232 προῖὼν
1331 1196 1460 1230 ἐπιλέγει·
1475 1207 1483 1228 ι
1497 1195 1602 1232 Μήποτ”
1620 1195 1710 1221 αὐτῶν
1724 1204 1750 1221 τι
1757 1195 1852 1226 ἀτελὲς
1866 1196 1923 1222 ἐπι-

1139 1242 1265 1278 χειρῶσιν
1283 1242 1348 1277 ἡμῖν
1376 1241 1529 1276 μανθάνειν,
1556 1241 1602 1272 οὓς
1633 1241 1778 1275 θρέψομεν,
1805 1241 1852 1267 καὶ
1877 1242 1923 1267 οὐκ

1140 1287 1236 1322 ἐξῆκον
1251 1287 1338 1312 ἐκεῖσε
1352 1286 1404 1317 ἀεὶ,
1420 1283 1448 1312 οἵ
1464 1286 1567 1318 πάντας
1579 1286 1620 1312 δεῖ
1637 1286 1758 1320 ἀνήκειν,
1786 1283 1843 1312 οἷον
1865 1286 1924 1321 ἄρτι

1140 1333 1204 1367 περὶ
1220 1333 1267 1367 τῆς
1282 1332 1461 1367 ἀστρονομίας
1486 1332 1623 1367 ἐλέγομεν.
1654 1332 1689 1357 Ἦ
1712 1332 1760 1358 οὐκ
1781 1330 1857 1362 οἷσθ’,
1885 1332 1923 1358 ὅτι

1139 1379 1186 1405 καὶ
1198 1379 1260 1413 περὶ
1272 1377 1404 1413 ἁρμονίας
1415 1377 1507 1413 ἕτερον
1522 1377 1640 1404 τοιοῦτον
1654 1375 1774 1408 mro-Sci;
1803 1375 1854 1407 τὰς
1872 1376 1924 1412 γὰρ

1139 1424 1308 1459 ἀκουομένας
1331 1422 1363 1450 αὖ
1392 1423 1550 1458 συμφωνίας
1576 1423 1622 1449 καὶ
1654 1422 1788 1456 φθόγγους
1801 1421 1925 1457 ἀλλήλοις

1139 1469 1364 1504 ἀναμετροῦντες,
1387 1469 1504 1504 ἀνήνυτα
1530 1468 1624 1504 ὥσπερ
1638 1469 1662 1494 οἱ
1686 1467 1848 1503 ἀστρονόμοι
1868 1475 1924 1492 ποι-

1132 1515 1208 1557 οοῢσι.
1222 1515 1262 1550 Νὴ
1275 1516 1337 1547 τοὺς
1353 1516 1440 1548 θεοὺς,
1454 1515 1515 1551 ἔφη,
1527 1515 1574 1542 καὶ
1584 1515 1696 1550 γελοῐως
1713 1523 1744 1549 γε
1765 1513 1922 1548 πυκνώματ’

1139 1563 1206 1589 ἄττα
1221 1561 1276 1597 (61)
1292 1561 1480 1595 ὀνομάζοντες,
1506 1562 1553 1589 καὶ
1579 1561 1798 1596 παραϐάλλοντες
1810 1560 1844 1587 τὰ
1856 1557 1923 1589 ὦτα,

1138 1605 1193 1635 οἷον
1209 1609 1240 1634 ὲκ
1253 1607 1379 1640 γειτόνων
1404 1607 1494 1643 φωνὴν
1508 1607 1694 1643 θηρευόμενοι·
1723 1607 1746 1633 οἰ
1780 1606 1830 1641 μέν
1844 1612 1923 1639 φασιν

1137 1653 1177 1680 ἔτι
1190 1653 1351 1680 κατακούειν
1367 1654 1395 1679 ὲν
1413 1653 1488 1688 μέσῳ
1503 1653 1563 1680 τινὰ
1577 1653 1655 1687 ἠχὴν,
1674 1652 1719 1678 καὶ
1746 1652 1925 1687 σμικρότατον

1137 1697 1206 1726 εἶναι
1220 1698 1299 1725 τοῦτο
1314 1698 1460 1732 διάστημα,
1486 1694 1507 1730 ᾧ
1531 1698 1688 1732 μετρητέον·
1705 1698 1729 1723 ot
1747 1697 1770 1723 δ’
1784 1695 1924 1732 ἀμφισϐη-

1136 1745 1256 1776 τοῦντες,
1281 1745 1318 1776 ὡς
1339 1745 1430 1779 ὅμοιον
1454 1744 1504 1779 ἤδη
1541 1744 1747 1779 φθεγγομένων·
1774 1743 1925 1778 ἀμφότεροι

1136 1788 1193 1818 ὦτα
1205 1790 1251 1817 τοῦ
1264 1791 1309 1817 νοῦ
1326 1790 1553 1826 προστησάμενοι.
1571 1790 1606 1816 Σὺ
1620 1790 1678 1824 μὲν,
1694 1787 1727 1824 ἦν
1738 1788 1760 1815 δ’
1775 1789 1840 1823 ἐγὼ,
1862 1790 1924 1820 τοὺς

1136 1837 1270 1873 χρηστοὺς
1283 1836 1370 1870 λέγεις
1380 1837 1442 1867 τοὺς
1467 1836 1527 1866 ταῖς
1546 1834 1652 1870 χορδαῖς
1675 1834 1824 1869 πράγματα
1851 1843 1924 1870 παρ-

1136 1882 1256 1918 έχοντας,
1283 1883 1328 1908 καὶ
1353 1881 1545 1917 βασανίζοντας
1560 1881 1606 1907 ἐπὶ
1631 1880 1685 1907 τῶν
1698 1881 1848 1912 κολλόπων,
1878 1881 1924 1907 καὶ

1137 1926 1340 1962 στρεϐλοῦντας.
1361 1927 1419 1952 Ἵνα
1434 1925 1462 1952 δὲ
1478 1926 1514 1960 μὴ
1529 1925 1684 1961 μακροτέρα
1707 1926 1723 1960 ή
1737 1924 1819 1951 εἰκὼν
1828 1923 1925 1960 ’γίγνη-

1135 1981 1190 2004 ται,
1206 1972 1336 2007 πλήκτρῳ
1359 1980 1389 1997 τε
1408 1971 1517 2006 πληγῶν
1534 1971 1711 2006 γιγνομένων,
1735 1971 1782 1997 καὶ
1803 1978 1924 2005 κατηγο-

1136 2018 1197 2053 ρίας
1212 2018 1285 2053 πέρι,
1299 2018 1346 2043 καὶ
1360 2018 1539 2052 ἐξαρνήσεως,
1562 2017 1608 2043 καὶ
1638 2016 1795 2048 ἀλαζονείας
1808 2016 1923 2052 χορδῶν,

1135 2064 1257 2099 παύομαι
1269 2064 1318 2098 τῆς
1339 2063 1450 2094 εἰκόνος,
1466 2063 1512 2089 καὶ
1541 2062 1570 2089 οὔ
1596 2071 1666 2097 φημι
1688 2062 1799 2094 τούτους
1822 2062 1923 2096 λέγειν,

1136 2109 1192 2135 ἀλλ’
1207 2109 1335 2140 ἐκείνους,
1353 2107 1399 2139 οὓς
1412 2108 1516 2143 ἔφαμεν
1532 2107 1578 2134 νῦν
1601 2107 1631 2143 δὴ
1647 2107 1710 2142 περὶ
1728 2108 1862 2143 ἁρμονίας
1888 2108 1926 2133 ει-

1137 2155 1234 2190 ρῆσθαι
1249 2154 1315 2189 (62).
1329 2154 1433 2180 Ταὺτὸν
1448 2154 1502 2189 γὰρ
1524 2153 1628 2180 ποιοῦσι
1643 2155 1698 2185 τοῖς
1708 2154 1736 2179 ὲν
1749 2155 1781 2188 τῇ
1794 2154 1925 2189 ἀστρονο-

1137 2202 1196 2237 μίᾳ.
1213 2201 1282 2232 Τοὺς
1306 2199 1359 2234 γὰρ
1389 2201 1418 2226 ὲν
1446 2199 1558 2231 ταύταις
1587 2201 1645 2231 ταῖς
1667 2198 1838 2234 συμφωνίαις
1865 2201 1926 2230 ταῖς

1137 2246 1315 2281 ἀκουομέναις
1337 2245 1469 2280 ἀριθμοὺς
1497 2245 1632 2280 ζητοῦσιν,
1657 2244 1713 2271 ἀλλ’
1728 2245 1778 2271 οὺκ
1803 2246 1843 2276 εἰς
1860 2254 1926 2280 προ-

1139 2292 1263 2326 ϐλήματα
1275 2290 1380 2316 ἀνίασιν
1395 2290 1638 2321 ὲπισκοπεῖν,τίνες
1654 2289 1791 2324 ξύμφωνοι
1801 2289 1925 2324 ἀριθμοὶ,

1138 2336 1262 2366 καὶ-τίνες
1276 2334 1317 2366 οὓ,
1339 2335 1386 2361 καὶ
1400 2335 1442 2361 διὰ
1467 2335 1493 2361 τί
1511 2335 1642 2370 ἑκάτεροι.
1664 2345 1672 2360 ι
1709 2334 1788 2360 Ἀλλά
1801 2334 1856 2369 γὰρ
1879 2335 1929 2362 καὶ

1136 2381 1212 2407 ταῦθ’
1229 2382 1294 2416 ἡμῖν
1306 2381 1357 2416 πρὸ
1370 2380 1430 2407 ὁδοῦ
1447 2380 1555 2412 κείσθω,
1570 2380 1797 2415 ἀπολογουμένοις
1826 2380 1869 2406 ὅτι
1888 2382 1928 2415 μὴ

1137 2426 1197 2461 δίχα
1213 2426 1331 2457 διανοίας
1343 2425 1435 2462 ὀρθῆς,
1453 2426 1499 2452 καὶ
1514 2425 1564 2460 τῆς
1587 2425 1641 2452 τῶν
1660 2425 1768 2451 τοιῶνδε
1789 2426 1929 2461 ἀχρηστο-

1139 2471 1252 2507 μαθείας
1264 2471 1487 2506 ὠλιγωρήσαμεν.
1501 2470 1667 2506 Σκεψώμεθα
1679 2471 1745 2506 δῆτα
1765 2470 1859 2497 λοιπὸν
1875 2471 1926 2506 ἤδη

1138 2517 1239 2544 ἀνωθεν
1252 2517 1408 2552 ἀρξάμενοι,
1425 2516 1474 2548 τὰς
1498 2516 1551 2542 τῶν
1567 2516 1716 2551 εἰρημένων
1742 2516 1869 2542 Φυσικῶν
1884 2525 1928 2550 φι-

1138 2605 1201 2640 ἦθη,
1222 2605 1282 2632 eod.
1300 2605 1346 2631 lib.
1365 2613 1393 2640 ιιι
1407 2604 1539 2640 pluribus,
1552 2604 1597 2630 ubi
1611 2603 1809 2640 gymnasticam
1826 2611 1926 2639 σοι-ρο-

1140 2639 1189 2671 ris,
1207 2641 1341 2674 musicam
1352 2639 1441 2674 animi
1450 2639 1585 2674 propriam
1599 2647 1658 2665 esse
1672 2639 1760 2665 docet.

1175 2675 1229 2708 (6|)
1242 2673 1413 2708 Huxrcbyat‘
1424 2673 1507 2701 d’tta.
1519 2673 1617 2700 Gellius
1630 2674 1675 2700 lib.
1688 2673 1818 2707 I,cap.ll
1835 2683 1841 2700 :
1853 2673 1926 2706 Quid

1138 2711 1206 2736 enim
1224 2710 1290 2743 fore!
1305 2717 1335 2735 ea
1351 2717 1376 2734 re
1392 2709 1525 2742 ineptius?
1542 2709 1564 2734 si
1575 2728 1582 2739 ,
1604 2714 1632 2734 ut
1647 2708 1782 2742 planipedi
1801 2708 1926 2739 saltanti,

1139 2746 1176 2770 ila
1193 2743 1310 2771 Cruor/Io
1328 2744 1503 2774 contionanti,
1517 2751 1636 2769 numeros
1658 2748 1682 2769 et
1704 2743 1796 2769 modos
1809 2764 1816 2774 ,
1830 2749 1856 2770 et
1872 2744 1927 2777 [ω-

1157 2784 1321 2805 ucnlumema
1344 2780 1418 2804 varia
1443 2779 1534 2805 tibicen
1557 2777 1701 2804 incineret.’
1726 2777 1861 2805 Numeros
1878 2779 1927 2813 ῥυ-

1138 2787 1321 2840 Zucnmmema
1344 2787 1418 2804 varia
1443 2787 1534 2805 ιιυιεση
1557 2787 1700 2804 ιηοιηεπΐειί
1726 2787 1861 2805 numeros
1878 2787 1927 2813 ρυ-

1157 2813 1241 2848 μούς,
1264 2814 1358 2840 modos
1386 2813 1471 2848 μέλη,
1496 2813 1727 2847 frequentamenta
1754 2812 1928 2848 πυκνώματι

1138 2849 1214 2876 dixit.

1175 2883 1229 2918 (6'2)
1246 2882 1307 2917 Ms,
1322 2881 1490 2918 αἱρήσεσθαι.
