2061 3210
179 187 249 214 12⁸19

741 183 902 212 PREPAB.
925 183 1048 213 EVANG.
1071 184 1135 214 LIB.
1156 183 1226 216 ΧΠ,

1738 190 1806 216 1250

178 244 298 278 λοσόφων
314 243 481 279 δογματικὰς
496 243 564 279 προς
578 243 708 278 ἀλλήλους
722 242 880 275 ἅντιδοξίας.
897 242 967 278 Γρά-

1017 247 1065 270 aut
1091 244 1238 279 superbius
1264 245 1452 281 refragantur,
1479 245 1584 274 mittam
1614 253 1674 274 cant
1703 248 1803 274 modo‘.

179 298 223 324 φει
235 289 267 325 δὴ
277 289 382 325 ἁθρόως
394 290 531 321 ἁπάντων,
543 289 596 316 τῶν
616 289 797 315 Πλατωνικῶν
812 289 891 324 ὁμοῦ,
921 289 968 315 καὶ

179 336 379 372 Πυθαγορείων,
390 335 443 362 τῶν
457 344 486 362 τε
510 335 549 362 ἐτι
579 334 771 371 πρεσϐυτέρων
783 334 906 361 Φυσικῶν
921 343 967 369 φι-

179 381 297 415 λοσόῳων
315 381 545 415 ὲπικεκλημένων,
562 381 610 406 καὶ
621 377 654 406 αὖ
671 379 751 406 πάλιν
763 379 817 406 τῶν
829 379 967 413 νεωτέρων

180 426 406 463 Περιπατητικῶν
419 435 448 452 τε
462 427 507 453 καὶ
535 425 670 458 Στωϊκῶν,
699 426 746 452 καὶ
773 424 967 460 Ἐπικουρείων

178 473 229 506 τὰς
241 472 319 505 δόξας
336 473 495 507 συναγαγὼν
507 473 521 498 ὸ
533 472 716 507 Πλούταρχος,
729 472 757 498 ὲν
772 468 812 502 οἷς
829 470 967 506 ἐπέγραψε

179 519 249 554 Περὶ
267 519 326 546 τῶν
337 512 609 553 ἀρεσκόντωντοῖς
637 519 817 552 φιλοσόφοις
832 516 969 551 φυσικῶν

178 563 341 599 δογμάτων.
362 564 405 598 Ἐξ
416 561 453 591 ὧν
470 563 662 600 παραθήσομαι
676 562 771 589 ταῦτα.

1019 293 1124 316 tantum
1139 289 1228 317 dicam
1243 298 1297 318 non
1311 291 1367 326 jam
1381 292 1460 323 istos.
1475 292 1521 319 sed
1538 292 1605 319 alios
1622 292 1683 320 illos
1703 293 1804 328 potius,

1018 334 1052 362 de
1067 334 1168 369 quibus
1182 336 1264 370 paulo
1279 341 1342 364 ante
1353 337 1550 372 loquebamur,
1576 338 1687 366 musicae
1705 347 1807 373 prace-

1018 384 1109 413 plores
1131 380 1289 415 deligendos
1302 389 1372 410 esse.
1389 382 1455 410 Nam
1472 383 1513 410 isti
1537 383 1645 418 quidem
1671 385 1695 411 id
1717 385 1805 420 ipsum

1019 424 1090 458 quod
1109 427 1259 453 astronomi
1288 427 1401 460 faciunt,
1428 429 1492 456 dum
1514 429 1550 456 ita
1570 435 1719 458 concentus
1745 431 1806 465 ejus

1019 470 1065 504 qui
1076 478 1141 498 aure
1154 472 1301 507 percipitur
1313 482 1442 502 numeros
1453 475 1605 509 attendunt,
1626 481 1655 503 ut
1666 485 1804 511 nunquam

1019 515 1052 542 ad
1070 524 1148 544 veras
1164 517 1224 546 illas
1247 520 1412 554 quaestiones
1427 521 1558 549 veniant:
1578 522 1689 556 quinam
1717 530 1732 550 e
1753 531 1806 550 nu-

1020 563 1103 590 meris
1118 563 1188 591 inter
1203 572 1233 592 se
1253 567 1426 600 conveniant,
1444 568 1524 602 quive
1540 576 1619 596 secus
1634 578 1640 601 ;
1656 573 1684 596 et
1710 577 1806 604 quam--

179 612 272 639 obrem
288 612 397 647 utrique
415 612 481 639 tales
499 612 659 639 habeantur.
681 621 690 637 ι
715 610 852 638 Hactenus
877 609 964 637 Plato.
985 611 1073 646 Atque
1090 612 1175 640 lueca
1195 614 1275 641 nobis
1298 616 1378 642 etiam
1401 617 1541 651 praamissa
1566 622 1657 650 sunto,
1685 625 1719 645 ex
1744 619 1806 653 quia

179 661 230 688 bus
247 666 419 688 accusatores
440 661 526 688 nostri
543 660 703 694 intelligant,
725 666 778 686 non
807 658 867 686 sine
898 663 1006 685 maturo
1025 659 1140 687 consilio
1171 668 1222 689 nos
1251 661 1342 690 inania
1370 671 1461 691 rerum
1485 665 1618 700 ejusmodi
1644 666 1731 693 studia
1760 675 1805 694 ne-

179 708 305 744 glexisse.
327 706 390 735 Jam
410 716 476 736 vero
499 708 647 744 pugnantia
673 707 717 734 illa
739 705 962 742 philosophorum
982 713 1052 740 quos
1065 706 1194 742 Physicos
1208 715 1317 742 vocant,
1331 710 1440 738 decreta
1469 712 1550 740 altius
1573 713 1719 748 repetendo
1745 721 1806 748 spe-

179 759 293 782 ctemus.
310 755 506 790 Complectitur
533 761 599 783 sane
619 753 781 781 Plutarchus
808 753 1033 788 philosophorum
1066 753 1147 780 simul
1169 755 1291 782 omnium
1315 761 1369 783 tam
1399 756 1723 793 Platonicorumuquam
1754 759 1806 795 Py-

180 800 382 836 thagoreorum,
407 808 512 828 necnon
544 799 729 834 antiquiorum
745 799 826 826 etiam
862 798 982 831 illorum,
1002 807 1049 834 qui
1067 797 1176 835 Physici
1201 801 1266 829 dicti
1282 807 1356 835 sunt,
1382 810 1491 838 unaque
1528 805 1721 838 recentiorum,
1748 810 1803 833 tam

180 845 431 881 Peripateticorum,
453 854 535 882 quam
552 845 717 878 Stoicorum.
732 849 758 872 et
774 844 969 879 Epicureorum
991 846 1151 879 sententias,
1167 854 1200 874 eo
1216 847 1286 875 libro
1306 856 1385 884 quem
1401 849 1439 876 De
1454 850 1671 884 philosoohorum
1693 852 1804 879 decreti:

180 893 214 918 ad
232 900 272 919 res
286 892 409 928 physicas
425 892 615 927 pertinentibus
629 891 802 926 conscripsit.
825 889 882 926 Ego
897 890 954 918 hazc
972 894 1076 918 tantum
1091 891 1173 920 dabo.

445 936 642 963 ΚΕΦΑΛΑΙΟΝ
663 934 711 962 1Δ’.

179 991 268 1023 Δὸξαι
283 991 456 1026 φιλοσόφων
475 991 541 1024 περὶ
564 990 675 1025 ἀρχῶν.
701 990 772 1018 Ἀπὸ
795 989 855 1017 τῶν
869 991 966 1026 Πλουο

215 1026 325 1060 τάρχου
341 1027 376 1053 ἐν
388 1025 428 1059 τῷ
453 1027 520 1061 Περὶ
530 1026 584 1055 τῶν
599 1026 770 1062 ἀρεσκόντων
788 1027 844 1058 τοῖς
860 1025 966 1060 φιλοσόά

216 1070 276 1096 φοις
293 1061 414 1096 φυσικῶν
429 1061 582 1097 δογμάτων.

218 1128 227 1143 ι
251 1118 339 1153 Θαλῆς
365 1119 378 1145 ό
404 1118 537 1154 Μιλήσιος
550 1118 614 1154 (65),
631 1117 671 1150 εἷς
697 1118 750 1145 τῶν
775 1116 845 1145 ἑπτὰ
862 1116 966 1152 Σοφῶν,

180 1166 267 1204 ἀρχὴν
281 1166 334 1193 τῶν
348 1156 431 1192 όντων
446 1166 603 1201 ἀπεφήνατο
616 1164 685 1192 εἶναι
700 1165 730 1191 τὸ
744 1165 825 1199 ὕδωρ,
839 1166 917 1190 Δοκεῖ
938 1163 966 1190 δὲ

180 1215 194 1240 ὁ
211 1213 280 1248 ἀνὴρ
295 1210 371 1243 οὗτος
382 1211 461 1247 ἄρξαι
477 1211 524 1246 τῆς
538 1211 706 1246 φιλοσοφίας,
721 1211 768 1237 καὶ
791 1211 838 1237 ἀπ’
853 1209 934 1236 αὐτοῦ
949 1210 966 1245 ὴ

185 1258 292 1294 Ἰωνικὴ
307 1258 411 1293 αἵρεσις
422 1256 640 1293 προσηγορεύθη.
665 1257 806 1290 Ἐγένοντο
827 1255 882 1292 γὰρ
893 1255 967 1282 πλεῖι

181 1314 242 1332 σιαι
257 1305 384 1339 διαδοχαί.
400 1304 584 1338 Φιλοσοφήσας
598 1303 623 1329 δὲ
645 1303 674 1330 ὲν
695 1303 834 1338 Αἰγύπτῳ,
849 1301 967 1336 πρεσϐύ-

179 1360 258 1387 τερος
269 1349 349 1386 ἦλθεν
359 1350 398 1382 είς
415 1349 544 1385 Μίλητον.
568 1349 613 1382 Ἐξ
628 1348 722 1380 ὕδατος
747 1347 775 1374 δέ
790 1357 856 1383 φησι
878 1348 968 1374 πάντα

179 1396 260 1427 εἶναι,
277 1397 323 1423 καὶ
344 1397 384 1428 είς
406 1395 478 1431 ὕδωρ
495 1397 582 1422 πάντα
605 1395 776 1422 ἀναλύεσθαι.
805 1394 967 1429 Στοχάζεται

180 1444 208 1470 δὲ
215 1444 247 1470 ἐκ
253 1441 345 1470 τούτου
355 1441 472 1478 πρῶτον,
482 1442 522 1468 ὅτι
534 1441 640 1468 πάντων
649 1441 726 1474 ζώων
737 1442 753 1477 ἡ
764 1442 829 1476 γονὴ
840 1441 910 1477 ἀρχή
923 1441 969 1467 ἐσ-

179 1499 233 1521 τιν,
249 1489 320 1525 ὑγρὰ
335 1487 413 1516 οὖσα⁶
422 1488 508 1520 οὕτως
516 1489 588 1520 εἰκὸς
598 1489 644 1515 καὶ
653 1488 688 1515 τὰ
696 1488 782 1515 πάντα
790 1481 818 1520 ἐξ
825 1487 908 1523 ὑγροῦ
919 1487 967 1523 τὴν

180 1537 268 1572 ἀρχὴν
282 1536 363 1572 ἔχειν.
379 1534 519 1570 Δεύτερον,
533 1535 573 1562 ὅτι
589 1535 676 1561 πάντα
686 1534 721 1561 τὰ
734 1534 803 1569 φυτὰ
819 1534 894 1570 ὑγρῷ
906 1535 968 1570 τρέ-

181 1582 260 1617 φεταί
277 1591 306 1609 τε
321 1583 367 1609 καὶ
381 1583 559 1617 καρποφορεῐε
578 1580 741 1616 ἀμοιροῦντα
756 1580 785 1607 δὲ
800 1580 963 1616 ξηραίνεται.

180 1629 276 1665 Τρίτον
289 1629 327 1660 δὲ,
343 1628 441 1656 ὄτικαὶ
456 1627 521 1654 αὐτὸ
533 1627 562 1654 τὸ
579 1627 634 1662 πῦρ
660 1626 690 1653 τὸ
713 1626 757 1653 τοῦ
775 1626 849 1662 ἡλίου
867 1627 914 1653 καὶ
935 1626 966 1652 τὸ

179 1675 234 1702 τῶν
249 1675 354 1710 ἄστρων
367 1675 427 1705 ταῖς
437 1673 491 1700 τῶν
502 1673 605 1700 ὑδάτων
619 1672 815 1708 ἀναθυμιάσεσι
827 1673 965 1707 τρέφεται,

178 1722 229 1748 καὶ
244 1722 324 1754 αὐτὸς
339 1722 352 1748 ὁ
366 1721 474 1756 κόσμος.
502 1720 550 1746 Διὰ
569 1720 646 1746 τοῦτο
669 1719 716 1746 καὶ
732 1719 852 1754 ’Όμηρος
866 1719 966 1754 ταύτην

179 1767 230 1802 τὴν
246 1765 351 1801 γένεσιν
367 1766 522 1794 ὑποτίθεται
533 1766 596 1801 περ).
606 1765 652 1792 τοῦ
668 1765 772 1796 ὕδατος·

187 1900 327 1928 Ὠκεανὸν
357 1900 427 1935 (66),
452 1900 546 1934 ὅσπερ
573 1898 690 1934 γένεσις
713 1898 860 1971 πάντεσρνι
886 1900 968 1928 τέτυ-

843 1944 919 1962 κται.

843 1944 908 1962 aetat
913 1956 919 1962 .

181 1981 274 2009 Ταῦτα
292 1983 340 2018 μὲν
365 1983 379 2008 6
395 1981 495 2017 Θαλῆς.
529 1981 737 2017 Ἀναξίμανδρος
753 1981 781 2008 δὲ
803 1983 817 2009 ὁ
837 1981 967 2018 Μιλήσιός

181 2035 248 2063 φησι
264 2028 318 2054 τῶν
341 2027 426 2054 ὄντων
450 2027 497 2063 τὴν
511 2027 597 2064 ἀρχὴν
616 2025 684 2053 εἶναι
709 2027 740 2054 τὸ
765 2026 887 2062 ἄπειρον.
920 2027 967 2054 Ἐκ

180 2074 237 2109 γὰρ
255 2073 350 2100 τούτου
366 2073 454 2099 πάντα
483 2072 623 2107 γίνεσθαι,
644 2072 691 2099 καὶ
712 2073 751 2103 εὶς
771 2072 850 2099 τοῦτο
880 2072 968 2099 πάντα

181 2119 348 2155 φθείρεσθαι.
359 2119 404 2145 Διὸ
420 2120 465 2145 καὶ
480 2118 624 2153 γεννᾶσθαι
641 2119 769 2154 ἀπείρους
783 2120 911 2155 κόσμους,
921 2120 968 2146 καὶ

179 2165 262 2192 πάλιν
280 2165 434 2200 φθείρεσθαι
452 2166 491 2196 εἰς
501 2164 541 2197 τὸ,
555 2164 584 2197 ἐξ
597 2161 627 2192 οὗ
643 2165 755 2198 γίνεται.
768 2165 848 2200 Λέγει
875 2163 898 2192 δ’
910 2163 966 2198 οὖν,

179 2211 248 2238 διότι
266 2209 297 2237 τδ
312 2209 424 2247 ἀπειρόν
443 2213 526 2243 ἐστιν,
542 2211 586 2239 ἵνα
599 2211 680 2247 μηδὲν
693 2208 802 2247 ἐλλείπῃ
816 2210 863 2238 καὶ
892 2211 908 2246 ή
923 2211 968 2246 γέ-

180 2267 255 2289 νεσις
274 2258 330 2293 (65)
354 2259 370 2293 ὴ
399 2256 579 2292 ὑφισταμένη.
604 2257 805 2292 Ἀμαρτάνειδὲ
819 2257 864 2284 καὶ
880 2255 965 2290 οὗτος,
982 2270 1004 2300 D

181 2305 220 2341 μὴ
239 2304 334 2339 λέγων,
350 2304 376 2330 τί
391 2304 448 2330 ἐστι
462 2303 493 2330 τὸ
506 2303 627 2339 ἄπειρον,
641 2303 752 2339 πότερον
771 2304 825 2339 ἀήρ
841 2305 923 2336 ἐστιν,
948 2303 964 2339 ἢ

180 2351 265 2386 ὓδωρ.
279 2350 353 2386 ἦγῆ,
372 2350 388 2386 ἢ
405 2349 473 2377 ἀλλα
497 2350 558 2376 τινὰ
588 2349 710 2385 σώματα.
736 2349 899 2385 Ἀμαρτάνει
919 2347 965 2376 οὖν

179 2395 230 2431 τὴν
254 2395 302 2430 μὲν
318 2395 385 2430 ὓλην
416 2395 642 2430 ἀποφαινόμενος,
666 2394 736 2421 τὸδὲ
762 2394 854 2421 ποιοῦν
880 2395 965 2422 αἴτιον

180 2441 309 2477 ἀναιρῶν.
325 2441 363 2467 Τὸ
374 2441 428 2476 γὰρ
441 2441 553 2475 ἄπειρον
570 2439 644 2466 οὐδὲν
659 2440 723 2467 ἄλλο
739 2440 755 2475 ἢ
773 2439 822 2475 ὕλη
837 2440 918 2467 ἐστίν·
934 2441 963 2467 οὺ

179 2487 289 2514 δύναται
301 2487 362 2522 δὲὴ
391 2486 439 2522 ὕλη
467 2484 535 2513 εἶναι
563 2485 688 2521 ἐνεργείᾳ
711 2485 779 2520 (66),
805 2486 852 2512 ἐὰν
879 2487 916 2522 μὴ
935 2485 965 2512 τὺ

180 2533 273 2560 ποιοῦν
284 2532 416 2568 ὑπόθηται
432 2532 497 2568 (67).
519 2531 694 2567 Ἀναξιμένης
706 2532 734 2559 δὲ
747 2534 761 2558 ὁ
777 2532 907 2568 Μιλήσιος
920 2533 965 2568 ἀρ-

178 2578 231 2614 χὴν
245 2578 297 2605 τῶν
313 2578 397 2605 όντων
409 2578 453 2605 τὸν
468 2578 535 2614 ἀέρα
550 2578 716 2614 ἀπεφήνατω
747 2579 779 2614 ὲκ
794 2578 845 2613 γὰρ
869 2578 964 2605 τούτου

216 2655 271 2691 (63)
283 2655 383 2690 Θαλῆς
392 2657 408 2682 ό
418 2655 574 2690 Μιλήσιος.
589 2655 726 2683 Plutarch.
736 2655 774 2682 De
786 2656 890 2690 placitis
903 2656 948 2691 phi

179 2691 293 2726 losoph.,
310 2699 370 2726 pag.
387 2691 439 2718 875
453 2691 484 2726 ί),

215 2727 272 2761 (66)
295 2725 445 2753 Ὠκὲανόνι
460 2725 568 2753 Homer.
584 2725 666 2752 Iliad.
678 2725 709 2757 Ξ,
725 2726 787 2752 246.
945 2742 950 2746 -

227 2762 272 2797 65)
295 2761 350 2787 Καὶ
374 2762 393 2795 ἡ
414 2761 541 2796 γένεσις.
560 2761 697 2797 Plutarch.
715 2769 768 2797 non
795 2761 874 2788 habet
899 2761 963 2788 illud

216 2765 272 2824 $65)
295 2765 350 2802 Κᾳὶ
374 2765 393 2795 ὴ
414 2765 541 2801 γένεσις.
561 2765 697 2788 Plutarch.
715 2769 768 2802 non
795 2765 874 2788 habet
899 2765 963 2788 illud

178 2806 216 2825 κα
229 2818 237 2829 ,
253 2798 298 2824 sed
320 2802 371 2832 ista
389 2802 543 2832 coniungit,
562 2796 606 2822 ἵνα
631 2796 713 2832 μηδὲν
729 2796 840 2832 ἐλλείπῃ
860 2796 964 2832 ήγένε-

179 2839 234 2864 σις,
249 2838 300 2860 etc.
324 2831 440 2866 Melius:
449 2831 502 2858 Καί
519 2837 608 2859 tamen
622 2831 732 2859 retineri
746 2831 847 2866 optime
864 2835 962 2865 potest,

179 2868 262 2895 modo
284 2871 414 2903 sequatur
426 2864 456 2904 ᾖ,
471 2874 520 2903 pro
534 2867 566 2902 ἡ,
583 2866 655 2902 quod
679 2866 747 2895 mihi
765 2864 850 2902 inagis
864 2864 965 2902 prob»

180 2907 264 2930 retur.

1311 938 1426 967 CAPUT
1440 939 1510 966 XIV.

1017 988 1237 1030 Philosophorum
1251 994 1283 1030 de
1295 995 1433 1030 principiis
1446 998 1590 1024 sententite.
1609 994 1651 1025 Er;
1668 998 1806 1026 Plutarchi

1055 1025 1132 1067 libro,
1164 1036 1239 1062 quem
1259 1025 1304 1067 ne
1319 1025 1543 1067 philosophorum
1570 1033 1685 1061 decretis
1709 1036 1742 1061 ad
1762 1025 1805 1062 res

1053 1061 1179 1096 physicas
1198 1061 1395 1098 pertinentibus
1408 1061 1575 1101 conscripsit.

1056 1127 1066 1143 ι
1090 1117 1189 1147 Thales
1214 1120 1336 1149 Milesius
1351 1142 1358 1155 ,
1383 1122 1486 1157 inquit,
1514 1128 1617 1158 septem
1645 1123 1804 1159 Sapientum

1016 1171 1099 1196 unus,
1119 1173 1209 1193 rerum
1230 1167 1392 1202 principium
1410 1177 1509 1204 aquam
1525 1178 1585 1197 esse
1605 1172 1803 1205 pronuntiavit.

1017 1210 1042 1238 ls
1057 1215 1084 1238 et
1112 1213 1290 1248 philosophiae
1317 1215 1435 1247 initium,
1459 1220 1486 1242 et
1501 1215 1598 1244 Ionicae
1623 1223 1702 1245 secta:
1724 1218 1806 1253 ’148

1017 1262 1115 1284 nomen
1128 1257 1234 1285 dedisse
1245 1259 1362 1291 videtur,
1378 1267 1392 1287 a
1409 1268 1463 1295 quo
1487 1261 1578 1295 plures
1594 1263 1722 1296 deinceps
1742 1271 1805 1291 suc-

1017 1303 1156 1330 cessiones
1176 1310 1330 1340 propagatae
1355 1311 1428 1334 sunt.
1455 1306 1527 1334 ldem
1552 1312 1613 1342 post
1633 1314 1757 1335 navatam
1776 1309 1803 1335 in

1017 1348 1135 1385 Egypto
1158 1351 1336 1386 philosophiae
1356 1360 1479 1387 operam,
1503 1353 1624 1381 Miletum
1645 1355 1724 1382 rediit
1747 1355 1804 1389 jam

1018 1396 1120 1422 senior.
1144 1395 1239 1428 Porro,
1258 1402 1287 1424 ut
1301 1405 1334 1424 ex
1357 1406 1426 1433 aqua
1449 1404 1511 1427 nata
1527 1407 1588 1427 csse
1602 1400 1704 1432 omnia,
1728 1406 1755 1428 et
1777 1401 1803 1428 in

1018 1449 1116 1477 aquam
1134 1444 1225 1471 omnia
1239 1445 1351 1472 dissolvi
1366 1450 1475 1480 statuat,
1489 1447 1532 1474 his
1544 1447 1706 1482 coniecturis
1719 1449 1804 1476 addu-

1017 1489 1098 1516 citur.
1115 1488 1247 1523 Primum,
1264 1499 1355 1519 semen
1372 1492 1552 1520 animantium
1565 1494 1688 1521 omnium
1699 1495 1804 1529 princis

1017 1535 1102 1570 pium,
1119 1535 1261 1563 humidum
1272 1542 1331 1563 est:
1344 1537 1483 1571 probabile
1496 1538 1580 1573 igitur
1594 1544 1634 1566 est
1647 1547 1678 1565 ex
1691 1539 1804 1567 humore

1018 1581 1110 1608 omnia
1126 1582 1289 1617 principium
1306 1583 1415 1611 ducere.
1439 1582 1550 1617 Deinde,
1576 1585 1690 1612 humore
1705 1585 1804 1620 stirpes

1017 1628 1128 1655 aluntur
1149 1635 1264 1655 omnes:
1280 1636 1312 1656 ex
1332 1636 1366 1655 eo
1387 1628 1578 1657 fecunditatem
1595 1631 1745 1664 hauriunt;
1770 1636 1804 1659 eo

1018 1674 1040 1700 si
1054 1677 1175 1704 careant,
1188 1678 1360 1701 exarescunt.
1378 1673 1480 1706 Tertio,
1498 1675 1555 1709 ipse
1568 1682 1677 1710 quoque
1693 1675 1759 1703 solis
1772 1682 1804 1703 ac

1019 1719 1185 1754 reliquorum
1206 1724 1343 1747 astrorum
1356 1720 1437 1754 ignis,
1454 1721 1626 1755 mundusque
1640 1721 1707 1748 adeo
1730 1725 1804 1749 totus

1017 1772 1151 1800 aquarum
1186 1765 1404 1793 exhalationibus
1427 1766 1519 1793 alitur.
1544 1767 1638 1802 itaque
1669 1766 1804 1795 Homerus

1018 1812 1098 1839 etiam
1115 1812 1165 1839 has
1179 1820 1270 1840 rerum
1290 1818 1368 1840 ortus
1388 1820 1466 1848 aqua:
1486 1814 1611 1848 proprios
1633 1821 1694 1842 esse
1715 1815 1803 1848 ponit,

1018 1859 1071 1885 hoc
1084 1866 1177 1892 versu,

1057 1902 1191 1930 Oceanum
1204 1904 1304 1931 cunctis
1313 1904 1471 1939 pra'bentem
1482 1904 1592 1931 exordia
1605 1904 1691 1932 rebus.

1018 1979 1081 2008 Haec
1100 1979 1209 2008 Thales.
1227 1980 1430 2008 Anaximander
1453 1979 1695 2020 itidem_Milesius,
1712 1990 1803 2010 rerum

1018 2026 1183 2062 principium
1206 2034 1267 2054 esse
1291 2026 1350 2054 vult
1372 2026 1521 2054 inﬁnitum.
1538 2026 1644 2061 Quippe
1659 2035 1721 2054 cum
1741 2027 1804 2054 inde

1018 2072 1093 2100 nasci
1114 2072 1216 2104 omnia,
1231 2076 1286 2100 tum
1300 2072 1395 2099 eodem
1409 2072 1500 2099 omnia
1523 2073 1621 2105 redire,
1636 2072 1700 2099 dum
1718 2073 1804 2100 inter-

1018 2123 1092 2147 eunt.
1123 2118 1214 2152 Quare
1240 2119 1357 2146 mundos
1384 2119 1504 2146 inlinitos
1524 2119 1646 2154 generari
1672 2119 1802 2152 vicissim.

1018 2171 1050 2191 ac
1073 2164 1193 2191 vicissim
1215 2163 1243 2190 in
1268 2164 1333 2191 illud
1356 2163 1517 2191 intereundo
1543 2164 1666 2197 dissolvi,
1692 2171 1726 2191 ex
1749 2171 1803 2199 quo

1018 2208 1136 2243 primum
1163 2209 1326 2237 exstiterint.
1343 2208 1489 2236 Enimvero
1505 2209 1639 2236 inﬁnitum
1660 2217 1721 2237 esse
1741 2217 1805 2244 pro-

1018 2259 1110 2288 pterea
1125 2253 1215 2286 docet,
1229 2262 1263 2282 ne
1287 2254 1353 2290 quid
1378 2262 1497 2289 unquam
1521 2254 1638 2287 deﬁciat,
1661 2262 1693 2282 ac
1714 2262 1802 2281 rerum

1019 2306 1096 2330 ortus
1117 2301 1219 2337 aliquid
1242 2310 1349 2337 semper
1363 2302 1462 2329 habeat
1475 2309 1529 2336 quo
1541 2302 1652 2329 nitatur.
1676 2301 1728 2328 Sed
1752 2302 1804 2329 hoc

1018 2352 1113 2382 peccat
1128 2348 1184 2380 ille,
1199 2347 1272 2382 quod
1296 2347 1431 2374 inﬁnitum
1455 2348 1519 2382 quid
1545 2349 1580 2374 sit
1601 2355 1655 2374 non
1677 2347 1802 2381 aperiat;

1016 2399 1108 2421 utrum
1126 2401 1182 2426 aer,
1210 2402 1243 2421 an
1270 2401 1350 2428 aqua,
1375 2394 1417 2420 vel
1437 2399 1520 2425 terra,
1547 2394 1589 2420 vel
1609 2393 1661 2420 alia
1679 2393 1803 2428 quaedam

1015 2447 1140 2475 corpora.
1154 2439 1252 2467 Peccat
1267 2445 1408 2474 praeterea,
1422 2440 1485 2467 dum
1500 2439 1641 2466 materiam
1657 2439 1693 2466 ita
1716 2439 1802 2474 ponit,

1015 2490 1046 2512 ut
1058 2493 1168 2513 causam
1183 2486 1259 2512 tollat
1273 2485 1445 2513 efﬁcientem.
1461 2485 1528 2512 Nam
1542 2485 1678 2512 intinitum
1694 2485 1803 2520 quidem

1015 2531 1088 2558 aliud
1106 2533 1172 2559 nihil
1189 2539 1270 2568 quam
1291 2532 1405 2559 materia
1428 2537 1491 2564 est;
1519 2531 1632 2558 materia
1650 2538 1724 2562 vero.
1750 2531 1802 2558 nisi

1014 2588 1098 2610 causa
1113 2580 1231 2608 eiliciens
1255 2577 1388 2611 adiuerit,
1408 2585 1437 2605 re
1462 2579 1520 2613 ipsa
1537 2582 1563 2605 et
1585 2581 1648 2604 actu
1674 2585 1735 2605 esse
1749 2585 1802 2605 non

1050 2658 1280 2695 (ϐϐὶξενεργείᾳ.
1297 2656 1354 2695 Hoc
1369 2657 1447 2695 _ma_lo
1464 2664 1546 2695 quam
1563 2655 1699 2695 tvépyeta,
1719 2660 1748 2682 ut
1759 2661 1802 2695 est

1014 2691 1085 2729 apud
1097 2691 1290 2729 Plutarchum,
1308 2693 1352 2729 u‘hi
1368 2691 1480 2729 Latinus
1495 2691 1628 2729 interpres
1643 2692 1698 2718 inec
1709 2691 1801 2729 verba,

1013 2725 1044 2756 οὗ
1054 2729 1204 2766 δύναται-δὲ
1214 2729 1231 2764 ἡ
1243 2727 1292 2762 ὕλη
1307 2725 1376 2766 εἶναι
1390 2727 1514 2766 ἐνέργεια
1528 2725 1608 2753 vertit
1621 2727 1733 2753 materia
1747 2734 1801 2766 rem

1014 2773 1104 2827 freare
1121 2763 1332 2798 nullam’potest.
1346 2763 1482 2789 Plutarchi
1498 2767 1576 2789 mens
1591 2769 1732 2796 nunquam
1750 2763 1800 2789 ista

1027 2801 1075 2827 uit.
1654 2825 1657 2827 .

1015 2825 1106 2898 "$67)
1127 2834 1289 2867 Ὺπόθηται.
1308 2832 1458 2864 Plutarch,
1473 2831 1632 2873 ὑποκέηται.
1649 2825 1799 2866 Utrumque

1015 2870 1048 2898 de
1061 2870 1122 2898 endi
1139 2875 1240 2906 potest;
1255 2868 1389 2904 ὑπόθηται
1407 2872 1497 2896 tamen
1510 2875 1595 2903 magis
1608 2867 1705 2903 placet.
1796 2891 1799 2893 .

1234 2891 1240 2903 ,
1257 2887 1342 2904 Ulwvl‘
