2061 3210
271 176 335 204 ull

585 173 720 202 EUSEBII
739 172 981 200 CIBSA‘RIENSIS
999 170 1075 198 OPP.
1097 170 1189 196 PARS
1208 170 1240 200 ll.
1262 185 1296 189 —
1315 169 1566 196 APOLOGETICA.

1820 166 1888 194 £9.32

271 241 367 272 potest.
395 236 576 262 Anaximenes
598 233 716 260 indidem
739 231 841 265 Mileto,
867 239 957 260 aerem
980 231 1053 266 ejus-

1103 230 1136 257 τὰ
1154 230 1242 257 πάντα
1256 230 1389 263 γίνεσθαι,
1407 229 1453 255 καὶ
1472 229 1511 260 εις
1533 227 1613 255 αὑτὸν
1624 227 1703 254 πάλιν
1716 227 1889 254 ἀναλύεσθαι.

270 276 342 310 modi
361 281 523 318 principium
538 287 600 307 esse
615 279 727 306 docuit:
756 285 789 305 ex
805 286 836 305 eo
855 277 927 304 enim
955 282 1052 304 cuncta

271 329 356 362 nasci,
384 329 409 354 in
433 334 551 361 eumque
566 325 685 353 vicissim
708 328 806 351 cuncta
832 323 955 351 dissolvi.
984 321 1053 349 Nam

270 381 389 405 animus,
419 373 516 407 inquit,
544 375 647 404 noster,
666 369 782 404 exempli
804 376 886 396 causa
900 389 908 402 ,
931 376 977 395 aer
995 371 1053 399 est,

270 427 374 455 nosque
388 419 457 446 foret
474 426 506 446 ac
519 423 608 445 tuetur
622 426 630 450 ;
645 421 829 451 cunctumque
839 416 907 444 adeo
923 415 1054 442 mundum

270 465 382 498 spiritus
405 470 506 497 aerque
526 461 724 496 complectitur.
751 460 799 487 Est
822 465 911 487 autem
943 459 1056 494 spiritus

270 510 362 537 cadent
388 509 516 543 aerisque
540 507 714 543 signiﬁcatio.
731 507 766 533 At
786 511 877 541 peccat
899 505 980 532 etiam
1000 505 1054 537 hic,

269 557 333 583 dum
350 563 382 582 ex
398 554 514 590 simplici
535 560 562 582 et
585 553 680 581 formas
703 553 784 580 unius
807 559 870 579 aere
891 559 923 579 ac
945 551 1055 586 spiritu,

270 603 344 637 ipsas
369 602 450 629 etiam
481 601 634 628 animantes
661 605 787 627 constare
811 600 877 626 vult.
904 597 959 626 Nec
982 599 1055 625 enim

270 649 327 676 ﬁeri
350 652 447 683 potest,
464 647 493 675 ui.
508 646 623 674 materia
640 654 693 673 una
712 653 802 673 rerum
815 644 978 679 principium
1002 644 1054 676 sit;

269 694 380 722 accedat
391 700 501 721 necesse
510 697 551 720 cst
562 699 644 719 causa
661 691 790 719 ciﬁciens.
804 691 1057 725 Argentum,exem-

270 741 307 775 pli
323 740 418 775 gratia,
441 743 471 765 ut
485 738 600 765 exsistat
614 737 756 772 poculum,
771 736 838 763 satis
858 743 905 770 per
920 743 980 763 sese
1002 743 1055 762 non

269 790 330 818 est,
361 785 412 812 nisi
439 784 514 811 lahcr
542 783 714 819 argentarius
742 783 853 810 ell‘ector
883 781 1054 809 accesserit:

271 831 396 865 idemque
409 830 441 856 de
455 837 519 861 acre,
532 829 624 863 lignis,
638 832 791 862 caeteraquc
805 827 919 854 materia
935 831 1056 855 statuen-

270 877 344 904 dum.
370 875 523 903 Heraclitus
541 881 567 902 et
591 875 725 909 Hippasus
753 873 965 908 Metapontinus,
983 873 1057 900 hunc

270 923 324 957 igni
348 922 528 957 principatum
556 921 718 947 attribuunt.
744 918 811 946 Nam
837 927 868 945 ex
894 919 955 953 igne
987 918 1051 945 oriri

270 969 377 1000 omnia,
401 973 428 995 et
452 969 477 994 in
503 968 591 1001 ignem
609 967 700 993 omnia
726 965 851 994 desinere
877 966 1052 992 conlirmant.

271 1012 353 1049 759
361 1013 467 1048 Quippe
482 1013 545 1040 dum
557 1013 752 1048 exstinguitur,
771 1016 861 1047 partes
876 1011 938 1039 inde
960 1011 1053 1038 mundi

271 1066 367 1085 omnes
381 1059 523 1085 exsistere.
540 1057 662 1084 Primum
677 1057 749 1084 enim
766 1057 839 1092 quod
855 1057 882 1084 in
893 1064 927 1084 eo
943 1057 1054 1084 crassis-

271 1103 370 1132 simum
386 1108 437 1136 est,
454 1111 643 1138 compressum
663 1108 690 1131 et
714 1103 856 1131 collectum
872 1103 898 1130 in
914 1110 983 1134 sese,
1000 1108 1054 1129 ter-

271 1156 328 1177 ram
345 1149 423 1182 ﬁeri;
440 1149 538 1176 deinde
553 1154 664 1181 terram,
679 1157 742 1176 cum
758 1149 829 1184 ignis
843 1150 869 1176 vi
886 1149 1011 1182 solvrtnr,
1027 1149 1054 1176 in

270 1203 368 1232 aquam
395 1196 523 1223 eﬁluere:
543 1195 615 1231 quod
630 1201 719 1223 autem
735 1196 866 1230 exspirat,
882 1197 956 1224 abire
967 1197 994 1223 in
1010 1204 1055 1223 ae-

270 1250 347 1270 rem:
366 1250 462 1269 rursus
482 1250 548 1270 vero
562 1242 693 1269 mundum
718 1249 888 1277 corporaque
912 1242 1004 1270 omnia
1026 1242 1053 1269 in

270 1288 502 1324 conﬂagratione,
531 1288 602 1324 ignis
631 1289 727 1316 ardore
753 1289 948 1317 consumenda.
981 1289 1054 1324 Ignis

270 1335 354 1371 igitur
377 1341 404 1363 et
427 1336 589 1371 principium
617 1340 678 1368 est,
700 1336 773 1370 quod
801 1344 834 1364 ex
861 1344 894 1363 eo
923 1337 1054 1371 prodeant

271 1381 375 1413 omnia.
393 1386 420 1409 et
433 1382 504 1414 ﬁnis,
521 1382 593 1416 quod
609 1382 636 1408 in
650 1382 776 1410 eumdem
794 1383 886 1410 omnia
902 1383 1054 1410 dissolvan-

271 1431 325 1454 tur.
354 1426 533 1459 Democritus,
556 1434 636 1462 quem
661 1427 794 1462 Epicurus
819 1427 900 1462 longo
926 1427 1053 1462 deinceps

270 1471 412 1506 intervallo
441 1477 551 1499 secutus
574 1476 630 1503 est,
650 1479 740 1499 rerum
765 1472 896 1507 principia
919 1472 1054 1500 statuebat

270 1525 385 1553 corpora
403 1517 526 1552 quadam
553 1517 702 1547 individua.
717 1525 778 1552 quze
794 1519 899 1545 ratione
922 1526 1053 1553 caperen-

270 1569 324 1596 tur,
339 1564 415 1590 vacui
435 1563 567 1590 haberent
588 1563 666 1596 nihil,
686 1563 745 1590 sine
765 1568 838 1596 ortu,
860 1563 919 1591 sine
931 1564 1051 1597 interitu,
1067 1573 1088 1602 ε

269 1611 444 1644 sempiterna,
456 1618 517 1644 qua;
530 1617 579 1638 nec
601 1609 698 1645 frangi,
725 1617 775 1637 nec
790 1611 884 1637 multis
898 1618 914 1638 e
931 1611 1053 1645 partibus

269 1655 445 1689 conformari,
471 1663 521 1683 nec
536 1655 649 1682 omnino
675 1656 783 1686 mutari.
810 1656 856 1683 sed
882 1661 972 1684 mente
996 1657 1052 1684 sola

269 1700 353 1727 videri
385 1704 505 1735 possent.
535 1699 635 1727 Eadem
663 1704 753 1727 tamen
784 1699 810 1727 iu
836 1700 931 1732 inani,
951 1707 982 1727 ac
1005 1707 1053 1734 per

269 1745 350 1772 inane
364 1745 438 1778 ferri,
456 1745 528 1780 quod
544 1745 634 1780 ipsum
651 1751 677 1772 ct
693 1745 828 1772 inﬁnitum
843 1745 887 1777 sit,
906 1750 933 1772 et
948 1744 1052 1772 inﬁnita

269 1791 402 1826 ejusmodi
420 1791 581 1826 corpuscula
601 1791 807 1826 complectatur.
829 1790 856 1818 lu
872 1791 905 1818 iis
924 1791 975 1818 tria
996 1791 1053 1819 haec

269 1837 369 1870 inesse,
386 1836 511 1872 ﬁguram,
533 1837 757 1872 magnitudinem,
770 1842 797 1864 et
812 1837 927 1872 pondus,
942 1845 975 1864 ex
990 1837 1052 1872 qui-

269 1884 320 1912 bus
344 1885 432 1919 priora
452 1885 497 1912 illa
514 1885 578 1918 duo,
604 1885 816 1921 magnitudinem
829 1889 856 1912 et
870 1886 982 1920 ﬁguram
999 1884 1052 1911 De-

268 1932 399 1958 mocritus
413 1936 540 1966 posuerat
553 1940 559 1963 ;
575 1933 696 1964 tertium,
716 1931 742 1958 id
757 1936 798 1958 est
812 1931 929 1965 pondus,
955 1930 1053 1965 Epicu-

267 1983 316 2004 rus
339 1977 446 2011 adjecit.
462 1976 583 2012 Conpora
606 1978 676 2005 enim
695 1985 756 2012 quae
779 1981 932 2010 moventur,
953 1977 1050 2012 inquit,

268 2030 347 2049 suum
370 2031 483 2058 quaeque
497 2024 602 2058 pondus
617 2024 737 2058 impellat
757 2030 866 2051 necesse
880 2028 931 2057 est,
949 2024 1052 2058 alioqui

267 2076 406 2104 nunquam
436 2074 619 2097 moverentur.
649 2071 809 2097 Atomorum
838 2078 918 2106 porro
950 2070 1051 2105 ﬁguras

266 2121 342 2142 certo
357 2123 470 2142 numero
494 2116 714 2150 comprehensas,
742 2124 796 2143 non
823 2117 941 2144 iniiaitas
967 2123 1049 2150 esse;

267 2168 317 2188 nec
337 2161 408 2189 cnim
424 2166 471 2188 aut
485 2162 640 2195 liamorum,
656 2166 702 2189 aut
719 2162 887 2192 tridentium.
905 2166 952 2189 aut
964 2170 1051 2189 annu-

266 2208 353 2235 lorum
373 2208 475 2235 similes
490 2215 571 2241 esse;
590 2215 652 2235 cum
676 2216 715 2235 ea:
740 2208 831 2242 ﬁgura:
850 2207 935 2242 frangi
961 2207 1048 2240 facile,

266 2255 360 2287 atomi,
373 2261 422 2281 nec
434 2254 533 2289 frangi,
549 2262 598 2281 nec
610 2254 766 2282 detrimenti
783 2261 867 2290 genus
880 2254 965 2281 ullqu
982 2262 1012 2281 su

266 2299 306 2327 ire
320 2301 434 2335 possint.
461 2300 574 2336 Figuras
597 2301 677 2336 igitur
692 2301 816 2336 proprias
837 2301 953 2334 habere,
982 2309 1050 2335 quas

265 2346 336 2373 ratio
349 2347 490 2382 percipiat.
502 2346 534 2374 Et
547 2354 609 2374 vero
623 2351 743 2374 atomum
758 2347 898 2382 appellari,
913 2356 964 2375 non
977 2349 1050 2383 quod

301 2436 355 2471 (68)
368 2436 440 2474 ᾉἏήρ
456 2436 530 2474 ἐστι,
545 2441 595 2474 etc.
613 2435 764 2474 Plutarch,
782 2437 834 2472 ἀὴρ
849 2434 917 2463 οὖσα
930 2446 1050 2474 συγκρα-

265 2473 305 2498 τεῖ
321 2472 404 2506 ἡμᾶς,
420 2472 467 2498 καὶ
479 2471 536 2498 ὅλον
549 2472 596 2498 τὸν
614 2471 695 2506 κόσμ.

302 2505 355 2541 (69)
375 2506 435 2541 Τῷν
449 2506 541 2533 ὄντων
561 2507 740 2540 ὑποστῆναι.
761 2505 898 2534 Plutarch.
909 2526 917 2537 .
935 2507 988 2534 τῶν
1006 2507 1049 2534 ὗν-

265 2540 327 2602 τιιῖι,
351 2541 380 2574 ἐξ
401 2540 434 2577 ἧς
451 2542 554 2574 πάντα,
578 2542 740 2577 ὑποστῆναι,
757 2542 827 2577 quod
852 2542 1050 2577 signiﬁcantius

265 2583 299 2602 Vlt
311 2582 378 2602 ctur.

265 2582 378 2603 νιιιοιυτ.

301 2611 355 2646 (⁴70)
375 2611 569 2644 Ἡράκλειτος.
591 2611 711 2638 Praeterit
735 2611 883 2644 Eusebius,
907 2611 1049 2646 Anaxago-

264 2652 339 2681 ram,
355 2645 514 2674 Archelaum
535 2652 561 2674 et
573 2647 752 2681 Pythagmam
763 2655 770 2680 ί
783 2647 846 2680 quid
860 2652 980 2677 secutus.
994 2645 1047 2674 non

264 2680 353 2711 video,
371 2682 422 2708 nisi
443 2682 514 2716 quod
538 2680 703 2717 paulorpo’st.
719 2690 779 2716 pag.
804 2681 866 2714 750,
880 2683 1049 2717 Anaxagora

265 2718 426 2748 sententiam
443 2717 564 2751 pluribus
576 2724 608 2743 ex
622 2716 734 2743 Platone
752 2718 901 2745 traditurus
917 2716 1005 2751 esset;
1021 2723 1049 2745 at

264 2750 447 2787 deArehclao’
457 2757 483 2778 et
493 2751 644 2787 Pythagora
661 2752 737 2779 nihil.

299 2785 353 2822 (7i)
370 2786 414 2821 Γῆ
440 2785 593 2821 γίγνεται.”
601 2787 698 2814 Facilis
713 2791 771 2814 erat
787 2792 951 2821 conjectura,
971 2795 1047 2822 repo-

264 2821 380 2848 nendum
397 2822 448 2856 γῆν
463 2821 613 2855 νίγνεσθαι,
629 2830 709 2857 quam
727 2823 868 2850 lectionem
883 2822 1046 2850 Plutarchus

264 2861 446 2887 repraesentat.
471 2871 479 2877 -

263 2926 267 2928 _
298 2890 355 2925 (72)
373 2890 571 2919 Ἀναλοῡσθαι.
586 2891 656 2925 Quid
673 2892 695 2920 si
711 2892 891 2920 ἁναλύεσθαιῖ

1104 274 1166 303 Οἵον
1182 278 1199 311 ἠ
1213 276 1296 311 ψυχὴ,
1312 275 1403 311 φησὶν,
1424 277 1439 310 ἡ
1455 274 1586 310 ἡμετέρα,
1608 274 1662 309 ἀήρ
1676 275 1734 299 ἐστι
1745 273 1810 309 (68)·
1828 281 1889 306 συγ-

1104 323 1200 357 κρατεῖ
1223 322 1276 356 γὰρ
1303 321 1386 356 ἡμᾶς’
1403 321 1449 347 καὶ
1474 319 1533 346 ὅλον
1550 319 1579 345 δὲ
1602 319 1648 345 τὸν
1668 319 1768 354 κόσμον
1783 318 1890 353 πνεῦμα

1104 369 1151 394 καὶ
1166 367 1219 403 ἀὴρ
1230 367 1398 402 ἐμπεριέχει.
1415 366 1529 400 Λέγεται
1547 365 1576 392 δὲ
1593 365 1756 400 συνωνύμως
1777 365 1831 400 ἀὴρ
1845 366 1889 391 καὶ

1105 413 1222 447 πνεῦμα.
1249 411 1413 446 Ἀμαρτάνει
1431 411 1459 438 δὲ
1476 412 1522 437 καὶ
1537 407 1624 442 οὗτος,
1643 410 1672 443 ἐξ
1686 410 1771 437 ἁπλοῦ
1783 410 1830 437 καὶ
1842 419 1890 445 μο-

1105 456 1222 488 νοειδοῦς
1233 457 1313 492 ἀέρος
1328 457 1374 483 καὶ
1390 456 1543 491 πνεύματος
1557 456 1642 482 δοκῶν
1672 456 1830 482 συνιστάναι
1857 456 1890 482 τὰ

1105 502 1172 535 ζῶα.
1195 502 1336 529 Ἀδύνατον
1350 502 1403 538 γὰρ
1414 502 1500 538 ἀρχὴν
1516 502 1579 537 μίαν
1594 501 1642 537 τὴν
1667 502 1732 537 ὓλην
1743 502 1797 528 τῶν
1808 502 1891 527 δντων

1106 548 1254 583 ὑποστῆναι
1272 548 1338 582 (69)-
1352 547 1420 574 ἀλλά
1435 547 1524 574 καὶτὸ
1540 547 1632 573 ποιοῦν
1648 547 1733 573 αῐτιον
1755 547 1807 582 χρὴ
1821 545 1890 572 τιθέ-

1106 604 1160 622 ναι.
1173 592 1235 622 Οἷον
1246 595 1295 621 οὐκ
1313 594 1432 630 ἄργυρος
1451 594 1530 629 ἀρκεῖ
1553 593 1620 628 πρὸς
1633 592 1662 619 τὸ
1678 592 1793 626 ἔκπωμα
1815 591 1890 626 γενέ-

1107 642 1179 674 σθαι,
1195 642 1241 668 ἐὰν
1260 642 1296 677 μὴ
1308 642 1337 668 τὸ
1355 641 1447 668 ποιοῦν
1476 639 1504 678 ᾗ,
1527 640 1598 667 τοῦτ’
1615 640 1687 667 ἔστιν
1703 640 1718 666 ὁ
1742 638 1890 675 ἀργυροκό-

1107 697 1166 720 πος·
1179 688 1280 723 ὁμοίως
1296 687 1342 714 καὶ
1357 687 1403 714 ἐπὶ
1422 686 1467 713 τοῦ
1480 684 1590 722 χαλκοῦ,
1609 686 1654 712 καὶ
1673 685 1770 718 ξύλων,
1783 685 1890 720 καὶτῆς

1107 736 1189 770 ἄλλης
1206 735 1280 769 ὕλης.
1303 733 1476 769 Ἡράκλειτος
1492 734 1548 767 (70)
1565 733 1611 759 καὶ
1624 733 1757 763 Ἵππασος
1773 731 1787 757 ὁ
1800 732 1889 758 Μετα-

1107 783 1239 813 ποντῖνος,
1257 781 1342 816 ἀρχὴν
1358 779 1412 806 τῶν
1435 779 1542 806 πάντων
1552 779 1582 805 τὸ
1597 778 1663 813 πῦρ.
1685 778 1733 804 Ἐκ
1745 777 1792 804 τοῦ
1807 777 1890 812 πυρὸς

1107 828 1161 864 γὰρ
1177 827 1216 854 τὰ
1227 826 1314 854 πάντα
1325 825 1446 860 γίνεσθαι
1472 825 1519 852 κα).
1531 825 1570 856 εις
1586 824 1639 860 πῦρ
1662 823 1750 850 πάντα
1765 823 1890 858 τελευτᾷν

1108 873 1225 908 λέγουσι’
1241 872 1334 899 τούτου
1345 871 1372 898 δὲ
1392 870 1652 905 κατασϐεννυμένου,
1670 868 1890 904 κοσμοποιεῖσθαι

1109 920 1144 946 τὰ
1155 919 1250 946 πάντα.
1265 918 1376 952 Πρῶτον
1393 917 1505 952 μὲνγὰρ
1519 916 1549 942 τὺ
1561 915 1799 951 παχυμερέστατον
1810 914 1890 941 αὐτοῦ

1105 967 1144 997 εἰς
1156 965 1220 992 αὐτὸ
1236 963 1442 999 συστελλόμενον
1458 963 1493 997 γῆ
1505 963 1625 996 γίγνεται
1638 961 1703 997 (71)·
1721 961 1816 988 ἔπειτα
1829 962 1890 994 ἀνα-

1105 1012 1263 1048 χαλωμένην
1282 1010 1330 1045 τὴν
1341 1010 1391 1045 γῆν
1407 1009 1458 1036 ὑπὸ
1476 1007 1521 1035 τοῦ
1535 1007 1619 1044 πυρὸς
1637 1007 1727 1042 φύσει,
1741 1007 1813 1041 ὕδωρ
1827 1007 1890 1033 ἀπο-

1104 1058 1247 1085 τελεῖσθαιο
1263 1056 1485 1091 ἀναθυμιώμενον
1498 1055 1527 1081 δὲ
1541 1054 1609 1090 ἀέρα
1623 1053 1755 1088 γίνεσθαι.
1766 1053 1851 1080 Πάλιν
1864 1053 1890 1079 δὲ

1105 1103 1148 1130 τὸν
1165 1102 1266 1137 κόσμον
1279 1101 1326 1128 καὶ
1345 1101 1432 1127 πάντα
1443 1099 1478 1126 τὰ
1489 1098 1602 1134 σώματα
1615 1099 1667 1124 ὑπὺ
1681 1097 1765 1133 πυρὸς
1780 1097 1891 1124 ἀναλοῦ-

1105 1149 1166 1175 σθαι
1179 1148 1234 1183 (72)
1251 1149 1279 1173 ὲν
1296 1148 1328 1182 τῇ
1345 1145 1509 1181 ἐκπυρώσει.
1536 1144 1618 1181 Ἀρχὴ
1644 1142 1690 1171 οὖν
1708 1143 1737 1171 τὸ
1769 1143 1835 1179 πῦρ,
1853 1143 1892 1169 ὅτι

1105 1195 1135 1221 ὲκ
1154 1194 1248 1220 τούτου
1258 1193 1293 1220 τὰ
1307 1193 1488 1224 πάντα’τὲλος
1501 1192 1586 1222 δὲ,ὂτι
1603 1191 1643 1223 εἰς
1655 1190 1734 1217 τοῦτο
1748 1190 1891 1217 ἀναλύεται

1104 1239 1138 1266 τὰ
1152 1240 1250 1266 πάντα.
1269 1239 1436 1275 Δημόκριτος
1449 1238 1516 1273 (75),
1534 1234 1556 1272 ᾧ
1578 1236 1646 1272 μετὰ
1673 1237 1797 1263 πλεῖστον
1818 1236 1890 1263 Ἐπίο

1105 1295 1200 1322 κουρος
1214 1285 1405 1320 ἠκολούθησεν,
1414 1285 1500 1320 ἀρχὰς
1511 1284 1563 1311 τῶν
1573 1283 1657 1310 ἧντων
1671 1283 1782 1319 σώματα
1792 1282 1891 1318 ἄτομα,

1104 1330 1175 1367 λόγῳ
1188 1331 1216 1357 δὲ
1231 1330 1364 1366 ϐεωρητὰ,
1392 1330 1513 1365 ἀμέτοχα
1540 1328 1628 1360 κενοῦ,
1642 1329 1787 1363 ἀγέννητα,
1804 1328 1891 1359 αἲδια,

1104 1377 1240 1413 ἄφθαρτα,
1251 1377 1310 1402 οὐδὲ
1321 1376 1487 1412 Θραυσθῆναι
1501 1375 1646 1410 δυνάμενα,
1654 1373 1715 1401 οὔτε
1723 1373 1892 1408 διαπλασμδν

1104 1424 1136 1450 ὲκ
1152 1423 1205 1450 τῶν
1223 1423 1313 1459 μερῶν
1332 1423 1434 1454 λαϐεῖν,
1449 1421 1510 1448 οὔτε
1518 1420 1705 1456 ἀλλοιωθῆναι,
1720 1417 1789 1446 εἶναι
1803 1419 1824 1445 δ’
1841 1419 1890 1445 αξι-

1103 1469 1138 1495 τὰ
1148 1468 1218 1504 λόγῳ
1235 1468 1367 1504 θεωρητά.
1400 1466 1491 1493 Ταῦτα
1520 1466 1610 1502 μέντοι
1638 1465 1770 1493 κινεῖσθαι
1797 1466 1826 1491 ἐν
1852 1464 1891 1500 τῷ

1104 1515 1186 1550 κενῷ,
1202 1515 1249 1541 καὶ
1264 1514 1307 1541 διὰ
1318 1513 1365 1540 τοῦ
1379 1513 1468 1540 κενοῦ·
1483 1511 1551 1540 εἶναι
1562 1513 1590 1540 δὲ
1604 1514 1651 1539 καὶ
1665 1512 1730 1538 αὐτὸ
1757 1512 1787 1538 τὸ
1812 1512 1891 1538 κενὸν

1104 1562 1226 1596 ἄπειρον,
1243 1561 1290 1588 καὶ
1304 1560 1338 1588 *έά
1369 1560 1482 1595 σώματα
1498 1561 1608 1596 ἄπειρα.
1627 1558 1832 1594 Συμὸεϐηκὲναι
1864 1559 1890 1586 δὲ

1103 1609 1158 1639 τοῖς
1171 1607 1278 1643 σώμασι
1294 1607 1357 1643 τρια
1375 1607 1471 1638 ταῦτα,
1491 1607 1626 1641 σχήματα,
1646 1606 1769 1641 μέγεθος,
1797 1605 1890 1642 βάρος·

1103 1654 1188 1681 ἁλλ’ὁ
1218 1654 1264 1689 μὲν
1296 1653 1465 1688 Δημόκριτος
1493 1653 1569 1688 ἔλεγε
1597 1652 1654 1684 δύο,
1685 1652 1811 1688 μέγεθος,
1843 1653 1890 1680 καὶ

1103 1701 1205 1736 σχῆμα·
1226 1701 1240 1727 ὁ
1263 1700 1290 1726 δὲ
1309 1700 1469 1734 Ἐπίκουρος
1490 1699 1594 1731 τούτοις
1610 1700 1656 1726 καὶ
1672 1699 1771 1735 τρίτον,
1795 1699 1890 1734 βάρος,

1105 1746 1278 1783 προσέθηκεν.
1289 1745 1405 1781 Ἀνάγκη
1422 1745 1487 1781 γὰρ,
1498 1746 1575 1780 φησὶ,
1588 1744 1718 1772 κινεῖσθαι
1728 1745 1762 1772 τὰ
1777 1744 1889 1779 σώματα

1102 1794 1134 1828 τῇ
1150 1793 1196 1819 τοῦ
1216 1792 1314 1828 βάρους
1330 1791 1429 1827 πληγῇ,
1447 1790 1508 1818 ἐπεὶ
1527 1792 1557 1818 οὑ
1573 1791 1757 1827 κινηθήσεται.
1772 1789 1851 1817 Εἶναι
1862 1790 1889 1817 δὲ

1101 1839 1137 1866 τὰ
1151 1840 1276 1875 σχήματα
1298 1839 1386 1865 αὐτῶν
1413 1839 1522 1873 ἀτόμων
1539 1838 1691 1873 περιληπτὰ
1713 1838 1762 1864 οὐκ
1776 1838 1889 1872 ἄπειρα·

1104 1885 1141 1920 μὴ
1152 1886 1205 1920 γὰρ
1221 1882 1289 1912 εἶναι
1305 1886 1372 1920 μήτε
1402 1884 1624 1920 ἀγκιστροειδεῖς,
1653 1884 1721 1919 μήτε
1747 1891 1890 1918 τριαινοει-

1101 1931 1165 1962 δεῖς,
1185 1931 1254 1966 μήτε
1268 1929 1437 1966 κρικοειδεῖς·
1462 1929 1547 1956 ταῦτα
1562 1929 1616 1964 γὰρ
1631 1929 1665 1955 τὰ
1680 1929 1807 1964 σχήματά
1816 1930 1892 1955 ἐστιν

1102 1976 1264 2012 εῦθραυστα,
1282 1977 1310 2003 αἱ
1326 1976 1354 2003 δὲ
1380 1976 1475 2011 ἄτομοι
1497 1975 1622 2007 ἀπαθεῖς,
1652 1975 1808 2009 ἄθραυστοι·
1837 1975 1891 2002 ἴδια

1101 2023 1129 2050 δὲ
1141 2023 1212 2058 ἔχειν
1229 2023 1364 2058 σχήματα,
1387 2022 1458 2057 λόγῳ
1469 2022 1602 2057 θεωρητά.
1633 2022 1688 2048 Καὶ
1699 2021 1805 2057 εἴρηται
1827 2021 1890 2048 ἀτο-

1103 2085 1162 2111 μος,
1179 2076 1228 2111 οὐχ
1239 2075 1279 2102 ὅτι
1291 2076 1364 2102 ἐστὶν
1378 2075 1517 2110 ἐλαχίστη,
1528 2074 1585 2101 ἀλλ’
1600 2074 1639 2101 ὅτι
1651 2074 1680 2100 οὐ
1694 2074 1804 2100 δύναται
1818 2083 1890 2109 τμη-

1101 2129 1190 2165 θῆναι,
1208 2128 1314 2164 ἀπαοὴς
1329 2126 1396 2155 οὖσα
1416 2129 1461 2155 καὶ
1482 2128 1613 2163 ἀμέτοχος
1638 2127 1726 2154 κενοῡσ
1742 2127 1811 2154 ὥστε
1843 2127 1892 2153 ἐὰν

1101 2181 1166 2217 εἴπῃ
1178 2181 1232 2217 (Η)
1250 2181 1528 2217 ἄτομον,ἇθραυστον,
1539 2180 1612 2215 λέγει
1624 2180 1714 2216 ἀπαθῆ
1727 2180 1794 2216 (75),
1806 2181 1891 2216 ἀμέτ-

1018 2233 1049 2280 b_'
1067 2241 1088 2268 ι)
1101 2243 1162 2270 οχον
1178 2233 1266 2261 κενοῦ.
1286 2235 1347 2261 Ὀτι
1366 2235 1393 2261 δέ
1410 2236 1484 2261 ἐστιν
1515 2235 1625 2270 ἄτομος,
1641 2234 1736 2269 σαφές·
1759 2235 1808 2261 καὶ
1834 2234 1891 2270 γάρ

1101 2288 1158 2314 ἑστι
1175 2289 1302 2323 στοιχεῖα,
1320 2288 1367 2314 καὶ
1380 2287 1437 2320 ζῶα
1456 2287 1531 2320 κενὰ,
1546 2288 1592 2314 καὶ
1607 2289 1624 2324 ἡ
1645 2289 1736 2323 μονάς.
1759 2289 1890 2324 Ἐμπεδο-

1102 2339 1166 2374 κλῆς
1178 2339 1312 2372 Μέτωνος,
1333 2340 1551 2376 Ἀκραγαντῖνος,
1568 2340 1684 2376 τέτταρα
1697 2340 1744 2375 μὲν
1757 2342 1888 2376 στοιχεῖα.

1137 2440 1193 2474 (73)
1218 2442 1406 2475 Δημόκριτος.
1434 2441 1511 2475 Apud
1537 2440 1712 2468 Plutarchum
1737 2441 1772 2467 ita
1791 2442 1886 2476 leges:

1107 2476 1265 2511 Ἐπίκουρος
1281 2476 1440 2508 Νεοκλέους,
1461 2476 1615 2511 Ἀθηναῖος,
1632 2478 1702 2503 κατὰ
1717 2476 1888 2511 Δημόκριτον

1114 2485 1265 2511 ιπικουρος
1281 2485 1440 2508 ινεοκλεους,
1464 2485 1615 2511 Ἀυηναιος,
1632 2485 1702 2503 κατα
1717 2485 1811 2511 Δημοκ
1833 2486 1888 2503 ιτον

1101 2511 1290 2548 φιλοσοφήσας,
1304 2511 1356 2548 ἓφῃ
1366 2511 1415 2543 τὰς
1427 2511 1511 2548 ἀρχὰς
1523 2511 1576 2537 τῶν
1588 2511 1683 2548 ὄντων,
1692 2511 1804 2546 σώματα
1811 2485 1889 2548 λόγῳ

1101 2521 1290 2547 φιλοσοφησας,
1304 2521 1415 2573 εφΕτας
1427 2521 1511 2548 αρχας
1523 2521 1576 2537 των
1588 2521 1681 2542 οντων,
1692 2521 1804 2546 σωματα
1817 2521 1888 2547 Αογῳ

1100 2546 1239 2582 βεωρητά,
1264 2552 1316 2574 etc.
1362 2554 1432 2582 orto
1450 2551 1552 2573 certum
1575 2551 1615 2573 est
1638 2546 1783 2580 Epicurum
1809 2547 1888 2582 lange

1100 2580 1254 2622 Democrito
1269 2581 1404 2622 jnuniorcm
1422 2580 1506 2621 fuisse
1524 2591 1530 2608 :
1548 2587 1614 2615 quot
1630 2587 1718 2608 tamen
1732 2583 1812 2622 annis
1825 2580 1886 2622 post

1099 2624 1161 2643 eum
1176 2621 1255 2643 natus
1276 2617 1366 2648 fuerit,
1388 2625 1420 2643 eo
1443 2617 1574 2643 incertum
1589 2622 1689 2647 manet,
1705 2618 1778 2651 quod
1795 2617 1886 2644 minus

1099 2656 1228 2678 constans
1256 2653 1406 2684 reperiatur
1431 2651 1657 2684 chronologorum
1680 2652 1713 2679 de
1738 2651 1884 2679 Democriti

1099 2691 1160 2713 ortu
1177 2687 1341 2721 interituquc
1364 2687 1508 2714 sententia.
1529 2687 1579 2712 Adi
1602 2686 1742 2713 Petavium
1760 2692 1885 2714 nostrum

1099 2726 1173 2748 tumo
1197 2721 1216 2747 ll
1245 2721 1279 2747 De
1302 2722 1424 2748 doctrina
1449 2726 1593 2757 temporum
1615 2721 1642 2748 in
1656 2721 1884 2757 Paralipomenis,

1099 2763 1160 2783 nari.
1175 2756 1237 2783 86:2.
1252 2757 1313 2783 865.

1117 2763 1160 2786 ag.
1175 2757 1237 2786 86:2,
1252 2757 1313 2783 865.

1098 2763 1160 2791 pag.
1175 2763 1237 2786 (sua,
1252 2763 1313 2783 suo.

1133 2791 1190 2822 (74)
1204 2791 1285 2818 Forte
1301 2791 1362 2819 add.
1377 2800 1427 2823 τις.

1098 2826 1189 2888 ἀ
1209 2827 1294 2862 Λέγει
1314 2827 1425 2862 ἀπαθῆ.
1448 2826 1544 2855 Melius
1565 2826 1719 2858 Plutarcli.,
1735 2826 1822 2860 λέγει,
1838 2827 1885 2852 καὶ

1174 2870 1200 2888 η.

1118 2869 1200 2898 non.
