2061 3210
296 170 366 200 1255

612 174 747 202 EUSEBII
767 175 1009 204 CIESABlENSIS
1025 178 1101 205 OPP.
1122 178 1212 205 PARS
1230 179 1261 206 ll.
1281 194 1317 199 --
1337 179 1587 207 APOLOGETICA.

1848 181 1918 210 1236

293 239 338 262 eo,
354 232 430 267 751
447 233 469 259 si
484 241 576 260 verum
593 234 673 261 modo
697 239 778 267 esset,
799 235 921 263 futurum
943 242 1076 271 putarem,

1130 237 1286 272 ἡγησάμην,
1297 238 1320 264 εί
1331 237 1408 264 τοῦτο
1420 237 1504 270 οὕτως
1520 238 1587 273 ἔχει,
1597 238 1640 264 τόν
1650 247 1681 272 γε
1689 238 1750 265 νοῦν
1765 239 1920 274 κοσμοῦντα

295 278 335 306 uti
361 279 526 306 moderatrix
555 279 599 307 illa
626 288 703 308 mens
728 288 826 309 cuneta
853 282 1019 318 disponeret,
1046 292 1078 311 ac

294 329 375 359 prout
389 325 520 359 optimum
537 326 651 361 singulis
668 332 742 355 esset
755 327 888 362 futurum,
898 336 949 355 suo
965 337 1078 364 qumque

294 370 354 398 loco
382 375 409 398 et
438 371 532 398 ordine
559 372 716 400 collocaret.
743 373 889 401 Enimvero
918 375 942 401 si
967 382 1078 402 causam

294 424 376 444 nosse
390 417 452 451 quis
471 417 547 449 velit,
564 419 740 453 quamobrem
766 420 816 446 hoc
833 427 899 447 eove
916 420 997 447 modo
1022 420 1079 447 sin-

294 463 355 497 gula
370 463 412 489 vel
426 469 584 496 nascantur,
599 465 642 492 vel
657 465 801 498 intereant,
819 467 859 493 vel
873 467 986 494 omnino
1004 466 1077 495 sint:

294 509 327 536 de
343 509 456 543 singulis
468 510 547 536 etiam
565 510 602 537 illi
619 511 794 539 statuendum
812 520 882 545 esse,
898 520 954 547 quo
965 521 1079 548 quaeque

294 555 376 581 modo
395 556 435 582 vel
456 555 546 583 futura
563 557 618 583 sint
639 558 750 591 optime,
776 559 816 586 vel
834 559 936 593 optime
956 559 1079 586 subitura

293 601 425 635 quidlibet
437 606 519 637 atque
534 602 649 631 factura.
662 605 762 638 Quare.
778 605 851 633 aliud
867 606 970 634 homini
986 613 1034 637 aut
1046 609 1080 637 de

294 654 324 674 se
346 647 415 681 ipso,
432 653 478 675 aut
496 649 529 676 de
544 650 649 677 exteris
664 651 791 679 omnibus
809 654 1003 687 pervidendum
1020 664 1080 684 esse

294 694 374 725 nillil,
393 702 474 729 quam
494 696 559 730 quid
576 698 834 730 prazstantissimum
852 700 887 726 sit
911 705 993 736 atque.
1008 703 1080 737 opti-

293 747 368 766 mum
386 748 392 769 ς
407 739 489 766 simul
505 745 593 768 tamen
611 741 646 774 ei,
669 743 740 777 quod
768 743 944 771 deterrimunt
971 754 1080 780 quoque

293 785 339 819 sit,
363 786 519 814 necessario
545 788 763 822 cognoscendum
790 797 862 822 esse,
889 791 962 825 quod
985 793 1079 820 eadem

294 831 406 858 scientia
428 831 454 860 in
478 837 593 867 utroque
613 838 745 861 versetur.
767 833 829 864 Haec
844 843 950 863 mecum
966 837 1023 872 ipse
1036 846 1079 865 re-

294 881 403 914 putans,
421 885 483 906 eum
500 886 542 905 me
558 879 704 913 aliquando
721 885 926 916 praeceptorem,
947 883 993 917 qui
1011 883 1076 910 milti

1131 283 1218 310 πάντα
1235 285 1356 318 κοσμεῖν,
1387 284 1434 310 καὶ
1463 285 1577 311 ἕκαστον
1605 284 1707 312 τιθέναι
1732 285 1788 320 (79)
1808 286 1861 321 ὅπη
1887 286 1919 313 ἂν

1131 329 1256 363 βέλτιστα
1269 329 1327 364 ἔχῃ.
1346 330 1376 356 Εἰ
1393 327 1439 355 οὖν
1453 338 1494 361 τις
1516 329 1634 364 βούλοιτο
1657 329 1704 365 τὴν
1725 331 1813 357 αἰτίαν
1830 331 1919 365 εὑρεῖν

1130 375 1193 410 περὶ
1221 375 1346 407 ἑκάστου,
1372 376 1424 411 ὅπη
1442 375 1458 410 ἢ
1480 376 1594 409 γίνεται,
1609 375 1625 411 ἡ
1643 375 1800 404 ἀπόλλυται.
1816 376 1833 410 ἡ
1851 377 1918 407 ἐστι,

1129 420 1207 447 τοῦτο
1219 420 1274 446 δεῖν
1303 421 1365 455 περὶ
1396 421 1478 447 αὐτοϋ
1497 421 1596 456 εὑρεῖν,
1612 421 1664 457 ὅπη
1692 421 1830 456 βέλτιστόν
1846 422 1919 448 ἐστιν

1129 468 1239 503 αὑτὺνῆ
1256 466 1335 500 εἶναι,
1348 469 1364 502 ἢ
1381 468 1444 494 ἄλλο
1461 468 1548 495 ὁτιοῦν
1563 469 1686 503 πάσχειν,
1711 469 1728 504 ἢ
1753 470 1848 495 ποιεῖν.
1871 469 1918 494 Ἐκ

1128 514 1160 549 δὴ
1175 514 1221 540 τοῦ
1234 514 1314 548 λόγου
1328 514 1423 540 τούτου
1445 514 1521 541 οὐδὲν
1546 515 1610 542 ἄλλο
1637 516 1747 541 σκοπεῖν
1773 515 1918 550 προσήκειν

1129 559 1264 594 ἀνθρώπῳ
1276 560 1322 586 καὶ
1340 561 1403 594 περὶ
1423 560 1515 592 αὑτοῦ,
1527 561 1574 587 καὶ
1590 560 1654 596 περὶ
1677 560 1730 586 τῶν
1747 560 1844 591 ἄλλων,
1863 560 1918 586 ἀλλ’

1129 605 1145 640 ἢ
1160 605 1189 631 τὸ
1202 605 1312 641 ἄριστον
1326 606 1373 632 καὶ
1389 606 1419 632 τὸ
1436 606 1582 641 βέλτιστον.
1609 607 1770 640 Ἀναγκαῖον
1795 606 1827 642 δὴ
1851 604 1919 634 εἶναι

1129 651 1172 677 τὸν
1190 651 1270 678 αὐτὸν
1285 652 1377 678 τοῦτον
1391 652 1436 678 καὶ
1462 652 1492 679 τὸ
1519 654 1607 688 χεῖρον
1634 653 1740 679 εἱδὲναυ
1763 653 1811 688 τὴν
1835 653 1919 688 αὐτὴν

1129 696 1182 732 γὰρ
1195 694 1263 723 εἶναι
1278 697 1432 733 ἐπιστήμην
1447 698 1510 733 περὶ
1526 697 1623 725 αὐτῶν.
1651 698 1741 725 Ταῦτα
1764 699 1795 734 δὴ
1816 698 1920 733 λογιζό-

1131 749 1220 777 μενος,
1237 742 1354 777 ἅσμενος
1371 743 1516 779 εὑρηκέναι
1536 743 1614 778 ᾤμην
1633 744 1789 770 διδάσκαλον
1814 745 1863 779 τῆς
1880 746 1920 771 αἰ-

1129 787 1188 819 τίας
1202 788 1264 823 πέρι
1275 788 1329 814 τῶν
1345 788 1428 817 ὅντων
1445 789 1515 816 κατὰ
1529 789 1590 816 νοῦν
1606 789 1725 825 ἐμαυτῷ,
1743 790 1787 816 τὸν
1808 791 1919 823 Ἀναξα-

1130 833 1224 868 γόραν·
1238 833 1284 860 καί
1310 843 1354 869 μοι
1376 835 1492 870 φράσειν
1516 835 1622 871 πρῶτον
1651 836 1699 870 μὲν
1728 836 1868 871 πότερονή
1884 837 1920 872 γῆ

1130 879 1244 905 πλατεῐά
1266 880 1349 911 ἐστιν,
1380 880 1396 916 ἦ
1426 881 1588 916 στρογγύλη
1608 882 1701 916 ἐπειδὴ
1726 882 1754 908 δὲ
1779 883 1919 917 φράσειεν,

294 922 373 961 plane
388 922 413 949 in
426 931 507 950 causa
524 924 615 951 rerum
630 925 793 960 assignanda
806 927 985 960 satisfaceret,
1003 929 1077 956 Ana-

1130 926 1373 962 ὲπικῦιηγήσεσθαι
1388 928 1438 963 τὴν
1467 927 1554 954 αἰτίαν
1584 928 1630 954 καὶ
1651 929 1699 964 τὴν
1725 929 1858 964 ἀνάγκην,
1879 929 1920 955 λέ-

294 975 422 1004 xagoram
441 974 550 997 nactum
567 979 637 1003 esse,
651 972 850 1006 jucundissiine
863 975 1027 1010 cogitabam.
1038 975 1076 1007 Ex

294 1021 328 1041 eo
342 1014 441 1049 quippe
462 1015 659 1043 intellecturum
681 1026 723 1045 me
748 1020 865 1053 printum
892 1028 962 1053 esse,
987 1026 1078 1049 utrum

295 1059 374 1097 plana
388 1061 423 1088 sit
440 1069 474 1091 an
489 1062 603 1089 rotunda
618 1067 689 1090 terra
703 1072 710 1096 ;
728 1069 784 1091 tu'm
799 1066 850 1093 ltoc
865 1066 910 1093 ubi
926 1067 1078 1101 statuisset,

297 1105 428 1138 futurum,
445 1113 474 1134 ut
487 1116 598 1137 causam
611 1118 643 1137 ac
656 1111 827 1139 necessitatis
849 1112 903 1139 vim
921 1113 1078 1148 explicaret,

292 1153 419 1188 quodque
436 1154 567 1188 optimum
591 1161 662 1183 esset
679 1156 792 1184 dicendo
807 1159 975 1193 complexus,
1001 1165 1080 1188 terrae

293 1207 412 1234 quoque,
436 1200 498 1228 talis
526 1205 556 1228 ut
582 1206 663 1235 esset,
682 1203 814 1238 optimum
840 1213 900 1233 esse
915 1207 1078 1236 ostenderet.

293 1244 342 1277 Ita,
371 1246 393 1272 si
412 1246 519 1280 quidem
543 1254 602 1275 eam
627 1249 653 1275 in
681 1250 770 1277 medio
786 1251 866 1279 sitam
892 1260 953 1280 esse
966 1253 1079 1288 diceret,

293 1291 471 1324 quamobrem
490 1293 533 1322 ltic
548 1294 572 1320 ei
589 1295 658 1322 situs
679 1297 798 1330 optintus
813 1304 894 1331 esset,
922 1305 1078 1334 exponeret.

293 1334 357 1369 Quae
374 1338 395 1364 si
413 1345 446 1364 ex
463 1338 509 1365 illo
524 1340 665 1374 perspicue
678 1342 821 1375 discerem,
840 1344 880 1371 sic
897 1345 988 1373 animo
1000 1346 1081 1380 plane

293 1387 467 1416 comparatus
485 1391 569 1417 eram,
585 1385 687 1412 nullum
703 1391 731 1413 ut
747 1392 875 1421 praeterea
892 1397 981 1417 causa:
994 1399 1080 1425 genus

292 1427 364 1454 aliud
379 1435 439 1455 esse
458 1433 614 1457 statuerem.
633 1430 763 1459 Similiter
773 1440 806 1460 ex
819 1434 914 1461 eodem
929 1443 972 1463 me
986 1440 1079 1470 postea

294 1473 327 1505 de
341 1475 409 1507 sole,
423 1475 497 1507 luna,
510 1477 669 1511 exterisque
684 1478 818 1508 sideribus
829 1482 1007 1515 quaesiturum
1019 1490 1080 1510 esse

294 1520 477 1554 decreveram,
501 1530 553 1558 qua
577 1525 727 1552 velocitatis
753 1526 823 1553 inter
837 1535 876 1560 se,
898 1536 950 1562 qua
965 1536 1081 1557 conver-

294 1567 401 1597 sionum
416 1570 590 1603 proportione
609 1577 794 1604 moverentur,
809 1579 961 1609 caeteraque
986 1575 1012 1602 id
1035 1583 1080 1611 ge-

295 1619 357 1643 nus,
372 1620 432 1646 qua:
454 1614 555 1648 optima
581 1617 678 1651 cuique
702 1618 742 1646 vel
767 1618 898 1646 elliciendi
926 1620 1006 1652 ratio,
1031 1621 1073 1648 vel

295 1658 429 1689 subeundi
443 1665 523 1688 esset.
541 1661 593 1689 Nec
608 1663 680 1690 enim
704 1672 823 1699 unquam
847 1665 874 1694 in
892 1667 1012 1694 animum
1032 1667 1076 1695 in-

296 1702 446 1737 duxissent,
470 1704 531 1732 curti
550 1714 666 1734 mentem
693 1708 737 1736 illa
762 1717 856 1745 regere
884 1719 916 1738 ac
941 1712 1077 1740 moderari

294 1746 418 1781 dixisset,
439 1750 518 1777 aliam
536 1751 632 1779 deinde
656 1746 766 1782 causam
790 1756 992 1790 assignaturum
1015 1766 1077 1785 eum

294 1801 366 1827 esse,
381 1803 462 1829 quant
479 1801 509 1823 ut
520 1805 575 1832 quo
589 1806 618 1826 se
640 1800 720 1827 modo
736 1801 875 1836 haberent,
895 1811 927 1830 eo
940 1811 970 1831 se
995 1812 1077 1839 quam

296 1838 396 1872 optime
425 1840 524 1868 habere
550 1843 734 1878 conﬁrmaret,
758 1846 829 1879 Quin
853 1848 899 1875 ubi
920 1852 948 1876 et
967 1838 1078 1878 causam

297 1884 411 1918 singulis
433 1888 581 1922 propriam,
600 1894 626 1917 et
643 1891 716 1925 quod
731 1892 863 1925 optimum
878 1894 976 1929 cuique
997 1895 1078 1929 foret,

296 1931 436 1965 aequaliter
467 1935 629 1968 statuisset,
655 1942 712 1964 tum
741 1945 806 1965 vero
841 1940 970 1973 quidnam
998 1942 1080 1970 simul

295 1979 424 2012 omnibus
441 1981 614 2014 conduceret,
642 1983 766 2012 universe
789 1984 974 2018 deﬁniturum.
993 1986 1080 2020 Quam

295 2033 346 2059 ego
362 2033 436 2060 spem
457 2030 486 2052 ut
502 2033 536 2053 ne
558 2028 677 2056 maximo
694 2030 803 2064 quidem
824 2033 910 2066 pretio
929 2038 1082 2068 permutas-

296 2079 365 2102 sem,
393 2071 428 2098 ita
454 2071 539 2100 libros
562 2073 623 2102 illos
645 2075 798 2104 vehementi
817 2079 935 2112 quodam
958 2085 1082 2115 arreptos

297 2118 404 2150 studio,
435 2127 516 2153 quant
543 2121 683 2148 celerrime
705 2127 826 2157 poteram
862 2126 1029 2159 evolveltam,
1053 2132 1082 2154 ut

296 2164 361 2198 quid
383 2164 514 2198 optimum
538 2171 628 2198 esset,
654 2168 756 2206 quidve
779 2170 974 2205 deterrimum,
999 2180 1080 2207 quam

297 2211 428 2238 citissime
450 2219 654 2247 cognoscerem.
672 2214 728 2243 Hac
751 2223 800 2250 ego
817 2224 865 2250 spe
891 2221 945 2245 tam
960 2219 1078 2254 egregia,

1130 979 1213 1005 γοντα
1229 972 1260 998 τὸ
1275 972 1396 1007 ἄμεινον,
1410 973 1457 999 καὶ⁸
1467 974 1508 999 ὅτι
1520 974 1603 1009 αὐτὴν
1618 974 1727 1008 ἄμεινον
1744 973 1779 1010 ἦν
1792 975 1920 1010 τοιαύτην

1131 1015 1209 1045 εἶναι.
1225 1017 1279 1044 Καὶ
1293 1019 1315 1044 εἰ
1326 1019 1354 1044 ὲν
1372 1018 1445 1054 μέσῳ
1461 1019 1525 1054 φαίη
1542 1017 1920 1056 εἶναιαὺτὴν,ἐπεκόιηγήσε-

1131 1061 1203 1095 σθαι,
1219 1063 1256 1094 ὡς
1270 1062 1378 1097 ἄμεινον
1388 1061 1422 1098 ἦν
1435 1064 1519 1099 αὐτὴν
1529 1065 1557 1090 ὲν
1572 1064 1647 1099 μέσῳ
1662 1062 1740 1091 εἶναι.
1758 1065 1812 1091 Καὶ
1827 1067 1854 1091 εἰ
1878 1075 1920 1100 μοι

1129 1107 1216 1134 ταῦτα
1232 1108 1415 1142 ἀποφαίνοιτο,
1425 1110 1656 1145 παρεσκευάσμην
1669 1110 1706 1141 ὠς
1719 1110 1810 1136 οὐκέτι
1823 1111 1921 1146 ὑποθη-

1131 1154 1241 1189 σόμενος
1253 1155 1342 1186 αἰτίας
1367 1154 1430 1181 ἄλλο
1456 1152 1537 1186 εἶδος.
1556 1156 1611 1181 Καὶ
1639 1155 1670 1191 δὴ
1694 1156 1740 1182 καὶ
1761 1157 1825 1192 περὶ
1845 1157 1920 1192 ἡλίου

1131 1201 1362 1236 παρεσκευάσμην
1388 1202 1518 1233 ὡσαύτως
1542 1203 1716 1238 πευσόμενος,
1733 1204 1780 1230 καὶ
1794 1195 1919 1239 σελήνης,

1130 1247 1177 1273 καὶ
1188 1246 1241 1272 τῶν
1259 1247 1345 1273 ἀλλων
1359 1247 1478 1283 ἄστρων,
1493 1248 1591 1283 τάχους
1607 1257 1637 1274 τε
1650 1249 1713 1285 πέρι
1728 1249 1796 1285 πρὸς
1807 1249 1919 1285 ἄλληλα,

1130 1291 1176 1318 καὶ
1195 1291 1313 1327 τροπῶν,
1330 1292 1377 1319 καὶ
1403 1291 1456 1319 τῶν
1479 1292 1566 1319 ἄλλων
1589 1292 1767 1328 παθημάτων,
1793 1294 1831 1328 πῆ
1859 1302 1920 1320 ποτε

1130 1338 1205 1364 ταῦτ’
1217 1338 1327 1374 ἄμεινόν
1340 1340 1414 1366 ἐστιν
1426 1339 1541 1366 ἕκαστον
1554 1339 1601 1365 καὶ
1621 1341 1718 1371 ποιεῖν,
1739 1341 1785 1366 καὶ
1807 1344 1921 1375 πάσχειν

1130 1383 1147 1410 ἃ.
1162 1384 1270 1420 πάσχει·
1287 1385 1324 1412 Οὐ
1342 1385 1396 1421 γὰρ
1409 1386 1441 1412 ἂν
1466 1385 1523 1411 ποτ’
1538 1385 1618 1412 αὐτὸν
1635 1385 1722 1420 ᾣμην,
1739 1386 1879 1420 φάσκοντά
1890 1395 1920 1420 γε

1131 1430 1184 1457 ὑπὸ
1207 1430 1253 1458 νοῦ
1268 1430 1338 1457 αὐτὰ
1355 1430 1552 1466 κεκοσμῆσθαι,
1563 1430 1644 1466 ἄλλην
1655 1431 1715 1457 τινὰ
1726 1431 1818 1463 aurai;
1831 1431 1920 1458 αἰτίαν

1130 1476 1326 1512 ὲπενεγκεῖν,ῆ
1343 1476 1384 1502 ὃτι
1401 1476 1537 1511 βέλτιστον
1547 1477 1616 1503 αὐτὰ
1634 1476 1720 1508 οὕτως
1748 1477 1818 1512 ἔχειν
1836 1478 1920 1508 ἐστὶν,

1130 1522 1167 1553 ὡς
1178 1522 1244 1557 ἔχει.
1263 1522 1386 1559 Ἐκάστῳ
1399 1520 1445 1549 οὖν
1470 1523 1558 1549 αὐτῶν
1582 1523 1739 1550 ἀποδιδόντα
1755 1523 1803 1559 τὴν
1820 1524 1920 1554 αἰτίαν,

1093 1584 1114 1613 C
1131 1568 1266 1603 καὶκοινῇ
1282 1569 1349 1594 πᾶσι
1376 1568 1406 1594 τὸ
1431 1568 1538 1603 ἑκάστῳ
1559 1567 1704 1603 βέλτιστον,
1730 1568 1808 1603 ᾤμην
1832 1569 1921 1595 καὶτὸ

1132 1614 1220 1640 κοινὸν
1237 1615 1319 1640 πᾶσιν
1349 1614 1573 1649 ὲπιδιηγήσεσθαι
1593 1614 1702 1648 ἀγαθόν.
1733 1614 1788 1640 Καὶ
1813 1614 1868 1640 οὐδ’
1886 1614 1920 1641 ἄν

1128 1660 1266 1695 ἀπεδόμην
1283 1659 1380 1686 πολλοῦ
1408 1661 1456 1692 τὰς
1481 1660 1600 1692 ἐλπίδας·
1628 1661 1695 1687 ἀλλὰ
1718 1661 1788 1688 πάνυ
1817 1662 1920 1697 σπουδῇ

1127 1706 1216 1737 λαόῶν
1229 1706 1277 1738 τὰς
1291 1706 1405 1742 βίϐλους,
1417 1707 1454 1738 ὡς
1465 1707 1580 1742 τάχιστα
1587 1704 1642 1738 οἷός
1650 1716 1665 1733 τ
1673 1705 1718 1742 ’ἦν
1728 1706 1920 1741 ἀνεγίνωσκον,

1130 1752 1162 1779 ἵν’
1177 1752 1214 1784 ὡς
1231 1752 1345 1788 τάχιστα
1369 1752 1468 1788 εἰδείην
1500 1752 1530 1778 τὸ
1558 1752 1694 1787 βέλτιστον
1711 1753 1758 1779 καὶ
1773 1753 1804 1778 τὸ
1817 1754 1919 1788 χεῖρον.

1135 1799 1200 1825 Ἀπὸ
1217 1798 1249 1833 δὴ
1273 1798 1442 1834 θαυμαστῆς,
1463 1796 1483 1825 in
1507 1799 1608 1833 ἑταῖρε,
1625 1798 1730 1830 ἐλπίδος
1746 1799 1857 1834 ᾠχόμην
1872 1807 1919 1832 φε-

1131 1844 1254 1880 ρόμενος.
1277 1845 1353 1871 Ἐπεὶ
1374 1845 1403 1871 δὲ
1429 1845 1530 1880 προῖὼν
1553 1845 1618 1880 (80),
1649 1845 1696 1871 ml.
1715 1845 1919 1879 ἀναγινώσκων,

1129 1890 1184 1925 ὁρῶ
1196 1891 1281 1926 ἄνδρα
1290 1890 1330 1925 τῷ
1354 1890 1402 1926 μὲν
1417 1890 1456 1926 νῷ
1479 1891 1556 1917 οὐδὲν
1579 1890 1730 1927 χρώμενον,
1757 1891 1819 1917 οὺδέ
1847 1899 1921 1922 τινας

1130 1937 1220 1969 αἰτίας
1234 1936 1432 1973 ὲπαιτιὼμενον
1442 1939 1482 1969 είς
1496 1937 1526 1964 τὸ
1540 1937 1696 1972 διακοσμεῖν
1710 1937 1744 1964 τὰ
1758 1937 1919 1973 πράγματα,

1130 1982 1214 2018 ἀέρας
1230 1983 1269 2015 δὲ,
1292 1983 1339 2010 καὶ
1354 1983 1475 2018 αιθέρας,
1499 1983 1545 2009 καὶ
1564 1983 1646 2010 ὕδατα
1673 1983 1850 2019 αἰτιώμενον,
1875 1984 1921 2011 καὶ

1131 2030 1199 2057 ἄλλα
1215 2029 1301 2056 πολλὰ
1317 2030 1363 2056 καὶ
1387 2030 1482 2058 ἄτοπα.
1511 2030 1566 2056 Καί
1594 2039 1639 2066 μοι
1662 2030 1750 2062 ἔδοξεν
1761 2031 1920 2064 ὁμοιότατον

1132 2075 1304 2106 πεπονθέναι,
1330 2075 1425 2112 ὥσπερ
1440 2076 1472 2103 ἂν
1487 2076 1513 2102 εἴ
1525 2084 1567 2108 τις
1580 2076 1683 2110 λέγων.
1707 2077 1748 2103 ὅτι
1771 2077 1920 2112 Σωκράτης

1132 2121 1220 2148 πάντα
1230 2122 1281 2148 ὅσα
1299 2121 1423 2157 πράττει,
1438 2120 1476 2156 νῷ
1493 2121 1617 2156 πράττει,
1647 2121 1763 2148 κᾶπειτα
1780 2122 1920 2157 ἐπιχειρή-

1133 2176 1182 2199 σας
1196 2168 1284 2202 λὲγειν
1308 2168 1357 2199 τὰς
1382 2167 1470 2199 αἰτίας
1493 2168 1614 2198 ἑκάστων
1628 2164 1666 2194 ὧν
1692 2169 1814 2203 πράττω,
1847 2168 1919 2202 λέγοι

1133 2214 1240 2248 πρῶτον
1259 2213 1306 2248 μὲν
1319 2214 1359 2240 ὅτι
1372 2213 1462 2240 ἐνθάδε
1489 2213 1533 2239 διὰ
1549 2213 1635 2240 ταῦτα
1659 2213 1706 2240 νῦν
1721 2213 1855 2249 κάθημαι,
1881 2215 1920 2240 ὅτι

297 2257 334 2284 mi
351 2256 448 2288 Cebes.
465 2258 592 2286 incitatus
609 2265 689 2294 atque
706 2261 804 2289 ardens
815 2261 931 2290 ferebar.
952 2264 986 2291 At
1004 2272 1079 2298 vero,

1133 2259 1273 2292 σύγκειταί
1295 2267 1345 2294 μοι.
1360 2259 1389 2285 τὸ
1403 2258 1482 2293 σῶμα
1498 2258 1528 2291 ἐξ
1539 2259 1624 2285 ὀστῶν
1638 2259 1684 2286 καὶ
1697 2259 1810 2294 νεύρων·
1827 2260 1874 2286 καὶ
1887 2259 1920 2286 τὰ

297 2302 360 2335 dum
387 2303 500 2338 legendo
527 2305 702 2340 progredior,
726 2306 863 2334 hominem
887 2308 965 2335 video
992 2314 1081 2337 mente

297 2356 432 2384 nusquam
459 2350 520 2383 uti,
550 2355 718 2386 ornatusque
746 2360 836 2380 rerum
865 2361 963 2382 causas
986 2354 1082 2383 aﬂ'erre

298 2395 398 2428 nullas,
413 2396 460 2423 sed
485 2401 588 2424 tantum
606 2398 639 2424 ad
653 2399 776 2432 quaedam
803 2400 884 2431 aeris,
898 2401 938 2427 vel
961 2402 1081 2434 aetheris,

298 2442 339 2469 vel
361 2450 511 2477 aquarum,
536 2443 689 2479 similiaque
706 2453 814 2479 genera,
833 2451 961 2480 tanquam
977 2448 1010 2475 ad
1025 2449 1080 2475 ori-

298 2488 387 2523 ginem
409 2489 526 2516 absurde
559 2490 650 2517 omnia
675 2497 812 2518 revocare.
841 2491 870 2519 In
893 2500 948 2527 quo
972 2493 1083 2527 perinde

298 2534 365 2561 mihi
379 2534 466 2562 facere
492 2535 567 2562 visus
580 2540 631 2568 est,
660 2535 740 2570 752
763 2544 794 2564 ac
819 2537 842 2565 si
859 2539 920 2572 quis
942 2538 1081 2566 Socratem

298 2579 430 2614 quidquid
448 2585 519 2614 agat,
537 2586 627 2607 meme
641 2588 720 2615 agere
733 2589 795 2608 cum
808 2582 918 2613 diceret,
935 2583 1003 2610 idem
1023 2592 1083 2619 qua:

299 2633 406 2661 agerent
423 2634 521 2654 causas
532 2635 670 2661 exponens
689 2628 869 2662 singulorum,
882 2630 918 2657 ita
930 2630 1082 2660 dictitaret:

336 2717 391 2753 (79)
405 2717 529 2754 νΤιθέιξαι.
544 2719 583 2745 Ita
604 2718 686 2746 malui
702 2726 735 2745 ex
759 2717 885 2752 Platone,
904 2727 984 2754 quam
997 2720 1084 2751 τιθέν-

298 2752 344 2784 τα,
357 2758 386 2779 ut
404 2753 429 2778 in
446 2752 527 2786 priori
541 2753 606 2779 edit.

335 2787 391 2825 (βῦ)
413 2787 687 2825 Ἑπεὶνδὲαροῖών,
714 2789 791 2816 Plato
813 2793 944 2824 uterque.
965 2790 1083 2825 Ἐπειδὴ.

301 2822 352 2848 Sed
371 2827 489 2859 prastat
499 2822 573 2855 ἐπεί,
592 2824 666 2859 quod
691 2825 734 2851 ltic
757 2832 804 2859 pro
827 2822 903 2857 ἀλλά,
927 2825 968 2852 vel
991 2822 1085 2852 ἔπειτα

303 2861 458 2895 usu_rpalu_r.
473 2857 615 2895 Quomodo
628 2867 642 2885 ιι
655 2857 798 2886 Plutarcho
810 2861 945 2895 praecipue
956 2861 1082 2890 sumitur,

275 2885 285 2894 ’
303 2897 332 2923 ut
346 2885 401 2926 jam
423 2885 576 2934 Stephanus
597 2894 623 2926 in
641 2885 712 2922 notis
729 2885 1084 2930 olrtset‘i'avitirsrivcﬁet"apud

1134 2305 1182 2340 μὲν
1196 2305 1260 2331 ὀστᾶ
1277 2306 1333 2331 ἐστι
1357 2305 1465 2340 στερεὰ,
1482 2305 1529 2331 καὶ
1555 2305 1671 2339 διαφυὰς
1694 2305 1749 2340 ἔχει
1770 2306 1856 2341 χωρὶς
1873 2306 1919 2332 ἀπ’

1132 2351 1261 2386 ἀλλήλων·
1276 2351 1310 2377 τὰ
1323 2351 1351 2378 δὲ
1369 2351 1462 2386 νεῦρα,
1473 2348 1515 2377 οἶα
1532 2351 1710 2378 ἐπιτείνεσθαι
1724 2352 1770 2378 καὶ
1787 2353 1919 2383 ἀνίεσθαι,

1133 2396 1355 2432 περιαμπέχοντα
1384 2396 1419 2423 τὰ
1433 2397 1499 2423 ὀστᾶ
1528 2398 1596 2432 μετὰ
1618 2398 1672 2424 τῶν
1700 2398 1809 2433 σαρκῶν
1827 2407 1857 2425 τε
1875 2399 1920 2425 καὶ

1132 2442 1275 2477 δέρματος,
1302 2442 1316 2468 ὃ
1341 2443 1446 2477 συνέχει
1474 2443 1552 2469 αὐτά.
1578 2443 1772 2479 Αἰωρουμένων
1795 2442 1842 2471 οὖν
1866 2444 1920 2470 τῶν

1133 2487 1217 2513 ὀστῶν
1235 2488 1263 2514 ὲν
1279 2489 1338 2518 ταῖς
1365 2488 1452 2514 αὐτῶν
1477 2487 1632 2523 ξυμϐολαῖς,
1660 2488 1783 2523 χαλῶντα
1796 2490 1844 2516 καὶ
1860 2497 1921 2515 συν-

1132 2533 1254 2559 τείνοντα
1275 2533 1309 2559 τὰ
1341 2533 1434 2569 νεῦρα,
1463 2534 1636 2570 κάμπτεσθαι
1662 2543 1712 2561 που
1731 2536 1803 2561 ποιεί
1821 2534 1876 2562 οἷόν
1892 2543 1920 2562 τε

1134 2576 1202 2605 εἶναι
1214 2579 1264 2614 ἐμὲ
1279 2578 1313 2604 τὰ
1329 2578 1376 2605 νῦν
1391 2579 1425 2605 τὰ
1440 2579 1517 2614 μέλη·
1533 2580 1579 2606 καὶ
1599 2579 1642 2606 διὰ
1655 2579 1755 2615 ταύτην
1769 2581 1818 2615 τὴν
1833 2581 1918 2607 αἰτίαν

1135 2624 1323 2660 συγκαμφθεὶς
1334 2624 1427 2651 ἐνθάδε
1447 2625 1579 2660 κάθημαι.
1597 2626 1652 2652 Καὶ
1663 2623 1696 2652 αὖ
1716 2626 1782 2662 περὶ
1798 2627 1846 2653 τοῦ
1862 2627 1918 2653 δια-

1134 2719 1262 2747 llerodot.
1280 2720 1298 2749 l.
1315 2728 1344 2753 tt,
1357 2728 1416 2755 pag.
1431 2721 1482 2747 LL:
1506 2720 1581 2746 Ἐπεὶ
1596 2718 1642 2747 οὖν
1655 2721 1716 2752 τοὺς
1732 2721 1842 2753 νεανίας
1854 2722 1920 2748 ἀπο-

1135 2755 1334 2792 πεμπομένους.
1353 2755 1420 2792 ξέναι
1437 2755 1470 2781 τὰ
1491 2755 1586 2792 πρῷτα
1607 2756 1655 2790 μὲν
1666 2755 1710 2782 διὰ
1725 2756 1777 2790 τῆς
1797 2756 1921 2792 οἰκεομέ-

1135 2799 1192 2825 νης.
1206 2792 1233 2816 ld
1244 2795 1294 2823 est,
1308 2790 1372 2816 Inde
1383 2791 1422 2817 vel
1436 2796 1491 2817 tum
1506 2790 1586 2825 igitur
1597 2791 1718 2817 dimissos
1731 2790 1918 2824 adolescentes,

1134 2826 1247 2859 primum
1267 2825 1371 2860 quidem
1399 2825 1496 2852 cultam
1524 2827 1651 2860 regionem
1674 2833 1846 2860 peragrasse.
1875 2828 1918 2854 ubi

1135 2861 1234 2889 oratio.
1260 2860 1488 2894 quemadmodum
1514 2865 1540 2887 et
1563 2861 1614 2890 hic,
1631 2861 1681 2887 nisi
1699 2861 1759 2889 ἐπεί
1781 2869 1815 2888 eo
1839 2862 1920 2890 modo

1136 2899 1298 2929 sumeretur,
1314 2901 1385 2923 esset
1396 2903 1506 2930 prorsus
1519 2895 1689 2927 ἁναπόδοτος,
