2061 3210
179 167 249 194 1937

758 165 917 195 ΡΒΑΞΡΛΒ.
936 165 1061 194 EVANG.
1081 165 1144 193 LlB.
1165 165 1225 195 XIV

1728 165 1796 193 {2‘58

177 223 304 257 λέγεσθαι
318 224 382 259 ὑμῖν
406 223 502 259 ἐτέρας
529 225 634 252 τοιάσδε
649 225 737 257 αἰτίας
765 226 849 260 λέγοι,
874 229 960 260 φωνάς

1016 226 1132 260 primum
1151 226 1195 253 hic
1215 233 1257 253 me
1274 230 1415 261 propterea
1433 223 1537 257 sedere,
1550 225 1620 259 quod
1637 231 1735 258 corpus
1750 223 1797 249 lia-

178 270 280 302 τε,καὶ
306 270 401 305 ἀέρας,
428 270 475 296 καὶ
499 270 593 302 ἀκοὰς,
624 272 669 298 καὶ
691 271 757 298 ἄλλα
785 272 852 298 ἄττα
881 271 964 308 μυρία

178 316 290 343 τοιαῦτα
298 315 468 351 αἰτιώμενος,
484 316 621 352 ἀμελήσας
640 317 688 349 τὰς
700 318 737 349 ὡς
753 318 860 353 ἀληθῶς
876 319 964 350 αἰτίας

179 362 279 395 λέγειν·
300 362 350 393 ὅτι,
380 361 473 397 ἐπειδὴ
492 362 641 397 Ἀθηναίοις
665 363 747 396 ἔδοξέ,
768 364 869 398 βέλτιον
895 363 964 391 εἶναι

179 407 245 441 ἐμοῦ
258 407 507 442 καταψηφίσασθαι,
522 407 566 434 διὰ
579 407 666 435 ταῦτα.
680 409 712 443 δὴ
727 410 773 436 καὶ
787 410 846 445 ἐμοὶ
861 409 964 444 βέλτιον

177 450 212 479 αὖ
228 452 349 479 δέδοκται
364 453 456 479 ἐνθάδε
469 453 613 488 καθῆσθαι,
636 455 682 481 καὶ
698 455 863 492 δικαιότερον
875 465 964 492 παρα-

181 498 294 533 μένοντα
305 499 417 534 ὑπέχειν
431 499 479 534 τὴν
492 499 578 535 δίκην,
594 501 626 533 ἦν
649 500 681 527 ἂν
694 501 869 528 κελεύσωσιν.
889 503 965 529 Ἐπεὶ

180 544 212 579 νὴ
229 544 275 570 τὸν
303 544 383 573 κύνα,
401 545 436 576 ὡς
449 542 564 580 ἐγῷμαι,
585 546 667 572 πάλαι
683 546 715 572 ἂν
728 546 813 573 ταῦτα
834 547 868 575 τὰ
882 548 964 584 νεῦρα

178 590 226 616 καὶ
242 590 275 628 ut
285 590 377 625 ὀστᾱῆ
393 591 456 626 περὶ
467 591 581 626 Μέγαρα
598 591 613 626 ἢ
630 592 692 627 περὶ
709 592 840 624 Βοιωτοὺς
854 592 898 628 ἦν,
913 594 965 620 ὑπὸ

177 622 410 670 δύξηςῖρερόμένα
431 622 481 661 ’τοῦ
498 622 652 670 βελτίστου,
667 622 706 663 ἐἰ
736 637 773 673 μὴ
798 622 964 675 διιιαιότερον

177 681 257 716 ᾤμην
270 681 316 707 καὶ
327 681 433 708 κάλλιον
443 679 522 712 εἶναι,
538 681 590 716 πρὸ
611 682 656 708 τοῦ
671 682 780 716 φεύγειν
791 691 819 709 τε
835 684 881 709 καὶ
897 685 964 711 ἀπο-

177 726 343 762 διδράσκειν,
359 727 469 762 ὑπέχειν
485 729 518 763 τῇ
531 728 605 754 πόλει
618 728 694 762 δίκην
706 729 739 763 ἦν
749 731 799 756 τιν’
816 730 849 756 ἂν
869 732 961 767 τάττῃ.

185 771 254 798 Ἀλλ’
267 772 339 798 αἴτια
353 772 401 806 μὲν
413 772 446 798 τὰ
462 772 572 799 τοιαῦτα
584 774 675 800 καλεῖν
694 774 752 801 λίαν
765 776 873 803 ἄτοπον.
889 777 919 803 Εἰ
936 778 964 804 δέ

177 825 220 848 τις
233 817 319 851 λέγοι,
331 818 371 843 ὅτι
395 818 458 844 ἄνευ
477 818 523 844 τοῦ
552 818 584 845 τὰ
601 819 712 846 τοιαῦτα
729 820 811 855 ἔχειν,
826 823 872 849 καὶ
886 823 962 856 ὀστᾶ,

179 863 226 889 καὶ
242 863 334 898 νεῦρα,
364 864 410 889 καὶ
439 864 489 889 ὅσα
511 864 577 891 ἄλλα
604 865 668 900 ἔχω,
692 866 742 892 οὐκ
763 866 795 893 ἂν
811 865 866 899 οἷός
886 877 915 894 τε
929 858 975 904 ἦν’

179 910 266 935 ποιεῖν
279 908 314 935 τὰ
333 908 445 940 δόξαντά
463 918 517 944 μοι,
547 910 633 946 ἀληθῆ
658 911 690 938 ἃν
719 911 802 946 λέγον
818 913 855 945 ὼς
872 915 962 949 μέντοι

178 955 223 982 διὰ
239 956 324 982 ταῦτα
342 957 410 982 ποιῶ
424 956 441 983 ἃ
469 957 548 989 ποιῶ,
563 957 610 984 καὶ
642 958 716 984 ταῦθ’
733 959 750 985 ἃ
775 959 813 994 νῷ
839 960 960 993 πράττω,

178 1002 236 1028 ἀλλ’
254 1003 283 1028 σὺ
298 1004 330 1038 τῇ
344 1002 389 1028 τοῦ
406 1002 541 1037 βελτίστου
557 1003 672 1039 αἱρέσει,
701 1004 785 1039 πολλὴ
803 1004 836 1030 ἂν
850 1005 896 1031 καὶ
913 1015 964 1040 μα-

178 1047 234 1082 κρὰ
250 1047 369 1082 ῥᾳθυμία
393 1047 434 1082 εἴη
457 1047 503 1073 τοῦ
523 1048 612 1082 λόγου.
628 1058 637 1074 ι
661 1047 727 1075 Εἶτα
744 1049 871 1083 ἐπιλέγει·
892 1059 901 1075 ‹
919 1051 964 1076 Διὸ

176 1092 209 1128 δὴ
222 1093 266 1118 καὶ
279 1094 292 1119 ὁ
308 1093 356 1128 μέν
370 1101 412 1123 τις
425 1093 498 1127 ὄὶνην
513 1094 663 1129 περιτιθεὶς
678 1094 732 1130 (Si)
745 1097 776 1130 τῇ
789 1097 834 1130 γῇ,
855 1095 907 1122 ὑπὸ
917 1097 963 1123 τοῦ

176 1138 290 1174 οὐρανοῦ
314 1138 404 1174 μένειν
417 1139 448 1174 δὴ
474 1141 546 1165 ποιεῖ
559 1140 607 1174 τὴν
632 1140 692 1175 γῆν·
715 1142 729 1167 ὁ
748 1141 776 1166 δὲ
792 1140 884 1176 ὥσπερ
898 1150 965 1178 καρ-

176 1185 251 1220 δόπῳ
267 1185 381 1220 πλατείᾳ
405 1185 502 1220 βάθρον
521 1185 565 1212 τὸν
584 1186 653 1220 ἀέρα
670 1186 724 1222 (82)
749 1187 893 1222 ὑπερεῖδεν
916 1189 965 1224 τὴν

176 1230 265 1263 δὲτοῦ
281 1230 319 1261 ὡς
329 1227 383 1256 οἶόν
409 1239 439 1256 τε
464 1229 587 1265 βέλτιστα
617 1231 685 1257 αὐτὰ
701 1231 811 1267 τεθῆναι
839 1233 961 1268 δύναμιν,

175 1273 247 1298 οὕτω
262 1271 308 1298 νῦν
327 1271 442 1304 κεῖσθαι,
457 1271 557 1308 ταύτην
581 1272 642 1299 οὔτε
662 1272 797 1308 ζητοῦσιν,
814 1274 874 1301 οὔτε
899 1275 961 1302 τινὰ

175 1317 277 1344 οἴονται
287 1317 426 1352 δαιμονίαν
443 1318 517 1352 ἰσχὺν
530 1317 611 1352 ἔχειν·
633 1318 700 1344 ἀλλὰ
721 1318 847 1354 ἡγοῦνται
866 1319 960 1346 τούτου

177 1362 210 1389 ἄν
223 1371 287 1388 ποτε
306 1362 639 1397 Ἀτλαντα’ξσχυρότερον,
670 1363 716 1389 καὶ
747 1362 960 1399 ἀθανατώτερον,

176 1408 224 1435 καὶ
249 1407 348 1443 μᾶλλον
364 1408 471 1434 ἅπαντα
489 1408 632 1443 συνέχοντα
647 1408 775 1444 ἐξευρεῖν·
787 1410 833 1435 καὶ
844 1409 881 1441 ὡς
896 1410 962 1444 ἀλη-

175 1453 240 1486 θῶς,
255 1454 284 1480 τὺ
297 1454 397 1488 ἀγαθὸν
410 1455 455 1481 καὶ
473 1454 530 1480 δέον
548 1454 651 1487 ξυνδεῖν
676 1455 722 1481 καὶ
744 1456 863 1491 συνέχειν
886 1456 962 1482 οὐδὲν

174 1500 285 1527 οἴονται.
304 1510 312 1525 ι
328 1500 441 1527 Τοσαῦτ’
457 1502 471 1526 ὁ
484 1501 628 1536 Σωκράτης
640 1503 703 1536 περὶ
716 1502 765 1535 τῆς
785 1501 961 1538 Ἀναξαγόρου

174 1545 263 1581 δόξης.
294 1543 346 1572 ’Ἦν
373 1546 401 1572 δὲ
426 1546 603 1581 Ἀναξαγόρου
633 1547 681 1582 μὲν
709 1547 837 1582 διάδοχος,
861 1548 909 1583 τῆς
932 1556 961 1573 τε

174 1591 315 1627 διατριϐῆς
324 1591 390 1626 ὁμοῦ
405 1592 451 1618 καὶ
469 1591 518 1626 τῆς
533 1592 620 1627 δόξης,
643 1592 795 1628 Ἀρχέλαος.
818 1594 960 1630 Ἀρχελάου

173 1638 203 1664 δὲ
230 1638 364 1673 ἀκουστὴς
384 1638 523 1672 γεγονέναι
559 1638 667 1672 λέγεται
703 1640 860 1676 Σωκράτης.
889 1640 960 1676 Πλὴν

175 1685 243 1712 ἀλλὰ
262 1685 374 1711 Φυσικοὶ
391 1686 436 1712 καὶ
462 1685 546 1717 ἄλλοι,
572 1685 735 1720 Ξενοφάνης,
766 1687 812 1712 καὶ
840 1687 961 1722 Πυθαγό-

176 1739 236 1767 ρας,
263 1732 485 1766 συνακμάσαντες
519 1730 696 1767 Ἀναξαγόρᾳ,
718 1732 781 1766 περὶ
809 1732 960 1769 ἀφθαρσίας

173 1776 242 1804 Θεοῦ
257 1778 304 1804 καὶ
316 1777 404 1812 ψυχῆς
421 1777 569 1809 ἀθανασίας
591 1777 798 1812 ἐφιλοσόφησαν.
823 1779 870 1805 Ἐκ
897 1779 959 1806 τού-

173 1831 229 1850 των
240 1823 269 1850 δὲ
281 1823 328 1850 καὶ
341 1823 409 1858 μετὰ
426 1822 536 1854 τούτους
549 1823 578 1849 αἱ
597 1823 646 1857 τῆς
658 1822 790 1857 Ἑλλήνων
805 1825 960 1859 φιλοσοφίας

174 1868 329 1903 ὑπέστησαν
343 1868 471 1903 αἱρέσεις·
488 1867 541 1893 τῶν
557 1867 606 1902 μὲν
619 1867 715 1899 τοῖσδε,
744 1867 796 1894 τῶν
814 1867 842 1894 δὲ
858 1868 961 1904 ἑτέροις

173 1913 435 1949 ὲξηκολουθηκότων,
452 1912 532 1939 τινῶν
561 1912 589 1938 δὲ
618 1912 664 1939 καὶ
685 1911 751 1943 ἰδίας
768 1912 845 1945 δόξας
871 1914 959 1939 ἐπινε-

172 1959 318 1995 νοηκότων.
352 1959 436 1986 Πάλιν
462 1958 484 1985 δ’
508 1956 554 1985 οὖν
588 1958 601 1984 ὁ
627 1958 796 1994 Πλούταρχος
822 1958 868 1990 τὰς
895 1959 959 1995 περὶ

172 2005 244 2031 θεῶν
266 2004 412 2041 ὑπολήψεις
442 2003 495 2031 τῶν
531 2003 620 2030 αὐτῶν
652 2003 741 2030 τοῦτον
781 2004 877 2039 γράφει
912 2005 957 2031 τὸν

171 2051 283 2086 τρόπον.

1015 272 1092 298 ht-am
1117 280 1149 299 ex
1176 272 1285 299 ossibus
1309 271 1454 306 nervisque
1477 275 1659 303 compactum,
1685 274 1712 296 et
1734 276 1796 296 ossa

1015 317 1123 351 quidem
1142 317 1228 344 solida
1247 317 1312 349 sint,
1337 324 1370 350 ac
1383 317 1465 343 certis
1489 315 1693 343 discriminibus
1713 315 1799 342 inter»

1015 363 1147 397 vallisque
1165 363 1302 395 distincta,
1320 363 1395 390 nervi
1411 367 1512 394 autent,
1528 362 1574 396 qui
1588 366 1610 388 el
1630 360 1798 388 contendan-

1016 412 1059 434 tur
1074 408 1166 440 facile,
1181 413 1209 435 et
1232 408 1311 435 facile
1334 408 1518 439 remittantur,
1542 414 1603 434 cum
1629 406 1687 441 ipsa
1716 413 1799 433 carne

1015 457 1095 483 simul
1122 458 1149 483 et
1172 460 1250 489 cute,
1277 463 1337 490 quae
1362 456 1406 483 illa
1424 456 1558 490 praecipue
1584 455 1714 486 conliniet,
1735 462 1799 482 ossa

1015 502 1135 536 undique
1149 502 1374 536 complectantur.
1390 501 1456 528 Nam
1477 502 1540 528 dum
1557 501 1614 528 suis
1627 500 1653 526 in
1670 499 1799 526 commis-

1014 547 1086 574 suris
1106 547 1266 574 attolluntur
1297 554 1371 579 ossa,
1400 546 1487 576 nervi,
1516 553 1634 580 quorum
1656 549 1683 571 et
1707 544 1799 571 laxare

1014 592 1153 626 proprium
1171 597 1212 619 est
1236 597 1262 619 et
1283 593 1457 622 contendere,
1476 592 1598 619 membra
1615 596 1644 618 ut
1662 591 1799 617 inflectere

1014 645 1088 663 nunc
1104 641 1131 664 et
1145 645 1258 664 curvare
1282 637 1383 672 possim
1399 637 1528 668 eiliciuut,
1555 644 1640 670 eaque
1659 636 1691 663 de
1716 643 1798 662 causa

1015 681 1144 709 incurvus
1170 682 1215 708 hic
1241 681 1334 709 sedeo.
1360 681 1429 708 Tum
1455 681 1526 716 quod
1555 682 1694 708 vobiscum
1716 680 1798 706 etiam

1014 728 1164 762 colloquar,
1182 728 1207 754 id
1221 728 1345 760 vocibus,
1362 727 1428 760 aeri,
1443 727 1586 757 auditioni,
1603 734 1634 754 ac
1649 725 1754 752 cmleris
1772 724 1798 752 id

1014 782 1100 807 genus
1115 774 1261 807 sexcentis,
1276 774 1354 808 quasi
1369 773 1461 800 causis
1483 773 1622 801 attribuat.
1645 772 1715 799 veris
1731 771 1799 798 inte-

1014 820 1065 846 rim
1089 828 1150 854 qua:
1179 824 1331 853 sequuntur
1355 819 1483 846 omissis:
1513 819 1662 850 nimirum,
1689 817 1799 852 quando

1013 865 1225 893 Atheniensibus
1240 865 1279 892 ttti
1302 872 1345 892 me
1369 865 1532 892 datnnarent
1555 868 1684 899 praestare
1709 863 1798 889 visum

1013 917 1064 942 est,
1080 911 1146 938 mihi
1162 919 1269 946 quoque
1286 912 1331 939 hic
1347 916 1376 938 ut
1392 911 1525 943 sederem,
1544 910 1670 944 quodque
1695 908 1798 943 suppli-

1015 956 1086 983 cium
1105 957 1280 990 imperarent,
1295 957 1389 983 eodem
1409 957 1505 983 inloco
1522 956 1653 986 subirem,
1671 959 1799 989 praestare

1013 1009 1046 1028 ae
1058 1001 1162 1036 justius
1186 1009 1256 1033 esse,
1280 1001 1377 1029 visum.
1395 1002 1538 1028 Enimvero
1563 1001 1665 1028 dudum
1692 1007 1737 1034 per
1754 1007 1799 1027 ca-

1013 1055 1086 1078 nem,
1102 1047 1210 1080 opinor,
1229 1048 1255 1074 hi
1271 1048 1347 1075 nervi
1362 1052 1443 1083 atque
1455 1048 1512 1074 haec
1526 1055 1598 1079 ossa,
1613 1046 1655 1073 vel
1671 1045 1798 1081 Megaris,

1014 1092 1055 1118 vel
1073 1093 1100 1119 in
1120 1092 1234 1124 Bmotia,
1259 1101 1314 1128 quo
1341 1094 1384 1120 illa
1410 1093 1504 1128 optitni
1533 1092 1624 1127 opinio
1646 1091 1797 1122 detulisset,

1013 1142 1196 1169 versarentur.
1218 1138 1270 1165 nisi
1293 1145 1374 1171 quam
1399 1137 1550 1172 respublica
1576 1144 1684 1171 poenam
1711 1136 1799 1170 impo-

1016 1184 1110 1215 suerit,
1126 1183 1270 1216 sustinere,
1291 1184 1377 1211 multo
1394 1192 1475 1218 quam
1492 1183 1616 1211 servilem
1642 1182 1669 1208 in
1688 1181 1798 1209 titodum

1015 1231 1153 1265 aufugere,
1167 1231 1270 1265 justius
1282 1235 1405 1266 putarem
1420 1236 1501 1266 atque
1511 1230 1651 1258 honestius
1665 1229 1796 1256 futurum.

1012 1275 1156 1303 Enimvero
1179 1276 1282 1303 similes
1307 1276 1429 1311 proferre
1452 1283 1568 1308 causas,
1599 1274 1796 1310 perabsurdum

1010 1321 1102 1349 fuerit.
1117 1321 1184 1348 Nam
1200 1322 1224 1349 si
1244 1322 1306 1357 quis
1325 1322 1443 1356 objiciet,
1471 1321 1523 1348 nisi
1548 1321 1669 1353 ossibus,
1696 1321 1796 1352 nervis,

1012 1368 1189 1403 partibusque
1203 1367 1310 1394 caeteris
1328 1367 1477 1394 instructus
1494 1375 1593 1400 essem,
1617 1367 1674 1393 ﬁeri
1691 1368 1739 1393 abs
1755 1374 1798 1393 me

1012 1420 1072 1447 quae
1085 1413 1166 1440 velim
1183 1413 1258 1440 nttllo
1274 1414 1355 1439 modo
1373 1420 1468 1447 posse.
1494 1420 1555 1439 vere
1576 1412 1627 1438 hoc
1652 1412 1725 1438 dicat
1749 1411 1794 1438 ille

1012 1458 1131 1492 quidem,
1149 1458 1220 1484 idem
1239 1462 1340 1489 tamen,
1368 1458 1390 1485 si
1405 1462 1514 1492 propter
1532 1457 1577 1483 illa
1605 1457 1660 1491 ipsa
1677 1456 1733 1483 fieri
1750 1463 1798 1482 vo-

1012 1503 1059 1536 let,
1079 1511 1140 1537 qute
1155 1503 1203 1530 abs
1220 1511 1262 1530 me
1277 1503 1355 1534 fiunt,
1373 1508 1453 1538 atque
1469 1503 1505 1529 ita
1521 1510 1563 1528 me
1576 1502 1684 1528 demum
1709 1506 1798 1529 mente

1014 1556 1104 1583 agere,
1119 1556 1174 1575 non
1190 1548 1283 1582 optimi
1300 1548 1404 1575 delectu
1419 1547 1537 1582 quodam
1553 1551 1580 1573 et
1594 1547 1694 1577 studio,
1710 1545 1797 1580 negli-

1013 1601 1078 1628 gens
1093 1593 1239 1620 admodum
1256 1600 1287 1620 ac
1302 1593 1399 1627 supina
1417 1592 1507 1619 futura
1527 1597 1568 1619 est
1587 1592 1645 1619 haec
1657 1592 1715 1626 ejus
1733 1599 1796 1617 ora-

1012 1638 1058 1665 tio.
1079 1647 1088 1663 ι
1108 1639 1140 1665 lit
1165 1640 1261 1673 paucis
1277 1638 1445 1672 interjcctis:
1467 1647 1475 1663 t
1493 1638 1586 1672 Itaque
1598 1637 1677 1668 alitis,
1698 1636 1796 1670 inquit,

1011 1689 1110 1712 terram
1126 1685 1191 1711 dum
1212 1685 1284 1712 aeris
1299 1684 1447 1720 agitatione
1465 1683 1649 1715 circumfudit,
1664 1683 1691 1710 vi
1706 1688 1796 1710 tamen

1010 1729 1071 1756 emit
1095 1730 1202 1756 firmam
1225 1734 1252 1755 et
1275 1729 1416 1755 immotam
1442 1728 1577 1756 contineri
1607 1732 1704 1762 putat:
1727 1726 1796 1753 alius

1011 1775 1127 1811 quadam
1143 1775 1225 1802 veluti
1246 1775 1340 1802 latiore
1367 1780 1481 1806 mactra,
1508 1774 1713 1802 fundamentum
1736 1774 1797 1807 ejus

1010 1829 1099 1848 aeretn
1126 1821 1223 1850 fulcire
1252 1821 1364 1849 mavult.
1390 1821 1425 1847 At
1448 1829 1512 1848 vero
1537 1828 1654 1856 quanam
1681 1821 1732 1847 ista
1758 1820 1794 1852 vi,

1011 1875 1091 1902 qualn
1108 1867 1210 1902 optime
1227 1867 1284 1895 ﬁeri
1300 1872 1398 1902 potuit,
1415 1874 1474 1894 sese
1499 1874 1572 1894 nunc
1592 1867 1721 1896 habeant.
1746 1873 1796 1893 suo

1009 1919 1123 1948 quaeque
1146 1913 1208 1941 loco
1234 1913 1343 1948 situque
1368 1913 1511 1945 collocata,
1534 1920 1584 1939 nec
1602 1912 1639 1939 illi
1657 1917 1795 1948 quaerunt,

1009 1966 1059 1986 nec
1075 1958 1187 1986 omnino
1211 1959 1254 1986 dei
1281 1959 1441 1994 cujusquam
1470 1965 1501 1985 ea
1527 1958 1638 1986 numine
1662 1957 1794 1985 contineri

1009 2004 1260 2031 arbitranturzsed
1275 2005 1365 2039 potius
1390 2004 1526 2031 Atlantem
1548 2004 1641 2031 nescio
1664 2011 1744 2038 quem
1769 2008 1797 2030 et

1010 2050 1158 2078 firmiorem
1184 2050 1298 2083 viribus,
1317 2055 1345 2077 et
1371 2050 1573 2077 immortalitate
1598 2050 1794 2084 potentiorem.

171 2098 220 2132 qui
238 2097 361 2124 tenacius
376 2097 504 2124 universa
525 2097 671 2129 devinciat,
701 2097 874 2132 excogitant;
904 2101 986 2133 atque
1006 2098 1043 2125 ita
1070 2098 1137 2125 boni
1157 2105 1270 2133 prorsus
1298 2098 1458 2131 honestique
1483 2097 1561 2128 nihil,
1589 2104 1643 2131 quo
1665 2101 1725 2131 apta
1752 2096 1796 2124 illa

172 2151 297 2178 nexaque
310 2147 461 2176 teneantur,
486 2148 647 2179 agnoscunt.
665 2153 674 2170 ι
696 2143 758 2171 Ηωο
789 2144 915 2172 Socrates
948 2145 981 2172 de
1009 2145 1179 2180 Anaxagorae
1197 2145 1341 2173 sententia.
1359 2145 1438 2184 753
1454 2144 1513 2172 Fuit
1530 2149 1619 2171 autem
1630 2145 1796 2180 Anaxagora3

172 2195 228 2216 tam
245 2189 345 2217 scholae
369 2197 450 2224 quatn
477 2191 613 2224 opinionis
639 2197 782 2217 successor
804 2190 974 2224 Archelaus,
995 2199 1074 2225 quem
1107 2191 1235 2218 Socrates
1257 2191 1376 2218 audiisse
1401 2190 1495 2217 fertur.
1514 2192 1645 2218 Cancrum
1669 2190 1714 2217 alii
1729 2198 1796 2224 quo_

170 2242 226 2269 que
241 2234 358 2270 Physici,
382 2233 563 2268 Xenophanes
589 2240 615 2262 et
637 2235 813 2271 Pythagoras,
845 2237 892 2271 qui
926 2237 988 2264 cum
1008 2237 1173 2272 Anaxagora
1193 2236 1345 2269 ﬂorebant,
1363 2236 1396 2263 de
1419 2235 1466 2263 Dei
1489 2237 1569 2264 simul
1595 2236 1796 2270 incorruptione

169 2286 197 2307 et
211 2280 293 2307 animi
307 2280 510 2307 immortalitate
526 2281 707 2316 plutosophati
723 2286 796 2308 sunt.
812 2281 835 2308 A
850 2281 949 2316 quibus
970 2286 1062 2316 postea
1088 2281 1169 2308 variae
1196 2285 1261 2308 sunt
1280 2280 1506 2315 philosophorum
1535 2285 1615 2308 sectae
1639 2280 1795 2314 opiniones-

169 2335 224 2363 que
238 2330 373 2362 prol‘ectte,
388 2335 450 2355 cum
474 2328 541 2355 alios
557 2329 602 2355 alii
618 2333 812 2362 sequerentur,
842 2329 964 2356 nonnulli
985 2329 1105 2363 privatas
1131 2329 1213 2355 etiam
1236 2328 1421 2363 excogitarent
1435 2336 1466 2355 ac
1477 2328 1612 2362 proprias.
1627 2327 1719 2362 Itaque
1730 2326 1792 2354 Plu-

169 2373 282 2400 tarchus
296 2380 391 2400 eorum
407 2374 440 2400 de
455 2373 507 2400 diis
521 2373 664 2407 opiniones
684 2373 725 2400 his
742 2374 830 2400 verbis
854 2373 952 2400 iterum
972 2378 1177 2400 commemorat.

415 2418 611 2445 ΚΕΦΑΛΑΙΟΝ
632 2420 679 2451 ις’
971 2421 994 2448 D

169 2471 257 2503 Δόξαι
271 2472 446 2506 φιλοσόφων
457 2472 523 2506 περὶ
538 2474 622 2499 θεῶν.
645 2474 714 2500 ’Λπὸ
733 2474 784 2501 τοῦ
799 2473 953 2508 Πλουτάρ-

530 2517 594 2542 χου.

1299 2417 1412 2445 CAPUT
1431 2416 1501 2444 XVI.

1024 2481 1242 2516 Philosophorum
1256 2482 1288 2509 de
1307 2483 1361 2510 diis
1381 2483 1526 2518 opiniones.
1552 2482 1594 2510 Ex
1613 2482 1769 2510 Plutarcho.

1043 2555 1052 2571 ι
1067 2545 1199 2577 Fuerunt,
1213 2545 1313 2580 inquit,
1330 2553 1345 2572 e
1362 2545 1531 2580 philosophis
1542 2547 1677 2579 nonnulli,
1688 2552 1717 2573 ut
1729 2546 1790 2574 Dia-

209 2560 219 2576 σ
232 2551 317 2579 Ἔνιοι
331 2552 385 2578 τῶν
401 2552 551 2587 φιλοσόφων
569 2553 633 2588 (83),
648 2553 773 2589 καθάπερ
789 2554 923 2590 Διαγόρας
939 2556 953 2582 ὁ

1002 2598 1083 2626 goras
1098 2590 1228 2623 Milesius,
1250 2590 1410 2619 Theodorus
1424 2591 1568 2627 Cyrenaeus
1594 2596 1622 2619 et
1642 2592 1789 2620 Evemerus

170 2596 311 2632 Μιλήσιος,
327 2597 374 2624 καὶ
388 2597 524 2632 Θεόδωρος
538 2599 552 2624 ὁ
569 2599 731 2634 Κυρηναῖος,
748 2599 795 2626 καὶ
811 2600 953 2635 Εὐήμερος

207 2663 263 2698 (81)
284 2663 374 2697 Δίνην
395 2664 564 2698 περιτιθείς,
579 2670 630 2691 etc.
652 2664 777 2698 Ficinus,
801 2666 952 2700 vertiginem

169 2699 392 2732 circumponeates
418 2705 494 2726 terra:
511 2700 557 2726 sub
576 2700 649 2725 caelo.
680 2701 814 2728 Serranus
844 2699 951 2733 autem,

169 2733 233 2759 dum
250 2733 388 2770 quemdam
410 2742 539 2770 aquarum
556 2735 684 2769 gurgitem
705 2740 781 2763 term
804 2737 952 2770 circumpo-

170 2773 235 2805 nunt
259 2768 306 2805 διιρ
327 2769 399 2805 emta.
425 2768 582 2805 Existiniavi
600 2775 754 2803 perpetuam
773 2772 843 2798 aeris
865 2768 951 2805 agita-

170 2803 271 2840 tionem
290 2803 401 2838 intelligi
411 2824 418 2835 ,
434 2804 532 2840 etfmb
543 2804 590 2830 τοῦ
604 2805 717 2840 οὐρανοῦ
732 2814 784 2833 non
798 2813 858 2833 cum
872 2803 951 2840 siupe-

168 2838 390 2877 riore-membru
412 2838 644 2877 conjungendum,
673 2841 720 2868 sed
743 2841 807 2868 novi
836 2838 950 2868 membri

170 2873 335 2905 principium
353 2873 524 2902 statuendum
540 2882 609 2902 esse.

1043 2670 1097 2704 (82)
1117 2669 1236 2706 Βάθρονν
1250 2670 1303 2696 τὸν
1322 2670 1405 2704 ἀέρα.
1424 2671 1535 2697 Ficinus
1556 2670 1620 2706 legit
1643 2671 1735 2706 βάθρῳ
1751 2672 1790 2705 τῷ

1006 2705 1081 2740 ἀέρι,
1099 2705 1179 2740 vertit
1193 2705 1283 2738 enim,
1306 2714 1366 2732 aere
1381 2705 1447 2732 velut
1466 2705 1536 2732 base.
1555 2705 1621 2732 Mihi
1645 2705 1712 2732 nihil
1729 2714 1789 2734 tnu-

1005 2739 1118 2767 taudum
1133 2739 1248 2767 videtur.

1041 2774 1096 2809 (85)
1119 2775 1210 2801 Ἔνιοι
1232 2774 1290 2801 τῶν
1303 2776 1365 2808 φιλ.
1382 2774 1519 2803 Plutarch.
1542 2775 1577 2802 De
1591 2775 1684 2810 placit.
1723 2775 1789 2802 (tito-

1005 2810 1123 2853 ξορΙτονπ,
1145 2817 1203 2844 cap.
1221 2810 1247 2842 7,
1273 2818 1333 2844 pag.
1350 2810 1412 2838 880.
1433 2810 1472 2837 Ex
1487 2818 1541 2846 qth
1557 2810 1705 2843 Eusebius,
1731 2811 1789 2838 ut‘

1005 2853 1145 2879 επιτομην.
