2061 3210
297 173 308 201 1
315 172 365 203 239

615 173 745 200 EUSEllll
766 172 1006 202 CESARIENSIS
1025 174 1101 201 OPP.
1122 173 1212 200 PARS
1231 173 1263 202 ll.
1284 189 1318 195 -
1337 173 1588 202 APOLOGETICA.

1858 174 1922 200 l3“)

295 231 436 267 Tegeates,
463 232 510 266 qui
538 231 605 258 deos
631 231 754 258 funditus
782 239 878 260 omnes
901 233 1077 260 sustulerunt.

1132 232 1147 258 ό
1165 232 1313 268 Τεγεάτης,
1340 233 1452 260 καθόλου
1475 233 1542 267 φασὶ
1564 233 1602 268 μὴ
1627 229 1697 258 εἶναι
1721 231 1809 263 θεούς.
1826 231 1879 257 Τὸν
1893 231 1921 257 δὲ

296 276 458 305 Evemerum
491 284 556 304 sane
580 275 765 304 Callimachus
795 277 941 313 Cyrenaeus
968 278 1081 306 in'suis

297 323 398 350 lambis
411 322 581 350 subobscure
602 322 748 357 significat.
777 321 908 358 Tragicos
923 328 1014 350 autem
1031 322 1082 350 Eu-

296 369 408 404 ripides,
436 366 465 396 οἱ
492 376 602 396 sensum
630 369 710 404 plane
735 376 815 396 suum
847 370 979 404 Areopagi
1008 375 1080 396 metu

295 415 402 449 aperire
416 423 470 441 non
496 414 618 447 auderet,
647 414 699 442 hoc
725 416 806 442 modo
832 419 923 442 tamen
940 415 1080 442 indicavit.

295 460 402 495 Quippe
417 460 564 496 Sisyphum
582 460 744 492 introducit,
771 461 907 495 opinionis
921 461 1003 495 hujus
1018 461 1078 488 vin-

294 506 394 537 dicem,
410 506 454 533 cui
468 505 634 541 suffragatur
647 506 705 539 ipse
718 513 846 541 quoque:
865 510 921 532 tum
936 506 1081 540 Anaxago-

294 560 352 579 ram
367 558 462 579 contra
478 552 579 583 laudat,
589 559 670 586 quem
687 551 810 578 omnium
824 550 943 586 primum
962 555 1036 578 recte
1047 550 1081 577 de

297 598 352 625 Deo
363 597 484 625 sensisse
497 602 622 629 testatur,
638 597 679 624 his
691 597 799 633 verbis]:
816 607 826 622 ι
837 598 1024 632 Anaxagoras,
1037 597 1080 623 in-

294 644 364 678 quit,
381 643 516 678 principio
535 649 651 676 corpora
675 642 785 670 stetisse
803 642 892 674 docet,
915 649 976 676 qua:
989 640 1080 668 divina

296 696 373 716 meus
400 693 494 723 postea
514 688 674 723 digesserit,
692 696 841 723 rerumque
862 688 985 715 onmium
1003 691 1080 715 ortus

293 734 424 762 effecerit.
454 734 489 761 At
516 734 595 761 Plato
620 735 708 769 prima
736 734 780 761 illa
804 741 920 768 corpora
945 741 1000 760 non
1022 733 1080 767 jam

294 781 404 809 stetisse
432 782 497 814 vult,
528 781 575 808 sed
604 781 718 808 confuse
739 781 830 815 potius
855 788 888 807 ac
921 780 1077 815 perturbate

294 827 394 862 agitata
425 826 524 860 fuisse;
552 827 692 862 Deumque
723 831 879 861 propterea,
910 827 956 861 qui
978 827 1080 861 optime

293 878 387 901 nosset
417 881 498 908 qualn
519 873 554 900 sit
569 873 636 900 ordo
649 872 810 900 confusione
822 873 1004 908 prresmntior,
1020 873 1078 900 suis

1134 278 1276 314 Εὐήμερον
1291 279 1338 305 καὶ
1355 278 1528 314 Καλλίμαχος
1541 279 1556 304 ό
1568 278 1722 312 Κυρηναῖος
1735 277 1882 303 αἰνίττεται
1893 278 1920 302 ὲν

1132 327 1187 357 τοῖς
1206 325 1337 358 Ἰάμϐοις.
1355 325 1411 352 Καὶ
1426 324 1574 360 Εὐριπιδης
1589 325 1604 350 ὸ
1619 323 1839 359 τραγῳδιοποιὸς,
1852 324 1920 350 ἁπο-

1132 372 1303 407 καλύψασθαι
1323 372 1371 407 μὲν
1384 371 1433 398 οὐκ
1446 371 1578 406 ἠθέλησε,
1596 369 1722 401 δεδοικὼς
1742 369 1788 396 τὸν
1812 370 1920 404 ’Λρειον

1133 419 1229 453 πάγον,
1242 419 1354 452 ἐνέφηνε
1368 418 1396 444 δὲ
1407 417 1501 444 τοῦτον
1514 417 1559 444 τὸν
1577 416 1686 452 τρόπον.
1704 416 1756 442 Τὸν
1772 415 1828 450 γὰρ
1840 414 1919 441 Σίσυ-

1133 475 1183 501 φον
1200 466 1330 500 εἰσήγαγε
1346 464 1500 499 προστάτην
1512 462 1615 498 ταύτης
1626 462 1676 496 τῆς
1696 461 1784 496 δόξης.
1802 462 1848 487 καὶ
1860 469 1919 487 συν-

1131 511 1268 547 ηγόρησεν
1277 509 1359 537 αὑτοῦ
1367 511 1399 545 τῇ
1408 509 1515 546 γνώμῃ.
1524 518 1532 534 ι
1543 509 1604 534 Ἐπὶ
1614 508 1717 539 τούτοις
1728 507 1782 541 (84)
1790 507 1919 534 πάλιντὸν

1138 555 1321 592 Ἀναξαγόραν
1336 555 1452 588 εἰσάγει,
1469 554 1576 589 πρῶτον
1593 554 1705 588 φάσκων
1728 553 1810 579 αὐτὸν
1832 552 1919 587 ὀρθῶς

1132 602 1264 637 φρονῆσαι
1281 601 1344 636 περὶ
1359 600 1437 627 Θεοῦ.
1456 600 1573 634 Δέγειδὲ
1590 599 1685 631 οὕτως’
1705 608 1714 624 ι
1725 599 1754 625 ’0
1767 598 1794 625 δὲ
1812 598 1920 630 Ἀναξαν-

1130 649 1224 683 γόρας,
1244 648 1335 683 φησὶνι
1352 647 1391 678 ὡς
1407 647 1529 681 εἱστήκει
1547 646 1607 672 κατ’
1632 645 1717 680 ἀρχὰς
1735 644 1769 671 τά
1793 644 1918 679 σώματα,

1130 693 1193 725 νοῦς
1207 693 1235 719 δὲ
1250 693 1319 719 αὐτὰ
1340 692 1503 727 διεκόσμησε
1516 690 1595 722 Θεοῦ,
1609 691 1656 716 καὶ
1666 690 1714 722 τὰς
1724 689 1847 724 γενέσεις
1865 689 1920 716 τῶν

1129 739 1197 766 ὅλων
1211 738 1348 774 ἐποίησεν.
1370 738 1398 764 '0
1411 738 1438 764 δὲ
1454 738 1565 764 Πλάτων
1583 737 1632 772 οὐχ
1654 736 1787 772 ἑστηκότα
1807 736 1919 762 ὑπέθετο

1129 785 1164 811 τὰ
1178 785 1273 820 πρῶτα
1288 783 1412 819 σώματα,
1428 783 1551 814 ἀτάκτως
1564 783 1591 809 δὲ
1602 782 1748 817 κινούμενα
1758 791 1764 797 ·
1776 782 1817 808 διό
1827 789 1917 817 φησιν·

1136 831 1165 857 '0
1178 830 1245 861 Θεὸς
1268 830 1428 864 ἐπιστήσας,
1449 828 1487 860 ὼς
1503 828 1579 860 τάξις
1592 827 1704 860 ἀταξίας
1720 828 1779 853 ἐστὶ
1796 827 1917 861 βελτίων,

1130 876 1307 911 διεκόσμησεν
1323 875 1402 902 αὐτὰ.
1414 885 1423 900 ι
1445 873 1492 906 Οἷς
1509 874 1627 907 ἐπιλέγει
1639 881 1645 888 ”
1660 883 1670 898 ι
1683 873 1786 904 Κοινῶς
1801 871 1847 899 ὤν
1865 872 1917 907 (85)

294 925 409 954 qua=que
432 918 500 946 locis
515 926 614 953 magno
635 926 697 946 cum
717 923 815 945 ornatu
834 919 995 945 collocasse.
1012 918 1077 951 Qui-

1130 923 1332 958 ἁμαρτάνωσιν
1348 920 1508 956 ἀμφότεροι,
1523 920 1563 946 ὃτι
1579 919 1623 946 τὸν
1634 919 1699 945 Θεὸν
1714 919 1846 953 ἐποίησαν
1863 918 1919 943 ἐπι-

293 963 345 991 bus
361 964 397 991 ita
420 964 520 997 subdit,
541 965 654 994 Eodem.
677 964 776 998 inquit,
797 964 878 991 ambo
893 972 988 991 errore
1002 965 1079 991 labo-

293 1013 400 1041 rarunt,
418 1010 490 1045 quod
518 1017 608 1037 rerum
636 1010 817 1036 humanarum
836 1017 930 1036 curam
952 1009 1007 1036 Deo
1024 1010 1075 1036 tri-

292 1054 417 1087 buerent,
444 1062 594 1089 earumque
620 1062 702 1082 causa
728 1055 858 1082 mundum
877 1055 912 1082 ab
936 1063 969 1082 eo
985 1055 1080 1082 condi-

293 1105 349 1130 tum
362 1107 388 1129 et
400 1107 526 1130 ornatum
543 1110 604 1130 esse
619 1107 781 1130 statuerent.
799 1101 866 1129 Nam
882 1103 990 1130 beatum
1011 1103 1078 1130 illud

291 1149 393 1176 animal
420 1149 510 1176 omnis
525 1149 709 1184 corruptionis
728 1156 826 1184 expers
854 1149 928 1176 omni
944 1149 1077 1177 bonorum

292 1202 390 1230 genere
409 1195 530 1230 plenum,
556 1202 606 1222 nec
633 1195 716 1223 ullius
748 1196 861 1223 omnino
885 1196 948 1223 mali
977 1203 1076 1231 capax,

295 1241 424 1276 quodque
441 1246 528 1268 totum
547 1242 572 1268 in
590 1249 639 1269 sua
654 1242 736 1270 unius
762 1241 892 1270 felicitate
908 1247 936 1270 et
962 1243 1078 1270 immor-

293 1286 369 1314 talite
389 1287 576 1314 conservanda
592 1288 749 1322 tuendaque
766 1292 903 1320 versatur,
920 1295 1012 1315 rerum
1028 1289 1079 1314 hu-

294 1339 439 1359 manarum
455 1332 638 1359 sollicitudine
654 1335 743 1359 vacat.
759 1332 868 1368 Alioqui
883 1334 968 1361 miser
985 1333 1079 1368 utique

295 1375 368 1406 Deus
392 1381 474 1411 esset,
499 1378 545 1412 qui
567 1385 658 1413 operae
683 1378 826 1414 cujusdam
844 1378 969 1414 fabrique
992 1387 1077 1412 more,

293 1424 493 1458 comportandis
517 1425 657 1458 oneribus,
684 1425 799 1459 orbique
819 1425 957 1452 moliendo
982 1425 1078 1452 admo-

292 1470 356 1497 dum
384 1470 534 1497 insudarct.
558 1470 640 1506 755
663 1470 809 1502 Praeterea,
829 1470 900 1498 Deus
929 1471 973 1498 ille
997 1479 1077 1506 quem

291 1520 402 1548 vocant,
418 1517 459 1543 vel
472 1521 528 1543 toto
540 1516 586 1544 illo
601 1517 685 1551 priori
702 1525 770 1550 πονο,
783 1525 845 1544 cum
862 1517 976 1544 immota
987 1521 1079 1544 essent

293 1569 419 1596 corpora,
437 1562 558 1590 nondum
579 1567 657 1590 erat:
680 1563 722 1590 Vel
735 1571 797 1591 cum
810 1563 904 1590 eadem
921 1563 1076 1598 perturbate

1132 968 1313 1004 στρεφόμενον
1330 967 1382 994 τῶν
1398 966 1585 1002 ἀνθρωπίνων,
1601 965 1648 992 καὶ
1662 964 1764 991 τούτων
1781 964 1862 999 χάριν
1876 963 1917 990 τὸν

1131 1014 1232 1048 κόσμον
1243 1013 1488 1044 κατασκευάζοντα.
1501 1012 1538 1038 Τὸ
1550 1011 1605 1046 γὰρ
1616 1010 1749 1046 μακάριον
1758 1011 1805 1036 καὶ
1819 1009 1918 1044 esea?-

1129 1068 1175 1086 τον
1192 1059 1270 1091 ζῶον,
1286 1058 1556 1094 συμπεπληρωμένον
1571 1066 1600 1083 τε
1615 1057 1680 1083 πᾶσι
1695 1056 1751 1092 (86)
1773 1057 1831 1087 τοῖς
1853 1055 1918 1089 ἁγαρ

1130 1105 1196 1138 θοϊς,
1212 1106 1259 1132 καὶ
1274 1104 1360 1132 κακοῦ
1386 1103 1484 1134 παντὸς
1500 1104 1621 1134 ἄδεκτον,
1650 1103 1709 1129 ὅλον
1737 1102 1766 1128 ὸν
1789 1102 1855 1137 περὶ
1871 1101 1917 1136 τὴν

1131 1152 1245 1186 συνοχὴν
1270 1151 1318 1186 τῆς
1338 1150 1405 1182 ιδίας
1428 1148 1598 1184 εὐδαιμονίας
1625 1156 1654 1174 τε
1681 1148 1728 1174 καὶ
1753 1147 1917 1181 ἀφθαρσίας,

1129 1196 1324 1232 ἀνεπιστρεφές
1335 1197 1392 1222 ἐστι
1406 1195 1460 1221 τῶν
1476 1194 1652 1229 ἀνθρωπίνων
1664 1193 1845 1228 πραγμάτων.
1862 1192 1918 1218 Κα-

1129 1243 1266 1276 κοδαίμων
1289 1241 1311 1267 δ’
1329 1240 1362 1267 ἂν
1389 1240 1451 1275 εἴη,
1469 1239 1584 1275 ἐργάτου
1611 1238 1688 1274 δίκην
1716 1237 1763 1263 καὶ
1794 1237 1917 1267 τέκτονος

1129 1286 1298 1324 ἀχθοφορῶν,
1314 1286 1360 1312 καὶ.
1376 1285 1513 1321 μεριμνῶν
1530 1286 1570 1316 εἰς
1580 1285 1628 1320 τὴν
1643 1283 1690 1310 τοῦ
1708 1283 1812 1317 κόσμου
1834 1290 1918 1308 κατα-

1130 1335 1238 1369 σκευήν.
1253 1333 1307 1359 Καὶ
1321 1332 1418 1359 πάλιν·
1441 1332 1469 1358 '0
1485 1331 1551 1362 Θεὸς
1574 1331 1603 1357 ὃν
1628 1330 1764 1364 λέγουσιν,
1787 1329 1847 1364 ἢτοι
1873 1327 1918 1354 τὸν

1129 1379 1282 1415 ἔμπροσθεν
1296 1378 1381 1405 αἰῶνα
1395 1377 1445 1404 οὐκ
1458 1375 1502 1413 ἦν,
1513 1378 1557 1404 ὅτε
1572 1375 1606 1412 ἦν
1617 1375 1731 1411 ἀκίνητα
1745 1375 1779 1401 τά
1794 1374 1918 1409 σώματα,

1128 1425 1144 1460 ἢ
1158 1425 1202 1451 ὅτε
1213 1424 1338 1455 ἀτάκτως
1352 1424 1466 1449 ἐκινεῖτο
1476 1442 1482 1454 ,
1505 1422 1521 1457 ἢ
1538 1423 1678 1457 ἐκοιμᾶτο,
1694 1421 1710 1456 ἦ
1725 1420 1882 1455 ἐγρηγόρει,
1900 1418 1918 1455 ἢ

1128 1471 1266 1506 οὐδέτερον
1278 1469 1391 1496 τούτων.
1407 1469 1475 1496 Οῦτε
1492 1469 1522 1495 τὸ
1537 1468 1645 1504 πρῶτον
1661 1469 1718 1494 ἐστι
1742 1466 1870 1499 δέξασθαι
1881 1474 1887 1480 ·
1904 1466 1918 1491 ό

1128 1517 1182 1552 γὰρ
1195 1517 1261 1548 Θεὸς
1284 1515 1408 1547 αἰώνιος·
1425 1514 1487 1542 οὕτε
1502 1515 1532 1541 τὸ
1560 1514 1686 1549 δεύτερον
1698 1521 1705 1528 ·
1733 1514 1756 1539 εἰ
1777 1513 1831 1547 γὰρ
1847 1514 1917 1538 ἐκοι-

1130 1565 1197 1599 μᾶτο
1214 1563 1242 1596 ἐξ
1254 1563 1350 1595 αἰῶνος
1365 1562 1463 1594 ὀΘεὸς,
1476 1562 1616 1596 ἐτεθνήκει
1627 1569 1634 1575 '
1648 1559 1754 1592 αἰώνιος
1767 1560 1822 1594 γὰρ
1837 1559 1919 1590 ὕπνος

293 1613 478 1641 moverentur,
510 1613 557 1635 aut
585 1609 738 1636 dormiebat
767 1610 834 1644 ipse,
862 1614 910 1636 aut
936 1610 1074 1644 vigilabat,

1129 1609 1239 1641 θάνατός
1263 1610 1345 1636 ἐστιν.
1369 1609 1448 1635 Ἀλλά
1463 1617 1495 1642 γε
1520 1608 1631 1638 άόεκτος
1647 1606 1732 1633 ὕπνου
1748 1607 1761 1632 ό
1783 1605 1866 1637 Θεὸς·
1889 1606 1919 1630 τὸ

291 1658 340 1682 aut
355 1654 507 1689 negandum
524 1659 681 1690 utrumque.
712 1655 858 1683 Enimvero
881 1663 932 1682 nec
955 1655 1073 1689 primum

291 1698 357 1726 illud
370 1699 477 1734 probari
492 1704 591 1734 potest.
605 1708 667 1727 cum
680 1705 799 1728 aeternus
816 1700 887 1728 Deus
900 1701 933 1728 sil
946 1709 952 1728 :
971 1708 1021 1728 nec
1036 1708 1076 1728 se-

291 1745 422 1772 cundum.
443 1743 471 1772 Si
500 1746 571 1772 enim
596 1750 698 1774 aeterno
718 1745 790 1773 Deus
811 1754 907 1773 somno
924 1751 1073 1777 teneretur,

294 1795 421 1818 m0rtuus
437 1797 511 1818 esset
526 1799 639 1819 necesse
656 1796 715 1819 est:
739 1799 853 1820 somnus
869 1791 940 1818 enim
956 1795 1076 1818 aeternus

291 1843 366 1864 mors
378 1840 428 1863 est.
443 1836 475 1863 At
486 1844 598 1865 somnus
611 1837 637 1864 in
654 1838 736 1864 Deum
750 1838 824 1864 nullo
833 1837 1004 1865 modoc-idit:
1018 1836 1076 1873 ipsa

289 1881 362 1909 enim
381 1881 425 1908 Dei
440 1882 631 1910 immortalitas
643 1883 677 1910 ab
690 1890 723 1910 co
738 1884 810 1918 quod
824 1883 904 1910 morti
919 1885 1074 1918 proximum

291 1933 332 1955 est
347 1928 506 1963 longissime
522 1929 614 1956 distat.
645 1929 696 1963 Qui
711 1931 733 1957 si
753 1930 844 1964 potius
864 1930 1004 1965 vigilabat,
1028 1933 1075 1956 aut

289 1981 320 2001 rc
336 1973 368 2000 ad
393 1982 471 2001 suam
491 1973 647 2002 felicitatem
664 1975 755 2010 aliqua
773 1975 922 2011 indigebat,
937 1980 985 2002 aut
998 1982 1074 2002 eam-

290 2018 351 2047 dem
370 2019 484 2047 habebat
500 2021 622 2047 numeris
639 2021 766 2048 omnibus
781 2021 946 2049 absolutam.
960 2019 988 2047 Si
1001 2021 1076 2055 prius

290 2063 357 2092 illud
379 2065 553 2096 concedetur.
575 2065 670 2093 beatus
691 2074 756 2102 ergo
771 2066 842 2094 Deus
862 2074 916 2094 non
933 2070 1011 2099 erat;
1031 2066 1074 2093 cui

1128 1656 1182 1691 γὰρ
1194 1655 1325 1682 ἀθάνατον
1338 1654 1385 1682 τοῦ
1400 1654 1478 1686 Θεοῦ,
1495 1654 1542 1681 καὶ
1555 1654 1585 1681 τὸ
1595 1654 1679 1688 ἐγγὺς
1696 1652 1811 1679 θανάτου
1823 1672 1830 1683 ,
1849 1651 1917 1677 πολὺ

1127 1701 1290 1737 κεχώρισται
1306 1701 1371 1736 (87).
1396 1701 1427 1727 El
1443 1701 1472 1727 δὲ
1484 1698 1517 1736 ἦν
1533 1700 1548 1726 ὸ
1574 1699 1639 1731 Θεὸς
1661 1697 1831 1734 ἐγρηγορὼς,
1858 1697 1918 1731 ἦτοι

1127 1747 1248 1773 ἐνέλιπεν
1263 1747 1303 1778 εἰς
1320 1745 1500 1781 εὐδαιμονίαν,
1516 1746 1532 1781 ἢ
1550 1745 1712 1780 πεπλήρωτο
1736 1745 1764 1770 ἐν
1787 1742 1919 1778 μακαριό-

1126 1800 1187 1828 τητι
1205 1793 1269 1827 (88).
1285 1792 1339 1819 Καὶ
1355 1792 1417 1819 οὔτε
1430 1792 1500 1819 κατὰ
1514 1792 1544 1818 τὸ
1555 1791 1662 1828 πρῶτόν
1678 1792 1735 1817 ἐστι
1752 1790 1888 1825 μακάριος
1904 1789 1918 1814 6

1129 1839 1194 1871 Θεός
1206 1847 1212 1853 ·
1228 1839 1257 1865 τὸ
1274 1839 1328 1873 γὰρ
1343 1839 1464 1865 ἐλλεῖπον
1477 1839 1517 1870 εἰς
1528 1838 1700 1873 εὐδαιμονίαν
1711 1837 1742 1864 οὐ
1762 1837 1898 1872 μακάριον
1908 1844 1915 1850 ·

1128 1883 1189 1911 οὔτε
1207 1884 1275 1911 κατὰ
1289 1884 1318 1911 τὸ
1331 1884 1455 1920 δεύτερον
1465 1893 1472 1899 ·
1487 1884 1569 1920 μηδὲν
1586 1884 1639 1919 γάρ
1655 1883 1786 1910 ἐλλείπων
1804 1882 1859 1916 (89)
1872 1889 1918 1908 κε·

1128 1931 1187 1962 ναῖς
1215 1930 1325 1965 ἔμελλεν
1351 1930 1500 1966 ἐπιχειρεῖν
1521 1930 1646 1966 πράξεσι.
1676 1930 1739 1961 Πῶς
1751 1929 1790 1960 δὲ,
1808 1928 1888 1964 εἴπερ
1903 1927 1917 1954 ὁ

1129 1975 1194 2007 Θεὸς
1206 1976 1263 2002 ἐστι
1275 1976 1322 2003 καὶ
1336 1977 1370 2012 τῇ
1386 1975 1479 2002 τούτου
1500 1976 1618 2012 φροντίδι
1635 1975 1668 2002 τά
1690 1974 1760 2001 κατὰ
1777 1973 1917 2009 ἄνθρωπον

1129 2023 1318 2057 οἰκονομεῖται,
1335 2022 1365 2047 τὸ
1383 2022 1432 2057 μὲν
1448 2021 1573 2057 κίὸδηλον
1587 2022 1704 2056 εὐτυχεῖ,
1719 2020 1748 2047 τὸ
1762 2020 1790 2046 δὲ
1811 2020 1916 2047 ἀστεῖον

1129 2066 1249 2093 ἐναντίον
1267 2066 1383 2101 πάσχει;
1406 2066 1584 2101 Ἀγαμέμνων
1600 2074 1629 2092 τε
1643 2066 1706 2101 γὰρ,

290 2111 363 2138 enim
377 2110 410 2138 ad
436 2110 592 2138 felicitatem
617 2111 719 2146 aliquid
746 2113 827 2145 desit,
857 2113 966 2140 beatum
997 2111 1118 2147 profecto
1139 2120 1192 2139 non
1220 2117 1278 2139 est:
1311 2112 1447 2147 posterius
1468 2119 1530 2138 vere
1556 2119 1636 2138 nemo
1659 2111 1746 2142 dicat;
1776 2116 1916 2143 ltllltqllall

290 2158 374 2190 enim,
388 2158 409 2185 si
427 2158 500 2185 nulla
516 2159 702 2194 re.indigeret,
719 2168 851 2187 novarum
878 2160 906 2187 in
927 2168 1019 2187 rerum
1053 2161 1221 2187 molitionem
1249 2159 1427 2186 incumberet.
1452 2157 1509 2185 lam
1533 2165 1596 2184 vero
1617 2158 1640 2184 si
1664 2156 1736 2184 Deus
1759 2161 1813 2187 est.
1841 2155 1914 2189 ejus-

290 2214 343 2241 que
370 2207 538 2242 providentia
565 2215 609 2235 res
646 2208 773 2235 humanae
806 2208 1002 2243 gubernantur,
1030 2208 1167 2243 quomodo
1193 2206 1301 2233 tandem
1320 2206 1372 2233 vile
1396 2205 1593 2240 indignumque
1607 2208 1688 2239 caput
1702 2203 1834 2234 secunda.
1848 2209 1916 2237 prae-

293 2252 396 2280 clarum
413 2257 440 2280 et
456 2253 562 2288 insigne
578 2253 693 2281 adversa
711 2253 820 2281 fortuna
834 2254 942 2281 utitur?
955 2253 1022 2282 Nam
1043 2259 1070 2282 et
1084 2254 1270 2288 Agamemnon
1289 2252 1343 2284 ille,

290 2309 346 2338 Rea:
360 2310 430 2338 idem
446 2309 587 2342 excellens,
600 2310 720 2346 idemque
732 2311 877 2338 acerrimus
894 2311 989 2343 armis,

292 2401 406 2430 adulteri
425 2408 451 2430 et
479 2402 609 2430 adultera:
630 2402 772 2431 fraudibus
789 2403 935 2431 occubuit:
951 2407 977 2430 et
990 2402 1075 2437 ipsius

290 2447 398 2482 gentilis
417 2446 555 2479 Hercules,
573 2453 718 2483 postquam
734 2456 765 2475 ea
783 2456 844 2483 qua:
869 2449 953 2475 vitam
983 2448 1073 2474 homi-

290 2500 355 2520 num
380 2492 507 2520 infestam
522 2492 671 2525 habebant,
693 2498 796 2528 partem
813 2494 961 2521 maximam
980 2498 1074 2521 sustu-

326 2570 379 2605 (84)
406 2570 468 2598 Ἐπὶ
483 2571 609 2605 τούτοις.
634 2571 696 2599 Hice
714 2580 800 2607 usque
817 2572 850 2600 ad
864 2572 937 2607 λέγει
950 2572 979 2599 δὲ
992 2571 1077 2604 οὕτως

291 2604 399 2632 Eusebii
412 2607 492 2633 verba
506 2611 580 2633 sunt.

325 2640 381 2677 (85)
402 2641 513 2674 Κοινῶς
536 2640 675 2677 οὖνκΙιηο
693 2647 720 2669 ιιι
739 2643 824 2674 solus.
842 2641 996 2673 Plutarche,
1011 2650 1077 2677 gna-

289 2675 357 2702 viter
374 2676 473 2710 impius
489 2684 529 2707 es.
541 2677 587 2710 qui
604 2675 657 2704 Deo
676 2685 765 2705 rerum
782 2678 963 2704 humanarum
982 2675 1074 2704 curam

289 2710 390 2747 eripias
402 2730 409 2741 .
425 2716 451 2747 et
470 2711 568 2738 divinae
583 2712 681 2739 mentis
700 2720 731 2740 ac
755 2713 893 2740 felicitatis
908 2713 1075 2747 magnitudi:

290 2752 351 2783 nem
373 2746 505 2783 infinitam
517 2766 524 2779 ,
540 2747 664 2781 angustis
677 2752 704 2775 et
720 2748 821 2783 iniquis
838 2748 937 2782 ingenii
958 2746 996 2775 tui
1015 2747 1074 2774 tinir

290 2779 340 2806 bus
356 2781 477 2807 metiare.
580 2779 589 2781 ἡ
623 2793 625 2796 ί

326 2814 381 2856 (δε)
399 2816 697 2856 ξυμπεπληρωμέγρν
710 2826 742 2844 τε
756 2816 841 2856 πᾶσι.
853 2816 932 2848 Nota,
949 2825 997 2852 pro
1011 2817 1077 2844 πάν-

289 2849 475 2887 τωνάγαθῶν,
489 2859 550 2885 quae
563 2849 593 2878 et
604 2849 670 2879 alibi
686 2853 813 2887 reperias.

324 2883 380 2918 (87)
394 2883 526 2913 Θανάτου
538 2887 616 2914 πολὺ
629 2895 692 2922 κεχ.
710 2883 807 2915 Vocem
832 2887 926 2919 ὕπνου,
941 2895 1000 2922 quae
1017 2891 1078 2922 post

1094 2305 1116 2331 ί)
1136 2309 1328 2345 Ἀμφότερον,
1351 2309 1501 2342 ,ϐασιλεὺς
1521 2308 1545 2335 τ’
1574 2307 1684 2343 ἀγαθὸς
1698 2325 1719 2345 ._
1734 2308 1875 2345 κρατερός
1889 2305 1914 2333 τ’

1709 2341 1878 2377 [alumnis

1129 2400 1182 2427 ὑπὸ
1200 2400 1292 2435 μοιχοῦ
1323 2399 1366 2428 καὶ
1389 2398 1540 2434 μοιχαλίδος
1567 2397 1693 2433 ἡττηθεὶς
1717 2396 1912 2432 ἐδολοφονήθη·

1127 2448 1174 2483 καὶ
1185 2448 1198 2474 ό
1210 2447 1304 2473 τούτου
1320 2446 1348 2473 δὲ
1362 2445 1493 2480 συγγενὴς
1515 2444 1661 2480 Ἡρακλῆς,
1679 2443 1762 2470 πολλὰ
1775 2443 1829 2470 τῶν
1856 2445 1914 2469 ἐπι-

1127 2492 1331 2528 λυμαινομένων
1357 2491 1401 2517 τὸν
1426 2490 1594 2526 ἀνθρώπινον
1619 2490 1676 2525 βίον
1705 2489 1839 2524 καθάρας,
1863 2488 1914 2515 ὑπὸ

1128 2571 1244 2598 θανάτου
1260 2571 1432 2605 sequebatur,
1445 2577 1506 2597 cum
1519 2568 1663 2597 Plutarcho
1675 2573 1848 2605 sustulimus.
1861 2568 1914 2595 lle-

1127 2614 1188 2633 rum
1205 2604 1338 2639 glossema
1358 2605 1407 2632 fuit
1418 2626 1425 2636 ,
1450 2613 1505 2639 quo
1527 2605 1618 2632 nescio
1633 2605 1694 2638 quis
1709 2604 1848 2637 explicare
1864 2611 1911 2630 vo-

1128 2642 1178 2668 luit
1197 2642 1226 2667 τὸ
1247 2642 1330 2675 ἐγγὺς
1345 2641 1470 2668 θανάτου.
1494 2639 1585 2673 Itaque
1606 2639 1733 2674 ascripsit
1747 2639 1831 2670 ὕπνος
1850 2641 1913 2674 (non

1128 2676 1225 2707 ὕπνου)
1240 2677 1284 2710 qui
1301 2684 1362 2703 vere
1380 2676 1458 2702 morti
1474 2675 1639 2702 simillimus.

1164 2712 1219 2745 (88)
1239 2708 1417 2744 Πεπλήρωτο
1431 2710 1465 2736 ἐν
1471 2711 1672 2744 μακαριότητι.
1697 2708 1820 2740 ﬂectitis,
1832 2715 1912 2743 quam

1128 2751 1159 2774 ut
1175 2746 1245 2780 apud
1263 2746 1446 2776 Plutarchum,
1467 2744 1641 2779 πεπληρώκει
1660 2745 1860 2779 μακαριότητα.

1165 2777 1222 2815 (89)
1248 2780 1349 2814 Μηδὲν
1373 2781 1427 2815 γὰρ
1452 2777 1607 2807 ἐλλείπων.
1640 2777 1698 2806 imo
1723 2777 1814 2810 certe,
1841 2777 1912 2815 quod

1131 2817 1233 2851 optime
1248 2816 1324 2842 Plato
1340 2814 1415 2846 vidit,
1436 2816 1460 2842 id
1474 2823 1584 2851 olnmuo
1600 2822 1713 2851 summa;
1726 2815 1786 2851 ejus
1803 2819 1836 2851 et»
1852 2814 1913 2840 inli-

1130 2849 1194 2878 nitae
1206 2851 1317 2878 bonitati
1332 2851 1489 2877 debebatur.
1504 2849 1636 2876 Caeterum
1654 2849 1684 2875 in»
1695 2850 1779 2883 priori
1793 2849 1913 2876 editione

1130 2894 1270 2922 perperam
1290 2886 1437 2921 legebatur,
1454 2884 1534 2920 μηδὲν
1549 2884 1602 2919 γὰρ
1621 2883 1752 2911 ἐλλεῖπον.
