2061 3210
267 168 337 194 1245

587 166 724 195 EUSEBII
741 166 982 195 CESARIENSIS
999 167 1073 195 OPP.
1095 168 1186 196 PARS
1205 169 1237 196 ll.
1253 165 1291 191 '—-
1309 169 1562 198 APOLOGETICA.

1816 171 1888 200 12H

266 225 311 253 illa
335 224 508 253 llehraorum
528 226 690 261 antiquitate
716 227 902 255 conferamus.
930 228 968 254 lta
994 236 1068 258 non,

1124 228 1184 255 άλαι
1200 228 1324 262 ἀπέδειξε
1346 229 1433 264 λόγος.
1449 230 1511 265 Φέρ¹
1531 227 1595 262 οὖν,
1612 230 1691 256 πάλιν
1710 230 1891 266 ἀναλάϐωμεν

268 274 315 302 Dei
330 282 395 302 sane
420 274 469 301 fuit
484 275 526 300 vel
550 275 620 309 apud
640 274 750 302 Graecos
775 283 882 305 omnes,
908 276 948 302 vel
979 276 1051 310 apud

1123 281 1145 300 )v
1162 275 1250 309 λόγον.
1270 275 1379 311 Ἐπειδὴ
1397 275 1451 302 τῶν
1473 276 1596 302 Φυσικῶν
1615 276 1766 310 φιλοσόφων
1787 277 1810 302 οἰ
1842 277 1892 311 μὲν

268 319 412 348 ΡΙιαιιιίορε
429 325 455 346 et
472 319 624 354 IEgyptios,
643 324 689 346 aut
706 319 728 347 si
741 321 787 355 qui
808 321 852 347 alii
874 321 990 355 priscam
1018 321 1052 347 il-

1124 321 1190 347 ἀντα
1204 321 1369 348 κατέϐαλλον
1393 322 1438 348 ἐπὶ
1460 322 1510 354 τὰς
1523 322 1673 357 αἰσθήσεις,
1687 323 1712 349 οἱ
1726 322 1749 348 δ’
1763 320 1797 349 αὖ
1811 323 1893 350 πάλιν

270 367 323 393 lam
351 367 384 393 de
409 366 552 392 numinum
578 366 751 392 multitudine
764 367 986 400 superstitionem
1012 367 1054 393 in-

269 415 412 442 vexerunt,
446 415 600 445 pervetusta
636 411 765 446 cognitio,
794 419 876 446 quam
910 419 925 439 e
951 411 1053 440 Gracia

269 457 350 491 primi
366 457 540 491 Anaxagoras
561 460 588 483 et
608 455 777 491 Anaxagora:
798 464 931 491 suppares
952 457 1052 484 intule-

270 507 343 529 runt.
365 501 511 529 Enimvero
525 506 618 537 gentes
631 502 741 537 quidem
760 510 855 530 omnes
881 503 1054 537 superstitio-

272 555 320 576 sus
337 549 381 575 ille
392 549 424 575 de
437 548 564 583 pluribus
577 548 629 575 diis
645 556 722 575 error
736 548 887 575 invaserat:
919 549 1054 582 ejusmodi

1101 367 1206 398 τούτοις
1234 367 1384 400 ἀνθεῖλκον,
1413 368 1452 400 ὡς
1478 370 1502 395 οἰ
1520 369 1584 404 περὶ
1611 369 1656 396 τὸν
1672 368 1825 405 Ξενοφάνην
1847 369 1894 396 τὸν

1105 412 1286 447 Κολοφώνιον,
1300 414 1347 440 καὶ
1361 414 1531 450 Παρμενίδην
1545 414 1591 440 τὸν
1608 414 1746 449 Ἐλεάτην,
1761 415 1786 441 οἳ
1800 414 1833 450 δὴ
1844 414 1895 446 τὰς

1106 459 1246 494 αἰσθήσεις
1263 459 1379 495 ἀνῄρουν
1391 480 1398 490 ,
1420 460 1503 496 μηδὲν
1525 458 1592 487 εἰναι
1612 461 1760 495 φάσκοντες
1777 460 1894 496 καταλη-

1108 504 1174 531 πτὸν
1188 504 1241 530 τῶν
1253 505 1282 531 ὲν
1304 505 1440 540 αἰσθήσει,
1455 505 1496 532 διὸ
1522 506 1594 541 μόνῳ
1611 506 1665 533 δεῖν
1692 507 1830 533 πιστεύειν
1856 502 1895 543 τῷ

1108 549 1179 585 λόγῳ
1189 559 1195 565 ·
1211 550 1246 577 τά
1262 550 1329 586 πρὸς
1340 551 1438 583 αὐτοὺς
1449 552 1632 587 ἀντειρημένα
1650 552 1871 587 διασκεψώμεθα.

271 600 362 622 tamen
376 603 490 630 prorsus
500 595 526 632 is
537 600 605 626 erat,
625 596 672 630 qui
685 603 739 622 non
752 603 843 622 veram
858 604 890 622 ac
904 596 1057 631 propriam,
1077 597 1123 623 sed
1151 605 1211 624 eam
1238 599 1329 630 modo,
1352 606 1433 632 quam
1462 599 1581 633 primum
1604 599 1638 626 ab
1662 599 1797 634 Egyptiis
1813 605 1896 636 atque

272 641 446 669 thnicihus
466 641 610 669 conﬂatam
631 650 691 669 esse
710 645 749 668 tot
774 649 856 676 supra
883 642 1048 669 testimoniis
1077 643 1270 676 ostendimus,
1308 644 1470 679 theologiam
1490 647 1652 672 contineret.
1682 645 1719 673 Ea
1737 654 1819 681 porro
1848 655 1897 675 nec

272 689 343 716 ullos
357 689 469 716 omnino
483 688 565 721 deos,
598 697 648 716 nec
667 689 773 715 divinas
797 689 912 716 virtutes
935 689 1014 720 ullas,
1044 689 1090 715 sed
1119 690 1243 717 homines
1266 694 1370 718 tantum
1398 691 1502 726 pridem
1529 692 1702 726 consepuilos
1723 692 1895 728 loquebatur,

273 740 303 762 ut
325 736 383 770 ipsa
412 735 532 762 veritatis
561 735 671 762 oracula
695 738 770 761 tanto
801 738 864 761 ante
891 735 1079 769 prodiderunt.
1100 735 1157 768 Age
1173 743 1246 771 ergo,
1263 741 1346 763 totam
1372 737 1442 764 hanc
1463 737 1673 772 disputationem
1699 739 1791 766 denuo
1820 747 1897 774 repe-

274 783 374 808 tamus.
402 781 435 808 Et
455 781 583 815 quoniam
603 788 617 807 e
635 779 760 815 Physieis
791 780 844 806 illis
876 780 1055 815 philosophis,
1091 781 1173 816 756
1205 782 1238 810 ad
1261 790 1358 810 sensus
1387 783 1434 810 alii
1458 788 1556 811 cuncta
1581 785 1745 812 revocabant
1766 795 1772 811 :
1796 785 1842 812 alii
1869 793 1899 815 ut

273 827 455 862 Xenophanes
474 826 668 861 Colophonius,
694 831 720 853 et
739 826 914 853 Parmenides
940 826 1056 858 Eleates,
1087 829 1140 855 alia
1167 829 1343 858 defendentes
1369 831 1472 864 omnia,
1497 838 1595 858 sensus
1623 832 1764 863 tollebant,
1789 841 1899 860 eorum-

274 883 327 910 que
341 875 365 902 vi
384 874 575 909 comprehendi
590 873 667 905 nihil,
690 879 773 909 atque
789 875 835 901 uni
855 878 994 909 propterea
1019 874 1118 902 rationi
1139 871 1219 903 [idem
1248 877 1400 904 habendam
1423 885 1485 905 esse
1511 877 1636 906 dicebant
1654 888 1660 906 :
1690 880 1806 907 istorum
1828 889 1900 908 nunc

275 921 518 956 reprehensionem
534 920 686 947 videamus.

560 966 675 994 CAPUT
698 966 780 994 XV".

276 1036 407 1062 Adversus
429 1033 615 1067 Xenophanem
642 1039 667 1059 et
690 1033 885 1066 Parmenidem,
908 1034 954 1068 qui
971 1041 1062 1060 sensus

278 1071 416 1102 tollerent;
428 1077 459 1096 ea:
474 1068 542 1095 libro
555 1073 646 1094 octavo
661 1069 802 1095 Arisloclis
823 1068 861 1096 De
874 1068 1061 1104 philosophia.

316 1147 326 1163 ‹
345 1137 437 1172 Longe
452 1136 516 1168 alia,
530 1135 630 1170 inquit,
645 1136 761 1163 aliorum
779 1142 832 1162 vox
855 1140 883 1162 et
908 1135 996 1162 oratio
1009 1139 1063 1163 est.

279 1185 384 1212 Sensus
403 1183 474 1210 enim
492 1183 606 1216 visaque
626 1181 718 1208 omnia
735 1181 859 1209 funditus
884 1182 1062 1216 repudianda,

280 1231 377 1259 rationi
395 1231 439 1257 nni
455 1230 534 1257 tidem
546 1229 698 1257 habendam
712 1229 870 1263 opinantur.
895 1229 933 1255 Ac
945 1229 1063 1264 primum

280 1278 387 1313 quidem
402 1277 595 1311 Xenophanes,
612 1275 806 1308 Parmenides,
829 1274 902 1301 Zeno
929 1279 956 1302 et
975 1275 1066 1302 Melis-

281 1331 340 1355 sus,
356 1323 382 1349 iu
399 1330 430 1349 ea
443 1324 508 1348 sunt
527 1321 652 1348 doctrina
670 1320 782 1351 versati,
799 1328 880 1353 quam
901 1319 990 1354 Stilpo
1018 1320 1066 1347 de—

282 1369 345 1396 inde
356 1377 387 1396 ac
405 1368 576 1402 Megarenses
590 1367 745 1401 philosophi
762 1366 916 1393 defendere.
943 1366 975 1393 Hi
990 1366 1069 1401 quid-

282 1416 346 1451 quid
360 1419 442 1446 esset,
455 1422 537 1441 unum
555 1414 687 1441 duntaxat
699 1421 780 1446 esse;
795 1413 866 1447 quod
878 1413 912 1440 ab
929 1421 961 1440 eo
977 1413 1069 1440 diver-

283 1469 343 1489 sum
357 1465 440 1493 esset,
455 1461 480 1487 id
498 1469 552 1487 non
569 1468 647 1488 esse:
672 1460 795 1494 generari
814 1459 896 1486 nihil:
919 1459 985 1485 nihil
1004 1467 1067 1486 cora

283 1506 384 1540 rumpi,
402 1506 504 1532 moveri
525 1506 637 1532 omnino
657 1505 723 1531 nihil
741 1505 908 1532 statuebant.
930 1505 1068 1532 Adversus

284 1553 352 1580 istos
369 1552 439 1579 alius
452 1552 503 1578 erit
518 1551 641 1585 pluribus
655 1550 866 1586 philosophandi
884 1550 960 1577 locus
974 1560 979 1576 :
997 1558 1070 1578 nunc

285 1601 388 1627 tamen,
405 1596 493 1623 locum
515 1596 586 1622 hunc
602 1596 674 1630 quod
687 1597 794 1627 attinet,
808 1595 844 1622 ita
858 1596 1065 1623 ratiocinantur.

1370 970 1567 997 ΚΕΦΑΛΑΙΟΝ
1592 972 1639 998 IZ'.

1112 1015 1191 1052 Πρὸς
1206 1014 1276 1052 τοὺς
1290 1015 1356 1052 περὶ
1369 1015 1545 1052 Ξενοφάνην
1561 1017 1610 1043 καὶ
1633 1018 1834 1052 Παρμενίδην,
1851 1019 1901 1052 τὰς

1147 1050 1304 1088 αἰσθήσεις
1324 1051 1531 1088 ἀναιροῦντας.
1555 1052 1622 1088 Ἀπὸ
1643 1050 1701 1079 τοῦ
1714 1050 1823 1088 ὀγδόου
1844 1050 1900 1080 τῶν

1148 1086 1214 1120 Περί
1236 1086 1393 1120 φιλοσοφίας
1417 1087 1652 1120 Ἀριστοκλέους.

1151 1140 1160 1156 ι
1178 1130 1268 1157 ’Ἄλλοι
1284 1131 1306 1158 δ’
1329 1132 1451 1166 ἐγένοντο
1466 1133 1571 1164 τούτοις
1598 1134 1647 1169 τὴν
1662 1135 1786 1161 ὲναντίαν
1812 1136 1903 1170 φωνὴν

1115 1176 1252 1211 ἀφιέντες”
1270 1177 1371 1204 οἴονται
1385 1178 1439 1215 γὰρ
1451 1179 1515 1211 δεῖν,
1524 1179 1572 1211 τὰς
1583 1180 1632 1214 μὲν
1644 1180 1782 1216 αἰσθήσεις
1795 1182 1843 1207 καὶ
1855 1181 1905 1214 τὰς

1117 1223 1266 1257 φαντασίας
1281 1223 1468 1256 καταϐάλλειν,
1487 1224 1561 1259 αὐτῷ
1574 1224 1602 1251 δὲ
1620 1225 1699 1260 μόνον
1715 1226 1754 1261 τῷ
1767 1226 1839 1261 λόγῳ
1860 1236 1906 1254 πι-

1117 1268 1230 1295 στεύειν.
1250 1269 1368 1296 Τοιαῦτα
1379 1270 1432 1305 γάρ
1446 1279 1507 1296 τινα
1524 1270 1655 1306 πρότερον
1673 1271 1721 1306 μὲν
1738 1272 1903 1308 Ξενοφάνης,

1118 1315 1164 1341 καὶ
1178 1315 1360 1350 Παρμενίδης,
1379 1316 1426 1342 καὶ
1441 1317 1544 1350 Ζήνων,
1569 1317 1615 1343 καὶ
1636 1317 1770 1348 Μέλισσος
1790 1317 1884 1351 ἔλεγον
1898 1339 1904 1350 ,

1120 1359 1232 1395 ὕστερον
1247 1361 1268 1386 δ’
1283 1362 1307 1387 οἱ
1322 1361 1386 1396 περὶ
1403 1361 1543 1388 Στίλπωνα
1563 1362 1610 1388 καὶ
1634 1363 1697 1394 τοὺς
1718 1363 1904 1398 Μεγαρικούς.

1120 1406 1201 1432 ’Ὁθεν
1217 1406 1308 1440 ἠξίουν
1323 1403 1396 1433 οὗτοί
1412 1416 1444 1441 γε
1461 1407 1490 1433 τὸ
1505 1407 1534 1433 ὃν
1547 1407 1576 1434 ἓν
1589 1406 1669 1440 εἶναι,
1695 1409 1741 1434 καὶ
1766 1410 1796 1435 τὸ
1813 1409 1851 1444 μὴ
1877 1410 1906 1436 ὂν

1119 1452 1212 1487 ἕτερον
1226 1449 1294 1478 εἶναι
1318 1452 1384 1486 (95).
1401 1453 1468 1488 μηδὲ
1491 1453 1636 1487 γεννᾶσθαί
1651 1463 1688 1485 τι,
1717 1455 1785 1490 μηδὲ
1799 1455 1908 1491 φθείρε-

1122 1499 1194 1532 σθαι,
1207 1499 1273 1535 μηδὲ
1286 1500 1419 1526 κινεῖσθαι
1432 1500 1463 1526 τὸ
1477 1501 1616 1536 παράπαν.
1635 1501 1686 1527 Τὸν
1701 1501 1750 1536 μὲν
1765 1499 1811 1528 οὖν
1823 1502 1908 1528 πλείω

1122 1546 1190 1581 πρὸς
1215 1545 1325 1577 τούτους
1352 1546 1430 1580 λόγον
1458 1547 1576 1581 ἐσόμεθα
1597 1547 1823 1582 φιλοσοφοῦντες-
1851 1548 1909 1574 νυνὶ

1124 1590 1213 1626 μέντοι
1227 1590 1294 1625 πρὸς
1309 1590 1387 1617 τοῦτο
1411 1590 1530 1617 λεκτέον.
1553 1591 1684 1626 Εἵποιμεν
1698 1591 1752 1626 γὰρ
1772 1590 1804 1617 ἃν
1817 1611 1824 1622 ,
1841 1591 1881 1622 ὡς
1896 1591 1910 1616 ὀ

286 1640 393 1668 Partem
407 1641 491 1668 nostri
513 1641 711 1668 divinissimam
728 1649 789 1668 esse
803 1641 935 1668 rationem
953 1641 1068 1667 fatemur

1123 1634 1172 1670 μὲν
1187 1635 1264 1669 λόγος
1278 1635 1356 1670 ἡμῶν
1376 1635 1418 1670 εἴη
1434 1636 1465 1662 τὸ
1481 1636 1632 1663 θειότατον-
1654 1637 1684 1664 οὐ
1706 1637 1759 1672 μὴν
1782 1637 1851 1664 ἀλλὰ
1871 1637 1912 1663 δεῖ

286 1687 338 1721 ipsi
356 1694 481 1721 quoque:
497 1686 544 1713 sed
572 1690 661 1713 tamen
686 1694 767 1714 sensu
784 1690 925 1721 prazterea,
941 1686 1071 1721 quemad-

286 1733 397 1759 modum
417 1737 444 1759 et
466 1739 591 1767 corpore,
615 1732 777 1767 indigemus.
810 1732 842 1759 Et
867 1740 933 1760 vero
955 1740 1067 1760 sensum

287 1779 369 1805 etiam
385 1779 418 1805 ad
437 1779 615 1813 promendum
629 1786 722 1805 verum
736 1783 832 1813 suapte
846 1783 944 1805 natura
961 1786 1072 1813 compa-

288 1828 378 1850 ratum
399 1831 470 1856 esse,
487 1823 540 1850 hoc
563 1828 724 1857 argumento
748 1823 892 1850 manifeste
916 1823 1069 1850 conﬁcitur.

289 1869 340 1902 Qui
356 1871 448 1903 sentit,
472 1870 541 1897 idem
567 1870 634 1905 quin
659 1870 761 1904 aliquid
777 1870 904 1905 patiatur,
920 1869 979 1896 ﬁeri
997 1870 1073 1897 nullo

290 1916 372 1944 modo
393 1920 491 1951 petest.
514 1917 548 1944 At
559 1918 606 1952 qui
625 1918 741 1952 patitur,
758 1917 810 1943 hoe
829 1917 916 1951 ipsum
933 1916 1006 1952 quod
1027 1924 1073 1951 pa-

289 1961 365 1993 titur,
379 1966 524 1997 cognoscat
545 1970 655 1990 necesse
669 1968 720 1989 est.
743 1962 845 1989 Sensus
859 1962 941 1998 igitur
954 1962 1074 1997 cognitio

290 2006 413 2042 quadam
435 2011 486 2033 est.
513 2006 573 2034 Jam
596 2008 618 2035 si
640 2008 742 2035 sentire
768 2008 822 2043 pati
840 2007 944 2042 aliquid
970 2012 1023 2040 est,
1049 2012 1076 2035 et

291 2052 422 2086 quidquid
447 2053 558 2087 patitur,
586 2054 620 2079 ah
648 2053 740 2087 aliquo
760 2053 881 2088 patitur,
905 2061 1076 2088 consequens

291 2097 406 2124 cmnino
420 2101 470 2128 est,
494 2098 565 2131 quod
581 2097 670 2126 efﬁcit.
697 2098 731 2125 ab
748 2106 780 2125 eo
793 2099 867 2133 quod
893 2099 993 2133 patitur
1019 2105 1077 2126 esse

293 2143 440 2170 diversum.
471 2142 608 2171 Habemus
624 2150 689 2178 ergo
715 2144 833 2178 primum
862 2144 888 2170 id
913 2152 984 2176 esse,
1005 2145 1076 2179 quod

293 2188 431 2229 diversum
449 2193 571 2220 vocatur,
588 2188 742 2222 cujusmodi
762 2194 826 2215 sunt
843 2188 919 2215 color
934 2192 1015 2222 atque
1031 2195 1076 2214 so-

294 2241 366 2266 nus;
385 2233 482 2260 deimle
507 2234 636 2268 quidquid
666 2238 718 2264 est,
737 2241 790 2260 non
813 2241 874 2261 esse
894 2234 958 2268 quid
981 2241 1077 2260 unum.

295 2280 370 2307 Adde
390 2288 424 2307 ne
448 2280 587 2307 immobile
614 2280 722 2315 quidem
754 2280 818 2307 illud
844 2288 914 2312 esse,
935 2287 997 2306 cum
1016 2280 1074 2314 ipsa

1124 1690 1156 1715 γε
1169 1681 1278 1716 καὶτῆς
1291 1681 1454 1717 αἰσθήσεως,
1481 1681 1576 1718 ὥσπερ
1591 1691 1622 1717 γε
1646 1682 1677 1718 δὴ
1703 1683 1749 1709 καὶ
1774 1681 1910 1716 σώματος.

1125 1727 1224 1754 Ὅτιδὲ
1237 1728 1283 1754 καὶ
1298 1728 1314 1763 ἡ
1337 1728 1463 1762 αἴσθησις
1477 1727 1619 1763 ἀληθεύειν
1631 1729 1746 1763 πέφυκε,
1761 1729 1853 1764 δῆλον.
1874 1730 1912 1757 Οὐ

1125 1772 1179 1808 γὰρ
1191 1770 1246 1800 οἷόν
1259 1781 1289 1799 τε
1310 1773 1355 1800 τὸν
1372 1773 1566 1809 αἰσθανόμενον
1589 1776 1625 1811 μὴ
1646 1776 1705 1811 οὐχὶ
1730 1777 1847 1811 πάσχειν
1870 1785 1910 1803 τι·

1127 1819 1237 1854 πάσχων
1252 1819 1323 1845 δὲτὸ
1337 1820 1422 1852 πάθος
1440 1821 1473 1848 ἂν
1487 1821 1581 1856 εἰδείη.
1599 1820 1702 1852 Γνῶσις
1724 1819 1771 1848 οὖν
1792 1822 1835 1853 τίς
1855 1823 1912 1848 ἐστι

1126 1865 1173 1891 καὶ
1187 1866 1202 1900 ἡ
1215 1864 1350 1900 αἴσθησις.
1373 1865 1451 1892 Ἀλλά
1467 1865 1519 1901 μὴν
1528 1866 1551 1891 εἰ
1567 1865 1598 1892 τὸ
1607 1865 1784 1892 αἰσθάνεσθαι
1799 1866 1913 1901 πάσχειν

1126 1911 1153 1937 τί
1165 1911 1249 1943 ἐστιν,
1265 1910 1336 1937 ἃπαν
1347 1911 1377 1937 δὲ
1395 1910 1425 1937 τὸ
1437 1912 1540 1946 πάσχον
1551 1911 1604 1937 ὑπὸ
1617 1919 1664 1937 του
1681 1911 1790 1946 πάσχει,
1805 1911 1913 1942 πάντως

1129 1956 1161 1983 ἂν
1177 1957 1269 1992 ἓτερον
1283 1957 1326 1992 εἴη
1340 1957 1370 1983 τὸ
1384 1957 1478 1984 ποιοῦν
1492 1958 1538 1984 καὶ
1551 1957 1581 1983 τὸ
1591 1957 1704 1992 πάσχον.
1714 1958 1794 1983 Ὥστε
1808 1958 1913 1992 πρῶτον

1129 2002 1171 2037 εἴη
1185 2003 1216 2028 ἂν
1245 2002 1275 2029 τὸ
1291 2002 1437 2038 λεγόμενον
1460 2003 1569 2038 ἓτερον·
1583 2001 1638 2030 οἷον
1660 2003 1691 2029 τὸ
1719 2003 1816 2038 χρῶμα
1840 2003 1886 2029 καὶ
1901 2005 1914 2029 ὁ

1129 2048 1222 2083 ψόφος·
1236 2048 1330 2075 ἔπειτα
1339 2048 1367 2075 δὲ
1378 2048 1407 2075 ἓν
1419 2049 1449 2075 τὺ
1459 2049 1488 2076 ὃν
1501 2049 1550 2075 οὐκ
1565 2049 1654 2076 ἔσται·
1667 2049 1775 2084 καὶμὴν
1787 2049 1848 2075 οὐδὲ
1861 2050 1915 2076 ἀκί-

1129 2103 1209 2129 νητον
1220 2102 1227 2110 '
1244 2096 1260 2130 ή
1275 2094 1328 2130 γὰρ
1344 2094 1470 2130 αἴσθησίς
1482 2096 1540 2121 ἐστι
1557 2095 1671 2130 κίνησις.
1685 2095 1776 2131 Ταύτῃ
1792 2095 1914 2130 βούλεται

1131 2142 1184 2173 πᾶς
1197 2150 1238 2172 τις
1251 2141 1321 2167 κατὰ
1337 2141 1416 2176 φύσιν
1428 2141 1500 2176 ἔχειν
1511 2141 1559 2173 τὰς
1572 2141 1725 2176 αἰσθήσεις,
1747 2141 1794 2168 ἅτε
1814 2141 1846 2177 δὴ
1873 2150 1915 2167 πι-

1132 2187 1245 2219 στεύων,
1260 2185 1346 2222 οἶμαι,
1360 2188 1418 2219 ταῖς
1434 2187 1619 2222 ὑγιαινούσαις
1637 2187 1735 2223 μᾶλλον
1756 2187 1772 2222 ἢ
1797 2189 1857 2219 ταῖς
1874 2196 1915 2214 νο-

1133 2234 1250 2265 σούσαις.
1264 2235 1382 2265 Εἰκότως
1392 2234 1445 2270 ἀρα
1458 2234 1505 2260 καὶ
1519 2234 1605 2266 δεινός
1613 2243 1655 2266 τις
1668 2234 1736 2269 ἔρως
1749 2234 1839 2260 αὐτῶν
1852 2234 1915 2269 ἡμῖν

1132 2281 1284 2316 ἐντέτηκεν.
1303 2281 1396 2312 Οὐδείς
1411 2280 1443 2314 γέ
1463 2289 1503 2306 τοι
1521 2281 1558 2316 μὴ
1573 2280 1701 2316 μεμηνὼς
1711 2280 1791 2306 ἕλοιτ’
1807 2280 1840 2307 ἄν
1854 2288 1914 2306 ποτε

297 2325 429 2351 sentiendi
442 2325 511 2352 ratio
533 2330 622 2352 motus
638 2325 747 2360 quidam
763 2325 808 2352 sit.
827 2324 916 2357 Quare
932 2332 1012 2352 nemo
1025 2329 1066 2351 est

1133 2327 1195 2362 μίαν
1214 2326 1338 2361 αἴσθησιν
1355 2326 1512 2356 ἀποϐαλεῖν,
1529 2327 1604 2357 ὅπως
1613 2326 1686 2361 αὐτῷ
1707 2326 1839 2353 πάντατὰ
1852 2326 1916 2353 ἄλλα

295 2371 344 2404 qui
357 2379 411 2399 non
427 2379 534 2403 sensus,
548 2379 602 2406 quo
613 2372 694 2398 modo
712 2375 808 2397 natura
826 2370 954 2405 postulat,
980 2371 1081 2398 habere

296 2417 379 2444 velit:
398 2418 479 2445 credo
501 2418 572 2452 quod
594 2425 688 2444 omnes
705 2416 779 2444 sanis
796 2416 898 2451 potius,
925 2424 1007 2450 quam
1025 2416 1081 2444 ullo

297 2462 363 2489 \‘itio
386 2463 575 2490 laborantibus
600 2462 679 2489 fidem
701 2462 827 2489 habeant.
850 2461 882 2488 Et
903 2462 1000 2489 merito
1017 2470 1082 2490 sane

297 2509 444 2536 vehemens
460 2509 568 2544 quidam
594 2508 700 2535 illorum
725 2515 804 2535 amor
820 2508 900 2534 nobis
916 2508 998 2535 altius
1014 2508 1081 2535 insi-

1133 2371 1223 2406 ἀγαθὰ
1234 2371 1348 2406 γένοιτο.
1373 2371 1442 2402 Τοὺς
1459 2370 1487 2397 δὲ
1508 2371 1700 2402 διαϐάλλοντας
1716 2371 1800 2402 αὐτας
1825 2370 1916 2405 ἐχρῆν,

1135 2418 1332 2453 πεπεισμένους
1347 2427 1388 2452 γε,
1405 2418 1444 2444 ὅτι
1458 2418 1544 2452 μάτην
1565 2417 1650 2452 ἔχοιεν
1664 2417 1747 2449 αύτάς
1759 2438 1766 2449 ,
1794 2417 1917 2448 εἰπόντας

1135 2464 1205 2500 ἅπερ
1221 2465 1234 2490 ὁ
1246 2463 1385 2498 Πάνδαρος
1398 2463 1472 2498 λέγει
1495 2463 1569 2499 παρὰ
1593 2462 1632 2498 τῷ
1649 2463 1760 2499 Ὁμήρῳ
1783 2463 1847 2498 περὶ
1868 2462 1918 2488 τῶν

1135 2509 1232 2536 ἑαυτοῦ
1248 2509 1332 2541 τόξων
1340 2517 1346 2522 ·

298 2555 357 2581 drt:
373 2563 421 2582 nec
435 2561 490 2582 tam
507 2556 621 2593 insanus
636 2556 782 2590 quisquam
801 2555 964 2589 reperiatur,
989 2556 1035 2590 qui
1054 2560 1083 2582 ut
1105 2556 1186 2583 bonis
1207 2556 1336 2583 omnibus
1358 2555 1419 2583 aliis
1441 2554 1559 2587 fruatur,
1577 2563 1674 2583 sensus
1696 2555 1737 2582 vel
1765 2555 1849 2582 unius
1879 2555 1917 2589 ja—

299 2607 403 2629 cturam
427 2601 516 2629 facere
541 2603 613 2629 Velit.
633 2603 712 2637 757
737 2602 788 2635 Qui
806 2606 896 2629 autem
914 2609 962 2629 eos
981 2602 1174 2634 criminantur,
1210 2604 1272 2630 illos
1299 2603 1393 2637 utique
1415 2603 1486 2630 hanc
1519 2603 1603 2630 semel
1628 2603 1656 2629 in
1682 2603 1840 2637 opinionem
1870 2602 1918 2628 ad-

301 2651 408 2684 ductos,
430 2659 482 2685 qua
507 2659 603 2678 sensus
630 2651 739 2678 inutiles
761 2650 929 2684 existimant,
954 2651 981 2677 id
995 2651 1083 2686 ipsum
1103 2651 1137 2678 de
1153 2652 1290 2685 sensibus,
1309 2651 1381 2686 quod
1393 2651 1464 2687 apud
1481 2650 1628 2679 Homerum
1641 2649 1784 2678 Pandarus
1811 2651 1845 2678 de
1860 2657 1921 2678 arcu

302 2704 353 2726 suo
369 2697 484 2728 dieebat,
502 2705 634 2731 usurpare
646 2701 795 2732 oporteret,

303 2742 427 2778 Infeuaus
441 2742 504 2768 milii
518 2744 641 2770 continuo
656 2749 733 2778 caput
752 2743 857 2778 auferat
866 2743 960 2774 hostis,

1134 2742 1236 2769 Αὐτίκ*
1252 2741 1342 2769 ἔπειτ’
1357 2740 1413 2776 (96)
1428 2741 1478 2768 ἀπ’
1489 2740 1568 2775 ἐμεῖο
1579 2739 1656 2774 κάρη
1670 2739 1754 2775 τάμοι
1767 2740 1924 2776 ἁιζλὸἓτριος

304 2774 344 2803 Νῐ
355 2778 468 2811 fractam
496 2777 561 2804 hanc
586 2774 708 2806 manibtis
724 2774 888 2814 pharetram,
908 2778 1014 2813 quando
1034 2777 1082 2804 illa
1165 2813 1169 2814 ν
1212 2812 1217 2814 _
1247 2812 1253 2814 _
1281 2811 1286 2814 _
1339 2774 1367 2814 ην
1405 2774 1443 2814 Ἀ
1503 2774 1509 2775 ί
1571 2810 1583 2814 _
1607 2811 1612 2814 μ
1709 2810 1714 2814 _
1741 2812 1748 2814 _
1773 2810 1778 2814 _
1801 2774 1852 2810 [φό

1136 2813 1170 2839 Εἰ
1183 2812 1226 2846 μὴ
1241 2811 1298 2846 ἐγὼ
1310 2811 1379 2838 τάδε
1391 2811 1463 2843 τόξα
1477 2810 1588 2845 φαεινῷ
1600 2811 1636 2837 ἐν
1647 2810 1717 2844 πυρί
1733 2774 1890 2846 asini?“

1136 2844 1226 2881 Χερσἰ
1237 2844 1436 2879 διακλάσσας,
1451 2846 1599 2880 ἀνεμώλια
1613 2846 1667 2881 γάρ
1678 2853 1729 2879 μοι
1740 2844 1856 2878 ὀπηδεῖθ

1180 2892 1235 2928 (96)
1255 2892 1354 2920 Audit”
1369 2892 1469 2919 ἔπειτ’.
1487 2891 1569 2918 Iliad.
1586 2891 1616 2921 Ε,
1633 2899 1657 2917 ν.
1671 2890 1734 2917 214.

927 2821 955 2839 er
969 2821 1057 2839 armos

927 2822 955 2839 er
969 2822 996 2839 (ﬂ

307 2845 412 2874 Pondus
431 2849 498 2876 iners
513 2849 616 2883 pendet,
630 2849 722 2876 mediis
735 2849 848 2883 injecero
863 2822 996 2882 ﬂmiimis:

342 2892 397 2926 (95)
417 2895 470 2920 Καὶ
494 2894 526 2920 τὸ
547 2894 589 2928 μὴ
613 2895 650 2920 ὃν
670 2894 772 2928 ἕτερον
792 2893 878 2921 εἶναι.
900 2893 1009 2928 Repone
1027 2900 1088 2920 cum

310 2928 395 2956 altero
408 2937 470 2962 ms.,
488 2930 532 2956 καὶ
546 2930 575 2956 τὸ
591 2930 683 2963 ἕτερον
699 2929 735 2964 μὴ
752 2927 831 2956 εἶναι.
