2061 3210
149 205 220 233 1215
702 202 862 230 PREPAR.
885 201 1010 231 EVANG.
1031 201 1095 230 LIB.
1116 200 1186 228 XIV.
1702 191 1771 225 ΙΞῖίϐ

149 262 179 288 τὸ
191 262 259 297 μετὰ
272 261 351 288 τοῦτο
374 261 589 297 διαλυμήνασοαι
613 262 702 294 πάσας
728 263 778 294 τὰς
797 262 962 298 αἰσθήσειςὲ

1017 268 1127 296 mulque
1155 267 1253 288 sensus
1281 266 1377 286 omnes
1402 265 1468 286 SUOS
1497 257 1686 292 exstinguere:
1717 260 1773 283 lum

150 306 262 334 ἑαυτῶν.
278 306 356 333 Οὕτω
366 307 420 343 γὰρ
435 308 467 334 ἄν
483 316 524 339 τις
539 308 681 334 ἐπίστευεν
699 308 790 339 αὐτοῖς
808 308 880 344 ἔργῳ
895 308 936 334 δι-

1017 308 1062 334 tim
1085 307 1194 334 demum
1220 305 1286 333 ﬁdes
1311 305 1378 339 ipsis
1410 303 1567 334 haberetur,
1584 310 1646 329 cum
1664 302 1698 328 iis
1722 301 1774 328 sibi

150 353 304 385 δάσκουσιν,
318 353 355 384 ὡς
365 354 404 385 εἰς
419 353 494 380 οὐδὲν
507 354 595 381 αὐτῶν
610 354 722 381 δέοιντο.
735 354 803 380 Νυνὶ
816 354 844 380 δὲ
860 353 939 381 τοῦτο

1021 353 1058 380 hii
1084 360 1154 386 opus
1168 358 1229 379 esse
1245 358 1274 378 re
1289 351 1348 384 ipsa
1364 349 1582 384 comprobarent.
1603 346 1680 374 Nunc
1706 344 1773 372 vero

150 397 324 425 ἀτοπώτατόν
339 399 406 426 ἐστι.
428 400 591 435 Ἀχρήστους
603 400 656 435 γὰρ
673 400 868 434 ἀποφαίνοντες
890 401 939 427 αὺ-

1017 398 1189 426 )surdissime
1207 396 1322 428 faciunt,
1338 395 1384 430 qui
1402 403 1464 422 cum
1486 402 1534 421 eos
1549 393 1660 420 inutiles
1684 397 1775 420 orete-

150 443 200 475 τὰς
212 443 251 479 τῷ
269 444 351 479 λόγῳ,
363 446 418 477 τοῖς
431 445 522 481 ἔργοις
536 446 569 472 τὰ
581 446 697 481 μάλιστα
707 446 842 481 χρώμενοι
852 446 941 472 διατε-

1017 453 1044 472 us
1061 452 1122 472 esse
1138 443 1272 475 dictitent,
1295 441 1390 469 iisdem
1412 446 1502 468 tamen
1523 440 1613 475 reipsa
1647 442 1776 466 constan-

151 490 242 518 λοῦσιν
256 490 360 522 αὑταῖς.
383 491 415 516 '0
430 491 461 524 γέ
472 500 512 517 τοι
527 491 660 523 Μέλισσος
675 491 773 518 ἐθέλων
789 491 940 529 ὲπδεικνύ-

1017 490 1096 517 ssime
1114 489 1273 515 abutantur.
1292 486 1439 513 Enimvero
1456 485 1593 516 Melissus,
1609 491 1704 511 eorum
1717 490 1778 517 quae

151 547 207 568 vat,
221 538 261 563 ὅτι
277 536 330 564 τῶν
344 537 513 572 φαινομένων
529 538 575 564 καὶ
593 539 621 564 ὲν
644 538 715 572 ὄψει,
740 537 842 564 τούτων
866 537 941 564 οὐδὲν

1017 538 1132 568 iparent,
1148 540 1262 568 qumque
1280 532 1315 559 oh
1332 531 1426 559 oculos
1450 531 1539 566 posita
1569 533 1643 562 sunt,
1664 528 1734 556 nihil
1750 535 1779 555 re

152 583 194 619 εἴη
207 583 245 618 τῷ
266 583 334 615 ὄντι,
351 583 395 610 διὰ
408 583 461 609 τῶν
482 584 653 619 φαινομένων
675 583 859 611 ἀποδεικνύειν
887 583 942 620 (97)

1017 587 1056 607 :ra
1067 586 1129 606 esse
1142 578 1258 613 probare
1272 577 1337 604 dum
1355 577 1422 609 vult,
1441 584 1474 603 ex
1499 576 1553 603 illis
1571 575 1637 610 ipsis
1658 582 1718 609 qua:
1736 581 1781 608 ap-

153 629 253 657 αὺτῶν.
271 630 340 664 Φησὶ
354 629 436 663 γοῦν·
452 630 482 655 Ei
498 630 552 664 γάρ
566 631 623 656 ἐστι
649 630 695 664 γῆ.
723 630 770 656 καὶ
788 630 860 665 ὕδωρ
872 650 879 662 ,
895 630 943 656 καὶ

1017 628 1259 659 πθιιιοτεξιιιηθηῑο
1272 624 1355 651 ducit.
1373 623 1487 657 Quippe,
1507 623 1529 649 si
1545 621 1617 649 enim
1639 625 1720 652 terra,
1739 620 1781 646 in-

153 675 219 710 ἁὴρ,
233 675 281 702 καὶ
294 674 360 710 πῦρ,
374 675 420 702 καὶ
434 675 552 710 σίδηρος,
569 676 615 701 καὶ
636 675 736 710 χρυσός
747 684 753 690 ³
770 676 817 702 καὶ
842 675 873 702 τὸ
895 676 943 711 μὲν

1017 672 1065 705 nit,
1082 672 1105 698 si
1123 678 1193 705 aqua
1206 676 1232 697 et
1256 677 1314 702 aer,
1339 670 1363 697 si
1387 669 1468 704 ignis,
1481 668 1595 700 ferrum,
1623 674 1739 699 aurum;
1757 666 1780 693 si

155 719 220 753 ζῶν,
236 721 266 747 τὸ
279 720 307 747 δὲ
322 720 463 756 τεθνηκὸς,
484 720 530 747 καὶ
546 721 641 756 μέλαν,
658 721 705 748 καὶ
721 721 828 753 λευκὸν,
853 721 899 748 καὶ
910 721 944 748 τὰ

1017 717 1090 744 ivens
1107 715 1220 750 aliquid,
1244 715 1317 742 aliud
1342 719 1493 745 mortuum,
1519 712 1543 740 si
1568 713 1677 747 nigrum
1700 716 1781 745 atque

154 765 222 793 ἄλλα
239 767 324 793 πάντα
338 767 388 793 ὅσα
403 767 484 800 φασιν
496 765 564 793 εἶναι
577 767 714 802 ἄνθρωποι
731 767 880 802 ὰληθῶς,ἢ
898 767 945 794 καὶ

1017 762 1099 793 lhum,
1126 761 1147 788 si
1173 760 1225 788 alia
1245 765 1309 787 sunt
1337 759 1441 790 omnia,
1472 766 1532 792 quer
1559 758 1595 784 ab
1624 757 1781 784 hominibus

155 812 236 845 ἡμεῖς
254 811 342 846 ὀρθῶς
358 811 466 847 ὁρῶμεν
482 813 527 838 καὶ
538 813 673 847 ἀκούομεν
684 823 690 828 ·
708 811 778 840 εἶναι
795 815 877 849 ἐχρῆν
899 814 946 841 καὶ

1017 815 1060 835 ere
1074 814 1135 834 esse
1152 807 1299 834 dicuntur:
1319 809 1457 840 postremo
1472 805 1493 831 si
1520 804 1644 831 videmus
1666 803 1716 838 ipsi
1733 811 1782 829 au-

155 856 187 884 τὸ
197 856 227 882 ὃν
239 856 370 890 τοιοῦτον,
381 854 437 883 οἷον
449 857 556 892 πρῶτον
571 857 659 889 ἔδοξεν
669 859 733 893 ἡμῖν
746 856 825 890 εἶναι,
850 858 896 884 καὶ
910 857 946 893 μὴ

1017 853 1142 886 imusque
1157 855 1247 884 recte;
1260 850 1325 877 illud
1341 850 1422 877 etiam
1435 847 1556 883 profecto
1573 847 1646 882 quod
1670 851 1712 873 est
1730 845 1783 872 tale

157 903 348 937 μεταπίπτειν,
363 903 430 938 μηδὲ
441 903 561 937 γίνεσθαι
572 904 675 939 ἕτερον,
687 904 744 931 ἀλλ’
760 902 829 931 εἶναι
843 905 945 939 ὅμοιον,

1017 905 1106 932 emper
1122 904 1232 924 manere
1246 897 1353 928 debeat,
1375 895 1455 930 quale
1471 895 1562 930 primo
1579 893 1659 920 nobis
1673 897 1715 920 est
1739 891 1782 918 vi-

156 936 212 976 οἷόν
227 949 281 985 πέρ
297 936 370 976 ἐστιν
383 936 507 976 ἕκαστον.
527 949 584 976 Νῦν
597 936 624 976 δέ
641 950 744 985 ἔφαμεν
760 950 848 986 ὀρθῶς
861 936 945 986 -ὀρᾷν,

1017 951 1072 974 um,
1087 950 1138 970 nec
1152 941 1254 969 mutari
1272 941 1389 968 subinde
1415 944 1496 974 atque
1511 939 1625 966 alterum
1652 937 1720 970 Iieri,
1735 936 1783 964 sed

157 995 205 1021 καὶ
220 983 338 1026 ἀκούειν,
355 995 402 1021 καὶ
419 995 551 1021 συνιέναι·
579 995 652 1022 δοκιῖ
667 983 700 1022 δὲ.
713 983 822 1031 ἡμῖντὸ
846 983 946 1032 θερμὸν

1017 991 1088 1018 otius
1106 989 1177 1016 idem
1201 991 1359 1016 constanter
1375 994 1435 1014 esse
1459 985 1591 1021 quidlibet
1607 984 1679 1019 quod
1696 983 1780 1011 semel

158 1040 206 1066 καὶ
216 1039 318 1075 ψυχρὸν
333 1041 463 1074 γίνεσθαι,
476 1041 522 1066 καὶ
541 1041 571 1066 τὸ
583 1040 685 1076 ψυχρὸν
707 1030 806 1076 θερμὸν
820 1061 827 1072 ,
842 1030 903 1068 κα).-
918 1042 947 1068 τὺ

1017 1042 1049 1064 st.
1081 1035 1161 1070 Atqui
1173 1039 1245 1062 recte
1260 1041 1322 1061 cum
1336 1033 1426 1060 videre
1437 1040 1496 1065 nos,
1516 1036 1571 1058 tum
1589 1031 1683 1058 audire
1697 1030 1780 1057 etiam

159 1085 276 1120 σκληρὸν
291 1086 422 1120 μαλακὸν,
436 1086 483 1112 καὶ
496 1086 526 1112 τὸ
542 1086 660 1120 μαλακὸν
673 1087 738 1122 σκλη
744 1087 799 1123 ρόν.
815 1087 908 1114 Ταῦτα
919 1087 947 1114 δὲ

1017 1087 1024 1109 ι
1041 1081 1190 1115 intelligere
1208 1079 1340 1111 dicimus;
1358 1081 1385 1105 et
1402 1083 1491 1105 tamen
1513 1076 1641 1111 frigidum
1658 1076 1685 1103 id
1705 1076 1786 1102 nobis

158 1130 207 1159 καὶ
222 1130 288 1157 ἄλλα
316 1131 401 1157 πολλά
415 1131 527 1158 τοιαῦτα
553 1132 678 1166 λέγοντος
693 1120 775 1159 αὐτοῦ
786 1153 793 1164 ,
808 1133 856 1159 καὶ
877 1133 948 1168 μάλα

1019 1127 1071 1154 uod
1087 1126 1207 1154 calidum
1222 1130 1280 1152 erat
1300 1124 1358 1151 lieri
1381 1120 1500 1154 videtur,
1515 1123 1688 1157 calidumque
1702 1122 1786 1148 vicis-

159 1177 272 1208 εἰκότως
297 1177 412 1203 ἐπύθετό
431 1187 472 1209 τις
496 1177 546 1211 ἂν,
562 1177 679 1214 ⁷Αρ¹οὖν
696 1179 737 1206 ὅτι
750 1179 763 1205 ὃ
786 1179 833 1206 νῦν
849 1167 948 1215 θερμόν

1017 1174 1050 1200 im
1077 1171 1150 1207 quod
1179 1176 1238 1199 erat
1263 1170 1402 1205 frigidum,
1423 1169 1603 1203 similiterque
1631 1169 1730 1195 durum
1758 1167 1785 1194 in

159 1224 228 1255 ἐστι,
252 1223 369 1250 κᾶπειτα
384 1224 463 1251 τοῦτο
483 1225 587 1258 γίνεται
598 1212 711 1261 ψυχρὸν,
729 1226 779 1252 οὐκ
789 1212 947 1261 αἰσθόμενος

1017 1218 1090 1250 iolle,
1106 1222 1133 1245 et
1148 1217 1229 1244 molle
1246 1224 1342 1243 rursus
1358 1216 1384 1242 in
1400 1215 1499 1242 durum
1519 1214 1631 1242 mutari.
1651 1213 1713 1241 Hinc
1739 1212 1788 1249 igi-

159 1268 262 1302 έγνως;
281 1269 397 1304 Ὁμοίως
414 1270 443 1296 δὲ
468 1271 516 1297 καὶ
530 1271 594 1306 περὶ
608 1271 663 1297 τῶν
677 1271 774 1297 ἄλλων.
792 1260 880 1306 Ὅπερ
895 1272 949 1307 γὰρ

1017 1274 1044 1293 nr
1057 1266 1165 1300 aliaque
1182 1264 1207 1291 id
1220 1271 1306 1298 genus
1332 1262 1533 1298 quamplurima
1559 1269 1621 1289 cum
1643 1269 1658 1288 a
1671 1260 1785 1288 Melisso

160 1313 239 1348 ἔφην.
257 1314 382 1349 εὑρεθείη
397 1315 430 1341 ἂν
441 1315 528 1346 οὐδὲν,
542 1315 599 1341 ἀλλ’
613 1315 628 1350 ἢ
643 1316 691 1347 τὰς
709 1316 850 1351 αἰσθήσεις
872 1306 949 1342 ὰναιέ

1017 1311 1136 1342 icantur,
1156 1309 1214 1344 iure
1228 1307 1349 1343 profecto
1371 1307 1510 1342 quaesierit
1527 1314 1560 1334 ex
1585 1314 1618 1333 eo
1631 1306 1783 1340 quispiam,

162 1359 274 1394 ρῶνκαὶ
288 1359 406 1395 ἐλέγχων
416 1381 423 1391 ,
439 1360 483 1387 διὰ
498 1360 528 1387 τὸ
547 1360 665 1395 μάλιστα
681 1361 818 1387 πιστεύειν
843 1361 948 1393 αὐταῖς.

1022 1365 1066 1383 um
1080 1356 1132 1383 hoc
1149 1355 1249 1390 ipsum,
1268 1353 1340 1389 quod
1361 1354 1442 1380 modo
1457 1353 1575 1380 calidum
1587 1357 1639 1385 est,
1657 1351 1787 1386 frigidum

167 1406 248 1433 Ἀλλὰ
259 1406 312 1442 γὰρ
327 1407 350 1433 οἱ
375 1407 423 1442 μὲν
445 1407 560 1434 τοιοῦτοι
580 1406 652 1442 λόγοι
671 1407 762 1443 σχεδὸν
784 1408 880 1440 ἱκανὰς
899 1408 951 1443 ἤδη

1017 1402 1028 1430 d
1057 1406 1118 1437 post
1143 1401 1255 1429 modum
1281 1400 1350 1433 ﬁeri,
1373 1399 1515 1426 sentiendo
1533 1398 1700 1434 cognoverit.
1722 1396 1789 1423 Nam

161 1451 310 1479 δεδώκασιν
330 1451 460 1483 εὐθύνας·
475 1452 590 1488 ἐξίτηλοί
607 1453 639 1486 γέ
652 1461 693 1479 τοι
707 1452 860 1486 γεγόνασιν,
873 1442 914 1484 ὡς
927 1442 952 1480 εί

1019 1452 1166 1475 ωιετογυηι
1196 1447 1316 1474 omnium
1336 1445 1430 1473 eadem
1460 1445 1538 1479 plane
1561 1444 1633 1471 ratio
1660 1448 1710 1471 est.
1748 1442 1787 1469 Ita

163 1497 233 1533 μηδὲ
252 1497 403 1532 ἡλέχθησαν
416 1497 470 1533 (98)
486 1497 516 1524 τὺ
536 1498 676 1533 παράπαν.
692 1498 760 1533 Ἤδη
775 1498 866 1533 μέντοι
885 1498 952 1535 θαρ-

1017 1493 1139 1521 :onstabit
1153 1493 1265 1520 omnino
1283 1499 1366 1527 quam
1380 1499 1442 1518 vere
1452 1491 1555 1517 dictum
1574 1490 1622 1517 abs
1636 1497 1680 1516 me
1696 1489 1789 1521 fuerit,

164 1543 285 1579 ροὖντες,
303 1543 426 1579 λέγωμεν
436 1542 525 1578 ὀρθῶς
536 1544 689 1578 φιλοσοφεῖν
708 1544 770 1575 τοὺς
785 1544 832 1570 καὶ
849 1544 897 1576 τὰς
909 1545 952 1570 αι-

1020 1544 1153 1567 otantum
1170 1547 1185 1567 a
1204 1539 1313 1566 Melisso
1335 1537 1392 1565 tolli
1415 1537 1546 1572 carpique
1575 1543 1683 1567 sensus,
1713 1536 1788 1570 quod

164 1588 275 1624 σθήσεις
286 1589 333 1617 καὶ
350 1589 395 1615 τὸν
408 1588 485 1623 λόγον
505 1589 550 1615 ἐπὶ
564 1589 613 1624 τὴν
626 1589 727 1622 γνῶσιν
750 1589 799 1624 τὴν
814 1588 868 1615 τῶν
887 1597 954 1625 πρα-

1017 1585 1086 1613 Idem
1100 1584 1225 1612 sensibus
1244 1583 1390 1610 maximam
1408 1582 1515 1608 habeat.
1530 1580 1583 1608 Sed
1595 1581 1667 1607 enim
1681 1579 1790 1607 abunde

163 1611 278 1669 γματων
291 1611 564 1670 παραλαμϐόινοντας.
578 1611 704 1662 ›.Τόιοίδε
726 1611 829 1670 μὲνλοῦν
844 1636 867 1661 οἱ
882 1611 954 1670 ἀμφὶ

1017 1632 1106 1667 )pinor
1119 1630 1279 1665 castigatum
1305 1637 1320 1656 a
1343 1626 1422 1656 nobis
1443 1632 1485 1655 est
1502 1632 1588 1654 totum
1608 1627 1661 1654 hoc
1684 1625 1795 1654 ratioci-

163 1680 209 1706 τὸν
219 1680 382 1715 Ξενοφάνην,
399 1680 428 1712 ὃς
440 1680 471 1715 δὴ
486 1680 594 1714 λέγεται
609 1680 783 1714 συνακμάσαι
809 1681 866 1711 τοῖς
884 1679 954 1715 ἀμφὶ

1017 1677 1090 1704 randi
1105 1683 1201 1710 genus,
1214 1676 1270 1702 imo
1285 1674 1396 1709 perinde
1418 1673 1474 1708 jam
1492 1673 1619 1705 exolevit,
1638 1680 1670 1699 ac
1683 1672 1706 1699 si
1719 1679 1791 1698 nun-

165 1725 329 1761 Πυθαγόραν
351 1726 398 1752 καὶ
420 1725 613 1761 Ἀναξαγόραν.
627 1725 794 1760 Ξενοφάνους
818 1726 846 1752 δὲ
874 1727 955 1752 ἀκου-

1017 1732 1090 1760 tuam
1107 1724 1217 1759 penitus
1240 1727 1402 1757 usurpatum
1428 1721 1537 1748 fuisset.
1562 1720 1619 1748 Hoc
1637 1728 1702 1756 ergo
1720 1727 1794 1747 nunc

167 1770 234 1805 στὴς
253 1772 347 1805 γέγονε
360 1772 531 1807 Παρμενίδης
544 1781 551 1787 ·
573 1771 666 1798 τούτου
687 1771 820 1803 Μέλισσος
833 1792 840 1803 ,
855 1769 885 1798 οὗ
902 1772 954 1807 Ζή-

1017 1777 1105 1798 :ccure
1119 1770 1253 1802 dicamus,
1269 1773 1340 1796 recte
1351 1768 1411 1795 illos
1427 1768 1626 1803 philosophari,
1643 1768 1690 1802 qui
1702 1775 1794 1794 rerum

166 1826 231 1847 νων.
248 1814 278 1844 οὗ
290 1817 455 1849 Λεύκιππος,
476 1815 506 1844 οὗ
521 1818 699 1853 Δημόκριτος,
713 1815 743 1844 οὗ
759 1817 954 1853 Πρωταγόρας,

1022 1824 1037 1842 n
1051 1815 1206 1850 cognitione
1225 1813 1384 1844 haurienda,
1404 1821 1502 1841 sensus
1514 1814 1595 1840 etiam
1611 1821 1673 1840 CllllI
1689 1813 1796 1840 ratione

167 1865 216 1890 καὶ
231 1864 352 1894 Νεσσᾶς·
378 1863 424 1889 τοῦ
442 1863 468 1889 δὲ
490 1863 582 1890 Νεσσᾶ
600 1863 799 1899 Μητρόδωρος,
818 1861 847 1891 οὗ
867 1863 959 1896 Διογέ-

1017 1862 1207 1896 :unjungunl.)
1229 1859 1364 1887 Hactenus
1382 1860 1435 1886 ille.
1458 1859 1539 1887 Tales
1552 1861 1634 1895 igitur
1650 1859 1796 1895 Xenopha-

168 1917 229 1944 γης,
245 1906 274 1935 οὗ
297 1909 471 1944 Ἀνάξαρχος.
492 1908 655 1944 Ἀναξάρχου
674 1909 702 1936 δὲ
713 1909 849 1944 γνώριμος
865 1909 960 1943 γέγονε

1017 1907 1055 1934 nis
1072 1910 1223 1932 sectatores
1243 1904 1328 1936 fuere,
1356 1911 1437 1940 quem
1459 1903 1619 1939 Pythagora:
1643 1908 1669 1931 et
1685 1905 1796 1930 Anaxa—

169 1954 297 1990 Πύρρων,
314 1955 361 1990 ἀφ’
377 1953 406 1982 οὗ
419 1956 435 1990 ὴ
451 1954 504 1982 τῶν
513 1954 671 1981 Σκεπτικῶν
689 1954 890 1989 ἐπικληθέντων
902 1954 960 1981 δια-

1017 1959 1084 1989 gora:
1110 1951 1279 1986 temporibus
1306 1950 1432 1978 floruisse
1456 1951 1542 1977 aiunt.
1564 1949 1646 1985 758
1659 1949 1727 1977 Nam
1744 1949 1799 1977 Xe-

168 1999 250 2035 τριϐὴ
267 1999 382 2034 συνέστη
413 1999 460 2031 οὒς
480 2001 527 2027 καὶ
542 2000 640 2031 αὐτοὺς
656 2000 738 2035 μηδὲν
753 1997 821 2026 εἶναι
838 1999 869 2026 τὸ
895 2008 962 2035 παρ-

1017 1998 1148 2034 nophanis
1174 1998 1284 2033 quidem
1309 1997 1417 2024 auditor
1431 1995 1483 2023 fuit
1499 1995 1695 2024 Parmenides:
1724 1995 1798 2023 lnmc

171 2045 256 2077 ἁπαν,
279 2046 346 2081 μήτε
360 2046 385 2080 γ’
401 2046 430 2072 ἐν
441 2045 567 2081 αἰσθήσει
585 2046 646 2081 μήτ’
661 2046 688 2071 ὲν
699 2045 771 2080 λόγῳ
787 2045 960 2080 καταληπτὸν

1017 2053 1078 2073 vero
1096 2044 1221 2072 Melissus
1237 2043 1352 2074 audivit,
1367 2042 1562 2077 Melissumque
1587 2041 1677 2069 Zeno:
1695 2041 1799 2069 Zenoni

169 2090 355 2127 ὁριζομένους,
371 2092 517 2126 ἐπέχοντας
531 2091 552 2117 δ’
570 2092 600 2117 ἐν
608 2092 700 2123 πᾶσιν,
717 2092 791 2123 ὅπως
806 2091 959 2126 ἀπήλεγχον

1017 2091 1176 2125 Leucippus,
1194 2089 1333 2124 Leucippo
1360 2088 1541 2120 Democritus,
1564 2087 1718 2115 Democrito
1732 2087 1796 2114 Pro-

170 2136 197 2163 οἱ
209 2136 436 2169 ἀντιῶξάζοντες,
457 2136 551 2171 μαθεῖν
580 2136 711 2172 πάρεστιν
728 2136 781 2163 ἀπὸ
805 2136 851 2163 τοῦ
874 2136 960 2172 δηλω-

1017 2143 1121 2173 Lagoras
1138 2141 1219 2171 atque
1236 2135 1336 2162 Nessas
1353 2143 1464 2170 operam
1481 2134 1590 2162 dedere.
1620 2133 1678 2161 lam
1701 2133 1798 2160 Metro-

171 2183 266 2215 Θέντος
277 2184 502 2219 συγγράμματος,
519 2180 569 2210 ὧδέ
586 2192 623 2218 πη
645 2183 713 2218 πρὸς
727 2182 800 2215 λέξιν
811 2182 928 2218 ἔχοντος.

1017 2183 1111 2210 dorum
1128 2180 1240 2213 Nessus,
1255 2181 1400 2214 Diogenem
1413 2179 1593 2210 Metrodorus.
1607 2178 1798 2205 Anaxarchum

173 2227 317 2264 Diogenes,
343 2230 510 2265 Pyrrhonem
539 2230 719 2257 Anaxarchus
750 2230 913 2265 discipulum
949 2230 1053 2257 habuit.
1091 2227 1280 2263 Scepticorum
1315 2227 1420 2263 Pyrrho
1443 2231 1544 2253 sectam
1570 2225 1704 2257 instituit;
1732 2232 1800 2259 quos

174 2275 279 2308 itidem,
304 2277 375 2311 quod
404 2277 473 2303 nihil
493 2277 604 2304 omnino
620 2277 663 2303 vel
691 2284 784 2310 sensu,
817 2275 858 2302 vel
878 2276 985 2303 ratione
1015 2274 1211 2309 comprehendi
1251 2280 1331 2308 posse
1366 2274 1527 2303 statuerent,
1561 2270 1801 2304 assensionemque

173 2331 316 2362 propterea
334 2325 460 2352 rebusin
486 2325 613 2352 omnibus
638 2325 800 2356 inhiberent,
819 2323 1049 2360 quemadmodum
1085 2321 1231 2349 contrariae
1266 2319 1408 2348 sententiae
1448 2319 1570 2346 vindices
1603 2317 1752 2352 arguerint,
1768 2324 1800 2343 ex

173 2373 268 2401 eodem
283 2372 423 2400 Aristoclis
436 2379 517 2406 opere
532 2371 659 2406 cognosci
673 2375 773 2406 potest.
787 2371 833 2398 Sic
851 2371 924 2398 enim
945 2371 977 2397 ad
992 2370 1104 2396 verbum
1124 2369 1182 2403 ipse
1197 2366 1410 2402 quuitur(98').

435 2430 633 2456 ΚΕΦΑΛΑῘΟΝ
653 2430 706 2456 III’.

1289 2423 1404 2451 CAPUT
1427 2422 1517 2450 XVIII.

1017 2485 1149 2512 Aduersus
1175 2490 1266 2509 eorum
1291 2481 1507 2515 philosophorum
1532 2484 1651 2510 sectam,
1678 2479 1720 2514 qui
1732 2479 1801 2513 quod

1053 2519 1217 2553 Pyrrhonem
1231 2518 1313 2544 secuti
1328 2516 1394 2542 nihil
1407 2515 1589 2553 comprehendi
1610 2522 1685 2549 posse
1699 2519 1801 2553 atume-

1052 2550 1118 2585 τὶἷιι,
1136 2552 1260 2587 Sceptici,
1275 2558 1297 2578 el
1314 2559 1449 2577 assensum
1463 2550 1607 2577 inhibentes
1626 2550 1711 2575 vocali
1730 2553 1801 2575 sunt.

1053 2589 1096 2616 Ex
1110 2589 1200 2616 eodem
1216 2586 1355 2614 Arislocle.

173 2510 253 2546 Πρὸς
266 2510 336 2542 τοὺς
349 2509 427 2546 κατὰ
438 2509 580 2546 Πᾴρῤωνα
595 2508 792 2546 Σκεπτικοὺς,
818 2507 882 2546 ἥξοι
895 2507 962 2546 ξρε-

211 2541 332 2578 κὲικσὺῤ
342 2541 567 2577 ἐπικληθέντας,
575 2542 672 2577 μηδὲν
684 2543 877 2578 καταληπτὸν
886 2541 962 2570 εἶναι

212 2577 477 2615 ἀποφηναμένους.
493 2578 558 2605 Ἀπὸ
578 2578 630 2604 τοῦ
648 2577 750 2605 αὑτοῦ.

215 2657 224 2672 ι
246 2645 413 2680 Ἀναγκαίως
425 2644 478 2680 (99)
487 2644 508 2670 δ’
520 2643 575 2679 ἔχει
589 2644 641 2680 πρὸ
655 2644 754 2676 παντὸς
766 2644 962 2679 διασκέψασθαι

1056 2655 1065 2671 ‹
1080 2645 1197 2673 Necesse
1209 2649 1260 2676 est,
1278 2644 1366 2678 inquit
1394 2643 1449 2675 ille,
1465 2641 1629 2676 cognitionis
1646 2645 1745 2668 nostra:
1759 2648 1801 2667 ra-

176 2694 242 2728 περὶ
261 2693 311 2727 τῆς
333 2692 411 2728 ἡμῶν
439 2690 528 2718 αὐτῶν
551 2691 686 2725 γνώσεως.
705 2692 735 2718 Εἰ
759 2691 813 2726 γὰρ
830 2689 863 2717 αὖ
881 2691 962 2726 μηδὲν

1018 2693 1119 2719 tionem
1133 2695 1196 2718 ante
1211 2690 1304 2718 omnia
1323 2690 1474 2716 videamus.
1496 2688 1563 2714 Nam
1583 2687 1605 2714 si
1623 2686 1801 2722 cognoscendi

176 2738 341 2773 πεφύκαμεν
352 2736 506 2771 γνωρίζειν,
531 2737 604 2763 οὐδὲν
620 2736 660 2763 ἔτι
675 2737 714 2763 δεῖ
731 2738 794 2772 περὶ
810 2737 864 2763 τῶν
876 2736 962 2764 ἄλλων

1017 2738 1071 2764 vim
1082 2745 1098 2765 a
1111 2742 1206 2764 natura
1224 2736 1327 2763 nullam
1339 2735 1494 2769 accepimus
1505 2755 1511 2767 ,
1526 2734 1684 2761 omittamus
1697 2733 1758 2760 licet
1770 2734 1801 2760 de

177 2786 301 2812 σκοπεῖν.
320 2783 457 2818 Ἐγένοντο
478 2783 527 2817 μὲν
541 2781 588 2808 οὖν
606 2785 652 2809 καὶ
672 2783 725 2809 τῶν
741 2783 824 2809 πάλαι
840 2783 920 2814 τινὲς,
940 2783 962 2809 οξ

1018 2785 1079 2812 aliis
1104 2790 1237 2819 quaerere.
1255 2781 1453 2809 Nonnullorum
1467 2785 1540 2807 certe
1554 2780 1616 2807 olim
1631 2787 1683 2807 vox
1695 2787 1726 2806 ea
1740 2778 1801 2812 fuit,

215 2863 271 2899 (97)
291 2862 372 2899 forte
384 2859 569 2899 Δᾴκορεικνύει.
1034 2897 1039 2899 _
1052 2861 1108 2899 (99)
1133 2857 1455 2899 Ἀῂαγκαίωᾳηδυιξιὶιὶς
1469 2865 1500 2885 ac
1516 2857 1602 2899 solida
1615 2861 1657 2899 est
1673 2857 1801 2899 totaﬂluec

217 2891 271 2932 (98)
291 2897 371 2924 Ιοοῐιθ
383 2894 540 2932 ἐλέχθησαν
633 2931 636 2932 ν
727 2931 730 2932 ν

1017 2891 1197 2925 οιίΑιίίειοειθ
1208 2891 1305 2922 contra
1321 2893 1459 2928 Scepticos
1475 2898 1600 2928 suscepta
1615 2891 1775 2927 disputatio.

219 2930 284 2969 (98³)
297 2932 347 2960 Hic
362 2931 462 2960 desinit
476 2930 650 2969 Trapezuntii
664 2931 762 2959 νει-δίο.
