2061 3210
288 177 358 204 ηίτ

620 175 755 209 EUSEBH
775 175 1016 204 CESABIENSIS
1033 175 1107 203 OPP.
1128 174 1220 203 PARS
1237 175 1269 203 ll.
1290 191 1325 196 —
1344 176 1590 206 APOLOGETICA.

1839 178 1907 205 1948

287 244 359 271 quos
372 236 471 264 refellit
497 236 667 265 Aristoteles.
682 237 716 264 Et
735 236 840 273 Pyrrho
864 237 974 270 quidem
991 235 1072 263 Eleus

1127 236 1236 269 ὶφέντες
1249 237 1328 272 τήνδε
1347 237 1396 272 τὴν
1408 237 1507 272 φωνὴν,
1519 234 1560 269 οἷς
1576 236 1734 272 ἀντείρηκεν
1748 237 1762 263 δ
1784 237 1907 272 Ἀριστο-

287 282 425 317 opinionis
438 282 520 317 hujus
534 282 662 310 defensor
676 287 735 309 erat
755 289 816 309 acer
829 283 856 309 in
874 282 969 316 primis
983 289 1016 309 ac
1027 289 1073 308 ve-

290 329 414 360 bemens.
439 328 506 355 nihil
529 333 619 355 tamen
638 329 770 363 scriptum
787 328 907 363 reliquit.
934 328 968 354 At
982 327 1072 359 Timo,

290 375 351 409 ejus
365 375 526 408 discipulus,
540 375 592 401 tria
607 373 632 401 ei
651 374 797 408 spectanda
815 374 894 400 docet
904 395 911 405 ,
925 373 971 408 qui
989 373 1022 400 ad
1035 372 1075 399 fe-

291 419 420 446 licitatem
435 420 537 454 aspirat
553 428 559 446 :
583 420 700 454 primum
712 439 720 451 ,
745 419 900 453 cujusmodi
917 426 1007 445 rerum
1024 426 1073 445 na-

290 470 352 492 tura
368 466 403 493 sit
417 475 424 492 :
440 466 548 498 deinde,
561 473 642 500 quem
661 466 687 492 in
704 466 737 493 iis
753 466 862 492 modum
872 469 963 492 tenere
977 464 1075 492 debea-

291 519 352 538 mus
369 519 376 538 z
391 516 540 545 postremo.
557 511 621 546 quid
649 511 684 538 iis
709 515 871 538 eventurum
890 510 935 542 sit,
952 510 998 545 qui
1024 510 1075 537 hoc

291 556 415 584 fecerint.
445 556 498 584 Res
509 565 574 591 ergo
597 558 669 592 quod
694 557 812 588 attinet,
840 557 1010 591 promiscnas
1024 556 1074 590 ipsi

289 601 412 629 omnium
430 602 570 630 habendas
585 611 646 630 esse
661 603 752 635 tradit,
765 611 797 630 ac
818 607 946 630 nutantes
964 602 1076 630 dubias-

289 655 343 682 que
360 647 480 674 rationes
499 656 505 674 :
524 648 637 682 proinde
654 656 704 674 nec
719 648 745 674 in
760 648 896 680 sensibus,
914 655 964 675 nec
975 647 1002 674 in
1020 648 1077 682 opi-

290 693 420 720 nionibus
433 701 527 720 verum
547 698 594 720 aut
612 693 710 720 falsum
728 694 818 721 inesse
838 701 917 728 posse
934 703 940 720 :
959 701 993 720 ex
1019 701 1076 728 quo

290 739 400 766 demum
420 739 445 766 id
458 744 599 774 sequatur,
616 739 696 766 ﬁdem
710 740 744 766 iis
762 739 857 766 haberi
875 739 978 766 nullam
993 747 1076 774 opor-

290 789 359 818 tere,
375 785 566 820 agendumque
581 785 660 812 nobis
677 789 832 820 propterea,
852 785 919 812 nihil
935 789 962 811 ut
979 785 1075 819 opine-

290 838 364 863 mur,
390 831 493 858 nuilam
523 831 685 858 inclinemus
713 831 739 857 in
768 835 882 865 partem,
919 829 1076 857 inconcussi

290 874 408 909 denique
428 883 535 909 semper
549 875 709 910 immotique
723 882 882 902 maneamus
901 884 908 902 :
924 879 1005 909 atque
1026 876 1074 907 ita,

291 921 424 956 quidquid
447 922 617 956 propositum
639 921 718 948 nobis
743 920 837 953 fuerit,
861 920 886 948 id
904 929 958 947 non
984 921 1075 955 potius

290 974 362 999 esse,
381 974 461 1001 quam
476 974 530 993 non
547 974 618 999 esse,
639 971 686 994 aut
697 975 758 994 esse
772 967 842 994 idem
856 973 883 994 et
895 975 949 994 non
965 975 1025 994 esse
1036 967 1076 993 di—

291 1019 397 1042 camus,
421 1011 476 1038 imo
502 1019 537 1039 ne
565 1020 619 1038 non
645 1019 707 1039 esse
730 1012 850 1046 quidem.
881 1012 1013 1039 Caeterum
1029 1011 1074 1046 qui

291 1057 365 1083 hunc
383 1057 409 1084 in
422 1057 531 1084 modum
546 1057 696 1092 comparati
711 1057 822 1090 fuerint,
842 1058 867 1085 id
879 1063 1075 1085 consecuturos

291 1102 353 1130 illos
366 1111 428 1130 esse
452 1103 606 1135 conﬁrmat,
629 1104 747 1138 primum
774 1109 804 1131 ut
824 1110 981 1132 asseverant
998 1104 1075 1138 nihil,

290 1149 389 1177 deinde
405 1149 479 1176 nulla
491 1154 521 1176 ut
543 1158 663 1184 unquam
681 1151 886 1185 perturbatione
903 1156 1074 1182 moveantur,

291 1195 336 1223 cui
346 1196 453 1230 utrique
466 1197 632 1230 voluptatem
649 1195 980 1232 Eiiesidemusadjungit.
995 1196 1077 1231 759

292 1241 376 1268 Haeca
386 1240 502 1268 Timone
517 1243 686 1268 summatim.
702 1240 852 1270 Videamus
866 1250 900 1269 an
913 1247 985 1269 recte
993 1242 1073 1269 dicta.

292 1289 360 1315 Cum
379 1287 460 1322 igitur
480 1287 523 1315 isti
537 1288 708 1322 promiscuas
717 1295 808 1314 rerum
824 1288 946 1315 omnium
957 1288 1076 1314 rationes

291 1341 353 1362 esse
375 1334 470 1366 velint,
489 1334 659 1369 proindeque
685 1338 732 1361 aut
761 1333 807 1360 ulli
837 1333 1013 1366 hmrendum,
1029 1337 1077 1360 aut

291 1380 460 1414 opinandum
488 1379 639 1414 quidquam
656 1387 718 1406 esse
742 1383 840 1414 negent
859 1387 866 1406 :
883 1386 916 1405 ex
931 1378 966 1405 iis
983 1378 1076 1412 utique

292 1427 391 1454 merito
408 1430 511 1461 quaerat
525 1425 636 1460 aliquis,
648 1429 775 1452 errentne
791 1423 836 1458 qui
850 1422 1015 1451 discriminis
1026 1423 1076 1449 ali-

291 1472 357 1508 quid
371 1473 441 1499 inter
455 1480 502 1500 eas
519 1471 697 1503 constituant,
712 1477 746 1497 an
762 1469 834 1497 non?
846 1468 875 1496 Si
889 1469 961 1496 enim
972 1472 1075 1500 errant,

292 1519 387 1553 utique
401 1525 453 1545 non
465 1522 537 1544 recte
553 1518 684 1544 sentiunt.
697 1516 735 1542 ita
753 1515 901 1542 nonnullos
911 1521 971 1541 esse
984 1513 1077 1540 dicant

293 1565 345 1599 ipsi
361 1571 471 1599 quoque
485 1570 596 1589 necesse
611 1565 661 1595 est,
680 1561 725 1596 qui
740 1561 810 1588 falso
825 1561 857 1587 de
875 1560 955 1587 rebus
964 1559 1075 1593 opinen-

294 1591 348 1642 tur,
366 1591 395 1636 se
409 1615 492 1643 porro
506 1614 576 1634 unos
588 1614 658 1638 esse,
671 1606 717 1640 qui
736 1613 797 1632 vere
823 1605 999 1639 pronuntient
1015 1612 1023 1630 :
1042 1611 1075 1630 ex
1090 1591 1110 1620 θ

293 1661 348 1689 quo
366 1653 489 1688 profecto
510 1652 635 1687 sequitur
650 1651 706 1678 veri
728 1650 831 1685 aliquid
856 1649 972 1684 falsique
998 1656 1076 1683 repe-

297 1699 358 1727 riri.
375 1698 452 1732 Quod
479 1698 502 1726 si
520 1705 573 1724 non
594 1704 735 1727 erramus,
753 1698 888 1730 quotquot
907 1701 951 1724 res
967 1694 1001 1721 ab
1017 1693 1078 1720 aliis

295 1745 363 1773 alias
380 1745 460 1779 vulgo
478 1743 682 1778 distinguimus,
700 1748 823 1776 quaenam
840 1740 899 1767 illos
912 1738 1078 1774 intemperim

295 1795 397 1824 tenent,
420 1790 466 1825 qui
488 1797 538 1817 nos
560 1794 616 1815 tam
645 1788 815 1815 vehementer
841 1786 994 1816 incessunt,
1015 1792 1076 1811 cum

294 1837 403 1864 eosdem
420 1843 512 1863 errare
526 1841 636 1863 necesse
653 1835 698 1866 sit,
719 1834 782 1860 dum
802 1833 905 1859 nullum
921 1831 956 1858 ab
974 1831 1008 1858 iis
1023 1838 1077 1857 non

294 1883 440 1911 discrimen
466 1881 635 1910 excludunt?
653 1880 753 1907 Verum
771 1884 841 1911 esto,
866 1879 963 1906 demus
987 1883 1077 1905 tamen

295 1929 348 1957 illis
364 1929 437 1956 nulla
453 1936 496 1955 res
513 1936 629 1963 prorsus
654 1934 749 1954 omnes
771 1925 928 1953 diversitate
947 1923 1053 1951 secerni
1070 1932 1076 1949 :

294 1975 329 2002 ab
346 1975 488 2002 hominum
502 1974 584 2008 vulgo
601 1973 667 2000 nihil
678 1980 743 2007 ergo
756 1971 885 1999 differunt
897 1970 949 2005 ipsi
959 1975 1076 2005 quoque.

296 2021 462 2056 Sapientiam
487 2021 570 2055 igitur
589 2019 632 2047 isti
649 2027 730 2054 quam
756 2019 835 2045 nobis
853 2018 961 2045 tandem
987 2021 1080 2043 osten-

296 2068 383 2094 dunt?
395 2071 442 2093 aut
458 2074 507 2093 cur
530 2073 625 2093 omnes
643 2064 767 2092 Timonis
785 2071 834 2092 ore
857 2061 1077 2098 proscinduntur,

298 2112 404 2148 Pyrrho
418 2111 573 2138 celebratur
589 2109 830 2142 unusil’raaterea,
842 2109 865 2136 si
878 2108 944 2135 nihil
959 2108 985 2134 in
999 2107 1079 2133 rebus

295 2158 463 2186 discriminis
479 2161 529 2187 est.
546 2164 580 2184 ne
598 2155 707 2183 differre
724 2155 834 2190 quidem
851 2159 898 2181 aut
918 2161 971 2180 non
986 2151 1076 2179 differ-

297 2212 337 2237 re,
354 2203 458 2237 opinari
472 2207 519 2229 aut
544 2210 597 2229 non
616 2201 723 2236 opinari
744 2199 913 2227 discriminis
929 2198 1078 2233 quidquam

296 2250 436 2278 subibunt.
456 2248 511 2276 Cur
529 2248 600 2275 enim
615 2248 670 2275 sint
685 2247 775 2282 potius
795 2246 845 2273 ista
861 2251 980 2280 quoque,
996 2250 1078 2278 quam

295 2305 349 2324 non
367 2295 440 2324 sint?
456 2296 511 2328 \el,
526 2300 553 2322 ut
568 2294 665 2321 Timon
693 2295 750 2329 ipse
766 2293 840 2328 loqui
867 2292 946 2322 solet,
961 2298 1010 2317 cur
1026 2289 1079 2316 itu?

295 2353 344 2372 cur
368 2343 522 2373 nonilmo,
546 2349 678 2376 quorsum
699 2340 805 2367 tandem
831 2339 871 2366 vel
894 2338 981 2372 ipsum
1012 2337 1080 2362 cur?

296 2398 404 2418 omnem
428 2389 500 2417 enim
517 2388 696 2423 quaestionem
715 2386 836 2414 funditus
856 2384 968 2420 proinde
984 2383 1080 2410 tollen-

296 2436 359 2464 dam
373 2443 433 2462 csse
445 2437 563 2461 constat.
579 2432 709 2460 Desinant
725 2432 808 2466 igitur
831 2430 983 2457 molestiam
1001 2428 1080 2455 nobis

296 2483 366 2508 ultra
382 2480 526 2508 facessere.
551 2479 617 2506 Nam
643 2479 783 2506 insaniunt
810 2478 848 2504 illi
867 2476 1000 2511 proiecto,
1014 2474 1079 2501 dum

297 2535 354 2554 sua:
369 2527 490 2561 ipsorum
507 2526 574 2552 artis
588 2525 676 2558 obliti,
694 2532 743 2551 nos
755 2523 861 2558 opinari
874 2522 1024 2556 quidquam
1036 2520 1081 2554 ju-

297 2571 359 2599 bent
375 2572 549 2606 simulatque
563 2574 665 2603 Vetant,
687 2569 823 2603 iidemque
839 2567 1015 2602 proiiuntiant
1030 2566 1081 2592 ali-

297 2616 361 2650 quid
380 2617 413 2643 de
428 2617 519 2648 rebus,
533 2616 578 2650 qui
593 2620 681 2642 tamen
697 2615 765 2641 nihil
775 2611 1008 2648 pronuntiandum
1020 2617 1081 2637 esse

299 2666 432 2689 statuunt.
445 2661 546 2689 Nolunt
558 2667 583 2688 te
602 2662 731 2688 nimirum
748 2660 849 2688 sentire
865 2667 925 2686 cum
949 2657 1014 2689 ullo,
1028 2655 1080 2684 sibi

301 2712 391 2734 tamen
418 2716 512 2735 omnes
539 2708 616 2734 fidem
640 2708 739 2734 habere
767 2706 885 2733 volunt:
907 2704 1028 2737 dumque
1052 2709 1081 2728 se

300 2753 366 2780 nihil
385 2753 454 2781 scire
469 2753 640 2787 proﬁtentur,
658 2760 754 2779 omnes
769 2756 870 2781 tamen,
888 2748 966 2784 quasi
981 2755 1024 2774 res
1037 2754 1082 2780 ap—

301 2797 386 2831 prime
409 2798 517 2830 norint,
550 2798 651 2832 passim
677 2797 888 2832 reprehendunt.
918 2795 953 2821 At
978 2794 1079 2820 incerta

301 2842 391 2870 omnia
406 2850 466 2870 esse
481 2843 526 2878 qui
541 2844 643 2876 dicant,
660 2845 710 2872 hos
723 2851 738 2871 e
757 2843 864 2870 duobus
884 2843 1010 2871 alterum,
1034 2843 1081 2865 aut

303 2887 382 2915 silere
412 2895 521 2916 necesse
538 2893 606 2922 .est,
634 2894 681 2917 aut
705 2889 806 2924 aliquid
833 2889 1020 2923 pronuntiare.
1051 2889 1078 2916 Si

1123 283 1211 318 τέλης.
1229 283 1337 317 Ἵσχυσε
1358 283 1449 318 μέντοι
1469 283 1581 310 τοιαῦτα
1596 283 1684 318 λέγων
1698 283 1746 309 καὶ
1759 282 1876 318 Πύρρων
1893 284 1907 309 6

1129 329 1242 360 Ἡλεῖος·
1255 328 1312 355 ἀλλ’
1327 329 1408 361 αὐτὸς
1419 329 1467 365 μὲν
1479 329 1554 356 οὐδὲν
1563 329 1593 356 ἐν
1602 330 1694 365 γραφῇ
1705 329 1906 355 καταλέλοιπεν.

1128 375 1157 400 '0
1167 374 1195 400 δέ
1203 382 1234 406 γε
1249 374 1372 410 μαθητὴς
1382 375 1463 402 αὐτοῦ
1473 376 1566 410 Τίμων
1576 375 1652 410 φησὶ,
1661 375 1715 401 δεῖν
1723 374 1767 401 τὸν
1778 374 1908 409 μέλλοντα

1123 420 1328 456 εὐδαιμονήσειν
1343 423 1383 452 είς
1399 421 1462 457 τρία
1482 421 1566 448 ταῦτα
1587 421 1704 456 βλέπειν·
1722 421 1828 456 πρῶτον
1848 420 1906 455 μὲν,

1123 467 1202 493 ὁποῖα
1212 466 1315 503 έφυχε
1325 466 1359 492 τὰ
1370 467 1528 501 πράγματα·
1538 465 1660 502 δεύτερον
1669 466 1708 497 δὲ,
1719 466 1780 492 τίνα
1789 466 1841 501 χρὴ
1852 465 1905 501 τρό-

1123 520 1173 538 πον
1183 513 1255 547 ἡμᾶς
1269 512 1336 547 πρὸς
1347 511 1416 539 αὐτὰ
1424 512 1582 538 διακεῖσθαι’
1598 511 1751 538 τελευταῖον
1766 511 1805 540 δὲ.
1821 511 1848 537 τί
1861 519 1907 536 ﬁe-

1126 557 1230 594 ριέσται
1241 559 1296 589 τοῖς
1306 557 1391 589 οὕτως
1401 558 1462 592 ἐχου
1467 557 1545 583 σι.Τὰ
1555 557 1603 592 μὲν
1610 555 1656 584 οὖν
1665 556 1815 592 πράγματά
1827 564 1907 591 φησιν

1125 603 1207 629 αὑτὸν
1221 602 1381 637 ἀποφαίνειν
1396 603 1493 637 ἐπίσης
1511 602 1654 638 ἀδιάφορα,
1672 602 1718 628 καὶ
1737 602 1906 636 ἀστάθμητα,

1124 649 1170 675 καὶ
1181 649 1336 684 ἁνέγκριτα”
1347 649 1390 676 διὰ
1401 648 1479 675 τοῦτο
1490 649 1557 683 μήτε
1564 648 1612 679 τὰς
1621 647 1758 683 αἰσθήσεις
1768 647 1846 682 ἡμῶν
1858 647 1908 682 μή-

1124 702 1152 720 τε
1161 694 1209 725 τὰς
1217 695 1294 727 δόξας
1303 694 1444 729 ἀληθεύειν
1452 694 1468 729 ἢ
1476 693 1630 728 ψεύδεσθαι.
1638 693 1687 719 Διὰ
1697 693 1775 719 τοῦτο
1784 690 1831 719 οὖν
1843 693 1908 727 μηδὲ

1125 740 1261 767 πιστεύειν
1277 740 1371 771 αὑταῖς
1386 740 1450 771 δεῖν,
1466 739 1523 766 ἀλλ’
1536 739 1706 772 ἀδοξάπους,
1720 739 1766 765 καὶ
1779 738 1907 770 ἁκλινεῖς,

1125 787 1171 812 καὶ
1187 786 1370 821 ἀκραδάντους
1385 784 1463 812 εἶναι.
1477 785 1542 821 περὶ
1563 785 1621 817 ἑνὸς
1638 785 1752 811 ἑκάστου
1769 784 1907 818 λέγοντας,

1124 831 1204 858 ὃτιοὺ
1220 831 1318 866 μᾶλλόν
1335 833 1418 863 ἐστιν,
1433 831 1449 866 ἢ
1464 831 1514 857 οὐκ
1528 830 1611 862 ἐστιν,
1626 830 1642 866 ἢ
1659 831 1705 857 καὶ
1716 831 1784 861 ἔστι,
1798 831 1845 857 καὶ
1859 831 1908 857 οὺι

1126 876 1208 909 ἐστιν,
1225 876 1280 903 οὔτ’
1293 877 1343 903 οὐκ
1357 877 1440 903 ἔστιν.
1457 877 1519 908 Τοῖς
1537 877 1626 912 μέντοι
1640 876 1823 912 διακειμένοις
1838 875 1908 903 οὕτω

1092 913 1112 940 Β
1129 922 1301 958 περιέσεσθαι
1314 922 1406 956 Τίμων
1418 922 1483 956 φησὶ
1492 921 1599 957 πρῶτον
1614 922 1662 956 μὲν
1675 923 1802 956 ἀφασίαν.
1816 922 1909 948 ἔπειτα

1128 969 1149 994 δ’
1166 969 1322 1004 ἀταραξίαν,
1341 970 1520 1005 Μνησίδημος
1533 970 1561 996 δὲ
1571 970 1676 1005 ἡδονήν.
1691 968 1732 995 Τὰ
1749 968 1797 1002 μὲν
1808 966 1854 994 οὖν
1868 975 1908 993 κει

1128 1014 1228 1048 φάλαια
1245 1014 1298 1041 τῶν
1317 1015 1469 1049 λεγομένων
1481 1015 1539 1042 ἐστὶ
1554 1015 1649 1041 ταῦτα.
1665 1013 1832 1048 Σκεψώμεθα
1850 1012 1872 1039 δ’
1884 1013 1908 1038 εί

1127 1060 1215 1095 ὀρθῶς
1230 1060 1360 1094 λέγουσιν.
1381 1061 1455 1087 Ἐπεὶ
1471 1061 1558 1087 τοίνυν
1569 1060 1665 1094 ἐπίσης
1676 1059 1808 1094 ἀδιάφορα
1824 1053 1908 1085 πᾶνεᾶ

1129 1106 1208 1139 φασιν
1219 1103 1300 1137 εἶναι,
1313 1107 1359 1132 καὶ
1375 1106 1417 1132 διὰ
1430 1106 1508 1132 τοῦτο
1526 1106 1664 1133 κελεύουσι
1691 1105 1785 1140 μηδενὶ
1798 1103 1909 1140 προπίο

1129 1151 1231 1183 Θεσθαι,
1247 1152 1313 1188 μηδὲ
1329 1152 1458 1184 δοξάζειν,
1473 1153 1583 1184 εἰκότως
1595 1152 1637 1183 ἂν,
1649 1149 1733 1186 οἶμαι,
1749 1150 1860 1177 πύθοιτό
1869 1157 1910 1182 τις

1129 1198 1218 1224 αὐτῶν
1230 1207 1236 1213 ·
1255 1197 1327 1234 τΔρά
1345 1208 1376 1233 γε
1396 1198 1622 1234 διαμαρτάνουσιν
1645 1199 1669 1224 οἱ
1688 1197 1827 1232 διαφέρειν
1843 1195 1910 1223 αὐτὰ

1128 1243 1293 1279 νομίζοντες,
1307 1244 1323 1280 ἢ
1340 1244 1370 1271 οὒ
1383 1253 1390 1277 ;
1405 1245 1514 1276 Πάντως
1524 1244 1587 1279 γὰρ,
1600 1244 1624 1270 εί
1641 1244 1689 1278 μὲν
1699 1243 1909 1278 ἁμαρτάνουσιν,

1128 1288 1177 1314 οὐκ
1195 1288 1283 1322 ὀρθῶς
1299 1288 1514 1324 ὑπλαμὸάνοιεν
1530 1288 1573 1315 ἀν.
1596 1288 1676 1314 Ὥστε
1700 1287 1808 1321 ἀνάγκη
1823 1286 1910 1320 λέγειν

1128 1335 1218 1365 αὐτοῖς
1233 1333 1301 1361 εἷναί
1315 1343 1389 1366 τινας
1399 1335 1461 1366 τοὺς
1478 1334 1513 1361 τὰ
1525 1333 1609 1369 ψευδῆ
1624 1333 1687 1369 περὶ
1699 1332 1754 1358 τῶν
1768 1332 1853 1358 δντων
1870 1331 1910 1357 δο-

1129 1379 1271 1412 ξάζοντας·
1295 1380 1370 1407 αὐτοὶ
1393 1381 1480 1407 τοίνυν
1498 1378 1552 1406 εἶεν
1565 1380 1598 1406 ἂν
1612 1381 1637 1406 οί
1649 1377 1753 1413 τάληθῆ
1767 1378 1908 1412 λέγοντες·

1128 1426 1199 1452 οὕτω
1211 1425 1238 1452 δὲ
1250 1425 1292 1460 εἴη
1309 1425 1340 1452 ἂν
1353 1426 1451 1461 ἀληθές
1463 1435 1488 1452 τι
1506 1427 1552 1453 καὶ
1565 1425 1670 1460 ψεῦδος.
1685 1425 1714 1451 Εί
1732 1424 1754 1450 δ’
1768 1425 1818 1459 οὐχ
1826 1424 1911 1459 ἁμαρ-

1128 1473 1243 1506 τάνομεν
1261 1472 1286 1497 οί
1316 1472 1416 1503 πολλοὶ,
1435 1473 1470 1499 τὰ
1486 1472 1548 1499 δντα
1565 1471 1702 1507 διαφέρειν
1728 1471 1858 1505 οἰόμενοι,
1884 1468 1910 1494 τί

1129 1517 1258 1548 παθόντες
1276 1517 1482 1553 έπιπλήττουσιν
1509 1519 1594 1553 quia;
1613 1517 1689 1544 αὐτοὶ
1704 1516 1758 1551 γὰρ
1784 1515 1911 1550 ἁμαρτά-

1131 1573 1200 1591 νοιεν
1218 1564 1260 1596 ἂν,
1277 1563 1414 1597 ἀξιοῦντες
1429 1564 1466 1599 μὴ
1489 1563 1625 1598 διαφέρειν
1642 1563 1720 1589 αὑτά.
1746 1562 1801 1588 Καὶ
1820 1562 1873 1596 μὴν
1887 1562 1910 1587 εί

1128 1611 1175 1637 καὶ
1204 1610 1310 1646 δῴημεν
1333 1610 1423 1641 αὐτοῖς
1449 1609 1545 1644 ἐπίσης
1560 1609 1692 1644 ἀδιάφορα
1720 1607 1808 1634 πάντα
1828 1605 1908 1638 εἶναι,

1127 1655 1214 1691 δῆλον,
1239 1655 1276 1687 ὡς
1291 1656 1339 1682 οὐκ
1355 1655 1387 1682 ἂν
1398 1655 1549 1690 διαφέροιεν
1568 1654 1620 1681 οὐδ’
1637 1654 1712 1681 αὐτοὶ
1724 1652 1777 1679 τῶν
1791 1651 1906 1678 πολλῶν.

1128 1701 1175 1733 Τίς
1191 1699 1237 1727 οὖν
1253 1701 1294 1736 εἴη
1307 1700 1338 1727 ἃν
1354 1700 1443 1727 αὐτῶν
1457 1701 1473 1736 ἡ
1489 1700 1567 1734 σοφία
1579 1708 1586 1730 ;
1600 1699 1647 1725 καὶ
1659 1699 1702 1726 διὰ
1716 1698 1741 1725 τί
1751 1698 1845 1732 Τίμων
1855 1699 1910 1727 τοῖς

1129 1748 1176 1782 μὲν
1192 1747 1280 1778 ἄλλοις
1296 1747 1453 1782 λοιδορεῖται
1468 1747 1534 1772 πᾶσι
1545 1765 1552 1777 ,
1569 1745 1702 1780 Πύρρωνα
1723 1744 1745 1770 δ’
1764 1744 1844 1778 ὑμνεῖ
1869 1743 1912 1778 μδ-

1127 1801 1188 1826 νον;
1207 1793 1266 1820 Ἔτι
1282 1801 1313 1827 γε
1335 1793 1398 1828 μὴν,
1419 1794 1442 1818 εί
1459 1793 1556 1826 ἐπίσης
1575 1792 1649 1817 ἐστὶν
1664 1791 1797 1825 ἀδιάφορα
1813 1790 1910 1819 πάντα.

1127 1839 1173 1865 καὶ
1187 1838 1229 1865 διὰ
1244 1838 1322 1865 τοῦτο
1335 1839 1388 1873 χρὴ
1403 1838 1484 1873 μηδὲν
1496 1837 1625 1870 δοξάζειν.
1641 1837 1690 1863 οὐκ
1705 1836 1738 1862 ἂν
1752 1835 1812 1861 οὐδὲ
1824 1834 1911 1861 ταῦτα

1127 1884 1248 1919 διαφέροι
1260 1892 1266 1899 ·
1280 1883 1350 1918 λέγω
1365 1884 1394 1910 δὲ
1410 1883 1440 1910 τὺ
1452 1883 1599 1918 διαφέρειν,
1614 1882 1630 1917 ἢ
1647 1882 1683 1917 μὴ
1693 1880 1842 1916 διαφέρειν,
1865 1880 1911 1905 καὶ

1127 1929 1157 1956 τὸ
1181 1929 1310 1961 δοξάζειν,
1327 1929 1344 1964 ἢ
1371 1929 1407 1965 μὴ
1421 1928 1551 1961 δοξάζειν.
1580 1927 1612 1953 Τί
1628 1926 1682 1961 γὰρ
1709 1925 1807 1961 μᾶλλον
1825 1924 1910 1951 ταῦτὰ

1128 1976 1210 2006 ἐστιν,
1222 1975 1238 2010 ἢ
1251 1976 1300 2001 οὑκ
1313 1974 1384 2000 ἔστιν
1398 1982 1404 2005 ;
1419 1974 1446 2009 ἥ,
1461 1973 1497 2005 ὦς
1514 1981 1580 2008 φησι
1591 1973 1694 2007 Τίμων,
1707 1972 1749 1998 διὰ
1765 1971 1789 1997 τί
1800 1971 1854 1997 ναὶ.
1866 1971 1911 1997 καὶ

1127 2021 1171 2048 διὰ
1182 2021 1208 2047 τί
1225 2020 1271 2053 οὓς
1288 2020 1334 2047 καὶ
1349 2020 1414 2047 αὐτὸ
1431 2020 1460 2046 τὸ
1469 2019 1512 2047 διὰ
1524 2019 1568 2051 τίς
1586 2018 1701 2054 φανερὸν
1714 2015 1772 2048 οὖν,
1789 2017 1828 2048 ὡς
1837 2017 1911 2043 ἀναι-

1130 2069 1215 2103 ρεῖται
1228 2067 1258 2094 τὺ
1283 2066 1383 2103 ζητεῖν.
1403 2067 1483 2092 Ὥστε
1508 2064 1706 2092 παυσάσθωσαν
1730 2063 1909 2098 ἐνοχλοῦντες.

1134 2113 1211 2139 Ἐπεὶ
1229 2113 1276 2139 νῦν
1291 2121 1322 2147 γε
1336 2113 1482 2148 μεμήνασι,
1496 2111 1589 2146 πόρρω
1600 2110 1695 2145 τέχνης
1710 2109 1767 2144 ἄμα
1783 2109 1831 2143 μὲν
1847 2109 1910 2143 ἡμῖν

1129 2158 1343 2192 διακελευόμενοι
1359 2158 1395 2193 μὴ
1407 2157 1538 2188 δοξάζειν,
1557 2155 1614 2190 ἅμα
1628 2155 1656 2181 δὲ
1669 2154 1825 2184 κελεύοντες
1846 2153 1910 2180 αὐτὸ

1129 2202 1206 2229 τοῦτο
1221 2203 1321 2228 ποιεῖν·
1339 2202 1385 2227 καὶ
1398 2201 1530 2235 λέγοντες,
1546 2200 1585 2233 ὡς
1597 2199 1660 2235 περὶ
1677 2199 1781 2230 οὐδενὸς
1794 2197 1910 2232 ἀποφαί-

1097 2260 1117 2286 ι)
1130 2249 1222 2276 νεσθαι
1232 2249 1296 2279 δέοι,
1312 2248 1428 2274 κᾶπειτα
1440 2246 1660 2281 ἀποφαινόμενοι.
1672 2245 1726 2270 Καὶ
1741 2242 1845 2275 ἀξιοῦσι
1862 2243 1910 2277 μὲν

1133 2294 1225 2330 μηδενὶ
1242 2292 1496 2327 συγκατατίθεσθαι,
1522 2290 1661 2318 πείθεσθαι
1675 2290 1697 2317 δ’
1712 2290 1802 2321 αὐτοῖς
1819 2288 1910 2315 κελεύ-

1129 2347 1217 2366 ουσιν·
1233 2336 1292 2364 εἶτα
1308 2338 1433 2371 λέγοντες
1451 2336 1532 2372 μηδὲν
1544 2335 1651 2364 ειδέναι.
1667 2335 1771 2366 πάντας
1788 2333 1910 2368 ἐλέγχου-

1131 2394 1182 2417 σιν,
1195 2385 1232 2416 ὼς
1248 2382 1277 2411 εὖ
1295 2384 1405 2415 ειδότες.
1430 2383 1548 2418 Ἀνάγκη
1563 2390 1592 2408 τε
1612 2390 1674 2413 τους
1691 2381 1853 2414 φάσκοντας,
1873 2379 1909 2410 ὡς

1129 2431 1213 2466 ἄδηλα
1227 2430 1314 2456 πάντα
1331 2430 1384 2464 εἴη,
1408 2429 1480 2455 δυεῖν
1501 2428 1622 2464 θάτερον,
1644 2427 1659 2462 ἢ
1682 2425 1828 2461 σιωπᾷν,ἢ
1845 2426 1910 2452 ἁπο-

1130 2476 1269 2512 φαίνεσθαί
1288 2485 1314 2502 τι
1327 2475 1372 2502 καὶ
1382 2475 1481 2508 λέγειν.
1497 2475 1528 2500 Εἰ
1545 2475 1592 2509 μὲν
1603 2471 1648 2500 οὖν
1670 2472 1784 2508 ἡσυχίαν
1809 2472 1910 2505 ἄγοιεν,

1130 2524 1217 2559 δῆλον,
1233 2523 1273 2549 ὅτι
1290 2521 1358 2557 πρός
1372 2529 1403 2556 γε
1420 2521 1482 2552 τοὺς
1496 2520 1632 2550 τοιούτους
1652 2519 1739 2549 οὐδεὶς
1754 2518 1787 2544 ἀν
1810 2518 1854 2553 εἴη
1870 2517 1910 2544 λό-

1130 2577 1192 2603 γος’
1211 2570 1234 2595 εἰ
1258 2568 1280 2595 δ’
1298 2567 1497 2601 ἀποφαίνοιντο,
1521 2565 1608 2600 πάντη
1629 2572 1658 2590 τε
1685 2563 1731 2590 καὶ
1761 2563 1869 2594 πάντως
1893 2562 1909 2597 ἦ

1131 2612 1199 2641 εἷναί
1213 2622 1238 2640 τι
1255 2615 1331 2647 φαῖεν
1348 2612 1392 2643 ἂν,
1407 2612 1424 2647 ἦ
1438 2611 1476 2647 μὴ
1492 2609 1575 2642 εἶναι,
1590 2610 1716 2645 καθάπερ
1737 2609 1834 2645 ἀμέλει
1856 2609 1910 2636 νυνί

1131 2666 1222 2692 φασιν,
1234 2657 1272 2688 ὡς
1284 2657 1326 2692 εἴη
1337 2656 1425 2682 πάντα
1437 2655 1561 2689 ἄγνωστα
1573 2655 1620 2680 καὶ
1630 2653 1743 2689 νομιπά
1754 2654 1834 2685 πᾶσι,
1848 2661 1912 2687 γνω-

1132 2705 1193 2731 στὸν
1205 2704 1226 2730 δ’
1239 2703 1312 2730 οὐδέν
1322 2711 1384 2729 που.
1402 2702 1430 2728 ’0
1440 2701 1529 2728 τοίνυν
1541 2700 1648 2736 ἁξιῶνῆ
1659 2708 1685 2726 τι
1699 2698 1774 2734 δηλοί
1786 2700 1910 2734 πρᾶγμα,

1131 2749 1177 2777 καὶ
1194 2749 1295 2776 ἔνεστιν
1318 2747 1383 2775 αὐτὸ
1400 2748 1516 2774 συνεῖναι
1527 2746 1670 2781 λεγόμενον
1680 2765 1687 2777 ,
1704 2745 1721 2780 ἢ
1736 2744 1787 2770 οὐκ
1799 2744 1910 2770 ενεστιν.

1138 2795 1205 2821 Ἀλλ’
1217 2796 1241 2820 εί
1258 2795 1306 2830 μὲν
1319 2794 1348 2820 οὐ
1365 2794 1449 2828 δηλοῖ,
1462 2791 1585 2824 καθάπαξ
1597 2791 1683 2822 οὐδεὶς
1693 2790 1746 2817 οὐδ’
1758 2789 1831 2816 οὕτω
1846 2789 1912 2824 πρὸς

1133 2842 1179 2868 τὸν
1196 2840 1315 2868 τοιοῦτον
1330 2840 1362 2867 ἂν
1377 2840 1420 2876 εἴη
1435 2840 1512 2874 λόγος
1522 2847 1528 2853 ·
1552 2838 1575 2864 εί
1591 2837 1618 2863 δὲ
1639 2836 1781 2871 σημαίνοι,
1803 2835 1911 2866 πάντως

1133 2888 1147 2921 ἦ
1177 2887 1276 2920 ἄπειρα
1300 2886 1372 2920 λέγοι
1389 2885 1421 2914 ἂν
1436 2905 1443 2917 ,
1467 2883 1703 2919 ἧπεπερασμένα.
1732 2881 1787 2909 Καὶ
1813 2881 1838 2908 εί
1863 2881 1911 2915 μὲν
