2061 3210
152 192 220 220 1949

733 187 894 216 I’REPAR.
917 185 1042 214 EVANG.
1061 185 1125 213 LIB.
1147 183 1217 212 XIV.

1703 180 1772 208 1250

149 251 259 286 ἄπειρα,
273 250 326 277 οὐδ’
345 249 413 283 ὅλως
428 250 461 277 ἂν
477 250 519 285 εἴη
534 249 611 283 λόγος
623 248 690 284 πρὸς
704 248 799 275 αυτόν·
819 247 934 282 ἀπείρου

991 248 1137 279 quiescent,
1149 243 1222 271 nulla
1239 249 1301 270 cum
1317 242 1351 270 iis
1375 241 1467 268 futura
1487 239 1636 274 disputatio
1650 243 1692 267 est
1707 248 1714 266 :
1729 239 1772 266 sin

150 297 205 332 γὰρ
220 297 320 330 γνῶσις
336 297 386 323 οὐκ
403 296 460 323 ἐστι
472 304 479 311 ⁸
502 295 716 331 πεπερασμένων
731 294 759 321 δὲ
780 293 864 320 ὄντων
882 292 935 319 τῶν

150 342 331 378 δηλουμένων,
345 343 361 378 ἢ
374 343 432 374 ἑνὸς
442 342 563 373 ὁτουοῦν,
574 342 588 368 ὁ
600 341 679 367 τοῦτο
695 340 793 374 λέγων,
811 339 896 375 ὁρίζει
911 348 936 365 τι

151 389 199 416 καὶ
213 388 310 424 κρίνει.
327 389 387 420 Πῶς
405 386 451 415 οὖν
467 388 592 422 ἄγνωστα
607 388 653 414 καὶ
666 386 828 422 ἀνεπίκριτα
849 385 937 412 πάντα

151 434 195 469 εἴη
211 433 260 466 tv;
288 434 320 460 Et
333 434 361 460 δὲ
376 434 442 469 φαίη
456 433 541 460 ταῦτα
565 433 611 459 καὶ
634 431 703 459 εἶναι
732 432 779 459 καὶ
804 431 840 467 μὴ
856 429 935 463 εἶναι,

153 479 260 515 πρῶτον
283 479 333 514 μὲν
357 479 434 506 ἔσται
458 479 540 506 ταῦτὺ
556 479 602 505 καὶ
626 477 726 512 ἀληθὲς
748 478 794 504 καὶ
823 477 936 512 ψεῦδος·

152 525 247 553 ἔπειτα
266 525 294 551 δὲ
305 526 363 561 ὲρεῖ
378 534 403 552 τι
422 526 468 552 καὶ
484 525 533 552 οὐκ
553 526 620 560 ἐρεῖ,
634 525 681 551 καὶ
700 524 772 559 λόγῳ
787 523 936 559 χρώμενος,

151 571 296 607 ἀναιρήσει
317 571 404 605 λόγον.
432 572 493 598 Ἔτι
518 571 546 597 δὲ
562 570 699 606 ὁμολογῶν
712 569 870 605 ψεύδεσθαι,
891 578 936 596 πι-

153 617 259 644 στεύειν
274 617 360 652 εαυτῷ
371 625 437 652 φησι
455 617 520 644 δεῖν.
539 617 629 650 Ἄξιον
645 617 673 643 δὲ
704 616 829 652 ζητῆσαι,
857 615 938 642 πόθεν

152 664 200 691 καὶ
215 663 354 699 μαθόντες,
372 663 454 699 ἄδηλα
470 663 557 690 πάντα
571 665 651 698 φασὶν
665 661 744 689 εἶναι.
766 663 811 688 Δεῖ
827 662 881 698 γὰρ
897 662 938 688 ει-

151 709 225 737 δέναι
241 710 370 744 πρότερον
379 709 486 741 αὐτοὺς,
501 709 527 735 τί
541 709 633 744 δήποτ’
647 709 705 735 ἐστὶ
715 708 745 735 τὸ
758 708 837 743 δῆλον
847 715 853 723 ⁸
867 707 939 734 οὕτω

152 754 220 789 γοῦν
236 754 267 781 ἂν
279 754 363 790 ἔχοιεν
376 755 475 788 λέγειν.
490 755 524 786 ὡς
541 755 590 781 οὑκ
609 755 650 789 εἴη
667 754 702 780 τὰ
716 754 866 789 πράγματα
884 762 939 780 τοι·

152 800 232 827 αῦτα.
251 801 360 836 Πρῶτον
377 800 430 836 γὰρ
447 800 544 827 εἰδέναι
561 800 612 836 χρὴ
624 800 673 836 τὴν
693 800 846 835 κατάφασιν
860 819 865 830 ,
881 797 939 826 εἶτα

152 847 203 882 τὴν
213 847 358 882 ἀπόφασιν.
382 848 413 874 Et
429 847 458 874 δὲ
472 847 614 881 ἀγνοοῦσιν
628 847 718 874 ὁποῖόν
732 847 790 873 ὲστι
806 845 836 872 τὸ
850 845 938 881 δῆλον.

153 897 205 924 οὒκ
219 898 252 924 ἃν
275 898 369 924 είδεῖεν
396 897 456 925 οὐδὲ
472 900 498 924 τί
524 898 555 924 τὸ
571 898 676 933 ἄδηλον.
700 897 817 924 Ὀπόταν
829 905 860 930 γε
887 896 941 931 μὴν

153 943 336 979 Αἰνησίδημος
349 944 378 969 ὲν
390 945 423 979 τῇ
435 942 606 970 ὑποτυπώσει
616 944 677 974 τοὺς
691 942 768 968 ὲννέα
779 941 863 978 διεξίῃ
877 941 939 976 τρό-
954 944 974 971 Β

153 997 223 1021 mu;
239 989 327 1024 (κατά
351 989 495 1021 τοσούτους
522 989 577 1025 γὰρ
606 988 766 1023 ἀποφαίνειν
792 987 876 1023 ἄδηλα
904 987 938 1014 τὰ

154 1036 303 1072 πράγματα
320 1036 496 1071 πεπείραται)
507 1044 513 1051 ·
529 1035 641 1071 πότερον
654 1034 733 1061 αὑτὸν
745 1034 838 1069 φῶμεν
851 1033 940 1060 εἰδότα

153 1087 244 1122 λ’ἐγειν
258 1088 364 1119 αὐτοὺς,
382 1088 398 1123 ἢ
416 1086 581 1122 ἀγνοοῦντα;
605 1086 675 1120 Φησὶ
691 1086 755 1122 γὰρ,
779 1086 819 1112 ὅτι
833 1086 868 1112 τὰ
882 1084 939 1117 ζῶα

153 1133 287 1169 διαφέρει,
299 1134 345 1160 καὶ
361 1135 441 1169 ἡμεῖς
454 1134 541 1165 αὐτοὶ,
551 1133 597 1159 καὶ
614 1134 642 1159 αἱ
653 1133 754 1164 πόλεις,
772 1133 819 1160 καὶ
838 1133 862 1159 οἱ
876 1133 938 1168 βίοι,

154 1181 204 1207 καὶ
219 1180 252 1206 τὰ
268 1180 325 1215 ἔθη,
344 1180 390 1206 καὶ
405 1180 429 1206 oi
449 1180 535 1214 νόμοι.
555 1179 609 1206 Καὶ
623 1179 672 1211 τὰς
683 1179 822 1215 αἰσθήσεις
843 1179 872 1206 δέ
890 1188 940 1215 φη-

154 1234 200 1252 σιν
215 1225 292 1261 ἡμῶν
308 1225 429 1257 ἀσθενεῖς
444 1223 528 1257 εἶναι,
549 1225 596 1252 καὶ
611 1225 695 1252 πολλὰ
715 1225 751 1251 τὰ
779 1225 878 1258 ἔξωθεν
893 1225 940 1251 λυ-

154 1272 306 1307 μαινόμενα
335 1272 384 1307 τὴν
403 1271 513 1306 γνῶσιν,
543 1271 734 1307 ἀποστήματα,
765 1271 810 1297 καὶ
826 1270 938 1306 μεγέθη,

155 1317 204 1343 καὶ
218 1318 352 1353 κινήσεις·
372 1317 412 1344 ἔτι
428 1317 456 1344 δὲ
470 1317 500 1343 τὸ
518 1317 555 1352 μὴ
570 1317 669 1353 ὁμοίως
688 1316 839 1344 διακεῖσθαι
864 1316 940 1348 νέους

154 1363 205 1390 καὶ
223 1363 432 1399 πρεσϐυτέρους,
453 1363 499 1390 καὶ
514 1364 698 1399 ἐγρηγορότας
727 1363 773 1390 καὶ
800 1362 940 1398 κοιμωμέ-

155 1418 228 1441 νους,
259 1409 305 1436 καὶ
335 1410 504 1444 ὑγιαίνοντας
533 1410 579 1436 καὶ
605 1409 748 1441 νοσοῦντας
761 1418 767 1424 ·
790 1409 896 1441 οὐδενός
912 1417 941 1436 τε

155 1455 231 1490 ἡμᾶς
244 1455 328 1482 ἁπλοῦ
345 1456 391 1482 καὶ
405 1455 570 1492 ἀκραιφνοῦς
585 1455 941 1490 ὰντιλαμόἀνεσθαι.Πάντα

154 1503 212 1536 γὰρ
227 1498 296 1528 εἶναι
308 1502 507 1537 συγκεχυμένα,
520 1502 567 1528 καὶ
583 1501 650 1537 πρός
657 1510 683 1528 τι
697 1501 840 1536 λεγόμενα.
850 1500 941 1526 Ταῦτα

154 1547 196 1579 δὲ,
226 1548 307 1584 φημὶ,
336 1548 384 1574 καὶ
401 1548 436 1575 τὰ
462 1548 572 1575 τοιαῦτα
606 1547 824 1583 κομψολογοῦντα
851 1547 940 1579 αὑτὸν,

155 1592 242 1628 ἡδέως
257 1593 288 1620 ἄν
300 1601 342 1624 τις
357 1592 444 1628 εἴρετο
454 1601 460 1608 ·
482 1593 598 1628 Πότερον
613 1591 641 1619 εὖ
667 1592 744 1624 εἰδὼς
767 1592 840 1626 λέγοι
854 1611 862 1624 ,
876 1591 941 1618 διότι

155 1638 192 1664 τὰ
210 1638 359 1673 πράγματα
378 1638 470 1665 τοῦτον
497 1638 553 1673 ἔχει
579 1638 623 1664 τὸν
647 1638 756 1674 τρόπον,
786 1637 939 1673 ἧάγνοῶνς

156 1684 191 1710 Ei
206 1684 255 1718 μὲν
267 1684 321 1719 γὰρ
337 1684 388 1710 οὐκ
404 1683 470 1719 ᾔδει,
490 1683 547 1715 πῶς
563 1683 596 1710 ἂν
610 1684 690 1718 ἡμεῖς
714 1682 787 1718 αὐτῷ
805 1682 942 1710 πιστεύοι-

158 1731 265 1764 μενςεί
278 1729 300 1756 δ’
317 1729 448 1764 ἐγίνωσκε
462 1730 512 1764 (Ι),
526 1729 622 1764 κομιδῇ
642 1738 683 1761 τις
701 1726 735 1765 ἦν
752 1728 864 1764 ἠλίθιος,
884 1728 943 1764 ἅμα

158 1775 307 1812 ita,”un
321 1777 410 1803 πάντα
432 1776 662 1811 ἀποφαινόμενος,
683 1776 740 1811 ἃμα
768 1775 796 1802 δὲ
824 1774 943 1802 τοσαῦτα

155 1829 245 1863 λέγων
268 1829 375 1856 εἰδέναι.
396 1829 451 1856 Καὶ
479 1829 531 1865 μὴν
546 1828 626 1855 ὁπότε
642 1837 673 1862 γε
699 1828 733 1855 τὰ
753 1827 864 1854 τοιαῦτα
890 1827 943 1854 διε-

157 1875 251 1907 ξίοιεν,
261 1875 337 1902 οὐδὲν
350 1875 405 1902 ἀλλ’
418 1875 434 1911 ἢ
451 1876 596 1911 ἐπαγωγὴν
612 1883 673 1902 τινα
690 1875 808 1908 λέγουσι,
823 1873 943 1900 δεικνύν-

157 1929 205 1953 τες
221 1921 289 1948 ὁποῖ’
302 1921 371 1948 ἄττα
385 1922 427 1956 εἴη
441 1921 475 1948 τὰ
493 1921 641 1956 φαινόμενα
653 1921 742 1947 καὶτὰ
756 1920 816 1946 καθ’
829 1919 941 1946 ἕκαστα.

157 1966 198 1992 Τὸ
216 1966 244 1993 δὲ
259 1967 363 1993 τοιοῦτο
379 1967 426 1993 καὶ
441 1966 498 1993 ἔστι
515 1967 561 1993 καὶ
584 1967 691 2000 λέγεται
720 1966 819 1997 πίστις.
837 1966 868 1992 Et
894 1965 943 2000 μὲν

157 2010 207 2038 οὖν
225 2012 293 2048 αὐτῇ
313 2012 564 2046 συγκατατίθενται,
594 2011 673 2046 δῆλον
698 2011 740 2037 ὅτι
769 2010 941 2043 δοξάζουσιν·

157 2059 185 2085 ει
196 2058 218 2084 δ’
233 2059 264 2085 οὺ
279 2058 463 2089 πιστεύουσιν,
481 2058 535 2084 οὐδ’
546 2057 580 2084 ἂν
599 2058 678 2093 ἡμεῖς
692 2057 871 2093 προσεχοιμεν
894 2056 943 2083 αὺ-

158 2107 226 2136 τοῖς.
245 2105 278 2131 Ὅ
292 2113 323 2138 γε
339 2105 391 2139 μὴν
411 2105 503 2140 Τίμων
517 2105 545 2131 ἐν
561 2103 600 2139 τῷ
615 2104 730 2130 Πύθωνι
744 2104 876 2140 διηγεῖται
893 2112 944 2139 μα-

159 2150 228 2186 κρόν
242 2159 301 2177 τινα
314 2151 474 2182 κατατείνας
487 2150 574 2184 λόγον,
593 2150 630 2182 ὡς
646 2149 749 2185 ἐντύχοι
764 2150 802 2185 τῷ
818 2150 943 2186 Πύῤῥωνι

161 2202 296 2238 βαδίζοντι
323 2202 445 2233 Πυθοῖδε,
462 2201 537 2237 παρὰ
553 2201 583 2228 τὸ
602 2201 672 2236 ἱερὸν
686 2201 733 2227 τοῦ
762 2201 943 2237 Ἀμφιαράου,

160 2256 210 2283 καὶ
223 2256 284 2282 τινα
298 2255 460 2290 διαλεχοεῖεν
473 2255 605 2291 ἀλλήλοις.
622 2253 685 2291 ⁷Αρ¹
703 2255 752 2281 οὐκ
771 2254 889 2288 εὐλόγως
913 2254 944 2281 ἀν

160 2311 204 2333 τις
217 2301 290 2337 αὐτῷ
301 2302 386 2328 ταῦτα
402 2301 583 2337 συγγράφοντι
597 2301 736 2337 παραστὰς
751 2301 821 2327 εἴποι
832 2321 838 2332 ,
854 2301 896 2332 Τί,
923 2298 945 2327 ὦ

162 2347 275 2383 πονηρὲ,
296 2346 412 2381 ἐνοχλεῖς
430 2346 534 2381 σεαυτῷ
556 2346 642 2373 ταῦτα
664 2347 828 2381 συγγράφων
841 2365 848 2377 ,
866 2346 912 2372 καὶ
929 2345 947 2372 ἃ

163 2392 203 2428 μὴ
214 2391 292 2418 οἶσθα
305 2391 497 2427 διηγούμενος;
511 2391 543 2417 Τί
559 2392 612 2427 γὰρ
625 2391 724 2427 μᾶλλον
732 2391 855 2425 ἐνέτυχες
872 2389 947 2424 αὐτῷ

162 2439 210 2466 καὶ
225 2438 367 2474 διηλέχθης
377 2458 384 2469 ,
402 2437 418 2474 ἢ
444 2438 473 2464 οὺ
489 2437 648 2473 διηλέχθης;
667 2437 752 2469 Αὐτός
768 2446 797 2464 τε
815 2438 916 2468 ἐκεῖνος
932 2437 946 2463 ὁ

162 2484 318 2520 θαυμαστὸς
331 2485 455 2520 Πὺρῤων,
482 2481 537 2519 ἆρά
551 2492 583 2518 γε
602 2484 659 2519 ᾔδει
679 2483 709 2510 τὸ
735 2483 779 2510 διὰ
793 2483 818 2509 τί
845 2482 947 2518 βαδίζοι

163 2530 253 2558 Πύθια
264 2531 443 2566 θεασόμενοςῑ
492 2529 616 2564 καθάπερ
635 2529 660 2554 οἱ
678 2528 829 2563 μεμηνότες
841 2547 847 2558 ,
866 2527 948 2554 ἐπλα-

163 2577 229 2604 νᾶτο
239 2577 310 2604 κατά
321 2578 369 2612 τὴν
379 2576 454 2607 ὁδόν;
468 2575 563 2601 Ἡνίκα
571 2575 599 2601 8's
610 2574 710 2610 ἤρξατο
721 2576 882 2610 κατηγορεῖν
894 2573 948 2601 τῶν

163 2624 315 2660 ἀνθρώπιον
328 2624 374 2650 καὶ
384 2623 434 2658 τῆς
447 2622 556 2656 ἀγνοίας
568 2622 666 2649 αὐτῶν,
685 2619 740 2657 ἆρά
750 2629 781 2655 γε
795 2621 888 2656 φῶμεν
900 2621 948 2647 αὑ.

162 2671 210 2697 τὸν
223 2670 309 2706 ἀληθῆ
337 2669 435 2703 λέγειν,
463 2668 479 2703 ἢ
498 2668 554 2703 μή;
569 2665 642 2702 Ἀρά
672 2675 699 2700 γε
716 2666 762 2692 καὶ
778 2665 822 2692 τὸν
838 2665 949 2700 Τίμωνα

165 2715 261 2742 παθεῖν
277 2723 314 2746 τι,
339 2715 385 2741 καὶ
410 2711 626 2748 συγκαταθέσθαι
654 2713 709 2743 τοῖς
737 2711 836 2745 λόγοις.
865 2711 881 2745 ἣ
911 2710 948 2745 μὴ

165 2760 325 2797 προσέχειν;
339 2761 370 2786 Et
388 2760 436 2795 μὲν
453 2759 506 2795 γὰρ
526 2758 575 2785 οὐκ
591 2757 703 2792 ἐπείσθη
714 2776 721 2787 ,
739 2756 798 2787 πῶς
819 2755 880 2782 ἀντὶ
907 2763 949 2790 χο-

167 2809 263 2845 ρευτοῦ
276 2809 419 2844 φιλόσοφος
433 2807 471 2843 (2)
489 2807 605 2840 ἐγένετο,
625 2805 671 2831 καὶ
685 2804 732 2831 τὸν
746 2804 879 2840 Πύρρωνα
896 2803 949 2829 διε-

177 2856 186 2866 ’
201 2865 240 2900 (1)
260 2866 295 2893 El
312 2864 337 2892 δ’
356 2865 510 2899 ἐγίνωσκε.
529 2863 559 2890 Β.
583 2862 750 2900 A_ugustinus
773 2861 818 2900 lib.
835 2859 872 2887 De
883 2860 948 2900 .reli-

166 2896 256 2936 9ἱόηέ,
271 2896 401 2935 quaerenti
416 2899 567 2936 terirlatem,
593 2896 709 2936 Suitem,
725 2897 829 2931 inquit,
850 2896 905 2936 scis
925 2899 950 2921 te

166 2933 289 2964 dubitare
299 2943 333 2962 an
345 2935 379 2962 ιιι
394 2934 495 2968 aliquid
510 2935 579 2967 vm’,
592 2939 616 2961 et
630 2933 679 2960 hoc
692 2933 777 2966 ipsum
790 2936 828 2959 ut
841 2933 948 2958 veritas.

986 291 1076 318 dicent
1104 289 1207 324 aliquid
1228 297 1235 315 :
1253 289 1293 315 vel
1318 294 1379 315 esse
1392 286 1533 321 quiddam,
1563 286 1602 313 vel
1630 292 1683 312 non
1710 291 1772 312 esse

987 336 1100 363 omnino
1118 335 1218 362 dicturi
1246 338 1332 362 sunt:
1358 332 1588 367 quemadmodum
1614 331 1708 365 utique
1723 330 1774 357 ob.

987 389 1066 410 scura
1078 389 1138 409 esse
1153 380 1259 408 cunctis
1280 379 1407 407 universa
1425 385 1498 406 nunc
1516 378 1622 407 dicunt,
1643 381 1725 411 atque
1744 376 1772 403 in

987 427 1044 455 sola
1061 426 1192 460 opinione
1213 425 1312 460 posita,
1329 428 1424 452 notum
1451 431 1511 450 esse
1531 423 1609 450 nihil.
1624 421 1710 449 Porro
1724 420 1773 456 qui

987 472 1071 499 sumit
1086 470 1189 505 aliquid
1199 490 1206 504 ,
1219 475 1267 497 aut
1283 477 1341 496 rem
1358 469 1430 496 illam
1443 468 1483 496 sic
1498 468 1596 503 aperit,
1611 472 1640 495 ut
1659 467 1772 503 intelligi

987 517 1051 544 dum
1062 517 1214 552 explicatur
1225 524 1255 543 ea
1277 516 1380 550 possit,
1397 519 1443 542 aut
1470 515 1614 542 obscuram
1632 514 1723 548 potius
1746 517 1774 542 et

988 563 1107 597 ignotam
1122 561 1264 595 relinquit.
1282 560 1309 587 Si
1327 567 1380 588 non
1401 560 1516 594 aperiet,
1535 567 1569 585 ne
1587 563 1643 585 tum
1659 559 1771 593 quidem

988 608 1042 636 ulla
1063 615 1124 634 cum
1138 615 1171 634 eo
1187 606 1277 634 futura
1289 606 1438 641 disputatio
1461 610 1514 633 est.
1532 605 1612 640 760
1624 604 1672 632 Sin
1684 605 1773 639 expli-

988 652 1061 681 cabit
1084 652 1197 686 aliquid,
1221 659 1334 686 prorsus
1358 656 1404 678 aut
1426 650 1531 677 inﬁnita
1555 649 1637 681 dicet.
1654 654 1701 677 aut
1715 649 1773 678 suis

988 697 1152 733 quibusdam
1168 697 1268 724 ﬁnibus
1279 696 1499 730 circumscripta.
1516 695 1595 727 Quod
1613 696 1636 722 si
1656 695 1773 726 inﬁnita,

989 751 1085 771 rursus
1109 750 1219 770 omnem
1247 750 1339 769 secum
1368 742 1463 777 agendi
1490 741 1645 769 facultatem
1666 741 1772 775 eripiet,

989 789 1060 824 quod
1075 790 1172 816 inﬁniti
1190 790 1309 824 cognitio
1331 789 1404 816 nulla
1424 796 1487 816 esse
1501 789 1598 823 possit.
1612 789 1646 816 At
1659 787 1683 815 si
1698 788 1774 816 ﬁnita

989 834 1126 870 quaedam,
1146 839 1196 862 aut
1205 835 1288 862 etiam
1306 842 1390 862 unum
1404 834 1507 868 aliquid
1521 834 1642 868 aperiet;
1658 834 1704 868 qui
1721 833 1774 861 hoc

989 877 1083 913 faciat,
1098 879 1210 907 deﬁniat
1224 879 1295 906 idem
1306 879 1583 914 aliquid,judicetque
1598 885 1710 906 necesse
1720 883 1773 905 est.

991 923 1108 958 Quinam
1130 924 1212 960 igitur
1237 925 1353 952 obscura
1380 925 1472 952 omnia
1498 929 1525 951 et
1544 923 1698 958 promiscua
1715 931 1776 951 esse

989 970 1113 1006 possint?
1127 969 1186 998 Jam
1205 978 1279 1003 vero,
1295 970 1317 998 si
1331 970 1425 997 eadem
1439 978 1500 997 esse
1512 970 1595 997 simul
1606 977 1638 997 ac
1648 976 1702 996 non
1716 976 1776 996 esse

989 1016 1061 1043 dicet
1077 1017 1212 1051 :primum
1226 1015 1335 1050 quidem
1349 1023 1442 1043 verum
1453 1015 1535 1042 simul
1548 1015 1618 1042 idem
1631 1023 1662 1042 ac
1675 1014 1775 1042 falsum

989 1062 1041 1088 erit
1055 1071 1061 1087 :
1076 1061 1174 1088 deinde
1193 1060 1295 1095 aliquid
1312 1060 1369 1095 ipse
1387 1060 1468 1093 dicet,
1495 1059 1620 1094 dicetque
1635 1059 1713 1091 nihil,
1733 1064 1775 1086 at-

989 1114 1042 1141 que
1058 1106 1094 1133 ita
1111 1105 1406 1137 0ratinnem,oratione
1419 1105 1483 1132 dum
1496 1108 1597 1138 utetur,
1608 1105 1774 1140 exstingua-t,

990 1151 1135 1184 Pneterea,
1151 1158 1241 1186 quise
1261 1150 1359 1178 falsum
1373 1150 1463 1178 dicere
1484 1149 1620 1183 fateatur,
1636 1150 1706 1177 idem
1723 1151 1774 1178 sibi

990 1198 1070 1225 ﬁdem
1096 1197 1189 1224 haberi
1207 1197 1273 1224 vult.
1288 1195 1348 1224 Jam
1373 1203 1448 1228 vero,
1476 1196 1561 1231 quaeri
1580 1196 1660 1223 etiam
1673 1204 1706 1224 ex
1722 1197 1774 1225 illis

990 1243 1098 1279 poterit,
1116 1243 1186 1270 unde
1205 1243 1312 1270 tandem
1335 1242 1437 1269 incerta
1456 1249 1516 1269 esse
1532 1242 1658 1269 universa
1673 1242 1775 1270 didice-

990 1289 1064 1316 rint?
1080 1288 1160 1316 Prius
1171 1289 1243 1315 enim
1265 1288 1330 1323 quid
1355 1287 1420 1315 illud
1437 1288 1472 1315 sit
1486 1295 1559 1323 quoa
1575 1293 1679 1315 certum
1695 1297 1776 1316 voca-

992 1339 1046 1367 tur,
1063 1341 1143 1362 nosse
1158 1334 1274 1367 debent;
1288 1339 1400 1368 tumque
1415 1333 1524 1360 demum
1538 1355 1546 1366 ,
1570 1333 1676 1368 ejusmo
1686 1334 1706 1363 li
1721 1342 1775 1362 non

991 1388 1051 1409 esse
1064 1380 1155 1408 omnia
1169 1384 1289 1408 statuere
1307 1383 1433 1414 poterunt
1448 1388 1456 1406 ;
1470 1379 1659 1407 aﬁirmationis
1675 1381 1777 1415 quippe

992 1426 1088 1454 notitia
1114 1426 1266 1461 negationis
1287 1426 1472 1460 cognitionem
1501 1426 1645 1453 antecedit.
1674 1425 1726 1459 Qui
1753 1427 1778 1455 si

992 1472 1082 1499 minus
1096 1471 1161 1506 quid
1178 1476 1282 1498 certum
1300 1471 1336 1498 sit
1356 1471 1492 1503 noverint,
1512 1479 1546 1498 ne
1561 1471 1695 1498 incertum
1720 1471 1778 1507 qui-

992 1518 1052 1545 dem
1068 1518 1105 1545 illi
1128 1518 1192 1553 quid
1220 1518 1256 1545 sit
1273 1524 1354 1544 nOSse
1375 1522 1512 1551 poterunt.
1534 1516 1680 1544 Enimvero
1706 1525 1769 1546 cum

993 1563 1189 1592 Enesidemus
1203 1563 1230 1590 in
1248 1571 1297 1590 sua
1310 1563 1365 1596 illa,
1383 1571 1464 1598 quam
1480 1563 1645 1590 informabat
1663 1563 1778 1600 hypoty-

955 1615 979 1646 ο
994 1609 1064 1644 posi,
1074 1616 1171 1636 novem
1185 1609 1298 1635 omnino
1310 1608 1405 1635 modos
1417 1613 1565 1644 exponeret
1576 1608 1697 1644 (totidem
1705 1610 1778 1636 enim

992 1663 1075 1690 quam
1099 1654 1201 1682 incerta
1225 1654 1281 1681 sint
1302 1654 1394 1681 omnia
1424 1654 1564 1683 declarare
1596 1655 1777 1690 conabatur),

993 1705 1083 1727 utrum
1095 1700 1205 1728 eosdem
1234 1703 1313 1726 norat
1330 1699 1388 1734 ipse
1403 1700 1449 1734 qui
1475 1700 1587 1733 diceret,
1612 1709 1645 1727 an
1667 1701 1773 1735 ignora-

993 1747 1058 1774 bat?
1070 1745 1138 1773 Nam
1161 1746 1186 1773 is
1202 1746 1312 1781 quidem
1328 1746 1355 1774 in
1379 1747 1575 1780 animantibus,
1590 1747 1644 1774 imo
1656 1747 1737 1774 etiam
1752 1751 1779 1774 et

993 1793 1020 1819 iu
1034 1792 1114 1820 nobis
1129 1792 1206 1827 ipsis,
1220 1793 1344 1826 urbibus,
1361 1792 1504 1826 institutis,
1521 1793 1644 1820 moribus
1663 1801 1695 1821 ac
1712 1794 1779 1829 legi-

993 1839 1044 1866 bus
1063 1839 1212 1866 discrimen
1233 1840 1357 1874 agnoscit
1372 1849 1379 1866 :
1397 1839 1470 1866 idem
1486 1848 1550 1868 vero
1562 1846 1589 1867 et
1605 1841 1730 1868 inﬁrmos
1741 1841 1780 1869 ait

995 1893 1094 1913 sensus
1110 1892 1170 1912 esse
1184 1889 1303 1915 nostros.
1321 1890 1347 1913 et
1363 1886 1478 1918 plurima
1497 1894 1557 1921 qua:
1571 1888 1719 1922 cognitioni
1735 1897 1780 1916 ex-

993 1931 1129 1959 trinsecus
1138 1930 1257 1959 olﬁciant
1269 1931 1460 1966 impedimenta
1473 1937 1684 1972 commemorat,
1695 1935 1776 1962 inter-

997 1979 1077 2011 valla,
1090 1979 1301 2012 magnitudines,
1319 1985 1420 2013 motus,
1436 1980 1565 2015 iuvenum
1579 1987 1660 2016 atque
1671 1989 1778 2015 sanum,

993 2025 1161 2060 vigilantium
1179 2030 1206 2052 et
1217 2025 1422 2060 dormientium,
1443 2027 1590 2054 valentium
1605 2033 1776 2063 etmgrotan-

993 2072 1060 2098 tium
1072 2071 1220 2098 dissimiles
1239 2071 1361 2105 aliosque
1388 2080 1505 2106 sensus;
1530 2081 1620 2100 rerum
1644 2074 1708 2101 dum
1731 2082 1778 2102 cas

993 2118 1169 2152 percipimus,
1181 2117 1252 2152 quod
1271 2117 1408 2152 permistm
1421 2118 1476 2145 sint
1487 2127 1593 2151 omnes,
1612 2124 1639 2146 et
1653 2128 1714 2146 eum
1726 2120 1778 2147 ali-

994 2172 1048 2199 quo
1063 2171 1169 2198 semper
1183 2163 1215 2190 ad
1240 2163 1311 2190 aliud
1330 2164 1394 2198 quid
1411 2165 1506 2191 ordine
1523 2164 1708 2200 proferantur,
1723 2167 1780 2193 sin-

995 2217 1087 2237 cerum
1118 2217 1256 2244 nunquam
1283 2209 1489 2244 simplicemquc
1509 2210 1624 2238 vultum.
1646 2210 1719 2244 Ilaec,
1736 2211 1779 2238 iu—

995 2262 1088 2289 quam,
1105 2254 1148 2281 illc
1162 2259 1313 2290 czeteraque
1331 2255 1356 2281 id
1380 2263 1465 2289 genus
1492 2255 1556 2282 dum
1581 2257 1722 2292 magniﬁce
1738 2257 1779 2284 lo-

997 2301 1099 2335 quitur,
1117 2305 1220 2335 quaerat
1235 2308 1267 2327 ex
1283 2308 1316 2327 eo
1333 2300 1396 2335 jure
1408 2301 1556 2336 quispiam,
1571 2302 1642 2329 sitne
1664 2303 1721 2330 haec
1734 2303 1781 2330 ho-

998 2348 1079 2375 minis
1095 2348 1183 2375 varias
1200 2348 1261 2375 illas
1284 2356 1375 2375 rerum
1392 2349 1564 2376 conditiones
1587 2349 1670 2384 probe
1690 2350 1781 2378 scien-

998 2394 1043 2426 tis,
1059 2401 1093 2420 an
1109 2393 1198 2427 potius
1214 2393 1365 2429 ignorantis
1378 2394 1485 2422 oratio?
1504 2394 1531 2422 Si
1548 2396 1619 2422 enim
1632 2395 1692 2423 illas
1705 2396 1780 2431 igno-

997 2443 1049 2471 rat,
1061 2439 1108 2473 qui
1121 2438 1228 2466 tandem
1241 2439 1290 2473 ipsi
1302 2439 1381 2465 ﬁdem
1390 2439 1551 2467 habebimus
1561 2440 1626 2467 ?Sin
1639 2449 1686 2469 eas
1697 2442 1781 2477 probe

997 2484 1079 2517 norit,
1095 2491 1136 2510 na:
1154 2483 1268 2510 stolidus
1291 2484 1436 2510 admodum
1456 2489 1507 2518 est,
1521 2485 1642 2520 quicum
1664 2486 1780 2514 obscura

997 2537 1057 2556 esse
1073 2528 1163 2555 omnia
1179 2533 1289 2559 statuat,
1312 2533 1365 2555 tam
1381 2530 1463 2556 multa
1483 2538 1512 2557 se
1529 2535 1617 2558 tamen
1633 2532 1703 2559 scire
1714 2539 1780 2559 con-

998 2574 1096 2601 ﬁrmet.
1114 2573 1212 2609 Utique
1233 2575 1298 2600 dum
1333 2575 1395 2601 talia
1410 2576 1534 2602 oratione
1552 2582 1722 2612 percensent,
1737 2578 1781 2605 in-

997 2620 1151 2647 ductionem
1177 2621 1297 2655 aliquam
1328 2621 1408 2648 modo
1437 2625 1551 2654 texunt,
1574 2627 1602 2650 et
1627 2623 1780 2658 cujusmodi

998 2673 1113 2700 quaeque
1131 2666 1186 2693 sint
1197 2674 1259 2700 qua:
1273 2671 1431 2701 appareant,
1456 2667 1592 2702 sigillatim
1610 2669 1757 2696 ostendunt
1773 2679 1780 2697 :

999 2711 1072 2745 quod
1092 2711 1202 2745 quidem
1219 2713 1352 2740 orationis
1365 2721 1450 2748 genus
1464 2718 1506 2741 est
1516 2718 1683 2750 vocaturque
1704 2714 1781 2744 ﬁdes.

999 2750 1075 2783 Hanc
1086 2756 1170 2791 igitur
1184 2757 1222 2784 illi
1236 2757 1258 2784 si
1278 2763 1440 2793 sequuntur,
1460 2760 1569 2787 eosdem
1589 2759 1702 2794 proinde
1718 2761 1782 2795 opi-

999 2802 1058 2828 nari
1080 2810 1160 2829 nemo
1174 2810 1229 2830 non
1249 2803 1340 2831 videt:
1356 2804 1378 2831 si
1396 2812 1459 2832 vero
1476 2814 1529 2833 non
1544 2807 1668 2838 credunt,
1686 2815 1718 2834 ne
1730 2807 1782 2842 ipsi

1035 2858 1172 2897 (2)___‘Artl
1189 2860 1331 2897 zopevtoﬁ
1347 2861 1523 2895 φιλόσοφος.
1546 2861 1677 2897 Diogenes
1695 2862 1784 2897 isser-

999 2895 1053 2921 tius
1076 2894 1123 2930 lib.
1140 2902 1165 2921 ικ
1183 2902 1216 2921 ex
1233 2894 1480 2929 Sitnone'qumlain
1498 2894 1673 2930 Apollonide,
1689 2896 1783 2923 Timo-

1000 2937 1061 2957 nem
1075 2929 1147 2957 hunc
1159 2929 1308 2965 signiﬁcat,
1324 2939 1338 2957 a
1353 2931 1496 2959 saltatione
1507 2929 1563 2967 jam
1579 2933 1715 2960 abstinere
1729 2939 1780 2959 cte-
