2061 3210
178 178 246 206 1255

722 181 882 209 ΡΒΕΡΑΒ.
896 181 1020 210 EVANG.
1042 182 1105 210 LIB.
1127 182 1196 210 XIV.

1726 182 1793 209 1254

181 238 296 266 Ὀπύταν
312 240 401 274 μέντοι
409 239 484 274 ,φῶσι
497 240 528 267 τὺ
544 241 622 274 σοφὸν
635 241 666 277 δὴ
676 241 763 274 τοῦτο,
785 243 825 269 ὅτι
839 242 892 269 δέοι
910 251 960 269 κα-

1010 242 1139 271 Praeterea
1160 244 1224 271 dum
1248 234 1386 280 egregium
1411 244 1478 272 illud
1503 243 1667 278 sapiensque
1689 241 1792 269 dictum

175 284 389 312 τακολουθοῦντα
398 285 476 320 φύσει
489 286 535 312 καὶ
549 288 605 318 τοῖς
619 287 690 313 ἔθεσι
703 287 763 322 ζῇν,
783 287 877 323 μηδενὶ
894 288 968 323 μέν-”

173 339 214 357 τοι
243 330 493 364 συγκατατίθεσθαι,
513 331 585 358 πάνυ
611 332 682 364 τινές
703 333 771 358 εἰσιν
791 333 906 368 εὐήθεις.
928 333 959 359 Et

176 376 230 412 γὰρ
248 377 341 412 μηδενὶ
358 377 438 412 ἄλλῳ,
450 378 537 413 τούτῳ
557 377 622 412 γοῦν
636 379 710 414 αὐτῷ
731 379 785 405 δέοι
801 378 834 405 ἂν
859 387 960 413 συγκα-

175 422 314 454 ταθέσθαι,
340 423 387 449 καὶ
413 423 556 450 ὑπολαΰεῖν
578 424 665 456 οὕτως
686 425 758 460 ἔχειν
773 425 848 451 αὐτὸ.
873 426 905 452 Τί
930 426 959 452 δὲ

177 467 275 503 μᾶλλον
289 470 321 503 τῇ
336 468 415 503 φύσει
429 469 540 500 καὶτοῖς
556 469 629 496 ἔθεσι
648 471 688 496 δεῖ
706 470 922 502 κατακολουθεῖν,
942 471 958 506 ἢ

174 513 205 540 οὐ
220 513 268 545 δεῖ,
286 513 323 549 μὴ
338 514 441 545 εἰδότας
457 523 489 548 γε
502 514 533 550 δὴ
549 515 640 550 μηδὲν,
661 515 726 550 μηδὲ
743 515 854 550 ἔχοντάς
867 525 892 542 τι
907 517 960 551 ὅτῳ

175 559 341 594 κρινοῦμενς
365 560 466 585 Ἐκεῖνο
485 560 533 595 μὲν
550 560 604 595 γὰρ
630 561 678 587 καὶ
693 561 864 588 παντάπασίν
886 562 959 588 ἐστιν

174 604 287 639 ἠλίθιον,
303 605 410 632 ἐπειδὰν
421 606 545 640 λέγωσιν,
561 607 602 632 ὅτι
616 606 742 642 καθάπερ
756 606 791 633 τὰ
805 607 959 643 καθαρτικὰ

175 651 308 686 φάρμακα
323 651 489 687 συνεκκρίνει
513 652 581 687 μετὰ
594 651 648 678 τῶν
664 653 883 688 περιπτωμάτων
913 654 960 680 καὶ

175 697 238 724 ἑαυτ
244 697 268 728 ὰ,
280 697 324 723 τὸν
339 697 419 724 αὐτὸν
433 698 533 733 τρόπον
547 699 593 726 καὶ
607 699 622 725 ὀ
636 699 725 726 πάντα
736 699 819 732 ἀξιῶν
830 697 898 725 εἶναι
917 699 960 725 M-

174 751 222 776 γῆς
237 742 321 778 ἄδηλα
339 743 407 778 μετὰ
428 743 483 770 τῶν
499 743 585 770 ἄλλων
602 745 709 780 ἀναιρεῖ
727 746 773 772 καὶ
789 746 894 772 ἑαυτόν.
928 746 959 772 Ei

174 788 229 822 γὰρ
241 788 321 819 αὐτὸς
336 789 415 815 αὐτὸν
426 789 541 824 ἐλέγχοι,
555 789 586 825 λη
592 791 661 824 ροῖεν
672 791 705 818 ἂν
717 791 742 817 οἱ
756 790 889 827 χρώμενοι
899 791 960 818 τού-

173 842 223 869 τῳ,
242 833 343 869 βέλτιον
363 832 408 862 οὖν
426 835 541 870 ἡσυχίαν
560 836 637 869 ἄγειν
655 837 764 869 αὐτοὺς,
780 838 826 864 καὶ
845 838 912 873 μηδὲ
928 838 959 864 τὸ

176 880 263 915 στόμα
278 880 400 916 διαίρειν.
422 881 501 908 Ἀλλὰ
515 882 567 918 μὴν
577 882 631 908 οὐδ’
646 883 738 918 ὅμοιον
757 883 812 919 ἔχει
828 884 896 910 τιτὸ
914 893 960 910 κα-

175 926 301 962 θαρτικὸν
321 927 473 962 φάρμακον,
488 929 535 954 καὶ
550 929 564 955 ό
578 928 679 956 τούτων
696 930 783 963 λόγος.
795 930 831 956 Τὸ
845 930 894 965 μὲν
905 930 959 966 γὰρ

175 973 320 1008 φάρμακον
336 973 497 1009 ἐκκρίνεται,
516 975 568 1001 κάν
577 975 634 1007 τοῖς
651 975 773 1011 σώμασιν
791 976 840 1010 οὺχ
857 976 960 1011 ὑπομέ-

176 1027 226 1045 νει’
243 1019 288 1045 τὸν
307 1019 398 1054 μέντοι
412 1020 490 1054 λόγον
501 1021 531 1046 ὲν
541 1022 601 1052 ταῖς
613 1020 713 1056 ψυχαῖς
725 1021 857 1056 ὑπάρχειν
866 1023 906 1048 δεῖ
915 1022 961 1049 τὸν

175 1065 256 1092 αὑτὸν
266 1065 340 1096 ὄντα,
354 1066 401 1092 καὶ
417 1066 609 1101 πιστευόμενον
627 1067 690 1093 alt-2i.
714 1068 801 1098 Μόνος
814 1068 868 1103 γὰρ
884 1065 961 1100 οὗτος

175 1111 216 1146 εἴη
229 1111 273 1143 ἂν,
290 1112 303 1138 ὁ
318 1111 400 1137 ποιῶν
416 1111 665 1146 ἀσυγκαταθέτους.
683 1113 743 1139 Ὂτι
765 1113 787 1139 δ’
800 1114 850 1140 οὐκ
862 1115 960 1140 οἴονται

175 1157 220 1184 τὸν
237 1157 376 1193 ἄνθρωπον
388 1157 531 1191 ἀδόξαστον
542 1156 621 1190 εἶναι,
638 1159 684 1185 καὶ
694 1159 743 1185 ὡδὶ
753 1161 906 1195 καταμάθοι
919 1169 960 1192 τις

175 1203 217 1231 ἄν.
242 1203 382 1230 ’Δδύνατον
401 1204 454 1239 γὰρ
485 1204 529 1230 τὸν
548 1204 740 1240 αἰσθανόμενον
769 1206 806 1241 μὴ
833 1206 960 1233 αἰσθάνε-

176 1248 248 1276 σθαι.
260 1249 296 1276 Τὸ
306 1249 326 1275 δ’
344 1249 526 1280 αἰσθάνεσθαι,
539 1249 681 1286 γνωρίζειν
697 1259 723 1277 τι
738 1248 782 1286 ἦν.
798 1252 858 1278 ’Ότι
873 1252 901 1278 δὲ
914 1252 960 1279 καὶ

174 1294 297 1321 πιστεύει
314 1296 346 1330 τῇ
367 1295 500 1330 αἰσθήσει,
515 1296 582 1322 πᾶσι
604 1296 729 1330 φανερόν.
754 1296 960 1332 Ἀκριὸἐστερω

173 1339 229 1376 γὰρ
244 1340 326 1367 θέλων
342 1340 413 1373 ἰδεῖν,
428 1341 552 1376 ἀπέψησε
569 1340 607 1367 τὼ
623 1341 764 1377 ὀφθαλμὼ¹
776 1342 823 1369 καὶ
841 1343 960 1378 προσῆλ-

175 1383 220 1411 θεν
235 1384 390 1421 ἐγγύτερον,
405 1386 451 1412 καὶ
463 1386 627 1412 ὲπιλλίσατο.
646 1387 701 1412 Καὶ
718 1386 770 1422 μὴν
786 1387 909 1423 ἡδόμενοι
928 1396 960 1422 γε

175 1430 222 1456 καὶ
236 1430 379 1462 πονοῦντες
402 1430 489 1466 ἴσμεν.
511 1431 578 1457 Οὐδὲ
596 1431 650 1466 γὰρ
669 1428 723 1457 οἷόν
737 1440 766 1457 τε
783 1431 829 1458 τὸν
847 1433 959 1467 καιόμε-

174 1484 219 1502 νον
235 1475 252 1511 ἦ
268 1475 430 1511 τεμνόμενον
454 1476 569 1510 ἀγνοεῖν.
597 1476 652 1508 Τὰς
677 1476 705 1502 δὲ
729 1476 761 1512 δὴ
784 1478 894 1512 μνήμας
913 1477 960 1505 καὶ

174 1522 339 1557 ἀναμνήσεις
354 1522 394 1553 τίς
408 1522 458 1548 οὐκ
469 1521 501 1548 ἂν
519 1523 585 1557 φαίη
609 1522 668 1558 μεθ’
688 1523 848 1558 ὑπολήψεως
867 1524 958 1558 γίγνε-

175 1568 236 1595 σθαι
247 1577 254 1601 ;
267 1568 333 1604 Περὶ
349 1569 397 1604 μὲν
413 1569 467 1604 γὰρ
480 1568 534 1595 τῶν
559 1569 655 1595 κοινῶν
670 1569 789 1602 ἐννοιῶν,
804 1570 845 1596 ὅτι
863 1570 894 1596 τὸ
908 1579 958 1596 τοι-
971 1586 992 1615 C

173 1614 251 1640 οὖτον
277 1614 418 1649 ἄνθρωπός
434 1615 517 1645 ἐστιν,
535 1613 574 1640 ἔτι
589 1614 616 1641 δὲ
643 1615 706 1649 περὶ
720 1614 773 1641 τῶν
799 1615 958 1650 ἐπιστημῶν

175 1661 222 1686 καὶ
237 1661 348 1696 τεχνῶν,
377 1660 404 1687 τί
422 1661 495 1694 λέγοι
510 1669 551 1692 τις
567 1661 612 1692 ἇν;
626 1661 701 1687 οὐδὲν
717 1661 771 1696 γὰρ
788 1659 821 1697 ἦν
844 1662 956 1694 τούτων,

173 1706 200 1732 εί
226 1705 263 1741 μὴ
292 1703 459 1740 πεφύκειμεν
484 1705 694 1739 ὑπολαμϐάνειν.
719 1705 788 1732 Ἀλλ’
814 1705 901 1740 ἔγωγε
922 1707 959 1733 ἐῶ

174 1751 267 1778 τᾶλλα.
288 1751 350 1783 Τοῖς
366 1752 456 1787 μέντοι
469 1751 625 1787 λεγομένοις
637 1752 688 1778 ὑπὸ
700 1752 800 1778 τούτων
815 1753 861 1779 ἐάν
873 1761 901 1779 τε
915 1762 959 1779 πι-

176 1796 326 1831 στεύωμεν,
341 1796 388 1823 ἐάν
399 1805 429 1822 τε
447 1797 614 1832 ἁπιστῶμεν,
632 1797 788 1832 ἀναγκαίως
808 1797 863 1832 ἔχει
882 1797 959 1830 δοξά-

176 1841 232 1874 ζειν
247 1843 335 1877 πάντη
356 1851 385 1869 τε
400 1844 447 1870 καὶ
462 1843 576 1875 πάντως.
605 1843 665 1870 Ὅτι
695 1843 743 1878 μὲν
760 1841 806 1870 οὖν
822 1844 959 1879 ἀμήχανόν

175 1889 234 1914 ἐστι
249 1888 401 1922 φιλοσοφεῖν
416 1888 461 1914 τὸν
475 1888 575 1923 τρόπον
589 1888 700 1920 τοῦτον,
719 1888 848 1924 φανερόν
870 1890 910 1915 ὅτι
931 1889 959 1915 δὲ

174 1934 223 1960 καὶ
239 1933 313 1968 παρὰ
326 1933 417 1968 φύσιν,
431 1934 478 1959 καὶ
493 1933 567 1969 παρὰ
582 1934 644 1965 τοὺς
655 1933 761 1968 νόμους,
781 1934 829 1960 ὡδὶ
843 1934 959 1961 κατίδοι-

177 1987 227 2013 μεν
247 1978 288 2005 ἆν.
304 1979 336 2005 Et
351 1979 399 2013 μὲν
416 1978 469 2014 γὰρ
494 1979 530 2014 τῷ
547 1979 602 2004 ὄντι
628 1978 662 2005 τὰ
678 1979 827 2014 πράγματα
849 1979 960 2006 τοιαῦτα

175 2024 230 2060 εἴη,
239 2024 265 2050 τί
281 2024 373 2050 λοιπὸν
386 2023 441 2050 ἀλλ’
458 2024 474 2060 ἢ
490 2024 613 2059 καθάπερ
624 2025 652 2051 ὲν
666 2024 741 2059 ὕπνῳ
753 2023 801 2060 ζῇν
815 2017 887 2060 ἡμᾶς
899 2025 959 2059 είκῆ

175 2070 224 2096 καὶ
237 2069 421 2105 ὲμπλήκτως;
439 2069 509 2096 ὥστε
533 2070 674 2105 φλυαροῖεν
699 2069 731 2096 ἂν
760 2071 784 2096 οἱ
805 2070 959 2105 νομοθέται,

175 2116 225 2142 καὶ
234 2115 391 2152 στρατηγοὶ,
407 2115 453 2141 καὶ
465 2116 489 2141 οἱ
507 2115 689 2147 παιδεύοντες.
714 2115 783 2141 Ἀλλ’
805 2115 898 2151 ἔμοιγε
919 2115 961 2142 δο-

176 2161 270 2188 κοῦσιν
279 2163 303 2188 οἱ
320 2162 369 2197 μὲν
382 2161 456 2188 ἄλλοι
469 2162 567 2193 πάντες
579 2161 716 2196 ἄνθρωποι
725 2161 774 2197 ζῇν
786 2161 857 2188 κατὰ
870 2161 959 2196 φύσιν,

178 2208 253 2242 μόνοι
268 2208 357 2243 μέντοι
371 2207 558 2242 τετυφῶσθαι,
576 2208 674 2243 μᾶλλον
693 2207 721 2234 δὲ
739 2208 887 2243 μεμηνέναι
911 2217 961 2243 μα-

1010 290 1196 324 pronnntiant,
1222 290 1248 316 in
1266 290 1320 317 vita
1344 289 1510 317 instituenda
1521 293 1624 316 natura:
1646 292 1793 315 consuetu-

1009 335 1134 370 diuisque
1160 336 1270 363 ductum
1298 336 1374 370 sequi
1399 340 1542 370 oportere,
1564 335 1700 369 simulque
1717 333 1792 360 nulla

1009 383 1117 418 penitus
1133 383 1163 409 -in
1177 390 1206 409 re
1220 382 1376 409 han'endum
1398 389 1458 409 esse
1473 381 1587 412 docent,
1608 380 1713 407 faciunt
1734 379 1793 406 ine-

1009 429 1142 464 ptissime.
1155 428 1221 456 Nam
1236 433 1266 456 ut
1283 429 1348 456 fides
1364 428 1470 455 caeteris
1482 427 1610 454 omnibus
1621 427 1790 457 detrahatur,

1010 474 1073 502 huic
1088 475 1183 503 saltem
1205 474 1327 502 habenda
1343 474 1499 501 necessario
1511 474 1556 506 sit,
1574 473 1708 508 planeque
1734 477 1791 500 sta-

1009 519 1142 546 tuendum
1169 520 1204 546 ita
1222 527 1279 546 rem
1306 519 1416 546 habere.
1441 518 1494 545 Sed
1518 519 1590 545 enim
1612 525 1661 545 cur
1687 521 1792 544 natura:

1002 565 1268 600 'cunsuetudinisquc
1276 567 1386 592 ductum
1400 564 1476 599 sequi
1490 564 1581 598 potius
1593 570 1644 590 nos
1655 566 1798 597 oporteat,

1008 619 1089 646 quam
1107 611 1141 638 ah
1158 619 1191 638 eo
1216 610 1364 642 discedere,
1390 610 1436 644 qui
1465 617 1514 638 nec
1535 608 1655 636 sciamus
1678 607 1791 635 omnino

1008 658 1167 692 quidquam,
1188 664 1236 684 nec
1247 657 1326 691 cujus
1343 657 1367 683 vi
1380 656 1514 690 judicium
1532 655 1595 682 ferri
1613 654 1700 689 possit
1715 653 1780 688 quid

1009 707 1090 734 quam
1108 699 1275 726 habeamus?
1287 698 1364 732 Quod
1380 699 1452 725 enim
1466 698 1578 730 addunt,
1597 702 1727 724 extrema:
1743 703 1792 723 cu-

1006 745 1115 780 jusdam
1132 745 1255 773 stultitiae
1267 749 1309 772 est
1323 754 1330 772 :
1346 741 1750 782 quemadmodumarmaca,
1762 741 1790 767 in

1008 790 1108 825 quibus
1134 789 1267 825 purgandi
1297 789 1339 816 vis
1366 793 1425 821 est,
1451 797 1510 816 sese
1533 784 1791 816 emeret-ementis

1011 835 1079 870 ipsis
1090 836 1193 870 pariter
1212 843 1245 862 ac
1261 835 1342 862 srmul
1352 838 1518 867 excernunt;
1534 834 1569 860 ita
1583 841 1644 868 qua:
1663 832 1733 859 ratio
1748 831 1791 858 in-

1009 886 1082 908 certa
1102 889 1161 909 esse
1177 881 1269 908 omnia
1284 880 1423 911 conficiat,
1435 888 1495 907 eam
1509 887 1539 907 se
1552 886 1661 914 quoque
1676 878 1790 912 perinde

1010 927 1153 962 utreliqua
1166 926 1290 954 funditus
1311 927 1474 953 convellere.
1491 925 1557 952 Nam
1575 925 1598 952 si
1618 924 1717 952 refutat
1730 923 1789 958 ipsa

1010 981 1079 1005 sese,
1096 974 1198 1001 insulse
1215 973 1297 1000 faciat
1308 981 1340 1000 ea
1356 973 1402 1008 qui
1419 976 1520 1000 utetur.
1544 971 1694 1004 Quiescant
1709 970 1790 1005 igitur

1011 1018 1064 1051 isti,
1084 1026 1115 1046 ac
1130 1027 1164 1046 ne
1181 1018 1288 1045 hiscant
1303 1018 1421 1053 quidem.
1439 1017 1558 1044 Tametsi
1578 1024 1628 1044 nec
1642 1016 1790 1051 pharmaco

1010 1063 1048 1090 illi
1062 1071 1116 1098 quo
1129 1071 1278 1098 purgamur
1305 1063 1419 1090 istorum
1445 1062 1514 1089 ratio
1536 1062 1625 1089 simile
1640 1061 1790 1096 quidquam

1011 1108 1100 1135 liabet.
1117 1107 1183 1135 Nam
1196 1108 1233 1135 ita
1255 1107 1432 1142 pltarmacum
1453 1108 1620 1139 excernitur,
1634 1111 1665 1133 ut
1682 1108 1709 1132 in
1730 1114 1791 1133 cor-

1010 1162 1076 1189 pore
1089 1154 1200 1181 minime
1215 1154 1334 1181 resideat
1351 1163 1357 1180 :
1374 1154 1430 1180 haec
1451 1153 1521 1180 ratio
1541 1157 1568 1179 et
1580 1153 1674 1180 eadem
1688 1152 1790 1179 hmreat

1011 1200 1037 1226 in
1052 1205 1141 1227 mente
1158 1208 1275 1234 semper,
1291 1204 1318 1227 et
1334 1200 1411 1226 [idem
1430 1207 1445 1226 a
1462 1199 1541 1226 nobis
1560 1203 1718 1234 perpetuam
1736 1199 1789 1224 im-

1011 1249 1105 1280 petret.
1121 1252 1231 1272 necesse
1241 1249 1297 1277 pst,
1321 1245 1392 1278 quod
1406 1252 1436 1272 ea
1463 1252 1513 1271 nos
1536 1244 1593 1271 sola
1612 1251 1646 1271 ne
1660 1244 1788 1278 cuiquam

1010 1290 1189 1318 assentiamur
1201 1290 1308 1317 efficiat.
1329 1289 1415 1317 Porro
1441 1297 1522 1324 quam
1551 1297 1585 1316 ne
1610 1289 1653 1316 isti
1677 1289 1788 1324 quidem

1011 1335 1137 1370 opinandi
1152 1335 1205 1362 vim
1218 1335 1322 1362 homini
1337 1335 1463 1369 eripiant,
1480 1334 1519 1360 vel
1537 1342 1570 1361 ex
1592 1342 1625 1361 eo
1643 1334 1788 1369 intelligas.

1010 1379 1061 1412 Qui
1074 1379 1165 1411 sentit,
1179 1379 1250 1406 idem
1266 1385 1295 1406 ut
1315 1387 1348 1406 ne
1361 1379 1460 1406 sentiat
1474 1379 1531 1406 ﬁeri
1554 1379 1627 1406 nullo
1641 1379 1723 1405 modo
1745 1386 1790 1412 po-

1010 1429 1080 1452 test:
1096 1425 1196 1452 sentire
1208 1429 1298 1451 autem
1319 1432 1482 1459 cognoscere
1503 1428 1556 1452 est.
1576 1425 1611 1451 At
1629 1432 1677 1451 eos
1697 1424 1788 1451 sensui

1009 1471 1088 1498 fidem
1106 1470 1205 1498 habere
1218 1478 1298 1497 nemo
1317 1478 1369 1497 non
1386 1470 1467 1497 videt.
1489 1469 1556 1496 Nam
1581 1475 1611 1496 ut
1626 1469 1727 1497 certius
1741 1469 1790 1495 ali—

1009 1517 1072 1551 quid
1093 1515 1191 1543 intueri
1217 1516 1340 1550 possint,
1368 1523 1429 1542 cum
1450 1523 1567 1550 purgare
1590 1515 1704 1546 oculos,
1730 1518 1789 1541 tum

1009 1563 1089 1590 etiam
1105 1562 1234 1590 accedere
1248 1562 1410 1596 propius,ac
1420 1561 1535 1588 subinde
1549 1560 1676 1588 nictando
1691 1560 1789 1587 intueri

1009 1608 1106 1636 solent.
1122 1607 1192 1641 Quid
1207 1608 1277 1642 quod
1304 1612 1426 1634 nostrum
1444 1607 1494 1641 ipsi
1513 1612 1566 1633 tam
1589 1606 1688 1633 laetitia;
1707 1614 1790 1641 quam

1009 1654 1112 1683 doloris
1127 1661 1238 1682 sensum
1259 1654 1404 1681 novimus?
1418 1652 1473 1680 Nec
1484 1653 1557 1680 enim
1574 1652 1632 1679 fieri
1646 1653 1742 1687 possit,
1761 1657 1791 1680 ut

1009 1710 1068 1730 sese
1080 1702 1122 1729 uri
1135 1701 1196 1736 quis
1209 1705 1257 1728 aut
1267 1700 1354 1727 secari
1370 1699 1483 1727 nesciat.
1498 1699 1655 1726 Memoriam
1666 1698 1790 1726 similiter

1010 1757 1042 1776 ac
1063 1748 1279 1776 recordationem
1306 1747 1368 1781 quis
1391 1754 1443 1773 non
1457 1746 1658 1773 existimatione
1675 1746 1789 1780 conjun-

1010 1798 1080 1821 ctam
1107 1800 1167 1820 esse
1193 1792 1314 1819 dixerit?
1334 1791 1403 1824 Quid
1434 1791 1467 1818 de
1496 1791 1634 1818 communi
1668 1791 1809 1820 omnium,

1010 1846 1103 1871 sensu,
1120 1838 1167 1873 qui
1187 1837 1320 1872 ejusmodi
1351 1837 1487 1864 hominem
1505 1844 1566 1864 esse
1586 1837 1701 1869 clamat;
1725 1836 1791 1872 quid

1010 1885 1043 1912 de
1069 1884 1175 1911 artibus
1200 1883 1388 1918 doctrinisque
1409 1882 1532 1910 dicetur?
1555 1881 1669 1909 Istorum
1693 1883 1791 1917 quippe

1011 1929 1079 1956 nihil
1106 1929 1280 1960 haberemus,
1307 1928 1360 1956 nisi
1384 1936 1399 1955 a
1424 1934 1523 1955 natura
1547 1928 1719 1955 existimandi
1737 1929 1791 1955 vim

1010 1975 1182 2002 haberemus.
1199 1975 1234 2001 At
1251 1975 1328 2001 mitto
1345 1979 1451 2003 catera,
1468 1974 1532 2000 dum
1549 1975 1601 2000 hoc
1627 1982 1709 2000 unum
1734 1982 1792 2001 ma-

1010 2024 1083 2053 neat,
1099 2019 1179 2047 fidem
1195 2025 1225 2047 ut
1249 2020 1283 2046 iis
1303 2019 1360 2048 sive
1387 2020 1545 2049 habeamus,
1568 2019 1625 2046 sive
1650 2027 1790 2054 negemus,

1011 2066 1140 2100 opinandi
1164 2065 1320 2093 facultatem
1345 2066 1501 2092 necessario
1526 2065 1605 2092 nobis
1629 2073 1689 2092 esse
1708 2065 1791 2092 relin-

1011 2111 1159 2146 quendam.
1176 2110 1313 2139 Hactenus
1331 2111 1412 2146 igitur
1438 2111 1538 2138 nullam
1553 2111 1687 2145 ejusmodi
1704 2111 1794 2145 philo-

1011 2157 1142 2191 sophandi
1157 2159 1290 2184 rationem
1313 2165 1374 2184 esse
1400 2164 1479 2191 posse
1502 2157 1681 2183 ostendimus.
1706 2155 1792 2189 Quam

1011 2203 1105 2230 eadem
1122 2203 1223 2230 rationi
1243 2211 1275 2230 ac
1291 2203 1395 2238 legibus
1417 2203 1585 2235 adversetur,
1603 2203 1666 2230 hinc
1688 2203 1791 2237 accipe.

176 2253 402 2289 νίανὲρῤωμένην
414 2255 437 2280 οἱ
448 2253 534 2280 ταῦτα
543 2253 697 2288 ληροῦντες.
713 2254 768 2288 Οὐχ
782 2254 882 2288 ἥκιστα
897 2254 960 2289 μέν-

1013 2249 1080 2276 Nam
1101 2250 1124 2276 si
1137 2257 1200 2276 vere
1212 2249 1248 2276 ita
1262 2257 1305 2276 res
1323 2249 1452 2280 habeant,
1471 2249 1534 2283 quid
1557 2249 1630 2275 aliud
1657 2252 1791 2283 superest,

175 2307 217 2325 τοι
231 2299 308 2324 τοῦτο
321 2297 472 2333 καταμάθοι
484 2306 526 2329 τις
538 2297 570 2324 ἂν
585 2297 721 2324 κάκεῖθεν.
744 2297 893 2331 Ἀντίγονος
905 2298 960 2332 γὰρ

175 2346 190 2371 ὸ
207 2344 360 2380 Καρύστιος
379 2344 447 2370 κατὰ
473 2344 535 2375 τοὺς
551 2344 647 2375 αὐτοὺς
669 2343 812 2378 γενόμενος
837 2343 958 2378 χρόνους,

176 2391 224 2416 καὶ
241 2389 400 2425 ἀναγράψας
416 2388 505 2415 αὐτῶν
528 2389 572 2415 τὸν
587 2388 643 2423 βίον
653 2408 661 2420 ,
676 2388 742 2424 φησὶ
758 2388 803 2414 τὸν
826 2389 959 2424 Πύῤῥωνα

175 2435 338 2470 διωκόμενον
365 2435 417 2461 ὑπὸ
443 2434 534 2465 κυνὸς,
551 2434 699 2469 ἀναφυγεῖν
719 2434 765 2460 ὲπί
792 2443 817 2460 τι
834 2434 957 2471 δένδρον·

178 2482 368 2517 σκωπτόμενον
384 2481 406 2507 δ’
424 2481 475 2506 ὑπὸ
490 2480 544 2506 τῶν
561 2479 701 2514 παρόντων
712 2500 719 2512 ,
737 2481 822 2506 εἰπεῖν
835 2501 841 2512 ,
858 2481 896 2512 ὡς
912 2489 961 2515 χα-

176 2527 259 2553 λεπὸν
283 2527 325 2562 εἴη
351 2527 396 2553 τὸν
421 2526 563 2560 ἄνθρωπον
579 2525 696 2552 ὲκδῦναι.
712 2526 838 2561 Φιλίστης
859 2526 887 2552 δὲ
911 2527 960 2561 τῆς

177 2571 293 2606 ἀδελφῆς
307 2571 386 2598 αὐτοῦ
403 2571 527 2606 θυούσης,
539 2571 633 2597 ἔπειτα
643 2570 696 2597 τῶν
709 2571 793 2605 φίλων
806 2570 878 2602 τινὸς
894 2571 960 2597 ὑπο-

177 2618 311 2652 σχομένου
323 2617 356 2644 τὰ
371 2617 438 2652 πρὸς
452 2616 500 2652 τὴν
517 2616 620 2648 θυσίαν,
635 2616 681 2642 καὶ
693 2616 730 2651 μὴ
742 2616 960 2652 παρασχομένου.

177 2661 232 2689 Τοῦ
251 2662 341 2698 μέντοι
356 2662 501 2697 Πύρρωνος
519 2661 668 2697 πριαμένου
679 2680 686 2692 ,
710 2661 757 2688 καὶ
775 2659 960 2695 ἀγανακτοῦν-

176 2715 234 2740 τος,
245 2707 394 2743 ἐπειδήπερ
405 2708 419 2733 ό
433 2707 508 2741 φίλος
521 2707 623 2741 ἔλεγεν,
637 2706 674 2738 ὠς
689 2707 719 2732 οὐ
739 2707 880 2742 ποιήσαιτο
894 2706 962 2742 σύμ-

177 2761 255 2788 φωνα
279 2753 336 2784 τοῖς
360 2751 459 2786 λόγοις,
475 2751 527 2779 οὐδ’
551 2750 614 2784 ἄξια
636 2751 685 2786 τῆς
702 2749 851 2782 ἀπαθείας·
875 2750 961 2776 εἰπεῖν

176 2799 258 2827 αὐτόν
269 2807 276 2814 ·
299 2788 342 2825 Ἕν
355 2797 420 2832 γοῦν
432 2797 540 2833 γυναικὶ
556 2797 586 2823 οὑ
602 2796 642 2824 δεῖ
659 2795 708 2832 τὴν
725 2794 859 2828 ἀπόδειξιν
876 2795 961 2831 αὐτῆς

177 2844 324 2873 ποιεῖσθαι.
341 2844 435 2872 Καίτοι
449 2842 561 2876 δικαίως
577 2844 610 2871 ἂν
625 2840 700 2870 εἶπεν
711 2843 725 2869 6
740 2842 814 2878 φίλος
826 2863 834 2875 ,
856 2843 897 2870 ὅτι
911 2851 962 2879 μα-

179 2893 242 2920 ταία
257 2894 304 2920 καὶ
320 2893 349 2919 ἐν
361 2893 479 2926 γυναικὶ,
494 2892 541 2918 καὶ
557 2891 627 2925 κυνὶ,
639 2889 686 2917 καὶ
702 2890 792 2917 πᾶσιν.
809 2890 841 2916 Εἰ
865 2889 896 2925 δή
921 2897 960 2916 σοι

1013 2295 1065 2321 nisi
1080 2298 1110 2321 ut
1127 2295 1177 2326 sic,
1191 2299 1320 2329 tauquam
1337 2294 1363 2320 in
1388 2301 1497 2325 somno,
1518 2299 1620 2321 temere
1642 2293 1794 2328 stolidcque

1014 2339 1154 2366 vivamus?
1178 2338 1319 2374 Nugcntur
1338 2339 1477 2366 enimvero
1501 2339 1689 2374 legislatures;
1710 2339 1793 2366 duces

1013 2389 1247 2420 praeceptoresquc
1259 2389 1403 2419 nugeutur.
1420 2384 1550 2419 Equidem
1565 2385 1633 2411 alios
1648 2392 1743 2411 omnes
1760 2392 1792 2410 ex

1013 2436 1116 2458 natura:
1133 2432 1290 2466 praescripto
1310 2431 1392 2458 vitam
1418 2432 1558 2459 instituere
1578 2432 1686 2465 sentio;
1709 2432 1793 2459 ratio-

1013 2484 1074 2504 nem
1101 2477 1167 2504 hanc
1189 2477 1408 2512 philosophorum
1424 2485 1505 2504 unam
1520 2485 1581 2512 qua:
1597 2482 1650 2504 tam
1675 2478 1792 2505 absurda

1013 2522 1150 2556 loquatur,
1175 2522 1302 2554 delirare,
1325 2528 1372 2550 aut
1397 2523 1488 2557 potius
1506 2523 1678 2550 vehementer
1703 2523 1794 2550 furere

1013 2572 1116 2595 statuo.
1128 2567 1205 2600 Quod
1235 2568 1322 2603 ipsum
1340 2576 1374 2596 ex
1400 2568 1524 2603 sequenti
1547 2568 1695 2603 Pyrrhonis
1725 2568 1795 2596 facto

1013 2614 1132 2641 maxime
1146 2613 1290 2649 intelliges.
1298 2614 1452 2649 Antigonus
1460 2615 1539 2649 763
1555 2615 1625 2641 enim
1641 2614 1793 2650 Carystius,

1013 2659 1060 2694 qui
1075 2659 1126 2686 sub
1138 2659 1231 2686 eadem
1246 2659 1352 2686 vivebat
1366 2664 1499 2694 tempora,
1513 2660 1616 2694 quique
1631 2659 1739 2687 illorum
1753 2661 1794 2686 vi-

1015 2709 1070 2732 tam
1083 2704 1257 2739 conscripsit,
1278 2703 1447 2740 Pyrrhonem
1464 2709 1677 2740 commemorat,
1692 2711 1721 2733 ut
1735 2713 1796 2733 sese

1015 2749 1168 2784 insequenti
1192 2749 1254 2777 cani
1279 2750 1413 2783 eriperet,
1439 2750 1585 2784 quamdam
1610 2749 1643 2776 ad
1669 2751 1795 2778 arborem

1015 2794 1173 2831 confugisse
1188 2804 1196 2822 :
1213 2802 1267 2830 qua
1281 2795 1314 2822 de
1331 2802 1414 2822 causa
1430 2803 1493 2822 cum
1513 2796 1547 2822 ab
1561 2795 1594 2823 iis
1609 2796 1655 2830 qui
1667 2796 1794 2829 aderant,

1015 2842 1158 2874 rideretur,
1178 2849 1249 2876 aegre
1269 2842 1414 2869 admodum
1438 2842 1574 2869 hominem
1595 2842 1657 2869 exui
1683 2849 1795 2876 respon-

1015 2888 1096 2917 disse.
1108 2887 1251 2921 l’rteterca,
1266 2881 1331 2916 cum.
1343 2887 1454 2916 Philista
1467 2888 1526 2923 ejus
1540 2896 1616 2916 soror
1631 2888 1809 2923 sacrificiumr
