2061 3210
289 175 359 203 1255

607 176 650 204 EU
658 175 745 204 SEBJ
764 173 1005 202 CESARIENSIS
1024 174 1063 201 Ol1

1122 174 1213 201 PARS
1231 173 1262 201 11.
1286 189 1320 194 -
1341 173 1592 202 Αροιοοετιω.

1845 176 1912 203 ’256

287 235 442 266 adornaret,
457 233 601 269 quemdam
618 242 650 261 ex
663 224 769 266 amicis,
785 234 830 268 qui
845 241 888 260 res
899 233 931 260 ad
946 233 1010 260 illud
1023 241 1063 260 ne-

1121 233 1177 259 τῶν
1200 233 1286 267 λόγων
1307 233 1410 260 τούτων
1427 234 1502 260 ἐστὶν
1517 233 1622 267 ὄφελος,
1645 233 1733 268 ὀρθῶς
1749 233 1775 267 γ’
1789 233 1846 268 ἔχει
1865 241 1913 268 μα-

286 280 420 306 eessarias
433 279 567 314 pollicitus
577 277 686 310 fuerat,
712 277 858 313 promissis
875 286 929 305 non
953 278 1071 304 stetisse.

285 323 452 361 Pyrrhonem
466 325 547 359 igitur
560 332 608 352 eos
625 328 751 359 sumptus
761 323 850 351 facere
863 328 999 356 coactura,
1009 331 1072 358 gra-

285 372 355 398 viter
379 371 404 397 id
425 371 575 405 acerbeque
598 378 661 397 cum
679 370 773 402 ferret,
791 377 824 396 ex
849 377 900 396 suo
917 369 964 396 illo
983 369 1072 396 amico

284 416 414 448 audiisse,
430 423 526 450 parum
541 423 570 443 se
587 416 698 443 omnino
721 423 833 443 suorum
846 422 881 442 ex
900 415 1071 442 decretorum

284 463 443 497 praescripto
459 461 559 494 facere,
576 467 658 496 atque
670 462 704 488 ab
717 463 791 488 omni
808 461 1013 495 perturbatione
1028 469 1073 488 va-

283 515 364 535 cuum
381 509 534 535 ostendere.
549 508 618 535 Tum
633 509 772 535 enimvero
790 507 956 544 Pyrrhonem
968 507 1071 534 homini

282 554 448 589 reposuisse,
463 555 544 589 hujus
560 555 598 581 rei
614 555 692 581 tidem
704 554 730 581 in
744 554 910 581 mulierculas
917 561 1001 580 causa
1013 553 1070 580 ﬁeri

283 605 337 627 n‘on
351 600 458 628 debere.
473 599 523 627 Cui
541 601 607 628 sane
629 601 733 627 amicus
748 600 792 627 ille
813 607 880 626 suus
895 599 993 626 merito
1011 607 1070 626 res-

283 645 424 679 ponderet,
437 645 463 672 in
479 645 609 677 muliere,
627 645 653 671 in
672 652 749 677 cane,
764 644 790 670 in
809 644 920 678 reliquis
943 644 1070 671 omnibus

282 691 363 719 inane
381 695 467 718 totum
493 692 544 718 hoc
565 690 720 726 disputandi
736 698 822 725 genus
846 689 977 717 futurum.
991 689 1068 722 Quod

281 737 304 763 si
319 737 480 763 nonnullum
504 737 551 764 tibi
572 744 660 771 operae
680 736 797 770 pretium
821 743 853 762 ex
875 735 926 762 hac
945 735 1070 762 oratione

281 780 403 809 futurum
419 783 536 815 videtur,
554 783 625 810 haud
640 783 688 810 abs
708 790 737 809 re
754 781 847 814 fuerit,
862 785 918 808 tum
930 789 1000 816 quos
1018 781 1069 807 ha-

280 827 370 855 buerit
387 829 438 856 iste
452 833 611 860 sectatores,
630 833 686 855 tum
699 835 769 862 quos
785 827 930 855 aemulatus
941 827 999 861 ipse
1012 825 1070 853 fue-

1126 278 1196 309 θεῖν,
1217 279 1265 305 καὶ
1287 279 1360 311 τινες
1379 279 1403 305 οἱ
1420 278 1591 314 ζηλώσαντες
1608 278 1686 304 αὑτὸν
1707 279 1848 312 ἐγένοντο.
1869 279 1913 304 καὶ

1124 323 1200 355 τίνας
1214 324 1349 359 ἐζήλωσεν
1362 324 1443 355 αὐτός
1472 324 1502 350 ’0
1517 324 1567 359 μὲν
1583 322 1630 350 οὖν
1643 324 1759 360 Πύρρων
1783 324 1911 360 ’Δναξάρς

1125 377 1172 404 χου
1183 369 1256 401 τινὸς
1269 369 1378 403 ἐγένετο
1399 370 1531 405 μαθητὴς,
1547 369 1576 401 ὃς
1587 370 1616 396 τὸ
1631 371 1680 405 μὲν
1695 370 1804 405 πρῶτον
1817 368 1851 405 ἦν
1868 370 1913 402 ζω-

1124 415 1246 450 γράφος,
1263 415 1317 441 οὐδ’
1337 415 1424 446 οὕτως
1442 415 1570 450 εὐτυχὴς,
1589 416 1684 442 ἔπειτα
1701 417 1756 448 τοὶς
1777 416 1912 452 Δημοκρι-

1122 468 1170 487 του
1197 459 1310 495 βιϐλίοις
1325 460 1453 495 ἐντυχὼν,
1467 461 1584 496 χρηστὸν
1596 461 1645 496 μὲν
1652 461 1728 488 οὐδὲν
1745 460 1807 487 οὔτε
1823 459 1910 497 εὗρεν,

1123 506 1184 532 οὔτε
1199 506 1300 542 ἔγραψε
1312 527 1318 538 ,
1343 506 1436 538 κακῶς
1455 507 1483 534 δὲ
1502 508 1605 539 πάντας
1618 505 1679 534 εἷπε
1701 508 1748 534 καὶ
1772 507 1851 539 θεοὺς
1868 509 1912 535 καὶ

1123 550 1292 586 ἀνθρώπους.
1306 551 1392 583 Αὐτὸς
1406 552 1427 578 δ’
1444 551 1556 588 ὕστερον
1573 552 1666 580 τοῦτον
1677 552 1722 579 τὸν
1737 553 1822 588 τῦφον
1839 561 1911 588 περι-

1123 597 1297 631 ϐαλλόμενος,
1310 598 1355 624 καὶ
1365 597 1455 624 καλῶν
1470 598 1570 633 ἄτυφον
1580 599 1684 631 ἑαυτὸν,
1695 599 1770 625 οὐδὲν
1778 600 1807 625 ὲν
1820 599 1910 634 γραφῇ

1123 643 1279 670 κατέλιπεν.
1303 643 1427 676 Ἐγένετο
1442 643 1470 670 δὲ
1484 643 1607 679 μαθητὴς
1619 644 1700 671 αὐτοῦ
1719 645 1814 679 Τίμων
1835 644 1912 671 Φλιά-

1123 697 1189 720 σιος,
1201 689 1231 720 ὃς
1245 689 1276 715 τὸ
1291 689 1341 723 μὲν
1364 689 1471 725 πρῶτον
1489 690 1615 725 ἐχόρευεν
1634 691 1662 716 ὲν
1687 691 1742 721 τοῖς
1767 690 1909 725 θεάτροις*

1121 733 1217 760 ἔπειτα
1227 735 1249 761 δ’
1267 734 1386 769 ἐντυχὼν
1399 735 1474 770 αὐτῷ
1485 756 1492 767 ,
1515 735 1681 770 συνέγραψεν
1705 735 1843 771 ἀργαλέας
1861 743 1910 761 πα-

1124 780 1222 815 ρῳδίας
1234 781 1282 806 καὶ
1297 779 1478 815 βωμολόχους,
1492 782 1520 808 ὲν
1531 778 1575 813 αἷς
1589 781 1801 817 βεδλασφήμηκε
1810 782 1910 812 πάντας

1123 827 1185 857 τοὺς
1202 825 1311 853 πώποτε
1337 827 1580 863 φιλοσοφήσαντας.
1598 825 1681 860 Οὗτος
1704 829 1758 864 γὰρ
1772 826 1808 863 ἦν
1819 829 1834 854 ὁ
1850 829 1910 860 τοὺς

279 873 331 907 rit,
364 882 538 909 cognoscere.
576 874 638 901 Fuit
676 874 758 909 igitur
784 873 889 908 Pyrrho
925 872 1063 907 cujusdam

1121 872 1253 905 Σίλλους
1265 872 1384 908 γράψας,
1401 874 1448 900 καὶ
1458 873 1546 908 λέγων
1555 882 1562 889 ·

279 921 434 948 Anaxarchi
452 921 603 954 discipulus
620 928 627 947 :
643 928 675 947 ac
693 920 810 954 primum
828 919 937 954 quidem
955 918 1070 953 pictura:
1088 924 1198 952 operam
1211 917 1294 949 dedit,
1317 923 1344 945 at
1368 926 1497 946 successu
1522 926 1617 953 parum
1645 918 1724 945 laeto:
1738 919 1908 953 postmodum

279 975 343 996 vero
359 968 385 995 in
401 967 545 995 Democriti
558 968 641 995 libros
654 974 716 994 cum
730 965 880 997 incidisset,
901 964 968 992 nihil
982 954 1029 991 aut
1043 963 1070 990 in
1090 963 1123 991 iis
1140 963 1204 991 boni
1222 963 1332 999 reperit,
1348 969 1396 991 aut
1411 964 1467 998 ipse
1482 965 1656 999 conscripsit,
1685 964 1733 992 sed
1759 967 1826 992 deos
1856 969 1909 992 latr

280 1021 336 1042 tum
364 1015 545 1049 hominesque
574 1021 671 1040 omnes
697 1012 873 1040 contumeliis
897 1018 930 1038 ac
960 1010 1068 1045 probris
1085 1010 1216 1037 oneravit.
1234 1009 1306 1037 Idem
1323 1015 1416 1044 postea
1443 1018 1506 1037 cum
1541 1011 1592 1038 hoc
1611 1009 1698 1038 fastus
1713 1017 1812 1046 genere
1835 1010 1908 1038 labo—

279 1064 363 1092 raret,
380 1067 411 1087 ac
422 1067 482 1087 sese
498 1064 588 1086 tamen
601 1058 635 1085 ab
651 1058 726 1084 omni
743 1056 815 1084 fastu
830 1064 946 1084 vacuum
957 1056 1068 1087 diceret,
1089 1055 1192 1089 scripto
1203 1056 1314 1090 reliquit
1323 1055 1401 1083 nihil.
1415 1055 1440 1083 ls
1461 1055 1625 1090 discipulum
1644 1055 1738 1083 habuit
1765 1055 1907 1084 Timonem

278 1107 440 1139 Phliasium.
456 1106 503 1140 qui
519 1113 580 1132 cum
609 1096 688 1132 antea
715 1104 871 1131 saltatorem
898 1107 991 1138 ageret
1002 1103 1030 1129 in
1061 1103 1162 1136 scenis,
1184 1103 1230 1130 ubi
1253 1103 1351 1130 deinde
1378 1103 1518 1130 hominem
1540 1103 1688 1136 audiisset,
1709 1104 1854 1131 mordaces
1883 1108 1909 1131 et

277 1153 416 1180 aculeatos
433 1158 529 1178 versus
553 1150 647 1182 edidit,
670 1149 770 1184 quibus
785 1153 870 1176 totam
893 1148 1066 1182 superiorum
1103 1147 1331 1183 philosophorum
1355 1149 1493 1176 nationem
1512 1149 1717 1188 proscindebat.
1752 1149 1817 1177 Fuit
1837 1150 1908 1178 enim

278 1200 301 1227 is
316 1198 446 1226 Sillorum
462 1201 568 1229 auctor,
583 1203 702 1231 quorum
722 1203 737 1223 e
751 1202 867 1222 numero
889 1201 954 1223 sum
969 1195 1017 1230 qui
1038 1200 1202 1230 sequuntur,

283 1256 333 1284 Vos
351 1265 430 1292 genus
443 1244 548 1291 infelix,
566 1259 712 1289 nostra-que
729 1253 841 1288 infamia
855 1253 928 1285 vitaz,

280 1323 335 1351 Nec
347 1324 399 1350 nisi
414 1327 503 1350 uenter
515 1323 596 1354 iners,
608 1325 688 1348 aucto
700 1329 732 1348 ea:
743 1328 886 1347 certamine
898 1320 966 1348 ficti.

278 1370 322 1402 Ει.

314 1417 414 1452 Quippe
424 1416 470 1443 isti
482 1415 565 1443 sensit
579 1414 649 1450 pleni
669 1415 837 1442 mendacibus
854 1420 936 1441 utres.

276 1463 311 1490 At
325 1471 388 1491 cum
400 1463 456 1497 jam
476 1462 518 1489 isti
535 1461 647 1496 perinde
665 1461 699 1487 ab
714 1461 844 1488 omnibus
859 1460 973 1495 neglecti
987 1459 1063 1494 jace-

277 1515 348 1542 rent,
361 1515 391 1537 ut
406 1510 428 1537 si
444 1508 560 1536 fuissent
583 1508 633 1541 ipsi
649 1515 788 1542 nunquam
802 1527 810 1540 ,
831 1507 935 1534 exstitit
951 1505 1064 1534 nudius-

277 1557 373 1583 tertius
387 1554 560 1582 Alexandriae
588 1552 698 1588 }Egypti
724 1552 920 1580 IEnesidemus
939 1553 1062 1588 quidam,

276 1603 323 1637 qui
337 1603 479 1636 antiquum
497 1600 562 1627 illud
584 1608 716 1635 nugarum
731 1608 818 1635 genus
835 1607 964 1626 revocare
980 1605 1064 1626 cona-

275 1652 361 1674 retur.
370 1648 459 1681 Atque
471 1646 498 1674 hi
517 1645 573 1673 fere
587 1650 651 1673 sunt
667 1645 807 1672 communi
821 1645 949 1680 opinione
963 1644 1064 1679 princi-

1124 1252 1262 1288 Σχέτλιοι
1295 1252 1463 1286 ἅνθρωποι,
1499 1253 1566 1280 κάκ’
1585 1253 1730 1314 ἐλέγχεαῖ
1756 1253 1908 1314 {autequ

1737 1297 1753 1314 0
1768 1297 1803 1314 σν
1831 1302 1845 1314 ι)
1864 1308 1872 1314 ι

1120 1324 1211 1352 Τοιων
1222 1324 1257 1351 ἐκ
1271 1323 1296 1351 τ’
1307 1323 1423 1359 ἐρίδων.
1434 1324 1470 1351 ἐκ
1478 1331 1510 1350 τε
1519 1322 1677 1357 στοναχῶι·
1687 1288 1729 1359 (ill
1737 1288 1906 1351 ἓξέλὲᾏῦε.

1119 1370 1185 1402 Καὶ,

1157 1417 1322 1449 Ἄνθρωποι
1336 1413 1443 1449 κενεῆς
1455 1415 1572 1449 οιήσιος
1583 1413 1706 1449 ἔμπλεοι
1724 1417 1826 1442 taxat.

1117 1470 1240 1506 Μηδενὸς
1262 1470 1284 1496 δ’
1301 1470 1514 1505 ἐπιστραφέντος
1538 1469 1637 1501 αὐτῶν,
1665 1469 1703 1502 ὡς
1717 1471 1744 1496 ει
1760 1469 1828 1504 μηδὲ
1845 1469 1906 1503 ἐγέ-

1115 1527 1190 1546 νοντο
1204 1518 1234 1545 τὸ
1250 1518 1391 1554 παράπαν,
1407 1517 1484 1553 ἐχθὲς
1498 1518 1545 1545 καὶ
1560 1517 1655 1554 πρώην
1669 1519 1698 1544 ὲν
1720 1517 1906 1554 Ἀλεξανδρείᾳ

1116 1566 1149 1601 τῇ
1167 1565 1227 1592 κατ’
1243 1564 1380 1599 Αἴγυπτον
1393 1564 1573 1600 Μνησίδημος
1591 1573 1633 1596 τις
1651 1563 1843 1600 ἀναζωπυρεῖν
1857 1565 1906 1600 ἧρ-

1117 1611 1180 1644 ξατο
1192 1610 1238 1638 τὸν
1251 1610 1331 1637 ὕθλον
1346 1610 1450 1638 τοῦτον.
1470 1611 1526 1638 Καὶ
1540 1610 1631 1646 σχεδὸν
1648 1612 1673 1637 οἱ
1694 1611 1744 1646 μὲν
1765 1612 1905 1646 κράτισιιι

1115 1656 1257 1688 δοκοῦντες
1280 1653 1350 1683 εἶναι
1377 1656 1432 1682 τῶν
1447 1657 1497 1692 τὴν
1514 1656 1572 1683 ὁδὸν
1596 1655 1777 1691 βεὸαδικύτων
1803 1649 1906 1691 ταύττξν

275 1702 334 1729 pes.
347 1694 394 1728 qui
411 1693 480 1719 hanc
495 1693 703 1727 philosophandi
721 1693 792 1720 viam
805 1692 937 1720 institere.
954 1690 988 1718 Et
1001 1691 1062 1726 qui-

1117 1704 1184 1730 εἰσὶν
1198 1699 1280 1729 οὗτοι.
1297 1703 1357 1729 ’Ὁτι
1374 1702 1423 1737 μὲν
1436 1700 1483 1728 οὖν
1494 1702 1544 1737 τὴν
1563 1701 1691 1738 τοιαύτην
1703 1702 1731 1728 ει
1741 1711 1771 1729 τε
1788 1696 1903 1738 αἵρεσῖν,

275 1741 336 1768 dem
353 1740 436 1775 hujus
448 1740 489 1766 vel
502 1744 593 1772 sectas,
612 1739 652 1766 vel
668 1739 828 1773 disciplima,
844 1746 887 1765 ve.
900 1745 1062 1772 quocunque

275 1787 330 1814 alio
343 1786 454 1813 nomine
463 1785 532 1812 hanc
546 1785 682 1820 appellare
697 1786 792 1817 libeat,
806 1785 851 1819 qui
867 1784 991 1811 laudator
1001 1791 1062 1810 esse

275 1833 349 1864 Velit,
367 1832 502 1859 neminem
519 1831 641 1859 futurum
663 1833 730 1860 satis
744 1836 863 1859 constat.
877 1830 933 1866 Ego
945 1837 1063 1862 vero,ne

275 1879 473 1914 philosophiam
489 1879 599 1914 quidem
614 1887 674 1911 eam
690 1880 823 1911 vocarim,
839 1887 902 1907 cum
927 1879 983 1915 ipsa
999 1878 1061 1914 piri--

275 1925 435 1960 losopbandi
455 1926 586 1960 principia
603 1927 726 1954 tunditus
745 1927 891 1954 convellat.
909 1937 918 1952 ι
935 1926 997 1954 Haec
1009 1925 1061 1961 igi-

274 1977 319 2000 tur
333 1973 464 1999 adversus
476 1972 655 2007 philosophos
666 1972 816 2008 Pyrrhonis
830 1977 977 2000 sectatores
989 1973 1060 1999 dicta

274 2025 365 2047 sunto.
374 2019 573 2052 Quibusallinia
584 2027 649 2046 sane
656 2020 801 2054 acgemitia
809 2027 869 2046 esse
878 2019 991 2054 possint,
1001 2019 1062 2054 qui-

274 2066 325 2093 bus
341 2065 359 2092 ii
373 2065 580 2100 redarguantur,
599 2065 646 2099 qui
666 2073 699 2091 ex
713 2065 842 2099 Aristippi
860 2064 981 2099 Cyrenaei
1003 2072 1062 2092 seu-

274 2111 371 2141 tentia.
387 2116 483 2145 praeter
497 2110 522 2136 id
539 2110 610 2144 quod
626 2110 752 2144 patiendo
774 2111 919 2140 subeatur.
937 2118 1062 2145 compre-

274 2156 355 2184 hendi
367 2156 433 2182 nihil
449 2162 529 2190 posse
543 2155 706 2181 docuerunt.
733 2153 854 2182 Socratis
874 2159 965 2182 autem
983 2155 1060 2182 soda-

274 2202 307 2229 lis
325 2201 479 2235 Aristippus
489 2199 548 2228 fuit.
561 2199 608 2233 qui
621 2198 798 2234 Cyrenaicam
814 2204 915 2227 sectam
930 2200 1059 2231 instituit,

273 2257 305 2275 ex
318 2256 372 2283 qua
389 2247 499 2282 quidem
515 2245 650 2280 Epicurus
662 2245 723 2272 linis
736 2245 808 2272 illius
820 2245 862 2272 sui
876 2246 1059 2272 constituendi

274 2293 356 2330 764
370 2301 464 2320 ansam
478 2291 604 2325 arripuit.
619 2290 684 2317 Erat
697 2290 770 2317 enim
794 2291 949 2326 Aristippus
970 2292 1060 2319 mollis

274 2339 421 2365 admodum
442 2345 473 2364 ac
487 2336 634 2370 voluptatis
661 2344 756 2363 amans
770 2356 777 2368 ,
793 2337 840 2371 qui
866 2337 973 2364 tametsi
992 2338 1060 2364 nihil

1116 1750 1179 1776 εἴτε
1194 1748 1305 1783 ἀγωγὴν
1322 1748 1418 1782 λόγων,
1439 1747 1466 1774 ετ
1478 1757 1508 1775 τε
1526 1749 1579 1784 ὅπη
1600 1748 1647 1774 καὶ
1668 1748 1743 1780 ὅπως
1762 1748 1842 1785 ἐθέλῃ
1862 1758 1904 1781 τις

1116 1795 1208 1822 καλεῖν
1221 1794 1315 1830 αὐτὴν,
1329 1794 1416 1826 οὐδεὶς
1431 1793 1465 1821 ἂν
1476 1792 1506 1821 εὖ
1521 1793 1627 1830 φρονῶν
1644 1792 1727 1829 ὀρθὴν
1741 1791 1810 1821 εἶναι
1825 1794 1904 1830 φαίη,

1116 1832 1203 1876 δῆλον.
1226 1839 1297 1875 Ἐγὼ
1315 1840 1363 1875 μὲν
1380 1839 1441 1866 οὐδὲ
1457 1839 1614 1874 φιλοσοφίαν
1625 1840 1716 1876 οἴομαι
1730 1840 1784 1867 δεῖν
1805 1840 1905 1876 ὀνομά-

1116 1887 1172 1920 ζειν
1183 1887 1277 1923 αὐτὴν.
1287 1886 1452 1921 ἀναιροῦσαν
1469 1895 1500 1920 γε.
1512 1886 1544 1922 δὴ
1560 1886 1608 1918 τὰς
1619 1886 1666 1913 τοῦ
1682 1887 1837 1922 φιλοσοφεῖν
1851 1887 1903 1923 ἀρ-

1115 1932 1175 1967 χάς.
1194 1941 1203 1957 ›
1220 1931 1313 1958 Ταῦτα
1332 1932 1381 1966 μὲν
1397 1929 1444 1958 οὖν
1457 1931 1525 1967 πρὸς
1536 1932 1598 1963 τοὺς
1617 1931 1694 1958 κατὰ
1711 1932 1846 1967 Πύρρωνα
1863 1941 1904 1966 φι-

1114 1978 1239 2012 λοσοφεῖν
1252 1977 1453 2013 νομιζομένους.
1472 1978 1591 2013 Συγγενῆ
1605 1977 1627 2004 δ⁴
1641 1978 1732 2008 αὐτοῖς
1744 1978 1786 2013 εἴη
1803 1978 1836 2005 ἂν
1856 1979 1903 2005 καὶ

1114 2024 1148 2050 τὰ
1172 2024 1367 2059 ἀντιλεγόμενα
1384 2024 1451 2059 πρὸς
1468 2024 1530 2055 τοὺς
1558 2024 1627 2049 κατὰ
1651 2024 1828 2059 Ἀρίστιππον
1857 2023 1902 2050 τὸν

1115 2069 1280 2104 Κυρηναῖον,
1298 2069 1366 2104 μόνα
1389 2068 1517 2103 λέγοντας
1543 2066 1612 2095 εἶναι
1634 2069 1668 2095 τὰ
1691 2069 1766 2104 πάθη
1784 2069 1902 2104 καταλη-

1115 2114 1178 2140 πτά.
1197 2114 1358 2149 Σωκράτους
1373 2113 1394 2140 δ’
1415 2114 1523 2149 ἑταῖρος
1535 2114 1550 2139 ὁ
1574 2114 1750 2149 Ἀρίστιππος
1765 2112 1810 2149 ἦν,
1826 2115 1840 2140 ὁ
1851 2115 1900 2149 τὴν

1114 2159 1284 2195 καλουμένην
1297 2160 1472 2196 Κυρηναϊκήν
1488 2161 1692 2195 συστησάμενος
1711 2161 1816 2196 αἵρεσιν
1827 2180 1835 2193 ,
1854 2161 1899 2195 ἀφ’

1113 2203 1147 2241 ἧς
1166 2207 1215 2238 τὰς
1239 2206 1365 2242 ἀφορμὰς
1389 2206 1547 2241 Ἐπίκουρος
1575 2207 1642 2242 πρὸς
1663 2207 1712 2243 τὴν
1737 2207 1784 2234 τοῦ
1807 2208 1899 2239 τέλους

1114 2252 1221 2279 ἔκθεσιν
1242 2252 1362 2287 εἴληφεν.
1375 2250 1430 2279 Ἦν
1447 2252 1469 2278 δ’
1484 2253 1498 2278 ὁ
1517 2252 1693 2288 ’Λρίστιππος
1719 2254 1800 2288 ὑγρὸς
1829 2253 1898 2280 πάνυ

1112 2298 1158 2324 τὸν
1175 2298 1231 2333 βίον
1249 2298 1296 2324 καὶ
1311 2298 1464 2334 φιλήδονος·
1483 2298 1538 2324 ἀλλ’
1555 2298 1630 2325 οὐδὲν
1650 2300 1698 2334 μὲν
1709 2295 1786 2331 οὗτος
1810 2302 1839 2326 ὲν
1860 2300 1898 2335 τῷ

1113 2343 1222 2380 φανερῷ
1235 2343 1299 2378 περὶ
1311 2343 1404 2374 τέλους
1417 2343 1560 2376 διελέξατο·
1578 2343 1689 2379 δυνάμει
1705 2345 1733 2371 δὲ
1750 2345 1800 2379 τῆς
1813 2345 1897 2372 εὐδαι-

275 2392 395 2419 unquam
416 2384 473 2418 ipse
499 2383 587 2417 palam
608 2382 641 2409 de
661 2382 714 2409 line
733 2382 872 2414 disseruit,
893 2383 992 2410 virtute
1021 2387 1061 2410 ta-

1117 2390 1208 2426 μονίας
1218 2391 1267 2425 τὴν
1283 2390 1430 2416 ὑπόστασιν
1445 2389 1536 2424 ἔλεγεν
1549 2391 1577 2416 ὲν
1592 2390 1698 2425 ἡδοναῖς
1709 2391 1826 2418 κεῖσθαι.
1844 2391 1897 2418 Ἀεὶ

275 2439 346 2463 men,
365 2435 396 2457 ut
416 2431 576 2465 loquuntur,
603 2429 779 2457 beatitudinis
800 2430 1008 2456 fundamentum
1031 2429 1059 2456 in

274 2478 459 2511 voluptatibus
474 2477 592 2512 positum
607 2483 668 2503 esse
680 2476 784 2503 docuit.
800 2475 866 2502 Nam
879 2483 946 2503 .eum
958 2475 992 2503 de
1010 2483 1059 2503 vo-

275 2522 377 2557 luptate
394 2527 523 2557 perpetuo
544 2522 712 2556 loqueretur,
729 2522 798 2548 hanc
817 2521 875 2549 suis
889 2522 1059 2548 auditoribus

275 2568 458 2602 suspicionem
475 2567 567 2599 movit,
589 2572 619 2594 ut
639 2567 665 2594 in
684 2568 745 2594 vitae
770 2567 876 2594 deliciis
896 2567 1059 2594 collocatum

275 2616 309 2641 ab
325 2622 358 2641 eo
381 2615 460 2641 tinem
477 2619 611 2649 putarent.
626 2614 651 2641 Is
667 2614 806 2650 Synallum
823 2613 969 2648 quemdam
985 2614 1059 2648 ejus-

275 2668 328 2694 que
343 2659 436 2692 ﬁliam,
453 2660 551 2687 Areten
577 2660 696 2693 nomine,
723 2659 872 2694 discipulos
898 2659 1002 2686 habuit.
1021 2658 1057 2685 Ea

275 2706 361 2732 tilium
377 2706 495 2740 suscepit
509 2707 689 2741 Aristippum,
704 2706 750 2741 qui
765 2706 798 2733 ab
813 2706 907 2732 eadem
921 2705 955 2732 ad
973 2705 1057 2740 philo-

275 2751 378 2785 sophiae
399 2751 488 2777 studia
514 2751 662 2785 pellectus,
691 2750 785 2777 matris
806 2750 956 2784 discipulus
977 2751 1056 2785 vulgo

275 2797 424 2823 dicebatur.
445 2794 496 2822 Hic
512 2800 604 2830 aperte
627 2796 730 2829 docuit,
748 2796 827 2822 linem
842 2803 903 2823 esse
927 2804 989 2824 cum
1008 2804 1057 2823 vo-

310 2864 348 2898 (5)
368 2863 449 2890 Forte
459 2871 523 2889 ειεν.
543 2878 572 2899 -έ
585 2864 654 2896 Uuid
670 2864 693 2890 si
709 2863 815 2899 legatur
828 2862 883 2891 οἷον
893 2885 900 2897 ,
915 2869 943 2891 ut
960 2872 1057 2892 sensus

276 2904 321 2932 sit,
335 2906 433 2926 rmtres
446 2903 548 2925 tantum
561 2898 572 2924 .’
587 2899 663 2925 Ιιζυιτ.

1114 2435 1168 2471 γὰρ
1186 2435 1281 2469 λόγους
1309 2435 1372 2470 περὶ
1392 2435 1488 2470 ἡδονῆς
1514 2435 1686 2470 ποιούμενος,
1712 2438 1753 2468 εις
1781 2437 1896 2472 ὑποψίαν

1112 2480 1164 2517 ἦγε
1183 2482 1245 2513 τοὺς
1263 2482 1423 2517 προσιόντας
1435 2481 1508 2517 αὐτῷ
1527 2482 1573 2508 τοῦ
1585 2482 1673 2516 λέγειν
1686 2483 1760 2515 τέλος
1784 2481 1853 2510 εἶναι
1868 2484 1897 2510 τὸ

1112 2527 1196 2563 ἡδέως
1210 2526 1270 2563 ζῇν.
1282 2527 1382 2552 Τούτου
1394 2527 1504 2561 γέγονεν
1517 2527 1651 2562 ἀκουστὴς
1666 2527 1805 2559 Σύναλλος,
1821 2528 1866 2554 καὶ
1881 2529 1895 2563 ἡ

1113 2572 1236 2607 θυγάτηρ
1258 2572 1339 2598 αὑτοῦ
1367 2572 1477 2608 Ἀρήτη.
1502 2573 1598 2603 Ἧτις,
1618 2573 1772 2607 γεννήσασα
1804 2573 1894 2603 παῖδα,

1112 2618 1253 2653 ὠνόμασεν
1273 2617 1457 2652 Ἀρίστιππον,
1478 2616 1516 2648 ὃς,
1533 2617 1662 2651 ὑπαχθεὶς
1682 2617 1727 2643 ὑπ’
1749 2618 1834 2653 αὐτῆς
1858 2619 1897 2647 εἰς

1111 2664 1205 2698 λόγους
1223 2662 1379 2697 φιλοσοφίας
1392 2682 1399 2694 ,
1419 2662 1628 2698 μητροδίδακτος
1655 2662 1756 2698 ἐκλήθη
1769 2671 1776 2678 ·
1799 2663 1830 2694 ὃς
1851 2664 1896 2689 καὶ

1112 2709 1205 2744 σαφῶς
1217 2709 1335 2744 ὡρίσατο
1348 2708 1423 2739 τέλος
1440 2705 1508 2734 εἶναι
1524 2708 1555 2735 τὸ
1563 2708 1648 2743 ἡδέως
1662 2708 1722 2744 ζῇν,
1737 2709 1837 2744 ἡδονὴν
1855 2710 1896 2735 ὲν-

1109 2755 1214 2781 τάττων
1229 2754 1277 2790 τὴν
1303 2754 1373 2780 κατὰ
1398 2754 1513 2788 κίνησιν.
1533 2754 1612 2788 Τρεῖς
1627 2754 1680 2790 γὰρ
1692 2754 1743 2791 ἔφη
1763 2755 1897 2783 καταστά-

1110 2809 1166 2832 σεις
1180 2797 1248 2826 εἶναι
1262 2799 1325 2835 περὶ
1335 2799 1384 2834 τὴν
1399 2800 1534 2835 ἡμετέραν
1549 2799 1700 2836 σύγκρασιν
1710 2809 1716 2816 ·
1746 2802 1812 2836 μίαν
1835 2802 1894 2837 μὲν,

1145 2866 1182 2902 (ά)
1203 2866 1282 2894 Forte
1296 2866 1464 2901 στοχασμῶν.
