2061 3210
180 155 249 182 125⁸1

758 153 918 181 ιιιιΑιιιΑιι.
940 154 1065 181 EVANG.
1087 154 1150 181 LIB.
1173 153 1241 182 XIV.

1740 150 1809 186 ξοδδ

180 209 241 237 καθ’
264 208 298 245 ἢν
312 206 460 244 ἆλγοῦμεν,
481 210 600 237 ἐοικυῖαν
621 210 659 245 τῷ
676 209 744 237 κατὰ
760 210 896 237 θάλασσαν
913 220 961 246 χει‹

1020 211 1122 246 lnptate
1137 213 1235 245 vivere,
1257 213 1420 247 voluptatem
1437 222 1497 242 eam
1512 208 1681 251 intelligens,
1693 223 1755 251 quae
1778 217 1806 244 in

181 254 251 289 μῶνι
264 264 271 271 ·
287 255 382 290 ἑτέραν
397 255 434 287 δὲ,
448 255 508 281 καθ’
525 256 558 290 ἦν
573 255 706 291 ἡδόμεθα,
721 255 760 291 τῷ
781 255 843 291 λείῳ
866 256 968 290 κύματι

179 299 389 336 ὰσομοιούμενοι
401 308 408 315 ·
426 298 495 326 εἶναι
511 301 565 336 γὰρ
581 301 655 327 λείαν
670 301 775 337 κίνησιν
794 302 844 337 τὴν
860 301 965 336 ἡδονὴν,

178 345 263 380 οὐρίῳ
286 345 528 381 παραϐαλλομένην
545 347 647 382 ἀνέμῳ,
668 347 716 382 τὴν
729 347 757 374 δὲ
771 347 865 383 τρίτην
881 347 965 382 μέπν

179 389 249 418 εἶναι
261 392 437 424 κατάστασιν,
455 392 516 419 καθ’
530 394 562 427 ἦν
579 392 639 419 οὔτε
653 393 736 426 ἀλγοῦ
741 401 790 428 μεν
804 413 811 424 ,
831 392 892 419 οὔτε
905 392 966 428 ἠδό-

180 436 259 471 μεθα,
281 437 384 473 γαλήνῃ
401 438 593 474 παραπλησίαν
614 436 708 466 οὖσαν.
732 438 840 465 Τούτων
866 438 898 474 δὴ
920 439 966 464 καὶ

178 483 280 518 ἔφασκε
296 483 350 510 τῶν
367 484 460 510 παθῶν
478 484 564 519 μόνων
580 486 654 520 ἡμᾶς
670 485 718 520 τὴν
735 484 860 520 αἴσθησιν
883 485 965 519 ἔχειν.

177 528 251 564 Πρὸς
270 529 317 561 οὓς
332 530 514 557 ἁντιλέλεκται
526 531 621 557 ταῦτα.

1022 257 1111 292 aliqua
1126 260 1310 287 commotione
1325 265 1458 288 versetur.
1477 260 1540 288 Tria
1563 261 1662 296 quippe
1674 266 1808 297 temperas

1021 303 1103 330 tionis
1116 309 1215 331 nostra:
1232 313 1329 340 genera
1345 307 1477 333 statuebat
1499 316 1505 334 ε
1529 315 1613 333 unum
1640 315 1694 342 quo
1714 307 1807 334 dolea-

1021 358 1091 381 mus.
1102 351 1125 377 ei
1138 359 1198 386 quae
1214 352 1241 379 in
1256 354 1324 380 mari
1336 354 1471 380 excitatur
1485 353 1636 388 tempestati
1650 354 1808 388 persimile;

1020 395 1133 422 alterum
1156 405 1210 431 quo
1227 398 1359 430 lmtemur,
1374 403 1400 425 et
1415 403 1522 433 :equato
1543 399 1635 425 (luctui
1651 399 1754 425 similes
1772 398 1807 425 si-

1019 448 1100 469 mus:
1117 447 1251 476 zequatam
1274 444 1345 471 enim
1369 445 1577 471 commotionem
1600 452 1660 471 esse
1687 444 1807 479 volupta-

1019 490 1084 515 tem.
1098 488 1210 515 secundi
1237 490 1308 516 venti
1337 491 1515 517 simillimam.
1542 489 1665 517 Tertium
1690 489 1808 525 denique

1020 533 1137 560 medium
1154 543 1250 569 genus,
1272 544 1326 570 quo
1351 544 1400 563 nec
1420 537 1562 563 doleamus
1588 536 1650 571 ipsi,
1667 543 1718 563 nec
1736 535 1808 563 laete.

177 584 250 607 mur.
265 577 387 604 malacia:
402 584 433 604 ac
447 577 636 612 tranquillitati
657 578 778 613 propius.
797 578 899 604 [lorum
923 577 967 604 ille
987 577 1120 607 duntaxat
1134 585 1255 608 motnuln
1277 582 1395 617 aliquem
1425 591 1440 609 a
1475 583 1553 609 nobis
1573 590 1683 609 sensum
1710 581 1806 608 haberi

178 624 272 651 docuit
293 624 327 650 At
346 625 523 658 sequentibus
540 625 624 652 refelli
642 625 739 660 possit.

440 673 702 709 ΚΕΦΑΑΑιοΝιΘκ

175 736 255 771 Πρὸς
271 737 341 770 τοὺς
359 726 422 765 κατ’
450 739 640 772 Ἀρίστιππον
662 741 868 775 φιλοσόφους,
887 741 965 775 μόνα

210 773 356 801 λέγοντα(-
381 774 416 800 τὰ
438 773 517 801 πάθη
542 772 619 801 εἶναι
649 776 845 801 καταληπτά.
869 777 905 801 τὰ
931 776 965 801 δὲ

210 776 356 807 λέγοντας
381 776 416 800 τὰ
438 776 517 808 πά.οη
542 776 619 801 εἶναι
649 776 845 809 καταληπτά,
869 777 905 803 τὰ
931 776 963 802 δὲ

209 809 302 834 λοιπὰ
313 808 517 842 ἀκατάληπτα.
539 809 610 836 Ἀπὸ
629 810 681 837 τοῦ
692 810 794 837 αὐτοῦ.

213 862 222 878 ί
249 853 327 888 Ἑξῆς
335 853 356 880 δ’
371 854 403 880 ἂν
415 853 469 881 εἷεν
488 857 519 894 οι
528 854 651 890 λέγοντες
668 857 736 892 μόνα
752 857 870 892 τὰπάθη
881 866 963 884 κατα-

174 898 273 933 ληπτά.
298 899 383 926 Τοῦτο
398 900 421 926 δ’
441 898 517 927 εἷπον
535 901 599 927 ἔνιοι
622 902 676 928 τῶν
701 903 732 929 ὲκ
758 903 808 938 τῆς
824 903 960 939 Κυρήνης.

175 942 254 971 Οὗτοι
267 944 288 970 δ’
303 944 404 979 ἠξίουν,
421 945 515 981 ὥσπερ
531 946 583 972 ὑπὸ
596 946 681 982 κάρου
702 946 856 982 πιεζόμενοί
881 956 961 978 τινες,

174 990 250 1017 οὐδὲν
264 988 332 1016 εἶναι
347 991 377 1016 τὺ
396 991 536 1026 παράπαν,
557 993 581 1018 εί
598 993 634 1027 μή
653 1001 694 1024 τις
710 992 852 1028 παραστὰς
865 993 962 1025 αὐτοὺς

175 1035 249 1062 παίοι
266 1037 312 1063 καὶ
323 1038 438 1072 κεντῲη.
460 1038 605 1073 Καιόμενοι
619 1039 673 1074 γὰρ
686 1038 778 1073 ἔλεγον
795 1040 842 1066 καὶ
866 1040 962 1074 τεμνό-

176 1090 249 1117 μενοι
265 1083 417 1118 γνωρίζειν,
432 1084 472 1109 ὃτι
485 1084 612 1119 πάσχοιεν
621 1094 646 1111 τι
659 1105 665 1111 .
682 1085 795 1121 πότερον
807 1085 835 1112 δὲ
846 1085 876 1111 τὸ
886 1087 963 1112 καῖον

173 1129 215 1164 εἴη
234 1128 299 1164 πῦρ,
316 1129 332 1165 ἢ
348 1130 378 1156 τὸ
393 1131 490 1165 τέμνον
506 1131 624 1167 σίδηρος,
635 1131 685 1158 ούκ
702 1131 774 1167 ἔχειν
789 1133 963 1164 εἰπεῖν.Τοῦς

172 1175 201 1201 δὲ
217 1175 302 1202 ταῦτα
318 1175 445 1210 λέγοντας
460 1176 540 1209 εὐθὺς
557 1177 643 1213 ἔροιτό
663 1187 704 1210 τις
720 1178 752 1204 ἂν
763 1198 771 1210 ,
791 1179 814 1204 εἰ
836 1177 868 1212 δὴ
885 1178 963 1204 τοῦτο

174 1220 239 1254 γοῦν
258 1221 346 1248 ἴσασιν
366 1223 452 1254 αὐτοὶ,
470 1222 509 1249 διό
525 1231 552 1249 τι
567 1224 701 1258 πάσχουσί
717 1233 743 1250 τι
755 1224 802 1250 καὶ
822 1224 963 1250 αἰσθάνον-

173 1274 229 1293 ται.
249 1266 295 1301 Μὴ
315 1267 414 1299 εἰδότες
430 1268 478 1302 μὲν
493 1267 557 1303 γὰρ,
585 1268 637 1294 οὐδ’
655 1269 741 1294 εἰπεῖν
757 1267 894 1302 δυνηθεῖεν
918 1267 960 1299 ἂν,

174 1312 215 1339 ὅτι
232 1312 310 1348 μόνον
328 1314 400 1339 ῐσασι
411 1313 441 1340 τὸ
455 1314 540 1346 πάθος
551 1322 557 1328 ·
573 1314 630 1340 εἶδ’
646 1311 678 1340 αὖ
698 1313 890 1349 γνωρίζουσιν,
912 1313 961 1339 οὐκ

174 1356 208 1385 ἂν
224 1358 265 1394 είη
285 1359 351 1394 μόνα
380 1359 414 1385 τὰ
439 1359 512 1394 πάθη
539 1359 709 1395 καταληπτά.
737 1360 773 1386 Τὸ
801 1359 866 1394 γὰρ,
890 1359 962 1394 Ἐγὼ

173 1404 302 1439 καίομαι,
319 1404 398 1439 λόγος
414 1404 457 1441 ἦν,
476 1406 522 1432 καὶ
534 1406 564 1432 οὐ
579 1406 673 1438 πάθος.
696 1405 776 1432 Ἀλλὰ
792 1405 844 1441 μὴν
855 1405 960 1440 ἀνάγκη

174 1454 207 1484 γε
221 1451 285 1487 τρία
300 1451 385 1479 ταῦτα
398 1453 621 1487 συνυφίστασθαι,
638 1453 668 1479 τό
681 1462 710 1478 τε
725 1452 810 1483 πάθος
827 1452 903 1484 αὐτὸ,
914 1452 961 1478 καὶ

175 1497 205 1523 τὸ
221 1497 324 1530 ποιοῦν,
341 1498 387 1525 καὶ
403 1498 434 1525 τὺ
449 1498 562 1534 πάσχον.
586 1499 614 1525 '0
629 1499 718 1525 τοίνυν
732 1497 962 1534 ἀντιλαμϐανόμε-

174 1551 219 1574 νος
230 1542 277 1568 τοῦ
291 1543 392 1574 πάθους
408 1542 517 1574 πάντως
531 1542 727 1570 αἰσθάνοιτ’ἄν.
742 1543 778 1569 Οὐ
793 1542 847 1579 γὰρ
863 1542 906 1578 δὴ,
919 1542 961 1569 ὅτι
975 1555 997 1585 C

176 1588 236 1623 μὲν,
253 1588 277 1614 εί
291 1588 376 1623 τύχοι,
395 1588 569 1624 Θερμαίνεται
580 1590 698 1624 γνωριεῖ,
717 1588 831 1623 πότερον
845 1587 867 1614 δ’
880 1587 960 1619 αὐτὸς

174 1633 192 1668 ἢ
206 1634 220 1659 ὸ
233 1633 340 1667 γείτων,
358 1634 485 1670 ἀγνοήσει
498 1643 504 1649 ·
519 1634 566 1660 καὶ
580 1634 627 1661 νῦν
642 1634 658 1670 ἢ
676 1634 793 1669 πέρυσι·
813 1634 860 1660 καὶ
881 1633 961 1669 Ἀθή-

174 1687 251 1715 νῃσιν
264 1679 280 1715 ἢ
297 1681 324 1706 ἐν
344 1680 473 1715 Αίγύπτῳ
483 1689 489 1695 ·
504 1680 550 1707 καὶ
569 1680 622 1713 ζῶν
635 1680 651 1716 ἢ
666 1680 782 1712 τεθνεώς
792 1689 798 1695 ·
822 1680 861 1706 ἔτι
875 1679 903 1706 δὲ
919 1679 961 1706 ἇν-

175 1725 282 1761 Ορωπος
295 1725 332 1752 ὢν
378 1726 460 1757 λίθος.
479 1726 582 1753 Οὐκοῦν
599 1726 701 1752 εἴσεται
722 1726 768 1753 καὶ
786 1726 830 1760 ὑφ’
849 1723 879 1752 οὗ
906 1725 959 1752 πάα

175 1781 243 1808 σχει.
261 1773 317 1800 Καὶ
331 1773 383 1809 γὰρ
396 1773 525 1809 ἀλλήλους
536 1773 710 1809 γνωρίζουσι,
729 1774 776 1800 καὶ
800 1773 889 1805 ὁδοὺς,
913 1773 960 1799 καὶ

174 1819 276 1852 πόλεις,
291 1821 336 1846 καὶ
350 1820 398 1856 τὴν
415 1821 526 1855 τροφήν.
543 1821 572 1845 Οἱ
589 1820 610 1846 δ’
627 1818 661 1846 αὖ
676 1822 794 1855 τεχνῖται
817 1819 852 1846 τὰ
876 1820 959 1855 ἐργα-

173 1866 233 1893 λεῖα
246 1865 280 1893 τὰ
305 1867 392 1893 αὐτῶν
407 1867 503 1893 οἴδασι.
520 1867 574 1893 Καὶ
590 1867 615 1893 οἱ
646 1867 733 1902 ἰατροὶ
763 1867 809 1893 καὶ
839 1867 959 1893 ναυτικοὶ

174 1912 349 1947 σημειοῦνται
365 1913 399 1939 τὰ
412 1912 550 1948 μέλλοντα.
571 1913 626 1939 Καὶ
643 1913 697 1939 τῶν
715 1912 817 1948 θηρίων
837 1914 861 1939 οἱ
880 1912 958 1944 κύνες

171 1956 329 1993 εὑρίσκουσι
355 1959 417 1990 τοὺς
437 1958 552 1990 στίϐους.
574 1959 634 1985 Ἔτι
652 1968 683 1992 γε
708 1959 761 1995 μὴν
782 1960 795 1984 ὁ
809 1959 921 1994 πάσχων
933 1968 959 1985 τι

172 2003 281 2035 πάντως
297 2004 362 2040 ἢὼς
373 2004 472 2031 οἰκείου
489 2005 560 2037 τινος
573 2025 580 2037 ,
596 2005 612 2041 ἢ
633 2005 670 2036 ὡς
693 2005 832 2040 ἀλλοτρίου
856 2005 959 2036 πάθους

171 2050 410 2085 ἀντιλαμϐάνεται.
425 2051 510 2078 Πόθεν
522 2049 567 2078 οὖν
583 2052 638 2084 ἕξει
649 2052 748 2086 λέγειν,
763 2052 803 2078 ὅτι
816 2051 894 2078 τοῦτο
910 2051 959 2086 μέν

171 2097 246 2123 ἐστιν
260 2096 349 2133 ἡδονὴ,
358 2097 436 2124 τοῦτο
445 2098 473 2124 δὲ
486 2098 564 2129 πόνος
576 2106 582 2130 ;
594 2098 610 2133 ἢ
627 2098 667 2124 ὃτι
678 2098 833 2133 γενόμενος,
876 2097 958 2133 ὀρῶν,

171 2141 187 2178 ἦ
203 2142 320 2176 ἀκούων,
334 2144 432 2178 πάσχοι
449 2152 491 2176 τις
506 2144 553 2170 καὶ
566 2145 599 2179 τῇ
613 2143 662 2179 μὲν
676 2143 784 2179 γλώσσῃ
801 2144 958 2178 γενόμενος,

171 2189 226 2220 τοῖς
242 2189 264 2215 δ’
276 2189 396 2225 ὄμμασιν
409 2189 490 2225 ὁρῶν,
514 2191 570 2221 τοῖς
585 2190 607 2216 δ’
623 2189 691 2216 ὠσὶν
707 2189 830 2223 ἀκούων;
849 2190 883 2215 Ἢ
900 2188 959 2221 πῶς

1306 681 1418 709 CAPUT
1438 682 1509 709 XIX.

1014 738 1146 765 Adversus
1158 740 1287 773 Aristippi
1301 744 1455 770 sectatores,
1473 740 1518 774 qui
1533 748 1562 765 ea
1580 739 1657 766 modo
1676 747 1736 774 quw
1754 747 1805 774 1:04

1051 774 1353 809 timur,Uromprchendi
1382 783 1457 808 posse
1485 780 1651 807 statuerunt,
1676 780 1805 809 prwtcrea'

1051 809 1127 835 m'lu'l.
1143 807 1185 835 Ex
1197 810 1297 835 eadem.

1054 852 1223 890 (Deinceps,
1248 855 1347 890 inquit,
1364 863 1411 882 eos
1433 855 1585 887 videamus,
1608 855 1654 889 qui
1673 862 1704 882 ea
1721 856 1806 883 modo

1015 909 1076 936 quze
1091 903 1220 936 patimur,
1237 902 1429 937 comprehendi
1454 910 1535 938 posse
1550 902 1709 930 defendunt.
1726 902 1764 930 Ea
1774 903 1801 930 in

1015 947 1110 976 haeresi
1128 948 1203 976 fuere
1227 948 1349 984 Cyrenaei
1371 950 1494 984 quidam.
1511 948 1531 976 li
1544 949 1584 976 sic
1605 954 1734 984 tanquam
1748 949 1806 977 altri

1014 993 1131 1028 quodam
1150 1002 1247 1029 sopore
1266 995 1409 1030 depressi,
1435 995 1504 1022 nihil
1527 996 1636 1030 penitus
1653 1002 1713 1023 esse
1727 995 1802 1022 diee-

1014 1037 1090 1069 bant.
1112 1038 1164 1065 nisi
1182 1039 1204 1065 si
1221 1039 1284 1073 quis
1300 1039 1413 1074 propius
1434 1039 1548 1066 subiens
1566 1039 1627 1066 illos
1646 1039 1803 1066 verberaret

1015 1091 1046 1110 ac
1059 1083 1173 1111 foderet.
1194 1083 1312 1119 Quippe,
1328 1085 1392 1112 dum
1420 1089 1566 1112 urerentur
1586 1093 1617 1111 ac
1632 1089 1800 1116 secareutur,

1014 1130 1067 1164 pati
1084 1138 1113 1157 se
1129 1130 1242 1164 aliquid,
1255 1131 1306 1158 hoc
1323 1139 1388 1158 vero
1404 1139 1433 1158 se
1449 1139 1549 1164 nosse;
1568 1136 1658 1158 utrum
1674 1131 1745 1166 ignis
1757 1138 1804 1159 θεέ

1013 1178 1055 1200 set
1071 1175 1142 1208 quod
1160 1178 1260 1206 ureret,
1273 1178 1320 1201 aut
1333 1174 1434 1201 ferrum
1448 1175 1520 1209 quod
1543 1179 1658 1207 secaret,
1676 1174 1727 1201 sibi
1747 1181 1801 1200 non

1013 1220 1124 1254 liquere.
1141 1220 1179 1246 Ex
1201 1222 1251 1247 hoc
1267 1220 1407 1248 hominum
1425 1228 1522 1256 genere
1533 1223 1687 1255 qumranius
1700 1220 1726 1247 in
1743 1220 1797 1255 pri-

1014 1265 1076 1296 mis,
1089 1273 1153 1291 num
1170 1265 1196 1292 id
1212 1266 1307 1293 saltem
1324 1266 1407 1300 probe
1422 1266 1524 1298 norint,
1540 1266 1593 1300 pati
1613 1273 1642 1293 se
1657 1273 1690 1293 ac
1701 1265 1801 1292 sentire

1013 1311 1127 1344 aliquid.
1147 1310 1203 1338 Hoc
1226 1312 1263 1338 illi
1280 1312 1302 1338 si
1318 1312 1456 1345 nesciunt,
1481 1319 1622 1346 perperam
1645 1311 1737 1346 utique
1759 1310 1801 1337 di-

1013 1361 1087 1389 cunt,
1110 1358 1182 1392 quod
1198 1359 1337 1393 patiantur
1363 1358 1413 1384 sibi
1432 1362 1526 1384 notum
1545 1365 1615 1385 esse.
1640 1357 1687 1384 Sin
1707 1360 1802 1385 autem

1014 1403 1065 1430 hoc
1080 1404 1245 1439 intelligunt,
1263 1412 1319 1431 non
1340 1412 1371 1431 ea
1398 1404 1478 1431 modo
1503 1412 1564 1438 quae
1581 1404 1698 1438 patimur
1723 1411 1799 1431 com-

1013 1451 1141 1485 prehendi
1150 1455 1276 1485 possunt.
1286 1449 1353 1477 Nam
1366 1450 1455 1477 isthuc
1465 1450 1585 1485 quidem,
1600 1449 1678 1481 Uror,
1686 1450 1799 1484 loquen—

1013 1496 1047 1523 tis
1061 1501 1111 1526 est.
1126 1503 1179 1523 non
1195 1496 1334 1530 patientis.
1357 1495 1490 1522 Praeterea
1515 1495 1595 1522 simul
1612 1495 1669 1523 haec
1684 1496 1735 1522 tria
1748 1502 1799 1530 po-

1013 1546 1113 1569 nantur
1125 1549 1237 1569 necesse
1250 1546 1301 1575 est,
1312 1541 1413 1568 malum
1429 1541 1503 1576 quod
1519 1541 1582 1576 quis
1600 1543 1713 1576 patitur,
1725 1542 1801 1577 quod

1014 1588 1078 1615 illud
1098 1588 1186 1621 all‘ert,
1209 1588 1282 1623 quod
1310 1588 1375 1615 illud
1404 1588 1492 1622 ipsum
1517 1587 1627 1622 patitur.
1653 1587 1799 1615 Enimvero

1013 1635 1059 1669 qui
1089 1634 1189 1662 malum
1212 1634 1319 1666 subeat.
1346 1634 1368 1661 is
1386 1633 1465 1669 plane
1481 1634 1581 1661 sentiat
1606 1638 1722 1669 oportet.
1743 1633 1800 1662 Nec

1013 1681 1086 1708 enim
1104 1680 1237 1715 profecto,
1257 1680 1298 1707 uri
1327 1688 1356 1707 se
1368 1700 1375 1711 ,
1402 1680 1423 1707 si
1441 1679 1511 1707 forte
1537 1684 1630 1707 uretur
1645 1680 1797 1715 intelliget;

1013 1728 1083 1756 idem
1099 1733 1201 1760 tamen,
1222 1727 1314 1762 ipsene
1331 1734 1364 1753 an
1380 1726 1487 1754 vicinus
1515 1731 1621 1760 uratur,
1638 1726 1775 1762 ignorabit
1789 1736 1797 1754 :

1012 1775 1134 1810 adeoque
1158 1782 1242 1806 nunc,
1264 1782 1298 1800 an
1322 1772 1462 1808 superiore
1484 1781 1574 1806 anno;
1593 1773 1708 1801 Athenis
1722 1781 1756 1801 an
1770 1773 1799 1801 in

1013 1821 1147 1856 Egypto;
1160 1821 1289 1847 vivensue
1314 1827 1347 1846 an
1365 1823 1509 1851 mortuus;
1526 1819 1644 1846 homone
1667 1827 1700 1846 an
1718 1819 1798 1855 lapis.

1011 1868 1100 1900 Quare
1124 1867 1205 1893 simul
1233 1867 1314 1893 etiam
1342 1866 1457 1895 noverit.
1483 1873 1499 1892 a
1524 1873 1580 1900 quo
1605 1865 1736 1900 patiatur.
1759 1866 1799 1893 llli

1011 1914 1151 1940 enimvero
1166 1920 1227 1939 cum
1249 1918 1308 1940 sese
1332 1916 1437 1944 mutuo,
1454 1916 1511 1938 tum
1534 1912 1593 1938 vias
1609 1912 1702 1944 etiam,
1717 1912 1799 1939 urbes

1011 1959 1143 1993 cibosque
1160 1963 1272 1984 norunt.
1291 1957 1345 1984 Sua
1369 1963 1478 1991 quoque
1495 1956 1592 1983 artiﬁci
1618 1961 1681 1983 nota
1697 1957 1799 1984 instruo

1012 2008 1102 2029 menta
1121 2006 1194 2029 sunt.
1219 2001 1314 2029 Medici
1341 2009 1373 2028 ae
1402 2002 1441 2028 rei
1470 2002 1587 2028 nauticae
1610 2002 1689 2036 periti
1706 2001 1799 2029 futura

1011 2049 1198 2083 praesentiunt.
1222 2047 1302 2083 765
1319 2048 1385 2080 lmo,
1400 2056 1415 2075 e
1431 2048 1526 2075 bestiis
1542 2048 1624 2075 etiam
1639 2069 1646 2081 ,
1662 2048 1722 2075 vias
1739 2056 1799 2075 eer-

1010 2094 1045 2121 tis
1070 2101 1178 2129 pressas
1207 2094 1328 2129 vestigiis
1353 2101 1435 2121 canes
1455 2094 1602 2129 reperiunt.
1630 2094 1726 2127 Porro,
1752 2095 1799 2130 qui

1010 2140 1113 2175 aliquid
1127 2140 1239 2175 patitur,
1257 2140 1280 2166 is
1297 2139 1375 2173 quasi
1391 2140 1532 2174 proprium
1550 2140 1662 2175 aliquid,
1681 2146 1728 2167 aut
1740 2145 1800 2167 tan-

1011 2195 1092 2221 quam
1107 2187 1224 2214 alienum
1242 2188 1267 2215 id
1286 2186 1382 2215 subeat
1398 2195 1510 2215 necesse
1532 2192 1583 2214 est.
1601 2184 1717 2221 Quinam
1734 2194 1802 2222 ergo-

172 2232 271 2264 ἴσασιν,
283 2233 324 2259 ὅτι
336 2233 391 2260 τοδὶ
403 2234 451 2269 μὲν
467 2234 604 2269 αἱρεῖσθαι
620 2234 699 2269 χρῆν,
718 2235 774 2261 τοδὶ
786 2234 815 2261 δὲ
828 2234 938 2269 φεύγειν
949 2243 956 2266 ;

1014 2233 1119 2265 dixerit,
1137 2233 1299 2268 voluptatem
1315 2234 1439 2265 alteram,
1452 2234 1566 2260 alterum
1580 2234 1701 2261 laborem
1716 2241 1778 2261 esse
1788 2230 1804 2260 ?'

171 2277 203 2304 El
215 2274 242 2304 δὲ
260 2279 342 2314 μηδὲν
357 2279 458 2306 τούτων
472 2282 570 2313 γνοῖεν,
587 2281 636 2316 οὐχ
652 2280 757 2313 ἕξουσιν
778 2280 866 2316 ὁρμὴν
878 2301 885 2312 ,
904 2280 957 2306 οὐδ’

171 2324 261 2360 ὄρεξιν
272 2334 278 2340 ·
298 2325 368 2352 οὕτω
383 2325 404 2352 δ’
420 2326 474 2352 οὐδ’
487 2327 518 2353 ἂν
532 2327 588 2359 ζῶα
605 2326 669 2354 εἷεν.
693 2327 793 2353 Γελοῖοι
810 2327 863 2362 γάρ
878 2328 956 2358 εἰσιν,

170 2367 251 2397 ὁπότε
265 2368 378 2404 λέγοιεν,
399 2372 439 2398 ὅτι
450 2372 536 2399 ταῦτα
552 2373 600 2408 μὲν
618 2373 708 2405 αὐτοῖς
730 2373 911 2408 συμὸἑὸηκεν,
927 2372 958 2398 οὐ

173 2416 227 2452 μὴν
248 2415 319 2442 ἴσασί
341 2424 374 2450 γε
391 2417 449 2448 πῶς
465 2417 512 2443 καὶ
525 2418 585 2444 τίνα
602 2418 711 2453 τρόπον.
728 2416 807 2445 Οὗτοι
836 2418 888 2454 γὰρ
904 2418 958 2445 οὐδ’

172 2462 196 2488 εί
209 2460 345 2498 ἄνθρωποι
361 2461 523 2496 πεφύκασιν,
545 2462 598 2488 οὐδ’
610 2464 634 2489 εἰ
654 2463 747 2495 ζῶσιν,
761 2463 848 2499 ἔχοιεν
862 2463 894 2490 ἂν
922 2464 959 2489 εἰ-

173 2509 249 2534 πεῖν’
276 2508 372 2534 οὐκοῦν
387 2508 440 2535 οὐδ’
457 2509 480 2534 εἰ
507 2508 615 2542 λέγουσί
626 2518 663 2541 τι,
680 2510 725 2536 καὶ
750 2509 957 2544 ἀποφαίνονται.

173 2553 245 2588 Πρὸς
261 2553 292 2589 δὴ
302 2554 365 2585 τοὺς
379 2553 514 2585 τοιούτους
529 2554 570 2586 τίς
593 2554 625 2581 ἂν
641 2555 682 2589 εῐη
703 2554 781 2588 λόγος
794 2563 801 2587 ;
819 2554 959 2590 θαυμάσαι

175 2600 223 2635 μέν
235 2609 275 2631 τις
289 2600 331 2633 ἂν,
350 2601 373 2626 εί
385 2601 510 2634 ἀγνοοῦσι
528 2602 641 2635 πότερον
652 2601 697 2626 ἐπὶ
715 2601 764 2634 τῆς
780 2601 831 2635 γῆς
844 2602 922 2632 εἰσιν,
942 2601 958 2635 ἦ

172 2646 202 2672 ἐν
218 2645 256 2681 τῷ
266 2646 393 2681 οὐρανῷ·
418 2647 507 2681 πολλῴ
528 2647 555 2673 δὲ
582 2647 804 2682 θαυμασιώτερον
818 2667 824 2678 ,
859 2648 882 2673 εἰ
910 2646 959 2672 οὐκ

172 2691 273 2724 οἴδασι,
287 2694 333 2719 καὶ
353 2692 448 2723 ταῦτα,
463 2693 612 2727 φάσκοντες
627 2693 790 2726 φιλοσοφεῖν,
810 2691 864 2728 ἆρά
879 2701 911 2726 γε
927 2692 960 2718 τὰ

173 2737 289 2774 τέτταρα
306 2739 415 2765 πλείονα
428 2740 500 2766 ἐστιν
514 2739 530 2774 ἢ
543 2739 577 2765 τὰ
592 2739 669 2773 τρία·
687 2739 733 2765 καὶ
756 2738 785 2765 τὸ
808 2738 837 2764 ἓν
863 2739 910 2765 καὶ
926 2737 960 2764 τὰ

173 2783 219 2810 δύο
233 2785 304 2812 πόσα
328 2785 409 2812 ἐστίν.
424 2786 491 2811 Οὐδὲ
508 2785 562 2820 γὰρ
578 2785 691 2817 ὁπόσους
717 2784 824 2820 ἔχουσιν
837 2784 883 2811 ἐπὶ
907 2785 960 2810 τῶν

174 2831 272 2866 χειρῶν
288 2831 434 2864 δακτύλους
445 2828 516 2858 οὗτοί
530 2841 561 2866 γε
576 2831 701 2858 δύνανται
717 2832 814 2862 εἰπεῖν,
832 2831 891 2857 οὐδὲ
909 2831 958 2857 πό-

173 2882 250 2913 1599"
263 2877 378 2908 ἕκαστος
388 2878 483 2904 ιαὺτῶν
501 2876 540 2909 εἷς
552 2880 624 2904 ἐστιν
641 2878 657 2912 ἦ
674 2877 789 2909 πλείους.
805 2878 884 2903 ’Ὥστε
899 2878 958 2903 οὐδὲ

316 2935 449 2966 Parnm.
469 2936 526 2966 Gn.
545 2935 631 2966 XXl.

1012 2279 1124 2312 quinam
1141 2284 1187 2305 aut
1202 2284 1294 2313 gustu,
1309 2284 1356 2307 aut
1367 2280 1437 2311 \‘isu,
1455 2284 1503 2306 aut
1519 2280 1613 2306 auditu
1626 2279 1729 2313 aliquid
1739 2286 1799 2307 sese

1013 2324 1088 2358 pati?
1101 2326 1212 2358 quinam
1227 2330 1338 2360 gustare
1351 2332 1380 2353 se
1396 2325 1499 2360 lingua,
1521 2326 1613 2352 ridere
1626 2325 1713 2353 oculis
1724 2347 1731 2358 ,
1750 2333 1801 2353 au-

1013 2369 1088 2396 ribus
1103 2364 1250 2397 eiaudire?
1262 2371 1379 2406 Aut,qui
1389 2371 1496 2398 tandem
1508 2370 1656 2405 optandum
1671 2371 1799 2402 alterum,

1012 2415 1125 2442 alterum
1138 2415 1295 2451 fugiendum
1307 2424 1368 2444 esse
1375 2417 1560 2452 cognoscunt?
1567 2416 1689 2450 Quorum
1702 2417 1723 2444 si
1733 2417 1801 2444 nihil

1013 2461 1064 2496 ipsi
1080 2466 1197 2495 norunt,
1213 2470 1247 2489 ne
1260 2462 1389 2497 impetum
1405 2463 1513 2497 quidem
1529 2463 1614 2490 ullum
1636 2467 1683 2490 aut
1695 2464 1799 2498 appeti-

1012 2512 1069 2534 tum
1087 2508 1197 2539 habent,
1214 2516 1245 2535 ac
1261 2509 1375 2543 proinde
1391 2516 1441 2535 nec
1467 2509 1620 2536 animantia
1639 2514 1712 2536 sunt.
1730 2509 1798 2536 Nam

1012 2554 1125 2581 ridicule
1141 2553 1262 2589 profecto
1277 2554 1436 2589 loquuntur,
1451 2555 1515 2582 dum
1539 2555 1626 2587 aiunt,
1640 2563 1672 2582 ea
1689 2556 1800 2590 quidem

1013 2600 1064 2626 sibi
1076 2601 1195 2633 evenire,
1207 2601 1252 2634 qui
1265 2604 1355 2627 tamen
1366 2604 1412 2628 aut
1422 2601 1653 2636 quemadmodum
1662 2602 1803 2635 eVeniant,‘

1014 2651 1044 2671 se
1065 2645 1179 2672 aest-ire.
1197 2644 1248 2677 Qui
1269 2645 1341 2672 enim
1356 2645 1490 2679 ejusmodi
1512 2651 1592 2678 sunt,
1608 2646 1626 2672 ii
1640 2654 1690 2673 nec
1708 2651 1802 2674 utrum

1013 2691 1139 2718 homines
1155 2692 1219 2724 sint,
1235 2699 1285 2719 nec
1300 2695 1391 2719 utrum
1409 2693 1513 2725 vivant,
1529 2692 1663 2720 affirmare
1681 2694 1800 2728 possint,

1014 2738 1137 2772 adeoquo
1154 2745 1204 2764 nec
1222 2741 1314 2764 utrum
1336 2738 1438 2773 aliquid
1459 2738 1606 2772 loquantur
1618 2746 1650 2765 ac
1667 2743 1799 2766 statuant.

1014 2784 1083 2811 Cum
1100 2784 1150 2810 hoc
1167 2783 1249 2818 igitur
1266 2784 1408 2811 hominum
1433 2792 1540 2818 genere,
1555 2785 1712 2813 commercii
1735 2785 1804 2820 quid

1015 2830 1126 2857 omnino
1143 2837 1203 2857 csse
1217 2830 1326 2864 possit?
1351 2829 1382 2857 Et
1395 2829 1504 2864 quidem
1527 2830 1627 2857 mirum
1640 2830 1702 2865 jure
1713 2829 1802 2858 videa-

1017 2882 1070 2910 tur,
1089 2884 1136 2904 eos
1155 2876 1307 2909 in-ecelone,
1322 2884 1356 2903 an
1369 2876 1395 2902 in
1407 2880 1479 2904 terra
1489 2881 1643 2909 versentur,
1655 2877 1779 2911 ignorare
1791 2877 1804 2902 2'

1634 2934 1674 2963 Ιιθ
