2061 3210
252 169 264 195 1
269 169 320 196 259

573 168 708 196 EUSEBH
725 167 963 196 CAESARIENSIS
980 168 1054 196 OPP.
1074 168 1166 196 PARS
1182 168 1213 196 ll.
1235 183 1271 190 -—
1284 168 1531 198 APOLOGETICA.

1805 171 1817 196 Ι
1822 170 1876 198 26ιί

249 233 279 256 at
289 228 368 264 longe
380 227 532 255 mirabi‘lius
544 230 595 260 est,
615 235 676 254 cum
694 227 881 262 philosophari
896 236 925 255 se
943 227 1037 254 defen-

1092 227 1205 263 τοῦνομα
1220 228 1250 254 τὸ
1262 228 1324 255 ἴδιον
1341 229 1420 255 εἰὸεἰν
1432 229 1475 261 ἂν,
1489 229 1549 255 οὐδὲ
1563 229 1612 264 τὴν
1630 229 1754 265 πατρίδα,
1767 231 1816 256 καὶ
1830 230 1878 257 τὸν

249 276 326 308 dant,
342 283 396 303 non
415 275 564 309 intelligere
588 278 690 306 tamen,
711 274 801 301 sintne
816 279 935 309 quatuor
960 274 1038 309 plura

249 329 333 357 quam
351 321 402 349 tria
419 330 425 347 ε
443 328 527 348 unum
543 324 625 355 atque
646 319 701 347 duo
717 325 785 355 quot
802 321 866 347 sint.
882 320 949 347 Nam
974 325 1040 355 quot

251 369 277 395 in
293 368 419 395 manibus
442 367 541 402 digitos
562 366 689 399 habeant,
706 370 753 394 aut
768 366 838 394 sitne
852 366 951 393 horum
976 366 1039 401 qui-

243 414 314 442 'libet
338 421 409 441 unus
439 421 472 440 an
497 413 600 448 plures,
624 412 738 439 delinire
755 415 828 439 certe
841 419 895 439 non
913 417 1038 447 possunt.

249 459 288 487 ita
303 467 337 487 ne
352 467 452 487 nomen
467 459 578 494 quidem
594 458 647 494 ipsi
664 466 745 486 suum
762 459 903 490 noverint,
922 466 972 486 nec
993 466 1040 493 pa-

249 506 342 538 triam,
369 513 420 533 nec
447 505 617 540 Aristippum
641 514 647 531 :
668 512 719 532 nec
747 504 854 532 ullosne
880 508 989 535 ament,
1005 512 1040 531 an

250 550 369 583 oderint,
396 558 432 577 an
458 550 678 585 concupiscant:
703 550 820 582 rideant,
838 558 872 577 an
890 550 1041 585 lacrymen-

248 600 311 628 tur;
326 595 449 630 adeoque
461 594 695 630 sitnejucundum
716 595 783 629 hoc,
799 595 945 623 molestum
962 596 1040 628 illud,

247 641 428 676 pronuntiare
460 648 516 668 non
542 641 659 676 possint.
685 641 801 669 Constat
832 642 915 677 igitur
946 642 1039 678 ipsos,

248 693 342 716 utrum
359 689 440 716 etiam
460 688 564 724 aliquid
586 688 639 716 hoc
652 692 774 723 tempore
788 689 943 723 loquamur,
961 689 1040 723 igno-

248 741 313 762 rare
330 744 336 761 :
355 739 437 770 atque
451 734 490 762 ita
504 734 556 762 bos
570 735 640 762 inter
663 738 691 762 et
706 734 808 762 culices
822 738 904 770 atque
918 741 1039 767 muscas,

248 781 362 809 interest
375 781 488 808 omnino
512 781 594 812 nihil,
621 780 731 808 tametsi
745 788 806 816 quae
825 785 930 808 naturae
944 781 1039 808 saltent

249 827 415 855 conveniant
427 835 501 859 suae,
519 827 622 855 culices
645 835 802 862 muscmque
829 831 939 854 norunt.
958 836 967 853 ι
986 826 1040 854 Ve-

248 882 310 904 rum
325 874 394 908 haec,
408 881 441 901 ex
455 873 570 902 infinitis
584 882 645 909 qua:
660 874 750 909 urgeri
774 873 891 909 possint,
908 874 1040 901 adversus

248 920 317 948 istos
339 920 411 948 dicta
438 919 583 948 suiliciant.
613 919 755 955 Sequitur,
781 924 811 947 ut
826 927 922 948 eorum
946 920 1039 952 etiam,

248 965 295 999 qui
311 965 478 992 contrariam
496 966 627 993 insistunt
642 965 713 993 viam
725 985 732 997 ,
757 967 840 1000 atque
863 965 890 992 in
912 965 1040 993 omnibus

248 1011 328 1038 iidem
348 1010 475 1038 sensibus
492 1011 646 1038 habendam
663 1019 725 1039 esse
754 1010 916 1043 defendunt,
932 1017 1041 1039 senten—

251 1057 315 1085 tiam
331 1058 516 1092 exploremus.
533 1056 636 1084 Horum
653 1065 668 1085 e
680 1065 795 1085 numero
816 1062 882 1085 sunt
905 1058 1041 1086 Metrodo-

249 1111 296 1130 rus
310 1103 397 1130 Chius
408 1124 415 1136 ,
434 1108 461 1131 et
484 1103 648 1139 Protagoras
664 1103 804 1131 Abderita.
824 1104 857 1131 Et
870 1104 1041 1132 Metrodorus

248 1149 369 1183 quidem,
386 1153 417 1176 ut
431 1149 518 1181 aiunt,
538 1148 684 1176 Democriti
714 1149 822 1176 auditor
844 1149 905 1181 fuit,
918 1157 950 1177 ac
966 1151 1041 1185 prin-

249 1195 321 1230 cipia
337 1194 402 1228 duo,
417 1194 529 1229 plenum
547 1199 574 1221 et
593 1202 711 1221 vacuum
729 1194 821 1230 posuit
838 1203 844 1221 :
859 1202 874 1222 e
887 1195 987 1229 quibus
1001 1195 1041 1223 al-

250 1247 338 1268 terum
355 1241 421 1268 illud
436 1248 507 1273 esse,
532 1240 648 1268 alterunt
674 1248 728 1269 non
751 1248 812 1268 esse
827 1241 945 1269 dicebat.
962 1241 988 1270 ls
1007 1241 1040 1269 de

250 1293 347 1315 natura
361 1288 516 1322 scripturus
527 1295 591 1315 cum
604 1291 688 1321 esset,
705 1288 757 1316 hoc
770 1287 905 1315 orationis
916 1291 959 1316 est
973 1296 1040 1316 usus

250 1333 390 1368 ingressu:
410 1341 420 1358 ι
432 1332 517 1360 Nemo
533 1340 657 1360 nostrum
675 1333 824 1368 quidquam
840 1333 976 1366 novit;ne
988 1333 1040 1361 hoc

249 1380 339 1414 ipsum
355 1379 465 1414 quidem
488 1385 580 1407 utrum
595 1380 698 1414 aliquid
716 1380 886 1412 noverimus,
915 1387 1009 1408 necne.
1027 1390 1037 1407 1

247 1425 308 1458 Quo
321 1433 355 1453 ex
370 1426 430 1461 ejus
443 1426 566 1461 ingressu
578 1425 725 1460 pessimam
736 1425 834 1452 deinde
850 1425 986 1453 recentior
995 1426 1040 1453 ille

249 1471 355 1508 Pyrrho
370 1472 510 1500 dubitandi
527 1479 622 1499 ansam
634 1471 760 1506 arripuit.
771 1471 853 1507 766
867 1472 901 1498 At
916 1479 1038 1507 progres-

249 1526 296 1545 sus
315 1518 384 1546 idem
394 1518 518 1552 ulterius,
531 1518 556 1544 id
569 1525 630 1545 esse
644 1518 736 1545 omnia
753 1517 859 1550 statuit,
875 1518 948 1552 quod
962 1517 1040 1553 quis-

250 1573 303 1599 que
320 1565 461 1599 intelligat.
476 1563 655 1599 Protagoram
669 1564 742 1598 quod
759 1564 867 1597 attinet,
880 1565 991 1592 atheum
1005 1565 1039 1592 il-

1099 274 1283 308 Ἀρίστιππον.
1299 274 1403 300 Οὐκοῦν
1413 275 1472 301 οὐδὲ
1486 275 1561 306 τίνας
1569 274 1689 308 φιλοῦσιν
1703 276 1720 311 ἢ
1740 275 1875 310 μισοῦσιν,

1091 319 1150 345 οὐδὲ
1167 319 1246 346 τίνων
1262 320 1438 356 ἐπιθυμοῦσιν
1450 329 1456 335 δ
1473 320 1527 347 οὐδ’
1544 322 1568 347 εἰ
1583 321 1725 355 γελάσαιεν
1744 322 1761 357 ἢ
1777 321 1878 357 δακρύ-

1092 374 1177 397 σαιεν,
1195 365 1301 398 ἕξουσιν
1317 368 1419 399 εἰπεῖν,
1435 367 1489 394 οὐδ’
1505 368 1545 394 ὅτι
1558 367 1588 394 τὸ
1601 368 1649 403 μὲν
1662 368 1704 403 εἴη
1719 369 1832 403 γελοῖον,
1848 369 1878 395 τὺ

1091 413 1118 438 δὲ
1131 412 1261 449 λυπηρόν.
1276 413 1359 449 Δῆλον
1368 411 1413 440 οὖν
1425 413 1462 445 ὡς
1475 413 1533 440 οὐδὲ
1548 414 1573 440 τί
1583 414 1643 440 νυνὶ
1657 414 1772 450 λέγομεν
1786 416 1876 450 ἡμεῖς,

1093 459 1224 485 συνίασιν.
1240 459 1322 486 Οὐδὲν
1340 457 1385 486 οὖν
1398 460 1465 494 οἵγε
1482 459 1595 486 τοιοῦτοι
1613 460 1765 496 διαφέροιεν
1780 461 1813 487 ἂν
1827 461 1877 496 ἐμ-

1091 505 1207 540 πίδωνῆ
1227 505 1325 541 μυιῶνσ
1349 506 1436 533 καίτοι
1460 506 1573 533 κάκεῖνα
1589 506 1717 542 γνωρίζει
1747 507 1782 533 τὰ
1808 507 1879 534 κατὰ

1092 550 1197 584 φύσιν.)
1208 551 1317 587 Πρὺςδὴ
1330 553 1392 584 τοὺς
1405 552 1475 579 οὕτω
1487 553 1682 589 διακειμένους,
1695 554 1718 580 εἰ
1733 554 1779 580 καὶ
1796 553 1879 590 μυρία

1092 596 1180 630 λέγειν
1196 596 1309 630 ἔνεστιν,
1332 597 1389 624 ἀλλ’
1406 598 1486 634 ἀρκεῖ
1512 608 1544 634 γε
1569 600 1616 626 καὶ
1639 599 1735 626 ταῦτα.
1764 599 1878 625 ’Ἑπεται

1091 643 1195 675 τούτοις
1208 641 1265 673 οὖν,
1283 643 1457 676 συνεξετάσαι
1471 645 1519 671 καὶ
1533 646 1597 677 τοὺς
1608 645 1656 680 τὴν
1667 645 1790 672 ἐναντίαν
1807 645 1879 680 βαδί-

1092 688 1197 721 ζοντας,
1214 689 1260 715 καὶ
1276 690 1365 716 πάντα
1379 691 1474 725 χρῆναι
1492 691 1629 717 πιστεύειν
1643 693 1703 722 ταῖς
1717 690 1764 717 τοῦ
1783 691 1878 726 σώμα-

1092 743 1137 766 τος
1148 734 1305 770 αἰσθήσεσιν
1327 735 1523 771 ὁρισαμένους,
1544 733 1581 763 ὧν
1599 734 1668 763 εἶναι
1697 737 1879 772 Μητρόδωρον

1091 781 1136 807 τον
1153 782 1227 813 Χῖον,
1245 781 1291 808 καὶ
1306 782 1490 818 Πρωταγόραν
1506 782 1551 809 τὸν
1575 783 1745 818 Ἀϐδηρίτην.
1763 783 1816 809 Τὸν
1830 782 1878 818 μὲν

1092 826 1138 854 οὖν
1150 828 1330 864 Μητρόδωρον
1347 829 1517 864 Δημοκρίτου
1530 828 1633 863 ἔφασαν
1648 829 1794 864 ἀκηκοέναι
1806 838 1812 843 ·
1831 829 1879 864 ἀρ-

1092 874 1142 910 χὰς
1154 874 1181 900 δὲ
1197 874 1386 909 ἀποφήνασθαι
1399 874 1428 901 τὸ
1447 870 1609 910 πλῆρεςὶαί
1626 874 1657 900 τὸ
1678 874 1755 901 κενόν
1767 883 1773 888 ·
1798 871 1836 901 ὧν
1849 874 1880 901 τὸ

1096 919 1145 954 μὲν
1161 919 1202 951 ὃν,
1216 918 1246 945 τὸ
1265 919 1293 945 δὲ
1314 919 1350 954 μὴ
1363 919 1392 946 ὃν
1407 917 1486 946 εἶναι.
1505 920 1618 956 Γράφων
1635 920 1666 954 γέ
1689 929 1730 946 τοι
1751 920 1815 956 περὶ
1830 919 1882 954 φύ-

1096 973 1174 996 σεως,
1192 964 1299 1000 εἰσϐολῇ
1317 966 1452 1000 ἐχρήσατο
1468 959 1579 1002 τὸιαύτῃ
1589 974 1595 980 ·
1613 975 1621 991 t
1636 966 1729 997 Οὐδεὶς
1833 965 1879 992 οὒ-

1094 1011 1138 1037 δὲν
1154 1009 1233 1044 οἶδεν,
1246 1011 1300 1051 ούδξ
1318 1012 1382 1038 αὐτὸ
1399 1011 1478 1038 τοῦτο
1505 1012 1618 1046 πότερον
1644 1012 1754 1047 οἴδαμεν
1766 1033 1774 1043 ,
1790 1012 1806 1047 ἦ
1831 1012 1882 1039 οὐχ

1094 1057 1211 1092 οἴδαμεν.
1232 1068 1240 1082 ι
1258 1058 1336 1089 Ἥτις
1350 1057 1457 1094 εἰσϐολὴ
1472 1058 1560 1090 κακὰς
1582 1058 1681 1084 ἔδωκεν
1698 1058 1826 1094 ἀφορμὰς
1841 1058 1882 1093 τῷ

1096 1104 1165 1138 μετὰ
1193 1103 1278 1130 ταῦτα
1307 1104 1445 1139 γενομένῳ
1458 1104 1593 1140 Πύρρωνι.
1619 1104 1726 1140 Προϐὰς
1741 1104 1769 1131 δέ
1787 1113 1879 1140 φησιν.

1094 1149 1134 1175 ὅτι
1149 1150 1237 1176 πάντα
1250 1151 1333 1182 ἐστὶν,
1347 1150 1361 1176 ὂ
1373 1150 1404 1177 ἄν
1420 1159 1461 1182 τις
1474 1151 1578 1186 νοήσαι.
1592 1151 1643 1176 Τὸν
1655 1151 1683 1177 δὲ
1695 1151 1881 1186 Πρωταγόραν

1094 1195 1172 1229 λόγος
1188 1196 1242 1231 ἔχει
1258 1196 1405 1231 κεκλῆσθαι
1415 1197 1503 1224 ἄθεον.
1521 1197 1635 1232 Γράψων
1645 1198 1676 1231 γέ
1687 1206 1727 1223 τοι
1743 1197 1790 1223 καὶ
1800 1196 1881 1228 αὐτὸς

1094 1243 1163 1276 Περί
1180 1241 1265 1274 θεῶν,
1277 1242 1383 1278 εἰσϐολῇ
1400 1243 1488 1279 τοιᾷδε
1504 1244 1648 1279 ἐχρήσατοο
1667 1253 1675 1268 ι
1691 1243 1758 1279 Περὶ
1773 1243 1823 1278 μὲν
1834 1241 1881 1270 οὖν

1094 1288 1163 1315 Θεῶν
1176 1290 1226 1315 οὐκ
1241 1287 1309 1321 οἶδα,
1324 1289 1380 1316 οὗθ’
1398 1289 1435 1320 ὣς
1446 1290 1525 1321 εἰσιν,
1540 1289 1594 1316 οὐθ’
1611 1289 1696 1315 ὀποῖοί
1707 1298 1779 1320 τινες
1797 1288 1879 1315 ἰδέαν.

1095 1336 1183 1363 Πολλὰ
1196 1337 1250 1372 γάρ
1263 1338 1321 1363 ἐστι
1334 1337 1368 1364 τὰ
1382 1337 1518 1364 κωλύοντά
1536 1346 1569 1372 με
1588 1337 1702 1363 ἕκαστον
1726 1336 1828 1363 τούτων
1843 1336 1883 1362 εζ-

1093 1383 1177 1410 δέναι.
1207 1393 1216 1409 ι
1235 1383 1335 1410 Τοῦτον
1358 1384 1492 1419 Ἀθηναῖοι
1519 1385 1590 1418 φυγῇ
1614 1382 1811 1418 ζημιώσαντες,
1831 1382 1882 1414 τὰς

1095 1428 1202 1463 βίϐλους
1221 1429 1303 1455 αὑτοῦ
1325 1429 1441 1465 δημοσίᾳ
1456 1430 1484 1455 ἐν
1501 1430 1571 1465 μέσῃ
1588 1430 1620 1464 τῇ
1638 1429 1724 1464 ἁγορᾷ
1745 1428 1883 1455 κατέκαυ-

1095 1483 1153 1500 σαν.
1179 1475 1255 1501 Ἐπεί
1272 1473 1317 1501 οὖν
1334 1475 1386 1501 οἵδε
1401 1475 1495 1510 μόναις
1511 1476 1566 1501 δεῖν
1582 1475 1685 1509 ἔφασαν
1700 1475 1760 1506 ταῖς
1786 1473 1884 1509 αἰσθή-

1095 1529 1153 1547 σεσι
1174 1521 1320 1553 πιστεύειν,
1334 1521 1382 1553 τὰς
1400 1521 1467 1556 πρὸς
1479 1521 1577 1553 αὐτοὺς
1591 1513 1763 1556 ἀντιρῤήσεις
1779 1519 1884 1546 θεασώ-

1095 1566 1175 1601 μεθα.

249 1612 306 1646 lum
319 1613 423 1640 dictum
438 1620 499 1640 esse
516 1613 636 1640 tradunt.
652 1612 724 1640 Sane
742 1612 785 1640 his
815 1612 861 1640 ille
890 1613 981 1640 verbis
1003 1620 1079 1641 suam
1100 1614 1138 1641 De
1167 1615 1219 1642 diis
1248 1615 1459 1650 diSputationem
1483 1615 1661 1650 auspicatur,
1691 1623 1700 1640 ι
1718 1613 1815 1641 Sintne
1831 1612 1884 1645 dii,

250 1668 346 1693 necne,
362 1665 410 1687 aut
420 1667 502 1695 quam
520 1659 538 1686 ii
555 1659 672 1694 speciem
684 1658 815 1692 habeant,
829 1659 941 1692 nescio;
955 1659 1039 1686 multa
1059 1664 1123 1687 sunt
1136 1660 1220 1692 enim,
1233 1668 1294 1696 quae
1309 1669 1363 1692 me,
1390 1661 1538 1696 quominus
1567 1660 1648 1687 trium
1677 1659 1773 1687 horum
1801 1656 1883 1694 q'uid-

249 1706 315 1734 libet
340 1704 483 1738 noverim,
511 1703 670 1739 impediant.
715 1713 724 1729 ›
757 1702 845 1739 Hujus
884 1702 1064 1732 Athenienses
1084 1705 1181 1732 exsilio
1192 1706 1248 1740 jam
1275 1706 1396 1734 damnati
1422 1706 1506 1734 libros
1530 1706 1636 1741 publice
1669 1705 1759 1733 medio
1774 1704 1801 1731 in
1823 1704 1884 1732 foro

250 1752 472 1781 cembusserunt.
502 1750 555 1778 Sed
582 1750 711 1786 quoniam
739 1751 807 1779 solis
833 1750 879 1778 isti
906 1751 1033 1778 sensibus
1063 1752 1228 1780 credendum
1261 1759 1322 1781 esse
1354 1753 1493 1784 dixerunt,
1511 1753 1611 1787 quibus
1627 1751 1785 1779 refellantur
1800 1759 1883 1786 argu-

250 1798 350 1826 mentis
367 1798 517 1825 videamus.

538 1844 652 1872 CAPUT
672 1844 733 1871 XX.

249 1904 381 1930 Aduersus
403 1902 596 1935 Metrodorum,
625 1907 650 1929 et
677 1901 867 1938 Protagoram,
899 1903 944 1937 qui
974 1903 1038 1930 solis

285 1939 406 1966 sensibus
425 1937 585 1965 credendum
596 1946 651 1965 esse
669 1937 804 1965 dicebant.
828 1937 870 1964 Ea:
883 1938 983 1968 eodem.

287 2037 296 2054 ι
313 2026 410 2060 Fuere,
426 2027 526 2062 inquit,
538 2026 664 2054 nonnulli
678 2031 820 2062 praeterea,
844 2027 892 2062 qui
912 2027 1040 2055 sensibus

248 2078 356 2101 tantum
371 2078 454 2108 atque
481 2072 549 2100 visis
567 2072 647 2100 ﬁdem
672 2072 855 2100 adhibendam
883 2080 943 2101 esse
966 2073 1039 2100 dice-

248 2125 319 2147 rent.
341 2119 397 2147 Nec
413 2119 525 2152 desunt,
537 2119 586 2155 qui
609 2118 699 2146 simile
726 2119 792 2155 quid
809 2119 844 2146 ab
859 2118 983 2146 Homero
998 2120 1039 2145 in-

247 2166 388 2194 sinuatum
413 2173 475 2193 esse
502 2165 596 2197 velint,
615 2173 678 2193 cum
695 2164 834 2193 Oceanum
859 2173 951 2193 rerum
980 2173 1041 2193 om-

247 2212 324 2240 nium
354 2211 518 2247 principium
542 2213 662 2245 vocavit,
690 2211 763 2246 quod
785 2219 829 2240 res
850 2212 878 2239 in
908 2216 1041 2247 perpetuo

248 2259 367 2293 quodam
397 2258 471 2286 ﬂuxu
486 2262 640 2286 versentur.
676 2257 734 2285 Hoc
761 2258 850 2292 ipsum
869 2257 1040 2285 Metrodorus

247 2303 332 2332 Chius
348 2308 509 2337 asseverat;
533 2304 669 2339 planeque
694 2311 725 2331 ac
751 2303 853 2331 diserte
876 2303 1040 2338 Protagoras

247 2350 388 2377 Abderita.
419 2349 567 2377 Hominem
584 2350 657 2377 enim
674 2357 766 2377 rerum
787 2349 910 2377 omnium
927 2357 1040 2380 mensua

247 2404 306 2424 ram
324 2404 385 2424 esse
400 2396 476 2428 vult;
490 2400 625 2423 utearum
637 2403 698 2430 quae
713 2400 791 2428 sunt,
806 2395 1039 2430 quemadmodum

248 2443 301 2471 illa;
311 2443 376 2475 sint,
393 2443 430 2470 ita
443 2450 538 2470 earum
556 2449 617 2476 qua:
633 2449 689 2469 non
713 2446 788 2474 sunt,
805 2440 1039 2476 quemadmodum

249 2492 316 2525 ipsa:
331 2499 385 2518 non
402 2491 467 2518 sint.
489 2488 650 2523 Cujusmodi
667 2488 740 2516 enim
754 2488 887 2523 quidlibet
900 2491 1038 2522 appareat,

249 2534 384 2572 ejusmodi
399 2537 481 2575 etiam
498 2535 565 2562 illud
591 2542 661 2562 esse.
689 2534 727 2561 De
744 2534 860 2565 caneris,
875 2533 1005 2560 alllrmari
1025 2540 1040 2559 a
1057 2529 1080 2557 D

248 2583 328 2610 nobis
343 2588 417 2621 certo
430 2582 497 2610 nihil
514 2589 607 2617 posse.
628 2580 735 2614 Quibus
761 2581 860 2607 merito
881 2580 975 2607 eadem
991 2579 1041 2606 ob—

285 2660 324 2696 (5)
350 2661 377 2687 '0
395 2660 530 2688 Πλάτων.
548 2659 638 2686 Locus
652 2663 741 2696 castat
757 2659 783 2686 in
800 2658 941 2696 Thewteto,
952 2658 1039 2691 p.118

249 2693 348 2729 Ficini,
359 2696 396 2727 D,
415 2696 461 2723 ubi
474 2699 619 2730 postquam
635 2702 649 2721 a
670 2694 818 2729 Protagora
841 2693 977 2730 hominem
998 2701 1040 2720 re-

251 2737 310 2756 rum
332 2732 454 2758 omnium
472 2729 628 2757 mensuram
646 2730 773 2759 constitui
789 2729 898 2761 docuit,
923 2729 958 2755 ita
976 2736 1040 2763 pro-

251 2766 395 2799 sgquiture
415 2765 519 2792 Οὐκοῦν
535 2765 606 2791 οὕτω
619 2773 677 2796 πως
693 2765 766 2799 λέγει
784 2763 980 2799 (Protagoras),
995 2764 1039 2794 Ὠς

252 2797 298 2840 eici
307 2802 372 2840 μὲν,
384 2801 487 2840 Escae-ra
509 2800 579 2840 titul;
594 2797 735 2840 φαίνεταιζ
759 2797 870 2840 τοιαῦτα
880 2797 944 2840 μέν
962 2797 1039 2840 ἐστιν

253 2833 330 2867 ἐμοί’
346 2834 389 2861 οἶα
400 2836 428 2861 δέ
443 2844 493 2865 σοι,
505 2833 615 2861 τοιαῦτα
630 2833 662 2861 αὖ
676 2844 725 2862 σοι.
745 2833 904 2869 ’Ἂνῡρωπος
915 2834 942 2859 δὲ
956 2833 987 2859 σύ
998 2841 1038 2863 τε,
1052 2834 1054 2836 ’

251 2870 339 2902 κ’ὰγώ.
357 2870 425 2896 Tum
450 2871 587 2897 hominem
612 2871 647 2896 ita
672 2870 782 2901 refellit,
802 2868 864 2905 Ἆρ’
882 2870 932 2896 οὐκ
953 2869 1039 2905 ἐνίοτε

251 2905 377 2935 πνέοντος
392 2906 492 2933 ἀνέμου
511 2905 556 2932 τοῦ
570 2905 651 2931 αὐτοῦ
663 2924 669 2933 ,
694 2907 707 2931 ὁ
725 2906 772 2932 μὲν
786 2903 862 2932 ἡμῶν
881 2905 950 2930 divo?
960 2925 967 2930 .
984 2905 998 2930 ὀ
1012 2903 1038 2929 δὲ

1358 1840 1556 1868 ΚΕΦΑΛΔΙΟΝ
1576 1841 1619 1867 Κ’.

1091 1901 1169 1936 Πρὸς
1182 1901 1257 1940 tot“;
1266 1899 1333 1933 περὶ
1348 1898 1545 1940 Μητρόδωρον
1559 1895 1883 1940 ῌρῳζαηιξρᾳϊ-ιίό-

1125 1930 1191 1969 Win;
1211 1930 1274 1962 δεῖν
1287 1930 1442 1962 εέιστεύεὶν
1462 1930 1527 1965 τάῐς
1543 1931 1705 1964 αἰσθήσεσι
1724 1930 1881 1965 λέγοντας.

1132 1971 1199 1999 Ἀπὸ
1215 1971 1267 1998 τοῦ
1285 1969 1390 1997 αὐτοῦ.

1128 2040 1136 2056 ε
1155 2029 1284 2064 Γεγόνασι
1303 2027 1331 2054 δέ
1347 2035 1429 2058 τινες,
1446 2027 1471 2052 οἰ
1489 2024 1626 2058 ἀξιοῦντες
1639 2024 1674 2058 τῇ
1692 2021 1817 2057 αἰσθήσει
1834 2021 1881 2047 καὶ

1089 2079 1148 2108 ταῖς
1161 2075 1322 2112 φαντασίαις
1335 2074 1429 2110 μόναις
1440 2073 1497 2100 δεῖν
1510 2070 1657 2097 πιστεύειν.
1672 2069 1758 2095 Ἔνιοι
1771 2067 1800 2094 δέ
1815 2075 1881 2102 φασι

1090 2123 1138 2150 καὶ
1151 2123 1197 2150 τὸν
1209 2122 1332 2157 ’Όμηρον
1344 2118 1509 2146 αἰνίττεσθαι
1521 2117 1551 2144 τὸ
1563 2116 1677 2147 τοιοῦτο,
1690 2115 1799 2141 πάντων
1814 2113 1882 2140 ἀπο-

1091 2170 1219 2204 φαίνοντα
1228 2168 1272 2194 τὺν
1290 2166 1414 2193 Ὠκεανὸν
1425 2164 1522 2200 ἀρχὴν,
1538 2163 1575 2194 ὠς
1587 2163 1616 2188 ἐν
1631 2161 1708 2197 ῥύσει
1729 2160 1783 2186 τῶν
1809 2167 1880 2194 πρα-

1093 2217 1205 2252 γμάτων
1225 2215 1319 2241 ὄντων.
1339 2213 1394 2240 Καὶ
1409 2211 1461 2247 μὴν
1477 2210 1523 2237 καί
1546 2208 1729 2244 Μητρόδωρος
1744 2207 1758 2232 ὁ
1770 2207 1835 2237 Χῖος
1850 2205 1882 2252 τὸ

1091 2251 1156 2289 air-ib
1167 2261 1246 2288 τοῦτο
1258 2260 1341 2294 λέγει.
1355 2258 1391 2285 Οὐ
1406 2257 1458 2293 μὴν
1474 2257 1530 2284 ἀλλ’
1543 2254 1672 2290 ἄντικρύς
1685 2262 1716 2288 γε
1733 2251 1880 2288 Πρωταγό-

1092 2317 1140 2345 ρας
1157 2309 1171 2334 ὁ
1192 2305 1363 2341 Ἀϐδηρίτης.
1380 2299 1465 2334 Οὗτος
1481 2301 1535 2338 γὰρ
1548 2300 1600 2335 ἔφη
1614 2300 1711 2335 μέτρον
1731 2296 1799 2324 εἶναι
1815 2296 1881 2345 πάν-

1090 2343 1143 2380 των
1161 2351 1309 2388 χρημάτων
1331 2350 1375 2376 τὸν
1400 2348 1558 2384 ἄνθρωπον·
1581 2346 1634 2373 τῶν
1657 2345 1705 2381 μὲν
1722 2345 1817 2375 ὄντων,
1843 2343 1881 2374 ὡς

1091 2401 1164 2427 ἔστι·
1184 2398 1238 2425 τῶν
1253 2397 1274 2423 δ’
1296 2397 1346 2423 οὐκ
1362 2395 1458 2425 ὅντων,
1476 2394 1513 2425 ὼς
1533 2393 1583 2420 οὐκ
1599 2393 1684 2418 ἔστιν.
1716 2391 1812 2417 Ὀποία
1828 2389 1881 2424 γὰρ

1092 2445 1198 2480 ἑκάστῳ
1212 2443 1338 2478 φαίνεται
1356 2440 1391 2468 τὰ
1414 2440 1573 2476 πράγματα,
1593 2437 1705 2464 τοιαῦτα
1731 2436 1778 2463 καὶ
1801 2433 1880 2461 εἶναι.

1091 2492 1159 2527 Περὶ.
1173 2490 1200 2517 δὲ
1212 2488 1266 2516 τῶν
1279 2488 1366 2516 ἄλλων
1383 2487 1465 2523 μηδὲν
1481 2486 1553 2521 ἡμᾶς
1568 2483 1698 2510 δύνασθαι
1712 2481 1881 2527 διισχυρίσα-

1095 2525 1166 2564 σθαι.
1190 2535 1263 2572 Πρὸς
1282 2535 1311 2561 δὲ
1330 2533 1440 2564 τούτους
1463 2532 1534 2558 εἴποι
1551 2539 1592 2562 τις
1604 2529 1646 2560 ἂν,
1666 2529 1690 2572 ἃγ
1706 2528 1753 2554 καὶ
1770 2529 1784 2554 ὁ
1810 2525 1882 2572 mat-

1094 2590 1148 2607 των
1165 2579 1202 2615 (Pi)
1217 2568 1246 2605 ἓν
1268 2577 1422 2609 Θεαιτήτῳ.
1440 2574 1550 2610 Πρῶτον
1567 2573 1626 2608 μὲν,
1640 2572 1666 2598 τί
1682 2571 1782 2606 δήποτε
1796 2568 1882 2596 τοιού-

1094 2658 1141 2689 οὓ;
1159 2657 1207 2683 καὶ
1222 2657 1236 2682 ὀ
1253 2655 1312 2690 μὲν,
1326 2652 1508 2690 ἡρέμαηὸγδὲ,
1525 2651 1628 2690 ρφᾲδρα
1639 2649 1717 2689 ;_Kal.
1733 2648 1818 2690 μάλαέ
1833 2646 1885 2690 1'16:

1093 2683 1171 2728 τερον
1184 2689 1230 2718 οὖν
1243 2683 1386 2728 foreadeo.
1395 2683 1720 2728 étp’_éau1t§tl'cb;ﬁveqttt‘z‘,
1736 2683 1849 2726 ψυχρὸν.
1867 2683 1883 2716 ἦ

1093 2720 1259 2763 (λύ’ψυχρδν,
1283 2720 1424 2763 φήσρμενὲ
1440 2724 1456 2758 ἢ
1476 2720 1625 2763 τέειάἀμὲθέξ
1640 2720 1678 2763 τίῖἓ
1695 2720 1882 2763 Πείίυτᾳῖἀρὲι

1094 2765 1134 2790 ὅτι
1148 2754 1258 2798 ίτᾷΤμὲν
1273 2754 1393 2798 pix-bii“
1409 2754 1511 2798 ψυῂρον
1521 2778 1528 2789 ,
1549 2754 1587 2792 τῷ
1599 2756 1627 2782 δὲ
1646 2754 1698 2798 μὴ,
1713 2754 1761 2786 οὖ;
1777 2754 1885 2798 εἰς-...ξι

1095 2789 1217 2832 pluribus
1234 2789 1392 2831 interiectis,
1409 2789 1590 2821 itaut-niserum
1616 2789 1753 2822 σκώέιττει,
1771 2794 1801 2816 ut
1818 2789 1884 2816 illud

1094 2836 1127 2861 dc
1143 2842 1171 2860 se
1189 2834 1310 2868 cogitare
1324 2832 1458 2857 videatur.

1131 2887 1200 2924 Quid
1213 2890 1309 2925 facium
1319 2889 1331 2916 ζ’
1342 2888 1386 2916 sed
1399 2896 1455 2915 sum
1468 2885 1595 2922 petulanti
1611 2885 1699 2919 splene
1715 2881 1854 2909 cachinno.
