2061 3210
262 177 332 206 1265
613 179 748 207 EUSEBII
767 177 1006 206 CASSARIENSIS
1024 177 1076 206 ΟΡ]

1078 178 1100 205 Ρ.
1116 178 1207 207 PARS
1218 178 1250 207 ll.
1272 194 1308 200 -—
1325 179 1574 208 APOLOGETICA.
1822 183 1892 210 (26‘

260 242 343 268 etiam
374 240 464 268 omnis
490 239 593 267 futura.
623 240 756 268 Similiter
777 241 825 275 qui
851 240 942 275 aliqua
967 241 1000 267 de
1021 244 1074 268 rei

1080 251 1086 268 ι
1101 240 1162 266 νοῦν
1176 240 1223 267 καὶ
1235 240 1322 274 λόγον.
1343 250 1352 266 ι
1364 238 1422 267 Εἶθ’
1431 240 1494 276 ἑξῆς
1508 240 1630 274 ἐπιλέγει
1641 249 1648 257 ·
1661 251 1669 267 ι
1688 241 1762 267 Ἐπεὶ
1769 241 1791 267 δ’
1800 241 1840 268 ἔτι
1846 242 1894 269 νῦν

261 291 309 314 aut
322 286 481 319 deliberant,
497 290 544 313 aut
562 286 671 321 judices
691 287 798 319 sedent,
813 287 887 321 quod
901 290 984 322 agant
997 286 1048 313 ha-

1101 285 1154 312 εἰσί
1173 294 1245 318 τινες
1256 306 1263 318 ,
1284 286 1308 312 οἱ
1329 287 1420 313 πᾶσαν
1435 286 1562 322 αἴσθησιν
1574 287 1621 312 καὶ
1637 287 1726 313 πᾶσαν
1743 287 1892 321 φαντασίαν

260 331 362 359 bebunt
375 331 452 358 nihil.
475 330 608 366 Quodque
629 332 710 367 longe
729 332 923 367 gravissimum
942 336 995 364 est,
1015 331 1048 358 ii-

1101 331 1189 367 ἀληθῆ
1202 332 1325 367 λέγοντες
1336 330 1416 365 εἶναι,
1432 333 1518 368 μικρὰ
1529 333 1576 359 καὶ
1596 332 1659 368 περὶ
1687 332 1788 359 reﬁxum
1811 333 1893 359 εἴπω-

259 376 322 403 dem
341 376 419 410 probi
445 376 528 403 simul
557 381 637 404 erunt
663 381 690 404 et
712 376 841 411 improbi,
859 377 932 404 idem
953 377 1049 404 vitium

1102 386 1160 413 μεν.
1191 378 1315 404 Ἐοίκασι
1343 378 1396 414 γὰρ
1412 375 1484 404 οὗτοι
1509 386 1540 412 γε
1554 378 1717 409 δεδοικέναι,
1734 379 1850 414 μήποτε,
1868 380 1892 405 εἰ

261 429 294 449 ac
318 422 405 449 virtus
428 422 489 450 erit.
522 422 683 457 Cuiusmodi
707 423 837 458 pleraque
858 423 911 450 alia
932 422 1050 458 proferri

1100 423 1207 458 ψευδεῖς
1222 424 1324 451 εἴποιεν
1337 424 1479 460 αἰσθήσεις
1493 422 1562 452 εἷναί
1577 433 1664 457 τινας,
1690 425 1740 451 οὑκ
1756 424 1790 451 ἂν
1804 426 1893 460 σχοῖεν

261 472 382 502 queant:
406 467 452 495 sed
478 468 604 503 pluribus
629 468 774 496 adversum
798 469 865 496 istos
892 468 1049 496 rationibus

1099 471 1131 497 τὸ
1144 471 1285 507 κριτήριον
1295 471 1342 497 καὶ
1355 470 1401 497 τὸν
1415 471 1516 498 κανόνα
1532 470 1640 506 βέϐαιον
1651 491 1658 500 .
1680 471 1734 497 οὐδ’
1752 471 1890 506 ἐχέγγυον.

261 516 302 543 uti
317 523 551 551 supervacaneum
568 516 615 550 sit,
629 516 676 551 qui
690 523 720 544 se
745 524 796 544 nec
819 516 921 544 mentis
935 524 986 543 nec
1004 523 1050 543 ra-

1101 516 1156 550 Οὺχ
1169 516 1252 552 ὁρῶσι
1267 516 1305 548 δὲ,
1318 516 1356 548 ὼς
1370 516 1420 543 οὐκ
1432 516 1465 543 ἂν
1480 516 1607 551 φθάνοιεν
1623 515 1695 542 οὕτω
1715 524 1758 550 γε,
1785 517 1832 542 καὶ
1844 517 1892 548 τὰς

261 563 342 591 tionis
360 562 509 598 quidquam
519 563 618 590 habere
631 563 807 590 arbitrantur.
823 572 832 588 ι
849 562 911 590 Haec
924 563 979 596 ille,
991 562 1050 598 qui-

1099 562 1177 595 δόξας
1190 563 1299 595 ἁπάσας
1321 563 1432 599 ἀληθεῖς
1445 563 1658 598 ἀποφαίνοντες·
1672 562 1757 589 πολλὰ
1782 564 1836 599 γὰρ
1861 563 1891 600 δὴ

259 609 311 637 lius
317 609 444 644 deinceps
452 617 512 644 qua:
520 614 681 644 sequuntur,
692 609 831 645 adjuugit:
845 619 854 635 ι
865 609 898 636 Et
907 609 1047 645 quoniam,

1100 610 1146 636 καὶ
1174 610 1287 642 ταύταις
1308 610 1471 645 πεφύκαμεν
1497 610 1620 646 κρίνειν·
1638 610 1685 636 καὶ
1709 609 1786 636 οὐδὲν
1812 608 1892 645 ἦττον

260 655 360 689 inquit,
376 655 502 683 nonnulli
529 660 593 683 sunt
617 655 780 687 etiamnum,
797 656 842 691 qui
857 663 966 683 omnem
983 663 1048 684 sen-

1099 656 1218 690 ἀξιοῦσιν
1232 656 1322 684 αὐτῶν
1332 657 1382 689 τὰς
1398 657 1446 693 μὲν
1457 656 1566 692 ἀληθεῖς
1580 653 1660 688 εἶναι,
1674 656 1722 687 τὰς
1734 655 1762 682 δὲ
1773 655 1890 690 ψευδεῖς·

260 710 321 729 sum
338 709 369 729 ac
390 702 479 729 visum
499 709 580 729 omne
605 709 698 728 verum
729 709 791 729 esse
814 701 919 735 velint;
947 701 981 729 de
1006 701 1049 729 his

1101 702 1216 729 Ἔπειτα
1230 702 1259 729 δὲ
1275 702 1385 729 σκοπῶν
1403 702 1453 729 ἴδοι
1467 711 1509 734 τις
1524 703 1567 734 ἂν,
1581 701 1642 728 οῦδὲ
1664 701 1717 728 τῶν
1733 701 1821 729 ἄλλων
1834 710 1893 736 κρι-

259 748 341 775 etiam
358 755 445 783 pauca
470 748 604 775 dicamus.
636 747 729 774 Vereri
749 748 822 774 enim
848 748 985 780 videntur,
1015 755 1049 775 ne

1098 747 1200 783 τηρίων
1215 748 1271 774 αἰεὶ-
1281 747 1328 775 καὶ
1343 748 1387 774 διὰ
1399 748 1499 779 παντδς
1513 747 1629 782 ἀψευδὲς
1644 746 1721 773 οὐδέν
1731 755 1738 762 ·
1754 744 1810 773 οἷον
1821 747 1892 781 λέγω

259 793 338 827 forte,
354 794 376 821 si
392 801 502 821 sensum
520 793 638 828 aliquem
653 792 751 820 falsum
768 800 829 820 esse
846 793 976 825 dixerint,
989 800 1049 820 cer-

1099 795 1191 829 ζυγὺν,
1210 795 1226 831 ἢ
1250 795 1354 832 τόρνον,
1373 795 1390 830 ἦ
1417 804 1442 821 τι
1463 795 1518 821 τῶν
1533 794 1677 821 τοιούτων·
1702 794 1760 820 ἀλλ’
1777 794 1891 820 ἕκαστον

259 845 314 868 tam
331 840 445 875 proinde
461 840 564 867 nullam
587 847 620 866 ac
643 839 694 867 ﬁde
718 839 829 875 dignam
849 839 877 866 in
898 839 1048 874 jndicando

1099 840 1198 871 αὐτῶν,
1216 840 1264 867 ὡδὶ
1281 840 1332 876 μὲν
1349 840 1420 876 ἔχον,
1438 840 1512 874 ὑγιές
1530 840 1615 873 ἐστιν,
1630 840 1679 866 ὠᾶ
1690 839 1729 872 δὲ,
1745 839 1890 875 μοχθηρόν-

258 886 380 923 regulam
392 885 511 913 habituri
528 885 597 912 sint:
615 892 665 912 nec
676 884 779 912 interea
792 884 894 914 vident.
907 884 960 912 hoc
970 884 1048 919 plane
1065 918 1072 923 .

1077 918 1082 923 _
1100 886 1147 912 καὶ
1173 886 1277 913 τουτονὶ
1310 886 1359 921 μὲν
1374 885 1523 921 χρωμένων
1549 885 1594 911 τὸν
1610 885 1711 921 τρόπον
1727 905 1734 917 ,
1753 884 1891 920 ἀληθεύει,

259 918 348 968 sequi,
374 936 405 959 ut
429 931 572 967 opiniones
588 938 683 958 omnes
707 938 785 958 veras
810 939 870 958 esse
889 918 1073 963 defendant,l

1076 918 1086 944 δ
1099 933 1204 959 τουτονὶ
1220 932 1259 963 δὲ.
1285 918 1421 966 ψεύδεται.
1435 918 1493 958 Καὶ
1509 931 1561 967 μὴν
1577 932 1603 958 εἴ
1663 932 1739 958 πᾶσα
1764 918 1890 967 altiora;

258 986 320 1005 cum
338 985 431 1005 earum
447 977 474 1004 in
490 977 627 1013 plerisque
647 976 782 1011 judicium
797 976 873 1011 sequi
890 977 1045 1004 sol'eamus:

1099 977 1202 1014 ἀληθὴς
1215 976 1259 1013 ἦν,
1271 978 1321 1004 οὐκ
1334 977 1387 1004 ἔδει
1402 977 1528 1003 τοσοῦτον
1536 977 1675 1013 διαφέρειν
1687 977 1781 1009 αὑτάς.
1797 977 1892 1004 Ἀλλαι

257 1034 346 1061 neque
362 1030 453 1053 tamen
479 1032 559 1052 veras
577 1024 654 1057 alias,
681 1024 750 1052 alias
774 1027 869 1051 contra
886 1023 969 1051 falsas
982 1031 1047 1059 pro—

1099 1024 1152 1059 γάρ
1166 1025 1233 1050 εἰσιν
1250 1023 1364 1058 ἐγγύθεν
1380 1024 1427 1050 καὶ
1443 1023 1596 1060 πόρρωθεν,
1612 1023 1658 1050 καὶ
1675 1023 1824 1050 νοσούντων
1847 1023 1892 1049 καὶ

258 1072 383 1098 nuntiare
412 1070 550 1098 desinunt.
577 1069 679 1097 Deinde
700 1069 747 1104 qui
773 1068 903 1096 attentius
928 1069 1048 1105 cogitare

1099 1071 1270 1106 ὲρρωμένων,
1285 1070 1333 1097 καὶ
1345 1070 1474 1105 τεχνιτῶν
1484 1070 1531 1097 καὶ
1542 1070 1671 1105 ἀτέχνων,
1684 1069 1732 1096 καὶ
1752 1069 1891 1105 φρονίμων

257 1117 338 1150 volet,
365 1117 387 1144 is
404 1116 478 1144 aliud
495 1124 528 1144 ex
543 1117 577 1144 iis
590 1115 668 1148 nihil,
689 1113 789 1151 quibus
805 1120 934 1152 tanquam
952 1117 1047 1152 judicii

1098 1117 1145 1143 καὶ
1159 1116 1293 1151 ἀφρόνων.
1311 1115 1367 1148 Τὰς
1385 1115 1414 1142 δὲ
1430 1115 1461 1151 δὴ
1476 1116 1529 1142 τῶν
1545 1115 1705 1151 μεμηνότων
1716 1115 1890 1143 παντάπασιν

257 1163 358 1198 regulis
373 1163 486 1196 utimur,
514 1170 595 1191 omne
624 1163 738 1190 omnino
766 1163 868 1191 falsum
885 1170 917 1191 ac
939 1171 1047 1199 semper

1098 1162 1131 1189 ἃν
1143 1163 1184 1198 εἴη
1200 1162 1299 1189 ἄτοπον
1312 1161 1401 1196 λέγειν
1417 1161 1525 1197 ἀληθεῖς
1533 1160 1614 1192 εἶναι,
1628 1162 1675 1188 καὶ
1687 1161 1738 1193 τὰς
1754 1161 1808 1188 τῶν
1817 1169 1891 1196 παρ-

255 1209 398 1236 excludere
417 1209 581 1244 comperiet:
600 1208 673 1236 verbi
689 1216 772 1236 causa
787 1209 905 1241 lancem,
924 1213 1045 1243 tornum,

1099 1208 1223 1245 ορώντων
1244 1208 1289 1235 καὶ
1311 1207 1530 1244 παρακουόντων.
1554 1206 1656 1243 Εῦηθες
1681 1207 1735 1243 γὰρ
1759 1207 1792 1234 ἂν
1804 1204 1839 1242 ἦν
1862 1207 1891 1232 τὺ

256 1259 408 1289 ceteraque
425 1254 452 1282 id
474 1261 569 1290 genus.
593 1254 740 1287 Quodlibet
753 1255 824 1282 enim
843 1255 908 1282 dum
929 1260 1003 1283 certo
1015 1263 1046 1283 se

1096 1255 1251 1290 λεγόμενον,
1267 1255 1305 1286 ὼς
1319 1255 1334 1281 ὁ
1347 1253 1476 1290 παρορῶν
1490 1254 1549 1290 ἦτοι
1568 1254 1619 1289 ὁρᾷ
1633 1253 1649 1289 ἢ
1665 1254 1715 1289 οὺχ
1740 1254 1804 1289 ὁρᾷ.
1820 1253 1887 1288 Φαίη

256 1301 337 1328 modo
351 1301 443 1332 habet.
460 1309 557 1329 sanum
571 1306 612 1328 est
625 1310 632 1328 :
651 1301 717 1328 dum
736 1309 818 1329 secus
831 1322 838 1334 ,
861 1310 976 1337 pravum
991 1311 997 1330 :
1012 1310 1045 1330 eo

1096 1301 1150 1337 γὰρ
1163 1301 1195 1328 ἄν
1208 1309 1249 1332 τις
1261 1321 1268 1331 ,
1293 1301 1333 1327 ὅτι
1349 1301 1400 1336 ὁρᾷ
1419 1300 1479 1335 μὲν,
1505 1299 1562 1326 ἀλλ’
1577 1300 1628 1326 οὐκ
1650 1299 1748 1335 ὀρθῶς.
1771 1300 1887 1326 Ὀπόταν

255 1347 320 1374 dum
342 1348 382 1375 sic
396 1347 491 1382 uteris,
508 1355 603 1375 verum
630 1352 688 1381 est;
719 1347 786 1375 dum
816 1348 906 1380 aliter,
933 1348 1043 1377 falsum.

1098 1348 1188 1383 μέντοι
1206 1347 1301 1381 φῶσιν,
1319 1346 1356 1378 ὡς
1375 1347 1390 1382 ή
1411 1346 1461 1382 μὲν
1477 1346 1619 1381 ατσθησις,
1632 1343 1699 1372 οὖσα
1717 1345 1830 1379 ἄλογος,
1845 1345 1889 1371 οὑ-

254 1392 332 1426 Quod
351 1393 373 1420 si
399 1401 497 1421 sensus
513 1393 603 1421 omnis
626 1401 708 1421 verus
737 1399 821 1428 esset,
844 1399 950 1422 tantum
975 1396 1045 1423 inter

1095 1394 1139 1421 δὲν
1153 1393 1340 1430 προστίθησιν,
1355 1392 1408 1419 οὐδ’
1425 1393 1537 1427 ἀφαιρεῖ
1550 1412 1556 1424 ,
1578 1392 1718 1426 φαίνονται
1742 1390 1889 1426 τάμποδὼν

254 1447 302 1467 eos
315 1439 482 1467 discriminis
504 1447 566 1467 esse
591 1447 645 1467 non
662 1440 783 1468 deberet.
807 1441 889 1476 Atqui
918 1441 1044 1469 cominus

1095 1442 1143 1476 οὑχ
1159 1440 1285 1477 ὁρῶντες.
1304 1439 1366 1466 Ἐπὶ
1379 1439 1433 1475 γὰρ
1448 1439 1496 1466 τοῦ
1513 1438 1629 1474 ὲρετμοῦ
1647 1438 1695 1465 τοῦ
1706 1439 1734 1464 ἐν
1748 1437 1787 1473 τῷ
1800 1437 1886 1468 ὕδατι,

253 1490 327 1513 certe
342 1485 386 1512 alii
401 1489 474 1517 sunt,
491 1486 600 1512 eminus
613 1485 678 1512 alii:
696 1486 887 1521 aegrotantium
906 1494 937 1514 ac
952 1487 1044 1515 valen-

1096 1488 1165 1515 κὰπ)⁸
1187 1487 1241 1513 τῶν
1259 1485 1384 1522 γραφῶν,
1402 1486 1449 1512 καὶ
1474 1485 1578 1520 μυρίων
1602 1485 1699 1516 ἄλλων,
1728 1485 1745 1519 ἡ
1760 1483 1889 1519 αἴσθησίς

254 1530 334 1562 tium,
351 1532 499 1565 peritorum
517 1535 545 1558 et
563 1531 764 1565 imperitorum,
782 1532 958 1566 prudentium
975 1533 1044 1561 stul-

1095 1535 1168 1560 ἐστιν
1184 1534 1201 1569 ὴ
1211 1533 1354 1560 ἀπατῶσα.
1367 1532 1413 1558 Διὸ
1421 1532 1469 1559 καὶ
1481 1531 1645 1567 μεμφόμεθα
1659 1531 1760 1562 πάντες
1775 1530 1821 1556 ἐπὶ
1832 1529 1888 1556 τῶν

253 1581 398 1611 torumque
418 1576 576 1604 dissimiles.
605 1575 674 1604 Nam
699 1576 867 1605 furiosorum
893 1584 967 1605 certe
979 1578 1067 1620 quiq

1072 1591 1081 1622 ι
1096 1580 1224 1607 τοιούτων
1245 1579 1276 1606 οὐ
1287 1578 1345 1607 ,τὸν
1360 1578 1422 1605 νοῦν
1448 1578 1542 1613 ἡμῶν,
1560 1577 1627 1604 ἀλλὰ
1646 1577 1695 1613 τὴν
1725 1576 1886 1611 φαντασίαν.

253 1622 326 1655 dem,
344 1626 392 1649 aut
407 1629 502 1650 eorum
522 1623 570 1657 qui
596 1630 738 1657 perperam
759 1623 862 1658 aliquid
878 1624 970 1652 vident
992 1632 1041 1652 au-

1100 1626 1219 1662 Ἐλέγχει
1243 1626 1298 1662 γὰρ
1313 1627 1326 1652 ό
1351 1624 1431 1659 λόγος
1447 1625 1528 1656 αὐτὸς
1553 1624 1664 1656 ἑαυτὸν,
1679 1623 1762 1656 ἀξιῶν
1779 1624 1889 1650 ἆπατιν

253 1669 365 1696 diuntve
387 1676 495 1702 sensus,
515 1676 596 1697 veros
623 1669 773 1704 appellare,
794 1670 874 1706 longe
902 1671 1042 1706 ineptissi-

1093 1674 1182 1709 ἀληθῆ
1196 1672 1345 1707 φαντασίαν
1361 1668 1440 1698 εἶναι.
1454 1671 1509 1707 Τὴν
1524 1671 1577 1707 γὰρ
1588 1670 1733 1706 ἡμετέραν,
1744 1670 1776 1697 δι’
1790 1671 1823 1706 ἢν
1832 1668 1888 1696 οὐκ

253 1723 328 1742 mum
346 1714 437 1742 fuerit.
465 1715 549 1751 768
564 1715 672 1751 Quippe
688 1716 806 1752 simplex
824 1717 938 1746 nimium
958 1718 981 1745 is
997 1725 1042 1745 es-

1092 1719 1204 1755 οίόμεθα
1226 1719 1316 1744 πᾶσαν
1336 1714 1404 1743 εἶναι
1421 1716 1561 1751 τοιαύτην,
1584 1716 1667 1751 ψευδῆ
1686 1716 1795 1747 πάντως
1814 1717 1885 1742 ἀπ)-

252 1766 305 1794 set,
322 1761 368 1796 qui
385 1769 465 1789 secus
476 1762 613 1789 videntem
628 1767 676 1790 aut
689 1762 782 1790 videre
794 1763 906 1796 diceret,
928 1768 976 1791 aut
988 1771 1041 1791 non

1093 1765 1191 1800 φαίνει.
1210 1762 1355 1799 Συμόαῑνει
1379 1762 1470 1788 τοίνυν
1497 1762 1587 1794 αὐτοῖς
1607 1761 1715 1788 ἃπασαν
1735 1762 1887 1796 φαντασίαν

251 1807 354 1834 videre.
383 1807 478 1840 Quivis
490 1808 563 1835 enim
582 1808 759 1843 respondeat,
777 1808 870 1837 videre
887 1809 963 1836 illum
977 1810 1041 1845 qui-

1092 1810 1178 1846 ἀληθῆ
1199 1809 1246 1837 καὶ
1260 1808 1345 1844 ψευδῆ
1359 1807 1448 1841 λέγειν
1465 1807 1545 1834 εἶναι.
1569 1807 1690 1834 Καθόλου
1713 1807 1741 1833 δὲ
1762 1808 1886 1843 ἁμαρτα-

250 1853 323 1884 dem,
336 1858 363 1880 at
380 1861 531 1888 perperam.
565 1853 633 1881 Dum
651 1859 742 1882 autem
758 1855 863 1882 addunt
893 1863 1004 1883 sensum
1025 1864 1041 1882 a

1092 1866 1191 1890 νουσιν,
1208 1855 1356 1889 ἀξιοῦντες,
1371 1856 1451 1882 ὁποῖα
1466 1855 1499 1882 ἂν
1513 1855 1577 1890 ἡμῖν
1600 1854 1728 1889 φαίνηται
1751 1854 1786 1880 τὰ
1817 1854 1887 1890 πρά-

251 1899 356 1925 ratione
381 1899 557 1926 dissidentem
584 1899 651 1926 nihil
677 1900 787 1932 addere,
826 1899 935 1928 auferre
959 1900 1039 1932 nihil,

1098 1911 1200 1937 γματα,
1213 1900 1325 1928 τοιαῦτα.
1342 1901 1389 1928 καὶ
1404 1898 1484 1927 εἶναι.
1498 1899 1657 1926 Τοὺναντίον
1670 1899 1734 1935 γὰρ,
1746 1900 1824 1925 ὁποῖα
1837 1899 1886 1925 πέ-

250 1952 311 1980 quae
327 1945 446 1972 maxime
468 1945 550 1972 obvia
565 1950 639 1977 sunt,
661 1953 692 1972 ea
713 1954 743 1973 se
775 1954 828 1974 non
846 1947 938 1974 videre
949 1947 1039 1982 palam

1092 1956 1172 1983 φυκε,
1185 1946 1296 1974 τοιαῦτα
1309 1947 1444 1981 φαίνεται,
1458 1945 1505 1972 καὶ
1513 1946 1561 1980 οὺχ
1575 1946 1656 1980 ἡμεῖς
1670 1945 1740 1972 αὐτὰ
1754 1944 1886 1981 ποιοῦμεν

250 1991 406 2019 ostendunt.
427 1990 495 2018 Nam
510 1991 536 2018 in
553 1999 640 2022 remo,
659 1999 741 2026 quem
756 1992 782 2019 in
800 2000 870 2028 aqua
887 1994 1038 2025 cernimus,

1091 1994 1177 2027 οὕτως
1188 1994 1271 2030 ἔχειν,
1285 1993 1341 2020 ἀλλ’
1358 1994 1404 2020 ὑπ’
1419 1993 1532 2020 ἐκείνων
1543 1992 1619 2018 αὐτοὶ
1629 1991 1805 2027 διατιθέμεθά
1817 2001 1884 2024 πως.

249 2037 277 2064 in
293 2037 418 2071 picturis,
431 2037 546 2071 aliisque
564 2039 712 2070 sexcentis,
729 2045 830 2066 sensus
844 2038 902 2073 ipse
923 2046 975 2067 nos
988 2038 1039 2066 fal-

1098 2041 1174 2067 Ἐπεὶ
1196 2040 1242 2067 καὶ
1258 2040 1361 2074 γελοῖον
1379 2039 1420 2075 ειη
1438 2038 1470 2066 ἂν
1484 2058 1491 2070 ,
1509 2039 1534 2065 εἰ
1560 2037 1767 2073 διανοηθείημεν
1792 2039 1884 2073 ἡμεῖς,

250 2082 291 2109 lit.
318 2082 411 2117 Itaque
426 2082 477 2109 hoc
490 2089 581 2110 rerum
601 2083 627 2110 in
652 2091 761 2119 genere,
775 2092 828 2111 non
847 2089 975 2119 mentem,
993 2085 1039 2113 sed

1091 2086 1185 2123 ὥσπερ
1197 2087 1222 2112 οἱ
1237 2086 1377 2121 ζωγράφοι
1397 2085 1444 2112 καὶ
1457 2084 1584 2115 πλάσται,
1596 2083 1732 2115 σκύλακας
1749 2083 1766 2119 ἢ
1792 2084 1886 2119 χιμαί-

250 2129 338 2158 visum
354 2130 405 2165 ipsi
423 2135 548 2158 nostrum
565 2137 680 2166 arguere
701 2132 906 2160 consuevimus.
927 2132 961 2160 Et
975 2141 1039 2162 vero

1093 2142 1151 2169 ρας,
1167 2132 1260 2167 ἀξιοῦν
1274 2132 1355 2164 εὐθὺς
1373 2129 1441 2158 εἶναι
1453 2130 1550 2162 ταῦτα,
1563 2131 1609 2157 καὶ
1627 2130 1672 2157 διὰ
1688 2130 1767 2157 τοῦτο
1784 2131 1884 2164 φαντά-

248 2185 310 2212 ιιιιε
328 2178 520 2213 cogilalionem
545 2186 655 2206 omnem
672 2187 764 2206 veram
782 2187 844 2207 esse
869 2180 1038 2214 pronuntiat,

1091 2179 1196 2212 ζεσθαι.
1214 2178 1341 2214 καθάπερ
1352 2178 1470 2213 εὐτρεπῆ
1492 2177 1638 2212 παρέσται.
1661 2186 1671 2203 ›
1686 2177 1759 2203 Διότι
1778 2176 1827 2211 μὲν
1839 2174 1885 2203 οὖν

248 2232 280 2251 ea
297 2232 389 2252 secum
405 2225 462 2260 ipsa
476 2230 580 2261 pugnat
599 2227 699 2253 oratio.
722 2225 851 2253 Nostram
869 2227 943 2253 enim
967 2232 1040 2255 certe

1091 2225 1141 2251 οὐκ
1154 2224 1243 2260 ὀρθῶς
1257 2224 1382 2258 λέγουσιν
1396 2223 1420 2249 οἱ
1435 2223 1585 2257 φάσκοντες
1599 2219 1669 2249 εἶναι
1686 2223 1775 2249 πᾶσαν
1789 2221 1884 2257 αἴσθη-

247 2271 371 2304 quidem,
388 2280 450 2306 quae
463 2280 516 2299 non
532 2272 667 2307 ejusmodi
685 2271 835 2307 quamlibet
846 2279 907 2299 esse
920 2272 1039 2300 arbitra-
1055 2272 1061 2299 l

1067 2273 1077 2299 )
1093 2280 1144 2303 σιν,
1175 2271 1222 2298 καὶ
1238 2271 1328 2297 πᾶσαν
1346 2268 1495 2305 φαντασίαν
1509 2268 1607 2304 ἀληθῆ,
1621 2268 1700 2302 δῆλον
1715 2269 1748 2295 ἐκ
1771 2268 1881 2295 τούτων.

248 2320 301 2349 tur,
316 2316 413 2345 falsam
430 2318 538 2352 penitus
549 2326 610 2345 esse
621 2317 769 2345 concludit.
788 2317 918 2353 Sequitur
933 2318 1037 2353 itaque,

1099 2316 1178 2343 Ἀλλὰ
1197 2316 1251 2352 γὰρ
1267 2315 1314 2342 καὶ
1327 2315 1429 2341 τούτων
1446 2314 1532 2346 οὕτως
1545 2314 1673 2349 ἑχόντων,
1686 2311 1765 2346 αὖθις
1778 2315 1803 2340 οἱ
1821 2315 1883 2349 περὶ

247 2367 277 2389 ut
295 2363 382 2390 visum
399 2371 481 2390 omne
494 2372 588 2391 verum
605 2365 686 2392 simul
708 2372 740 2391 ac
752 2363 853 2391 falsum
868 2372 930 2392 esse
942 2364 1037 2392 delen-

1091 2364 1137 2391 τὸν
1157 2363 1326 2398 Ἐπίκουρον,
1340 2362 1372 2388 ἐκ
1384 2361 1432 2397 τῆς
1461 2360 1641 2397 Ἀριστίππου
1656 2360 1780 2395 διαδοχῆς
1794 2359 1883 2395 ὁρμῶν

246 2409 321 2437 dant.
340 2409 476 2437 Caeterum
495 2411 568 2446 quod
583 2411 718 2446 ejusmodi
740 2419 785 2439 res
801 2418 863 2439 esse
879 2411 973 2444 velint,
989 2418 1038 2438 cu-

1094 2418 1178 2445 μενοι,
1194 2409 1282 2435 πάντα
1308 2407 1404 2443 ἡδονῆς
1419 2406 1535 2442 ὲξῆπτον
1558 2406 1605 2432 καὶ
1630 2405 1794 2440 αἰσθήσεως,
1817 2405 1881 2441 μόνα

244 2456 363 2489 jusmodi
383 2457 460 2485 nobis
473 2458 611 2489 videntur,
633 2462 690 2485 toto
709 2457 778 2485 cmio
802 2462 915 2490 errant;
942 2462 1037 2485 contra

1091 2455 1215 2490 τὰπάθη
1232 2453 1403 2489 καταληπτά,
1429 2453 1476 2479 καὶ
1488 2452 1565 2483 τέλος
1588 2451 1697 2486 ἀγαθῶν
1721 2451 1770 2487 τὴν
1787 2451 1880 2487 ἡδονὴν

245 2502 328 2535 enim,
345 2503 499 2537 cujusmodi
513 2508 609 2538 suapte
635 2508 733 2531 natura
749 2507 824 2536 sunt,
841 2503 977 2537 ejusmodi
995 2490 1046 2530 vl‘

1092 2500 1160 2528 εἶναι
1183 2501 1346 2537 ὁριζόμενοι.
1372 2500 1488 2533 Λέγεται
1508 2498 1560 2525 δὲὸ
1579 2498 1739 2534 Ἐπίκουρος
1760 2497 1814 2524 ὑπὸ
1834 2497 1880 2532 μέν

245 2547 302 2574 deri
322 2548 425 2576 solent:
447 2557 497 2576 nec
524 2551 550 2577 in
571 2558 655 2577 causa
673 2557 769 2577 sumus
789 2549 968 2584 quamobrem
998 2550 1034 2577 ita

1092 2557 1173 2575 τινων
1195 2547 1307 2583 μηδενὸς
1333 2545 1491 2582 ἀκηκοέναι,
1508 2545 1630 2580 ἐντυχεῖν
1645 2544 1674 2570 δὲ
1689 2545 1746 2575 τοῖς
1759 2543 1815 2570 τῶν
1833 2552 1882 2569 πα-

245 2602 274 2621 se
287 2595 414 2626 habeant,
438 2597 484 2623 sed
501 2597 534 2623 ab
551 2597 584 2623 iis
600 2596 690 2631 potius
717 2600 794 2623 certo
813 2595 933 2630 quodam
952 2596 1036 2622 modo

1090 2594 1172 2621 λαιῶν
1197 2593 1419 2629 συγγράμμασιν,
1435 2592 1487 2618 ὑπό
1504 2600 1585 2618 τινων
1602 2591 1624 2617 δ’
1639 2591 1682 2618 ὅτι
1699 2591 1783 2626 ήκουε
1802 2590 1866 2617 Ξενο

245 2639 386 2667 amcimur.
413 2641 530 2668 Ridiculi
553 2642 693 2668 enimvero
722 2641 818 2670 simus,
844 2640 867 2667 si
895 2640 970 2671 dum,
997 2640 1036 2666 uti

1089 2641 1216 2676 κράτους,
1228 2639 1340 2675 ὕστερον
1353 2638 1381 2664 δὲ
1395 2638 1442 2664 καὶ
1459 2637 1651 2671 Ναυσιφάνους
1674 2636 1721 2663 τοῦ
1735 2636 1880 2672 Πύρρωνος

245 2686 364 2719 pictores
395 2687 558 2721 ﬁctoresque
574 2688 673 2719 solent,
693 2686 801 2713 catulos
822 2690 870 2712 aut
892 2685 1035 2713 chimzeras

1088 2688 1234 2722 γενομένου
1248 2685 1396 2721 γνωρίμου.
1412 2685 1478 2711 Τίνα
1492 2685 1523 2720 δὴ
1541 2682 1587 2711 οὖν
1608 2684 1655 2711 καὶ
1668 2683 1703 2709 τὰ
1718 2683 1787 2718 πρὸς
1800 2682 1879 2709 αὐτὸν

244 2731 408 2765 cogitamus,
434 2740 466 2758 ea
494 2733 610 2760 velimus
634 2740 693 2759 esse
718 2732 859 2764 continuo,
887 2731 1035 2767 animoque

785 2732 859 2764 inuo,
887 2731 1035 2767 animoque
1089 2731 1274 2767 ἀντειρημένα
1285 2731 1413 2765 τυγχάνει
1426 2729 1596 2765 θεασώμεθα.

244 2776 357 2810 proinde
372 2777 505 2804 rationem
520 2778 711 2810 inlormemus,
728 2787 782 2813 qua
809 2777 904 2804 eadem
933 2778 991 2805 suis
1019 2779 1146 2807 absoluta
1167 2776 1290 2804 numeris
1307 2777 1483 2803 habeamus.»
1519 2776 1607 2810 Atque
1633 2782 1667 2803 ex
1697 2774 1740 2803 his
1768 2774 1880 2802 omnino

243 2826 360 2854 constat,
386 2829 468 2857 quam
503 2822 573 2849 male
597 2823 836 2858 philosophentur,
863 2822 910 2857 qui
939 2830 1047 2851 omnem
1070 2830 1182 2852 sensum
1212 2830 1244 2849 ac
1277 2822 1367 2849 visum
1394 2828 1476 2847 omne
1490 2828 1584 2847 verum
1613 2827 1673 2847 esse
1690 2819 1799 2847 docent.
1826 2818 1881 2847 Nec

243 2866 323 2893 desiit
354 2872 444 2895 tamen
483 2867 627 2903 Epicurus,
652 2876 686 2895 ex
713 2868 844 2903 Aristippi
865 2868 990 2896 doctrina
1025 2871 1198 2898 occasionem
1223 2868 1368 2903 arripiens,
1391 2875 1424 2894 ex
1453 2867 1590 2900 voluptate
1618 2865 1710 2892 omnia
1741 2870 1879 2899 sensuque

242 2915 418 2949 suspendere.
442 2915 507 2943 dum
540 2919 566 2943 et
600 2922 631 2942 ea
657 2914 738 2942 modo
767 2923 827 2950 quin
859 2915 989 2950 patimur,
1015 2915 1207 2952 comprehendi
1239 2922 1330 2949 posse,
1345 2918 1370 2941 et
1388 2912 1614 2941 linem-bonorum
1634 2911 1801 2946 voluptatem
1818 2918 1879 2939 esse
