2061 3210
195 205 265 234 1265

779 204 938 234 ΡΠΕΡΑΒ.
960 204 1087 233 EVANG.
1107 204 1172 232 LIB.
1191 204 1260 232 XIV.

1753 206 1822 235 1266

191 269 331 294 statueret.
350 265 427 293 Hunc
448 265 571 294 nonnulli
598 266 693 294 volunt
717 271 908 303 praeceptorem
929 266 1059 295 habuisse
1094 255 1243 299 nemiuem,
1262 266 1308 294 sed
1333 267 1359 294 in
1384 262 1560 302 antiquorum
1590 269 1755 304 scriptorum
1785 269 1824 297 le-

189 312 282 340 ctione
303 316 440 340 versatum
469 320 541 340 esse.
574 312 806 342 AliLXenocratis
835 314 963 349 primum,
985 314 1048 341 inde
1063 313 1259 350 Nausiphanis,
1290 313 1335 348 qui
1365 312 1515 350 Pyrrhonis
1537 314 1688 351 discipulus
1720 315 1822 348 fuerat,

191 359 343 387 auditorem
370 357 456 386 fuisse
471 359 591 386 tradunt.
615 357 694 386 Nune
715 367 780 396 ergo
801 360 901 395 quibus
917 359 968 387 iste
986 366 1097 394 quoque
1112 359 1264 387 rationibus
1281 364 1409 395 urgeatur
1423 359 1606 388 attendamus.

435 416 634 443 ΚΕΦΑΛΔΙΟΝ
662 417 728 444 KA’.

189 460 267 496 "pec
278 461 347 494 τοὺς
361 462 424 499 κατ’
444 463 632 497 Ἐπίκουρον,
649 463 768 498 ἡδονὴν
783 464 870 498 τέλος
890 464 980 499 ὁριζο-

376 497 498 531 μένους.
518 499 589 525 Ἀπὸ
609 499 662 526 τοῦ
680 500 784 526 αὑτοῦ.

225 551 236 568 ε
252 543 359 578 Ἐπειδὴ
375 543 432 570 ἐστι
442 543 543 578 γνῶσις
555 544 642 580 διττὴ,
657 546 673 580 ὴ
691 545 740 580 μὲν
752 545 809 572 τῶν
835 545 887 580 ἔξω
909 555 980 582 πρα-

189 589 313 624 γμάτων,
328 590 345 625 ὴ
367 589 395 616 δὲ
407 589 461 616 τῶν
478 591 543 626 ἡμῖν
557 591 673 626 αἰρετῷν
692 593 738 618 καὶ
758 592 897 627 φευκτῶν·
915 593 980 620 ἔνιοι

188 643 254 669 φασι
263 635 312 670 τῆς
324 636 456 671 αἰρέσεως
474 637 521 663 καὶ
541 638 630 673 φυγῆς
649 638 736 674 ἀρχὴν
761 639 807 665 καὶ
838 639 980 675 κριτήριον

188 682 259 718 Εχειν
275 682 348 717 ἡμᾶς
357 683 406 718 τὴν
423 682 518 719 ἡδονὴν
529 684 575 710 καὶ
589 684 634 710 τὸν
649 684 738 711 πόνον.
754 685 814 712 Ἔτι
827 685 858 720 γέ
872 694 913 712 τοι
929 687 975 712 καὶ

188 728 236 754 νῦν
251 728 363 755 τοιαῦτα
375 728 500 763 λέγουσιν
515 730 539 756 οἱ
551 731 614 766 περὶ
625 731 670 758 τὸν
694 731 865 768 Ἐπίκουρον.
884 732 979 767 Ἀναγ-

188 775 272 808 καίως
282 773 327 802 οὖν
341 776 397 812 ἔχει
410 777 458 803 καὶ
470 777 533 812 περὶ
549 776 644 804 τούτου
660 777 822 812 σκέψασθαι.
845 779 977 806 Tceo-310;:

186 821 278 849 τοίνυν
294 822 381 857 ἔγωγε
393 822 445 849 δέω
455 822 556 857 λέγειν,
573 823 660 859 ἀρχὴν
672 821 799 851 εἶναικαὶ
814 825 912 851 κανόνα
926 825 978 851 τῶν

187 867 298 902 ἀγαθῶν
313 868 428 895 καὶτῶν
447 868 538 896 κακῶν
567 869 597 896 τὸ
621 869 717 902 πάθος,
747 869 817 897 ὥστε
844 879 888 906 μοι
907 871 980 899 δοκεῖ

186 913 265 941 τοῦτό
278 922 310 948 γε
323 914 388 941 αὐτὸ
399 915 542 951 κριτηρίου
555 915 669 942 δεῖσθαι.
681 916 754 943 Διότι
766 917 816 952 μὲν
828 917 882 953 γάρ
894 918 977 949 ἐστιν,

187 960 269 988 ἑαυτὸ
282 961 416 989 δείκνυσιν
427 970 433 976 ”
452 963 542 988 ὁποῖον
560 961 582 988 δ’
599 962 685 994 ἐστὶν,
696 962 790 998 ἐτέρου
808 963 849 990 δεῖ
859 963 906 990 τοῦ
920 963 979 1000 κρί-

186 1015 288 1039 νοντος.
303 1007 333 1033 ΕΞ
355 1007 403 1043 μὲν
422 1007 476 1043 γὰρ
492 1008 591 1034 οῐκεῖον
606 1007 623 1043 ἢ
643 1007 800 1044 ἀλλότριον,
816 1010 832 1044 ὴ
852 1009 979 1045 αἴσθησις

186 1053 277 1088 λέγει’
294 1054 408 1090 πότερον
420 1054 442 1080 δ’
454 1054 563 1090 αἱρετὸν
579 1055 599 1091 ἦ
611 1055 739 1090 φευκτὸν,
765 1057 780 1084 ό
794 1056 882 1091 λόγος.
897 1057 978 1084 Abt-oi

1321 418 1435 447 CAPUT
1457 418 1526 446 XXI.

1031 464 1166 492 Adversa:
1185 463 1340 500 Epicureos,
1361 466 1406 500 qui
1419 465 1578 499 voluptatem
1592 465 1671 500 ﬁnem
1691 473 1745 492 esse
1766 465 1820 493 uel-

1313 500 1377 527 lent.
1392 500 1433 527 Ex
1449 500 1549 527 eodem.

1069 555 1078 571 α
1092 544 1238 578 Quoniam,
1254 546 1342 581 inquit
1356 546 1410 579 ille,
1435 546 1533 581 duplex
1548 546 1714 581 cognitionis
1732 554 1819 583 genus

1030 596 1081 624 est,
1094 591 1209 618 alterum
1225 599 1280 626 quo
1291 592 1429 619 exteriora
1444 592 1620 627 percipimus,
1637 592 1752 619 alterum
1765 600 1820 628 quo

1030 638 1287 678 expetenda‘nobis
1312 647 1345 667 ac
1369 638 1498 675 fugienda
1524 639 1675 673 sentimus,
1693 640 1821 674 exstitere

1029 684 1154 713 nonnulli
1169 685 1215 720 qui
1239 685 1322 721 769
1342 685 1487 713 electionis
1507 686 1631 721 fugatque
1655 685 1820 721 principium

1030 738 1063 758 ac
1081 731 1201 766 regulam
1219 731 1246 758 in
1262 731 1355 765 nobis,
1372 731 1538 766 voluptatem
1558 740 1619 760 esse
1642 732 1820 768 laboremque

1029 781 1189 804 statuerent.
1215 775 1293 809 Quod
1316 777 1406 812 ipsum
1421 768 1547 812 Epicurei
1563 776 1699 812 hodieque
1709 777 1818 806 docent.

1030 821 1120 855 Quare
1149 823 1334 850 necessarium
1353 822 1446 857 fuerit,
1465 824 1516 851 bac
1532 824 1614 851 etiam
1629 831 1680 851 nos
1703 824 1731 851 in
1744 831 1819 859 qua:-

1030 868 1120 896 stione
1141 869 1253 896 versari.
1280 868 1424 904 Equidem,
1442 873 1549 896 tantum
1574 869 1662 910 abest,
1683 874 1713 897 ut
1733 870 1820 898 bono-

1030 924 1089 943 rum
1114 915 1287 944 malorumve
1319 916 1484 952 principium
1510 924 1543 944 ac
1561 917 1683 952 regulam
1699 916 1820 944 aﬁ‘ectio-

1030 970 1093 989 ncm
1108 969 1168 989 esse
1179 961 1281 995 dicam,
1297 967 1325 989 ut
1342 962 1416 989 illam
1432 962 1518 997 ipsam
1536 962 1621 990 altera
1635 962 1753 998 quadam
1772 962 1819 998 ju-

1029 1008 1094 1036 dicii
1115 1008 1208 1044 regula
1225 1007 1346 1043 indigere
1363 1008 1528 1036 existimem.
1544 1007 1612 1036 Nam
1628 1009 1700 1044 quod
1722 1016 1755 1036 ea
1771 1008 1817 1042 sit,

1030 1055 1150 1082 ostendit
1167 1055 1225 1089 ipsa
1242 1062 1291 1090 per
1304 1063 1378 1082 sese:
1394 1054 1548 1090 cujusmodi
1569 1056 1614 1087 sit,
1646 1055 1695 1091 qui
1717 1055 1821 1091 iudicet

186 1101 218 1135 γέ
232 1100 273 1127 τοί
290 1109 371 1135 φασιν
382 1101 412 1127 οὺ
428 1102 518 1127 πᾶσαν
528 1100 623 1137 ἡδονὴν
636 1100 818 1134 ἀσπάζεσθαι,
832 1102 879 1129 καὶ
890 1102 974 1128 πάντα

1030 1100 1112 1128 alium
1130 1101 1255 1136 requirit.
1285 1100 1433 1128 Enimvero
1449 1101 1635 1129 domesticane
1657 1101 1703 1129 illa
1721 1102 1768 1136 sit,
1783 1110 1820 1129 an

187 1147 267 1174 πόνον
286 1146 477 1183 ἐκτρέπεσθαι.
495 1146 581 1174 Τοῦτο
591 1147 619 1174 δὲ
641 1147 799 1184 συμϐέϐηκε
825 1149 872 1175 καὶ
906 1149 977 1184 μάλα

186 1193 308 1225 εἰκότως.
325 1192 365 1220 Τὰ
378 1193 426 1228 μὲν
444 1193 498 1228 γὰρ
521 1194 651 1230 κριτήρια
675 1195 722 1221 καὶ
747 1195 830 1221 ἑαυτὰ
847 1194 976 1226 δείκνυσι,

185 1240 234 1266 καὶ
249 1239 283 1266 τὰ
294 1240 441 1275 κρινόμενα
453 1249 459 1255 ·
470 1240 500 1267 τὸ
514 1240 605 1276 μέντοι
618 1239 703 1272 πάθος
716 1241 796 1267 ἑαυτὸ
811 1241 902 1276 μόνον.
916 1241 977 1267 Ὅτι

184 1284 207 1311 δ’
236 1285 322 1317 οὕτως
352 1285 408 1321 ἔχει
447 1286 632 1322 μαρτυροῦσιν
666 1286 754 1313 αὐτοι.
782 1287 891 1323 Καίπερ
924 1286 978 1323 γὰρ

184 1329 324 1363 ἀξιοῦντες
342 1330 451 1357 ἃπασαν
470 1330 566 1367 ἡδονὴν
590 1330 690 1365 ἀγαθὸν
710 1329 790 1364 εἶναι,
808 1331 856 1358 καὶ¹
887 1331 978 1358 πᾶσαν

184 1378 318 1413 ἀλγηδόνα
332 1377 415 1404 κακὸν
425 1398 431 1409 ,
447 1377 523 1413 ὅμως
541 1377 591 1404 οὐκ
605 1377 648 1404 ἀεί
661 1385 727 1411 φασι
741 1377 796 1404 δεῖν
811 1376 859 1412 τὴν
873 1377 921 1412 μὲν
941 1377 980 1403 αἰ-

185 1423 308 1460 ρεῖσθαι,
329 1424 377 1460 τὴν
404 1423 432 1450 δὲ
453 1423 576 1458 φεύγειν·
595 1423 753 1459 μετρεῖσθαι
773 1423 827 1459 γὰρ
855 1423 926 1449 αὐτὰ
939 1423 978 1458 τῷ

184 1470 271 1506 ποσῷ,
283 1471 307 1497 εἰ
323 1470 369 1497 καὶ
384 1471 413 1496 οὑ
433 1469 472 1506 τῷ
489 1469 568 1506 ποιῷ.
583 1469 666 1506 Δῆλον
680 1467 736 1501 οὖν,
752 1469 789 1502 ὡς
803 1469 834 1496 τό
851 1477 882 1504 γε
897 1469 979 1496 ποσὸν

183 1518 261 1545 οὐδὲν
273 1517 357 1553 ἀλλ’ἢ
374 1518 388 1544 ό
401 1517 480 1552 λόγος
496 1517 595 1553 κρίνει.
614 1516 650 1544 Τὸ
666 1517 721 1553 γὰρ
734 1536 742 1548 ,
761 1517 890 1552 Ἀμῖινόν
905 1518 979 1544 ἐστιν

184 1565 328 1600 ὑπομεῖναι
343 1564 437 1591 τούσδε
447 1564 525 1596 τινὰς
536 1565 599 1596 τοὺς
614 1564 724 1596 πόνους,
738 1564 813 1594 ὅπως
825 1563 976 1600 ἡσθειημεν

182 1610 279 1645 ἡδονὰς
295 1608 404 1645 μείζους
414 1618 421 1625 ο
442 1611 489 1637 καὶ
503 1610 545 1642 τὸ,
562 1610 701 1646 Συμφὲρει
717 1609 801 1636 τῶνδέ
813 1618 894 1636 τινων
909 1609 978 1636 ἀπέ-

182 1656 278 1692 χεοθαι
291 1656 344 1683 τῶν
361 1656 471 1692 ἡδονῶν,
485 1657 529 1684 ἴνα
542 1657 579 1693 μὴ
592 1657 719 1693 ἀλγῶμεν
734 1657 883 1693 ἀλγηδόνας
899 1657 978 1692 χαλε-

184 1702 320 1739 πωτέρας,
349 1704 397 1730 καὶ
424 1703 514 1731 πάντα
530 1703 564 1730 τὰ
582 1704 712 1737 τοιαῦτα,
743 1704 822 1738 λόγος
836 1704 851 1730 6
878 1703 978 1740 κρίνων

182 1748 266 1776 ἐστίν.
287 1749 323 1776 Τὸ
341 1749 364 1776 δ’
381 1749 441 1776 ὅλον
456 1770 463 1782 ,
486 1750 514 1776 at
536 1750 585 1785 μὲν
603 1749 745 1784 αἰσθήσεις
766 1751 812 1777 καὶ
831 1751 859 1777 αι
875 1759 975 1785 φαντα-

183 1795 240 1820 σίαι
261 1794 410 1831 καθαπερεὶ
434 1794 575 1830 κάτοπτρα
599 1794 646 1821 καλ⁵
661 1795 765 1826 εἰκόνες
789 1795 891 1822 ἐοίκασι
919 1795 973 1822 τῶν

183 1840 354 1875 πραγμάτων
371 1837 458 1867 εῖναιν
474 1840 509 1868 τὰ
521 1841 612 1876 μέντοι
627 1840 700 1876 πάθη
713 1861 720 1872 ,
740 1841 786 1867 καὶ
805 1841 833 1867 αἱ
860 1841 971 1877 ἡδοναὶ,

182 1887 230 1912 καὶ
252 1887 277 1913 oi.
297 1887 392 1919 πόνοι,
419 1887 518 1923 τροπαὶ
535 1888 582 1914 καὶ
597 1887 753 1919 ἀλλοιώσεις
768 1887 847 1922 ήμῶν
871 1887 970 1914 αὐτῶν.

182 1932 275 1970 Ταύτῃ
298 1933 326 1960 δὲ
341 1953 348 1965 ,
374 1933 562 1969 αἰσθανόμενοι
589 1934 637 1969 μὲν
666 1934 713 1960 καὶ
735 1934 971 1970 φαντασιούμενοι,

182 1978 252 2014 πρὸς
264 1978 297 2005 τὰ
315 1978 367 2011 ἔξω
385 1979 535 2014 βλέπομεν·
553 1979 680 2015 ἡδόμενοι
703 1980 731 2006 δὲ
752 1980 798 2006 καὶ
815 1979 970 2014 ἀλγοῦντες,

181 2024 382 2061 ἐπιστρέφομεν
394 2026 441 2052 ἐπὶ
458 2026 554 2060 μόνους
573 2025 694 2057 ἑαυτούς.
711 2025 765 2058 Τὰς
779 2026 828 2061 μὲν
851 2025 904 2062 γὰρ
931 2027 972 2053 αἰ-

181 2070 292 2106 σθήσεις
307 2070 387 2106 ἡμῶν
400 2070 434 2097 τὰ
447 2070 499 2103 ἔξω
515 2073 585 2097 ποιεῖ
595 2079 601 2085 ·
618 2071 665 2097 καὶ
684 2071 763 2097 ὁποῖα
778 2069 811 2096 ἂν
868 2071 970 2101 ἐκεῖνα,

180 2114 308 2146 τοιαύτας
340 2115 525 2150 ἀπεργάζεται
551 2116 598 2141 καὶ
629 2115 679 2146 τὰς
719 2115 884 2149 φαντασίας·
917 2124 971 2142 τοι-

179 2161 250 2188 αῦτα
267 2161 322 2197 (10)
337 2161 366 2188 δὲ
393 2161 465 2197 πάοη
481 2161 545 2188 ποιὰ
559 2161 627 2188 ἄττα
643 2161 745 2196 γίνεται
764 2160 796 2187 δι’
812 2162 895 2196 ἡμᾶς,
924 2162 971 2188 καὶ

177 2208 216 2239 ὡς
226 2207 259 2234 ἀν
274 2208 355 2243 ἡμεῖς
370 2207 486 2243 ἔχωμεν.
502 2207 551 2234 Διά
565 2207 621 2243 (Η)
634 2207 731 2239 ταῦτα,
748 2207 812 2234 ποτὲ
829 2208 877 2243 μὲν
894 2208 968 2244 ἡδέα,

179 2254 245 2281 ποτε
255 2254 276 2280 δ’
289 2254 360 2289 ἀηδῆ
375 2254 509 2289 φαίνεται,
527 2254 574 2280 καὶ
589 2253 644 2281 ἔσθ’
657 2255 702 2280 ὅτε
719 2254 768 2290 μὲν
787 2254 896 2289 μᾶλλον,
913 2254 969 2281 ἐσθ’

177 2301 222 2326 ὅτε
235 2300 264 2327 δὲ
277 2297 369 2336 ἦττον.
382 2297 433 2326 Ὧν
446 2299 533 2332 οὕτως
546 2301 672 2336 ἑχόντων,
692 2301 858 2336 εὑρήσομεν,
876 2301 900 2327 εἰ
912 2300 971 2327 ἐθέ-

176 2345 270 2380 λοιμεν
284 2347 404 2377 σκοπεῖν,
421 2345 521 2381 ἄριστα
533 2345 583 2377 τὰς
595 2345 644 2380 τῆς
659 2344 786 2380 γνώσεως
803 2345 891 2381 ἀρχὰς
904 2345 970 2371 ὑπο-

175 2390 344 2427 τιθεμένους,
370 2391 465 2417 όπόσοι
493 2391 540 2417 καὶ
556 2391 605 2423 τὰς
621 2391 762 2426 αἰσθήσεις
785 2392 831 2418 καὶ
846 2392 891 2418 τὸν
907 2391 968 2419 νοῦν

177 2437 446 2473 παραλαμὸάνουσιν.
464 2437 555 2464 Ἔοικε
567 2437 588 2463 δ’
605 2439 621 2472 ἡ
641 2437 690 2472 μὲν
705 2437 830 2473 αἰσθησις
845 2439 903 2469 ταῖς
918 2437 968 2473 ἄρ·
986 2451 1008 2479 1)

175 2493 239 2511 κυσι
258 2484 304 2512 καὶ
320 2486 376 2516 τοῖς
391 2484 520 2516 δικτύοις,
537 2485 582 2511 καὶ
599 2485 654 2516 τοῖς
670 2484 759 2516 ἄλλοις
769 2486 823 2516 τοῖς
841 2484 970 2516 τοιούτοις

175 2531 323 2566 θηράτροις
333 2540 339 2546 ·
356 2531 370 2557 ὁ
387 2530 416 2557 δὲ
430 2529 492 2561 νοῦς
516 2530 563 2557 καὶ
579 2530 592 2556 ὁ
609 2529 686 2564 λόγος
700 2532 755 2562 τοῖς
770 2531 833 2556 κυσὶ
847 2532 902 2562 τοῖς
913 2539 969 2557 στι-

174 2576 285 2604 ϐεύουσι
299 2577 346 2604 καὶ
361 2576 546 2612 μεταθέουσιν.
563 2576 657 2603 Αὐτῶν
673 2577 723 2612 μὲν
739 2576 878 2607 τοιούτων,
891 2577 969 2612 ἀμει-

173 2632 218 2650 νον
234 2622 388 2658 φιλοσοφεῖν
403 2622 506 2650 οἴεσθαι
522 2622 574 2658 χρὴ
590 2623 652 2654 τοὺς
671 2623 740 2658 μήτε
758 2623 819 2654 ταῖς
838 2622 968 2659 αἰσθήσε-

174 2678 228 2701 σιν,
244 2659 283 2700 ῖῖυς
296 2668 385 2704 ἔτυχε,
412 2669 580 2705 χρωμένους,
597 2668 665 2703 μήτε
681 2668 715 2695 τὰ
736 2668 809 2703 πάοη
823 2668 967 2704 παραλαμ-

174 2715 306 2746 ϐάνοντας
322 2715 368 2741 ἐπὶ
384 2715 434 2751 τὴν
447 2714 582 2750 τάληθοῦς
606 2714 760 2749 διάγνωσιν.
785 2715 822 2741 Ἦ
841 2715 927 2742 δεινόν
939 2715 965 2750 γ’

173 2761 206 2787 ἂν
221 2762 274 2797 εἴη,
293 2761 450 2796 πεφυκότας
472 2761 642 2798 ἀνθρώπους,
675 2761 783 2797 ἡδοναῖς
807 2763 852 2789 καὶ
875 2763 966 2795 πόνοις

174 2808 284 2842 ἀλόγοις
311 2809 347 2834 ὲπ
358 2809 469 2844 τρέπειν
484 2809 606 2840 ἑαυτοὺς,
635 2808 753 2843 ἀφέντας
769 2808 814 2835 τὸν
829 2808 966 2836 θειότατον

175 2853 272 2888 κριτὴν
285 2853 355 2880 νοῦ-ι⁴
376 2863 384 2879 ι
402 2854 495 2881 Ταῦτα
507 2854 560 2882 ἀπὺ
575 2854 627 2881 τῶν
648 2853 861 2890 Ἀριστοκλέους.

210 2945 266 2980 (I0)
288 2943 368 2973 Forte
384 2945 425 2973 τά.

1028 1146 1126 1179 aliena,
1145 1154 1243 1173 sensus
1259 1145 1436 1181 pronuntiat;
1449 1151 1540 1173 utrum
1555 1146 1704 1181 expetenda
1718 1147 1764 1181 sit,
1781 1155 1815 1174 an

1029 1191 1167 1227 fugienda,
1194 1192 1264 1219 ratio
1300 1190 1405 1219 statuit.
1447 1192 1519 1219 Sane
1549 1192 1659 1227 quidem
1685 1193 1740 1226 isti,
1769 1200 1820 1220 nec

1029 1245 1140 1265 omnem
1177 1244 1206 1265 se
1237 1237 1380 1272 complecti
1409 1238 1587 1273 voluptatem,
1618 1246 1668 1266 nec
1696 1238 1818 1267 laborem

1028 1291 1136 1311 omnem
1152 1283 1246 1319 fugere
1261 1284 1396 1312 dictitant.
1424 1285 1516 1320 Neque
1533 1285 1559 1312 id
1579 1285 1638 1312 sine
1660 1293 1758 1321 magna
1772 1294 1818 1314 τας

1029 1330 1101 1357 tione
1115 1330 1173 1357 ﬁeri
1189 1330 1267 1358 solet.
1289 1329 1433 1358 Judicandi
1449 1331 1521 1357 enim
1545 1331 1738 1364 instrumenta,
1755 1340 1818 1360 cum

1028 1375 1174 1403 ostendunt
1192 1377 1250 1411 ipsa
1268 1384 1338 1409 sese,
1351 1381 1408 1404 tum
1426 1384 1457 1404 ea
1475 1377 1557 1404 simul
1571 1378 1605 1405 de
1624 1377 1726 1413 quibus
1739 1378 1818 1414 judiv

1029 1425 1119 1453 catur,
1149 1422 1292 1456 aperiunt:
1319 1422 1425 1450 atl‘ectio
1455 1430 1484 1449 se
1510 1423 1596 1450 solam
1621 1423 1734 1451 indicat.
1767 1423 1818 1451 Cui

1029 1467 1135 1495 veritati
1164 1468 1205 1495 vel
1238 1468 1282 1495 isti
1308 1476 1417 1504 quoque
1453 1468 1649 1504 suffragantur.
1682 1468 1751 1496 Nam
1789 1474 1819 1497 ut

1029 1522 1138 1542 omnem
1152 1514 1317 1550 voluptatem
1339 1515 1452 1547 bonum.
1472 1515 1594 1543 dolorem
1618 1523 1727 1543 omnem
1758 1524 1818 1544 ina-

1028 1561 1084 1588 lum
1110 1569 1171 1589 esse
1189 1561 1288 1595 velint;
1313 1562 1426 1589 alteram
1456 1566 1545 1589 tamen
1563 1569 1670 1597 semper
1688 1566 1818 1598 expeten-

1028 1607 1103 1640 dam,
1117 1607 1277 1643 fugiendum
1292 1615 1401 1643 semper
1419 1609 1535 1636 alterum
1549 1615 1608 1635 esse
1621 1612 1730 1643 negant.
1751 1608 1816 1636 dum

1029 1658 1184 1689 utrumque,
1193 1655 1215 1682 si
1229 1654 1321 1682 minus
1331 1655 1472 1690 qualitate,
1483 1655 1634 1689 quantitate
1643 1655 1752 1690 quidem
1761 1663 1818 1684 me-

1028 1700 1150 1728 tiendum
1162 1701 1330 1729 existimant.
1343 1700 1432 1737 Hujus
1443 1710 1507 1729 vero
1520 1702 1681 1737 quantitatis
1695 1702 1816 1737 iudicem

1027 1747 1111 1774 alium
1133 1753 1240 1775 constat
1251 1756 1312 1776 esse
1324 1756 1376 1776 non
1387 1756 1475 1783 posse,
1490 1754 1585 1783 praeter
1595 1749 1738 1776 rationem.
1754 1747 1817 1777 Haec

1026 1794 1110 1827 enim,
1128 1803 1189 1829 quae
1199 1795 1233 1822 ab
1246 1795 1300 1822 illis
1317 1796 1396 1831 vulgo
1412 1796 1563 1830 jactantur,
1581 1795 1714 1825 Praestare
1726 1801 1816 1825 certos

1026 1840 1159 1875 quosdam
1175 1841 1285 1868 eosdem
1308 1842 1416 1870 labores
1441 1842 1576 1870 interdum
1602 1843 1706 1876 subire,
1729 1849 1759 1871 ut
1786 1851 1816 1870 a-

1026 1885 1128 1913 criores
1149 1885 1211 1913 inde
1232 1886 1383 1922 voluptates
1399 1887 1549 1914 sentiamus
1563 1897 1569 1914 :
1582 1888 1670 1916 Certis
1689 1896 1817 1916 nonnun-

1025 1939 1108 1966 quam
1134 1931 1319 1966 voluptatibus
1351 1933 1552 1967 abstinendum,
1583 1942 1616 1962 ne
1645 1935 1816 1970 gravioribus

1026 1983 1118 2011 postea
1140 1977 1279 2005 doloribus
1308 1986 1467 2014 urgeamur,
1495 1984 1647 2015 caateraque
1675 1980 1701 2008 id
1729 1988 1816 2015 genus

1025 2022 1128 2054 omnia,
1149 2022 1263 2050 rationis
1288 2023 1370 2051 unius
1381 2023 1486 2058 judicio
1499 2025 1693 2052 decernuntur.
1712 2024 1812 2060 Atque,

1026 2072 1055 2095 ut
1070 2067 1197 2096 universe
1213 2069 1369 2103 loquamur,
1391 2077 1490 2098 sensus
1504 2074 1586 2105 atque
1604 2070 1662 2098 visa
1688 2071 1814 2106 quaedam

1024 2115 1102 2150 quasi
1127 2123 1217 2143 rerum
1240 2117 1350 2152 specula
1375 2121 1402 2144 et
1421 2117 1555 2152 imagines
1576 2117 1702 2145 videntur
1725 2127 1730 2144 :
1750 2117 1816 2144 atl‘e-

1024 2162 1112 2189 tiones
1149 2166 1250 2194 autem,
1280 2162 1434 2197 voluptates
1469 2167 1497 2190 et
1543 2163 1662 2196 labores,
1689 2167 1813 2191 nostrum

1024 2207 1145 2242 ipsorum
1167 2208 1343 2236 mutationes.
1362 2210 1467 2245 Itaque,
1480 2209 1545 2236 dum
1557 2217 1638 2237 sensu
1654 2209 1815 2244 aliquidaut

1024 2253 1189 2289 cogitatione
1203 2254 1394 2287 informamus,
1407 2255 1541 2283 exteriora
1555 2255 1732 2290 respicimus:
1747 2255 1813 2282 dum

1023 2299 1188 2334 voluptatem
1220 2301 1385 2336 percipimus
1413 2305 1462 2328 aut
1487 2301 1620 2334 dolorem,
1641 2301 1668 2328 in
1689 2308 1739 2329 nos
1753 2305 1814 2328 tan-

1025 2350 1081 2372 tum
1097 2345 1180 2380 ipsos
1199 2347 1394 2374 convertimur.
1417 2345 1471 2373 ﬂes
1485 2348 1558 2375 enim
1575 2347 1746 2375 extrinsecus
1761 2347 1812 2374 ob-

1024 2390 1084 2418 lata:
1104 2391 1162 2419 visa
1187 2396 1279 2419 nostra
1300 2392 1430 2425 cilicium,
1445 2400 1562 2427 quarum
1580 2393 1624 2420 illa
1641 2397 1706 2421 sunt
1719 2393 1813 2428 proin-

1023 2436 1055 2463 de
1070 2437 1180 2464 similia.
1210 2437 1244 2464 At
1272 2445 1336 2465 vero
1353 2437 1511 2466 allec-tiones
1535 2439 1640 2466 vultum
1665 2447 1699 2466 ex
1727 2438 1807 2466 nobis

1022 2483 1195 2518 speciemque
1218 2489 1353 2512 sumunt:
1375 2493 1430 2520 quo
1454 2486 1484 2513 tit
1508 2490 1538 2512 ut
1559 2485 1688 2521 jucundte
1717 2486 1810 2518 modo,

1023 2528 1103 2555 modo
1122 2529 1288 2564 injucunda).
1307 2529 1389 2565 idque
1402 2530 1489 2565 magis
1515 2531 1641 2558 minusve
1656 2531 1809 2558 vidcantur.

1021 2573 1099 2607 Quod
1114 2583 1175 2602 cum
1194 2575 1232 2602 ita
1244 2575 1289 2607 sit,
1307 2583 1355 2603 eos
1378 2582 1482 2612 utique,
1509 2576 1533 2604 si
1549 2576 1614 2604 boni
1630 2577 1812 2605 ratiocinatoo

1020 2628 1064 2648 res
1090 2628 1151 2648 esse
1169 2621 1306 2654 volumus,
1336 2622 1438 2657 optitne
1456 2623 1491 2651 de
1506 2623 1689 2659 cognoscendi
1709 2623 1812 2658 princi-

1019 2667 1072 2702 piis
1096 2672 1216 2695 statuere
1239 2669 1417 2704 reperiemus,
1436 2670 1483 2705 qui
1505 2670 1605 2698 mentis
1622 2678 1654 2698 ac
1679 2678 1810 2698 sensuum

1020 2713 1074 2741 vim
1086 2721 1252 2750 operamque
1267 2715 1446 2751 conjungnnt.
1464 2716 1496 2744 Et
1506 2717 1617 2752 quidem
1630 2724 1729 2745 sensus
1749 2717 1809 2751 pla-

1019 2761 1061 2796 gis
1082 2766 1109 2788 et
1128 2762 1242 2794 retibus,
1264 2769 1297 2789 ac
1316 2762 1423 2790 caeteris
1439 2763 1465 2790 id
1489 2771 1577 2798 genus
1593 2768 1753 2792 venatorum
1772 2763 1812 2790 in-

1020 2807 1182 2835 strumentis
1194 2828 1202 2841 ,
1229 2815 1308 2835 mens
1327 2813 1418 2836 autem
1438 2814 1465 2838 et
1479 2810 1551 2838 ratio
1567 2802 1761 2845 indagantibus
1784 2813 1812 2836 et

1022 2853 1230 2888 insequentibus
1245 2854 1359 2883 canibus
1383 2855 1486 2884 similes
1508 2860 1582 2884 sunt.
1605 2855 1688 2891 77o
1703 2855 1812 2882 Maneat

1056 2944 1080 2981 (ί
1088 2944 1112 2980 1)
1131 2943 1211 2972 Forte
1227 2943 1276 2972 διό.
