2061 3210
193 192 262 220 1⁸269

194 298 265 332 μέγα
281 307 306 324 τι
320 299 369 334 τῆς
384 299 512 335 ἀληθείας
521 301 707 336 παρεξέλοοις.
723 304 855 335 -ανΙσως,
871 320 905 324 ——
919 303 982 340 Ἆρ’

191 341 238 370 οὖν
255 345 285 370 οὺ
299 344 416 381 τέταρτα
431 346 497 381 (16),
509 346 526 374 ἃ
538 348 587 383 τῆς
600 348 689 385 ψυχῆς
702 350 788 386 αὐτῆς
801 350 909 385 ἔθεμεν,
920 351 982 377 ἐπι-

192 391 300 426 στήμας
316 400 355 423 τε,
372 393 418 419 καὶ
431 393 538 428 τέχνας,
556 395 603 421 καὶ
626 395 704 428 δόξας
723 396 805 432 ὁρθὰς
828 396 982 432 λεχθείσας,

192 436 268 465 ταῦτ’
286 436 355 465 εἶναι
371 440 405 465 τὰ
419 440 487 475 πρὸς
501 442 556 472 τοῖς
576 441 649 477 τρισὶ
672 442 806 478 τέταρτα;
832 443 910 478 εἴπερ
937 443 984 469 τοῦ

190 486 294 520 ἀγαθοῦ
303 487 361 512 ἐστι
369 487 477 522 μᾶλλον,
491 487 565 523 ἦξτῆς
576 488 673 524 ἡδονῆς
685 489 694 524 (
700 489 739 524 l7)
751 480 984 525 ξυγγενῆ.-Τὸιχ’

190 533 232 559 ἄν.
250 549 284 554 —
299 533 430 568 Πέμπτας
444 534 532 560 τοίνυν
555 534 588 566 ἃς
609 535 706 571 ἡδονὰς
738 536 835 572 ἔθεμεν
863 537 982 568 ἀλύπους

190 580 357 616 ὁρισάμενοι,
372 580 495 616 καθαρὰς
508 582 724 617 ἐπονομάσαντες
737 583 787 618 τῆς
796 584 884 619 ψυχῆς
899 585 982 619 αὐτῆς

192 627 358 663 ἐπιστήμας,
379 629 438 659 ταῖς
449 627 477 654 δὲ
494 629 651 664 αἰσθήσεσιν
659 629 939 665 ὲπόμενας.ν-¹Ισως.
949 646 982 650 ——

773 198 934 228 PRIEPAR.
954 200 1080 230 EVANG.
1101 201 1165 230 LIB.
1186 201 1258 229 XIV.

196 251 235 283 ὡς
251 251 267 286 ἡ
281 251 334 287 ἐμὴ
346 253 468 287 μαντεία,
487 253 550 281 νοῦν
566 255 612 281 καὶ
625 255 755 292 φρόνησιν
768 257 853 288 τιθεὶς
863 278 870 289 ,
887 258 938 284 οὐκ
952 257 985 285 ἂν
996 262 1012 271 ⁶

1755 209 1823 237 1270

1041 265 1122 287 aetera
1133 267 1187 295 que
1205 260 1307 292 omnia,
1325 268 1386 296 quae
1414 265 1541 290 naturam
1555 263 1737 293 existimanda
1758 271 1824 294 sunt

1034 305 1134 333 habere
1147 306 1352 341 sempiternam.
1367 321 1405 328 -—-
1419 306 1447 334 ld
1471 307 1581 342 quidem
1595 316 1628 337 ex
1638 317 1721 345 supra
1737 311 1818 339 dictis

1038 352 1172 387 sequitur.
1189 367 1224 372 —
1241 351 1345 380 Deinde
1366 352 1399 380 ad
1416 353 1566 381 secundam
1587 356 1750 390 revocanda,
1765 365 1827 392 qua:

1036 399 1063 425 in
1085 399 1260 434 proportione
1273 404 1430 433 versantur,
1446 404 1477 428 ut
1488 401 1646 435 pulchrum,
1662 403 1824 437 perfectum,

1037 445 1175 479 idoneum,
1191 450 1218 474 et
1240 453 1411 483 quaecunque
1429 447 1512 483 hujus
1524 452 1589 475 sunt
1605 449 1822 483 generis.—Uti—
1842 474 1845 479 .

1037 500 1102 527 que.
1125 507 1161 513 —
1181 491 1300 520 Tertiam
1318 493 1447 529 denique,
1465 497 1496 522 ut
1516 494 1628 529 quidem
1651 495 1779 530 conjieio,
1801 498 1824 524 si

1038 544 1157 567 mentem
1177 539 1405 575 prudentiamque
1421 541 1556 575 posueris,
1573 541 1644 568 haud
1657 549 1673 568 a
1688 549 1754 569 vero
1764 551 1826 578 pro-

1040 585 1084 612 cul
1102 585 1257 613 aberrabis.
1269 600 1305 605 ——
1318 585 1353 612 Et
1365 586 1416 613 hoc
1431 586 1589 614 verisimile.
1610 603 1645 607 —
1659 586 1759 615 Tribus
1773 596 1825 616 au-

1037 635 1092 657 tem
1106 631 1160 659 illis
1188 639 1253 658 num
1275 632 1375 659 merito
1392 636 1520 667 quartum
1541 632 1657 660 addatur
1678 641 1775 669 genus,
1791 642 1823 663 ex

191 675 224 702 iis
247 682 308 709 quae
336 675 427 702 animo
447 675 554 710 proprie
582 675 739 708 tribuimus,
760 677 903 710 doctrinis,
928 676 1046 709 artibus,
1077 681 1103 704 et
1140 677 1313 712 opinionibus
1344 687 1405 713 quae
1431 684 1514 706 recte
1536 679 1683 708 dicuntur?
1711 682 1735 709 si
1758 683 1820 717 qui-

189 723 251 761 dem
271 722 322 749 ista
346 730 455 757 quoque
482 722 553 751 bono
590 724 780 759 conjunctiora
804 730 878 756 sunt.
902 733 983 760 quam
1018 725 1154 761 voluptas.
1177 740 1211 745 ——
1228 724 1364 753 Fortassis
1386 730 1413 752 et
1439 725 1520 753 istuc.
1537 741 1572 746 -—
1589 725 1720 760 Quintum
1758 729 1821 756 inde

190 757 199 782 l

201 777 280 796 ocum
307 769 489 804 voluptatibus
518 770 572 798 illis
595 771 731 804 (labimus,
754 779 823 807 quas
847 773 881 800 ab
904 773 978 800 omni
1013 773 1138 801 molestia
1160 780 1281 805 vacuas,
1308 772 1363 799 imo
1387 776 1414 799 et
1441 768 1527 807 puras
1548 772 1631 800 animi
1654 774 1824 809 cognitiones

190 813 252 843 csse
264 815 411 843 statuimus
428 816 487 844 illas
505 817 625 852 quidem,
653 818 698 845 sed
724 823 814 846 tamen
835 824 910 847 ortas
941 827 972 847 ex
990 820 1126 848 sensibus.
1146 835 1181 840 ——
1196 820 1322 848 Fortean.
1341 835 1377 840 —

191 872 286 908 Ἐιτῃ
303 873 329 900 δ’
349 874 383 900 ἐν
399 874 496 910 γενεᾷ,
514 875 596 911 φησιν
618 876 743 912 Ὀρφεὺς,
767 879 980 905 καταπαύσατε

535 915 539 919 ”
651 911 671 947 ⁷Ῐ
680 912 796 947 κόσμον
810 913 924 947 ἀοιδῆς.

191 966 274 1002 Ἀτάρ
289 966 438 993 κινδυνεύει
453 967 499 993 καὶ
514 968 528 993 ὁ
541 968 672 1004 ἡμέτερος
685 968 763 1003 λόγος
774 969 802 996 ὲν
818 969 884 1005 ἕκτῃ
899 979 981 997 κατα-

192 1014 363 1049 πεπαυμένος
373 1012 439 1040 εἶναι
458 1015 558 1049 κρίσει.
573 1015 609 1041 Τὸ
623 1015 650 1042 δὲ
666 1016 734 1051 μετὰ
755 1016 831 1042 ταῦθ’
850 1018 915 1052 ἡμῖν
935 1018 981 1043 οὺ-

190 1059 234 1086 δὲν
244 1060 345 1092 λοιπὸν,
359 1060 427 1095 πλὴν
442 1060 536 1096 ὥσπερ
549 1061 668 1096 κεφαλὴν
679 1061 824 1089 ἀποδοῦναι
836 1065 893 1093 τοῖς
908 1064 982 1098 εἰρη-

192 1107 292 1141 μένοις.
309 1117 343 1126 -ι
356 1106 460 1133 Οὐκοῦν
475 1107 539 1142 χρή.
556 1122 590 1126 -—
607 1107 658 1134 Ἴθι
675 1107 706 1143 δὴ
721 1108 751 1134 τὸ
767 1108 858 1144 τρίτον
873 1108 911 1144 τῷ
924 1110 980 1135 Σω-

191 1153 253 1188 τῆρι
263 1172 270 1180 .
297 1153 341 1179 τὸν
356 1153 436 1179 αὐτὸν
453 1153 721 1189 διαμαρτυράμενοι,
738 1154 817 1188 λόγον
832 1155 982 1188 ἐπεξέλθω-

192 1199 370 1233 μεν.-Ποῖον
382 1199 585 1236 δή;-Φίληῧος
600 1200 717 1235 τάγαθὸν
739 1201 814 1228 ἔθετο
835 1204 901 1238 ἡμῖν
920 1203 981 1238 ἡδο-

191 1244 239 1280 νὴν
255 1242 324 1271 εἶναι
337 1246 426 1272 πᾶσαν
439 1246 486 1272 καλ¹
503 1246 631 1282 παντελῆ.
647 1261 681 1268 -——
702 1247 738 1274 Τὸ
749 1248 840 1282 τρίτον
850 1269 858 1281 ,
881 1245 903 1275 ὧ
924 1248 981 1275 Σώ-

192 1301 303 1327 κρατες,
319 1292 356 1324 ὼς
373 1291 474 1325 ἔοικας,
487 1293 579 1327 ἔλεγες
595 1294 697 1328 ἀρτίως
709 1293 756 1321 τὸν
769 1294 799 1327 ἐξ
820 1295 908 1330 ἀρχῆς
934 1297 982 1322 ἐπ-

191 1338 335 1366 αναλαϐεῖν
352 1339 408 1365 δεῖν
420 1339 508 1374 λόγον.
519 1354 553 1358 --
571 1339 631 1367 Ναί.
645 1340 681 1366 Τὸ
701 1340 729 1366 δέ
750 1349 782 1375 γε
810 1342 879 1376 μετὰ
903 1342 982 1369 τοῦτο

190 1384 344 1420 ἀκούωμεν.
369 1384 438 1419 Ἐγὼ
460 1385 514 1421 γὰρ
540 1385 572 1421 δὴ
602 1386 719 1413 κατιδὼν
735 1386 806 1423 ἅπερ
825 1387 872 1414 νῦν
895 1388 982 1424 διελή-

190 1430 268 1463 λυθα,
291 1431 338 1457 καὶ
360 1431 529 1466 δυσχεράνας
554 1432 599 1458 τὸν
614 1432 729 1468 Φιλήϐου
756 1433 833 1468 λόγον
847 1434 877 1460 οὐ
891 1434 980 1469 μόνον,

190 1478 260 1505 ἀλλὰ
276 1479 323 1506 καὶ
336 1479 422 1506 ἄλλων
438 1479 568 1511 πολλάκις
582 1480 697 1515 μυρίων,
717 1479 793 1507 εἶπον
803 1502 810 1514 ,
826 1481 863 1512 ὼς
886 1482 981 1517 ἡδονῆς

191 1535 223 1560 γε
236 1526 298 1558 νοῦς
309 1526 341 1553 ἂν
352 1527 394 1562 εἴη
408 1527 505 1563 μακρῷ
521 1527 624 1562 βέλτιόν
642 1537 670 1554 τε
691 1529 737 1555 καὶ
755 1529 864 1564 ἄμεινον
874 1529 914 1565 τῷ
928 1530 981 1557 τῶν

191 1573 343 1609 ἀνθρώπων
359 1573 418 1609 βίῳ.
433 1590 466 1594 -α-
482 1571 542 1602 Ἦν,
550 1574 646 1601 ταῦτα.
665 1589 697 1594 —
717 1575 890 1603 ’Υποπτεύων
905 1576 932 1602 δέ
949 1585 980 1610 γε

1036 879 1070 905 At
1084 887 1175 914 genere
1188 879 1215 905 in
1227 883 1312 912 sexto,
1328 877 1416 914 inquit
1432 877 1568 913 Orpheus,
1586 883 1694 914 gratum
1717 880 1823 907 conclu-

1574 916 1639 952 [dite
1652 924 1766 944 carmen.

1037 971 1170 1006 Equidem
1185 971 1239 998 hoc
1252 971 1278 998 in
1298 975 1376 999 sexto
1387 971 1502 1006 judicio,
1528 976 1623 999 nostra
1640 979 1748 1006 quoque
1766 971 1822 998 dis-

1034 1018 1140 1053 putatio
1163 1026 1217 1045 non
1235 1018 1307 1045 male
1334 1018 1462 1046 fortassis
1484 1018 1674 1045 concludatur.
1703 1019 1743 1045 Ita
1762 1018 1825 1045 reli-

1032 1072 1117 1100 quum
1132 1065 1158 1092 id
1172 1065 1254 1092 modo
1277 1065 1323 1097 sit,
1337 1069 1368 1092 ut
1384 1072 1463 1092 suam
1475 1065 1499 1092 ei
1514 1065 1673 1092 coronidem
1697 1065 1824 1100 impona-

1033 1119 1104 1139 mus.
1116 1126 1152 1131 —
1164 1112 1340 1146 lmponamus
1354 1119 1430 1139 vero.
1445 1125 1478 1132 —-
1490 1111 1547 1146 Age
1562 1111 1655 1147 igitur,
1673 1119 1706 1139 ac
1721 1111 1824 1140 Serva-

1033 1158 1085 1185 tori
1098 1163 1203 1191 nostro,
1227 1159 1352 1186 eumdem
1379 1166 1476 1186 rursus
1499 1159 1640 1190 obtestati,
1666 1166 1822 1187 sermonem

1033 1204 1106 1232 hunc
1120 1209 1248 1232 nostrum
1264 1204 1343 1232 tertio
1355 1204 1412 1239 jam
1432 1205 1617 1232 instauratum
1634 1208 1821 1239 pertexamus.

1032 1265 1066 1270 —-
1084 1249 1204 1285 Ecquem
1219 1251 1301 1278 vero?
1315 1265 1352 1270 —
1369 1250 1500 1279 Philebus
1517 1251 1622 1279 scilicet
1636 1259 1724 1287 genus
1740 1259 1824 1279 omne

1032 1297 1179 1332 voluptatis
1204 1297 1307 1325 bonum
1322 1305 1383 1325 esse
1398 1297 1545 1325 statuebat.
1574 1309 1609 1318 --
1633 1297 1669 1325 At
1693 1297 1823 1333 jamjam,

1034 1344 1155 1372 Socratis
1183 1344 1396 1379 disputationem
1414 1344 1497 1378 hanc,
1521 1345 1612 1376 tertio,
1636 1344 1664 1371 ni
1688 1343 1784 1377 fallan-
1807 1352 1823 1372 a

1032 1390 1121 1426 capite
1137 1390 1311 1426 repetendam
1335 1396 1396 1418 esse
1420 1390 1541 1418 dicebas.
1557 1405 1592 1411 —
1614 1389 1653 1417 lla
1672 1394 1725 1417 est.
1743 1389 1822 1423 Quod

1032 1440 1123 1464 autem
1140 1436 1263 1471 sequitur
1293 1437 1477 1465 attendamus.
1492 1436 1625 1471 Equidem
1647 1443 1678 1463 ea
1702 1444 1765 1463 cum
1782 1436 1824 1462 vi-

1032 1483 1136 1516 derem,
1154 1491 1216 1518 qua:
1227 1483 1309 1510 modo
1324 1482 1529 1518 persequebar;
1548 1490 1581 1510 ac
1597 1486 1740 1518 propterea
1764 1490 1822 1510 non

1032 1529 1139 1557 Pliilebi
1152 1529 1244 1561 modo,
1265 1529 1312 1556 sed
1331 1528 1501 1556 inﬁnitorum
1522 1528 1603 1556 etiam
1624 1528 1743 1556 aliorum
1772 1536 1820 1556 vo-

1033 1584 1091 1604 cem
1106 1576 1270 1612 permoleste
1288 1576 1404 1603 ferrem:
1422 1576 1548 1603 humanae
1559 1576 1631 1609 vitae,
1645 1579 1763 1603 mentem
1777 1583 1822 1603 vo-

192 1621 239 1657 καὶ
255 1619 321 1646 illa
350 1618 418 1647 εἶναι
442 1621 537 1653 πολλὰ,
555 1619 642 1654 εἷπον,
655 1621 709 1653 ὡς,
738 1622 761 1648 εἰ
777 1623 874 1657 φανείη
888 1623 914 1648 τί
930 1631 980 1650 που

1034 1623 1135 1657 luptate
1148 1622 1228 1658 longe
1241 1622 1382 1650 meliorem
1395 1630 1427 1650 ac
1439 1622 1573 1657 potiorem
1585 1629 1646 1649 esse
1659 1621 1777 1649 defendi.
1786 1633 1823 1640 -—

190 1668 247 1693 τοῖν
259 1667 360 1702 ἀμφοῖν
371 1665 486 1701 βέλτιον,
495 1667 541 1693 ὲπὶ
549 1667 602 1694 τῶν
613 1667 772 1703 δευτερείων
781 1669 980 1704 στερήσειιίὸ),

191 1713 229 1748 νῷ
246 1713 313 1749 πρὸς
325 1713 421 1749 ἡδονὴν
438 1713 681 1749 ξυνδιαμαχοίμην,
696 1714 775 1750 ἡδονὴ
790 1714 818 1740 δὲ
831 1715 877 1741 καὶ
893 1715 983 1741 δευτε-

192 1761 272 1798 ρεῖων
296 1762 464 1797 ατερήσοιτο,
484 1777 519 1781 -
538 1759 621 1793 Εἷπες
636 1762 690 1797 γὰρ
716 1759 773 1788 οὗν.
792 1776 826 1780 -
840 1762 896 1788 Καὶ
913 1763 983 1798 μετὰ

190 1807 277 1834 ταῦτά
287 1816 329 1842 γε,
345 1807 452 1834 πάντων
467 1807 630 1840 ἱκανώτατα,
644 1808 749 1834 τούτοιν
764 1808 904 1844 οὐδέτερον
924 1810 983 1835 ἱκα-

191 1853 234 1879 νὺν
252 1853 380 1888 ἀνεφάνη.
395 1869 428 1873 -
452 1852 642 1888 “Αληθέστατα.
661 1869 696 1873 -
713 1853 817 1880 Οὐκοῦν
838 1855 982 1881 παντάπα-

191 1908 233 1925 σιν
251 1900 280 1925 ἐν
292 1898 379 1934 τούτῳ
392 1899 433 1934 τῷ
445 1898 516 1935 λόγῳ
526 1899 573 1926 καὶ
587 1899 647 1931 νοῦς
664 1899 822 1934 ἀπήλλακτο
834 1900 880 1927 καὶ
891 1901 981 1936 ἡδονὴ,

193 1945 260 1980 μηδὲ
277 1945 395 1979 τάγαθὸν
407 1945 473 1972 αὐτὸ
486 1945 633 1981 μηδέτερον
647 1946 740 1972 αὐτοῖν
753 1944 834 1977 εἶναι,
853 1947 983 1982 στερομέ-

192 2000 245 2018 νων
260 1991 435 2027 αὐταρκείας,
451 1992 498 2018 καὶ
511 1993 559 2028 τῆς
573 1991 620 2018 τοῦ
647 1992 740 2018 ἱκανοῦ
758 1993 804 2019 καὶ
822 1993 924 2020 τελείου
939 1993 983 2019 δυ-

191 2038 308 2074 νάμεως.
323 2051 357 2059 --
379 2038 534 2074 Ὀρθότατα.
555 2054 589 2058 ——
604 2038 734 2069 Φανέντος
747 2038 775 2065 δέ
792 2047 824 2073 γε
848 2038 927 2065 ἄλλου
944 2048 977 2065 τι-

190 2084 235 2115 ιὺς
247 2084 399 2119 κρείττονος
410 2084 516 2111 τούτοιν
528 2083 658 2120 ἑκατέρου
668 2104 675 2116 ,
704 2084 793 2120 μυρίῳ
818 2086 843 2119 γ’
860 2083 893 2112 αὖ
920 2085 982 2116 νοῦς

189 2128 287 2164 ἡδονῆς
301 2129 461 2165 οἰκειότερον
478 2129 525 2156 καὶ
538 2129 758 2166 προσφυέστερον
779 2129 912 2164 πέψανται
935 2130 982 2156 νῦν

189 2175 224 2210 τῇ
245 2175 292 2201 τοῦ
322 2174 451 2208 νικῶντος
476 2176 543 2212 ἰδέᾳ..
559 2192 594 2196 -
611 2175 673 2207 Πῶς
699 2176 754 2211 γὰρ
767 2175 813 2209 οΰ;
827 2192 862 2196 -
876 2175 982 2202 Οὐκοῦν

189 2219 316 2254 ’πέμπτον
330 2221 401 2247 κατὰ
413 2220 461 2256 τὴν
471 2221 572 2256 κρίσιν,
584 2221 621 2252 ὡς
634 2221 681 2248 νῦν
698 2221 712 2246 ὁ
725 2221 802 2255 λόγος
813 2222 980 2257 ἀπεφήνατο,
993 2228 999 2232 ·

190 2264 302 2299 γίγνοιτ’
313 2266 344 2292 ἂν
356 2267 372 2301 ἡ
387 2266 436 2301 τῆς
448 2267 543 2302 ἡδονῆς
555 2266 678 2302 δύναμις.
689 2283 724 2287 -
735 2268 852 2294 Ἔοικεν.
863 2283 897 2287 —
909 2268 981 2303 Πρῶα

188 2319 236 2337 τον
248 2311 276 2337 δέ
291 2319 322 2345 γε
337 2310 366 2337 οὗ
382 2311 453 2346 (19)·
472 2312 523 2339 κᾶν
544 2313 568 2339 οἱ
581 2313 681 2345 πάντες
697 2313 757 2348 βόες
781 2322 809 2339 τε
827 2313 873 2339 καὶ
892 2314 980 2345 ἵπποι,

189 2358 237 2384 καὶ
252 2357 286 2384 τὰ
310 2358 377 2385 ἄλλα
395 2358 537 2394 ξύμπαντα
554 2359 636 2395 θηρία
659 2359 741 2394 φῶσι,
767 2359 807 2395 τῷ
822 2360 853 2386 τὸ
877 2360 982 2395 χαίρειν

188 2402 308 2435 διώκειν,
326 2401 367 2435 οἷς
381 2405 554 2436 πιστεύοντες
578 2405 671 2441 ὥσπερ
691 2406 800 2440 μάντεις
813 2405 915 2441 ὄρνισιν
931 2426 937 2437 ,
958 2407 982 2432 οἰ

189 2448 282 2475 πολλοὶ
296 2450 418 2485 κρίνουσι
431 2449 480 2481 τὰς
490 2450 586 2484 ἡδονὰς
599 2453 639 2482 εὶς
652 2452 682 2477 τὸ
702 2451 750 2487 ζῇν
763 2452 828 2487 ἡμῖν
845 2449 874 2478 εὖ
888 2451 983 2487 κρατί-

191 2503 259 2527 στας
271 2494 350 2527 εἷναι,
369 2496 416 2522 καὶ
429 2497 491 2528 τοὺς
511 2495 614 2532 θηρίων
631 2496 734 2532 ἔρωτας
755 2498 855 2523 οἴονται
872 2497 982 2532 κυρίους

192 2541 262 2568 εἶναι
274 2542 414 2577 μάρτυρας
427 2542 549 2578 μᾶλλονῆ
563 2543 625 2574 τοὺς
635 2542 689 2568 τῶν
703 2544 731 2569 ἐν
746 2543 833 2578 μούσῃ
846 2542 983 2578 φιλοσόφῳ

193 2587 423 2623 μεμαντευμένων
440 2588 567 2614 ἑκάστοτε
578 2589 674 2623 λόγων.
697 2604 732 2607 -
749 2588 944 2624 ’Δληθέστατα,
960 2585 982 2615 ὦ

190 2633 345 2668 Σώκρατες,
361 2634 488 2669 εἰρῆσθαί
503 2643 543 2660 σοι
555 2634 603 2661 νῦν
628 2634 678 2670 ἤδη
708 2635 797 2670 φαμὲν
823 2635 950 2666 ἅπαντες.
971 2645 980 2661 ι

190 2679 284 2706 Ταῦτα
307 2681 321 2707 ὁ
347 2679 469 2707 Πλάτων.
491 2680 561 2714 Ἐγὼ
576 2680 603 2706 δέ
622 2689 662 2707 σοι
687 2681 732 2707 καὶ
747 2681 904 2713 Διονυσίου,
933 2681 982 2716 τῆς

228 2759 286 2795 (16)
309 2760 443 2794 Τέταρτιι.
462 2760 499 2786 ita
516 2759 688 2794 reposuimus
712 2767 743 2787 ex
770 2759 892 2792 Platone,
920 2760 982 2787 bar-

190 2797 341 2830 laaramque
358 2803 450 2823 vocem
467 2795 567 2821 τέταπε
585 2796 785 2829 dispunximus.

229 2832 284 2866 (l7)
301 2832 334 2858 Ἢ
350 2831 404 2865 τῆς
418 2830 543 2864 ἡδονῆς.
556 2830 686 2858 Tollenda
699 2831 804 2858 videtur
818 2830 982 2865 disjunetiva

190 2868 218 2902 ἦ.
245 2867 382 2900 Quaeritur
407 2867 478 2893 enim
498 2872 588 2893 utrum
617 2866 660 2892 illa
686 2874 748 2893 cum
777 2867 848 2893 bono
867 2866 982 2901 conjun-

191 2901 277 2930 ctiora
294 2903 358 2934 siut,
376 2910 458 2936 qualn
475 2901 609 2936 voluptas,
626 2910 680 2928 nou
697 2906 799 2932 autem.
815 2903 906 2930 sintne
916 2910 980 2930 tum

193 2939 264 2966 bono
282 2938 369 2973 magis
385 2945 466 2972 quam
484 2945 546 2965 cum
561 2937 696 2974 voluptate
709 2937 867 2973 conjuncta.

1036 1669 1081 1696 Sic
1098 1673 1150 1697 est.
1168 1685 1203 1690 —
1217 1668 1319 1696 Deinde
1335 1676 1398 1696 cum
1413 1669 1466 1696 alia
1488 1676 1597 1703 quoque
1613 1668 1748 1703 permulta
1760 1675 1823 1696 esse

1034 1715 1215 1750 conjicerem:
1231 1715 1332 1749 addidi,
1350 1715 1373 1742 si
1396 1715 1462 1750 quid
1482 1715 1608 1742 fortassis
1630 1719 1749 1750 utroque
1764 1722 1823 1742 me-

1037 1762 1090 1789 lius
1110 1766 1277 1793 occurreret,
1291 1769 1334 1788 me
1347 1768 1397 1796 pro
1416 1765 1506 1788 mente
1522 1768 1621 1788 rursus
1637 1764 1732 1787 contra
1746 1760 1822 1787 volu-

1035 1812 1135 1842 ptatem
1149 1812 1334 1843 pugnaturum
1349 1812 1388 1840 ut,
1407 1807 1459 1835 hac
1473 1807 1570 1842 ejecta,
1587 1806 1724 1834 secundus
1737 1806 1823 1833 menti

1034 1854 1111 1881 locus
1135 1853 1312 1881 tribueretur.
1327 1867 1361 1873 ——
1378 1852 1458 1888 772
1472 1852 1530 1880 Hoc
1546 1853 1628 1880 etiam
1642 1852 1780 1879 addidisti.
1790 1867 1823 1871 -—

1033 1899 1178 1932 Praeterea,
1196 1907 1278 1934 quam
1300 1904 1395 1926 neutra
1419 1898 1486 1926 satis
1514 1906 1562 1933 per
1577 1905 1638 1925 sese
1656 1897 1737 1930 foret,
1756 1897 1823 1924 satis

1034 1942 1181 1970 admodum
1209 1943 1395 1978 probavimus.
1413 1957 1448 1963 —
1471 1942 1618 1970 Verissima
1644 1942 1774 1977 loqueris.
1788 1957 1824 1961 —

1034 1987 1072 2015 lta
1094 1996 1142 2023 per
1157 1989 1228 2016 hanc
1236 1986 1457 2024 disputationem
1471 1987 1598 2016 eﬂ‘ectum
1617 1991 1669 2021 est,
1687 1992 1716 2015 ut
1730 1994 1820 2022 neque

1035 2038 1152 2062 mentem
1172 2042 1260 2069 neque
1274 2035 1442 2070 voluptatem
1463 2034 1553 2069 ipsum
1577 2041 1625 2069 per
1644 2041 1705 2061 sese
1721 2034 1824 2061 bonum

1034 2088 1094 2108 esse
1120 2085 1313 2113 statueremus,
1340 2081 1413 2114 quod
1434 2088 1467 2107 ex
1487 2088 1547 2108 sese
1563 2085 1659 2108 neutra
1677 2079 1823 2111 sufficeret,

1034 2130 1130 2153 neutra
1157 2125 1268 2160 perfecti
1293 2133 1326 2152 ac
1347 2126 1470 2152 numeris
1488 2125 1617 2152 omnibus
1635 2125 1753 2153 absoluti
1769 2125 1825 2151 vim

1033 2177 1060 2199 et
1075 2171 1232 2199 facultatem
1260 2171 1383 2199 haberet.
1399 2186 1433 2191 —
1455 2171 1573 2206 Optime.
1601 2187 1636 2191 —
1651 2171 1736 2197 Porro
1761 2178 1826 2198 cum

1034 2219 1144 2246 tertium
1161 2219 1241 2246 nobis
1255 2218 1329 2246 aliud
1347 2218 1517 2246 occurrisset
1540 2219 1590 2245 hac
1616 2223 1733 2252 utraque
1754 2225 1824 2252 pra:-

1036 2265 1163 2296 slantius,
1185 2269 1243 2292 tum
1258 2272 1323 2292 vero
1347 2264 1460 2292 inlinitis
1477 2264 1617 2299 gradibus.
1632 2269 1749 2291 mentem
1781 2263 1824 2290 vi-

1035 2312 1119 2339 ctoris
1142 2311 1217 2339 illius
1232 2311 1328 2338 formae
1351 2311 1574 2346 propinquiorem
1594 2314 1622 2337 et
1652 2309 1826 2344 conjunctio-

1034 2366 1090 2385 rem
1106 2365 1168 2385 esse
1183 2357 1385 2392 perspeximus,
1401 2364 1483 2392 quam
1505 2357 1681 2391 voluptatem.
1698 2370 1734 2376 —
1755 2354 1824 2382 Nam

1034 2404 1081 2439 qui
1103 2403 1183 2430 aliter
1198 2403 1256 2430 fieri
1272 2402 1428 2437 potuisset?
1444 2417 1479 2422 -—
1497 2401 1605 2429 Maneat
1627 2401 1721 2436 igitur,
1745 2400 1823 2427 volu-

1033 2450 1116 2484 ptatis
1130 2450 1196 2481 vim,
1211 2457 1243 2476 eo
1255 2449 1369 2483 judicio,
1382 2449 1455 2483 quod
1468 2448 1549 2483 paulo
1560 2452 1623 2475 ante
1636 2446 1820 2477 exercuimus.

1034 2495 1130 2529 quinto
1144 2495 1170 2521 in
1186 2494 1270 2529 gradu
1286 2493 1448 2521 consistere.
1464 2508 1499 2513 -—-
1515 2493 1568 2520 Per
1580 2501 1624 2520 me
1639 2492 1712 2520 licet.
1731 2507 1766 2513 -ν
1788 2493 1824 2519 At

1035 2542 1061 2568 in
1079 2542 1168 2576 primo
1180 2547 1343 2575 nunquam:
1365 2540 1474 2567 tametsi
1501 2540 1591 2567 omnis
1611 2544 1708 2566 contra
1727 2539 1823 2570 boum,

1035 2596 1179 2622 equorum,
1192 2595 1225 2615 ac
1244 2592 1403 2615 caaterarum
1427 2586 1549 2614 omnium
1568 2586 1686 2613 ferarum
1702 2585 1827 2612 multitu~

1034 2635 1069 2662 do
1085 2634 1259 2666 vociferetur,
1285 2633 1357 2668 quod
1379 2632 1589 2660 delectationem
1619 2640 1701 2659 unam
1729 2639 1823 2666 persc-

1034 2686 1144 2715 quatur,
1162 2681 1261 2716 quibus
1277 2680 1400 2715 plerique
1415 2679 1507 2711 fidem,
1522 2686 1575 2705 nou
1594 2686 1674 2705 secus
1693 2685 1725 2705 ac
1746 2677 1825 2703 volu-

1070 2760 1124 2795 (l8)
1151 2758 1215 2785 Ἐπὶ
1227 2757 1286 2786 τῶν
1302 2758 1479 2795 δεπυτερείῳν
1498 2757 1651 2795 στερήσει.
1663 2756 1773 2795 Rectius
1790 2765 1825 2795 ex

1033 2791 1146 2839 Platone
1169 2794 1314 2830 legeretur,
1341 2791 1410 2830 ὑπὲρ
1431 2793 1485 2820 τῶν
1506 2791 1680 2829 δευτερείων,
1700 2791 1739 2828 νῷ
1756 2792 1826 2827 πρὸς

1034 2835 1268 2902 ηοίΙΙξῗῖείιρῷτον
1284 2865 1318 2893 δέ
1335 2873 1368 2899 γε
1385 2865 1440 2902 οὔ,
1467 2869 1518 2902 etc.
1543 2864 1635 2902 Recte.
1654 2862 1729 2902 ‘Nam
1753 2861 1826 2902 apud

1033 2897 1324 2938 l‘latonem'pcssmle,
1341 2897 1447 2938 ἐερσκον
1469 2899 1497 2926 δέ
1521 2908 1551 2934 γε
1576 2901 1626 2927 οὐκ
1653 2898 1686 2925 ἂν
1705 2898 1730 2924 οἱ
1758 2897 1824 2924 πάν-

1034 2946 1094 2972 τες,
1108 2942 1161 2966 etc.
