2061 3210
275 148 342 176 1275

593 149 729 179 EUSEBll
748 151 988 180 CESARIENSIS
1007 152 1086 181 OPPJ
1101 153 1192 182 PARS
1211 154 1243 182 ll.
1263 169 1297 174 —
1320 153 1566 182 APOLOGETICA.

1838 155 1910 182 1276

276 208 477 244 elegantissima
490 230 498 243 ,
516 217 577 246 quae
596 211 654 239 suis
671 220 703 239 ex
731 213 831 240 atomis
853 217 979 242 contexta
1005 221 1066 241 esse
1096 214 1208 247 dicunt.
1230 215 1294 242 dum
1308 215 1342 242 ab
1360 215 1453 242 iisdem
1473 215 1532 243 sine
1548 214 1662 242 consilio
1689 215 1731 242 ac‘
1745 215 1806 242 sine
1822 223 1908 242 sensu

276 256 395 292 perfecta
408 265 468 286 csse
483 257 605 290 addunt,
619 259 682 294 quis
698 260 806 288 tandem
821 267 869 288 eos
885 260 971 294 ferat,
1000 261 1148 297 indigestas
1184 270 1216 289 ac
1247 262 1328 289 rudes
1354 263 1468 296 atomos]
1484 261 1675 295 obtrudentes,
1696 270 1766 298 quos
1788 270 1910 290 araneus

276 304 409 340 sapientia
439 305 518 341 longe
547 310 657 341 superet
669 327 675 339 ,
689 314 753 333 cum
777 314 858 334 suum
882 307 948 336 illud
965 316 1034 344 opus
1048 317 1064 336 a
1082 314 1179 344 suapte
1198 308 1330 336 industria
1346 308 1488 336 conﬁciat?
1508 318 1518 334 ι

558 361 674 389 CAPUT
702 361 785 390 XXV.

279 405 354 433 Idem
381 415 414 434 ea:
432 408 548 435 universi
570 407 708 436 molitione
738 409 888 443 conﬁcitur.
906 409 949 437 Ea:
967 409 1067 438 eodem.

315 486 408 520 «Quis
433 486 520 521 aequis
549 495 632 522 porro
662 487 776 515 auribus
790 487 904 520 audiat,
934 488 1069 524 ingentem

279 533 351 560 hanc
363 533 475 560 domum
486 552 494 564 ,
519 540 552 560 ex
570 533 643 561 coelo
665 538 794 568 terraque
811 539 982 563 constantem
993 556 1000 570 ,
1023 536 1069 571 qui

280 583 389 614 propter
410 579 558 606 maximam
571 579 645 606 illam
663 584 690 607 et
705 580 882 615 multiplicem
897 602 905 613 ,
925 589 987 617 quas
1006 582 1071 609 huic

281 624 397 658 insidet,
412 625 552 660 sapientia:
576 626 648 658 vim,
672 626 791 654 mundus
809 632 942 661 vocatur,
959 629 994 655 ab
1017 633 1072 656 ato«

281 671 333 699 mis
346 679 407 706 quae
419 672 494 699 nullo
512 672 593 708 ’175
612 672 737 700 ferantur
750 673 864 707 ordine,
879 674 1004 702 ordinem
1028 680 1072 702 at-

281 725 334 751 que
345 722 471 744 ornatum
485 726 594 745 omnem
608 719 746 753 accepisse
757 739 764 752 ,
794 727 826 747 ac
841 719 1071 754 perturbationem

282 762 369 795 ipsam
381 763 408 789 in
427 763 558 790 mundum
573 771 634 791 esse
648 764 801 791 mutatam?
821 764 890 797 Quis
913 769 999 792 statos
1013 765 1073 793 illos

282 813 374 835 motus
388 812 470 843 atque
484 809 680 836 conversiones
693 830 700 840 .
719 817 752 836 ex
773 810 939 838 inconstanti
955 811 1072 846 quodam

283 855 385 889 impetu
407 855 565 890 proﬁcisci?
590 855 658 888 Quis
682 856 836 884 absolutam
865 864 957 884 rerum
978 857 1075 885 caelos-

283 900 351 926 tium
364 900 535 927 harmoniam
547 921 554 934 ,
566 908 600 928 ex
616 901 763 929 inconditis
783 906 810 929 et
824 902 1000 930 inconcinnis
1019 903 1074 930 ins-

283 945 430 974 trumentis
444 946 613 982 temperari?
639 946 783 980 Quomodo
805 953 896 976 autem
908 969 915 981 ,
941 957 995 976 una
1012 957 1075 977 cum

284 992 408 1020 omnium
420 993 540 1020 essentia
551 993 587 1021 sit
598 994 871 1030 iucorruptibilisque
882 1000 990 1028 natura,
1006 996 1074 1029 solo,

286 1044 316 1066 ut
331 1039 428 1071 aiunt.
449 1040 666 1074 magnitudinum
689 1040 893 1076 ﬁgurarumque
917 1042 1075 1069 discrimine
1090 1035 1110 1062 Β

285 1092 432 1120 corporum
446 1089 554 1119 tamen,
582 1086 635 1113 alia
659 1087 804 1121 quaedam.
832 1092 861 1114 ut
888 1088 939 1122 ipsi
961 1094 1074 1121 vocant,

285 1131 376 1158 divina
405 1136 486 1165 sunt,
505 1131 568 1160 fatis
585 1133 727 1168 superiora
741 1154 749 1166 ,
775 1138 802 1160 ct
819 1134 984 1169 sempiterna
999 1155 1006 1168 ,
1035 1136 1076 1162 vel

286 1178 335 1205 aevi
351 1178 446 1206 saltem
458 1199 466 1212 ,
481 1183 510 1206 ut
523 1187 660 1207 nonnemo
678 1180 752 1215 loqui
778 1180 873 1207 maluit
887 1202 894 1212 ,
921 1181 1052 1216 longioris
1069 1191 1074 1208 :

286 1231 374 1259 eaque
390 1226 488 1259 partim
525 1226 585 1253 visu
621 1226 826 1261 percipiuntur,
854 1231 884 1254 ut
914 1227 969 1259 sol,
995 1227 1076 1259 luna.

288 1271 388 1304 stellae,
406 1275 477 1298 terra
494 1276 522 1299 et
539 1279 609 1307 aqua
626 1280 633 1305 ;
661 1272 759 1307 partim
777 1280 888 1300 sensum
913 1273 1035 1309 fugiunt,
1050 1278 1078 1301 ut

287 1317 345 1351 dii,
372 1318 510 1346 dzemones
530 1323 557 1346 et
572 1319 678 1346 animi?
700 1318 762 1346 Haec
779 1319 852 1346 enim
867 1327 944 1353 esse,
969 1325 998 1347 ut
1019 1328 1078 1347 ma-

289 1364 361 1392 xime
380 1365 480 1397 velint,
509 1373 609 1401 negare
633 1373 688 1393 non
708 1370 833 1400 possunt.
853 1366 913 1393 Alia
944 1366 1079 1394 diuturna

289 1410 436 1438 admodum
456 1411 533 1446 vitae,
547 1412 605 1440 sive
627 1412 807 1442 animantium
821 1433 828 1446 ,
851 1413 908 1440 sive
923 1413 1078 1448 plantarum

288 1465 323 1484 ex
337 1465 449 1493 genere;
466 1459 666 1492 animantium,
684 1464 714 1487 ut
735 1467 800 1487 aves
829 1460 912 1493 inter,
930 1459 1003 1495 quod
1028 1459 1079 1494 ipsi

285 1503 434 1536 dictitant,
451 1505 564 1539 aquilze,
581 1505 656 1532 corvi
685 1509 767 1541 atquc
790 1505 928 1540 phmnices
957 1515 964 1532 :
987 1513 1003 1532 c
1026 1510 1080 1532 ter-

292 1550 426 1578 restribus
453 1551 544 1582 cervi,
563 1551 721 1586 elephantes
748 1559 780 1579 ac
805 1551 955 1585 dracones;
971 1559 985 1578 e
999 1551 1081 1586 pisci—

291 1595 360 1628 bus,
377 1603 439 1630 qua:
455 1600 514 1623 cete
528 1597 658 1623 dicuntur
680 1606 685 1623 :
703 1597 859 1632 plantarum
874 1605 949 1630 vero,
966 1601 996 1624 ut
1024 1597 1081 1632 pal—

291 1647 360 1672 maa,
379 1648 497 1674 quercus
516 1646 543 1668 et
568 1649 680 1677 perseae.
695 1642 817 1675 Quarum
842 1643 924 1670 etiam
945 1643 1081 1670 nonnullae

293 1691 452 1721 perpetuam
480 1687 598 1715 retinent
621 1687 784 1716 viriditatem
799 1709 806 1722 ,
832 1689 986 1724 cujusmodi
1013 1697 1082 1724 qua-

293 1732 446 1759 tuordecim
462 1740 478 1760 a
492 1733 622 1768 quopiam
641 1740 821 1762 numerantur
837 1745 843 1762 :
862 1735 922 1762 aliae
943 1739 1019 1762 certo
1033 1735 1082 1762 llo-

294 1783 355 1807 rent
365 1783 496 1814 tempore,
505 1785 579 1808 certo
591 1789 700 1816 quoque
712 1781 855 1810 frondibus
866 1786 1014 1810 exuuntur.
1024 1782 1083 1810 Alia

294 1825 429 1861 denique,
444 1834 476 1854 ac
500 1827 587 1854 multo
604 1835 671 1855 sane
697 1828 835 1863 plurima,
854 1829 911 1856 sive
934 1833 1084 1856 nascantur

293 1878 311 1898 e
327 1875 396 1899 terra
407 1892 415 1904 ,
431 1872 489 1899 sive
502 1872 664 1907 gignantur,
692 1873 873 1908 iniquissimis
895 1874 944 1902 fati
969 1874 1085 1910 vitaaque

296 1917 463 1945 brevissimae
474 1919 618 1954 angustiis.
631 1919 809 1947 includuntur
825 1931 831 1948 :
846 1928 862 1948 e
881 1921 982 1955 quibus
1001 1921 1084 1950 homo

295 1967 377 1994 etiam
391 1967 449 2002 ipse
458 1973 516 2000 est,
534 1972 564 1995 ut
591 1969 692 1996 alicubi
716 1969 807 1997 divina
824 1970 857 1998 de
877 1970 922 1997 illo
945 1969 1084 2006 Scriptura

296 2013 438 2048 loquitur,
462 2013 527 2040 dum
556 2014 614 2047 ait,
634 2024 643 2039 ι
669 2014 791 2043 Mortalis
816 2020 925 2050 autem,
942 2020 1025 2045 natus
1053 2017 1086 2044 dc

298 2059 428 2092 muliere,
447 2059 522 2086 brevi
537 2061 630 2088 vivens
647 2065 768 2096 tempore
788 2062 808 2090 ‘.
831 2071 840 2087 ι
861 2061 1004 2096 Diversos,
1027 2064 1086 2098 opi-

298 2111 366 2137 nor,
382 2109 536 2132 atomorum
550 2113 636 2133 nexus
646 2125 654 2139 ,
668 2110 749 2134 tantae
764 2107 855 2142 hujus.
863 2107 889 2134 in
916 2107 1086 2142 persistendo

297 2150 456 2178 din‘ercntiaa
482 2159 581 2179 causas
605 2160 668 2180 esse
692 2153 906 2188 respondebunt.
924 2154 985 2181 Alia
1013 2155 1086 2182 enim

298 2193 440 2228 videlicet,
470 2195 592 2230 pressius
618 2195 653 2222 ab
681 2195 715 2223 iis
740 2196 897 2231 arctiusque
921 2197 1085 2232 constringi,

297 2246 358 2274 quae
377 2238 492 2274 proinde
506 2239 545 2267 uti
557 2240 695 2273 densiora,
707 2241 747 2269 sic
763 2241 797 2269 ad
806 2241 1011 2269 dissolvendum
1026 2242 1088 2269 lon-

298 2293 329 2321 ge
342 2285 498 2315 diﬂicillima
518 2286 574 2314 sint
588 2295 596 2314 :
610 2287 663 2314 alia
677 2295 759 2321 vero,
783 2288 857 2322 quod
876 2288 972 2315 laxiori
986 2296 1017 2316 ac
1039 2296 1087 2316 so-

296 2331 389 2358 lutiori
401 2335 555 2358 atomorum
573 2332 746 2367 colligatione
771 2332 896 2360 devincta
917 2333 987 2365 sint,
1005 2337 1087 2369 atque

1370 364 1565 390 ΚΕΦᾹΛΑΙΟΝ
1584 364 1646 390 KE'.

1143 410 1214 438 Ἀπὸ
1240 409 1294 443 τῆς
1319 409 1372 436 τοῦ
1392 410 1504 453 παντὸς
1531 410 1718 450 qur/“Idaeam.
1745 409 1820 436 Ἀπὸ
1838 417 1894 436 του

1462 454 1571 472 αυτ-ουν

1159 499 1168 515 ι
1185 490 1219 516 Ἢ
1232 488 1277 515 τὸν
1293 489 1378 524 μέγαν
1401 489 1457 524 (25)
1472 489 1564 516 τοῦτον
1582 487 1654 516 οἷκον
1673 489 1718 516 τὸν
1740 489 1771 522 ἐξ
1792 489 1911 524 οὐρανοῦ

1121 536 1168 563 καὶ
1183 535 1235 571 γῆς
1247 535 1411 565 συνεστῶτα.
1426 536 1473 562 καὶ
1488 535 1532 562 διὰ
1546 535 1576 562 τὸ
1601 535 1713 571 μέγεθος
1739 535 1787 562 καὶ
1808 535 1912 570 πλῆθος

1122 581 1172 616 τῆς
1188 581 1387 616 ἐπιφερομένης
1403 580 1476 616 αὺτῴ
1496 580 1590 614 σοφίας
1614 580 1779 615 καλούμενον
1796 580 1911 615 κόσμον,

1124 625 1176 651 ὑπὸ
1186 625 1240 651 τῶν
1257 625 1305 652 σὺν
1321 625 1408 652 οὐδενὶ
1425 625 1518 660 κόσμῳ
1534 625 1689 661 φερομένων
1706 625 1816 660 ἀτόμων
1831 634 1912 652 κεκο-

1126 671 1254 706 σμῆσθαι,
1275 671 1322 698 καὶ
1340 671 1480 705 γεγονέναι
1495 671 1595 706 κόσμον
1621 671 1768 706 άκοτμίαν;
1794 671 1858 703 Πῶς
1886 671 1914 698 δὲ

1125 718 1245 753 κινήσεις
1256 718 1302 744 καὶ
1314 717 1390 749 ὀδοὺς
1407 717 1554 749 εὐτάκτους
1579 717 1608 750 ἐξ
1633 718 1750 744 ἀτάκτου
1778 718 1915 752 προσάγε-

1126 763 1186 790 σθαι
1203 763 1307 798 φορᾶς;
1328 763 1390 795 Πῶς
1403 763 1431 789 δὲ
1443 763 1492 798 τὴν
1508 763 1688 798 παναρμόνιον
1702 763 1756 789 τῶν
1779 763 1916 799 οὐρανίων

1125 810 1233 845 χορείαν
1248 809 1277 841 ἐξ
1291 809 1418 844 ἀμούσων
1430 810 1476 836 καὶ
1490 809 1667 845 ἀναρμόστων
1689 810 1814 846 συνᾴδειν
1832 811 1881 844 6p:-
1887 812 1916 837 i-

1125 856 1277 886 vwv;Tiva
1292 855 1320 882 δὲ
1333 856 1442 891 τρόπον,
1470 857 1533 891 μιᾶς
1559 855 1642 891 οὔσης
1672 857 1719 882 καὶ
1751 857 1801 891 τῆς
1831 857 1916 892 αὐτῆς

1127 901 1240 928 ἁπασῶν
1255 901 1359 933 οὐσίας,
1388 902 1435 928 καὶ
1458 902 1506 937 τῆς
1521 901 1605 936 αὐτῆς
1634 901 1775 937 ἀφθάρτου
1795 902 1915 936 φύσεως,

1128 948 1196 983 πλὴν
1212 948 1265 974 τῶν
1282 947 1417 983 μεγέθων,
1434 947 1471 979 ὥς
1486 953 1563 982 φασι,
1577 949 1623 974 καὶ
1638 947 1692 974 τῶν
1706 948 1866 983 σχημάτων,
1883 948 1918 974 τά

1130 994 1178 1029 μέν
1194 995 1252 1020 ἐστι
1270 994 1340 1024 θεῖα,
1362 994 1408 1020 καὶ
1433 994 1575 1028 ἀκήρατα,
1600 993 1647 1020 καὶ
1658 994 1765 1024 αἰώνια,
1787 993 1825 1024 ὡς
1843 994 1918 1020 αὐτοὶ

1127 1041 1241 1075 φήσαιεν
1253 1038 1296 1071 ἂν,
1318 1039 1441 1074 σώματα,
1460 1039 1476 1074 ἦ
1496 1039 1657 1075 μακραίωνα
1672 1048 1703 1073 γε
1721 1039 1791 1066 λατά
1810 1039 1856 1066 τὸν
1874 1040 1918 1065 οὖ-

1127 1094 1180 1116 τως
1197 1085 1377 1120 ὀνομάσαντα,
1394 1085 1545 1120 φαινόμενά
1564 1093 1593 1110 τε
1612 1085 1658 1111 καὶ
1686 1085 1795 1119 ἀφανῆ-
1825 1085 1918 1119 φαινό-

1129 1140 1197 1166 μενα
1225 1131 1284 1166 μὲν,
1314 1131 1400 1166 ἥλιος,
1415 1131 1462 1157 καὶ
1478 1130 1588 1166 σελήνη,
1618 1131 1665 1157 καὶ
1684 1130 1807 1165 ἀστέρες,
1827 1130 1864 1164 γῆ
1880 1138 1916 1162 τε,

1128 1178 1174 1204 καὶ
1186 1177 1273 1213 ὕδωρ·
1286 1177 1378 1212 ἀφανῆ
1395 1177 1424 1204 δὲ
1438 1176 1493 1203 θεοί
1507 1185 1536 1204 τε
1554 1177 1601 1203 καὶ
1610 1176 1747 1212 δαίμονες,
1763 1177 1809 1203 καὶ
1824 1177 1917 1211 dmin-5;

1129 1224 1220 1251 Ταῦτα
1235 1224 1289 1260 γάρ
1306 1223 1366 1250 οὐδὲ
1383 1223 1505 1254 Θέλοντες
1527 1223 1659 1258 ὑπάρχειν
1682 1222 1854 1258 ἀρνήσασθαι
1876 1223 1919 1249 δύ-

1129 1279 1232 1297 νανται.
1247 1269 1287 1296 Τὰ
1300 1270 1329 1296 δὲ
1345 1269 1555 1305 μακροϐιώτατα
1571 1269 1629 1302 ζῶα
1643 1278 1672 1296 τε
1688 1269 1735 1296 καί
1748 1269 1835 1304 φυτά·
1863 1269 1920 1301 ζῶα.

1131 1314 1179 1348 μὲν
1195 1313 1223 1340 ἐν
1240 1322 1268 1340 τε
1286 1313 1400 1349 ὕρνισιν,
1421 1313 1458 1345 ὧς
1472 1322 1564 1348 φασιν,
1580 1314 1664 1346 ἀετοὶ,
1687 1314 1805 1350 κόρακές
1820 1322 1850 1340 τε
1875 1315 1920 1340 xz“.

1130 1359 1264 1394 φοίνικες·
1283 1359 1311 1386 ἕν
1326 1368 1355 1386 τε
1370 1360 1508 1394 χερσαίοις
1523 1360 1616 1394 ἐλαφοί
1628 1368 1668 1391 τε,
1697 1360 1744 1386 καὶ
1764 1360 1919 1394 ἐλεφάντες,

1130 1405 1177 1431 καὶ
1189 1405 1334 1441 δράκοντες
1345 1413 1353 1420 ·
1369 1407 1397 1432 ὲν
1413 1405 1441 1432 δὲ
1455 1407 1511 1438 τοῖς
1527 1405 1648 1441 ἐνύδρως
1660 1405 1694 1432 τὰ
1713 1406 1795 1441 κήτη.
1820 1406 1922 1441 Δένδρα

1130 1452 1158 1478 δὲ
1171 1452 1299 1486 φοίνικες,
1315 1452 1362 1478 καὶ
1376 1451 1465 1487 δρύες,
1479 1452 1526 1478 καὶ
1542 1452 1671 1488 περσέαν
1687 1452 1734 1478 καὶ
1747 1452 1802 1478 τῶν
1818 1460 1850 1486 γε
1863 1452 1921 1478 δέν-

1130 1498 1200 1533 δρων
1212 1497 1247 1524 τὰ
1262 1497 1310 1533 μέν
1328 1498 1401 1524 ἐστιν
1414 1497 1536 1532 ἀειθαλῆ,
1548 1497 1566 1524 ἃ.
1583 1497 1630 1524 καὶ
1642 1497 1855 1532 καταριθμήσεις
1882 1506 1923 1529 τις

1131 1542 1207 1571 εἶπεν
1221 1542 1290 1570 εἶναι
1299 1543 1532 1579 τεσσαρακαίδεκα
1541 1551 1548 1558 ·
1557 1543 1591 1570 τὰ
1604 1543 1632 1569 δὲ
1641 1544 1710 1579 πρὸς
1725 1543 1821 1579 καιρὸν
1837 1544 1922 1576 ἀνθεῖ,

1132 1590 1178 1616 καὶ
1197 1589 1370 1625 φυλλορροεῖ·
1390 1590 1424 1616 τὰ
1437 1589 1466 1615 δὲ
1482 1589 1594 1616 πλεῖστα
1607 1589 1661 1616 τῶν
1672 1598 1702 1616 τε
1718 1590 1862 1625 φυομένων
1878 1591 1924 1617 καὶ

1131 1636 1307 1672 γεννωμένων
1316 1636 1388 1663 ἐστὶν
1399 1635 1530 1672 ὠκύμορα
1539 1636 1584 1662 καὶ
1594 1635 1757 1672 βραχυτελῆ,
1764 1633 1801 1663 ὧν
1811 1637 1870 1663 ἐστι
1879 1639 1924 1663 καὶ

1133 1684 1147 1709 ὁ
1163 1682 1316 1718 ἅνθρωπος,
1329 1682 1367 1714 ὠς
1391 1679 1452 1708 εἶπέ.
1469 1691 1511 1714 τις
1528 1682 1592 1716 ἁγία
1620 1682 1685 1717 περὶ
1712 1682 1796 1711 αὑτοῦ
1813 1685 1923 1718 γραφή·

1138 1738 1146 1754 ι
1159 1729 1257 1764 Βροτρς
1268 1728 1297 1755 δὲ
1310 1729 1438 1764 γεννητὸς
1445 1729 1583 1764 γυναικδς,
1598 1728 1758 1763 ὀλιγόϐιος.»
1770 1729 1852 1756 Ἀλλά
1865 1732 1925 1762 τοις

1135 1775 1298 1811 συνδέσμους
1313 1775 1426 1810 φήσουσι
1446 1774 1500 1801 τῶν
1517 1775 1625 1810 ἀτόμων
1641 1775 1849 1808 διαλλάττοντας
1859 1797 1866 1807 ,
1886 1778 1926 1802 αἰ-

1134 1821 1207 1852 τίους
1219 1820 1340 1855 γίνεσθαι
1351 1820 1402 1856 τῆς
1415 1822 1479 1856 περὶ
1493 1821 1542 1857 τὴν
1552 1821 1681 1856 διαμονὴν
1694 1821 1845 1857 διαφθορᾶς
1859 1823 1924 1855 (‘26).

1135 1867 1176 1894 Τά
1192 1867 1240 1902 μὲν
1256 1866 1309 1903 γὰρ
1323 1867 1367 1893 ὑπ’
1382 1867 1472 1894 αὐτῶν
1486 1867 1681 1894 πεπυκνῶσθαι
1703 1868 1750 1894 καὶ
1774 1870 1923 1903 κατεσρίγ-

1136 1913 1197 1948 χθαι
1210 1913 1328 1947 λέγεται,
1344 1913 1382 1944 ὼς
1397 1909 1482 1940 ταῦτα
1497 1913 1636 1945 παντελῶς
1656 1913 1869 1940 δυσαπάλλακτα
1882 1922 1926 1947 γε·

1136 1959 1241 1993 γονέναι
1259 1959 1401 1995 πιλήματα
1413 1968 1421 1976 ·
1439 1959 1473 1986 τὰ
1499 1960 1528 1986 δὲ
1549 1960 1709 1997 μανωτέραν
1734 1961 1782 1987 καὶ
1802 1960 1925 1996 χαλῶσαν

1137 2006 1185 2041 τὴν
1201 2005 1348 2041 συνάφειαν
1361 2006 1414 2032 τῶν
1427 2006 1535 2042 ἀτόμων
1549 2007 1592 2032 ἐπ’
1602 2006 1711 2032 ἔλαττον
1748 2007 1831 2033 πλέον
1847 2008 1925 2042 ἐσχη-

1137 2053 1223 2085 κέναι,
1237 2052 1274 2084 ὡς
1290 2052 1307 2088 ἢ
1326 2052 1420 2079 θᾶττον
1434 2053 1450 2088 ἢ
1468 2052 1536 2088 μετά
1549 2053 1615 2079 πολὺ
1633 2054 1681 2089 τῆς
1695 2054 1861 2089 κοσμήσεως
1878 2053 1924 2080 αὺ-

1136 2099 1189 2125 τῶν
1204 2099 1379 2133 ἀφίστασθαι.
1393 2099 1445 2125 Καὶ
1460 2099 1493 2125 τὰ
1509 2099 1558 2135 μὲν
1570 2100 1602 2126 ὲκ
1618 2098 1729 2125 τοιῶνδε
1745 2100 1794 2126 καὶ
1803 2096 1855 2126 ὧδέ
1870 2107 1925 2130 πως

1137 2145 1391 2180 ὲσχηματισμένων,
1403 2145 1437 2171 τὰ
1448 2145 1477 2172 δὲ
1494 2145 1523 2179 ἐξ
1535 2145 1635 2181 ἐτέρων
1647 2146 1775 2182 ἑτεροξως
1791 2145 1925 2180 διακειμέ-

1137 2200 1189 2218 νων
1201 2191 1399 2227 συμμεμίχοαι.
1416 2192 1463 2224 Τίς
1477 2189 1522 2220 οὖν
1537 2193 1551 2218 ὁ
1570 2192 1734 2227 φιλοκρίνων
1758 2192 1815 2227 (:27)
1827 2212 1834 2224 ,
1867 2201 1924 2219 συν-

1137 2236 1254 2272 αγείρων
1267 2245 1307 2269 τε,
1322 2238 1368 2263 καὶ
1377 2237 1508 2272 ἀναχέων,
1517 2238 1563 2264 καὶ
1574 2238 1654 2264 τάσδε
1669 2238 1718 2273 μὲν
1728 2238 1800 2264 οὕτω
1817 2239 1925 2264 συιιιτέὶτ⁸

1136 2290 1190 2308 των
1206 2282 1244 2313 εἰς
1263 2281 1349 2317 ἥλιον,
1359 2281 1407 2313 τὰς
1421 2281 1449 2308 δὲ
1465 2281 1514 2307 ὼδ⁴ι
1525 2301 1532 2313 ,
1543 2281 1586 2307 ἵνα
1602 2282 1618 2316 ἡ
1631 2280 1728 2317 σελήνη
1739 2281 1863 2316 γένηται,
1881 2282 1925 2308 καὶ

1137 2327 1239 2353 ἕκαστα
1254 2326 1400 2362 συμφέρων
1416 2326 1485 2352 κατὰ
1497 2326 1545 2361 τὴν
1559 2326 1713 2362 οἰκειότητα
1727 2326 1796 2361 πρὸς
1812 2327 1924 2353 ἑκάστου

297 2377 325 2406 id
341 2377 423 2405 etiam
436 2386 499 2405 cum
512 2378 605 2414 aliquo
619 2379 792 2413 discrimine,
808 2379 925 2407 celerius
941 2384 1080 2415 propterea

1138 2372 1218 2407 φύσιν
1231 2372 1345 2406 ἀστέρος
1356 2380 1363 2404 ;
1376 2371 1437 2398 οὔτε
1449 2371 1502 2407 γὰρ
1517 2373 1544 2398 αἱ
1559 2370 1670 2407 ἡλιακαὶ
1689 2372 1735 2398 καὶ
1749 2371 1866 2403 τοσαίδε,
1883 2372 1924 2398 καὶ

297 2425 340 2452 vel
354 2425 460 2453 tardius
471 2426 506 2453 ab
515 2433 610 2453 earum
624 2431 723 2453 ornatu
733 2427 932 2462 complexuque
939 2427 1084 2455 removeri.

298 2471 440 2499 Postremo
457 2479 490 2499 ex
507 2472 588 2499 certis
604 2472 768 2507 quibusdam
786 2473 850 2505 alia,
866 2478 997 2508 certoque
1005 2474 1086 2501 modo

299 2518 422 2553 ﬁguratis
432 2538 440 2550 ,
455 2518 509 2545 alia
526 2526 559 2546 ex
577 2519 639 2546 aliis
656 2526 688 2545 ac
701 2526 762 2546 sese
773 2518 852 2546 aliter
865 2519 1029 2547 habentibus
1047 2527 1088 2547 es-

299 2572 329 2592 se
342 2565 500 2594 commista.
517 2565 586 2599 Sed,
600 2565 663 2600 quis
676 2565 720 2593 ille
732 2573 815 2600 porro
825 2565 994 2594 diversarum
1008 2565 1087 2601 quasi

299 2610 420 2638 tribuum
432 2611 514 2645 judex
526 2632 534 2645 ,
550 2611 617 2639 alias
630 2612 720 2647 cogit,
734 2611 847 2646 dissipat
860 2611 948 2639 alias?
959 2612 1022 2647 quis
1038 2619 1085 2640 eas

300 2656 341 2684 sic
356 2656 468 2684 interse
493 2658 657 2690 committit,
680 2663 709 2684 ut
735 2657 797 2685 inde
819 2657 901 2685 modo
924 2658 980 2690 sol,
1006 2658 1086 2684 modo

301 2699 364 2725 luna
378 2699 577 2735 oriatur?quis
604 2701 722 2736 denique
750 2701 919 2735 singularum
947 2700 1087 2728 stellarum

301 2744 406 2771 naturis
414 2764 422 2777 ,
433 2752 494 2780 quae
506 2746 659 2782 quibusque
673 2747 783 2782 propria
796 2751 860 2774 sunt
871 2746 1017 2782 nativaque
1025 2753 1089 2774 εοη·

340 2797 347 2812 '
361 2796 411 2824 Job
424 2806 479 2832 xtv,
495 2799 520 2826 Ι.

339 2854 395 2893 (25)
411 2855 449 2893 _"H
466 2857 518 2883 τὴν
528 2857 632 2893 μέγαν.
650 2857 710 2885 llaec
731 2866 791 2885 cum
814 2857 1000 2892 superioribus
1022 2865 1087 2885 con-

304 2890 357 2917 texi
376 2890 482 2918 debent.

1137 2418 1246 2450 τοιαίδε,
1265 2418 1312 2444 καὶ
1327 2414 1378 2444 ὧδέ
1396 2426 1454 2449 πως
1470 2417 1622 2450 ἐνωθεῐσαι,
1638 2416 1707 2452 πρὸς
1731 2417 1866 2452 ἐργασίαν
1887 2425 1926 2442 σε-

1137 2467 1221 2503 λήνης
1233 2465 1265 2493 ἂν
1278 2465 1511 2500 καταϐεϐήκεσαν,
1529 2463 1584 2490 οὔτ’
1607 2464 1640 2490 ἂν
1662 2465 1690 2490 αἱ
1718 2464 1773 2491 τῶν
1803 2464 1924 2499 σεληνια-

1139 2512 1193 2539 κῶν
1209 2512 1317 2547 ἀτόμων
1334 2511 1482 2538 πλεκτάναι
1500 2511 1647 2545 γεγόνεσάν
1667 2519 1732 2537 ποτε
1756 2511 1849 2545 ἧλιος⁴
1872 2510 1925 2537 ἀλλ’

1137 2558 1197 2586 οὐδὲ
1218 2557 1388 2593 Ἀρκτοῦρος,
1403 2558 1428 2583 εἰ
1445 2557 1491 2583 καὶ
1509 2556 1635 2592 λαμπρός
1650 2557 1719 2587 ἐστι,
1749 2557 1799 2588 τὰς
1824 2557 1924 2591 ἑωσφό-

1141 2613 1187 2641 ρου
1215 2603 1480 2639 μεγαλοφρονήσαιτό
1501 2611 1565 2629 ποτε
1577 2602 1609 2629 ἂν
1627 2602 1747 2637 ἀτόμους
1761 2601 1847 2637 ἔχειν,
1870 2601 1926 2629 οὐδὲ

1140 2651 1188 2683 τὰς
1210 2651 1335 2686 Ὠρίωνος
1348 2650 1376 2677 αἱ
1393 2650 1530 2681 Πλειάδες.
1544 2649 1641 2680 Καλῶς
1654 2648 1708 2684 γὰρ
1724 2649 1738 2675 ό
1764 2648 1873 2680 Παῦλος
1887 2648 1924 2675 δι-

1142 2699 1269 2731 έστειλεν,
1282 2697 1365 2724 εἰπών
1376 2705 1383 2712 '
1402 2707 1410 2722 ι
1431 2695 1514 2732 Ἀλιλη
1531 2695 1594 2729 δόξα
1612 2695 1699 2731 ἡλίου,
1721 2695 1770 2721 καὶ
1786 2695 1855 2730 άλλη
1870 2694 1927 2727 δόξα

1143 2744 1268 2780 σελήνης,
1282 2745 1327 2770 καὶ
1337 2742 1403 2778 ἄλλη
1420 2742 1484 2775 δόξα
1495 2741 1627 2777 ἀστέρων.
1654 2741 1756 2777 Ἀστὴρ
1783 2741 1840 2777 γὰρ
1855 2741 1929 2768 ἄστει

1177 2856 1231 2888 (26)
1253 2854 1332 2881 Forte
1352 2853 1490 2888 διαφορᾶς.

1178 2891 1233 2925 (τη)
1254 2889 1334 2918 Forte
1354 2888 1530 2923 φυλοκρίνων.
