  <div class='ocr_page' id='page_1' title='image "/cluster/home/n/w/nwhite01/storage/ocr_20150623/21/njp.32101077772489/680.png"; bbox 0 0 2061 3210; ppageno 0'>
   <div class='ocr_carea' id='block_1_1' title="bbox 146 186 214 212">
    <p class='ocr_par' dir='ltr' id='par_1_1' title="bbox 146 186 214 212">
     <span class='ocr_line' id='line_1_1' title="bbox 146 186 214 212; baseline -0.015 0"><span class='ocrx_word' id='word_1_1' title='bbox 146 186 214 212; x_wconf 69' lang='grc' dir='ltr'>ΗΠ</span> 
     </span>
    </p>
   </div>
   <div class='ocr_carea' id='block_1_2' title="bbox 722 187 1203 217">
    <p class='ocr_par' dir='ltr' id='par_1_2' title="bbox 722 187 1203 217">
     <span class='ocr_line' id='line_1_2' title="bbox 722 187 1203 217; baseline 0.004 -2"><span class='ocrx_word' id='word_1_2' title='bbox 722 187 882 215; x_wconf 70' lang='grc' dir='ltr'><strong>ΡΒΑΞΡΑΒ.</strong></span> <span class='ocrx_word' id='word_1_3' title='bbox 904 187 1028 215; x_wconf 76' lang='lat' dir='ltr'><strong>EVANG.</strong></span> <span class='ocrx_word' id='word_1_4' title='bbox 1050 188 1114 215; x_wconf 83' lang='lat' dir='ltr'><strong>LIB.</strong></span> <span class='ocrx_word' id='word_1_5' title='bbox 1134 187 1203 217; x_wconf 75' lang='lat' dir='ltr'><strong>XIV.</strong></span> 
     </span>
    </p>
   </div>
   <div class='ocr_carea' id='block_1_3' title="bbox 1699 187 1766 214">
    <p class='ocr_par' dir='ltr' id='par_1_3' title="bbox 1699 187 1766 214">
     <span class='ocr_line' id='line_1_3' title="bbox 1699 187 1766 214; baseline 0 0"><span class='ocrx_word' id='word_1_6' title='bbox 1699 187 1766 214; x_wconf 74' lang='lat' dir='ltr'><strong>l278</strong></span> 
     </span>
    </p>
   </div>
   <div class='ocr_carea' id='block_1_4' title="bbox 147 244 945 283">
    <p class='ocr_par' dir='ltr' id='par_1_4' title="bbox 147 244 931 283">
     <span class='ocr_line' id='line_1_4' title="bbox 147 244 931 283; baseline 0.005 -13"><span class='ocrx_word' id='word_1_7' title='bbox 147 252 193 283; x_wconf 77' lang='grc' dir='ltr'><strong>ρος</strong></span> <span class='ocrx_word' id='word_1_8' title='bbox 215 244 337 281; x_wconf 78' lang='grc' dir='ltr'>διαφέρει</span> <span class='ocrx_word' id='word_1_9' title='bbox 363 247 391 273; x_wconf 85' lang='grc' dir='ltr'>ὲν</span> <span class='ocrx_word' id='word_1_10' title='bbox 408 246 481 282; x_wconf 79' lang='grc' dir='ltr'>δόξῃ.</span> <span class='ocrx_word' id='word_1_11' title='bbox 500 257 509 273; x_wconf 71' lang='grc' dir='ltr'><strong><em>ι</em></strong></span> <span class='ocrx_word' id='word_1_12' title='bbox 535 247 589 274; x_wconf 77' lang='lat' dir='ltr'><strong>Kal.</strong></span> <span class='ocrx_word' id='word_1_13' title='bbox 612 249 636 274; x_wconf 86' lang='grc' dir='ltr'><strong>εί</strong></span> <span class='ocrx_word' id='word_1_14' title='bbox 661 248 708 283; x_wconf 84' lang='grc' dir='ltr'>μὲν</span> <span class='ocrx_word' id='word_1_15' title='bbox 734 247 931 283; x_wconf 67' lang='grc' dir='ltr'>ἀνεπαίσθητοι,-</span> 
     </span>
    </p>
   </div>
   <div class='ocr_carea' id='block_1_5' title="bbox 995 244 1768 283">
    <p class='ocr_par' dir='ltr' id='par_1_5' title="bbox 995 245 1768 283">
     <span class='ocr_line' id='line_1_5' title="bbox 995 245 1768 283; baseline -0.004 -8"><span class='ocrx_word' id='word_1_16' title='bbox 995 247 1099 275; x_wconf 81' lang='lat' dir='ltr'><strong>ribuit?</strong></span> <span class='ocrx_word' id='word_1_17' title='bbox 1113 247 1168 276; x_wconf 88' lang='lat' dir='ltr'><strong>Nec</strong></span> <span class='ocrx_word' id='word_1_18' title='bbox 1195 248 1267 275; x_wconf 89' lang='lat' dir='ltr'><strong>enim</strong></span> <span class='ocrx_word' id='word_1_19' title='bbox 1297 246 1435 283; x_wconf 81' lang='lat' dir='ltr'><strong>proiecto,</strong></span> <span class='ocrx_word' id='word_1_20' title='bbox 1461 249 1509 273; x_wconf 88' lang='lat' dir='ltr'><strong>aut</strong></span> <span class='ocrx_word' id='word_1_21' title='bbox 1531 245 1636 273; x_wconf 84' lang='lat' dir='ltr'><strong>solares</strong></span> <span class='ocrx_word' id='word_1_22' title='bbox 1660 245 1712 273; x_wconf 70' lang='lat' dir='ltr'><strong>illae</strong></span> <span class='ocrx_word' id='word_1_23' title='bbox 1729 250 1768 273; x_wconf 86' lang='lat' dir='ltr'><strong>tot</strong></span> 
     </span>
    </p>
   </div>
   <div class='ocr_carea' id='block_1_6' title="bbox 147 290 932 328">
    <p class='ocr_par' dir='ltr' id='par_1_6' title="bbox 147 290 932 328">
     <span class='ocr_line' id='line_1_6' title="bbox 147 290 932 328; baseline 0.003 -11"><span class='ocrx_word' id='word_1_24' title='bbox 147 290 237 317; x_wconf 78' lang='grc' dir='ltr'>αὐτῶν</span> <span class='ocrx_word' id='word_1_25' title='bbox 248 291 287 323; x_wconf 80' lang='grc' dir='ltr'>ὡς</span> <span class='ocrx_word' id='word_1_26' title='bbox 302 291 413 327; x_wconf 79' lang='grc' dir='ltr'><strong>ἀψύχων</strong></span> <span class='ocrx_word' id='word_1_27' title='bbox 428 293 445 328; x_wconf 91' lang='grc' dir='ltr'><strong>ή</strong></span> <span class='ocrx_word' id='word_1_28' title='bbox 462 292 600 328; x_wconf 83' lang='grc' dir='ltr'><strong>σύμπηξις</strong></span> <span class='ocrx_word' id='word_1_29' title='bbox 614 293 731 328; x_wconf 76' lang='grc' dir='ltr'>ἐγένετο,</span> <span class='ocrx_word' id='word_1_30' title='bbox 752 293 932 328; x_wconf 80' lang='grc' dir='ltr'><strong>ἐπιστήμονος</strong></span> 
     </span>
    </p>
   </div>
   <div class='ocr_carea' id='block_1_7' title="bbox 146 336 932 376">
    <p class='ocr_par' dir='ltr' id='par_1_7' title="bbox 146 336 932 376">
     <span class='ocr_line' id='line_1_7' title="bbox 146 336 932 376; baseline 0.003 -13"><span class='ocrx_word' id='word_1_31' title='bbox 146 336 243 369; x_wconf 80' lang='grc' dir='ltr'>αὐταῖς</span> <span class='ocrx_word' id='word_1_32' title='bbox 258 336 311 364; x_wconf 76' lang='grc' dir='ltr'>ἔδει</span> <span class='ocrx_word' id='word_1_33' title='bbox 324 338 491 374; x_wconf 82' lang='grc' dir='ltr'><strong>δημιουργοῦ</strong></span> <span class='ocrx_word' id='word_1_34' title='bbox 501 348 507 354; x_wconf 94' lang='grc'><strong>·</strong></span> <span class='ocrx_word' id='word_1_35' title='bbox 523 340 547 365; x_wconf 84' lang='grc' dir='ltr'><strong>εί</strong></span> <span class='ocrx_word' id='word_1_36' title='bbox 561 339 588 366; x_wconf 82' lang='grc' dir='ltr'><strong>δὲ</strong></span> <span class='ocrx_word' id='word_1_37' title='bbox 611 339 790 376; x_wconf 79' lang='grc' dir='ltr'>ἀπροαίρετος</span> <span class='ocrx_word' id='word_1_38' title='bbox 807 340 853 366; x_wconf 69' lang='grc' dir='ltr'>καὶ</span> <span class='ocrx_word' id='word_1_39' title='bbox 872 339 932 365; x_wconf 82' lang='grc' dir='ltr'>κατ’</span> 
     </span>
    </p>
   </div>
   <div class='ocr_carea' id='block_1_8' title="bbox 146 381 933 421">
    <p class='ocr_par' dir='ltr' id='par_1_8' title="bbox 146 381 933 421">
     <span class='ocr_line' id='line_1_8' title="bbox 146 381 933 421; baseline 0.005 -14"><span class='ocrx_word' id='word_1_40' title='bbox 146 381 281 417; x_wconf 85' lang='grc' dir='ltr'>ἀνάγκην,</span> <span class='ocrx_word' id='word_1_41' title='bbox 295 382 333 414; x_wconf 83' lang='grc' dir='ltr'><strong>ὼς</strong></span> <span class='ocrx_word' id='word_1_42' title='bbox 348 383 469 418; x_wconf 80' lang='grc' dir='ltr'>ἀλόγων,</span> <span class='ocrx_word' id='word_1_43' title='bbox 486 385 503 420; x_wconf 89' lang='grc' dir='ltr'><strong>ή</strong></span> <span class='ocrx_word' id='word_1_44' title='bbox 527 384 649 421; x_wconf 78' lang='grc' dir='ltr'>σύνερξις</span> <span class='ocrx_word' id='word_1_45' title='bbox 660 404 668 417; x_wconf 93' lang='grc'><strong>,</strong></span> <span class='ocrx_word' id='word_1_46' title='bbox 687 385 766 420; x_wconf 80' lang='grc' dir='ltr'>σοφός</span> <span class='ocrx_word' id='word_1_47' title='bbox 785 393 827 416; x_wconf 85' lang='grc' dir='ltr'>τις</span> <span class='ocrx_word' id='word_1_48' title='bbox 849 385 933 416; x_wconf 75' lang='grc' dir='ltr'>αὐτὰς</span> 
     </span>
    </p>
   </div>
   <div class='ocr_carea' id='block_1_9' title="bbox 146 427 934 466">
    <p class='ocr_par' dir='ltr' id='par_1_9' title="bbox 146 427 934 466">
     <span class='ocr_line' id='line_1_9' title="bbox 146 427 934 466; baseline 0.003 -12"><span class='ocrx_word' id='word_1_49' title='bbox 146 427 303 464; x_wconf 87' lang='grc' dir='ltr'>ἀγελάρχης</span> <span class='ocrx_word' id='word_1_50' title='bbox 321 430 490 458; x_wconf 75' lang='grc' dir='ltr'><strong>συνελαύνων</strong></span> <span class='ocrx_word' id='word_1_51' title='bbox 506 431 706 466; x_wconf 70' lang='grc' dir='ltr'>ὲπεστάτησενο</span> <span class='ocrx_word' id='word_1_52' title='bbox 722 431 746 457; x_wconf 85' lang='grc' dir='ltr'><strong>εί</strong></span> <span class='ocrx_word' id='word_1_53' title='bbox 761 430 789 457; x_wconf 81' lang='grc' dir='ltr'><strong>δὲ</strong></span> <span class='ocrx_word' id='word_1_54' title='bbox 803 430 934 463; x_wconf 76' lang='grc' dir='ltr'><strong>ἑκουσίως</strong></span> 
     </span>
    </p>
   </div>
   <div class='ocr_carea' id='block_1_10' title="bbox 146 473 934 512">
    <p class='ocr_par' dir='ltr' id='par_1_10' title="bbox 146 473 934 512">
     <span class='ocr_line' id='line_1_10' title="bbox 146 473 934 512; baseline 0.004 -13"><span class='ocrx_word' id='word_1_55' title='bbox 146 473 343 510; x_wconf 79' lang='grc' dir='ltr'>ἐθελουργῆσαι</span> <span class='ocrx_word' id='word_1_56' title='bbox 357 476 580 510; x_wconf 80' lang='grc' dir='ltr'>συγκέκλεινται,</span> <span class='ocrx_word' id='word_1_57' title='bbox 608 477 758 512; x_wconf 81' lang='grc' dir='ltr'>θαυμάσιός</span> <span class='ocrx_word' id='word_1_58' title='bbox 782 485 825 508; x_wconf 84' lang='grc' dir='ltr'><strong>τις</strong></span> <span class='ocrx_word' id='word_1_59' title='bbox 845 476 934 503; x_wconf 76' lang='grc' dir='ltr'>αὐτῶν</span> 
     </span>
    </p>
   </div>
   <div class='ocr_carea' id='block_1_11' title="bbox 146 520 934 559">
    <p class='ocr_par' dir='ltr' id='par_1_11' title="bbox 146 520 934 559">
     <span class='ocr_line' id='line_1_11' title="bbox 146 520 934 559; baseline 0.004 -13"><span class='ocrx_word' id='word_1_60' title='bbox 146 520 315 556; x_wconf 83' lang='grc' dir='ltr'>ἀρχιτέκτων</span> <span class='ocrx_word' id='word_1_61' title='bbox 329 523 477 558; x_wconf 83' lang='grc' dir='ltr'>ἐργοδοτῶν</span> <span class='ocrx_word' id='word_1_62' title='bbox 489 524 665 559; x_wconf 80' lang='grc' dir='ltr'><strong>προηγήσατο</strong></span> <span class='ocrx_word' id='word_1_63' title='bbox 677 532 683 539; x_wconf 90' lang='grc'><strong>·</strong></span> <span class='ocrx_word' id='word_1_64' title='bbox 704 523 720 559; x_wconf 87' lang='grc' dir='ltr'>ἢ</span> <span class='ocrx_word' id='word_1_65' title='bbox 743 524 868 558; x_wconf 83' lang='grc' dir='ltr'>καθάπερ</span> <span class='ocrx_word' id='word_1_66' title='bbox 891 522 934 549; x_wconf 71' lang='grc' dir='ltr'><strong>εὕ-</strong></span> 
     </span>
    </p>
   </div>
   <div class='ocr_carea' id='block_1_12' title="bbox 146 568 935 605">
    <p class='ocr_par' dir='ltr' id='par_1_12' title="bbox 146 568 935 605">
     <span class='ocr_line' id='line_1_12' title="bbox 146 568 935 605; baseline 0.001 -12"><span class='ocrx_word' id='word_1_67' title='bbox 146 574 246 599; x_wconf 83' lang='grc' dir='ltr'>τακτος</span> <span class='ocrx_word' id='word_1_68' title='bbox 263 568 413 604; x_wconf 87' lang='grc' dir='ltr'>στρατηγὸς</span> <span class='ocrx_word' id='word_1_69' title='bbox 424 569 454 595; x_wconf 89' lang='grc' dir='ltr'>οὺ</span> <span class='ocrx_word' id='word_1_70' title='bbox 469 569 718 605; x_wconf 83' lang='grc' dir='ltr'>συγκεχωρημένην</span> <span class='ocrx_word' id='word_1_71' title='bbox 732 569 786 604; x_wconf 79' lang='lat'><strong>(‘28)</strong></span> <span class='ocrx_word' id='word_1_72' title='bbox 800 569 874 595; x_wconf 78' lang='grc' dir='ltr'>εἴασε</span> <span class='ocrx_word' id='word_1_73' title='bbox 886 569 935 604; x_wconf 74' lang='grc' dir='ltr'><strong>τὴν</strong></span> 
     </span>
    </p>
   </div>
   <div class='ocr_carea' id='block_1_13' title="bbox 150 614 936 652">
    <p class='ocr_par' dir='ltr' id='par_1_13' title="bbox 150 614 936 652">
     <span class='ocr_line' id='line_1_13' title="bbox 150 614 936 652; baseline 0.001 -11"><span class='ocrx_word' id='word_1_74' title='bbox 150 614 289 650; x_wconf 81' lang='grc' dir='ltr'>στρατιὰν,</span> <span class='ocrx_word' id='word_1_75' title='bbox 307 616 352 643; x_wconf 72' lang='grc' dir='ltr'>καὶ</span> <span class='ocrx_word' id='word_1_76' title='bbox 367 616 455 643; x_wconf 80' lang='grc' dir='ltr'>πάντα</span> <span class='ocrx_word' id='word_1_77' title='bbox 471 616 581 652; x_wconf 79' lang='grc' dir='ltr'>ἀναμὶξ,</span> <span class='ocrx_word' id='word_1_78' title='bbox 602 616 659 643; x_wconf 84' lang='grc' dir='ltr'>ἀλλ’</span> <span class='ocrx_word' id='word_1_79' title='bbox 683 618 711 643; x_wconf 80' lang='grc' dir='ltr'>ὲν</span> <span class='ocrx_word' id='word_1_80' title='bbox 729 617 807 652; x_wconf 89' lang='grc' dir='ltr'>μέρει</span> <span class='ocrx_word' id='word_1_81' title='bbox 822 616 871 652; x_wconf 81' lang='grc' dir='ltr'><strong>μὲν</strong></span> <span class='ocrx_word' id='word_1_82' title='bbox 887 616 936 652; x_wconf 84' lang='grc' dir='ltr'><strong>τὴν</strong></span> 
     </span>
    </p>
   </div>
   <div class='ocr_carea' id='block_1_14' title="bbox 149 660 935 697">
    <p class='ocr_par' dir='ltr' id='par_1_14' title="bbox 149 660 935 697">
     <span class='ocr_line' id='line_1_14' title="bbox 149 660 935 697; baseline 0.003 -11"><span class='ocrx_word' id='word_1_83' title='bbox 149 660 244 693; x_wconf 81' lang='grc' dir='ltr'>ἵππον,</span> <span class='ocrx_word' id='word_1_84' title='bbox 263 661 316 697; x_wconf 83' lang='grc' dir='ltr'>ἰδίᾳ</span> <span class='ocrx_word' id='word_1_85' title='bbox 327 661 355 688; x_wconf 89' lang='grc' dir='ltr'><strong>δὲ</strong></span> <span class='ocrx_word' id='word_1_86' title='bbox 371 662 433 694; x_wconf 76' lang='grc' dir='ltr'>τοὺς</span> <span class='ocrx_word' id='word_1_87' title='bbox 445 662 572 694; x_wconf 85' lang='grc' dir='ltr'>ὁπλίτας,</span> <span class='ocrx_word' id='word_1_88' title='bbox 587 662 650 694; x_wconf 89' lang='grc' dir='ltr'>τούς</span> <span class='ocrx_word' id='word_1_89' title='bbox 665 671 695 689; x_wconf 88' lang='grc' dir='ltr'>τε</span> <span class='ocrx_word' id='word_1_90' title='bbox 703 662 861 693; x_wconf 83' lang='grc' dir='ltr'>ἀκοντιστὰς</span> <span class='ocrx_word' id='word_1_91' title='bbox 875 661 935 688; x_wconf 83' lang='grc' dir='ltr'>καθ’</span> 
     </span>
    </p>
   </div>
   <div class='ocr_carea' id='block_1_15' title="bbox 147 708 936 745">
    <p class='ocr_par' dir='ltr' id='par_1_15' title="bbox 147 708 936 745">
     <span class='ocr_line' id='line_1_15' title="bbox 147 708 936 745; baseline 0.003 -12"><span class='ocrx_word' id='word_1_92' title='bbox 147 708 273 741; x_wconf 70' lang='grc' dir='ltr'>ἑαυτοὺς,</span> <span class='ocrx_word' id='word_1_93' title='bbox 290 709 337 735; x_wconf 76' lang='grc' dir='ltr'><strong>καὶ</strong></span> <span class='ocrx_word' id='word_1_94' title='bbox 348 710 433 745; x_wconf 76' lang='grc' dir='ltr'>χωρὶς</span> <span class='ocrx_word' id='word_1_95' title='bbox 445 710 507 741; x_wconf 81' lang='grc' dir='ltr'>τοὺς</span> <span class='ocrx_word' id='word_1_96' title='bbox 523 709 643 742; x_wconf 80' lang='grc' dir='ltr'><strong>τοξότας,</strong></span> <span class='ocrx_word' id='word_1_97' title='bbox 659 710 706 736; x_wconf 77' lang='grc' dir='ltr'><strong>καὶ</strong></span> <span class='ocrx_word' id='word_1_98' title='bbox 720 709 783 740; x_wconf 82' lang='grc' dir='ltr'>τοὺς</span> <span class='ocrx_word' id='word_1_99' title='bbox 800 708 936 743; x_wconf 84' lang='grc' dir='ltr'>σφενδονί-</span> 
     </span>
    </p>
   </div>
   <div class='ocr_carea' id='block_1_16' title="bbox 148 753 937 791">
    <p class='ocr_par' dir='ltr' id='par_1_16' title="bbox 148 753 937 791">
     <span class='ocr_line' id='line_1_16' title="bbox 148 753 937 791; baseline 0.001 -11"><span class='ocrx_word' id='word_1_100' title='bbox 148 762 209 786; x_wconf 81' lang='grc' dir='ltr'>τας,</span> <span class='ocrx_word' id='word_1_101' title='bbox 225 753 288 781; x_wconf 73' lang='grc' dir='ltr'>ἔνθα</span> <span class='ocrx_word' id='word_1_102' title='bbox 302 754 386 791; x_wconf 82' lang='grc' dir='ltr'><strong>ὲχρῆν</strong></span> <span class='ocrx_word' id='word_1_103' title='bbox 401 755 550 788; x_wconf 82' lang='grc' dir='ltr'><strong>διετάξατο,</strong></span> <span class='ocrx_word' id='word_1_104' title='bbox 563 756 607 782; x_wconf 79' lang='grc' dir='ltr'>ἵνα</span> <span class='ocrx_word' id='word_1_105' title='bbox 618 755 743 791; x_wconf 82' lang='grc' dir='ltr'>ἀλλήλοις</span> <span class='ocrx_word' id='word_1_106' title='bbox 756 756 780 781; x_wconf 79' lang='lat' dir='ltr'><strong>oi.</strong></span> <span class='ocrx_word' id='word_1_107' title='bbox 792 755 937 790; x_wconf 82' lang='grc' dir='ltr'>ὁμόσκευοι</span> 
     </span>
    </p>
   </div>
   <div class='ocr_carea' id='block_1_17' title="bbox 140 801 937 843">
    <p class='ocr_par' dir='ltr' id='par_1_17' title="bbox 140 801 937 843">
     <span class='ocr_line' id='line_1_17' title="bbox 140 801 937 843; baseline -0.001 -15"><span class='ocrx_word' id='word_1_108' title='bbox 140 803 329 843; x_wconf 60' lang='grc' dir='ltr'><strong>⁸ρξιίλμμαχοῖεν.</strong></span> <span class='ocrx_word' id='word_1_109' title='bbox 339 802 403 828; x_wconf 81' lang='grc' dir='ltr'>Είδὲ</span> <span class='ocrx_word' id='word_1_110' title='bbox 410 801 489 829; x_wconf 80' lang='grc' dir='ltr'>τοῦτο</span> <span class='ocrx_word' id='word_1_111' title='bbox 501 802 598 837; x_wconf 81' lang='grc' dir='ltr'>χλεύην</span> <span class='ocrx_word' id='word_1_112' title='bbox 607 802 707 829; x_wconf 85' lang='grc' dir='ltr'>οῐονται</span> <span class='ocrx_word' id='word_1_113' title='bbox 721 801 751 828; x_wconf 85' lang='grc' dir='ltr'>τὸ</span> <span class='ocrx_word' id='word_1_114' title='bbox 763 801 937 838; x_wconf 79' lang='grc' dir='ltr'>παράδειγμα</span> 
     </span>
    </p>
   </div>
   <div class='ocr_carea' id='block_1_18' title="bbox 149 845 938 882">
    <p class='ocr_par' dir='ltr' id='par_1_18' title="bbox 149 845 938 882">
     <span class='ocr_line' id='line_1_18' title="bbox 149 845 938 882; baseline 0.001 -11"><span class='ocrx_word' id='word_1_115' title='bbox 149 845 194 872; x_wconf 77' lang='grc' dir='ltr'><strong>διὰ</strong></span> <span class='ocrx_word' id='word_1_116' title='bbox 202 845 231 872; x_wconf 85' lang='grc' dir='ltr'>τὸ</span> <span class='ocrx_word' id='word_1_117' title='bbox 240 846 364 881; x_wconf 84' lang='grc' dir='ltr'><strong>μεγάλων</strong></span> <span class='ocrx_word' id='word_1_118' title='bbox 372 847 504 882; x_wconf 81' lang='grc' dir='ltr'>σωμάτων</span> <span class='ocrx_word' id='word_1_119' title='bbox 512 855 546 882; x_wconf 91' lang='grc' dir='ltr'>με</span> <span class='ocrx_word' id='word_1_120' title='bbox 552 847 620 882; x_wconf 75' lang='grc' dir='ltr'>πρὸς</span> <span class='ocrx_word' id='word_1_121' title='bbox 628 847 662 873; x_wconf 84' lang='grc' dir='ltr'><strong>τὰ</strong></span> <span class='ocrx_word' id='word_1_122' title='bbox 668 846 797 882; x_wconf 81' lang='grc' dir='ltr'>ἐλάχιστα</span> <span class='ocrx_word' id='word_1_123' title='bbox 805 846 938 873; x_wconf 76' lang='grc' dir='ltr'>ποιεῖσθαι</span> 
     </span>
    </p>
   </div>
   <div class='ocr_carea' id='block_1_19' title="bbox 152 891 939 929">
    <p class='ocr_par' dir='ltr' id='par_1_19' title="bbox 152 891 939 929">
     <span class='ocr_line' id='line_1_19' title="bbox 152 891 939 929; baseline 0 -11"><span class='ocrx_word' id='word_1_124' title='bbox 152 891 307 928; x_wconf 82' lang='grc' dir='ltr'><strong>σύγκρισιν,</strong></span> <span class='ocrx_word' id='word_1_125' title='bbox 323 893 369 919; x_wconf 80' lang='grc' dir='ltr'>ἐπὶ</span> <span class='ocrx_word' id='word_1_126' title='bbox 379 893 414 920; x_wconf 86' lang='grc' dir='ltr'><strong>τὰ</strong></span> <span class='ocrx_word' id='word_1_127' title='bbox 433 893 602 929; x_wconf 79' lang='grc' dir='ltr'><strong>σμικρότατα</strong></span> <span class='ocrx_word' id='word_1_128' title='bbox 621 893 839 929; x_wconf 75' lang='grc' dir='ltr'>μεταὸησόμεθα.</span> <span class='ocrx_word' id='word_1_129' title='bbox 852 903 861 918; x_wconf 76' lang='grc' dir='ltr'><strong>ι</strong></span> <span class='ocrx_word' id='word_1_130' title='bbox 873 891 939 919; x_wconf 82' lang='grc' dir='ltr'>Εἶτα</span> 
     </span>
    </p>
   </div>
   <div class='ocr_carea' id='block_1_20' title="bbox 150 929 976 975">
    <p class='ocr_par' dir='ltr' id='par_1_20' title="bbox 150 929 976 975">
     <span class='ocr_line' id='line_1_20' title="bbox 150 929 976 975; baseline 0.001 -11"><span class='ocrx_word' id='word_1_131' title='bbox 150 937 256 970; x_wconf 81' lang='grc' dir='ltr'><strong>τούτοις</strong></span> <span class='ocrx_word' id='word_1_132' title='bbox 264 938 327 974; x_wconf 78' lang='grc' dir='ltr'><strong>ἑξῆς</strong></span> <span class='ocrx_word' id='word_1_133' title='bbox 335 939 464 974; x_wconf 79' lang='grc' dir='ltr'><strong>ἐπιλέγει.</strong></span> <span class='ocrx_word' id='word_1_134' title='bbox 477 950 486 965; x_wconf 79' lang='grc' dir='ltr'><strong>ι</strong></span> <span class='ocrx_word' id='word_1_135' title='bbox 497 940 528 966; x_wconf 83' lang='grc' dir='ltr'><strong>Εἰ</strong></span> <span class='ocrx_word' id='word_1_136' title='bbox 538 940 566 966; x_wconf 82' lang='grc' dir='ltr'><strong>δὲ</strong></span> <span class='ocrx_word' id='word_1_137' title='bbox 575 940 642 975; x_wconf 86' lang='grc' dir='ltr'>μήτε</span> <span class='ocrx_word' id='word_1_138' title='bbox 652 939 736 973; x_wconf 78' lang='grc' dir='ltr'>λέξις,</span> <span class='ocrx_word' id='word_1_139' title='bbox 753 941 819 975; x_wconf 84' lang='grc' dir='ltr'>μήτε</span> <span class='ocrx_word' id='word_1_140' title='bbox 829 939 937 974; x_wconf 74' lang='grc' dir='ltr'>ἐκλογὴ,</span> <span class='ocrx_word' id='word_1_141' title='bbox 955 929 976 956; x_wconf 71' lang='grc' dir='ltr'><strong>Β</strong></span> 
     </span>
    </p>
   </div>
   <div class='ocr_carea' id='block_1_21' title="bbox 153 984 940 1021">
    <p class='ocr_par' dir='ltr' id='par_1_21' title="bbox 153 984 940 1021">
     <span class='ocr_line' id='line_1_21' title="bbox 153 984 940 1021; baseline -0.003 -9"><span class='ocrx_word' id='word_1_142' title='bbox 153 985 222 1020; x_wconf 85' lang='grc' dir='ltr'>μήτε</span> <span class='ocrx_word' id='word_1_143' title='bbox 230 984 305 1018; x_wconf 76' lang='grc' dir='ltr'>τάξις</span> <span class='ocrx_word' id='word_1_144' title='bbox 312 986 406 1017; x_wconf 85' lang='grc' dir='ltr'>αὑταῖς</span> <span class='ocrx_word' id='word_1_145' title='bbox 413 986 541 1021; x_wconf 81' lang='grc' dir='ltr'>ἄρχοντος</span> <span class='ocrx_word' id='word_1_146' title='bbox 550 985 695 1018; x_wconf 85' lang='grc' dir='ltr'>ὲπικέοιτο,</span> <span class='ocrx_word' id='word_1_147' title='bbox 704 985 783 1012; x_wconf 78' lang='grc' dir='ltr'>αὑταὶ</span> <span class='ocrx_word' id='word_1_148' title='bbox 792 985 821 1011; x_wconf 76' lang='grc' dir='ltr'><strong>δὲ</strong></span> <span class='ocrx_word' id='word_1_149' title='bbox 829 986 869 1019; x_wconf 76' lang='grc' dir='ltr'><strong>ἐφ’</strong></span> <span class='ocrx_word' id='word_1_150' title='bbox 877 986 940 1011; x_wconf 82' lang='grc' dir='ltr'>ἑαυ-</span> 
     </span>
    </p>
   </div>
   <div class='ocr_carea' id='block_1_22' title="bbox 142 1030 941 1068">
    <p class='ocr_par' dir='ltr' id='par_1_22' title="bbox 142 1030 941 1068">
     <span class='ocr_line' id='line_1_22' title="bbox 142 1030 941 1068; baseline -0.001 -11"><span class='ocrx_word' id='word_1_151' title='bbox 142 1030 207 1058; x_wconf 75' lang='grc' dir='ltr'>’τῶν</span> <span class='ocrx_word' id='word_1_152' title='bbox 215 1031 299 1063; x_wconf 83' lang='grc' dir='ltr'>αὑτὰς</span> <span class='ocrx_word' id='word_1_153' title='bbox 311 1032 342 1059; x_wconf 77' lang='grc' dir='ltr'>ὲκ</span> <span class='ocrx_word' id='word_1_154' title='bbox 354 1032 403 1067; x_wconf 84' lang='grc' dir='ltr'><strong>τῆς</strong></span> <span class='ocrx_word' id='word_1_155' title='bbox 410 1032 510 1068; x_wconf 80' lang='grc' dir='ltr'>πολλῆς</span> <span class='ocrx_word' id='word_1_156' title='bbox 518 1032 588 1059; x_wconf 79' lang='grc' dir='ltr'>κατὰ</span> <span class='ocrx_word' id='word_1_157' title='bbox 596 1031 673 1068; x_wconf 77' lang='grc' dir='ltr'>ῥύσιν</span> <span class='ocrx_word' id='word_1_158' title='bbox 680 1031 782 1068; x_wconf 76' lang='grc' dir='ltr'>τύρϐης</span> <span class='ocrx_word' id='word_1_159' title='bbox 790 1031 941 1058; x_wconf 76' lang='grc' dir='ltr'>διευθύνου-</span> 
     </span>
    </p>
   </div>
   <div class='ocr_carea' id='block_1_23' title="bbox 153 1077 940 1113">
    <p class='ocr_par' dir='ltr' id='par_1_23' title="bbox 153 1077 940 1113">
     <span class='ocr_line' id='line_1_23' title="bbox 153 1077 940 1113; baseline -0.001 -9"><span class='ocrx_word' id='word_1_160' title='bbox 153 1087 209 1110; x_wconf 81' lang='grc' dir='ltr'>σαι,</span> <span class='ocrx_word' id='word_1_161' title='bbox 226 1079 272 1105; x_wconf 67' lang='grc' dir='ltr'><strong>καὶ¹</strong></span> <span class='ocrx_word' id='word_1_162' title='bbox 293 1078 338 1106; x_wconf 72' lang='grc' dir='ltr'>τὸν</span> <span class='ocrx_word' id='word_1_163' title='bbox 367 1079 450 1106; x_wconf 85' lang='grc' dir='ltr'>πολὺν</span> <span class='ocrx_word' id='word_1_164' title='bbox 475 1078 530 1106; x_wconf 81' lang='grc' dir='ltr'><strong>τῶν</strong></span> <span class='ocrx_word' id='word_1_165' title='bbox 546 1078 732 1113; x_wconf 84' lang='grc' dir='ltr'>συμπτώσεων</span> <span class='ocrx_word' id='word_1_166' title='bbox 758 1077 940 1113; x_wconf 82' lang='grc' dir='ltr'>διεκπερῶσαι</span> 
     </span>
    </p>
   </div>
   <div class='ocr_carea' id='block_1_24' title="bbox 153 1123 940 1162">
    <p class='ocr_par' dir='ltr' id='par_1_24' title="bbox 153 1123 940 1162">
     <span class='ocr_line' id='line_1_24' title="bbox 153 1123 940 1162; baseline -0.004 -11"><span class='ocrx_word' id='word_1_167' title='bbox 153 1123 280 1160; x_wconf 80' lang='grc' dir='ltr'>κυδοιμὸν</span> <span class='ocrx_word' id='word_1_168' title='bbox 295 1145 302 1157; x_wconf 87' lang='grc'><strong>,</strong></span> <span class='ocrx_word' id='word_1_169' title='bbox 320 1126 347 1152; x_wconf 90' lang='grc' dir='ltr'>αἱ</span> <span class='ocrx_word' id='word_1_170' title='bbox 364 1126 455 1161; x_wconf 83' lang='grc' dir='ltr'>ὅμοιαι</span> <span class='ocrx_word' id='word_1_171' title='bbox 473 1126 540 1162; x_wconf 78' lang='grc' dir='ltr'>πρὸς</span> <span class='ocrx_word' id='word_1_172' title='bbox 556 1124 605 1158; x_wconf 73' lang='grc' dir='ltr'><strong>τὰς</strong></span> <span class='ocrx_word' id='word_1_173' title='bbox 629 1125 724 1160; x_wconf 83' lang='grc' dir='ltr'>ὁμοίας</span> <span class='ocrx_word' id='word_1_174' title='bbox 742 1124 792 1159; x_wconf 82' lang='grc' dir='ltr'><strong>οὐχ</strong></span> <span class='ocrx_word' id='word_1_175' title='bbox 819 1123 871 1150; x_wconf 78' lang='grc' dir='ltr'>ὑπὸ</span> <span class='ocrx_word' id='word_1_176' title='bbox 894 1123 940 1149; x_wconf 83' lang='grc' dir='ltr'>τοῦ</span> 
     </span>
    </p>
   </div>
   <div class='ocr_carea' id='block_1_25' title="bbox 151 1170 942 1209">
    <p class='ocr_par' dir='ltr' id='par_1_25' title="bbox 151 1170 942 1209">
     <span class='ocr_line' id='line_1_25' title="bbox 151 1170 942 1209; baseline -0.003 -11"><span class='ocrx_word' id='word_1_177' title='bbox 151 1170 231 1204; x_wconf 81' lang='grc' dir='ltr'>Θεοῦ,</span> <span class='ocrx_word' id='word_1_178' title='bbox 248 1172 317 1199; x_wconf 81' lang='grc' dir='ltr'>κατὰ</span> <span class='ocrx_word' id='word_1_179' title='bbox 331 1172 376 1199; x_wconf 88' lang='grc' dir='ltr'><strong>τὸν</strong></span> <span class='ocrx_word' id='word_1_180' title='bbox 393 1172 517 1209; x_wconf 81' lang='grc' dir='ltr'>ποιητὴν,</span> <span class='ocrx_word' id='word_1_181' title='bbox 533 1173 651 1207; x_wconf 83' lang='grc' dir='ltr'><strong>ἄγοιντο,</strong></span> <span class='ocrx_word' id='word_1_182' title='bbox 667 1172 839 1208; x_wconf 80' lang='grc' dir='ltr'>συντρέχοιεν</span> <span class='ocrx_word' id='word_1_183' title='bbox 849 1171 878 1197; x_wconf 79' lang='grc' dir='ltr'>δὲ</span> <span class='ocrx_word' id='word_1_184' title='bbox 895 1171 942 1197; x_wconf 79' lang='grc' dir='ltr'><strong>καὶ</strong></span> 
     </span>
    </p>
   </div>
   <div class='ocr_carea' id='block_1_26' title="bbox 154 1218 941 1257">
    <p class='ocr_par' dir='ltr' id='par_1_26' title="bbox 154 1218 941 1257">
     <span class='ocr_line' id='line_1_26' title="bbox 154 1218 941 1257; baseline -0.005 -9"><span class='ocrx_word' id='word_1_185' title='bbox 154 1221 386 1256; x_wconf 80' lang='grc' dir='ltr'>συναγελάζοιντο,</span> <span class='ocrx_word' id='word_1_186' title='bbox 402 1221 582 1257; x_wconf 76' lang='grc' dir='ltr'><strong>γνωρίζουσαι</strong></span> <span class='ocrx_word' id='word_1_187' title='bbox 593 1221 642 1252; x_wconf 76' lang='grc' dir='ltr'>τὰς</span> <span class='ocrx_word' id='word_1_188' title='bbox 659 1222 798 1255; x_wconf 81' lang='grc' dir='ltr'>συγγενεῖς</span> <span class='ocrx_word' id='word_1_189' title='bbox 811 1228 818 1235; x_wconf 92' lang='grc'><strong>·</strong></span> <span class='ocrx_word' id='word_1_190' title='bbox 834 1218 941 1253; x_wconf 73' lang='grc' dir='ltr'>θαυμα-</span> 
     </span>
    </p>
   </div>
   <div class='ocr_carea' id='block_1_27' title="bbox 155 1266 942 1303">
    <p class='ocr_par' dir='ltr' id='par_1_27' title="bbox 155 1266 942 1303">
     <span class='ocr_line' id='line_1_27' title="bbox 155 1266 942 1303; baseline -0.004 -9"><span class='ocrx_word' id='word_1_191' title='bbox 155 1268 205 1302; x_wconf 85' lang='grc' dir='ltr'><strong>στή</strong></span> <span class='ocrx_word' id='word_1_192' title='bbox 220 1276 251 1302; x_wconf 87' lang='grc' dir='ltr'><strong>γε</strong></span> <span class='ocrx_word' id='word_1_193' title='bbox 264 1267 318 1294; x_wconf 83' lang='grc' dir='ltr'>τῶν</span> <span class='ocrx_word' id='word_1_194' title='bbox 334 1267 443 1303; x_wconf 81' lang='grc' dir='ltr'><strong>ἀτόμων</strong></span> <span class='ocrx_word' id='word_1_195' title='bbox 456 1269 473 1303; x_wconf 92' lang='grc' dir='ltr'><strong>ή</strong></span> <span class='ocrx_word' id='word_1_196' title='bbox 493 1268 664 1303; x_wconf 77' lang='grc' dir='ltr'>δημοκρατία</span> <span class='ocrx_word' id='word_1_197' title='bbox 677 1287 684 1301; x_wconf 84' lang='grc'><strong>,</strong></span> <span class='ocrx_word' id='word_1_198' title='bbox 709 1266 888 1302; x_wconf 84' lang='grc' dir='ltr'>δεξιουμένων</span> <span class='ocrx_word' id='word_1_199' title='bbox 912 1274 942 1292; x_wconf 88' lang='grc' dir='ltr'>τε</span> 
     </span>
    </p>
   </div>
   <div class='ocr_carea' id='block_1_28' title="bbox 153 1313 943 1350">
    <p class='ocr_par' dir='ltr' id='par_1_28' title="bbox 153 1313 943 1350">
     <span class='ocr_line' id='line_1_28' title="bbox 153 1313 943 1350; baseline -0.004 -9"><span class='ocrx_word' id='word_1_200' title='bbox 153 1314 270 1350; x_wconf 83' lang='grc' dir='ltr'>ἀλλήλας</span> <span class='ocrx_word' id='word_1_201' title='bbox 283 1313 338 1341; x_wconf 87' lang='grc' dir='ltr'><strong>τῶν</strong></span> <span class='ocrx_word' id='word_1_202' title='bbox 351 1313 434 1348; x_wconf 77' lang='grc' dir='ltr'>φίλων</span> <span class='ocrx_word' id='word_1_203' title='bbox 451 1314 497 1340; x_wconf 76' lang='grc' dir='ltr'><strong>καὶ</strong></span> <span class='ocrx_word' id='word_1_204' title='bbox 513 1313 762 1349; x_wconf 79' lang='grc' dir='ltr'>περιπλεκομένων,</span> <span class='ocrx_word' id='word_1_205' title='bbox 780 1313 820 1344; x_wconf 83' lang='grc' dir='ltr'><strong>είς</strong></span> <span class='ocrx_word' id='word_1_206' title='bbox 837 1313 899 1348; x_wconf 88' lang='grc' dir='ltr'>μίαν</span> <span class='ocrx_word' id='word_1_207' title='bbox 912 1321 943 1338; x_wconf 89' lang='grc' dir='ltr'><strong>τε</strong></span> 
     </span>
    </p>
   </div>
   <div class='ocr_carea' id='block_1_29' title="bbox 154 1359 942 1395">
    <p class='ocr_par' dir='ltr' id='par_1_29' title="bbox 154 1359 942 1395">
     <span class='ocr_line' id='line_1_29' title="bbox 154 1359 942 1395; baseline -0.005 -7"><span class='ocrx_word' id='word_1_208' title='bbox 154 1360 343 1395; x_wconf 84' lang='grc' dir='ltr'>κατασκηνοῦν</span> <span class='ocrx_word' id='word_1_209' title='bbox 369 1360 505 1387; x_wconf 76' lang='grc' dir='ltr'>συνοικίαν</span> <span class='ocrx_word' id='word_1_210' title='bbox 526 1359 729 1395; x_wconf 76' lang='grc' dir='ltr'>ἐπειγομένων·</span> <span class='ocrx_word' id='word_1_211' title='bbox 752 1359 867 1386; x_wconf 75' lang='grc' dir='ltr'>καὶτῶν</span> <span class='ocrx_word' id='word_1_212' title='bbox 893 1359 942 1394; x_wconf 82' lang='grc' dir='ltr'><strong>μὲν</strong></span> 
     </span>
    </p>
   </div>
   <div class='ocr_carea' id='block_1_30' title="bbox 153 1405 943 1443">
    <p class='ocr_par' dir='ltr' id='par_1_30' title="bbox 153 1405 943 1443">
     <span class='ocr_line' id='line_1_30' title="bbox 153 1405 943 1443; baseline -0.004 -9"><span class='ocrx_word' id='word_1_213' title='bbox 153 1407 425 1443; x_wconf 80' lang='grc' dir='ltr'>ἀποτετορνευμένων</span> <span class='ocrx_word' id='word_1_214' title='bbox 448 1407 608 1442; x_wconf 70' lang='grc' dir='ltr'>αὐτομάτως</span> <span class='ocrx_word' id='word_1_215' title='bbox 638 1407 678 1438; x_wconf 77' lang='grc' dir='ltr'><strong>είς</strong></span> <span class='ocrx_word' id='word_1_216' title='bbox 709 1406 783 1441; x_wconf 78' lang='grc' dir='ltr'>ἥλιον</span> <span class='ocrx_word' id='word_1_217' title='bbox 812 1405 943 1440; x_wconf 79' lang='grc' dir='ltr'>φωστῆρα</span> 
     </span>
    </p>
   </div>
   <div class='ocr_carea' id='block_1_31' title="bbox 155 1451 944 1490">
    <p class='ocr_par' dir='ltr' id='par_1_31' title="bbox 155 1451 944 1490">
     <span class='ocr_line' id='line_1_31' title="bbox 155 1451 944 1490; baseline -0.005 -9"><span class='ocrx_word' id='word_1_218' title='bbox 155 1454 253 1490; x_wconf 82' lang='grc' dir='ltr'>μέγαν,</span> <span class='ocrx_word' id='word_1_219' title='bbox 266 1454 309 1481; x_wconf 82' lang='grc' dir='ltr'>ἵνα</span> <span class='ocrx_word' id='word_1_220' title='bbox 325 1455 458 1489; x_wconf 77' lang='grc' dir='ltr'>ποιήσωσι</span> <span class='ocrx_word' id='word_1_221' title='bbox 471 1454 521 1489; x_wconf 88' lang='grc' dir='ltr'><strong>τὴν</strong></span> <span class='ocrx_word' id='word_1_222' title='bbox 534 1453 639 1488; x_wconf 75' lang='grc' dir='ltr'>ἡμέραν</span> <span class='ocrx_word' id='word_1_223' title='bbox 651 1460 658 1467; x_wconf 88' lang='grc'><strong>·</strong></span> <span class='ocrx_word' id='word_1_224' title='bbox 675 1452 730 1478; x_wconf 83' lang='grc' dir='ltr'>τῶν</span> <span class='ocrx_word' id='word_1_225' title='bbox 744 1452 771 1478; x_wconf 80' lang='grc' dir='ltr'><strong>δὲ</strong></span> <span class='ocrx_word' id='word_1_226' title='bbox 787 1453 826 1484; x_wconf 90' lang='grc' dir='ltr'>εἰς</span> <span class='ocrx_word' id='word_1_227' title='bbox 844 1451 944 1483; x_wconf 75' lang='grc' dir='ltr'>πολλὰς</span> 
     </span>
    </p>
   </div>
   <div class='ocr_carea' id='block_1_32' title="bbox 155 1498 944 1536">
    <p class='ocr_par' dir='ltr' id='par_1_32' title="bbox 155 1498 944 1536">
     <span class='ocr_line' id='line_1_32' title="bbox 155 1498 944 1536; baseline -0.005 -9"><span class='ocrx_word' id='word_1_228' title='bbox 155 1500 222 1532; x_wconf 76' lang='grc' dir='ltr'>ἴσως</span> <span class='ocrx_word' id='word_1_229' title='bbox 235 1500 389 1536; x_wconf 77' lang='grc' dir='ltr'>πυραμίδας</span> <span class='ocrx_word' id='word_1_230' title='bbox 407 1499 528 1535; x_wconf 77' lang='grc' dir='ltr'>ἀστέρων</span> <span class='ocrx_word' id='word_1_231' title='bbox 545 1498 810 1534; x_wconf 85' lang='grc' dir='ltr'>ἁναπεφλεγμένων,</span> <span class='ocrx_word' id='word_1_232' title='bbox 827 1498 871 1524; x_wconf 80' lang='grc' dir='ltr'>ἵνα</span> <span class='ocrx_word' id='word_1_233' title='bbox 898 1498 944 1524; x_wconf 72' lang='grc' dir='ltr'>καὶ</span> 
     </span>
    </p>
   </div>
   <div class='ocr_carea' id='block_1_33' title="bbox 155 1544 944 1582">
    <p class='ocr_par' dir='ltr' id='par_1_33' title="bbox 155 1544 944 1582">
     <span class='ocr_line' id='line_1_33' title="bbox 155 1544 944 1582; baseline -0.008 -7"><span class='ocrx_word' id='word_1_234' title='bbox 155 1547 217 1575; x_wconf 86' lang='grc' dir='ltr'>ὅλον</span> <span class='ocrx_word' id='word_1_235' title='bbox 240 1546 435 1582; x_wconf 81' lang='grc' dir='ltr'>στεφανώσωσι</span> <span class='ocrx_word' id='word_1_236' title='bbox 451 1546 496 1574; x_wconf 84' lang='grc' dir='ltr'><strong>τὸν</strong></span> <span class='ocrx_word' id='word_1_237' title='bbox 510 1545 639 1581; x_wconf 84' lang='grc' dir='ltr'>οὐρανόν·</span> <span class='ocrx_word' id='word_1_238' title='bbox 659 1545 713 1571; x_wconf 81' lang='grc' dir='ltr'><strong>τῶν</strong></span> <span class='ocrx_word' id='word_1_239' title='bbox 737 1544 782 1575; x_wconf 77' lang='grc' dir='ltr'><strong>δὲ,</strong></span> <span class='ocrx_word' id='word_1_240' title='bbox 801 1553 944 1580; x_wconf 86' lang='grc' dir='ltr'>περιτετα-</span> 
     </span>
    </p>
   </div>
   <div class='ocr_carea' id='block_1_34' title="bbox 153 1589 944 1630">
    <p class='ocr_par' dir='ltr' id='par_1_34' title="bbox 153 1589 944 1630">
     <span class='ocr_line' id='line_1_34' title="bbox 153 1589 944 1630; baseline -0.008 -9"><span class='ocrx_word' id='word_1_241' title='bbox 153 1594 264 1630; x_wconf 80' lang='grc' dir='ltr'>γμένων</span> <span class='ocrx_word' id='word_1_242' title='bbox 276 1594 319 1620; x_wconf 79' lang='grc' dir='ltr'>ἵνα</span> <span class='ocrx_word' id='word_1_243' title='bbox 335 1593 415 1620; x_wconf 80' lang='grc' dir='ltr'>αὑτὸν</span> <span class='ocrx_word' id='word_1_244' title='bbox 428 1593 488 1628; x_wconf 77' lang='grc' dir='ltr'>εἰκῇ</span> <span class='ocrx_word' id='word_1_245' title='bbox 512 1591 682 1627; x_wconf 81' lang='grc' dir='ltr'>στερεώσωσι</span> <span class='ocrx_word' id='word_1_246' title='bbox 696 1591 743 1618; x_wconf 75' lang='grc' dir='ltr'>καὶ</span> <span class='ocrx_word' id='word_1_247' title='bbox 759 1589 944 1626; x_wconf 82' lang='grc' dir='ltr'>καμαρώσωσι</span> 
     </span>
    </p>
   </div>
   <div class='ocr_carea' id='block_1_35' title="bbox 153 1635 943 1676">
    <p class='ocr_par' dir='ltr' id='par_1_35' title="bbox 153 1635 943 1676">
     <span class='ocr_line' id='line_1_35' title="bbox 153 1635 943 1676; baseline -0.006 -9"><span class='ocrx_word' id='word_1_248' title='bbox 153 1640 201 1667; x_wconf 76' lang='grc' dir='ltr'>τὸν</span> <span class='ocrx_word' id='word_1_249' title='bbox 213 1639 310 1676; x_wconf 72' lang='grc' dir='ltr'>αἰθέρα</span> <span class='ocrx_word' id='word_1_250' title='bbox 323 1640 362 1670; x_wconf 84' lang='grc' dir='ltr'>εἰς</span> <span class='ocrx_word' id='word_1_251' title='bbox 372 1638 420 1674; x_wconf 86' lang='grc' dir='ltr'>τὴν</span> <span class='ocrx_word' id='word_1_252' title='bbox 431 1638 485 1665; x_wconf 86' lang='grc' dir='ltr'>τῶν</span> <span class='ocrx_word' id='word_1_253' title='bbox 502 1638 652 1673; x_wconf 76' lang='grc' dir='ltr'>φωστήρων</span> <span class='ocrx_word' id='word_1_254' title='bbox 668 1637 819 1672; x_wconf 74' lang='grc' dir='ltr'>ἐπιϐάθραν</span> <span class='ocrx_word' id='word_1_255' title='bbox 829 1657 835 1669; x_wconf 86' lang='grc'><strong>,</strong></span> <span class='ocrx_word' id='word_1_256' title='bbox 854 1635 943 1663; x_wconf 77' lang='grc' dir='ltr'>ἐπιλέ-</span> 
     </span>
    </p>
   </div>
   <div class='ocr_carea' id='block_1_36' title="bbox 154 1683 944 1720">
    <p class='ocr_par' dir='ltr' id='par_1_36' title="bbox 154 1683 944 1720">
     <span class='ocr_line' id='line_1_36' title="bbox 154 1683 944 1720; baseline -0.006 -6"><span class='ocrx_word' id='word_1_257' title='bbox 154 1687 255 1720; x_wconf 80' lang='grc' dir='ltr'>ξωνταί</span> <span class='ocrx_word' id='word_1_258' title='bbox 268 1695 297 1713; x_wconf 90' lang='grc' dir='ltr'>τε</span> <span class='ocrx_word' id='word_1_259' title='bbox 312 1687 422 1718; x_wconf 78' lang='grc' dir='ltr'>ἑαυταῖς</span> <span class='ocrx_word' id='word_1_260' title='bbox 437 1687 465 1712; x_wconf 91' lang='grc' dir='ltr'><strong>αἱ</strong></span> <span class='ocrx_word' id='word_1_261' title='bbox 481 1685 668 1720; x_wconf 84' lang='grc' dir='ltr'>συνομολογίαι</span> <span class='ocrx_word' id='word_1_262' title='bbox 687 1684 741 1711; x_wconf 84' lang='grc' dir='ltr'>τῶν</span> <span class='ocrx_word' id='word_1_263' title='bbox 754 1684 869 1719; x_wconf 82' lang='grc' dir='ltr'>χυδαίων</span> <span class='ocrx_word' id='word_1_264' title='bbox 882 1683 944 1709; x_wconf 81' lang='grc' dir='ltr'>ἀτό-</span> 
     </span>
    </p>
   </div>
   <div class='ocr_carea' id='block_1_37' title="bbox 154 1730 945 1769">
    <p class='ocr_par' dir='ltr' id='par_1_37' title="bbox 154 1730 945 1769">
     <span class='ocr_line' id='line_1_37' title="bbox 154 1730 945 1769; baseline -0.005 -9"><span class='ocrx_word' id='word_1_265' title='bbox 154 1741 216 1769; x_wconf 82' lang='grc' dir='ltr'><strong>μων</strong></span> <span class='ocrx_word' id='word_1_266' title='bbox 231 1733 324 1769; x_wconf 85' lang='grc' dir='ltr'>μονὰς,</span> <span class='ocrx_word' id='word_1_267' title='bbox 341 1733 389 1760; x_wconf 73' lang='grc' dir='ltr'><strong>καὶ</strong></span> <span class='ocrx_word' id='word_1_268' title='bbox 401 1731 640 1768; x_wconf 83' lang='grc' dir='ltr'>διακληρώσωνται</span> <span class='ocrx_word' id='word_1_269' title='bbox 654 1731 699 1757; x_wconf 74' lang='grc' dir='ltr'><strong>τὸν</strong></span> <span class='ocrx_word' id='word_1_270' title='bbox 717 1730 830 1766; x_wconf 75' lang='grc' dir='ltr'>οὐρανὸν</span> <span class='ocrx_word' id='word_1_271' title='bbox 852 1731 892 1761; x_wconf 85' lang='grc' dir='ltr'><strong>εἰς</strong></span> <span class='ocrx_word' id='word_1_272' title='bbox 908 1730 945 1756; x_wconf 71' lang='grc' dir='ltr'><strong>οτ-</strong></span> 
     </span>
    </p>
   </div>
   <div class='ocr_carea' id='block_1_38' title="bbox 155 1776 944 1814">
    <p class='ocr_par' dir='ltr' id='par_1_38' title="bbox 155 1776 944 1814">
     <span class='ocr_line' id='line_1_38' title="bbox 155 1776 944 1814; baseline -0.008 -7"><span class='ocrx_word' id='word_1_273' title='bbox 155 1788 222 1811; x_wconf 81' lang='grc' dir='ltr'>κους</span> <span class='ocrx_word' id='word_1_274' title='bbox 238 1780 345 1811; x_wconf 75' lang='grc' dir='ltr'>ἑαυταῖς</span> <span class='ocrx_word' id='word_1_275' title='bbox 359 1779 406 1806; x_wconf 78' lang='grc' dir='ltr'>καὶ</span> <span class='ocrx_word' id='word_1_276' title='bbox 419 1777 568 1814; x_wconf 82' lang='grc' dir='ltr'>σταθμούς.</span> <span class='ocrx_word' id='word_1_277' title='bbox 586 1787 595 1803; x_wconf 68' lang='grc' dir='ltr'><strong>ι</strong></span> <span class='ocrx_word' id='word_1_278' title='bbox 606 1777 673 1804; x_wconf 84' lang='grc' dir='ltr'><strong>Εἶτα</strong></span> <span class='ocrx_word' id='word_1_279' title='bbox 686 1777 744 1812; x_wconf 84' lang='grc' dir='ltr'>μεθ’</span> <span class='ocrx_word' id='word_1_280' title='bbox 756 1776 838 1812; x_wconf 69' lang='grc' dir='ltr'>ἕτερά</span> <span class='ocrx_word' id='word_1_281' title='bbox 853 1783 944 1811; x_wconf 82' lang='grc' dir='ltr'>φησιν’</span> 
     </span>
    </p>
   </div>
   <div class='ocr_carea' id='block_1_39' title="bbox 160 1823 945 1860">
    <p class='ocr_par' dir='ltr' id='par_1_39' title="bbox 160 1823 945 1860">
     <span class='ocr_line' id='line_1_39' title="bbox 160 1823 945 1860; baseline -0.004 -9"><span class='ocrx_word' id='word_1_282' title='bbox 160 1836 170 1851; x_wconf 73' lang='grc' dir='ltr'><strong>ι</strong></span> <span class='ocrx_word' id='word_1_283' title='bbox 192 1826 261 1853; x_wconf 84' lang='grc' dir='ltr'>Ἀλλ’</span> <span class='ocrx_word' id='word_1_284' title='bbox 275 1825 335 1852; x_wconf 80' lang='grc' dir='ltr'><strong>οὐδὲ</strong></span> <span class='ocrx_word' id='word_1_285' title='bbox 350 1825 385 1852; x_wconf 83' lang='grc' dir='ltr'><strong>τὰ</strong></span> <span class='ocrx_word' id='word_1_286' title='bbox 399 1824 504 1860; x_wconf 77' lang='grc' dir='ltr'>φανερὰ</span> <span class='ocrx_word' id='word_1_287' title='bbox 518 1824 617 1860; x_wconf 84' lang='grc' dir='ltr'>ὁρῶσιν</span> <span class='ocrx_word' id='word_1_288' title='bbox 630 1823 708 1850; x_wconf 72' lang='grc' dir='ltr'>αὐτοὶ</span> <span class='ocrx_word' id='word_1_289' title='bbox 727 1824 752 1849; x_wconf 80' lang='grc' dir='ltr'>οἱ</span> <span class='ocrx_word' id='word_1_290' title='bbox 772 1823 945 1858; x_wconf 73' lang='grc' dir='ltr'>ἀπρονόητοι,</span> 
     </span>
    </p>
   </div>
   <div class='ocr_carea' id='block_1_40' title="bbox 157 1867 947 1906">
    <p class='ocr_par' dir='ltr' id='par_1_40' title="bbox 157 1867 947 1906">
     <span class='ocr_line' id='line_1_40' title="bbox 157 1867 947 1906; baseline -0.008 -8"><span class='ocrx_word' id='word_1_291' title='bbox 157 1871 257 1898; x_wconf 76' lang='grc' dir='ltr'>πολλοῦ</span> <span class='ocrx_word' id='word_1_292' title='bbox 274 1879 306 1906; x_wconf 85' lang='grc' dir='ltr'><strong>γε</strong></span> <span class='ocrx_word' id='word_1_293' title='bbox 320 1871 409 1898; x_wconf 83' lang='grc' dir='ltr'>δέουσι</span> <span class='ocrx_word' id='word_1_294' title='bbox 430 1870 544 1906; x_wconf 80' lang='grc' dir='ltr'>συνορᾷν</span> <span class='ocrx_word' id='word_1_295' title='bbox 568 1869 613 1896; x_wconf 80' lang='grc' dir='ltr'><strong>καὶ</strong></span> <span class='ocrx_word' id='word_1_296' title='bbox 639 1868 674 1895; x_wconf 81' lang='grc' dir='ltr'>τὰ</span> <span class='ocrx_word' id='word_1_297' title='bbox 704 1868 804 1905; x_wconf 52' lang='lat' dir='ltr'><strong>agam-71.</strong></span> <span class='ocrx_word' id='word_1_298' title='bbox 827 1867 947 1893; x_wconf 83' lang='grc' dir='ltr'>Ἐοίκασι</span> 
     </span>
    </p>
   </div>
   <div class='ocr_carea' id='block_1_41' title="bbox 157 1911 947 1954">
    <p class='ocr_par' dir='ltr' id='par_1_41' title="bbox 157 1911 947 1954">
     <span class='ocr_line' id='line_1_41' title="bbox 157 1911 947 1954; baseline -0.01 -9"><span class='ocrx_word' id='word_1_299' title='bbox 157 1917 213 1954; x_wconf 82' lang='grc' dir='ltr'>γὰρ</span> <span class='ocrx_word' id='word_1_300' title='bbox 227 1917 294 1954; x_wconf 77' lang='grc' dir='ltr'><strong>μηδὲ</strong></span> <span class='ocrx_word' id='word_1_301' title='bbox 308 1917 440 1948; x_wconf 80' lang='grc' dir='ltr'>ἀνατολὰς</span> <span class='ocrx_word' id='word_1_302' title='bbox 456 1915 619 1942; x_wconf 77' lang='grc' dir='ltr'>ὑποπτεύειν</span> <span class='ocrx_word' id='word_1_303' title='bbox 635 1913 821 1949; x_wconf 82' lang='grc' dir='ltr'>τεταγμένας,</span> <span class='ocrx_word' id='word_1_304' title='bbox 837 1912 884 1938; x_wconf 75' lang='grc' dir='ltr'><strong>καὶ</strong></span> <span class='ocrx_word' id='word_1_305' title='bbox 903 1911 947 1938; x_wconf 80' lang='grc' dir='ltr'><strong>δύ-</strong></span> 
     </span>
    </p>
   </div>
   <div class='ocr_carea' id='block_1_42' title="bbox 159 1957 948 2000">
    <p class='ocr_par' dir='ltr' id='par_1_42' title="bbox 159 1957 948 2000">
     <span class='ocr_line' id='line_1_42' title="bbox 159 1957 948 2000; baseline -0.01 -9"><span class='ocrx_word' id='word_1_306' title='bbox 159 1973 228 1998; x_wconf 87' lang='grc' dir='ltr'>σεις,</span> <span class='ocrx_word' id='word_1_307' title='bbox 259 1964 327 2000; x_wconf 87' lang='grc' dir='ltr'>μήτε</span> <span class='ocrx_word' id='word_1_308' title='bbox 353 1963 407 1990; x_wconf 83' lang='grc' dir='ltr'><strong>τῶν</strong></span> <span class='ocrx_word' id='word_1_309' title='bbox 431 1962 529 1993; x_wconf 79' lang='grc' dir='ltr'>ἄλλων,</span> <span class='ocrx_word' id='word_1_310' title='bbox 550 1961 617 1996; x_wconf 86' lang='grc' dir='ltr'>μήτε</span> <span class='ocrx_word' id='word_1_311' title='bbox 644 1959 693 1991; x_wconf 81' lang='grc' dir='ltr'>τὰς</span> <span class='ocrx_word' id='word_1_312' title='bbox 722 1957 948 1994; x_wconf 81' lang='grc' dir='ltr'>ὲκπρεπεστάτας</span> 
     </span>
    </p>
   </div>
   <div class='ocr_carea' id='block_1_43' title="bbox 159 2003 948 2047">
    <p class='ocr_par' dir='ltr' id='par_1_43' title="bbox 159 2003 948 2047">
     <span class='ocr_line' id='line_1_43' title="bbox 159 2003 948 2047; baseline -0.013 -9"><span class='ocrx_word' id='word_1_313' title='bbox 159 2010 254 2047; x_wconf 61' lang='grc' dir='ltr'>ἡλίων</span> <span class='ocrx_word' id='word_1_314' title='bbox 278 2009 344 2045; x_wconf 78' lang='grc' dir='ltr'>μηδὲ</span> <span class='ocrx_word' id='word_1_315' title='bbox 366 2008 482 2044; x_wconf 77' lang='grc' dir='ltr'>χρῆσθαι</span> <span class='ocrx_word' id='word_1_316' title='bbox 507 2009 566 2038; x_wconf 83' lang='grc' dir='ltr'>ταῖς</span> <span class='ocrx_word' id='word_1_317' title='bbox 582 2006 614 2033; x_wconf 86' lang='grc' dir='ltr'>δι’</span> <span class='ocrx_word' id='word_1_318' title='bbox 633 2005 723 2033; x_wconf 79' lang='grc' dir='ltr'>αὐτῶν</span> <span class='ocrx_word' id='word_1_319' title='bbox 747 2003 948 2039; x_wconf 79' lang='grc' dir='ltr'>δεδωρημέναις</span> 
     </span>
    </p>
   </div>
   <div class='ocr_carea' id='block_1_44' title="bbox 157 2051 948 2092">
    <p class='ocr_par' dir='ltr' id='par_1_44' title="bbox 157 2051 948 2092">
     <span class='ocr_line' id='line_1_44' title="bbox 157 2051 948 2092; baseline -0.01 -8"><span class='ocrx_word' id='word_1_320' title='bbox 157 2055 313 2092; x_wconf 79' lang='grc' dir='ltr'>ἀνθρώποις</span> <span class='ocrx_word' id='word_1_321' title='bbox 321 2055 503 2090; x_wconf 80' lang='grc' dir='ltr'>ἐπικουρίαις,</span> <span class='ocrx_word' id='word_1_322' title='bbox 516 2052 689 2088; x_wconf 81' lang='grc' dir='ltr'>ἁναπτομένῃ</span> <span class='ocrx_word' id='word_1_323' title='bbox 704 2052 753 2086; x_wconf 77' lang='grc' dir='ltr'><strong>μὲν</strong></span> <span class='ocrx_word' id='word_1_324' title='bbox 764 2052 804 2082; x_wconf 88' lang='grc' dir='ltr'>εἰς</span> <span class='ocrx_word' id='word_1_325' title='bbox 817 2051 948 2086; x_wconf 82' lang='grc' dir='ltr'>ἐργασίαν</span> 
     </span>
    </p>
   </div>
   <div class='ocr_carea' id='block_1_45' title="bbox 158 2097 947 2140">
    <p class='ocr_par' dir='ltr' id='par_1_45' title="bbox 158 2097 947 2140">
     <span class='ocr_line' id='line_1_45' title="bbox 158 2097 947 2140; baseline -0.009 -10"><span class='ocrx_word' id='word_1_326' title='bbox 158 2103 262 2140; x_wconf 81' lang='grc' dir='ltr'>ἡμέρᾳ,</span> <span class='ocrx_word' id='word_1_327' title='bbox 287 2101 497 2138; x_wconf 79' lang='grc' dir='ltr'>ὲπηλυγαζούσῃ</span> <span class='ocrx_word' id='word_1_328' title='bbox 526 2101 554 2128; x_wconf 77' lang='grc' dir='ltr'><strong>δὲ</strong></span> <span class='ocrx_word' id='word_1_329' title='bbox 583 2100 661 2126; x_wconf 79' lang='grc' dir='ltr'>νυκτὶ</span> <span class='ocrx_word' id='word_1_330' title='bbox 685 2099 754 2134; x_wconf 75' lang='grc' dir='ltr'>πρὸς</span> <span class='ocrx_word' id='word_1_331' title='bbox 778 2097 947 2124; x_wconf 84' lang='grc' dir='ltr'>ἀνάπαυλαν.</span> 
     </span>
    </p>
   </div>
   <div class='ocr_carea' id='block_1_46' title="bbox 163 2143 951 2184">
    <p class='ocr_par' dir='ltr' id='par_1_46' title="bbox 163 2143 951 2184">
     <span class='ocr_line' id='line_1_46' title="bbox 163 2143 951 2184; baseline -0.011 -7"><span class='ocrx_word' id='word_1_332' title='bbox 163 2160 173 2176; x_wconf 73' lang='grc'><strong>4</strong></span> <span class='ocrx_word' id='word_1_333' title='bbox 198 2149 382 2184; x_wconf 77' lang='grc' dir='ltr'>Ἑξελεύσεται</span> <span class='ocrx_word' id='word_1_334' title='bbox 400 2148 455 2184; x_wconf 83' lang='grc' dir='ltr'><strong>γὰρ</strong></span> <span class='ocrx_word' id='word_1_335' title='bbox 469 2146 621 2182; x_wconf 78' lang='grc' dir='ltr'>ἄνθρωπος,</span> <span class='ocrx_word' id='word_1_336' title='bbox 649 2146 740 2183; x_wconf 64' lang='grc' dir='ltr'>φησιν.</span> <span class='ocrx_word' id='word_1_337' title='bbox 769 2144 815 2171; x_wconf 74' lang='grc' dir='ltr'><strong>ἐπὶ</strong></span> <span class='ocrx_word' id='word_1_338' title='bbox 849 2143 879 2170; x_wconf 79' lang='grc' dir='ltr'><strong>τὸ</strong></span> <span class='ocrx_word' id='word_1_339' title='bbox 905 2143 951 2179; x_wconf 79' lang='grc' dir='ltr'>έρ-</span> 
     </span>
    </p>
   </div>
   <div class='ocr_carea' id='block_1_47' title="bbox 158 2189 947 2232">
    <p class='ocr_par' dir='ltr' id='par_1_47' title="bbox 158 2189 947 2232">
     <span class='ocr_line' id='line_1_47' title="bbox 158 2189 947 2232; baseline -0.011 -9"><span class='ocrx_word' id='word_1_340' title='bbox 158 2205 209 2232; x_wconf 84' lang='grc' dir='ltr'><strong>γον</strong></span> <span class='ocrx_word' id='word_1_341' title='bbox 219 2195 365 2226; x_wconf 72' lang='grc' dir='ltr'>αὐτοῦ,καὶ</span> <span class='ocrx_word' id='word_1_342' title='bbox 375 2195 422 2221; x_wconf 76' lang='grc' dir='ltr'><strong>ἐπὶ</strong></span> <span class='ocrx_word' id='word_1_343' title='bbox 433 2194 481 2229; x_wconf 82' lang='grc' dir='ltr'>τὴν</span> <span class='ocrx_word' id='word_1_344' title='bbox 490 2193 619 2229; x_wconf 72' lang='grc' dir='ltr'>ἐργασίαν</span> <span class='ocrx_word' id='word_1_345' title='bbox 633 2190 715 2219; x_wconf 80' lang='grc' dir='ltr'>αὑτοῦ</span> <span class='ocrx_word' id='word_1_346' title='bbox 738 2190 790 2222; x_wconf 69' lang='grc' dir='ltr'>ἕως</span> <span class='ocrx_word' id='word_1_347' title='bbox 802 2189 930 2225; x_wconf 81' lang='grc' dir='ltr'>ἑσπέρας.</span> <span class='ocrx_word' id='word_1_348' title='bbox 939 2199 947 2214; x_wconf 79' lang='grc' dir='ltr'><strong>ι</strong></span> 
     </span>
    </p>
   </div>
   <div class='ocr_carea' id='block_1_48' title="bbox 166 2236 949 2277">
    <p class='ocr_par' dir='ltr' id='par_1_48' title="bbox 166 2236 949 2277">
     <span class='ocr_line' id='line_1_48' title="bbox 166 2236 949 2277; baseline -0.011 -7"><span class='ocrx_word' id='word_1_349' title='bbox 166 2242 237 2270; x_wconf 77' lang='grc' dir='ltr'>Ἀλλ’</span> <span class='ocrx_word' id='word_1_350' title='bbox 251 2241 310 2269; x_wconf 80' lang='grc' dir='ltr'><strong>οὐδὲ</strong></span> <span class='ocrx_word' id='word_1_351' title='bbox 324 2241 373 2277; x_wconf 86' lang='grc' dir='ltr'><strong>τὴν</strong></span> <span class='ocrx_word' id='word_1_352' title='bbox 387 2241 482 2276; x_wconf 78' lang='grc' dir='ltr'>ἑτέραν</span> <span class='ocrx_word' id='word_1_353' title='bbox 495 2238 689 2266; x_wconf 77' lang='grc' dir='ltr'>ἐπισκοποῦσιν</span> <span class='ocrx_word' id='word_1_354' title='bbox 700 2236 884 2272; x_wconf 82' lang='grc' dir='ltr'>ὰνακύκλησιν</span> <span class='ocrx_word' id='word_1_355' title='bbox 901 2236 949 2262; x_wconf 82' lang='grc' dir='ltr'><strong>αὑ-</strong></span> 
     </span>
    </p>
   </div>
   <div class='ocr_carea' id='block_1_49' title="bbox 160 2275 988 2330">
    <p class='ocr_par' dir='ltr' id='par_1_49' title="bbox 160 2275 988 2330">
     <span class='ocr_line' id='line_1_49' title="bbox 160 2275 988 2330; baseline -0.012 -14"><span class='ocrx_word' id='word_1_356' title='bbox 160 2288 210 2316; x_wconf 83' lang='grc' dir='ltr'><strong>τοῦ</strong></span> <span class='ocrx_word' id='word_1_357' title='bbox 222 2310 230 2322; x_wconf 96' lang='grc'><strong>,</strong></span> <span class='ocrx_word' id='word_1_358' title='bbox 248 2288 308 2315; x_wconf 84' lang='grc' dir='ltr'>καθ’</span> <span class='ocrx_word' id='word_1_359' title='bbox 325 2275 358 2323; x_wconf 78' lang='grc' dir='ltr'>ἢν</span> <span class='ocrx_word' id='word_1_360' title='bbox 374 2275 529 2323; x_wconf 83' lang='grc' dir='ltr'>ὡρισμένας</span> <span class='ocrx_word' id='word_1_361' title='bbox 554 2285 639 2330; x_wconf 65' lang='grc' dir='ltr'>ὥρας,</span> <span class='ocrx_word' id='word_1_362' title='bbox 663 2285 710 2311; x_wconf 75' lang='grc' dir='ltr'>καὶ</span> <span class='ocrx_word' id='word_1_363' title='bbox 732 2283 845 2319; x_wconf 79' lang='grc' dir='ltr'>καιροὺς</span> <span class='ocrx_word' id='word_1_364' title='bbox 859 2281 950 2308; x_wconf 84' lang='grc' dir='ltr'>εὐκαί-</span> <span class='ocrx_word' id='word_1_365' title='bbox 967 2275 988 2302; x_wconf 84' lang='grc' dir='ltr'><strong>Ῑ)</strong></span> 
     </span>
    </p>
   </div>
   <div class='ocr_carea' id='block_1_50' title="bbox 161 2327 952 2372">
    <p class='ocr_par' dir='ltr' id='par_1_50' title="bbox 161 2327 952 2372">
     <span class='ocr_line' id='line_1_50' title="bbox 161 2327 952 2372; baseline -0.011 -10"><span class='ocrx_word' id='word_1_366' title='bbox 161 2343 238 2372; x_wconf 80' lang='grc' dir='ltr'>ρους,</span> <span class='ocrx_word' id='word_1_367' title='bbox 255 2335 301 2361; x_wconf 85' lang='grc' dir='ltr'>καὶ</span> <span class='ocrx_word' id='word_1_368' title='bbox 318 2333 420 2369; x_wconf 74' lang='grc' dir='ltr'>τροπὰς</span> <span class='ocrx_word' id='word_1_369' title='bbox 437 2327 664 2368; x_wconf 76' lang='grc' dir='ltr'>ὰπαρατρέπτους</span> <span class='ocrx_word' id='word_1_370' title='bbox 674 2330 810 2361; x_wconf 80' lang='grc' dir='ltr'>ἀποτελεῖ,</span> <span class='ocrx_word' id='word_1_371' title='bbox 829 2328 882 2355; x_wconf 81' lang='grc' dir='ltr'><strong>ὑπὸ</strong></span> <span class='ocrx_word' id='word_1_372' title='bbox 897 2327 952 2354; x_wconf 84' lang='grc' dir='ltr'><strong>τῶν</strong></span> 
     </span>
    </p>
   </div>
   <div class='ocr_carea' id='block_1_51' title="bbox 160 2373 953 2415">
    <p class='ocr_par' dir='ltr' id='par_1_51' title="bbox 160 2373 953 2415">
     <span class='ocr_line' id='line_1_51' title="bbox 160 2373 953 2415; baseline -0.009 -8"><span class='ocrx_word' id='word_1_373' title='bbox 160 2381 192 2415; x_wconf 77' lang='grc' dir='ltr'>ἐξ</span> <span class='ocrx_word' id='word_1_374' title='bbox 261 2381 335 2407; x_wconf 78' lang='grc' dir='ltr'>ἐστιν</span> <span class='ocrx_word' id='word_1_375' title='bbox 347 2380 457 2414; x_wconf 86' lang='grc' dir='ltr'>ἀτόμων</span> <span class='ocrx_word' id='word_1_376' title='bbox 468 2377 649 2413; x_wconf 83' lang='grc' dir='ltr'>ὀδηγούμενος</span> <span class='ocrx_word' id='word_1_377' title='bbox 682 2375 762 2402; x_wconf 82' lang='grc' dir='ltr'><strong>Ἀλλὰ</strong></span> <span class='ocrx_word' id='word_1_378' title='bbox 776 2375 827 2402; x_wconf 79' lang='grc' dir='ltr'>κᾶν</span> <span class='ocrx_word' id='word_1_379' title='bbox 855 2373 892 2410; x_wconf 86' lang='grc' dir='ltr'><strong>μὴ</strong></span> <span class='ocrx_word' id='word_1_380' title='bbox 909 2373 953 2400; x_wconf 77' lang='grc' dir='ltr'>θέ-</span> 
     </span>
    </p>
   </div>
   <div class='ocr_carea' id='block_1_52' title="bbox 161 2420 951 2457">
    <p class='ocr_par' dir='ltr' id='par_1_52' title="bbox 161 2420 951 2457">
     <span class='ocr_line' id='line_1_52' title="bbox 161 2420 951 2457; baseline -0.01 -3"><span class='ocrx_word' id='word_1_381' title='bbox 161 2427 246 2457; x_wconf 78' lang='grc' dir='ltr'>λωσιν</span> <span class='ocrx_word' id='word_1_382' title='bbox 262 2427 288 2453; x_wconf 82' lang='grc' dir='ltr'>οἱ</span> <span class='ocrx_word' id='word_1_383' title='bbox 310 2426 433 2455; x_wconf 80' lang='grc' dir='ltr'>δείλαιοι,</span> <span class='ocrx_word' id='word_1_384' title='bbox 448 2424 485 2456; x_wconf 85' lang='grc' dir='ltr'><strong>ὡς</strong></span> <span class='ocrx_word' id='word_1_385' title='bbox 498 2424 520 2450; x_wconf 82' lang='grc' dir='ltr'><strong>δ’</strong></span> <span class='ocrx_word' id='word_1_386' title='bbox 533 2421 580 2450; x_wconf 83' lang='grc' dir='ltr'>οὖν</span> <span class='ocrx_word' id='word_1_387' title='bbox 595 2422 768 2449; x_wconf 79' lang='grc' dir='ltr'>πιστεύουσιν</span> <span class='ocrx_word' id='word_1_388' title='bbox 794 2421 820 2448; x_wconf 88' lang='grc' dir='ltr'>οἱ</span> <span class='ocrx_word' id='word_1_389' title='bbox 844 2420 951 2451; x_wconf 86' lang='grc' dir='ltr'>δίκαιοι,</span> 
     </span>
    </p>
   </div>
   <div class='ocr_carea' id='block_1_53' title="bbox 162 2465 952 2509">
    <p class='ocr_par' dir='ltr' id='par_1_53' title="bbox 162 2465 952 2509">
     <span class='ocr_line' id='line_1_53' title="bbox 162 2465 952 2509; baseline -0.011 -9"><span class='ocrx_word' id='word_1_390' title='bbox 162 2473 252 2509; x_wconf 82' lang='grc' dir='ltr'>μέγας</span> <span class='ocrx_word' id='word_1_391' title='bbox 263 2472 365 2507; x_wconf 84' lang='grc' dir='ltr'>Κύριος</span> <span class='ocrx_word' id='word_1_392' title='bbox 381 2471 396 2496; x_wconf 83' lang='grc' dir='ltr'>ὁ</span> <span class='ocrx_word' id='word_1_393' title='bbox 415 2471 531 2506; x_wconf 73' lang='grc' dir='ltr'>ποιήσας</span> <span class='ocrx_word' id='word_1_394' title='bbox 541 2468 634 2501; x_wconf 76' lang='grc' dir='ltr'>αὑτὸν,</span> <span class='ocrx_word' id='word_1_395' title='bbox 651 2467 699 2494; x_wconf 74' lang='grc' dir='ltr'>καὶ</span> <span class='ocrx_word' id='word_1_396' title='bbox 714 2468 742 2494; x_wconf 82' lang='grc' dir='ltr'>ὲν</span> <span class='ocrx_word' id='word_1_397' title='bbox 763 2467 853 2501; x_wconf 88' lang='grc' dir='ltr'>λόγοις</span> <span class='ocrx_word' id='word_1_398' title='bbox 870 2465 952 2493; x_wconf 77' lang='grc' dir='ltr'>αὑτοῦ</span> 
     </span>
    </p>
   </div>
   <div class='ocr_carea' id='block_1_54' title="bbox 162 2511 952 2554">
    <p class='ocr_par' dir='ltr' id='par_1_54' title="bbox 162 2511 952 2554">
     <span class='ocr_line' id='line_1_54' title="bbox 162 2511 952 2554; baseline -0.013 -8"><span class='ocrx_word' id='word_1_399' title='bbox 162 2519 333 2547; x_wconf 85' lang='grc' dir='ltr'>κατέσπευσε</span> <span class='ocrx_word' id='word_1_400' title='bbox 350 2517 474 2554; x_wconf 85' lang='grc' dir='ltr'>πορείαν.</span> <span class='ocrx_word' id='word_1_401' title='bbox 490 2516 603 2550; x_wconf 81' lang='grc' dir='ltr'>Ἀτομοι</span> <span class='ocrx_word' id='word_1_402' title='bbox 614 2514 667 2550; x_wconf 78' lang='grc' dir='ltr'><strong>γὰρ</strong></span> <span class='ocrx_word' id='word_1_403' title='bbox 682 2514 746 2548; x_wconf 82' lang='grc' dir='ltr'>ὑμῖν</span> <span class='ocrx_word' id='word_1_404' title='bbox 765 2512 887 2548; x_wconf 83' lang='grc' dir='ltr'>χειμῶνα</span> <span class='ocrx_word' id='word_1_405' title='bbox 903 2511 952 2545; x_wconf 81' lang='grc' dir='ltr'>φέ-</span> 
     </span>
    </p>
   </div>
   <div class='ocr_carea' id='block_1_55' title="bbox 164 2558 953 2602">
    <p class='ocr_par' dir='ltr' id='par_1_55' title="bbox 164 2558 953 2602">
     <span class='ocr_line' id='line_1_55' title="bbox 164 2558 953 2602; baseline -0.013 -9"><span class='ocrx_word' id='word_1_406' title='bbox 164 2574 267 2602; x_wconf 78' lang='grc' dir='ltr'>ρουσιν,</span> <span class='ocrx_word' id='word_1_407' title='bbox 280 2562 303 2592; x_wconf 81' lang='grc' dir='ltr'><strong>ὦ</strong></span> <span class='ocrx_word' id='word_1_408' title='bbox 316 2564 421 2598; x_wconf 73' lang='grc' dir='ltr'>τυφλοὶ,</span> <span class='ocrx_word' id='word_1_409' title='bbox 439 2563 484 2589; x_wconf 75' lang='grc' dir='ltr'><strong>καὶ</strong></span> <span class='ocrx_word' id='word_1_410' title='bbox 496 2562 602 2593; x_wconf 83' lang='grc' dir='ltr'>ὑετοὺς,</span> <span class='ocrx_word' id='word_1_411' title='bbox 617 2561 660 2587; x_wconf 81' lang='grc' dir='ltr'><strong>ἵνα</strong></span> <span class='ocrx_word' id='word_1_412' title='bbox 671 2561 688 2595; x_wconf 86' lang='grc' dir='ltr'>ἡ</span> <span class='ocrx_word' id='word_1_413' title='bbox 709 2559 745 2595; x_wconf 85' lang='grc' dir='ltr'>γῆ</span> <span class='ocrx_word' id='word_1_414' title='bbox 766 2558 867 2594; x_wconf 70' lang='grc' dir='ltr'>τροφὰς</span> <span class='ocrx_word' id='word_1_415' title='bbox 890 2558 953 2592; x_wconf 86' lang='grc' dir='ltr'>ὑμῖν</span> 
     </span>
    </p>
   </div>
   <div class='ocr_carea' id='block_1_56' title="bbox 162 2603 954 2640">
    <p class='ocr_par' dir='ltr' id='par_1_56' title="bbox 162 2603 954 2640">
     <span class='ocr_line' id='line_1_56' title="bbox 162 2603 954 2640; baseline -0.015 -1"><span class='ocrx_word' id='word_1_416' title='bbox 162 2620 193 2638; x_wconf 82' lang='grc' dir='ltr'><strong>τε</strong></span> <span class='ocrx_word' id='word_1_417' title='bbox 208 2610 256 2639; x_wconf 70' lang='grc' dir='ltr'>καὶ</span> <span class='ocrx_word' id='word_1_418' title='bbox 270 2611 336 2638; x_wconf 79' lang='grc' dir='ltr'>πᾶσι</span> <span class='ocrx_word' id='word_1_419' title='bbox 352 2610 409 2640; x_wconf 89' lang='grc' dir='ltr'>τοῖς</span> <span class='ocrx_word' id='word_1_420' title='bbox 418 2608 461 2635; x_wconf 78' lang='grc' dir='ltr'><strong>ἐπ’</strong></span> <span class='ocrx_word' id='word_1_421' title='bbox 476 2608 567 2638; x_wconf 80' lang='grc' dir='ltr'>αὐτοῖς</span> <span class='ocrx_word' id='word_1_422' title='bbox 587 2605 667 2638; x_wconf 77' lang='grc' dir='ltr'>ζώοις</span> <span class='ocrx_word' id='word_1_423' title='bbox 680 2605 730 2640; x_wconf 81' lang='grc' dir='ltr'><strong>ἀνῇ</strong></span> <span class='ocrx_word' id='word_1_424' title='bbox 743 2612 748 2618; x_wconf 84' lang='grc'><strong>’</strong></span> <span class='ocrx_word' id='word_1_425' title='bbox 762 2604 840 2638; x_wconf 77' lang='grc' dir='ltr'>θέρος</span> <span class='ocrx_word' id='word_1_426' title='bbox 861 2611 891 2629; x_wconf 85' lang='grc' dir='ltr'><strong>τε</strong></span> <span class='ocrx_word' id='word_1_427' title='bbox 906 2603 954 2628; x_wconf 82' lang='grc' dir='ltr'><strong>ὲπ-</strong></span> 
     </span>
    </p>
   </div>
   <div class='ocr_carea' id='block_1_57' title="bbox 163 2648 954 2693">
    <p class='ocr_par' dir='ltr' id='par_1_57' title="bbox 163 2648 954 2693">
     <span class='ocr_line' id='line_1_57' title="bbox 163 2648 954 2693; baseline -0.014 -8"><span class='ocrx_word' id='word_1_428' title='bbox 163 2658 287 2693; x_wconf 81' lang='grc' dir='ltr'>άγουσιν,</span> <span class='ocrx_word' id='word_1_429' title='bbox 301 2657 345 2684; x_wconf 85' lang='grc' dir='ltr'><strong>ἵνα</strong></span> <span class='ocrx_word' id='word_1_430' title='bbox 357 2655 475 2686; x_wconf 77' lang='grc' dir='ltr'>καὶτοὺς</span> <span class='ocrx_word' id='word_1_431' title='bbox 486 2653 540 2693; x_wconf 75' lang='grc' dir='ltr'>ᾁπὺ</span> <span class='ocrx_word' id='word_1_432' title='bbox 549 2652 663 2688; x_wconf 76' lang='grc' dir='ltr'>δένδρων</span> <span class='ocrx_word' id='word_1_433' title='bbox 671 2652 710 2683; x_wconf 82' lang='grc' dir='ltr'>εἰς</span> <span class='ocrx_word' id='word_1_434' title='bbox 718 2650 822 2686; x_wconf 59' lang='grc' dir='ltr'>τρυφὴν</span> <span class='ocrx_word' id='word_1_435' title='bbox 831 2648 954 2684; x_wconf 76' lang='grc' dir='ltr'>καρποὺς</span> 
     </span>
    </p>
   </div>
   <div class='ocr_carea' id='block_1_58' title="bbox 163 2694 988 2739">
    <p class='ocr_par' dir='ltr' id='par_1_58' title="bbox 163 2694 988 2739">
     <span class='ocr_line' id='line_1_58' title="bbox 163 2694 988 2739; baseline -0.015 -7"><span class='ocrx_word' id='word_1_436' title='bbox 163 2704 275 2739; x_wconf 82' lang='grc' dir='ltr'>λάὸητε.</span> <span class='ocrx_word' id='word_1_437' title='bbox 293 2703 347 2730; x_wconf 84' lang='lat' dir='ltr'><strong>Kal.</strong></span> <span class='ocrx_word' id='word_1_438' title='bbox 363 2702 407 2729; x_wconf 81' lang='grc' dir='ltr'>διὰ</span> <span class='ocrx_word' id='word_1_439' title='bbox 423 2701 449 2728; x_wconf 88' lang='grc' dir='ltr'>τί</span> <span class='ocrx_word' id='word_1_440' title='bbox 463 2700 500 2736; x_wconf 88' lang='grc' dir='ltr'>μὴ</span> <span class='ocrx_word' id='word_1_441' title='bbox 513 2701 573 2731; x_wconf 87' lang='grc' dir='ltr'>ταῖς</span> <span class='ocrx_word' id='word_1_442' title='bbox 591 2699 703 2733; x_wconf 83' lang='grc' dir='ltr'>ἀτόμοις</span> <span class='ocrx_word' id='word_1_443' title='bbox 715 2697 894 2733; x_wconf 81' lang='grc' dir='ltr'>προσκυνεῖτε</span> <span class='ocrx_word' id='word_1_444' title='bbox 907 2694 954 2721; x_wconf 78' lang='grc' dir='ltr'>καὶ</span> <span class='ocrx_word' id='word_1_445' title='bbox 985 2716 988 2721; x_wconf 78' lang='grc'>.</span> 
     </span>
    </p>
   </div>
   <div class='ocr_carea' id='block_1_59' title="bbox 165 2742 956 2783">
    <p class='ocr_par' dir='ltr' id='par_1_59' title="bbox 165 2742 956 2783">
     <span class='ocr_line' id='line_1_59' title="bbox 165 2742 956 2783; baseline -0.014 -6"><span class='ocrx_word' id='word_1_446' title='bbox 165 2750 245 2777; x_wconf 81' lang='grc' dir='ltr'>θύετε</span> <span class='ocrx_word' id='word_1_447' title='bbox 260 2751 321 2780; x_wconf 80' lang='grc' dir='ltr'>ταῖς</span> <span class='ocrx_word' id='word_1_448' title='bbox 338 2747 502 2783; x_wconf 80' lang='grc' dir='ltr'>ὲπικάρποις</span> <span class='ocrx_word' id='word_1_449' title='bbox 516 2754 523 2779; x_wconf 88' lang='grc'>;</span> <span class='ocrx_word' id='word_1_450' title='bbox 547 2743 701 2780; x_wconf 81' lang='grc' dir='ltr'>Ἀχάριστοί</span> <span class='ocrx_word' id='word_1_451' title='bbox 713 2751 763 2777; x_wconf 79' lang='grc' dir='ltr'><strong>γε,</strong></span> <span class='ocrx_word' id='word_1_452' title='bbox 782 2742 849 2778; x_wconf 78' lang='grc' dir='ltr'>μηδὲ</span> <span class='ocrx_word' id='word_1_453' title='bbox 870 2742 956 2777; x_wconf 83' lang='grc' dir='ltr'>ἀπαρ-</span> 
     </span>
    </p>
   </div>
   <div class='ocr_carea' id='block_1_60' title="bbox 166 2787 954 2833">
    <p class='ocr_par' dir='ltr' id='par_1_60' title="bbox 166 2787 954 2833">
     <span class='ocr_line' id='line_1_60' title="bbox 166 2787 954 2833; baseline -0.013 -10"><span class='ocrx_word' id='word_1_454' title='bbox 166 2797 217 2833; x_wconf 72' lang='grc' dir='ltr'><strong>χὰς</strong></span> <span class='ocrx_word' id='word_1_455' title='bbox 235 2796 330 2826; x_wconf 76' lang='grc' dir='ltr'>αὐταῖς</span> <span class='ocrx_word' id='word_1_456' title='bbox 343 2794 436 2828; x_wconf 82' lang='grc' dir='ltr'>ὀλίγας</span> <span class='ocrx_word' id='word_1_457' title='bbox 451 2793 506 2820; x_wconf 84' lang='grc' dir='ltr'>τῶν</span> <span class='ocrx_word' id='word_1_458' title='bbox 519 2790 624 2825; x_wconf 76' lang='grc' dir='ltr'>πολλῶν</span> <span class='ocrx_word' id='word_1_459' title='bbox 638 2789 761 2826; x_wconf 67' lang='grc' dir='ltr'>δωρεῶνξ</span> <span class='ocrx_word' id='word_1_460' title='bbox 778 2789 811 2821; x_wconf 79' lang='grc' dir='ltr'>ἃς</span> <span class='ocrx_word' id='word_1_461' title='bbox 827 2788 891 2822; x_wconf 77' lang='grc' dir='ltr'>παρ’</span> <span class='ocrx_word' id='word_1_462' title='bbox 905 2787 954 2814; x_wconf 84' lang='grc' dir='ltr'><strong>αὑ-</strong></span> 
     </span>
    </p>
   </div>
   <div class='ocr_carea' id='block_1_61' title="bbox 166 2833 952 2877">
    <p class='ocr_par' dir='ltr' id='par_1_61' title="bbox 166 2833 952 2877">
     <span class='ocr_line' id='line_1_61' title="bbox 166 2833 952 2877; baseline -0.013 -8"><span class='ocrx_word' id='word_1_463' title='bbox 166 2842 221 2870; x_wconf 82' lang='grc' dir='ltr'><strong>τῶν</strong></span> <span class='ocrx_word' id='word_1_464' title='bbox 233 2841 320 2877; x_wconf 80' lang='grc' dir='ltr'>ἔχετε,</span> <span class='ocrx_word' id='word_1_465' title='bbox 338 2839 523 2874; x_wconf 77' lang='grc' dir='ltr'>ἀφιεροῦντες.</span> <span class='ocrx_word' id='word_1_466' title='bbox 541 2848 549 2863; x_wconf 71' lang='grc' dir='ltr'><strong>ι</strong></span> <span class='ocrx_word' id='word_1_467' title='bbox 571 2838 625 2864; x_wconf 67' lang='grc' dir='ltr'><strong>Καὶ</strong></span> <span class='ocrx_word' id='word_1_468' title='bbox 646 2835 714 2872; x_wconf 76' lang='grc' dir='ltr'>μετὰ</span> <span class='ocrx_word' id='word_1_469' title='bbox 731 2834 833 2871; x_wconf 76' lang='grc' dir='ltr'>βραχέα</span> <span class='ocrx_word' id='word_1_470' title='bbox 855 2833 952 2869; x_wconf 70' lang='grc' dir='ltr'>φησίν·</span> 
     </span>
    </p>
   </div>
   <div class='ocr_carea' id='block_1_62' title="bbox 205 2884 451 2915">
    <p class='ocr_par' dir='ltr' id='par_1_62' title="bbox 205 2884 451 2915">
     <span class='ocr_line' id='line_1_62' title="bbox 205 2884 451 2915; baseline -0.008 -2"><span class='ocrx_word' id='word_1_471' title='bbox 205 2886 318 2913; x_wconf 79' lang='lat' dir='ltr'><strong>&#39;ICor.</strong></span> <span class='ocrx_word' id='word_1_472' title='bbox 334 2892 387 2915; x_wconf 72' lang='lat' dir='ltr'><strong>xv,</strong></span> <span class='ocrx_word' id='word_1_473' title='bbox 407 2884 451 2911; x_wconf 77' lang='grc'><strong>41.</strong></span> 
     </span>
    </p>
   </div>
   <div class='ocr_carea' id='block_1_63' title="bbox 204 2929 591 2966">
    <p class='ocr_par' dir='ltr' id='par_1_63' title="bbox 204 2929 591 2966">
     <span class='ocr_line' id='line_1_63' title="bbox 204 2929 591 2966; baseline -0.008 -7"><span class='ocrx_word' id='word_1_474' title='bbox 204 2931 260 2966; x_wconf 68' lang='lat'><strong>(’28)</strong></span> <span class='ocrx_word' id='word_1_475' title='bbox 281 2930 360 2958; x_wconf 78' lang='lat' dir='ltr'><strong>Futte</strong></span> <span class='ocrx_word' id='word_1_476' title='bbox 380 2929 591 2962; x_wconf 67' lang='grc' dir='ltr'>πυγκεγυμένην.</span> 
     </span>
    </p>
   </div>
   <div class='ocr_carea' id='block_1_64' title="bbox 982 291 1769 329">
    <p class='ocr_par' dir='ltr' id='par_1_64' title="bbox 982 291 1769 329">
     <span class='ocr_line' id='line_1_64' title="bbox 982 291 1769 329; baseline -0.006 -7"><span class='ocrx_word' id='word_1_477' title='bbox 982 300 1063 329; x_wconf 84' lang='lat' dir='ltr'><strong>atque</strong></span> <span class='ocrx_word' id='word_1_478' title='bbox 1076 294 1159 328; x_wconf 86' lang='lat' dir='ltr'><strong>tales,</strong></span> <span class='ocrx_word' id='word_1_479' title='bbox 1172 302 1260 329; x_wconf 88' lang='lat' dir='ltr'><strong>eoque</strong></span> <span class='ocrx_word' id='word_1_480' title='bbox 1273 293 1428 328; x_wconf 60' lang='lat' dir='ltr'><strong>conjunctis</strong></span> <span class='ocrx_word' id='word_1_481' title='bbox 1439 292 1520 319; x_wconf 86' lang='lat' dir='ltr'><strong>modo</strong></span> <span class='ocrx_word' id='word_1_482' title='bbox 1533 312 1540 323; x_wconf 90' lang='lat'><strong>,</strong></span> <span class='ocrx_word' id='word_1_483' title='bbox 1564 291 1597 318; x_wconf 85' lang='lat' dir='ltr'><strong>ad</strong></span> <span class='ocrx_word' id='word_1_484' title='bbox 1619 291 1690 318; x_wconf 70' lang='lat' dir='ltr'><strong>luna)</strong></span> <span class='ocrx_word' id='word_1_485' title='bbox 1705 298 1769 325; x_wconf 87' lang='lat' dir='ltr'><strong>pro-</strong></span> 
     </span>
    </p>
   </div>
   <div class='ocr_carea' id='block_1_65' title="bbox 983 339 1768 372">
    <p class='ocr_par' dir='ltr' id='par_1_65' title="bbox 983 339 1768 372">
     <span class='ocr_line' id='line_1_65' title="bbox 983 339 1768 372; baseline -0.006 -3"><span class='ocrx_word' id='word_1_486' title='bbox 983 342 1148 369; x_wconf 71' lang='lat' dir='ltr'><strong>creationem</strong></span> <span class='ocrx_word' id='word_1_487' title='bbox 1160 345 1370 372; x_wconf 85' lang='lat' dir='ltr'><strong>coneurrerent,</strong></span> <span class='ocrx_word' id='word_1_488' title='bbox 1388 344 1435 367; x_wconf 89' lang='lat' dir='ltr'><strong>aut</strong></span> <span class='ocrx_word' id='word_1_489' title='bbox 1451 339 1587 365; x_wconf 89' lang='lat' dir='ltr'><strong>lunarium</strong></span> <span class='ocrx_word' id='word_1_490' title='bbox 1616 344 1768 365; x_wconf 81' lang='lat' dir='ltr'><strong>atomorum</strong></span> 
     </span>
    </p>
   </div>
   <div class='ocr_carea' id='block_1_66' title="bbox 985 383 1771 422">
    <p class='ocr_par' dir='ltr' id='par_1_66' title="bbox 985 383 1771 422">
     <span class='ocr_line' id='line_1_66' title="bbox 985 383 1771 422; baseline -0.006 -8"><span class='ocrx_word' id='word_1_491' title='bbox 985 395 1072 414; x_wconf 76' lang='lat' dir='ltr'><strong>nexus</strong></span> <span class='ocrx_word' id='word_1_492' title='bbox 1087 387 1172 414; x_wconf 90' lang='lat' dir='ltr'><strong>solem</strong></span> <span class='ocrx_word' id='word_1_493' title='bbox 1185 394 1306 422; x_wconf 84' lang='lat' dir='ltr'><strong>unquam</strong></span> <span class='ocrx_word' id='word_1_494' title='bbox 1322 385 1468 413; x_wconf 69' lang='lat' dir='ltr'><strong>edicerent.</strong></span> <span class='ocrx_word' id='word_1_495' title='bbox 1489 384 1571 419; x_wconf 80' lang='lat'><strong>776</strong></span> <span class='ocrx_word' id='word_1_496' title='bbox 1590 383 1627 410; x_wconf 87' lang='lat' dir='ltr'><strong>lta</strong></span> <span class='ocrx_word' id='word_1_497' title='bbox 1645 391 1696 411; x_wconf 84' lang='lat' dir='ltr'><strong>nec</strong></span> <span class='ocrx_word' id='word_1_498' title='bbox 1718 383 1771 410; x_wconf 85' lang='lat' dir='ltr'><strong>Ar-</strong></span> 
     </span>
    </p>
   </div>
   <div class='ocr_carea' id='block_1_67' title="bbox 984 429 1769 467">
    <p class='ocr_par' dir='ltr' id='par_1_67' title="bbox 984 429 1769 467">
     <span class='ocr_line' id='line_1_67' title="bbox 984 429 1769 467; baseline -0.006 -7"><span class='ocrx_word' id='word_1_499' title='bbox 984 438 1080 460; x_wconf 78' lang='lat' dir='ltr'><strong>cturus</strong></span> <span class='ocrx_word' id='word_1_500' title='bbox 1094 453 1101 466; x_wconf 91' lang='lat'><strong>,</strong></span> <span class='ocrx_word' id='word_1_501' title='bbox 1114 432 1222 460; x_wconf 79' lang='lat' dir='ltr'><strong>tametsi</strong></span> <span class='ocrx_word' id='word_1_502' title='bbox 1236 431 1413 467; x_wconf 87' lang='lat' dir='ltr'><strong>perillustris,</strong></span> <span class='ocrx_word' id='word_1_503' title='bbox 1439 438 1473 457; x_wconf 83' lang='lat' dir='ltr'><strong>ex</strong></span> <span class='ocrx_word' id='word_1_504' title='bbox 1487 437 1610 461; x_wconf 57' lang='lat' dir='ltr'><strong>aurora},</strong></span> <span class='ocrx_word' id='word_1_505' title='bbox 1625 436 1675 456; x_wconf 89' lang='lat' dir='ltr'><strong>nec</strong></span> <span class='ocrx_word' id='word_1_506' title='bbox 1690 429 1769 455; x_wconf 83' lang='lat' dir='ltr'><strong>Orio-</strong></span> 
     </span>
    </p>
   </div>
   <div class='ocr_carea' id='block_1_68' title="bbox 986 474 1772 510">
    <p class='ocr_par' dir='ltr' id='par_1_68' title="bbox 986 474 1772 510">
     <span class='ocr_line' id='line_1_68' title="bbox 986 474 1772 510; baseline -0.008 -4"><span class='ocrx_word' id='word_1_507' title='bbox 986 479 1029 507; x_wconf 88' lang='lat' dir='ltr'><strong>nis</strong></span> <span class='ocrx_word' id='word_1_508' title='bbox 1044 486 1077 506; x_wconf 86' lang='lat' dir='ltr'><strong>ex</strong></span> <span class='ocrx_word' id='word_1_509' title='bbox 1094 478 1193 506; x_wconf 90' lang='lat' dir='ltr'><strong>atomis</strong></span> <span class='ocrx_word' id='word_1_510' title='bbox 1211 478 1343 506; x_wconf 84' lang='lat' dir='ltr'><strong>conﬂatas</strong></span> <span class='ocrx_word' id='word_1_511' title='bbox 1370 485 1399 504; x_wconf 90' lang='lat' dir='ltr'><strong>se</strong></span> <span class='ocrx_word' id='word_1_512' title='bbox 1420 476 1544 504; x_wconf 84' lang='lat' dir='ltr'><strong>Pleiades</strong></span> <span class='ocrx_word' id='word_1_513' title='bbox 1567 483 1689 510; x_wconf 85' lang='lat' dir='ltr'><strong>unquam</strong></span> <span class='ocrx_word' id='word_1_514' title='bbox 1714 474 1772 508; x_wconf 75' lang='lat' dir='ltr'><strong>glo-</strong></span> 
     </span>
    </p>
   </div>
   <div class='ocr_carea' id='block_1_69' title="bbox 987 521 1771 554">
    <p class='ocr_par' dir='ltr' id='par_1_69' title="bbox 987 521 1771 554">
     <span class='ocr_line' id='line_1_69' title="bbox 987 521 1771 554; baseline -0.008 -2"><span class='ocrx_word' id='word_1_515' title='bbox 987 525 1101 552; x_wconf 89' lang='lat' dir='ltr'><strong>rieutur.</strong></span> <span class='ocrx_word' id='word_1_516' title='bbox 1117 524 1250 552; x_wconf 62' lang='lat' dir='ltr'><strong>Prwclarc</strong></span> <span class='ocrx_word' id='word_1_517' title='bbox 1264 524 1336 550; x_wconf 91' lang='lat' dir='ltr'><strong>enim</strong></span> <span class='ocrx_word' id='word_1_518' title='bbox 1351 522 1452 551; x_wconf 87' lang='lat' dir='ltr'><strong>Paulus</strong></span> <span class='ocrx_word' id='word_1_519' title='bbox 1469 523 1507 550; x_wconf 87' lang='lat' dir='ltr'><strong>ita</strong></span> <span class='ocrx_word' id='word_1_520' title='bbox 1521 522 1655 554; x_wconf 72' lang='lat' dir='ltr'><strong>distinxit,</strong></span> <span class='ocrx_word' id='word_1_521' title='bbox 1670 530 1679 547; x_wconf 76' lang='grc' dir='ltr'><strong>ι</strong></span> <span class='ocrx_word' id='word_1_522' title='bbox 1700 521 1771 552; x_wconf 83' lang='lat' dir='ltr'><strong>Alia,</strong></span> 
     </span>
    </p>
   </div>
   <div class='ocr_carea' id='block_1_70' title="bbox 986 565 1773 606">
    <p class='ocr_par' dir='ltr' id='par_1_70' title="bbox 986 565 1773 606">
     <span class='ocr_line' id='line_1_70' title="bbox 986 565 1773 606; baseline -0.008 -8"><span class='ocrx_word' id='word_1_523' title='bbox 986 571 1092 606; x_wconf 80' lang='lat' dir='ltr'><strong>inquit,</strong></span> <span class='ocrx_word' id='word_1_524' title='bbox 1111 571 1221 598; x_wconf 80' lang='lat' dir='ltr'><strong>claritas</strong></span> <span class='ocrx_word' id='word_1_525' title='bbox 1235 570 1300 597; x_wconf 90' lang='lat' dir='ltr'><strong>solis</strong></span> <span class='ocrx_word' id='word_1_526' title='bbox 1310 590 1318 602; x_wconf 90' lang='lat'><strong>,</strong></span> <span class='ocrx_word' id='word_1_527' title='bbox 1329 573 1357 596; x_wconf 73' lang='lat' dir='ltr'><strong>et</strong></span> <span class='ocrx_word' id='word_1_528' title='bbox 1369 569 1421 596; x_wconf 88' lang='lat' dir='ltr'><strong>alia</strong></span> <span class='ocrx_word' id='word_1_529' title='bbox 1437 569 1548 596; x_wconf 84' lang='lat' dir='ltr'><strong>claritas</strong></span> <span class='ocrx_word' id='word_1_530' title='bbox 1567 568 1637 594; x_wconf 69' lang='lat' dir='ltr'><strong>luna:</strong></span> <span class='ocrx_word' id='word_1_531' title='bbox 1647 587 1655 597; x_wconf 86' lang='lat'><strong>,</strong></span> <span class='ocrx_word' id='word_1_532' title='bbox 1674 570 1701 593; x_wconf 88' lang='lat' dir='ltr'><strong>et</strong></span> <span class='ocrx_word' id='word_1_533' title='bbox 1720 565 1773 593; x_wconf 82' lang='lat' dir='ltr'><strong>alia</strong></span> 
     </span>
    </p>
   </div>
   <div class='ocr_carea' id='block_1_71' title="bbox 986 610 1773 647">
    <p class='ocr_par' dir='ltr' id='par_1_71' title="bbox 986 610 1773 647">
     <span class='ocr_line' id='line_1_71' title="bbox 986 610 1773 647; baseline -0.006 -5"><span class='ocrx_word' id='word_1_534' title='bbox 986 616 1096 643; x_wconf 84' lang='lat' dir='ltr'><strong>claritas</strong></span> <span class='ocrx_word' id='word_1_535' title='bbox 1113 615 1273 647; x_wconf 87' lang='lat' dir='ltr'><strong>stellarum;</strong></span> <span class='ocrx_word' id='word_1_536' title='bbox 1303 614 1381 641; x_wconf 84' lang='lat' dir='ltr'><strong>stella</strong></span> <span class='ocrx_word' id='word_1_537' title='bbox 1401 614 1472 640; x_wconf 89' lang='lat' dir='ltr'><strong>enim</strong></span> <span class='ocrx_word' id='word_1_538' title='bbox 1490 621 1505 639; x_wconf 91' lang='lat' dir='ltr'><strong>a</strong></span> <span class='ocrx_word' id='word_1_539' title='bbox 1523 613 1600 639; x_wconf 80' lang='lat' dir='ltr'><strong>stella</strong></span> <span class='ocrx_word' id='word_1_540' title='bbox 1628 610 1719 639; x_wconf 73' lang='lat' dir='ltr'><strong>diﬂert</strong></span> <span class='ocrx_word' id='word_1_541' title='bbox 1746 610 1773 636; x_wconf 91' lang='lat' dir='ltr'><strong>in</strong></span> 
     </span>
    </p>
   </div>
   <div class='ocr_carea' id='block_1_72' title="bbox 987 658 1772 696">
    <p class='ocr_par' dir='ltr' id='par_1_72' title="bbox 987 658 1772 696">
     <span class='ocr_line' id='line_1_72' title="bbox 987 658 1772 696; baseline -0.009 -7"><span class='ocrx_word' id='word_1_542' title='bbox 987 661 1074 696; x_wconf 67' lang='lat' dir='ltr'><strong>gloria</strong></span> <span class='ocrx_word' id='word_1_543' title='bbox 1091 661 1110 687; x_wconf 71' lang='grc' dir='ltr'><strong>τ.</strong></span> <span class='ocrx_word' id='word_1_544' title='bbox 1131 670 1140 686; x_wconf 73' lang='grc' dir='ltr'><strong>ι</strong></span> <span class='ocrx_word' id='word_1_545' title='bbox 1160 659 1300 692; x_wconf 82' lang='lat' dir='ltr'><strong>Profecto,</strong></span> <span class='ocrx_word' id='word_1_546' title='bbox 1313 660 1335 687; x_wconf 90' lang='lat' dir='ltr'><strong>si</strong></span> <span class='ocrx_word' id='word_1_547' title='bbox 1349 667 1442 687; x_wconf 86' lang='lat' dir='ltr'><strong>earum</strong></span> <span class='ocrx_word' id='word_1_548' title='bbox 1456 664 1586 693; x_wconf 79' lang='lat' dir='ltr'><strong>tanquam</strong></span> <span class='ocrx_word' id='word_1_549' title='bbox 1607 658 1772 685; x_wconf 85' lang='lat' dir='ltr'><strong>inanimata-</strong></span> 
     </span>
    </p>
   </div>
   <div class='ocr_carea' id='block_1_73' title="bbox 988 702 1776 742">
    <p class='ocr_par' dir='ltr' id='par_1_73' title="bbox 988 702 1776 742">
     <span class='ocr_line' id='line_1_73' title="bbox 988 702 1776 742; baseline -0.006 -8"><span class='ocrx_word' id='word_1_550' title='bbox 988 716 1049 735; x_wconf 90' lang='lat' dir='ltr'><strong>rum</strong></span> <span class='ocrx_word' id='word_1_551' title='bbox 1065 707 1264 742; x_wconf 81' lang='lat' dir='ltr'><strong>coagmentatio</strong></span> <span class='ocrx_word' id='word_1_552' title='bbox 1281 714 1362 733; x_wconf 85' lang='lat' dir='ltr'><strong>sensu</strong></span> <span class='ocrx_word' id='word_1_553' title='bbox 1381 705 1455 733; x_wconf 88' lang='lat' dir='ltr'><strong>omni</strong></span> <span class='ocrx_word' id='word_1_554' title='bbox 1470 705 1577 738; x_wconf 87' lang='lat' dir='ltr'><strong>caruit,</strong></span> <span class='ocrx_word' id='word_1_555' title='bbox 1596 702 1731 731; x_wconf 88' lang='lat' dir='ltr'><strong>industrio</strong></span> <span class='ocrx_word' id='word_1_556' title='bbox 1743 709 1776 729; x_wconf 88' lang='lat' dir='ltr'><strong>ac</strong></span> 
     </span>
    </p>
   </div>
   <div class='ocr_carea' id='block_1_74' title="bbox 988 748 1777 790">
    <p class='ocr_par' dir='ltr' id='par_1_74' title="bbox 988 748 1777 790">
     <span class='ocr_line' id='line_1_74' title="bbox 988 748 1777 790; baseline -0.008 -8"><span class='ocrx_word' id='word_1_557' title='bbox 988 754 1074 790; x_wconf 85' lang='lat' dir='ltr'><strong>perito</strong></span> <span class='ocrx_word' id='word_1_558' title='bbox 1089 754 1192 782; x_wconf 88' lang='lat' dir='ltr'><strong>artilice</strong></span> <span class='ocrx_word' id='word_1_559' title='bbox 1206 761 1275 788; x_wconf 93' lang='lat' dir='ltr'><strong>opus</strong></span> <span class='ocrx_word' id='word_1_560' title='bbox 1304 753 1422 780; x_wconf 84' lang='lat' dir='ltr'><strong>habuere</strong></span> <span class='ocrx_word' id='word_1_561' title='bbox 1438 762 1444 780; x_wconf 90' lang='lat'>:</span> <span class='ocrx_word' id='word_1_562' title='bbox 1461 753 1484 780; x_wconf 90' lang='lat' dir='ltr'><strong>si</strong></span> <span class='ocrx_word' id='word_1_563' title='bbox 1510 757 1640 786; x_wconf 86' lang='lat' dir='ltr'><strong>tanquam</strong></span> <span class='ocrx_word' id='word_1_564' title='bbox 1663 748 1777 776; x_wconf 85' lang='lat' dir='ltr'><strong>rationis</strong></span> 
     </span>
    </p>
   </div>
   <div class='ocr_carea' id='block_1_75' title="bbox 989 798 1776 834">
    <p class='ocr_par' dir='ltr' id='par_1_75' title="bbox 989 798 1776 834">
     <span class='ocr_line' id='line_1_75' title="bbox 989 798 1776 834; baseline -0.008 -7"><span class='ocrx_word' id='word_1_565' title='bbox 989 800 1141 834; x_wconf 85' lang='lat' dir='ltr'><strong>cxpertium</strong></span> <span class='ocrx_word' id='word_1_566' title='bbox 1153 820 1160 832; x_wconf 92' lang='lat'><strong>,</strong></span> <span class='ocrx_word' id='word_1_567' title='bbox 1181 806 1265 826; x_wconf 78' lang='lat' dir='ltr'><strong>vacua</strong></span> <span class='ocrx_word' id='word_1_568' title='bbox 1278 798 1404 830; x_wconf 83' lang='lat' dir='ltr'><strong>consilii,</strong></span> <span class='ocrx_word' id='word_1_569' title='bbox 1421 798 1611 825; x_wconf 80' lang='lat' dir='ltr'><strong>necessitatem</strong></span> <span class='ocrx_word' id='word_1_570' title='bbox 1626 799 1667 823; x_wconf 83' lang='lat' dir='ltr'><strong>est</strong></span> <span class='ocrx_word' id='word_1_571' title='bbox 1683 798 1776 822; x_wconf 82' lang='lat' dir='ltr'><strong>secuta</strong></span> 
     </span>
    </p>
   </div>
   <div class='ocr_carea' id='block_1_76' title="bbox 989 840 1776 880">
    <p class='ocr_par' dir='ltr' id='par_1_76' title="bbox 989 840 1776 880">
     <span class='ocr_line' id='line_1_76' title="bbox 989 840 1776 880; baseline -0.01 -7"><span class='ocrx_word' id='word_1_572' title='bbox 989 845 1163 880; x_wconf 85' lang='lat' dir='ltr'><strong>coujunctio,</strong></span> <span class='ocrx_word' id='word_1_573' title='bbox 1177 843 1307 878; x_wconf 86' lang='lat' dir='ltr'><strong>sapientis</strong></span> <span class='ocrx_word' id='word_1_574' title='bbox 1322 843 1434 870; x_wconf 80' lang='lat' dir='ltr'><strong>omnino</strong></span> <span class='ocrx_word' id='word_1_575' title='bbox 1454 842 1572 877; x_wconf 83' lang='lat' dir='ltr'><strong>pastoris</strong></span> <span class='ocrx_word' id='word_1_576' title='bbox 1586 848 1668 867; x_wconf 90' lang='lat' dir='ltr'><strong>manu</strong></span> <span class='ocrx_word' id='word_1_577' title='bbox 1684 840 1776 866; x_wconf 87' lang='lat' dir='ltr'><strong>locum</strong></span> 
     </span>
    </p>
   </div>
   <div class='ocr_carea' id='block_1_77' title="bbox 991 887 1777 924">
    <p class='ocr_par' dir='ltr' id='par_1_77' title="bbox 991 887 1777 924">
     <span class='ocr_line' id='line_1_77' title="bbox 991 887 1777 924; baseline -0.01 -6"><span class='ocrx_word' id='word_1_578' title='bbox 991 891 1017 918; x_wconf 94' lang='lat' dir='ltr'><strong>in</strong></span> <span class='ocrx_word' id='word_1_579' title='bbox 1031 898 1114 918; x_wconf 92' lang='lat' dir='ltr'><strong>unum</strong></span> <span class='ocrx_word' id='word_1_580' title='bbox 1123 889 1248 924; x_wconf 84' lang='lat' dir='ltr'><strong>compelli</strong></span> <span class='ocrx_word' id='word_1_581' title='bbox 1260 889 1378 916; x_wconf 86' lang='lat' dir='ltr'><strong>debuere</strong></span> <span class='ocrx_word' id='word_1_582' title='bbox 1392 898 1399 915; x_wconf 91' lang='lat'><strong>:</strong></span> <span class='ocrx_word' id='word_1_583' title='bbox 1414 888 1435 915; x_wconf 85' lang='lat' dir='ltr'><strong>si</strong></span> <span class='ocrx_word' id='word_1_584' title='bbox 1449 887 1565 922; x_wconf 89' lang='lat' dir='ltr'><strong>denique</strong></span> <span class='ocrx_word' id='word_1_585' title='bbox 1580 889 1675 920; x_wconf 86' lang='lat' dir='ltr'><strong>suapte</strong></span> <span class='ocrx_word' id='word_1_586' title='bbox 1682 889 1777 919; x_wconf 88' lang='lat' dir='ltr'><strong>sponte</strong></span> 
     </span>
    </p>
   </div>
   <div class='ocr_carea' id='block_1_78' title="bbox 991 931 1778 968">
    <p class='ocr_par' dir='ltr' id='par_1_78' title="bbox 991 931 1778 968">
     <span class='ocr_line' id='line_1_78' title="bbox 991 931 1778 968; baseline -0.01 -4"><span class='ocrx_word' id='word_1_587' title='bbox 991 936 1176 964; x_wconf 81' lang='lat' dir='ltr'><strong>voluntarium</strong></span> <span class='ocrx_word' id='word_1_588' title='bbox 1188 936 1221 962; x_wconf 91' lang='lat' dir='ltr'><strong>ad</strong></span> <span class='ocrx_word' id='word_1_589' title='bbox 1233 943 1302 968; x_wconf 90' lang='lat' dir='ltr'><strong>opus</strong></span> <span class='ocrx_word' id='word_1_590' title='bbox 1317 941 1469 961; x_wconf 84' lang='lat' dir='ltr'><strong>convenere</strong></span> <span class='ocrx_word' id='word_1_591' title='bbox 1479 954 1486 966; x_wconf 91' lang='lat'><strong>,</strong></span> <span class='ocrx_word' id='word_1_592' title='bbox 1509 931 1678 960; x_wconf 83' lang='lat' dir='ltr'><strong>admirabilis</strong></span> <span class='ocrx_word' id='word_1_593' title='bbox 1699 933 1778 965; x_wconf 83' lang='lat' dir='ltr'><strong>plane</strong></span> 
     </span>
    </p>
   </div>
   <div class='ocr_carea' id='block_1_79' title="bbox 990 979 1776 1017">
    <p class='ocr_par' dir='ltr' id='par_1_79' title="bbox 990 979 1776 1017">
     <span class='ocr_line' id='line_1_79' title="bbox 990 979 1776 1017; baseline -0.01 -6"><span class='ocrx_word' id='word_1_594' title='bbox 990 984 1155 1011; x_wconf 83' lang='lat' dir='ltr'><strong>architectus</strong></span> <span class='ocrx_word' id='word_1_595' title='bbox 1169 1003 1176 1016; x_wconf 88' lang='grc'><strong>,</strong></span> <span class='ocrx_word' id='word_1_596' title='bbox 1194 990 1362 1017; x_wconf 86' lang='lat' dir='ltr'><strong>operumque</strong></span> <span class='ocrx_word' id='word_1_597' title='bbox 1379 989 1489 1016; x_wconf 69' lang='lat' dir='ltr'><strong>praeses,</strong></span> <span class='ocrx_word' id='word_1_598' title='bbox 1510 987 1591 1008; x_wconf 91' lang='lat' dir='ltr'><strong>suum</strong></span> <span class='ocrx_word' id='word_1_599' title='bbox 1607 979 1776 1013; x_wconf 84' lang='lat' dir='ltr'><strong>cuiquentu-</strong></span> 
     </span>
    </p>
   </div>
   <div class='ocr_carea' id='block_1_80' title="bbox 991 1025 1778 1064">
    <p class='ocr_par' dir='ltr' id='par_1_80' title="bbox 991 1025 1778 1064">
     <span class='ocr_line' id='line_1_80' title="bbox 991 1025 1778 1064; baseline -0.009 -8"><span class='ocrx_word' id='word_1_600' title='bbox 991 1038 1042 1057; x_wconf 85' lang='lat' dir='ltr'><strong>nus</strong></span> <span class='ocrx_word' id='word_1_601' title='bbox 1057 1036 1226 1064; x_wconf 83' lang='lat' dir='ltr'><strong>pensumque</strong></span> <span class='ocrx_word' id='word_1_602' title='bbox 1239 1028 1384 1063; x_wconf 85' lang='lat' dir='ltr'><strong>descripsit</strong></span> <span class='ocrx_word' id='word_1_603' title='bbox 1401 1037 1407 1054; x_wconf 72' lang='grc' dir='ltr'><strong>τ</strong></span> <span class='ocrx_word' id='word_1_604' title='bbox 1426 1032 1473 1054; x_wconf 87' lang='lat' dir='ltr'><strong>aut</strong></span> <span class='ocrx_word' id='word_1_605' title='bbox 1494 1025 1724 1061; x_wconf 85' lang='lat' dir='ltr'><strong>quemadmodum</strong></span> <span class='ocrx_word' id='word_1_606' title='bbox 1738 1031 1778 1049; x_wconf 86' lang='lat' dir='ltr'><strong>or-</strong></span> 
     </span>
    </p>
   </div>
   <div class='ocr_carea' id='block_1_81' title="bbox 991 1068 1780 1108">
    <p class='ocr_par' dir='ltr' id='par_1_81' title="bbox 991 1068 1780 1108">
     <span class='ocr_line' id='line_1_81' title="bbox 991 1068 1780 1108; baseline -0.01 -6"><span class='ocrx_word' id='word_1_607' title='bbox 991 1074 1063 1102; x_wconf 84' lang='lat' dir='ltr'><strong>dinis</strong></span> <span class='ocrx_word' id='word_1_608' title='bbox 1089 1081 1185 1101; x_wconf 86' lang='lat' dir='ltr'><strong>amans</strong></span> <span class='ocrx_word' id='word_1_609' title='bbox 1199 1073 1363 1108; x_wconf 88' lang='lat' dir='ltr'><strong>imperator,</strong></span> <span class='ocrx_word' id='word_1_610' title='bbox 1391 1080 1445 1098; x_wconf 91' lang='lat' dir='ltr'><strong>non</strong></span> <span class='ocrx_word' id='word_1_611' title='bbox 1464 1071 1652 1106; x_wconf 86' lang='lat' dir='ltr'><strong>perturbatum</strong></span> <span class='ocrx_word' id='word_1_612' title='bbox 1671 1068 1780 1103; x_wconf 86' lang='lat' dir='ltr'><strong>reliquit</strong></span> 
     </span>
    </p>
   </div>
   <div class='ocr_carea' id='block_1_82' title="bbox 992 1118 1781 1154">
    <p class='ocr_par' dir='ltr' id='par_1_82' title="bbox 992 1118 1781 1154">
     <span class='ocr_line' id='line_1_82' title="bbox 992 1118 1781 1154; baseline -0.008 -6"><span class='ocrx_word' id='word_1_613' title='bbox 992 1120 1159 1152; x_wconf 66' lang='lat' dir='ltr'><strong>exercitum,</strong></span> <span class='ocrx_word' id='word_1_614' title='bbox 1186 1127 1240 1147; x_wconf 90' lang='lat' dir='ltr'><strong>non</strong></span> <span class='ocrx_word' id='word_1_615' title='bbox 1258 1119 1417 1154; x_wconf 81' lang='lat' dir='ltr'><strong>permisceri</strong></span> <span class='ocrx_word' id='word_1_616' title='bbox 1438 1118 1530 1145; x_wconf 86' lang='lat' dir='ltr'><strong>omnia</strong></span> <span class='ocrx_word' id='word_1_617' title='bbox 1555 1124 1653 1151; x_wconf 80' lang='lat' dir='ltr'><strong>passus</strong></span> <span class='ocrx_word' id='word_1_618' title='bbox 1679 1121 1735 1148; x_wconf 83' lang='lat' dir='ltr'><strong>est,</strong></span> <span class='ocrx_word' id='word_1_619' title='bbox 1753 1119 1781 1142; x_wconf 87' lang='lat' dir='ltr'><strong>at</strong></span> 
     </span>
    </p>
   </div>
   <div class='ocr_carea' id='block_1_83' title="bbox 992 1163 1781 1202">
    <p class='ocr_par' dir='ltr' id='par_1_83' title="bbox 992 1163 1781 1202">
     <span class='ocr_line' id='line_1_83' title="bbox 992 1163 1781 1202; baseline -0.006 -8"><span class='ocrx_word' id='word_1_620' title='bbox 992 1169 1052 1194; x_wconf 90' lang='lat' dir='ltr'><strong>loco</strong></span> <span class='ocrx_word' id='word_1_621' title='bbox 1066 1175 1115 1195; x_wconf 93' lang='lat' dir='ltr'><strong>suo</strong></span> <span class='ocrx_word' id='word_1_622' title='bbox 1127 1167 1246 1202; x_wconf 85' lang='lat' dir='ltr'><strong>equitem</strong></span> <span class='ocrx_word' id='word_1_623' title='bbox 1259 1186 1266 1199; x_wconf 91' lang='lat'><strong>,</strong></span> <span class='ocrx_word' id='word_1_624' title='bbox 1280 1166 1453 1202; x_wconf 82' lang='lat' dir='ltr'><strong>peditemque</strong></span> <span class='ocrx_word' id='word_1_625' title='bbox 1468 1172 1519 1192; x_wconf 91' lang='lat' dir='ltr'><strong>suo</strong></span> <span class='ocrx_word' id='word_1_626' title='bbox 1532 1164 1685 1199; x_wconf 91' lang='lat' dir='ltr'><strong>disposuit,</strong></span> <span class='ocrx_word' id='word_1_627' title='bbox 1705 1163 1781 1198; x_wconf 85' lang='lat' dir='ltr'><strong>jacu-</strong></span> 
     </span>
    </p>
   </div>
   <div class='ocr_carea' id='block_1_84' title="bbox 992 1209 1780 1246">
    <p class='ocr_par' dir='ltr' id='par_1_84' title="bbox 992 1209 1780 1246">
     <span class='ocr_line' id='line_1_84' title="bbox 992 1209 1780 1246; baseline -0.008 -5"><span class='ocrx_word' id='word_1_628' title='bbox 992 1214 1092 1241; x_wconf 84' lang='lat' dir='ltr'><strong>latores</strong></span> <span class='ocrx_word' id='word_1_629' title='bbox 1108 1214 1171 1240; x_wconf 88' lang='lat' dir='ltr'><strong>item</strong></span> <span class='ocrx_word' id='word_1_630' title='bbox 1187 1213 1313 1244; x_wconf 81' lang='lat' dir='ltr'><strong>seorsim,</strong></span> <span class='ocrx_word' id='word_1_631' title='bbox 1324 1212 1495 1246; x_wconf 83' lang='lat' dir='ltr'><strong>seorsimquc</strong></span> <span class='ocrx_word' id='word_1_632' title='bbox 1509 1209 1680 1245; x_wconf 77' lang='lat' dir='ltr'><strong>sagittarios,</strong></span> <span class='ocrx_word' id='word_1_633' title='bbox 1698 1213 1780 1243; x_wconf 84' lang='lat' dir='ltr'><strong>atque</strong></span> 
     </span>
    </p>
   </div>
   <div class='ocr_carea' id='block_1_85' title="bbox 994 1253 1781 1293">
    <p class='ocr_par' dir='ltr' id='par_1_85' title="bbox 994 1253 1781 1293">
     <span class='ocr_line' id='line_1_85' title="bbox 994 1253 1781 1293; baseline -0.01 -7"><span class='ocrx_word' id='word_1_634' title='bbox 994 1259 1038 1286; x_wconf 85' lang='lat' dir='ltr'><strong>ubi</strong></span> <span class='ocrx_word' id='word_1_635' title='bbox 1053 1266 1102 1293; x_wconf 88' lang='lat' dir='ltr'><strong>par</strong></span> <span class='ocrx_word' id='word_1_636' title='bbox 1116 1261 1174 1285; x_wconf 87' lang='lat' dir='ltr'><strong>erat</strong></span> <span class='ocrx_word' id='word_1_637' title='bbox 1187 1256 1389 1284; x_wconf 81' lang='lat' dir='ltr'><strong>fundibularios</strong></span> <span class='ocrx_word' id='word_1_638' title='bbox 1404 1255 1547 1283; x_wconf 79' lang='lat' dir='ltr'><strong>collocavit</strong></span> <span class='ocrx_word' id='word_1_639' title='bbox 1557 1276 1565 1287; x_wconf 93' lang='lat'><strong>,</strong></span> <span class='ocrx_word' id='word_1_640' title='bbox 1580 1258 1610 1281; x_wconf 91' lang='lat' dir='ltr'><strong>ut</strong></span> <span class='ocrx_word' id='word_1_641' title='bbox 1623 1253 1722 1281; x_wconf 87' lang='lat' dir='ltr'><strong>similis</strong></span> <span class='ocrx_word' id='word_1_642' title='bbox 1738 1260 1781 1279; x_wconf 88' lang='lat' dir='ltr'><strong>ar-</strong></span> 
     </span>
    </p>
   </div>
   <div class='ocr_carea' id='block_1_86' title="bbox 994 1298 1782 1332">
    <p class='ocr_par' dir='ltr' id='par_1_86' title="bbox 994 1298 1782 1332">
     <span class='ocr_line' id='line_1_86' title="bbox 994 1298 1782 1332; baseline -0.009 0"><span class='ocrx_word' id='word_1_643' title='bbox 994 1309 1108 1332; x_wconf 73' lang='lat' dir='ltr'><strong>matum</strong></span> <span class='ocrx_word' id='word_1_644' title='bbox 1123 1304 1223 1331; x_wconf 88' lang='lat' dir='ltr'><strong>milites</strong></span> <span class='ocrx_word' id='word_1_645' title='bbox 1238 1303 1320 1331; x_wconf 90' lang='lat' dir='ltr'><strong>simul</strong></span> <span class='ocrx_word' id='word_1_646' title='bbox 1335 1303 1417 1330; x_wconf 88' lang='lat' dir='ltr'><strong>etiam</strong></span> <span class='ocrx_word' id='word_1_647' title='bbox 1434 1309 1530 1329; x_wconf 88' lang='lat' dir='ltr'><strong>omnes</strong></span> <span class='ocrx_word' id='word_1_648' title='bbox 1545 1301 1718 1328; x_wconf 87' lang='lat' dir='ltr'><strong>dimicarent.</strong></span> <span class='ocrx_word' id='word_1_649' title='bbox 1728 1298 1782 1332; x_wconf 86' lang='lat' dir='ltr'><strong>Qui</strong></span> 
     </span>
    </p>
   </div>
   <div class='ocr_carea' id='block_1_87' title="bbox 994 1345 1783 1383">
    <p class='ocr_par' dir='ltr' id='par_1_87' title="bbox 994 1345 1783 1383">
     <span class='ocr_line' id='line_1_87' title="bbox 994 1345 1783 1383; baseline -0.01 -5"><span class='ocrx_word' id='word_1_650' title='bbox 994 1351 1016 1378; x_wconf 87' lang='lat' dir='ltr'><strong>si</strong></span> <span class='ocrx_word' id='word_1_651' title='bbox 1031 1351 1175 1378; x_wconf 73' lang='lat' dir='ltr'><strong>cidiculum</strong></span> <span class='ocrx_word' id='word_1_652' title='bbox 1191 1350 1243 1377; x_wconf 89' lang='lat' dir='ltr'><strong>hoc</strong></span> <span class='ocrx_word' id='word_1_653' title='bbox 1256 1349 1372 1383; x_wconf 87' lang='lat' dir='ltr'><strong>exempli</strong></span> <span class='ocrx_word' id='word_1_654' title='bbox 1391 1355 1477 1383; x_wconf 77' lang='lat' dir='ltr'><strong>genus</strong></span> <span class='ocrx_word' id='word_1_655' title='bbox 1495 1354 1558 1374; x_wconf 80' lang='lat' dir='ltr'><strong>esse</strong></span> <span class='ocrx_word' id='word_1_656' title='bbox 1573 1346 1682 1377; x_wconf 82' lang='lat' dir='ltr'><strong>dicent,</strong></span> <span class='ocrx_word' id='word_1_657' title='bbox 1709 1345 1783 1379; x_wconf 90' lang='lat' dir='ltr'><strong>quod</strong></span> 
     </span>
    </p>
   </div>
   <div class='ocr_carea' id='block_1_88' title="bbox 995 1391 1782 1432">
    <p class='ocr_par' dir='ltr' id='par_1_88' title="bbox 995 1391 1782 1432">
     <span class='ocr_line' id='line_1_88' title="bbox 995 1391 1782 1432; baseline -0.01 -8"><span class='ocrx_word' id='word_1_658' title='bbox 995 1404 1156 1432; x_wconf 78' lang='lat' dir='ltr'><strong>magnorum</strong></span> <span class='ocrx_word' id='word_1_659' title='bbox 1182 1402 1327 1430; x_wconf 86' lang='lat' dir='ltr'><strong>corporum</strong></span> <span class='ocrx_word' id='word_1_660' title='bbox 1343 1402 1405 1422; x_wconf 87' lang='lat' dir='ltr'><strong>cum</strong></span> <span class='ocrx_word' id='word_1_661' title='bbox 1434 1393 1554 1420; x_wconf 81' lang='lat' dir='ltr'><strong>minimis</strong></span> <span class='ocrx_word' id='word_1_662' title='bbox 1581 1391 1782 1419; x_wconf 83' lang='lat' dir='ltr'><strong>contentionem</strong></span> 
     </span>
    </p>
   </div>
   <div class='ocr_carea' id='block_1_89' title="bbox 995 1436 1784 1475">
    <p class='ocr_par' dir='ltr' id='par_1_89' title="bbox 995 1436 1784 1475">
     <span class='ocr_line' id='line_1_89' title="bbox 995 1436 1784 1475; baseline -0.011 -4"><span class='ocrx_word' id='word_1_663' title='bbox 995 1445 1134 1472; x_wconf 82' lang='lat' dir='ltr'><strong>instituam</strong></span> <span class='ocrx_word' id='word_1_664' title='bbox 1145 1463 1153 1475; x_wconf 92' lang='lat'><strong>,</strong></span> <span class='ocrx_word' id='word_1_665' title='bbox 1169 1442 1203 1469; x_wconf 88' lang='lat' dir='ltr'><strong>ad</strong></span> <span class='ocrx_word' id='word_1_666' title='bbox 1216 1443 1328 1469; x_wconf 89' lang='lat' dir='ltr'><strong>minima</strong></span> <span class='ocrx_word' id='word_1_667' title='bbox 1344 1441 1493 1468; x_wconf 81' lang='lat' dir='ltr'><strong>veniemus.</strong></span> <span class='ocrx_word' id='word_1_668' title='bbox 1510 1450 1518 1464; x_wconf 80' lang='grc' dir='ltr'><strong>ι</strong></span> <span class='ocrx_word' id='word_1_669' title='bbox 1532 1438 1593 1466; x_wconf 63' lang='lat' dir='ltr'><strong>Haec</strong></span> <span class='ocrx_word' id='word_1_670' title='bbox 1606 1438 1662 1465; x_wconf 86' lang='lat' dir='ltr'><strong>ille.</strong></span> <span class='ocrx_word' id='word_1_671' title='bbox 1677 1436 1784 1470; x_wconf 83' lang='lat' dir='ltr'><strong>Quibus</strong></span> 
     </span>
    </p>
   </div>
   <div class='ocr_carea' id='block_1_90' title="bbox 995 1481 1783 1525">
    <p class='ocr_par' dir='ltr' id='par_1_90' title="bbox 995 1481 1783 1525">
     <span class='ocr_line' id='line_1_90' title="bbox 995 1481 1783 1525; baseline -0.01 -7"><span class='ocrx_word' id='word_1_672' title='bbox 995 1490 1091 1518; x_wconf 82' lang='lat' dir='ltr'><strong>deinde</strong></span> <span class='ocrx_word' id='word_1_673' title='bbox 1105 1497 1166 1525; x_wconf 68' lang='lat' dir='ltr'><strong>quae</strong></span> <span class='ocrx_word' id='word_1_674' title='bbox 1193 1491 1346 1523; x_wconf 88' lang='lat' dir='ltr'><strong>sequuntur</strong></span> <span class='ocrx_word' id='word_1_675' title='bbox 1362 1486 1484 1520; x_wconf 72' lang='lat' dir='ltr'><strong>adjungit</strong></span> <span class='ocrx_word' id='word_1_676' title='bbox 1501 1495 1507 1512; x_wconf 89' lang='lat'><strong>:</strong></span> <span class='ocrx_word' id='word_1_677' title='bbox 1532 1494 1540 1509; x_wconf 74' lang='grc' dir='ltr'><strong>ι</strong></span> <span class='ocrx_word' id='word_1_678' title='bbox 1556 1484 1633 1516; x_wconf 84' lang='lat' dir='ltr'><strong>Quod</strong></span> <span class='ocrx_word' id='word_1_679' title='bbox 1650 1484 1672 1510; x_wconf 92' lang='lat' dir='ltr'><strong>si</strong></span> <span class='ocrx_word' id='word_1_680' title='bbox 1687 1481 1783 1514; x_wconf 89' lang='lat' dir='ltr'><strong>ducis,</strong></span> 
     </span>
    </p>
   </div>
   <div class='ocr_carea' id='block_1_91' title="bbox 996 1528 1780 1572">
    <p class='ocr_par' dir='ltr' id='par_1_91' title="bbox 996 1528 1780 1572">
     <span class='ocr_line' id='line_1_91' title="bbox 996 1528 1780 1572; baseline -0.014 -7"><span class='ocrx_word' id='word_1_681' title='bbox 996 1537 1103 1572; x_wconf 88' lang='lat' dir='ltr'><strong>inquit,</strong></span> <span class='ocrx_word' id='word_1_682' title='bbox 1115 1543 1203 1571; x_wconf 89' lang='lat' dir='ltr'><strong>neque</strong></span> <span class='ocrx_word' id='word_1_683' title='bbox 1215 1542 1333 1566; x_wconf 88' lang='lat' dir='ltr'><strong>nomen,</strong></span> <span class='ocrx_word' id='word_1_684' title='bbox 1350 1540 1440 1568; x_wconf 84' lang='lat' dir='ltr'><strong>neque</strong></span> <span class='ocrx_word' id='word_1_685' title='bbox 1451 1532 1573 1558; x_wconf 79' lang='lat' dir='ltr'><strong>delectus</strong></span> <span class='ocrx_word' id='word_1_686' title='bbox 1584 1550 1590 1562; x_wconf 84' lang='lat'><strong>,</strong></span> <span class='ocrx_word' id='word_1_687' title='bbox 1612 1536 1700 1563; x_wconf 88' lang='lat' dir='ltr'><strong>neque</strong></span> <span class='ocrx_word' id='word_1_688' title='bbox 1723 1528 1780 1556; x_wconf 90' lang='lat' dir='ltr'><strong>col—</strong></span> 
     </span>
    </p>
   </div>
   <div class='ocr_carea' id='block_1_92' title="bbox 960 1574 1785 1633">
    <p class='ocr_par' dir='ltr' id='par_1_92' title="bbox 960 1574 1785 1633">
     <span class='ocr_line' id='line_1_92' title="bbox 960 1574 1785 1633; baseline -0.013 -22"><span class='ocrx_word' id='word_1_689' title='bbox 960 1605 981 1633; x_wconf 72' lang='lat' dir='ltr'>C</span> <span class='ocrx_word' id='word_1_690' title='bbox 998 1583 1097 1611; x_wconf 87' lang='lat' dir='ltr'><strong>locatio</strong></span> <span class='ocrx_word' id='word_1_691' title='bbox 1109 1582 1137 1609; x_wconf 92' lang='lat' dir='ltr'><strong>in</strong></span> <span class='ocrx_word' id='word_1_692' title='bbox 1159 1588 1254 1608; x_wconf 84' lang='lat' dir='ltr'><strong>earum</strong></span> <span class='ocrx_word' id='word_1_693' title='bbox 1280 1587 1341 1607; x_wconf 88' lang='lat' dir='ltr'><strong>sese</strong></span> <span class='ocrx_word' id='word_1_694' title='bbox 1371 1577 1586 1606; x_wconf 82' lang='lat' dir='ltr'><strong>moderationem</strong></span> <span class='ocrx_word' id='word_1_695' title='bbox 1607 1574 1740 1610; x_wconf 80' lang='lat' dir='ltr'><strong>ingessit:</strong></span> <span class='ocrx_word' id='word_1_696' title='bbox 1757 1578 1785 1600; x_wconf 81' lang='lat' dir='ltr'><strong>at</strong></span> 
     </span>
    </p>
   </div>
   <div class='ocr_carea' id='block_1_93' title="bbox 999 1621 1785 1665">
    <p class='ocr_par' dir='ltr' id='par_1_93' title="bbox 999 1621 1785 1665">
     <span class='ocr_line' id='line_1_93' title="bbox 999 1621 1785 1665; baseline -0.013 -8"><span class='ocrx_word' id='word_1_697' title='bbox 999 1630 1121 1665; x_wconf 63' lang='lat' dir='ltr'><strong>ipsaentet</strong></span> <span class='ocrx_word' id='word_1_698' title='bbox 1144 1632 1241 1662; x_wconf 86' lang='lat' dir='ltr'><strong>suopte</strong></span> <span class='ocrx_word' id='word_1_699' title='bbox 1255 1626 1389 1657; x_wconf 86' lang='lat' dir='ltr'><strong>arbitrio,</strong></span> <span class='ocrx_word' id='word_1_700' title='bbox 1408 1633 1442 1652; x_wconf 77' lang='lat' dir='ltr'><strong>ex</strong></span> <span class='ocrx_word' id='word_1_701' title='bbox 1467 1624 1552 1651; x_wconf 84' lang='lat' dir='ltr'><strong>multa</strong></span> <span class='ocrx_word' id='word_1_702' title='bbox 1578 1629 1638 1650; x_wconf 87' lang='lat' dir='ltr'><strong>sese</strong></span> <span class='ocrx_word' id='word_1_703' title='bbox 1661 1621 1785 1649; x_wconf 77' lang='lat' dir='ltr'><strong>continui</strong></span> 
     </span>
    </p>
   </div>
   <div class='ocr_carea' id='block_1_94' title="bbox 996 1667 1786 1706">
    <p class='ocr_par' dir='ltr' id='par_1_94' title="bbox 996 1667 1786 1706">
     <span class='ocr_line' id='line_1_94' title="bbox 996 1667 1786 1706; baseline -0.013 -4"><span class='ocrx_word' id='word_1_704' title='bbox 996 1676 1087 1703; x_wconf 77' lang='lat' dir='ltr'><strong>(luxus</strong></span> <span class='ocrx_word' id='word_1_705' title='bbox 1116 1673 1195 1701; x_wconf 87' lang='lat' dir='ltr'><strong>turba</strong></span> <span class='ocrx_word' id='word_1_706' title='bbox 1237 1671 1394 1706; x_wconf 77' lang='lat' dir='ltr'><strong>colligentes</strong></span> <span class='ocrx_word' id='word_1_707' title='bbox 1414 1691 1422 1704; x_wconf 92' lang='lat'><strong>,</strong></span> <span class='ocrx_word' id='word_1_708' title='bbox 1464 1675 1617 1704; x_wconf 76' lang='lat' dir='ltr'><strong>magnoque</strong></span> <span class='ocrx_word' id='word_1_709' title='bbox 1646 1667 1786 1694; x_wconf 70' lang='lat' dir='ltr'><strong>variarunt</strong></span> 
     </span>
    </p>
   </div>
   <div class='ocr_carea' id='block_1_95' title="bbox 996 1712 1786 1748">
    <p class='ocr_par' dir='ltr' id='par_1_95' title="bbox 996 1712 1786 1748">
     <span class='ocr_line' id='line_1_95' title="bbox 996 1712 1786 1748; baseline -0.013 1"><span class='ocrx_word' id='word_1_710' title='bbox 996 1720 1220 1748; x_wconf 78' lang='lat' dir='ltr'><strong>commissionum</strong></span> <span class='ocrx_word' id='word_1_711' title='bbox 1236 1718 1354 1746; x_wconf 92' lang='lat' dir='ltr'><strong>tumultu</strong></span> <span class='ocrx_word' id='word_1_712' title='bbox 1367 1716 1518 1747; x_wconf 87' lang='lat' dir='ltr'><strong>declinato,</strong></span> <span class='ocrx_word' id='word_1_713' title='bbox 1547 1714 1650 1742; x_wconf 87' lang='lat' dir='ltr'><strong>similes</strong></span> <span class='ocrx_word' id='word_1_714' title='bbox 1665 1720 1726 1741; x_wconf 92' lang='lat' dir='ltr'><strong>cum</strong></span> <span class='ocrx_word' id='word_1_715' title='bbox 1748 1712 1786 1739; x_wconf 87' lang='lat' dir='ltr'><strong>si-</strong></span> 
     </span>
    </p>
   </div>
   <div class='ocr_carea' id='block_1_96' title="bbox 998 1757 1787 1795">
    <p class='ocr_par' dir='ltr' id='par_1_96' title="bbox 998 1757 1787 1795">
     <span class='ocr_line' id='line_1_96' title="bbox 998 1757 1787 1795; baseline -0.01 -3"><span class='ocrx_word' id='word_1_716' title='bbox 998 1766 1108 1793; x_wconf 87' lang='lat' dir='ltr'><strong>milibus</strong></span> <span class='ocrx_word' id='word_1_717' title='bbox 1122 1765 1159 1792; x_wconf 84' lang='lat' dir='ltr'><strong>ita</strong></span> <span class='ocrx_word' id='word_1_718' title='bbox 1175 1763 1354 1791; x_wconf 87' lang='lat' dir='ltr'><strong>convenerint</strong></span> <span class='ocrx_word' id='word_1_719' title='bbox 1368 1783 1375 1795; x_wconf 90' lang='lat'><strong>,</strong></span> <span class='ocrx_word' id='word_1_720' title='bbox 1395 1766 1424 1789; x_wconf 89' lang='lat' dir='ltr'><strong>ut</strong></span> <span class='ocrx_word' id='word_1_721' title='bbox 1440 1767 1530 1788; x_wconf 84' lang='lat' dir='ltr'><strong>tamen</strong></span> <span class='ocrx_word' id='word_1_722' title='bbox 1546 1766 1601 1787; x_wconf 82' lang='lat' dir='ltr'><strong>nou</strong></span> <span class='ocrx_word' id='word_1_723' title='bbox 1624 1758 1708 1786; x_wconf 72' lang='lat' dir='ltr'><strong>divini</strong></span> <span class='ocrx_word' id='word_1_724' title='bbox 1729 1757 1787 1784; x_wconf 80' lang='lat' dir='ltr'><strong>Nu-</strong></span> 
     </span>
    </p>
   </div>
   <div class='ocr_carea' id='block_1_97' title="bbox 998 1804 1786 1844">
    <p class='ocr_par' dir='ltr' id='par_1_97' title="bbox 998 1804 1786 1844">
     <span class='ocr_line' id='line_1_97' title="bbox 998 1804 1786 1844; baseline -0.013 -5"><span class='ocrx_word' id='word_1_725' title='bbox 998 1812 1079 1839; x_wconf 87' lang='lat' dir='ltr'><strong>minis</strong></span> <span class='ocrx_word' id='word_1_726' title='bbox 1097 1811 1209 1838; x_wconf 89' lang='lat' dir='ltr'><strong>ductum</strong></span> <span class='ocrx_word' id='word_1_727' title='bbox 1222 1830 1229 1843; x_wconf 93' lang='lat'><strong>,</strong></span> <span class='ocrx_word' id='word_1_728' title='bbox 1248 1807 1478 1844; x_wconf 81' lang='lat' dir='ltr'><strong>quemadmodum</strong></span> <span class='ocrx_word' id='word_1_729' title='bbox 1492 1810 1571 1841; x_wconf 89' lang='lat' dir='ltr'><strong>poeta</strong></span> <span class='ocrx_word' id='word_1_730' title='bbox 1588 1804 1681 1840; x_wconf 74' lang='lat' dir='ltr'><strong>ﬁngit,</strong></span> <span class='ocrx_word' id='word_1_731' title='bbox 1705 1810 1786 1830; x_wconf 90' lang='lat' dir='ltr'><strong>secu-</strong></span> 
     </span>
    </p>
   </div>
   <div class='ocr_carea' id='block_1_98' title="bbox 998 1851 1787 1890">
    <p class='ocr_par' dir='ltr' id='par_1_98' title="bbox 998 1851 1787 1890">
     <span class='ocr_line' id='line_1_98' title="bbox 998 1851 1787 1890; baseline -0.011 -6"><span class='ocrx_word' id='word_1_732' title='bbox 998 1862 1032 1884; x_wconf 66' lang='lat' dir='ltr'><strong>tae</strong></span> <span class='ocrx_word' id='word_1_733' title='bbox 1046 1859 1123 1890; x_wconf 84' lang='lat' dir='ltr'><strong>sint;</strong></span> <span class='ocrx_word' id='word_1_734' title='bbox 1141 1855 1189 1883; x_wconf 89' lang='lat' dir='ltr'><strong>sed</strong></span> <span class='ocrx_word' id='word_1_735' title='bbox 1216 1856 1305 1890; x_wconf 89' lang='lat' dir='ltr'><strong>potius</strong></span> <span class='ocrx_word' id='word_1_736' title='bbox 1317 1875 1323 1887; x_wconf 84' lang='lat'><strong>,</strong></span> <span class='ocrx_word' id='word_1_737' title='bbox 1341 1861 1404 1881; x_wconf 91' lang='lat' dir='ltr'><strong>cum</strong></span> <span class='ocrx_word' id='word_1_738' title='bbox 1428 1855 1488 1879; x_wconf 80' lang='lat' dir='ltr'><strong>s‘ese</strong></span> <span class='ocrx_word' id='word_1_739' title='bbox 1512 1851 1605 1878; x_wconf 71' lang='lat' dir='ltr'><strong>afﬁnes</strong></span> <span class='ocrx_word' id='word_1_740' title='bbox 1628 1854 1725 1877; x_wconf 90' lang='lat' dir='ltr'><strong>mutuo</strong></span> <span class='ocrx_word' id='word_1_741' title='bbox 1740 1856 1787 1876; x_wconf 90' lang='lat' dir='ltr'><strong>co-</strong></span> 
     </span>
    </p>
   </div>
   <div class='ocr_carea' id='block_1_99' title="bbox 998 1894 1787 1939">
    <p class='ocr_par' dir='ltr' id='par_1_99' title="bbox 998 1894 1787 1939">
     <span class='ocr_line' id='line_1_99' title="bbox 998 1894 1787 1939; baseline -0.014 -8"><span class='ocrx_word' id='word_1_742' title='bbox 998 1907 1140 1939; x_wconf 65' lang='lat' dir='ltr'><strong>gnataque</strong></span> <span class='ocrx_word' id='word_1_743' title='bbox 1157 1905 1284 1934; x_wconf 87' lang='lat' dir='ltr'><strong>nossent,</strong></span> <span class='ocrx_word' id='word_1_744' title='bbox 1302 1900 1328 1927; x_wconf 88' lang='lat' dir='ltr'><strong>in</strong></span> <span class='ocrx_word' id='word_1_745' title='bbox 1343 1906 1426 1926; x_wconf 91' lang='lat' dir='ltr'><strong>unum</strong></span> <span class='ocrx_word' id='word_1_746' title='bbox 1442 1897 1522 1932; x_wconf 83' lang='lat' dir='ltr'><strong>quasi</strong></span> <span class='ocrx_word' id='word_1_747' title='bbox 1552 1903 1658 1931; x_wconf 80' lang='lat' dir='ltr'><strong>gregem</strong></span> <span class='ocrx_word' id='word_1_748' title='bbox 1684 1894 1787 1922; x_wconf 83' lang='lat' dir='ltr'><strong>conﬂu-</strong></span> 
     </span>
    </p>
   </div>
   <div class='ocr_carea' id='block_1_100' title="bbox 1000 1939 1788 1977">
    <p class='ocr_par' dir='ltr' id='par_1_100' title="bbox 1000 1939 1788 1977">
     <span class='ocr_line' id='line_1_100' title="bbox 1000 1939 1788 1977; baseline -0.015 0"><span class='ocrx_word' id='word_1_749' title='bbox 1000 1950 1088 1977; x_wconf 75' lang='lat' dir='ltr'><strong>xet-int</strong></span> <span class='ocrx_word' id='word_1_750' title='bbox 1105 1958 1112 1976; x_wconf 88' lang='lat'>:</span> <span class='ocrx_word' id='word_1_751' title='bbox 1134 1955 1176 1975; x_wconf 74' lang='lat' dir='ltr'><strong>me</strong></span> <span class='ocrx_word' id='word_1_752' title='bbox 1192 1946 1363 1974; x_wconf 83' lang='lat' dir='ltr'><strong>admirabilis</strong></span> <span class='ocrx_word' id='word_1_753' title='bbox 1375 1945 1433 1972; x_wconf 64' lang='lat' dir='ltr'><strong>haec</strong></span> <span class='ocrx_word' id='word_1_754' title='bbox 1447 1950 1602 1970; x_wconf 84' lang='lat' dir='ltr'><strong>atomorum</strong></span> <span class='ocrx_word' id='word_1_755' title='bbox 1619 1939 1788 1968; x_wconf 85' lang='lat' dir='ltr'><strong>democratia</strong></span> 
     </span>
    </p>
   </div>
   <div class='ocr_carea' id='block_1_101' title="bbox 999 1986 1789 2030">
    <p class='ocr_par' dir='ltr' id='par_1_101' title="bbox 999 1986 1789 2030">
     <span class='ocr_line' id='line_1_101' title="bbox 999 1986 1789 2030; baseline -0.016 -5"><span class='ocrx_word' id='word_1_756' title='bbox 999 2002 1057 2030; x_wconf 81' lang='lat' dir='ltr'><strong>est;</strong></span> <span class='ocrx_word' id='word_1_757' title='bbox 1072 1996 1117 2023; x_wconf 89' lang='lat' dir='ltr'><strong>ubi</strong></span> <span class='ocrx_word' id='word_1_758' title='bbox 1134 1995 1229 2022; x_wconf 68' lang='lat' dir='ltr'><strong>amica:</strong></span> <span class='ocrx_word' id='word_1_759' title='bbox 1257 1995 1362 2021; x_wconf 84' lang='lat' dir='ltr'><strong>amicas</strong></span> <span class='ocrx_word' id='word_1_760' title='bbox 1392 1991 1542 2026; x_wconf 81' lang='lat' dir='ltr'><strong>excipiant,</strong></span> <span class='ocrx_word' id='word_1_761' title='bbox 1568 1993 1649 2023; x_wconf 89' lang='lat' dir='ltr'><strong>atque</strong></span> <span class='ocrx_word' id='word_1_762' title='bbox 1668 1986 1789 2021; x_wconf 84' lang='lat' dir='ltr'><strong>comple-</strong></span> 
     </span>
    </p>
   </div>
   <div class='ocr_carea' id='block_1_102' title="bbox 1000 2032 1788 2075">
    <p class='ocr_par' dir='ltr' id='par_1_102' title="bbox 1000 2032 1788 2075">
     <span class='ocr_line' id='line_1_102' title="bbox 1000 2032 1788 2075; baseline -0.016 -4"><span class='ocrx_word' id='word_1_763' title='bbox 1000 2048 1121 2074; x_wconf 82' lang='lat' dir='ltr'><strong>ctantur,</strong></span> <span class='ocrx_word' id='word_1_764' title='bbox 1141 2042 1231 2075; x_wconf 87' lang='lat' dir='ltr'><strong>itaque</strong></span> <span class='ocrx_word' id='word_1_765' title='bbox 1247 2047 1332 2067; x_wconf 93' lang='lat' dir='ltr'><strong>unum</strong></span> <span class='ocrx_word' id='word_1_766' title='bbox 1349 2039 1376 2065; x_wconf 90' lang='lat' dir='ltr'><strong>in</strong></span> <span class='ocrx_word' id='word_1_767' title='bbox 1392 2037 1560 2065; x_wconf 88' lang='lat' dir='ltr'><strong>domicilium</strong></span> <span class='ocrx_word' id='word_1_768' title='bbox 1571 2033 1715 2061; x_wconf 80' lang='lat' dir='ltr'><strong>convolent</strong></span> <span class='ocrx_word' id='word_1_769' title='bbox 1725 2032 1788 2059; x_wconf 81' lang='lat' dir='ltr'><strong>uni-</strong></span> 
     </span>
    </p>
   </div>
   <div class='ocr_carea' id='block_1_103' title="bbox 1000 2080 1789 2120">
    <p class='ocr_par' dir='ltr' id='par_1_103' title="bbox 1000 2080 1789 2120">
     <span class='ocr_line' id='line_1_103' title="bbox 1000 2080 1789 2120; baseline -0.016 -4"><span class='ocrx_word' id='word_1_770' title='bbox 1000 2097 1095 2116; x_wconf 57' lang='lat' dir='ltr'><strong>versae.</strong></span> <span class='ocrx_word' id='word_1_771' title='bbox 1112 2087 1182 2114; x_wconf 91' lang='lat' dir='ltr'><strong>Tum</strong></span> <span class='ocrx_word' id='word_1_772' title='bbox 1193 2091 1275 2114; x_wconf 72' lang='lat' dir='ltr'><strong>certa:</strong></span> <span class='ocrx_word' id='word_1_773' title='bbox 1288 2085 1410 2120; x_wconf 54' lang='lat' dir='ltr'><strong>quaedam</strong></span> <span class='ocrx_word' id='word_1_774' title='bbox 1426 2083 1509 2115; x_wconf 87' lang='lat' dir='ltr'><strong>ultro,</strong></span> <span class='ocrx_word' id='word_1_775' title='bbox 1518 2081 1545 2108; x_wconf 91' lang='lat' dir='ltr'><strong>in</strong></span> <span class='ocrx_word' id='word_1_776' title='bbox 1554 2080 1650 2110; x_wconf 85' lang='lat' dir='ltr'><strong>solem,</strong></span> <span class='ocrx_word' id='word_1_777' title='bbox 1659 2085 1789 2113; x_wconf 78' lang='lat' dir='ltr'><strong>magnum</strong></span> 
     </span>
    </p>
   </div>
   <div class='ocr_carea' id='block_1_104' title="bbox 1002 2127 1790 2168">
    <p class='ocr_par' dir='ltr' id='par_1_104' title="bbox 1002 2127 1790 2168">
     <span class='ocr_line' id='line_1_104' title="bbox 1002 2127 1790 2168; baseline -0.016 -5"><span class='ocrx_word' id='word_1_778' title='bbox 1002 2135 1068 2162; x_wconf 85' lang='lat' dir='ltr'><strong>illud</strong></span> <span class='ocrx_word' id='word_1_779' title='bbox 1082 2134 1173 2167; x_wconf 87' lang='lat' dir='ltr'><strong>sidus,</strong></span> <span class='ocrx_word' id='word_1_780' title='bbox 1190 2133 1308 2168; x_wconf 88' lang='lat' dir='ltr'><strong>quodam</strong></span> <span class='ocrx_word' id='word_1_781' title='bbox 1326 2131 1406 2166; x_wconf 83' lang='lat' dir='ltr'><strong>quasi</strong></span> <span class='ocrx_word' id='word_1_782' title='bbox 1429 2135 1509 2157; x_wconf 90' lang='lat' dir='ltr'><strong>torno</strong></span> <span class='ocrx_word' id='word_1_783' title='bbox 1535 2127 1735 2158; x_wconf 84' lang='lat' dir='ltr'><strong>rotundentur,</strong></span> <span class='ocrx_word' id='word_1_784' title='bbox 1759 2128 1790 2151; x_wconf 91' lang='lat' dir='ltr'><strong>ut</strong></span> 
     </span>
    </p>
   </div>
   <div class='ocr_carea' id='block_1_105' title="bbox 1002 2172 1790 2210">
    <p class='ocr_par' dir='ltr' id='par_1_105' title="bbox 1002 2172 1790 2210">
     <span class='ocr_line' id='line_1_105' title="bbox 1002 2172 1790 2210; baseline -0.016 -2"><span class='ocrx_word' id='word_1_785' title='bbox 1002 2181 1073 2208; x_wconf 86' lang='lat' dir='ltr'><strong>diem</strong></span> <span class='ocrx_word' id='word_1_786' title='bbox 1085 2178 1202 2207; x_wconf 83' lang='lat' dir='ltr'><strong>eﬂiciant</strong></span> <span class='ocrx_word' id='word_1_787' title='bbox 1226 2187 1233 2204; x_wconf 91' lang='lat'><strong>:</strong></span> <span class='ocrx_word' id='word_1_788' title='bbox 1259 2177 1337 2208; x_wconf 63' lang='lat' dir='ltr'><strong>aliae,</strong></span> <span class='ocrx_word' id='word_1_789' title='bbox 1358 2183 1413 2210; x_wconf 92' lang='lat' dir='ltr'><strong>quo</strong></span> <span class='ocrx_word' id='word_1_790' title='bbox 1431 2174 1531 2202; x_wconf 78' lang='lat' dir='ltr'><strong>ccelum</strong></span> <span class='ocrx_word' id='word_1_791' title='bbox 1556 2172 1690 2206; x_wconf 79' lang='lat' dir='ltr'><strong>integrum</strong></span> <span class='ocrx_word' id='word_1_792' title='bbox 1711 2177 1790 2197; x_wconf 77' lang='lat' dir='ltr'><strong>coro-</strong></span> 
     </span>
    </p>
   </div>
   <div class='ocr_carea' id='block_1_106' title="bbox 1003 2217 1790 2260">
    <p class='ocr_par' dir='ltr' id='par_1_106' title="bbox 1003 2217 1790 2260">
     <span class='ocr_line' id='line_1_106' title="bbox 1003 2217 1790 2260; baseline -0.017 -6"><span class='ocrx_word' id='word_1_793' title='bbox 1003 2230 1079 2258; x_wconf 87' lang='lat' dir='ltr'><strong>nent,</strong></span> <span class='ocrx_word' id='word_1_794' title='bbox 1091 2225 1119 2253; x_wconf 89' lang='lat' dir='ltr'><strong>in</strong></span> <span class='ocrx_word' id='word_1_795' title='bbox 1131 2224 1264 2260; x_wconf 86' lang='lat' dir='ltr'><strong>plurimas</strong></span> <span class='ocrx_word' id='word_1_796' title='bbox 1278 2222 1403 2250; x_wconf 82' lang='lat' dir='ltr'><strong>fortassis</strong></span> <span class='ocrx_word' id='word_1_797' title='bbox 1420 2219 1574 2248; x_wconf 86' lang='lat' dir='ltr'><strong>ardentium</strong></span> <span class='ocrx_word' id='word_1_798' title='bbox 1587 2217 1726 2245; x_wconf 86' lang='lat' dir='ltr'><strong>stellarum</strong></span> <span class='ocrx_word' id='word_1_799' title='bbox 1741 2223 1790 2250; x_wconf 80' lang='lat' dir='ltr'><strong>py-</strong></span> 
     </span>
    </p>
   </div>
   <div class='ocr_carea' id='block_1_107' title="bbox 1003 2260 1790 2306">
    <p class='ocr_par' dir='ltr' id='par_1_107' title="bbox 1003 2260 1790 2306">
     <span class='ocr_line' id='line_1_107' title="bbox 1003 2260 1790 2306; baseline -0.018 -7"><span class='ocrx_word' id='word_1_800' title='bbox 1003 2271 1121 2299; x_wconf 87' lang='lat' dir='ltr'><strong>ramides</strong></span> <span class='ocrx_word' id='word_1_801' title='bbox 1137 2270 1288 2306; x_wconf 80' lang='lat' dir='ltr'><strong>ﬁgurentur</strong></span> <span class='ocrx_word' id='word_1_802' title='bbox 1306 2276 1313 2295; x_wconf 89' lang='lat'>:</span> <span class='ocrx_word' id='word_1_803' title='bbox 1329 2267 1400 2298; x_wconf 70' lang='lat' dir='ltr'><strong>alire,</strong></span> <span class='ocrx_word' id='word_1_804' title='bbox 1418 2266 1445 2293; x_wconf 93' lang='lat' dir='ltr'><strong>in</strong></span> <span class='ocrx_word' id='word_1_805' title='bbox 1461 2265 1554 2292; x_wconf 91' lang='lat' dir='ltr'><strong>orbem</strong></span> <span class='ocrx_word' id='word_1_806' title='bbox 1571 2263 1691 2298; x_wconf 69' lang='lat' dir='ltr'><strong>digestat,</strong></span> <span class='ocrx_word' id='word_1_807' title='bbox 1706 2260 1790 2288; x_wconf 83' lang='lat' dir='ltr'><strong>ﬁrmi-</strong></span> 
     </span>
    </p>
   </div>
   <div class='ocr_carea' id='block_1_108' title="bbox 1005 2305 1790 2350">
    <p class='ocr_par' dir='ltr' id='par_1_108' title="bbox 1005 2305 1790 2350">
     <span class='ocr_line' id='line_1_108' title="bbox 1005 2305 1790 2350; baseline -0.015 -6"><span class='ocrx_word' id='word_1_808' title='bbox 1005 2317 1066 2344; x_wconf 83' lang='lat' dir='ltr'><strong>tatis</strong></span> <span class='ocrx_word' id='word_1_809' title='bbox 1082 2315 1184 2350; x_wconf 87' lang='lat' dir='ltr'><strong>aliquid</strong></span> <span class='ocrx_word' id='word_1_810' title='bbox 1205 2313 1299 2342; x_wconf 70' lang='lat' dir='ltr'><strong>aetheri</strong></span> <span class='ocrx_word' id='word_1_811' title='bbox 1324 2312 1459 2343; x_wconf 73' lang='lat' dir='ltr'><strong>allcrant,</strong></span> <span class='ocrx_word' id='word_1_812' title='bbox 1485 2317 1573 2344; x_wconf 88' lang='lat' dir='ltr'><strong>eoque</strong></span> <span class='ocrx_word' id='word_1_813' title='bbox 1591 2307 1735 2336; x_wconf 87' lang='lat' dir='ltr'><strong>testudinis</strong></span> <span class='ocrx_word' id='word_1_814' title='bbox 1763 2305 1790 2332; x_wconf 88' lang='lat' dir='ltr'><strong>in</strong></span> 
     </span>
    </p>
   </div>
   <div class='ocr_carea' id='block_1_109' title="bbox 1004 2353 1790 2391">
    <p class='ocr_par' dir='ltr' id='par_1_109' title="bbox 1004 2353 1790 2391">
     <span class='ocr_line' id='line_1_109' title="bbox 1004 2353 1790 2391; baseline -0.015 -1"><span class='ocrx_word' id='word_1_815' title='bbox 1004 2370 1107 2390; x_wconf 90' lang='lat' dir='ltr'><strong>morem</strong></span> <span class='ocrx_word' id='word_1_816' title='bbox 1121 2364 1328 2391; x_wconf 88' lang='lat' dir='ltr'><strong>concamerato,</strong></span> <span class='ocrx_word' id='word_1_817' title='bbox 1341 2356 1522 2385; x_wconf 84' lang='lat' dir='ltr'><strong>subeuntibus</strong></span> <span class='ocrx_word' id='word_1_818' title='bbox 1538 2355 1599 2383; x_wconf 75' lang='lat' dir='ltr'><strong>cteli</strong></span> <span class='ocrx_word' id='word_1_819' title='bbox 1623 2353 1790 2384; x_wconf 88' lang='lat' dir='ltr'><strong>luminibus,</strong></span> 
     </span>
    </p>
   </div>
   <div class='ocr_carea' id='block_1_110' title="bbox 1004 2399 1791 2445">
    <p class='ocr_par' dir='ltr' id='par_1_110' title="bbox 1004 2399 1791 2445">
     <span class='ocr_line' id='line_1_110' title="bbox 1004 2399 1791 2445; baseline -0.017 -8"><span class='ocrx_word' id='word_1_820' title='bbox 1004 2409 1137 2445; x_wconf 88' lang='lat' dir='ltr'><strong>quosdam</strong></span> <span class='ocrx_word' id='word_1_821' title='bbox 1150 2407 1228 2441; x_wconf 87' lang='lat' dir='ltr'><strong>quasi</strong></span> <span class='ocrx_word' id='word_1_822' title='bbox 1256 2405 1355 2441; x_wconf 75' lang='lat' dir='ltr'><strong>gradus</strong></span> <span class='ocrx_word' id='word_1_823' title='bbox 1381 2407 1565 2438; x_wconf 62' lang='lat' dir='ltr'><strong>praestruant:</strong></span> <span class='ocrx_word' id='word_1_824' title='bbox 1589 2400 1711 2435; x_wconf 88' lang='lat' dir='ltr'><strong>adeoque</strong></span> <span class='ocrx_word' id='word_1_825' title='bbox 1735 2399 1791 2425; x_wconf 81' lang='lat' dir='ltr'><strong>vul-</strong></span> 
     </span>
    </p>
   </div>
   <div class='ocr_carea' id='block_1_111' title="bbox 1005 2445 1791 2491">
    <p class='ocr_par' dir='ltr' id='par_1_111' title="bbox 1005 2445 1791 2491">
     <span class='ocr_line' id='line_1_111' title="bbox 1005 2445 1791 2491; baseline -0.017 -9"><span class='ocrx_word' id='word_1_826' title='bbox 1005 2455 1109 2491; x_wconf 78' lang='lat' dir='ltr'><strong>garium</strong></span> <span class='ocrx_word' id='word_1_827' title='bbox 1117 2457 1272 2481; x_wconf 88' lang='lat' dir='ltr'><strong>atomorum</strong></span> <span class='ocrx_word' id='word_1_828' title='bbox 1282 2450 1414 2478; x_wconf 82' lang='lat' dir='ltr'><strong>factiones</strong></span> <span class='ocrx_word' id='word_1_829' title='bbox 1425 2447 1566 2475; x_wconf 85' lang='lat' dir='ltr'><strong>domicilia</strong></span> <span class='ocrx_word' id='word_1_830' title='bbox 1574 2446 1624 2474; x_wconf 88' lang='lat' dir='ltr'><strong>sibi</strong></span> <span class='ocrx_word' id='word_1_831' title='bbox 1632 2445 1751 2480; x_wconf 76' lang='lat' dir='ltr'><strong>deligant</strong></span> <span class='ocrx_word' id='word_1_832' title='bbox 1760 2451 1791 2470; x_wconf 87' lang='lat' dir='ltr'><strong>ac</strong></span> 
     </span>
    </p>
   </div>
   <div class='ocr_carea' id='block_1_112' title="bbox 1005 2490 1792 2535">
    <p class='ocr_par' dir='ltr' id='par_1_112' title="bbox 1005 2490 1792 2535">
     <span class='ocr_line' id='line_1_112' title="bbox 1005 2490 1792 2535; baseline -0.018 -5"><span class='ocrx_word' id='word_1_833' title='bbox 1005 2490 1104 2530; x_wconf 70' lang='lat' dir='ltr'><strong>cwlum</strong></span> <span class='ocrx_word' id='word_1_834' title='bbox 1113 2501 1202 2535; x_wconf 89' lang='lat' dir='ltr'><strong>ipsum</strong></span> <span class='ocrx_word' id='word_1_835' title='bbox 1214 2498 1337 2534; x_wconf 79' lang='lat' dir='ltr'><strong>proprias</strong></span> <span class='ocrx_word' id='word_1_836' title='bbox 1347 2497 1373 2523; x_wconf 93' lang='lat' dir='ltr'><strong>in</strong></span> <span class='ocrx_word' id='word_1_837' title='bbox 1382 2496 1480 2523; x_wconf 89' lang='lat' dir='ltr'><strong>domos</strong></span> <span class='ocrx_word' id='word_1_838' title='bbox 1487 2499 1568 2528; x_wconf 77' lang='lat' dir='ltr'><strong>atque.</strong></span> <span class='ocrx_word' id='word_1_839' title='bbox 1583 2490 1792 2520; x_wconf 84' lang='lat' dir='ltr'><strong>stationesinter</strong></span> 
     </span>
    </p>
   </div>
   <div class='ocr_carea' id='block_1_113' title="bbox 1004 2535 1792 2582">
    <p class='ocr_par' dir='ltr' id='par_1_113' title="bbox 1004 2535 1792 2582">
     <span class='ocr_line' id='line_1_113' title="bbox 1004 2535 1792 2582; baseline -0.019 -6"><span class='ocrx_word' id='word_1_840' title='bbox 1004 2556 1065 2576; x_wconf 81' lang='lat' dir='ltr'><strong>sese</strong></span> <span class='ocrx_word' id='word_1_841' title='bbox 1073 2546 1235 2582; x_wconf 83' lang='lat' dir='ltr'><strong>partiamur.</strong></span> <span class='ocrx_word' id='word_1_842' title='bbox 1242 2553 1252 2570; x_wconf 67' lang='grc' dir='ltr'>θ</span> <span class='ocrx_word' id='word_1_843' title='bbox 1265 2543 1382 2573; x_wconf 71' lang='lat' dir='ltr'><strong>Rursus,</strong></span> <span class='ocrx_word' id='word_1_844' title='bbox 1392 2541 1452 2569; x_wconf 90' lang='lat' dir='ltr'><strong>aliis</strong></span> <span class='ocrx_word' id='word_1_845' title='bbox 1460 2539 1623 2575; x_wconf 87' lang='lat' dir='ltr'><strong>quibusdam</strong></span> <span class='ocrx_word' id='word_1_846' title='bbox 1633 2535 1792 2571; x_wconf 87' lang='lat' dir='ltr'><strong>intcrjectis,</strong></span> 
     </span>
    </p>
   </div>
   <div class='ocr_carea' id='block_1_114' title="bbox 1006 2581 1792 2630">
    <p class='ocr_par' dir='ltr' id='par_1_114' title="bbox 1006 2581 1792 2630">
     <span class='ocr_line' id='line_1_114' title="bbox 1006 2581 1792 2630; baseline -0.015 -10"><span class='ocrx_word' id='word_1_847' title='bbox 1006 2581 1086 2630; x_wconf 67' lang='grc' dir='ltr'><em>’1Ίά</em></span> <span class='ocrx_word' id='word_1_848' title='bbox 1098 2603 1107 2619; x_wconf 76' lang='grc' dir='ltr'><strong><em>ι</em></strong></span> <span class='ocrx_word' id='word_1_849' title='bbox 1119 2592 1187 2624; x_wconf 83' lang='grc' dir='ltr'>Ιωο,</span> <span class='ocrx_word' id='word_1_850' title='bbox 1196 2590 1295 2625; x_wconf 88' lang='lat' dir='ltr'><strong>inquit,</strong></span> <span class='ocrx_word' id='word_1_851' title='bbox 1305 2596 1339 2616; x_wconf 86' lang='lat' dir='ltr'><strong>ne</strong></span> <span class='ocrx_word' id='word_1_852' title='bbox 1350 2587 1429 2615; x_wconf 70' lang='lat' dir='ltr'><strong>obvia</strong></span> <span class='ocrx_word' id='word_1_853' title='bbox 1441 2585 1550 2622; x_wconf 90' lang='lat' dir='ltr'><strong>quidem</strong></span> <span class='ocrx_word' id='word_1_854' title='bbox 1563 2583 1655 2610; x_wconf 89' lang='lat' dir='ltr'><strong>vident</strong></span> <span class='ocrx_word' id='word_1_855' title='bbox 1670 2581 1792 2609; x_wconf 84' lang='lat' dir='ltr'><strong>homines</strong></span> 
     </span>
    </p>
   </div>
   <div class='ocr_carea' id='block_1_115' title="bbox 1006 2626 1792 2675">
    <p class='ocr_par' dir='ltr' id='par_1_115' title="bbox 1006 2626 1792 2675">
     <span class='ocr_line' id='line_1_115' title="bbox 1006 2626 1792 2675; baseline -0.018 -8"><span class='ocrx_word' id='word_1_856' title='bbox 1006 2626 1161 2675; x_wconf 54' lang='lat' dir='ltr'><strong>itu—providi,</strong></span> <span class='ocrx_word' id='word_1_857' title='bbox 1175 2641 1279 2665; x_wconf 86' lang='lat' dir='ltr'><strong>tantum</strong></span> <span class='ocrx_word' id='word_1_858' title='bbox 1296 2635 1372 2662; x_wconf 88' lang='lat' dir='ltr'><strong>abest</strong></span> <span class='ocrx_word' id='word_1_859' title='bbox 1383 2638 1411 2660; x_wconf 94' lang='lat' dir='ltr'><strong>ut</strong></span> <span class='ocrx_word' id='word_1_860' title='bbox 1423 2631 1531 2660; x_wconf 85' lang='lat' dir='ltr'><strong>occulta</strong></span> <span class='ocrx_word' id='word_1_861' title='bbox 1545 2629 1713 2666; x_wconf 84' lang='lat' dir='ltr'><strong>provideant.</strong></span> <span class='ocrx_word' id='word_1_862' title='bbox 1734 2626 1792 2654; x_wconf 88' lang='lat' dir='ltr'><strong>Uti-</strong></span> 
     </span>
    </p>
   </div>
   <div class='ocr_carea' id='block_1_116' title="bbox 1007 2674 1792 2722">
    <p class='ocr_par' dir='ltr' id='par_1_116' title="bbox 1007 2674 1792 2722">
     <span class='ocr_line' id='line_1_116' title="bbox 1007 2674 1792 2722; baseline -0.019 -8"><span class='ocrx_word' id='word_1_863' title='bbox 1007 2674 1060 2722; x_wconf 75' lang='lat' dir='ltr'><strong>que</strong></span> <span class='ocrx_word' id='word_1_864' title='bbox 1078 2689 1152 2713; x_wconf 88' lang='lat' dir='ltr'><strong>ratos</strong></span> <span class='ocrx_word' id='word_1_865' title='bbox 1170 2684 1231 2712; x_wconf 85' lang='lat' dir='ltr'><strong>illos</strong></span> <span class='ocrx_word' id='word_1_866' title='bbox 1259 2687 1340 2717; x_wconf 89' lang='lat' dir='ltr'><strong>atque</strong></span> <span class='ocrx_word' id='word_1_867' title='bbox 1363 2682 1522 2708; x_wconf 82' lang='lat' dir='ltr'><strong>constantes</strong></span> <span class='ocrx_word' id='word_1_868' title='bbox 1549 2681 1627 2704; x_wconf 81' lang='lat' dir='ltr'><strong>ortus</strong></span> <span class='ocrx_word' id='word_1_869' title='bbox 1646 2674 1792 2708; x_wconf 88' lang='lat' dir='ltr'><strong>obitusque</strong></span> 
     </span>
    </p>
   </div>
   <div class='ocr_carea' id='block_1_117' title="bbox 1006 2718 1792 2766">
    <p class='ocr_par' dir='ltr' id='par_1_117' title="bbox 1006 2718 1792 2766">
     <span class='ocr_line' id='line_1_117' title="bbox 1006 2718 1792 2766; baseline -0.023 -4"><span class='ocrx_word' id='word_1_870' title='bbox 1006 2734 1138 2766; x_wconf 87' lang='lat' dir='ltr'><strong>siderum,</strong></span> <span class='ocrx_word' id='word_1_871' title='bbox 1159 2739 1213 2759; x_wconf 88' lang='lat' dir='ltr'><strong>non</strong></span> <span class='ocrx_word' id='word_1_872' title='bbox 1228 2733 1389 2758; x_wconf 68' lang='lat' dir='ltr'><strong>caaterorum</strong></span> <span class='ocrx_word' id='word_1_873' title='bbox 1406 2719 1501 2758; x_wconf 63' lang='lat' dir='ltr'><strong>modo,</strong></span> <span class='ocrx_word' id='word_1_874' title='bbox 1518 2729 1613 2751; x_wconf 85' lang='lat' dir='ltr'><strong>verum</strong></span> <span class='ocrx_word' id='word_1_875' title='bbox 1630 2720 1711 2749; x_wconf 87' lang='lat' dir='ltr'><strong>etiam</strong></span> <span class='ocrx_word' id='word_1_876' title='bbox 1726 2718 1792 2746; x_wconf 90' lang='lat' dir='ltr'><strong>solis</strong></span> 
     </span>
    </p>
   </div>
   <div class='ocr_carea' id='block_1_118' title="bbox 1006 2764 1792 2809">
    <p class='ocr_par' dir='ltr' id='par_1_118' title="bbox 1006 2764 1792 2809">
     <span class='ocr_line' id='line_1_118' title="bbox 1006 2764 1792 2809; baseline -0.023 -1"><span class='ocrx_word' id='word_1_877' title='bbox 1006 2779 1128 2809; x_wconf 87' lang='lat' dir='ltr'><strong>omnium</strong></span> <span class='ocrx_word' id='word_1_878' title='bbox 1147 2775 1342 2807; x_wconf 82' lang='lat' dir='ltr'><strong>nobilissimos,</strong></span> <span class='ocrx_word' id='word_1_879' title='bbox 1357 2780 1391 2800; x_wconf 85' lang='lat' dir='ltr'><strong>ne</strong></span> <span class='ocrx_word' id='word_1_880' title='bbox 1404 2769 1568 2806; x_wconf 86' lang='lat' dir='ltr'><strong>suspicando</strong></span> <span class='ocrx_word' id='word_1_881' title='bbox 1579 2767 1688 2803; x_wconf 83' lang='lat' dir='ltr'><strong>quidem</strong></span> <span class='ocrx_word' id='word_1_882' title='bbox 1702 2764 1792 2792; x_wconf 83' lang='lat' dir='ltr'><strong>viden-</strong></span> 
     </span>
    </p>
   </div>
   <div class='ocr_carea' id='block_1_119' title="bbox 1007 2811 1792 2859">
    <p class='ocr_par' dir='ltr' id='par_1_119' title="bbox 1007 2811 1792 2859">
     <span class='ocr_line' id='line_1_119' title="bbox 1007 2811 1792 2859; baseline -0.023 -5"><span class='ocrx_word' id='word_1_883' title='bbox 1007 2831 1051 2854; x_wconf 89' lang='lat' dir='ltr'><strong>tur</strong></span> <span class='ocrx_word' id='word_1_884' title='bbox 1067 2824 1197 2859; x_wconf 70' lang='lat' dir='ltr'><strong>attingrre</strong></span> <span class='ocrx_word' id='word_1_885' title='bbox 1215 2832 1221 2850; x_wconf 84' lang='lat'>:</span> <span class='ocrx_word' id='word_1_886' title='bbox 1239 2830 1287 2850; x_wconf 87' lang='lat' dir='ltr'><strong>nec</strong></span> <span class='ocrx_word' id='word_1_887' title='bbox 1302 2820 1336 2848; x_wconf 91' lang='lat' dir='ltr'><strong>iis</strong></span> <span class='ocrx_word' id='word_1_888' title='bbox 1350 2819 1388 2846; x_wconf 89' lang='lat' dir='ltr'><strong>uti</strong></span> <span class='ocrx_word' id='word_1_889' title='bbox 1401 2814 1650 2846; x_wconf 84' lang='lat' dir='ltr'><strong>commoditatibus,</strong></span> <span class='ocrx_word' id='word_1_890' title='bbox 1664 2819 1732 2847; x_wconf 84' lang='lat' dir='ltr'><strong>quas</strong></span> <span class='ocrx_word' id='word_1_891' title='bbox 1742 2811 1792 2842; x_wconf 89' lang='lat' dir='ltr'><strong>ho-</strong></span> 
     </span>
    </p>
   </div>
  </div>
