2061 3210
281 166 352 196 ιετο

620 161 755 190 EUSEBH
774 159 1018 188 CESARIENSIS
1037 158 1083 186 ΟΡῖ

1133 158 1223 186 PARS
1239 158 1270 186 11.
1291 173 1325 179 -
1341 157 1590 186 ΑΡοιοοΕτιεΑ.

1843 161 1915 188 ην.)

284 226 390 253 ntinum
402 223 494 259 generi
507 223 690 258 suppeditant,
704 227 751 249 aut
764 221 914 249 collucente
925 220 959 247 ad
971 220 1075 247 obeun-

1133 227 1142 244 t
1162 219 1190 245 '0
1201 219 1229 245 δὲ
1243 218 1391 254 πολυεθνὴς
1404 218 1451 245 καὶ
1462 218 1615 253 πολυμιγὴς
1626 217 1711 253 δῆμος
1718 218 1774 245 τῶν
1786 219 1914 255 ἀστέρων

282 271 347 298 dum
363 277 433 305 opus
451 269 511 300 die,
531 273 579 296 aut
603 272 683 295 nocte
708 267 809 302 quietis
831 265 970 300 capiendae
989 273 1072 297 causa

285 324 374 345 terras
397 319 540 351 cpacante.
555 325 565 341 ι
584 314 674 342 Exibit
700 314 772 341 enim
799 313 892 345 homo,
915 307 1017 348 inquit,
1040 312 1073 339 ad

283 372 352 399 opus
370 370 462 393 suum.
480 366 507 389 et
523 361 711 396 operationem
729 368 808 388 suam
828 368 917 396 usque
931 360 964 387 ad
977 367 1074 394 vespe-

285 418 344 437 rum
361 410 380 436 ¹.
402 419 410 435 ι
431 408 486 435 Nec
503 415 568 435 vero
581 408 694 435 alteram
710 407 769 442 ejus
782 407 969 434 circuitionem
986 409 1073 433 atten-

284 457 363 488 dunt,
378 463 431 490 qua
443 455 588 482 distinctas
600 458 776 489 tempestates
785 457 994 488 opportunaque
1009 457 1076 479 lem-

285 510 361 538 pora,
379 509 429 529 nec
439 508 556 536 usquam
570 501 691 528 detortas
700 499 899 528 conversiones
910 498 1017 530 eﬂiciat,
1029 506 1076 525 ea-

286 556 348 575 rum
362 547 499 579 videlicet,
515 553 549 574 ex
567 546 668 581 quibus
683 546 742 581 ipse
768 545 903 578 consistit,
922 549 1075 572 atomorunt

285 593 397 622 ductum
414 598 534 621 secutus.
554 592 589 620 At
605 592 757 624 enimvero,
772 592 858 619 velint
882 591 969 618 nolint
987 591 1076 618 homi~

286 648 336 668 nes
350 647 444 675 reapse
462 639 713 673 miseri,quomodo
726 643 817 665 tamen
847 638 897 665 sibi
914 638 1079 672 persuadent

286 684 435 720 aequissimi
448 693 454 711 :
471 692 586 719 magnus
598 684 643 711 ille
654 683 796 713 Dominus.
809 683 856 717 qui
871 682 955 710 solem
964 682 1076 714 creavit,

287 731 434 758 verborum
462 738 572 765 quoqtte
589 737 701 757 suorttm
719 729 744 755 vi
764 729 886 762 ejusdem
910 735 1021 756 cursum
1037 729 1075 754 in.

287 776 392 803 citavit.
407 775 498 802 Atomi
526 775 636 810 quippe,
657 773 774 801 hiemem
795 773 873 801 vobis
886 794 893 806 ,
920 781 937 800 ο
954 773 1030 806 caeci,
1046 780 1079 800 ac

288 822 395 858 pluvias
410 821 540 854 aderunt,
556 826 585 848 ut
601 821 731 848 alimenta
747 819 826 848 vobis
851 827 884 847 ac
898 819 1004 847 caeteris
1019 819 1079 846 ani-

289 867 428 894 mantibus
446 871 517 894 terra
536 866 679 901 producat.
696 865 862 893 Earumdem
878 868 959 892 aestas
977 863 1080 891 beneﬂ-

289 913 361 940 ciutn
373 917 426 944 est,
440 916 470 939 ut
487 895 615 939 arborum
630 911 712 939 etiam
727 911 761 938 ad
776 910 887 939 delicias
901 909 1007 937 fructus
1023 909 1080 937 col-
1095 895 1116 922 Β

289 957 389 992 ligatis.
407 956 508 990 Quidni
523 964 605 991 porro
620 956 720 983 atomis
734 956 842 990 frugum
857 954 1019 989 praesidibus
1034 962 1080 982 so~

290 1003 372 1031 lemni
388 1003 463 1030 cultu
478 1000 558 1030 s'acra
578 1002 668 1029 facitis
681 1002 692 1028 ?
707 1000 836 1029 llomines
849 1001 960 1036 ingrati,
984 1001 1030 1036 qui
1043 1004 1082 1028 tot

289 1049 435 1080 donorum,
447 1054 508 1083 qua:
522 1048 557 1075 ab
569 1048 604 1075 iis
619 1047 755 1083 accipitis,
773 1055 807 1075 ne
825 1047 962 1082 primitias
972 1047 1081 1082 quidem

291 1095 422 1130 pauculas
432 1094 609 1122 consecretis.
618 1104 627 1120 ι
640 1094 796 1128 lterumque
809 1098 871 1128 post
881 1101 967 1128 pauca
977 1100 986 1119 .'
998 1092 1082 1120 «Mul-

291 1142 374 1176 tiplex
388 1146 491 1173 autem,
510 1141 613 1176 inquit,
626 1140 672 1167 illa
687 1139 828 1167 stellarum
841 1140 928 1172 natio,
945 1147 1027 1174 quam
1039 1147 1083 1166 er-

292 1189 385 1215 ratica:
402 1195 434 1215 ac
453 1195 561 1222 semper
576 1187 630 1214 huc
646 1186 764 1222 illucque
782 1185 901 1221 disjectas
918 1185 1000 1212 atomi
1018 1192 1083 1213 con-

292 1235 435 1266 ﬂaverunt,
451 1234 530 1262 sedes
541 1235 599 1268 ipsa
613 1233 675 1266 sibi,
692 1233 806 1261 coloniae
818 1231 961 1266 cujusdam
974 1236 1022 1258 aut
1036 1238 1082 1258 so-

293 1281 414 1308 dalitatis
425 1288 510 1312 more,
520 1280 659 1308 communi
672 1287 703 1307 ex
715 1283 804 1314 pacto,
815 1278 963 1310 distribuit,
981 1277 1084 1305 nullius

294 1333 343 1354 aut
364 1326 525 1358 conditoris,
555 1330 604 1354 aut
619 1325 730 1353 familia).
752 1325 876 1361 praesidis
892 1324 1082 1352 auctoritatem

294 1379 397 1402 secuta.
419 1374 507 1408 Atque
527 1373 564 1401 ita
577 1373 718 1408 deinceps,
737 1377 831 1399 mutua
859 1379 922 1399 cum
939 1370 1063 1398 ﬁnitimis
1076 1390 1083 1401 .

294 1420 420 1455 religiose
437 1420 547 1455 altaque
573 1426 635 1447 cum
654 1426 720 1454 pace
733 1438 740 1450 ,
768 1425 865 1445 omnes
897 1417 1003 1444 vicinia:
1021 1416 1083 1452 jura

294 1465 463 1498 custodiunt,
481 1472 532 1493 nec
557 1472 605 1493 eos
632 1473 754 1500 uttquam
769 1464 848 1497 lines,
861 1471 933 1499 quos
948 1463 983 1490 ab
1007 1463 1085 1490 initio

296 1519 438 1547 accepere,
458 1511 626 1544 transiliunt,
645 1519 758 1546 prorsus
769 1519 802 1538 ac
821 1511 843 1538 si
857 1510 993 1545 regiarum
1017 1517 1085 1544 qua-

296 1558 424 1586 rumdam
442 1563 597 1585 atomorum
618 1557 722 1592 legibus
734 1562 900 1593 regerentur.
915 1557 950 1584 At
965 1565 1018 1583 non
1033 1556 1083 1583 itn-
1099 1568 1120 1596 ε

297 1609 394 1634 nerant
408 1604 461 1632 illa:
475 1603 607 1639 profecto.
627 1603 680 1637 Qui
696 1603 769 1631 enim
786 1604 930 1638 imperent,
944 1610 1005 1638 quae
1021 1602 1084 1629 nul-

296 1652 329 1679 lae
345 1651 428 1679 sunt?
437 1651 534 1679 Audite
546 1657 611 1678 vero
623 1650 778 1678 divinorum
787 1650 960 1677 oraculorum
971 1656 1064 1676 vocetn
1076 1658 1083 1676 :

299 1707 309 1723 ί
329 1697 357 1725 In
373 1697 475 1733 judicio
491 1696 600 1724 Domini
617 1704 700 1732 opera
720 1697 790 1732 ejus.
819 1696 861 1723 Ab
887 1695 966 1723 initio
984 1716 992 1727 ,
1016 1699 1044 1722 et
1069 1703 1084 1722 a

296 1745 434 1777 creatiow
445 1745 580 1779 ipsorum,
595 1743 720 1771 distinxit
733 1747 824 1778 partes
839 1743 958 1770 illorum.
971 1741 1086 1770 Ornavit

298 1789 325 1817 in
340 1794 471 1817 aeternum
486 1797 567 1824 opera
579 1797 640 1822 sua,
656 1793 684 1816 et
698 1789 829 1824 principia
843 1796 938 1816 eorum
959 1788 986 1815 in
1002 1795 1085 1823 gene-

299 1836 418 1864 rationes
441 1844 537 1863 eorum
565 1836 585 1863 '.
611 1845 619 1861 ι
640 1836 776 1870 Additquc
796 1836 877 1870 paulo
902 1840 981 1870 post:
1002 1845 1011 1861 ι
1033 1835 1087 1862 Aut

298 1889 359 1917 quae
376 1890 495 1917 unquam
512 1883 595 1914 acies,
615 1882 713 1916 inquit,
730 1887 784 1908 tam
808 1881 959 1916 composito
979 1881 1088 1916 agmine

298 1936 426 1964 campum
451 1929 614 1961 transmisit,
633 1932 818 1963 przecurrente
838 1928 954 1959 nemine,
980 1927 1088 1955 nemine

297 1973 450 2006 decrrante,
464 1973 574 2001 nemine
588 1979 634 2001 aut
651 1973 876 2008 impedimentum
891 1972 1021 2000 oﬂ‘erente
1036 1980 1088 2000 cte-

297 2020 374 2054 teris,
391 2025 439 2047 aut
453 2014 566 2048 caeteros
579 2020 670 2047 minus
681 2024 867 2055 consequente
880 2029 886 2047 :
900 2027 982 2055 quam
996 2027 1088 2054 aequa-

298 2066 334 2093 tis
364 2074 471 2101 semper
496 2066 650 2100 ordinibus,
676 2071 703 2094 et
731 2066 833 2102 pressis
853 2066 935 2093 veluti
963 2065 1063 2101 clypeis
1079 2086 1087 2098 ,

297 2116 446 2146 perpetuus
463 2112 517 2146 ille,
531 2119 581 2139 nec
591 2120 706 2146 usquam
721 2117 768 2139 aut
778 2113 957 2147 interruptus,
970 2115 1017 2138 aut
1025 2119 1087 2146 per-

1124 264 1171 296 οὒς
1198 265 1225 291 αὶ
1252 264 1433 296 πολυπλανεῖς
1455 264 1502 291 και¹
1522 264 1565 290 ἀεὶ
1583 264 1827 300 διαρῤιπτούμεναι
1851 273 1916 292 σαν-

1125 312 1242 347 έστησαν
1255 313 1360 347 ἄτομοι,
1378 311 1468 347 χώρας
1483 312 1587 344 ἑαυτοῖς
1609 312 1679 339 κατὰ
1704 312 1841 348 συνθήκας
1862 313 1917 339 ἁπ-

1125 358 1265 391 εδάσαντο,
1294 358 1388 394 ὥσπερ
1411 358 1538 384 ἀποικίαν
1557 358 1573 393 ἢ
1593 358 1728 385 συνοικίαν
1743 358 1914 393 ἀνελόμενοι,

1127 402 1240 439 μηδενὸς
1264 402 1384 429 οἰκιστοῦ
1407 402 1473 438 μηδὲ
1486 402 1673 429 οἰκοδεσπότου
1692 404 1894 439 προεστηκότος
1908 413 1914 418 ·

1127 450 1174 476 καὶ
1188 449 1238 480 τὰς
1255 450 1323 485 πρὸς
1346 450 1410 480 τοὺς
1428 448 1629 484 πλησιοχώρους
1650 449 1832 483 γειτνιάσεις,
1850 451 1917 476 ὲνω-
1944 476 1949 480 ,

1129 495 1217 531 μότως
1234 496 1280 522 καὶ
1293 496 1349 530 μετ’
1364 496 1475 531 εἰρήνης
1495 496 1673 530 φυλάττουσιν
1685 516 1693 528 ,
1714 496 1763 531 οὐχ
1780 496 1916 531 ὑπερετιῇ
1947 503 1950 505 ·

1127 551 1218 574 νοντες
1230 542 1276 574 οὒς
1291 543 1338 569 καὶ
1352 542 1492 578 εἰλήφασιν
1508 541 1537 575 ἐξ
1553 543 1638 578 ἀρχῆς
1649 543 1738 577 ὄρους,
1751 542 1848 578 ὥσπερ
1864 543 1919 569 ὑπὸ

1127 588 1182 614 τῶν
1209 588 1354 623 βασιλίδων
1379 588 1489 623 ἀτόμων
1510 587 1742 623 νομοθετούμενοι.
1778 587 1850 615 Ἀλλ’
1867 589 1918 614 οὐκ

1129 634 1256 670 ἄρχουσιν
1280 635 1401 660 ἐκεῖναιο
1428 634 1486 666 πῶς
1511 634 1565 670 γὰρ
1586 636 1613 661 αἱ
1631 635 1692 671 μηδ⁴Ι
1707 633 1806 668 οὔσαις
1837 636 1919 662 Ἀλλὰ

1129 679 1208 707 θείων
1220 679 1320 714 λογίων
1334 681 1520 707 ἐπακούσατε·
1538 691 1547 707 ι
1573 682 1617 708 Ἐν
1639 682 1727 718 κρίσει
1752 683 1855 718 Κυρίου
1884 683 1920 709 τὰ

1129 726 1197 762 ἔργα
1220 726 1312 767 αὺτοζο.
1339 727 1397 753 Ἀπ’
1422 728 1511 763 ἀρχῆς
1531 729 1577 754 καὶ
1590 729 1643 755 ἀπὸ
1660 729 1794 764 ποιήσεως
1815 729 1917 759 αὑτῶν,

1129 772 1257 799 διέστειλε
1275 773 1386 809 μερίδας
1404 773 1504 806 αὐτῶν,
1532 774 1682 810 ἐκόσμησεν
1709 776 1748 807 εἰς
1772 775 1860 802 αἰῶνα
1885 776 1921 802 τὰ

1131 818 1199 854 ἔργα
1210 819 1302 852 αὑτοῦ,
1318 819 1365 846 καὶ
1377 819 1426 852 τὰς
1437 820 1525 856 ἀρχὰς
1537 821 1625 848 αὐτῶν
1634 822 1673 853 εἰς
1682 821 1780 855 γενεὰς
1798 822 1899 849 αὐτῶν.
1907 834 1917 848 ι

1132 865 1269 900 Καὶμετὰ
1287 865 1391 901 βραχέα
1407 867 1505 902 φησίν·
1521 877 1529 892 t
1553 867 1587 894 Ἦ
1607 867 1648 899 τίς
1665 867 1752 899 οὕτως
1779 868 1921 899 εὐτάκτως

1133 911 1244 938 πεδιάδα
1257 912 1308 947 γῆν
1324 912 1449 939 διώδευσε
1467 912 1581 947 φάλαγξ,
1605 914 1635 940 οὐ
1659 913 1821 949 προθέοντος
1843 914 1919 940 ουδε-

1132 958 1186 989 νὸς,
1203 959 1253 985 οὐκ
1268 959 1479 994 ἐκτρεπομένου,
1505 960 1555 986 οὐκ
1577 959 1837 995 ὲμποδιστατοῦντος
1853 961 1919 995 ('29).

1132 1005 1182 1031 οὐκ
1208 1004 1422 1040 ἀπολειπομένου
1451 1005 1505 1032 τῶν
1536 1007 1856 1042 συμπαρατεταγμένων·
1884 1008 1921 1039 ὡς

1135 1048 1277 1084 ἰσόστοιχοι
1290 1049 1337 1076 καὶ
1354 1050 1578 1082 συνασπιδοῦντες
1592 1052 1635 1078 ἀεὶ
1659 1053 1802 1088 προΐασιν,
1822 1054 1837 1079 ὁ
1862 1062 1922 1079 συν.

1133 1096 1181 1130 εχή
1187 1104 1199 1127 ς
1212 1104 1241 1122 τε
1256 1097 1302 1122 καὶ
1317 1096 1486 1129 ἀδιάστατος,
1510 1097 1640 1133 ἀόχλητός
1656 1107 1686 1125 τε
1703 1099 1750 1125 καὶ
1773 1100 1922 1134 ἀνεμπόδι-

1135 1151 1197 1173 στος
1210 1142 1263 1168 τῶν
1278 1142 1384 1178 ἄστρων
1399 1144 1512 1179 στρατός
1526 1152 1532 1175 ;
1556 1143 1626 1170 Ἀλλ’
1641 1144 1780 1179 ἐγκλίσεσι
1797 1145 1845 1171 καὶ
1866 1147 1922 1176 ταῖς

1134 1189 1173 1220 εἰς
1192 1188 1303 1222 πλάγιον
1314 1189 1430 1221 γεύσεσι,
1444 1189 1562 1223 γίνονταί
1575 1199 1645 1222 τινες
1655 1190 1744 1217 αὐτῶν
1756 1191 1851 1226 ἄδηλοι
1868 1201 1924 1227 τρο-

1135 1235 1192 1260 παί.
1210 1235 1265 1261 Καὶ
1291 1234 1344 1270 μὴν
1369 1235 1411 1261 ἀεὶ
1439 1234 1670 1270 καιροψδλακοῦσι
1686 1236 1732 1262 καὶ
1750 1236 1923 1271 προορῶντας

1133 1280 1183 1311 τὰς
1204 1279 1310 1316 χώρας,
1329 1279 1389 1306 ὅθεν
1407 1280 1521 1311 ἕκαστος
1542 1280 1657 1315 ἀνίησιν,
1673 1282 1698 1307 οἱ
1714 1281 1822 1313 τούτοις
1841 1291 1924 1318 προσ-

1135 1325 1292 1360 εσχηκότες.
1302 1326 1463 1352 Εἰπάτωσαν
1474 1324 1520 1352 οἷαν
1529 1327 1593 1361 ἡμῖν
1605 1328 1628 1353 οἰ
1636 1326 1690 1353 τῶν
1701 1327 1812 1363 ἀτόμων
1819 1329 1923 1363 τομεῖς,

1135 1373 1182 1399 καὶ
1198 1373 1252 1399 τῶν
1269 1373 1380 1408 ἀμερῶν
1399 1374 1533 1409 μερισταὶ,
1553 1373 1599 1400 καὶ
1613 1373 1667 1400 τῶν
1689 1374 1847 1402 ἀσυνθέτων
1866 1383 1926 1401 σνν-

1135 1421 1263 1454 αγωγεῖς,
1281 1420 1328 1446 καὶ
1344 1419 1378 1446 τὰ
1394 1420 1495 1456 ἄπειρα
1516 1420 1702 1456 περινοοῦντες
1714 1441 1721 1451 ,
1738 1421 1822 1447 πόθεν
1840 1422 1859 1456 ἡ
1878 1431 1924 1448 κυ-

1136 1465 1284 1501 κλοφορικὴ
1303 1465 1355 1491 τῶν
1381 1465 1513 1501 οὐρανίων
1543 1465 1648 1492 συνοδία
1664 1466 1710 1492 καὶ
1725 1466 1863 1502 περιοδὶα,
1879 1467 1925 1501 οὐχ

1136 1510 1195 1542 ἑνὸς
1221 1510 1381 1546 παραλόγως
1404 1511 1512 1546 ἀτόμων
1539 1512 1684 1547 πήγματος
1698 1511 1770 1538 οὓτω
1788 1513 1926 1547 σφενδονι-

1139 1556 1257 1588 σθέντος,
1273 1556 1340 1583 ἀλλὰ
1356 1557 1481 1584 τοσούτου
1496 1558 1625 1584 κυκλικοῦ
1635 1557 1716 1594 χοροῦ
1737 1559 1810 1585 κατὰ
1825 1560 1927 1594 ῥυθμὸν

1141 1603 1185 1630 ἴσα
1201 1603 1336 1638 βαίνοντος
1347 1604 1392 1630 καὶ
1419 1604 1706 1639 συμπεριδινουμένουο
1723 1605 1806 1631 πόθεν
1818 1605 1929 1632 ἀδιάτα-

1139 1657 1207 1681 κτοι,
1234 1649 1280 1675 καὶ
1296 1649 1481 1685 ἀπροαίρετοι,
1497 1649 1543 1677 καὶ
1556 1649 1675 1684 ἀγνῶτες
1691 1649 1816 1685 ἀλλήλων
1830 1651 1929 1686 συνέμ-

1139 1704 1216 1730 ποροι
1240 1695 1412 1730 παμπληθεῖς
1434 1696 1703 1732 συνανεστράφησαν.
1733 1696 1834 1729 Καλῶς
1862 1706 1890 1723 τε
1916 1698 1931 1723 ό

1140 1742 1280 1777 προφήτης
1294 1742 1321 1768 ἐν
1337 1743 1393 1773 τοῖς
1409 1742 1549 1774 ἀδυνάτοις
1567 1743 1614 1769 καὶ
1630 1743 1810 1775 ἀνενδείκτοις
1829 1743 1908 1776 ἔταξε
1921 1763 1928 1774 .

1140 1787 1231 1821 ξένους
1239 1787 1290 1814 κᾶν
1303 1788 1349 1814 δύο
1363 1788 1525 1823 συνδραμεῖν
1536 1797 1542 1803 ·
1571 1799 1579 1814 ι
1593 1789 1834 1824 Εἰσπορεύσονται,
1852 1789 1927 1823 φησὶ.

1139 1833 1187 1860 δύο
1214 1834 1261 1860 ἐπὶ
1274 1833 1303 1859 τὶ)
1328 1834 1393 1860 αὐτὸ
1405 1833 1559 1868 κατάλυμα,
1574 1834 1621 1861 ἐὰν
1635 1835 1671 1870 μὴ
1684 1835 1858 1870 γνωρίσωσιν
1870 1836 1930 1861 ἐαυ-

1141 1879 1204 1912 τούς
1217 1889 1224 1913 ;
1246 1890 1255 1906 t
1273 1879 1355 1906 Ταῦτ’
1372 1880 1467 1910 εἰπὼν,
1484 1881 1568 1916 μυρία
1580 1889 1608 1907 τε
1623 1880 1690 1908 ἄλλα
1704 1881 1810 1913 τούτοις
1825 1882 1930 1915 ὲπαγαο

1139 1925 1205 1960 γὼν,
1223 1925 1287 1960 ἑξῆς
1301 1924 1501 1957 κατασκευάζει
1519 1925 1564 1952 διὰ
1580 1925 1711 1953 πλειόνων
1722 1927 1754 1953 τὸ
1772 1927 1928 1962 πρύῦλημα,

1139 1971 1194 1998 ἀπό
1209 1979 1238 1998 τε
1252 1971 1305 1998 τῶν
1317 1971 1388 1998 κατὰ
1402 1972 1483 2007 μέρος
1498 1972 1636 2008 στοιχείων
1650 1973 1697 2000 τοῦ
1712 1973 1824 2005 παντὸς,
1835 1973 1891 2000 ἀπό
1902 1981 1929 1999 τε

1139 2018 1193 2045 τῶν
1204 2019 1232 2045 ὲν
1245 2018 1348 2050 τούτοις
1362 2019 1540 2046 παντοδαπῶν
1552 2018 1638 2051 ζώων,
1654 2020 1701 2046 καὶ
1713 2019 1745 2055 δὴ
1761 2019 1809 2046 καὶ
1818 2019 1874 2046 ἀπὸ
1883 2018 1929 2053 τῆς

1140 2064 1300 2100 τάνθρώπου
1313 2064 1428 2099 φύσεως.
1452 2065 1496 2098 Ἐξ
1512 2062 1550 2092 ὧν
1568 2065 1608 2092 ἐτι
1626 2065 1728 2101 βραχέα
1744 2067 1800 2098 τοῖς
1821 2065 1930 2102 simul.

1141 2120 1196 2143 νοις
1209 2110 1347 2147 προσθεὶς,
1362 2110 1530 2138 καταπαύσω
1546 2112 1591 2138 τὸν
1606 2112 1729 2147 παρόντα
1744 2112 1832 2146 λόγον.

299 2159 436 2191 turbatus,
450 2163 498 2185 aut
516 2158 593 2185 obice
623 2158 678 2185 ullo
695 2159 850 2186 retardatus
875 2161 1010 2185 asttorum
1030 2158 1167 2185 cxetcitus
1203 2157 1391 2192 progreditur?
1415 2157 1497 2192 778
1519 2157 1601 2192 Atqui
1626 2158 1788 2184 transversis
1821 2158 1929 2192 quibus-

297 2205 360 2234 dam
388 2206 610 2234 inclinationibus
632 2214 664 2234 ac
690 2207 812 2241 ttutibus,
835 2206 959 2234 obscurae
990 2214 1187 2242 nonnunquam
1225 2213 1320 2233 eorum
1352 2206 1516 2233 mutationes
1544 2205 1621 2232 tium.
1644 2204 1720 2233 Esto.
1745 2205 1862 2240 Semper
1891 2211 1928 2233 ta-

297 2260 358 2282 men
372 2258 398 2280 et
410 2253 514 2288 justum
529 2253 676 2281 observant
689 2257 807 2288 tempus,
819 2257 846 2280 et
862 2253 920 2280 loca
939 2252 994 2286 illa,
1011 2253 1082 2281 unde
1102 2253 1207 2289 singula
1239 2253 1376 2286 oriuntur,
1410 2252 1589 2287 prospiciunt,
1609 2252 1655 2287 qui
1680 2252 1732 2279 ltoc
1746 2261 1772 2278 ιιι
1785 2253 1870 2280 studii
1885 2261 1928 2288 ge-

298 2307 363 2327 nere
374 2304 553 2334 occupantur.
567 2298 666 2326 Dicant
676 2306 741 2334 ergo
750 2299 830 2327 nobis
838 2302 993 2327 atomorum
1002 2303 1124 2327 sectores
1158 2298 1271 2334 egregii,
1287 2298 1334 2332 qui
1346 2297 1511 2325 etdividunt
1532 2297 1681 2331 individua,
1710 2303 1737 2325 et
1771 2298 1870 2325 dissita
1893 2306 1929 2325 se-

294 2353 447 2389 junctaque
464 2347 634 2380 consociant,
649 2351 676 2374 et
698 2346 804 2374 intinita
824 2350 914 2374 mente
934 2346 1092 2380 deﬁniunt;
1112 2345 1184 2374 unde
1199 2345 1308 2373 tandem
1326 2345 1468 2372 circularis
1490 2345 1535 2373 ille
1566 2352 1658 2373 rerttm
1688 2345 1844 2373 caelestium
1868 2353 1930 2373 con-

292 2393 463 2428 junctusque
473 2400 571 2420 cursus
585 2397 667 2427 atque
682 2391 850 2420 conversio:
877 2399 939 2419 curn
954 2399 1009 2419 non
1030 2399 1083 2419 una
1109 2390 1233 2427 quaedam
1254 2395 1410 2418 atomorum
1437 2396 1528 2419 strues
1558 2391 1598 2419 sic
1623 2395 1752 2426 tanquant
1789 2391 1875 2420 funda
1899 2397 1930 2425 te.

295 2448 371 2468 mere
387 2440 613 2472 circumrotetur;
629 2439 676 2467 sed
694 2439 795 2467 chorus
825 2439 869 2466 ille
885 2443 977 2467 tantus
998 2439 1153 2474 composito
1187 2439 1340 2474 aequalique
1359 2447 1455 2474 gressu
1483 2441 1631 2475 procedat,
1662 2445 1690 2468 et
1712 2441 1738 2468 in
1765 2441 1860 2469 orbem
1882 2450 1930 2469 una

296 2488 419 2515 volvatur
435 2496 442 2514 τ
459 2492 505 2514 aut
517 2494 572 2522 quo
584 2491 663 2522 pacto
679 2487 735 2520 ﬂat,
749 2491 779 2514 ut
793 2491 847 2514 tam
863 2486 942 2514 multi
957 2487 1079 2522 ejusdem
1100 2487 1150 2514 vite
1167 2486 1246 2519 socii,
1262 2494 1277 2513 a
1293 2487 1402 2514 nemine
1426 2487 1554 2519 ordinati,
1573 2488 1649 2515 nullo
1670 2487 1775 2522 praediti
1803 2489 1927 2519 consilio.

296 2534 402 2569 sibique
415 2538 510 2561 mutuo
523 2534 607 2569 ignoti
620 2541 726 2566 omnes,
740 2537 814 2561 tanta
839 2534 921 2561 simul
951 2534 1096 2562 concordia
1128 2538 1286 2569 susceptum
1307 2534 1359 2562 iter
1390 2534 1558 2562 conﬁciant?
1585 2534 1682 2562 Merito
1694 2535 1766 2562 enim
1779 2536 1930 2571 propheta,

297 2579 349 2609 hoc
365 2585 494 2615 tanquattt
509 2587 542 2607 ex
559 2579 593 2607 iis
608 2588 691 2607 unum
704 2587 764 2615 qua:
781 2587 832 2608 nec
860 2580 919 2608 ﬁeri
940 2587 990 2608 nec
1007 2580 1112 2609 ostendi
1131 2584 1242 2616 queant,
1261 2580 1374 2616 protulit
1394 2585 1424 2608 ut
1435 2581 1489 2609 duo
1510 2582 1590 2609 simul
1602 2581 1737 2617 peregrini
1751 2588 1926 2613 concurrant,

295 2627 361 2655 dum
383 2628 432 2660 ait,
455 2636 464 2653 t
479 2627 682 2656 Convenientne
698 2629 752 2656 duo
767 2629 794 2656 in
812 2629 883 2656 idem
906 2628 1098 2661 diversorium,
1120 2629 1144 2656 si
1177 2636 1231 2656 non
1245 2637 1274 2657 se
1293 2634 1389 2657 mutuo
1408 2630 1552 2657 noverint?
1569 2629 1654 2657 tHaec
1668 2630 1722 2657 ille.
1735 2629 1789 2663 Qui
1807 2633 1930 2658 sescenta

297 2675 351 2703 alia
368 2681 538 2710 persecutus,
567 2681 723 2712 susceptum
749 2677 877 2712 deinceps
906 2682 1098 2713 argumentum
1118 2677 1242 2712 pluribus
1271 2677 1426 2711 conﬁrmat,
1443 2678 1542 2713 partim
1568 2686 1600 2705 ex
1614 2677 1730 2713 singulis
1750 2678 1874 2706 universi
1885 2677 1931 2704 ele-

299 2722 409 2755 mentis,
422 2724 521 2758 partim
533 2732 566 2751 ex
579 2725 670 2752 omnis
690 2725 798 2760 generis
821 2725 1013 2759 animantiutn,
1038 2733 1100 2761 quae
1126 2726 1355 2760 complectuntur,
1384 2725 1557 2753 multitudine
1573 2734 1580 2752 :
1612 2725 1711 2760 partim
1741 2732 1776 2752 ex
1793 2725 1852 2760 ipsa
1866 2733 1928 2763 quo:

298 2777 351 2803 que
370 2770 489 2797 hominis
500 2777 595 2798 natura
611 2772 787 2807 depromptis.
802 2772 821 2799 E
838 2772 938 2807 quibus
968 2773 1011 2800 ubi
1038 2779 1124 2807 pauca
1145 2772 1268 2808 quaedam
1286 2772 1472 2808 superioribus
1497 2772 1636 2806 addidero,
1656 2776 1712 2800 tum
1745 2772 1857 2800 demunt
1875 2770 1933 2799 huic

295 2817 367 2848 libro
383 2818 463 2845 linem
475 2819 624 2853 imponam.

334 2865 340 2879 '
358 2864 428 2892 Psal.
447 2874 504 2898 CIII,
521 2866 565 2894 23.
606 2869 616 2883 ²
635 2866 717 2894 Eccli.
737 2876 790 2900 xtl,
806 2868 849 2895 "lli.

343 2912 387 2948 :39)
411 2913 456 2942 Fot
464 2919 488 2943 te
510 2915 608 2950 ἑμποόε
615 2914 781 2948 στατοῦντος.
