2061 3210
128 170 193 198 1281

377 230 573 257 κΕψΑΑΑιοΝ
593 229 666 264 κςκ

152 274 223 301 Ἀπὸ
241 273 295 308 τῆς
311 274 468 308 ἀνθρώπου
483 275 615 309 φύσεως.
633 274 705 302 Ἀπὸ
723 275 777 302 τοῦ
793 273 897 302 αὑτοῦ.

167 330 176 346 ι
199 320 254 346 Καὶ
272 319 333 347 οὔτε
350 321 464 352 ἑαυτοὺς
476 320 537 347 οὔτε
553 320 588 347 τὰ
605 321 670 356 περὶ
682 321 794 352 ἑαυτοὺς
805 321 914 356 ὁρῶσιν.

129 367 162 394 El
174 366 228 403 γάρ
242 375 285 398 τις
297 366 350 393 τῶν
366 367 525 402 ἀρχηγετῶν
537 367 583 394 τοῦ
601 368 650 404 τῆς
673 367 799 399 ἀσεϐείας
814 367 918 402 ταύτης

128 412 274 448 δόγματος,
301 412 396 440 ἑαυτὸν
411 413 486 445 ὅστις
512 413 571 440 ἐστὶ
585 414 632 440 καὶ
648 413 720 447 ὅθεν,
734 413 916 448 ἁνελογίζετο,

130 458 279 494 ἐφρόνησεν
288 458 321 485 ἂν
332 458 426 495 ὥσπερ
442 460 644 496 συνῃσθημένος
659 460 766 493 ἐαυτοῦ,
782 461 829 487 καὶ
842 458 918 487 εἶπεν

130 504 161 531 οὐ
178 504 246 539 πρὸς
271 504 320 536 τὰς
343 504 470 540 ἀτόμους,
489 505 558 532 ἀλλὰ
586 506 653 542 πρὸς
670 507 715 533 τὸν
737 507 846 544 Πατέρα
872 507 918 533 καὶ

132 550 250 586 Ποιητὴν
266 550 379 578 ἐαυτοῦ·
401 560 410 576 ι
428 544 460 578 Δί
478 551 567 588 χεῖρές
592 561 638 579 σου
664 552 782 579 ἕπλασὰν
803 561 847 588 με,
872 553 919 579 καὶ

105 627 109 630 ,
131 595 263 632 ἐποίησάν
293 604 337 631 με.
359 605 368 622 ι
387 596 442 624 Καὶ
460 597 732 634 προσεπεξεργάσατο
756 597 789 624 ἂν
816 598 918 629 ἐκεῖνος

130 643 176 669 τὸν
191 642 341 678 Θαυμάσιον
356 642 405 678 τῆς
417 643 551 678 ποιήσεως
564 643 659 671 ἑαυτοῦ
672 644 770 680 τρόπον
783 652 789 658 ·
808 642 859 670 «Ἦ
871 643 920 679 οὐχ

129 688 225 724 ὥσπερ
245 688 315 722 γάλα
333 697 366 723 με
387 688 516 724 ήμελξας,
543 689 683 725 ἑτύρωσας
708 689 736 716 δέ
756 698 789 725 με
806 690 850 716 ῑσα
876 698 920 716 τυ-

133 735 189 770 ρῷ;
208 735 300 771 Δέρμα
328 736 375 762 καὶ
399 735 482 771 κρέας
499 745 533 771 με
560 737 697 770 ἐνέδυσας,
715 736 816 769 ὀστέοις
830 737 857 763 δὲ
874 737 920 763 καὶ

131 781 240 818 νεύροις
258 782 292 816 μὲ
322 782 439 818 ἔνειρας.
463 783 540 818 Ζωὴν
567 783 595 809 δέ
610 783 657 809 καὶ
680 783 752 815 ἕλεος
766 783 827 810 ἔθου
856 783 920 819 παρ’

131 827 204 862 ἐμοὶ,
220 826 278 862 ἡδὲ
298 827 434 863 ἐπισκοπή
458 836 505 854 σου
522 827 638 862 ἐφύλαξέ
655 837 704 863 μου
723 828 753 855 τὸ
771 828 889 864 πνεῦμα.
910 839 918 854 ι

131 872 223 904 Πόσας
237 873 293 908 γὰρ
307 873 425 908 ἀτόμους
440 874 454 899 ὁ
477 873 637 909 Ἐπικούρου
653 874 754 911 πατὴρ,
770 874 817 902 καὶ
838 883 921 901 1:01a-

131 918 187 946 πὰς
201 918 231 950 ἐξ
242 919 338 945 ἑαυτοῦ
352 919 491 955 προέχεεν,
504 919 542 946 ὅτ’
555 908 777 956 ἀπίεσπέρμα-ίνεν
798 922 826 948 ‘E
832 921 920 948 πίκου-
937 908 956 936 Β

132 971 180 999 ρον
192 972 199 996 ;
213 964 266 991 Καὶ
278 964 335 996 πῶς
352 965 392 996 είς
406 964 454 1000 τὴν
466 965 595 1001 μητρῴαν
611 965 692 992 αὐτοῦ
715 966 919 994 κατακλεισθεῖ-

132 1018 179 1035 σαι
192 1009 321 1046 γαστέρα,
338 1010 541 1046 συνεπάγησαν,
562 1011 813 1047 ἐσχηματίσθησαν,
837 1014 920 1049 ἐμορ-

131 1054 277 1091 φώθησαν,
298 1055 478 1092 ἐκινήθησαν,
499 1056 690 1093 ηὑξύνθησαν;
713 1059 768 1085 Καὶ
792 1059 920 1096 πολλὰςὴ

132 1101 247 1138 βραχεῖα
267 1102 342 1138 ῥανὶς
356 1102 405 1134 τὰς
425 1102 585 1139 Ἑπικούρου
600 1104 716 1139 ἀτόμους
735 1105 922 1140 προσκαλεσα-

134 1149 214 1184 μένη.
232 1148 281 1180 τὰς
295 1148 344 1183 μὲν
360 1149 528 1184 ἐπημφίεσεν
545 1148 635 1176 αὐτῶν
658 1149 745 1185 δέρμα
766 1151 813 1177 καὶ
834 1150 922 1187 σάρκα

132 1194 292 1230 γενομένας,
308 1196 368 1227 ταῖς
383 1195 410 1222 δὲ
424 1195 600 1226 ὀστωθείσαις
611 1195 770 1231 ὴνώρθωται
783 1217 790 1228 ,
812 1199 870 1229 ταῖς
894 1198 921 1224 δὲ

134 1239 260 1275 συνεδέθη
274 1241 543 1277 νευρορραφουμένης
558 1242 591 1268 τά
606 1250 636 1268 τε
653 1242 719 1269 ἄλλα
733 1242 819 1270 πολλὰ
842 1244 920 1280 μέλη,

132 1285 181 1311 καὶ
196 1285 348 1321 σπλάγχνα,
363 1286 410 1312 καὶ
422 1285 534 1320 ἔγκατα,
550 1287 596 1314 καὶ
614 1286 788 1323 αἰσθητήρια,
814 1288 847 1314 τὰ
865 1289 922 1324 ’μὲν

134 1331 249 1363 ἔνδοθεν,
265 1331 299 1358 τὰ
310 1331 338 1358 δὲ
348 1331 464 1367 θύραθεν
477 1332 628 1368 ἐφήρμοσε,
650 1332 683 1358 δι’
699 1329 736 1360 ὦν
750 1333 920 1370 ἐζωογονήθη

134 1377 166 1402 τὺ
182 1377 277 1411 adipe;
291 1372 328 1403 ὧν
342 1377 418 1403 οὐδὲν
435 1377 519 1413 ἀργὸν
543 1378 603 1404 οὐδὲ
623 1378 730 1414 ἀχρεῖον
752 1379 900 1415 προσετέθη
914 1389 920 1395 ·

134 1423 197 1449 ἐπεὶ
214 1423 280 1458 μηδὲ
294 1423 328 1450 τὰ
343 1423 507 1458 φαυλότατα,
524 1425 592 1459 μήτε
605 1424 706 1460 τρίχες,
726 1426 795 1461 μήτε
809 1425 904 1461 ὄνυχες
914 1434 920 1441 ·

135 1469 225 1496 πάντα
235 1469 273 1500 δὲ,
285 1469 319 1496 ’ἑὰ
334 1469 382 1504 μὲν
397 1469 464 1505 πρὸς
480 1469 511 1496 τὸ
522 1469 571 1506 τῆς
586 1470 741 1502 συστάσεως
758 1470 863 1504 ὄφελος,
889 1471 922 1498 τὰ

134 1514 162 1541 δὲ
176 1514 243 1550 πρὸς
254 1514 284 1541 τὸ
294 1514 392 1547 κάλλος
410 1516 458 1551 τῆς
471 1515 558 1551 ὅψεως
575 1516 706 1543 συντελεῖ.
732 1517 769 1543 Οὐ
798 1517 852 1553 γὰρ
874 1518 923 1553 τῆς

134 1560 228 1596 χρείας
240 1559 334 1596 μόνης.
357 1560 424 1586 ἀλλὰ
447 1561 493 1587 καὶ
507 1561 556 1596 τῆς
569 1560 643 1596 ὧρας
667 1560 802 1596 ἐπιμελὴς
818 1562 834 1597 ή
852 1561 923 1597 Πρό-

133 1615 203 1634 νοια.
224 1607 333 1642 Ἔρυμα
350 1607 399 1642 μὲν
412 1606 465 1643 γὰρ
479 1607 526 1633 καὶ
540 1607 689 1643 σκέπασμα
704 1607 793 1643 πάσης
810 1609 858 1644 τῆς
876 1617 922 1635 κε-

134 1652 222 1688 φαλῆς
236 1654 252 1688 ἡ
270 1652 341 1689 κόμη
350 1661 357 1668 ·
371 1653 522 1688 εὐπρέπεια
535 1653 563 1680 δὲ
580 1655 594 1681 ὁ
607 1653 705 1689 πώγων
719 1653 758 1689 τῷ
775 1654 919 1690 φιλοσόφῳ.

134 1700 190 1735 Τήν
206 1708 236 1726 τε
263 1698 310 1725 τοῦ
324 1699 385 1726 ὅλου
402 1697 527 1734 σώματος
548 1699 594 1726 τοῦ
611 1699 779 1736 ἀνθρωπείου
794 1699 873 1735 φύσιν
891 1701 923 1727 ἐκ

134 1743 188 1770 τῶν
202 1744 293 1779 μερῶν
310 1744 463 1779 ἀναγκαίων
480 1744 588 1772 πάντων
605 1745 721 1781 ἥρμοσε,
740 1745 786 1772 καὶ
802 1747 858 1777 τοῖς
875 1746 923 1781 μέ-

134 1790 193 1816 λεσι
206 1791 271 1817 πᾶσι
289 1791 336 1826 τήν
352 1799 382 1817 τε
397 1790 465 1826 πρὸς
478 1790 579 1826 ἀλλήλα
602 1791 745 1818 κοινωνίαν
768 1786 922 1827 περιέϐαλε,

134 1836 183 1862 καὶ
203 1836 252 1872 τὴν
275 1835 350 1872 παρὰ
366 1836 412 1862 τοῦ
434 1836 495 1862 ὅλου
511 1836 643 1872 χορηγίαν
659 1836 856 1873 ἐπεμέτρησεν.
874 1834 923 1864 Ὧν

133 1882 169 1908 τὶ
186 1882 234 1916 μὲν
248 1882 388 1918 ὁλοσχερῆ,
407 1882 453 1908 καὶ
469 1883 524 1913 τοῖς
548 1881 664 1914 ἰδιώταις
678 1883 711 1909 ἐκ
736 1883 786 1917 τῆς
814 1882 922 1918 πείρας,

134 1928 169 1962 ῆν
184 1927 381 1964 ἕχειδὺναμιν,
400 1927 535 1964 πρόδηλα·
559 1928 679 1964 κεφαλῆς
701 1929 832 1965 ἡγεμονία
845 1949 853 1961 ,
877 1929 924 1956 καὶ

134 1974 202 2009 περὶ
225 1973 270 2000 τὸν
296 1974 456 2009 ἐγκέφαλον,
475 1974 570 2009 ὥσπερ
593 1975 710 2011 ἄρχοντα
727 1976 755 2001 ἐν
780 1975 924 2010 ἀκροπόλει

133 2019 189 2047 τῶν
214 2019 364 2056 αἰσθήσεων
391 2021 408 2056 ἡ
424 2021 586 2057 δορυφορία·
619 2020 780 2057 προσιοῦσαι
804 2022 858 2057 (50)
876 2023 924 2058 μὲν

132 2066 220 2101 dapem,
235 2066 446 2100 ἀναγγέλλουσαι
462 2067 490 2093 δὲ
507 2067 597 2100 ἀκοαὶ,
616 2067 698 2103 ἐδωδὴ
724 2067 818 2105 ὥσπερ
843 2076 924 2104 φορο-

133 2112 264 2147 λογοῦσα,
278 2112 411 2165 ὄσφρησις
426 2113 552 2149 καθάπερ
569 2113 747 2149 ἀνιχνεύοοσα
759 2114 806 2140 καὶ
818 2114 924 2150 διερευ-

134 2159 256 2194 νωμένη.
270 2159 317 2186 καὶ
335 2159 390 2195 ἁφὴ
406 2160 459 2186 πᾶν
475 2159 653 2186 διατάττουσα
668 2159 699 2186 τὸ
712 2160 840 2195 ὑπήκοον.
860 2160 925 2195 (Κε-

135 2205 296 2240 φαλαιωδῶς
306 2205 360 2240 γὰρ
371 2199 418 2231 νῦν
429 2204 506 2239 ὀλίγα
515 2204 569 2231 τῶν
579 2204 629 2240 τῆς
640 2204 778 2239 πανσόφου
794 2204 924 2240 Προνοίας

726 171 885 200 ΡΒᾸΞΡΔΕ.
905 170 1032 199 EVANG.
1055 170 1118 197 LIB.
1139 170 1208 199 XIV.

1692 174 1760 201 1282

1249 228 1365 257 CAPUT
1380 228 1477 256 xxvx.
1688 219 1690 221 ’

1002 272 1077 300 Idem
1090 281 1121 300 ea:
1136 274 1249 301 homini:
1265 279 1363 302 natura
1379 274 1557 302 concluditur.
1571 274 1613 301 Ex
1625 275 1726 303 eodem.

1008 329 1018 345 ι
1035 320 1075 347 Ac
1091 327 1124 347 ne
1138 327 1168 348 se
1185 319 1294 356 quidem
1315 321 1400 355 ipsos,
1421 320 1523 355 inquit,
1539 327 1590 348 nec
1603 328 1665 355 quae
1676 325 1760 348 natu-

970 371 1007 392 ra:
1019 372 1076 392 sua:
1090 364 1200 400 propria
1215 369 1289 398 sunt,
1314 365 1359 393 isti
1374 365 1477 392 vident.
1496 363 1524 391 Si
1549 365 1611 399 quis
1626 365 1699 392 enim
1726 373 1760 392 ex

971 411 1024 439 illis
1037 411 1126 446 impia}
1141 412 1273 440 doctrina:
1302 412 1482 448 principibus,
1511 412 1558 447 qui
1574 412 1694 442 tandem.
1713 417 1761 438 aut

971 459 1042 486 unde
1059 459 1104 492 sit,
1119 467 1182 486 cum
1195 458 1288 486 animo
1302 462 1441 494 reputaret
1455 466 1516 491 suo,
1529 458 1553 486 is
1569 457 1690 493 profecto
1702 459 1760 484 vcl-

970 510 1001 533 ut
1022 505 1048 532 in
1066 505 1167 533 suimet
1177 513 1289 533 sensum
1299 505 1446 537 adductus,
1458 509 1566 540 saperet
1579 504 1663 536 illico,
1679 508 1762 538 atque

971 551 1023 578 hac
1038 559 1116 584 voce,
1129 559 1184 578 non
1197 551 1255 586 jam
1280 555 1397 585 atomos,
1410 551 1457 579 sed
1476 550 1584 578 Patrem
1604 551 1661 585 ipse
1676 549 1761 576 Crea-

972 601 1112 632 toremque
1129 605 1209 624 suum
1223 597 1380 633 appellaret,
1406 607 1415 623 ‹
1432 597 1529 625 Manus
1549 601 1601 624 tuac
1627 596 1762 623 formave-

971 646 1036 670 t'unt
1052 650 1105 676 me,
1123 647 1150 670 et
1165 642 1289 671 fecerunt
1307 650 1351 670 me
1366 644 1386 669 ¹.
1406 653 1415 668 ι
1433 641 1707 677 thnvmadmodum
1723 641 1762 667 al-

972 693 1012 716 ter
1029 689 1084 721 ille,
1099 689 1287 716 admirabilem
1301 689 1453 717 molitionis
1470 697 1526 716 suae
1550 688 1682 716 rationem
1699 695 1762 723 per-

973 739 1084 769 texeret,
1100 745 1109 761 ι
1125 734 1221 763 Nonne
1248 735 1319 763 sicut
1344 735 1386 763 lac
1410 734 1527 762 mulsisti
1555 742 1609 766 me,
1636 739 1663 761 et
1689 733 1763 761 sicut

973 785 1082 808 caseum
1096 788 1141 808 me
1157 779 1331 816 coagulasti?
1346 780 1418 808 Pelle
1432 784 1460 807 et
1473 787 1556 808 carne
1573 779 1680 807 vestisti
1707 787 1761 812 me,

973 827 1082 856 ossibus
1096 832 1123 854 et
1139 827 1231 855 nervis
1243 827 1405 863 compegisti
1435 834 1488 854 me.
1508 826 1598 853 Vitam
1610 830 1637 853 et
1651 825 1763 853 miseri-

973 873 1094 900 cordiam
1120 872 1238 900 tribuisti
1266 872 1344 905 mihi,
1360 877 1386 899 et
1414 873 1534 899 visitatio
1551 876 1597 899 tua
1613 871 1763 898 custodivit

971 919 1096 953 spiritum
1121 927 1212 946 meum
1228 918 1249 945 ’.
1282 927 1292 945 ›
1314 917 1385 952 Quot
1397 918 1481 950 enim,
1498 913 1607 950 amabo,
1633 921 1659 944 et
1671 916 1764 951 cujus-

971 965 1044 992 modi
1059 968 1166 992 atomos
1175 963 1283 999 Epicuri
1293 969 1369 999 pater
1384 972 1419 991 ex
1434 972 1463 991 sc
1474 963 1606 998 profudit.
1622 971 1683 990 eum
1699 962 1764 997 Epi-

971 1015 1066 1038 curum
1087 1010 1301 1045 proseminat-et?
1332 1010 1413 1045 779
1438 1009 1584 1043 Quomodo
1614 1009 1641 1036 in
1667 1009 1764 1036 matris

972 1057 1031 1091 ejus
1043 1057 1132 1084 alvum
1151 1057 1264 1084 inclusae
1280 1057 1452 1088 coaluerunt,
1465 1055 1580 1091 ﬁguram
1596 1063 1629 1082 ac
1643 1054 1762 1082 formam

972 1107 1148 1137 acceperunt,
1163 1107 1308 1130 commota:
1328 1106 1402 1134 sunt,
1417 1106 1503 1129 auctae
1517 1102 1603 1129 sunt?
1619 1100 1764 1135 Quomodo

974 1157 1018 1176 ros
1035 1149 1081 1176 ille
1098 1149 1274 1184 pel-exiguus,
1291 1149 1424 1183 plurimas
1446 1148 1554 1183 Epicuri
1576 1153 1682 1176 atomos
1700 1156 1763 1176 cum

973 1195 1142 1227 advecasset,
1157 1195 1225 1222 alias
1239 1195 1266 1221 in
1279 1200 1368 1222 cutem
1385 1201 1552 1229 carnemque
1562 1198 1683 1221 mutatas
1698 1201 1763 1222 con-

972 1240 1091 1273 vestivit,
1109 1240 1171 1267 aliis
1182 1240 1208 1267 in
1227 1247 1289 1267 ossa
1304 1238 1446 1266 conversis
1463 1238 1582 1266 erectior
1600 1245 1633 1266 ac
1650 1238 1764 1267 solidior

973 1286 1107 1316 constitit.
1126 1285 1188 1313 aliis
1212 1292 1358 1312 nervorum
1383 1284 1527 1319 complexu
1561 1284 1682 1319 illigatus
1697 1284 1764 1312 est?

973 1332 1033 1366 Quo
1042 1332 1159 1367 denique
1169 1331 1250 1359 modo
1261 1331 1315 1358 vim
1327 1335 1430 1358 tantam
1441 1331 1625 1357 membrorum
1634 1331 1763 1363 aliorum,

973 1378 1120 1409 viscerum,
1136 1377 1339 1408 intestinorum,
1364 1383 1463 1403 sensus
1491 1375 1739 1402 instrumentorum
1755 1395 1763 1406 .

974 1424 1140 1452 intrinsecus
1164 1423 1369 1451 extrinsecusve
1391 1422 1529 1453 conﬂavit,
1549 1430 1611 1457 quae
1625 1422 1716 1449 vivum
1733 1430 1765 1450 ac

973 1470 1081 1505 spirans
1091 1476 1192 1504 corpus
1205 1468 1344 1496 ediceret?
1360 1467 1428 1495 Nam
1437 1476 1469 1495 ex
1482 1468 1537 1496 illis
1554 1468 1664 1504 quidem
1675 1468 1764 1495 omni-

975 1516 1025 1544 bus
1045 1515 1163 1543 otiosum
1189 1514 1258 1542 nihil
1273 1519 1324 1548 est,
1341 1514 1408 1541 nihil
1428 1514 1532 1546 inutile,
1552 1522 1607 1541 non
1633 1514 1693 1548 pili,
1707 1521 1764 1540 non

975 1568 1089 1596 ungues.
1105 1568 1158 1588 non
1169 1565 1266 1588 caetera
1277 1567 1339 1595 qua:
1348 1559 1532 1595 abjectissima
1543 1559 1629 1587 videri
1642 1560 1763 1594 possint:

975 1608 1066 1635 omnia
1083 1609 1124 1635 vel
1137 1607 1171 1635 ad
1183 1606 1403 1634 constituendam
1418 1606 1479 1641 ejus
1503 1606 1699 1641 integritatem,
1721 1606 1765 1633 vel

974 1655 1007 1682 ad
1022 1654 1139 1689 speciem
1156 1653 1372 1690 dignitatemque
1401 1652 1571 1680 conducunt.
1606 1651 1661 1680 Nec
1691 1652 1765 1679 enim

974 1701 1036 1728 usui
1047 1701 1180 1727 duntaxat
1191 1699 1237 1727 uni
1264 1697 1452 1731 Providentia,
1475 1698 1522 1726 sed
1539 1698 1621 1726 etiam
1642 1698 1765 1733 pulchri-

977 1746 1062 1774 tudini
1080 1754 1111 1773 ac
1123 1746 1215 1773 formae
1226 1745 1365 1780 prospicit.
1379 1743 1473 1779 Itaque
1484 1744 1570 1772 totius
1586 1744 1684 1779 capitis
1700 1751 1764 1779 pro-

975 1792 1157 1828 pugnaculum
1173 1791 1311 1826 quoddam
1334 1798 1367 1817 ac
1389 1794 1578 1825 tegumentum
1605 1797 1685 1817 coma
1700 1794 1764 1818 est:

974 1839 1056 1867 barba
1067 1838 1222 1874 philosophi
1236 1837 1320 1865 decus
1343 1841 1370 1864 et
1385 1841 1591 1864 ornamentum.
1618 1836 1664 1864 Illa
1683 1837 1765 1872 igitur

975 1886 1070 1920 integri
1087 1885 1211 1919 corporis
1237 1883 1350 1911 humani
1379 1886 1506 1910 naturam
1528 1890 1561 1909 ex
1572 1882 1701 1917 partibus
1716 1890 1763 1910 nc-

974 1931 1101 1958 cessariis
1113 1929 1242 1957 omnibus
1252 1928 1461 1964 coagmentavit,
1473 1927 1661 1963 membrisque
1675 1928 1766 1956 omni-

974 1977 1025 2004 bus
1039 1984 1102 2004 cum
1122 1980 1245 2003 mutuam
1258 1975 1329 2003 inter
1341 1982 1371 2002 se
1393 1974 1616 2002 communionem
1644 1974 1763 2008 indidit,

974 2028 1031 2051 tum
1047 2031 1081 2050 ex
1101 2022 1184 2050 totius
1196 2022 1278 2049 etiam
1292 2021 1390 2056 opibus
1401 2021 1507 2056 prolixe
1521 2020 1668 2048 admodum
1685 2028 1718 2048 ac
1733 2021 1765 2048 li-

974 2070 1101 2097 beraliter
1112 2069 1242 2096 admensa
1254 2071 1305 2095 est.
1320 2067 1352 2094 Et
1360 2067 1483 2095 membra
1491 2066 1601 2101 quidem
1613 2067 1759 2101 potissima

974 2123 1056 2150 quam
1070 2115 1124 2141 vim
1138 2118 1165 2141 et
1174 2113 1330 2141 facultatem
1345 2113 1473 2145 habeant,
1489 2120 1541 2139 usu
1558 2116 1585 2139 et
1598 2112 1764 2147 experientia

975 2160 1025 2195 ipsi
1042 2160 1125 2187 etiam
1140 2159 1231 2186 idiota:
1241 2162 1344 2185 norunt
1358 2167 1365 2185 :
1379 2158 1476 2193 capitis
1489 2157 1669 2192 principatus.
1692 2158 1765 2185 circa

975 2205 1115 2233 cerebrum
1129 2209 1259 2238 tanquam
1272 2203 1479 2238 imperatorem,
1495 2210 1625 2230 sensuum
1641 2202 1669 2229 in
1687 2210 1766 2230 acro-

134 2249 224 2285 ἐργων
240 2248 472 2285 ἐπιδραμούμεθα,
489 2249 547 2284 μετ’
560 2248 648 2282 ὀλίγον
658 2247 860 2284 ἀκριὸέστερον,
876 2246 922 2273 τοῦ

978 2252 1031 2288 poli
1049 2251 1171 2280 excubiae
1184 2255 1267 2286 atque
1281 2250 1419 2285 prtesidia,
1442 2248 1649 2284 progredientes
1666 2249 1736 2277 oculi
1753 2270 1760 2282 ,

134 2295 204 2322 Θεοῦ
220 2294 345 2326 διδόντος,
361 2293 606 2330 ἐπεξεργασόμενοι
616 2315 622 2325 ,
645 2294 709 2320 ὅταν
726 2293 793 2330 πρὸς
809 2293 854 2320 τὸν
882 2293 923 2319 δο-

134 2339 237 2368 κοῦντα
248 2339 408 2375 λογιώτερον
421 2339 639 2375 ἀποτεινώμεθα.
650 2339 659 2375 )
670 2339 776 2375 Χειρῶν
790 2339 923 2370 διακονία,

133 2388 170 2414 δι’
180 2384 217 2414 ὦν
230 2386 356 2423 ἐργασίαι
369 2395 399 2412 τε
417 2387 551 2418 παντοῖαι,
567 2385 614 2412 καὶ
625 2385 810 2420 πολυμήχανοι
821 2384 925 2411 τελοῦν-

133 2442 181 2460 ται
191 2433 293 2468 τέχναι,
302 2434 361 2463 ταῖς
373 2431 444 2459 κατὰ
456 2431 537 2466 μέρος
550 2430 696 2466 δυνάμεσιν
706 2431 747 2461 είς
757 2430 820 2465 μίαν
834 2438 924 2464 συνερ-

134 2480 199 2515 γίαν
212 2479 431 2515 διηρθρωμένων,
447 2478 530 2513 ὤμων
542 2487 572 2504 τε
587 2477 758 2513 ἀχθοφορίαι,
777 2477 824 2502 καὶ
844 2483 924 2502 κατο-

135 2526 184 2562 χαὶ
197 2524 345 2556 δακτύλων,
361 2523 492 2558 ἀγκώνων
502 2531 531 2549 τε
545 2523 665 2558 καμπαὶ,
679 2522 747 2557 πρός
761 2529 790 2547 τε
803 2520 832 2547 τὸ
845 2520 925 2555 σῶμα

134 2571 202 2598 εἵσω
218 2570 409 2606 στρεφόμεναι,
424 2568 471 2595 καὶ
491 2568 560 2604 πρὸς
579 2567 610 2594 τὸ
633 2567 712 2599 ἐκτὸς
732 2567 922 2598 ἅπονεύουσαι,

133 2620 180 2646 ἵνα
191 2617 352 2652 ἐφέλκεσθαι
368 2625 397 2643 τε
411 2616 458 2643 καὶ
481 2614 647 2642 ἀπωθεῖσθαι
665 2613 813 2641 δύνωνται·
836 2613 925 2640 ποδῶν

133 2664 284 2701 ὑπηρεσία,
310 2664 344 2690 δι’
358 2659 396 2690 ὧν
410 2663 484 2689 πᾶσα
499 2663 564 2699 ἡμῖν
580 2661 776 2688 ὑποπέπτωκεν
802 2660 819 2695 ἡ
847 2658 924 2695 περί-

134 2720 210 2746 γειος
225 2710 323 2742 κτίσις,
337 2709 453 2745 βάσιμος
469 2709 486 2744 ὴ
502 2709 549 2744 γῆ,
562 2706 654 2742 πλωτὴ
668 2707 685 2743 ή
699 2706 831 2738 θάλασσα,
845 2705 926 2741 περά-

136 2766 212 2792 σιμοι
228 2756 253 2783 oi
271 2755 397 2791 ποταμοὶ,
414 2754 462 2782 καὶ
475 2754 584 2782 πάντων
596 2753 665 2789 πρὸς
681 2752 771 2779 πάντα
787 2750 923 2786 ἐπιμιξία.

134 2802 246 2838 Γαστὴρ
267 2802 380 2837 ταμεῖον
403 2799 512 2837 τροφῶν
532 2801 599 2828 πᾶσι
620 2800 677 2831 τοῖς
698 2797 925 2833 συντεταγμένοις

173 2859 181 2874 ¹
193 2858 265 2886 Psal.
281 2864 375 2889 cxvni,
389 2857 433 2884 73.
473 2857 483 2873 ²
497 2855 548 2884 Job
559 2864 587 2890 ι,
603 2854 695 2883 10-12.

173 2914 229 2950 (το)
250 2914 332 2942 Forte
351 2915 442 2949 προῖσ.

978 2305 1058 2326 aures
1072 2297 1186 2324 nuntios
1202 2295 1379 2330 perferentes,
1399 2299 1525 2330 gustatus
1538 2295 1613 2322 velut
1628 2302 1766 2331 commea—

977 2347 1032 2369 tum
1048 2349 1240 2376 annonamque
1247 2340 1541 2373 convehens,olfactus
1555 2340 1688 2375 indagans
1701 2349 1767 2376 quo-

975 2385 1120 2412 dammodo
1129 2390 1211 2420 atque
1219 2385 1366 2418 vestigans.
1378 2388 1467 2411 tactus
1475 2383 1583 2410 subdita
1590 2384 1681 2411 omnia
1690 2384 1715 2410 di
1721 2392 1766 2419 ge-

975 2439 1038 2459 rens
1048 2438 1075 2458 et
1085 2429 1317 2466 ordinans.(Nunc
1330 2430 1402 2456 enim
1416 2437 1447 2457 ex
1457 2429 1666 2464 sapientissimae
1673 2429 1767 2457 Provi-

975 2477 1074 2504 dentiae
1086 2476 1213 2511 operibus
1228 2476 1385 2504 summatim
1399 2483 1483 2510 pauca
1491 2479 1596 2502 tantum
1605 2475 1695 2510 aliqua
1703 2483 1766 2510 per-

975 2523 1122 2556 currimus,
1138 2523 1219 2550 iidem
1243 2522 1325 2558 paulo
1336 2526 1408 2557 post,
1426 2530 1489 2549 cum
1505 2522 1639 2550 adversus
1667 2522 1744 2550 illum
1757 2543 1764 2554 ,

976 2568 1054 2603 cujus
1068 2568 1156 2603 major
1180 2572 1221 2595 est
1244 2566 1406 2595 eruditionis
1417 2566 1521 2601 opinio,
1540 2566 1742 2600 disputabimus
1758 2587 1765 2598 ,

975 2615 1098 2648 uberius,
1111 2614 1168 2642 Deo
1177 2614 1256 2647 duce,
1274 2621 1306 2641 ac
1319 2613 1427 2649 plenius
1439 2612 1531 2640 omnia
1545 2614 1765 2647 persequemur.)

975 2662 1105 2690 Mannum
1116 2670 1181 2698 ergo
1191 2661 1321 2697 deinceps
1336 2660 1532 2694 ministerium,
1541 2668 1603 2696 qua:
1615 2660 1706 2689 omnis
1720 2669 1767 2696 go-

975 2708 1049 2736 neris
1061 2707 1215 2735 functiones
1231 2707 1343 2737 obeunt.
1360 2710 1487 2741 artesque
1503 2705 1654 2732 moliuntur
1670 2704 1765 2741 singu—

975 2754 1042 2782 laris
1066 2753 1177 2789 ingenii,
1202 2752 1322 2788 propriis
1345 2752 1500 2787 quibusque
1529 2750 1707 2779 facultatibus
1731 2751 1766 2778 ad

975 2809 1058 2829 unam
1093 2799 1263 2828 functionom
1286 2798 1444 2827 societatem
1469 2798 1630 2826 instructae:
1658 2797 1766 2826 humeri

974 2901 991 2911 κ
