2061 3210
295 163 365 191 1285

614 158 750 187 EUSEBH
767 157 1009 186 CESARIENSIS
1029 156 1104 184 OPP.
1125 155 1214 183 PARS
1234 155 1265 183 ll.
1284 171 1317 176 —-
1339 154 1587 183 APOLOGETICA.

1858 151 1926 178 ιεει

295 221 434 256 gestandis
447 220 578 247 oneribus
596 218 697 252 idonei,
711 218 857 254 digitorum
875 218 1083 254 preltensiones,

1147 217 1246 243 ιὲλεσιν
1263 216 1293 249 ἐξ
1317 216 1416 251 ἑαυτῆς
1444 217 1472 242 ἐν
1499 215 1590 251 μέτρῳ
1614 214 1644 240 τὸ
1668 213 1821 249 σιτηρέσιον
1840 212 1927 238 διεινέ-

294 269 425 296 ﬂex-iones
437 266 603 299 cubitorum,
618 273 680 301 quae
695 265 734 292 uti
753 273 796 292 res
810 265 853 293 vei
871 265 1008 292 attrahere
1020 271 1085 300 pos-

296 313 352 339 sint
365 312 407 338 vel
428 310 572 346 depellere,
600 310 765 337 intrinsecus
788 310 1013 344 extrinsecusque
1026 313 1097 337 ver-'

296 360 392 383 santur
408 364 413 382 :
433 354 535 389 pedum
548 355 723 389 obsequium,
737 362 785 389 per
809 362 879 390 quos
893 358 984 382 creata
1011 355 1085 383 circa

298 405 397 428 terram
412 400 502 427 omnia
517 400 598 428 nobis
613 400 811 434 obsecundant,
827 401 910 436 780
921 401 1021 436 quibus
1032 405 1088 428 ter-

296 454 334 473 rae
345 450 536 481 peragrantur,
554 446 717 481 navigantur
733 447 820 474 maria
830 467 838 480 ,
854 447 929 474 ﬂuvii
943 447 1087 482 trajiciun-

297 497 352 524 tnr,
367 493 490 519 omnium
512 493 677 520 commercia
707 501 771 520 cum
796 493 925 521 omnibus
946 493 1088 521 ineuntnr.

298 537 399 566 Venter
422 538 546 566 ciborum
571 539 719 570 aerarium,
746 540 878 567 membris
895 540 1024 567 omnibus
1038 548 1088 567 suo

298 584 454 619 quibusque
471 584 531 612 loco
546 590 572 612 et
580 584 676 612 ordine
691 585 843 618 collocatis,
850 585 951 620 justam
967 593 1015 620 per
1028 594 1089 614 sese

299 637 436 657 annonam
451 630 630 663 distribuens,
648 635 675 658 et
685 630 816 666 quidquid
831 631 999 666 superﬂuum
1024 635 1066 658 est
1080 651 1087 663 ,

298 676 422 710 ejiciens.
435 676 474 703 Ac
493 680 600 706 cmtcra.
615 683 734 710 quorum
756 677 781 703 vi
799 677 926 704 humana:
953 677 1089 704 firmitatis

299 725 326 747 et
343 721 560 748 conservationis
584 721 654 748 ratio
668 721 836 748 continetur.
862 722 963 749 llorum
978 729 1044 749 usus
1063 722 1089 748 in

300 767 391 794 stultis
404 775 481 801 :cque
498 767 722 801 sapientibusqne
730 767 829 795 similis
838 772 890 800 est,
900 767 1019 803 cognitio
1032 767 1090 795 dis-

301 813 410 840 similis.
426 813 478 840 Alii
493 814 592 848 quippe
607 821 689 847 qttant
713 813 806 840 animo
818 813 986 840 divinitatem
1005 812 1091 841 infor-

302 861 413 894 tnarint,
428 861 460 887 ad
472 867 543 890 eam,
561 863 591 886 ut
603 867 664 894 qua:
674 867 764 887 rerum
777 853 899 886 omnium
910 860 1091 887 scientissima

1137 271 1233 298 μουσα,
1251 263 1299 290 καὶ
1321 262 1352 289 τί)
1368 262 1525 298 περιττεῦον
1541 260 1711 296 ἐκτιθεμὲνη.
1737 259 1792 286 Καὶ
1807 258 1844 285 τὰ
1859 257 1927 285 ἄλλα

1134 309 1168 336 δι’
1183 310 1253 336 ὅσων
1265 309 1395 344 ἐμφανῶς
1408 310 1423 344 ἡ
1442 308 1573 344 διοίκησις
1586 307 1632 342 τῆς
1649 305 1818 342 ἀνθρωπείου
1839 313 1927 340 μεμη-

1135 356 1250 391 χάνηται
1283 355 1414 390 διανομῆς
1445 354 1510 389 (51).
1539 351 1588 380 Ὧν
1602 353 1702 388 ὁμοίως
1728 353 1785 384 τοῖς
1810 351 1928 388 ἄφροσιν

1135 401 1243 437 ἔχοντες
1258 403 1283 428 οἱ
1299 403 1375 436 σοφοὶ
1395 401 1443 437 τὴν
1469 401 1559 436 κρίσιν
1577 400 1644 436 (5‘2).
1669 399 1720 426 οὐκ
1745 399 1852 434 ἴσχουσι
1879 397 1928 433 τὴν

1136 447 1245 482 γνῶσιν.
1261 449 1292 474 Οἱ
1310 448 1358 483 μὲν
1371 447 1427 482 γὰρ
1440 448 1480 479 είς
1490 448 1523 483 ἣν
1535 447 1567 473 ἂν
1576 445 1702 481 οἱηθῶσιν
1715 445 1850 480 ἀθεότητα
1859 444 1926 479 (53),

1136 494 1187 529 τὴν
1206 494 1495 529 ὲπιστημονικωτάτην
1512 493 1575 528 περὶ
1590 492 1708 523 πάντων,
1735 491 1784 518 καὶ
1809 490 1860 525 τὴν
1888 491 1928 521 εἰς

1138 540 1252 571 ἑαυτοὺς
1276 539 1527 575 εὺεργετικωτὰτην
1552 539 1732 574 ἀναφέρουσιν
1759 535 1928 571 οἰκονομίαν.

1139 587 1291 622 κρείττονος
1305 586 1353 612 καὶ
1367 585 1441 617 θείας
1457 585 1541 617 ὄντως
1558 584 1714 620 φρονήσεώς
1727 592 1757 610 τε
1772 583 1822 610 καὶ
1846 583 1928 609 δυνά-

1141 642 1211 668 μεως
1225 632 1304 668 ἔργον
1321 633 1406 667 αὐτὴν
1421 630 1489 658 εἶναι
1507 631 1678 666 πιστούμενοι
1690 639 1696 645 ⁸
1713 631 1736 656 οἱ
1750 629 1778 656 δὲ
1799 629 1930 664 συντυχία

1139 679 1186 705 καὶ
1204 677 1362 713 συμπτώσει
1373 678 1427 704 τῶν
1440 678 1547 713 ἀτόμων
1559 677 1686 709 ἀσκόπως
1702 676 1752 712 τὴν
1766 676 1927 711 θαυμασιω-

1139 723 1224 759 τάτην
1240 723 1414 759 καλλιεργίαν
1428 723 1594 749 ἀνατιθέασι.
1609 723 1664 758 Τὴν
1687 722 1715 748 δὲ
1732 721 1932 756 ὲνεργεστέραν

1141 769 1181 796 ἔτι
1192 769 1294 796 τούτων
1308 769 1462 804 ἐπίσκεψιν,
1482 769 1528 795 καὶ
1541 769 1590 804 τὴν
1604 768 1657 795 τῶν
1681 767 1826 795 ὲνδοσθίων
1843 767 1931 794 διάΘε-
1954 772 1964 783 '

1143 824 1194 848 σιν,
1211 815 1297 851 ἰατροὶ
1311 815 1370 851 μὲν,
1384 815 1505 850 ἀκριϐῶς
1520 815 1758 850 διερευνησάμενοι
1776 814 1823 840 καὶ
1848 821 1933 840 κατα-

1143 861 1301 895 πλαγέντες,
1318 860 1473 894 ὲξεθείασαν
1487 860 1536 896 τὴν
1550 860 1643 894 φύσιν·
1656 861 1737 895 ἡμεῖς
1752 859 1781 886 δὲ
1808 859 1932 894 ὕστερον,

302 907 348 936 sit.
363 911 445 940 atque
465 905 492 932 in
505 899 534 932 se
546 905 621 939 ipsos
638 904 898 935 beneficentissima,
915 908 1002 932 totam
1022 903 1092 931 refe-

1147 908 1180 939 ὼς
1194 907 1226 934 ἂν
1239 905 1329 934 οἷοίτε
1343 907 1486 942 γενώμεθα
1497 927 1503 938 ,
1521 907 1572 934 κᾶν
1584 907 1713 942 ἐπιπολῆς
1726 906 1793 941 (5-4),
1809 906 1932 932 ἀναθεω-

303 957 367 980 rttnt
383 952 465 987 hujus
477 951 638 979 oeconomia:
651 952 794 984 rationem,
809 951 882 986 quod
895 947 954 978 eam
968 951 1092 985 superio-

303 999 342 1026 ris
354 998 496 1032 cujusdam
512 1005 677 1032 prorsusque
694 997 792 1024 divina:
802 1005 864 1024 cum
881 998 1021 1032 sapientia:
1036 1001 1092 1024 tum

304 1044 445 1079 potestatis
461 1051 530 1078 opus
547 1043 724 1070 existiment:
741 1042 786 1069 alii
807 1041 1028 1074 contra,iusulse
1044 1042 1093 1068 ad.

305 1091 427 1121 modum,
440 1089 556 1116 fortuna
572 1094 599 1116 et
609 1090 685 1116 casui
703 1089 969 1117 administrationem
986 1097 1094 1117 summa

307 1137 498 1172 dignissimam
520 1136 703 1163 admiratione
728 1135 888 1163 defendunt.
909 1135 943 1162 At
956 1143 1021 1163 vero
1036 1135 1094 1162 ρίιῑηΔ

305 1183 440 1210 caciorem
457 1182 547 1209 adltuc
561 1190 651 1209 rerum
667 1182 785 1209 istarum
801 1181 1060 1212 considerationem,
1070 1186 1096 1208 et

305 1229 423 1264 partium
436 1229 596 1255 interiorum
615 1229 762 1260 rationem,
777 1228 876 1255 medici
893 1229 1002 1263 quidem
1016 1228 1097 1256 altius

306 1275 517 1311 diligentiusque
532 1275 634 1306 rimati,
651 1282 682 1301 ac
695 1275 885 1302 vehementius
896 1275 1036 1306 admirati,
1050 1275 1078 1302 di
1089 1290 1096 1295 -

306 1322 447 1348 vinitatem
464 1326 568 1348 natura:
590 1320 744 1347 tribuerunt
759 1328 766 1346 :
791 1327 842 1347 nos
858 1327 918 1347 eam
936 1326 1040 1354 postea,
1054 1320 1096 1355 je-

304 1368 374 1402 juno
397 1367 524 1394 fortassis
544 1373 571 1393 et
594 1367 713 1398 exiliter,
730 1371 757 1394 at
776 1373 825 1401 pro
849 1365 980 1394 facultate
1003 1372 1096 1393 nostra

307 1420 512 1448 persequemur.
527 1411 606 1439 Nunc
618 1417 647 1439 ut
661 1412 788 1440 universe
805 1412 857 1439 ltoc
880 1413 1095 1448 summatimque

307 1459 442 1491 dicamus,
459 1457 570 1492 Ecquis,
586 1458 710 1486 obsecro.
731 1462 815 1485 totum
827 1458 878 1485 hoc
893 1458 1098 1486 tabernaculum

308 1504 457 1532 fabricatus
471 1509 523 1537 est,
539 1504 666 1536 sublitne,
695 1504 780 1531 altnttt
791 1525 798 1535 ,
817 1509 939 1531 erectum
953 1525 961 1536 ,
977 1505 1098 1540 elegans.

309 1551 342 1579 ad
359 1559 482 1583 sensum,
510 1556 635 1584 motum,
661 1551 807 1581 actionem,
834 1555 861 1577 et
888 1558 968 1577 omtte
989 1551 1098 1585 quidem

310 1598 427 1625 actionis
444 1605 532 1632 genus
546 1601 600 1624 lam
616 1597 724 1632 egregie
736 1600 923 1631 comparatum
935 1596 945 1621 ?
961 1595 1013 1623 lsta
1025 1596 1099 1623 vide-
1113 1584 1134 1612 (ἶ

309 1645 372 1671 licet
387 1649 541 1671 atomorum
560 1644 706 1671 multitudo
723 1643 837 1671 rationis
850 1651 958 1679 expers.
975 1643 1010 1670 At
1024 1643 1077 1671 illa:
1089 1664 1097 1676 ,

310 1696 342 1717 ut
357 1691 477 1718 maxime
487 1691 660 1721 conveniant.
672 1698 705 1717 tte
721 1690 819 1717 luteam
833 1690 944 1725 quidem
954 1690 1098 1726 imaginem

311 1737 441 1770 formare,
459 1743 507 1764 aut
521 1737 657 1772 lapideum
674 1736 852 1763 simulacrum
873 1736 1024 1771 perpolire,
1054 1741 1101 1764 aut

312 1788 471 1817 argenteum
500 1782 542 1809 vel
569 1790 683 1809 aureunt
715 1781 818 1808 idolum
835 1781 956 1809 conﬂare
973 1782 1100 1817 possint:

311 1836 429 1864 quorum
447 1829 570 1855 omnium
585 1829 710 1864 proprias
726 1836 856 1855 manuum
871 1833 955 1860 artes,
969 1828 1103 1863 ﬁngendis

312 1880 391 1910 aptas
416 1871 587 1910 corpoﬁbus,
618 1874 760 1902 hominum
773 1874 938 1910 excogitavit
954 1874 1101 1902 industria.

313 1922 436 1954 Quorum
456 1921 538 1956 igitur
555 1921 615 1948 sine
642 1921 775 1955 sapientia
794 1920 835 1947 vel
853 1920 1011 1948 adumbrari
1038 1928 1101 1955 spe—

312 1968 369 1996 cies
395 1967 592 2002 infortnarique
613 1974 668 1994 non
697 1967 794 2001 possit,
819 1967 917 1994 ltorutn
952 1974 1015 1994 vera
1043 1967 1101 2002 ipsa

313 2014 492 2048 exemplaria,
511 2014 557 2047 qui
577 2013 687 2040 tandem
703 2013 837 2040 exsistere
852 2020 900 2048 per
914 2019 975 2040 sese
988 2017 1104 2040 temere-

1145 954 1274 990 ρήσομεν.
1294 953 1417 980 Καθόλου
1435 954 1462 980 δὲ
1489 953 1535 980 καὶ
1562 953 1710 988 συλλήϐδην
1725 952 1785 979 ὅλον
1804 952 1886 978 τοῦτο
1904 952 1934 978 τὸ

1146 1001 1243 1035 σκῆνος
1254 999 1294 1031 τίς
1307 1000 1427 1026 τοιοῦτον
1440 999 1663 1035 ἐσκηνοποίησεν,
1687 999 1789 1034 ὑψηλὸν
1800 1019 1808 1032 ,
1832 999 1932 1034 ὄρθιον,

1145 1045 1288 1082 ιῠρυομον,
1305 1045 1477 1081 εὐαίσθητον,
1492 1046 1642 1081 εὐκίνητον,
1657 1045 1780 1081 εὐεργὸν,
1798 1054 1935 1080 παντουρ-

1145 1092 1192 1125 γόν
1204 1099 1211 1124 ;
1229 1092 1261 1117 'H
1271 1091 1325 1118 τῶν
1338 1092 1446 1127 ἀτόμων
1458 1091 1563 1126 ἄλογος,
1572 1092 1646 1126 φασι,
1661 1091 1776 1127 πληθύς.
1798 1091 1870 1118 Ἀλλ’
1882 1091 1934 1118 οὐδ’

1147 1138 1180 1164 ἂν
1194 1137 1295 1169 εἰκόνα,
1306 1137 1421 1173 πηλίνην
1436 1138 1536 1164 ἐκεῖναι
1551 1137 1725 1164 συνελθοῦσαι
1737 1137 1872 1164 πλάσαιεν
1883 1137 1936 1164 οὐδ’

1147 1183 1291 1219 ἀνδριάντα
1307 1183 1406 1210 λίθινον
1422 1183 1537 1215 ξέσαιεν,
1553 1183 1607 1210 οὐδ’
1620 1183 1652 1210 ἂν
1675 1183 1784 1210 εἴδωλον
1798 1183 1937 1219 ἀργυροῦν

1147 1229 1164 1265 ἢ
1181 1228 1297 1265 χρυσοῦν
1310 1229 1480 1264 xor/adsunt
1501 1229 1708 1264 προσαγάγοιεν.
1740 1229 1820 1255 Ἀλλὰ
1845 1229 1936 1264 τέχναι

1149 1278 1195 1303 καὶ
1212 1276 1380 1311 χειρουργίαι
1396 1275 1498 1301 τούτων
1514 1275 1559 1301 ὑπ’
1574 1274 1724 1310 ἀνθρώπων
1739 1274 1871 1310 εὕρηνται
1885 1283 1936 1301 σω-

1150 1321 1321 1358 ματουργῶν.
1337 1318 1386 1347 ’Ὧν
1403 1321 1431 1348 δὲ
1445 1321 1605 1347 ἀπεικασίαι
1621 1321 1668 1347 καὶ
1684 1321 1866 1358 σκιαγραφίαι
1879 1321 1937 1355 δίχα.

1149 1371 1244 1405 σοφίας
1255 1370 1304 1396 οὒκ
1316 1369 1348 1396 ἂν
1360 1369 1488 1404 γένοιντο,
1501 1368 1558 1400 πῶς
1572 1368 1606 1395 τὰ
1614 1368 1700 1403 ἀληθῆ
1712 1369 1757 1394 καὶ
1772 1367 1939 1403 πρωτὸτυπα

1149 1416 1250 1443 τούτων
1266 1415 1426 1451 αὐτομάτως
1441 1414 1597 1450 συμϐέϐηκε
1612 1422 1619 1446 ;
1638 1414 1719 1449 Ψυχὴ
1736 1413 1775 1445 δὲ,
1800 1413 1849 1439 καὶ
1878 1413 1939 1444 νοῦς

1150 1461 1197 1488 καὶ
1209 1461 1298 1495 λόγος,
1311 1460 1392 1487 ποθεν
1417 1459 1544 1494 ἐγγέγονε
1568 1458 1607 1494 τῷ
1631 1458 1783 1493 (admodum;
1812 1459 1848 1484 Ἦ
1866 1457 1940 1493 παρὰ

1150 1509 1203 1535 τῶν
1216 1508 1326 1543 ἀψύχων
1338 1508 1384 1534 καὶ
1397 1507 1516 1542 ἀνοήτων
1527 1506 1573 1532 καὶ
1585 1505 1733 1540 ἀλογίστων
1743 1505 1855 1539 ἀτόμων
1866 1504 1941 1531 ταῦτ’

1150 1554 1309 1590 ὴρανὶσατο,
1340 1553 1474 1580 κάκείνων
1500 1551 1575 1587 αὑτῴ
1606 1561 1632 1578 τι
1650 1551 1752 1586 ἑκάστη
1778 1551 1871 1586 νόημα
1896 1551 1941 1577 καὶ

1151 1601 1238 1636 δόγμα
1254 1599 1413 1626 ἐνέπνευσεν
1426 1606 1432 1630 ς
1446 1598 1492 1624 καὶ
1505 1597 1598 1633 ὥσπερ
1616 1598 1630 1623 ὁ
1651 1596 1771 1622 Ἡσιόδου
1794 1595 1881 1631 μῦθος
1896 1595 1944 1630 τὴν

1152 1646 1300 1682 Πανδώραν
1315 1645 1397 1680 φησιν
1411 1644 1464 1670 ὑπὸ
1477 1644 1530 1670 τῶν
1546 1644 1624 1675 θεῶν,
1639 1643 1725 1675 οὕτως
1740 1644 1757 1678 ἡ
1784 1643 1867 1677 σοφία
1882 1643 1944 1669 τάν-

1151 1693 1213 1728 δρὸς
1232 1692 1282 1718 ὑπὸ
1299 1691 1353 1718 τῶν
1374 1691 1483 1726 ἀτόμων
1500 1689 1693 1724 συνετελέσθη;
1715 1689 1770 1715 Καὶ
1790 1688 1902 1723 ποίησιν
1917 1687 1944 1714 δὲ

1154 1740 1254 1770 πᾶσαν,
1270 1739 1317 1764 καὶ
1334 1739 1423 1765 πᾶσαν
1444 1736 1592 1772 μουσικὴν,
1619 1735 1800 1770 ἀστρονομίαν
1828 1743 1870 1765 τε,
1900 1735 1945 1762 καὶ

1153 1783 1334 1819 γεωμετρίαν,
1347 1783 1395 1809 καὶ
1409 1783 1459 1814 τὰς
1478 1782 1561 1814 ἄλλας
1573 1782 1739 1817 ἐπιστήμας,
1764 1781 1858 1807 οὐκέτι
1878 1780 1945 1807 θεῶν

1155 1829 1299 1865 εὑρήματα
1311 1829 1358 1855 καὶ
1372 1828 1544 1863 παιδεύματα
1559 1828 1689 1863 φήσουσιν
1709 1826 1843 1861 Ἕλληνες
1859 1824 1943 1852 εἶναι·

1157 1874 1234 1910 μόναι
1246 1874 1274 1901 δὲ
1290 1874 1431 1908 γεγόνασιν
1446 1873 1607 1909 ἑμπειρικαὶ
1626 1873 1672 1898 καὶ
1687 1872 1768 1906 σοςραὶ
1790 1871 1904 1898 πάντων
1921 1871 1946 1897 αἱ

1156 1921 1251 1956 ἄτομοι
1267 1920 1383 1947 Μοῦσαι.
1405 1920 1436 1945 'H
1458 1919 1512 1954 γὰρ
1530 1919 1563 1944 ἐκ
1584 1918 1638 1944 τῶν
1653 1917 1764 1952 ἀτόμων
1782 1916 1945 1952 Ἐπικούρου

1155 1966 1293 2001 Θεογονία,
1307 1966 1360 1993 τῶν
1373 1966 1421 2002 μὲν
1437 1965 1558 2001 ἀπείρων
1572 1965 1681 1999 κόσμων
1698 1962 1791 1998 ἕξορός
1806 1963 1894 1994 ἐστιν,
1909 1963 1946 1993 εἰς

1155 2013 1183 2039 δὲ
1199 2013 1248 2048 τὴν
1265 2013 1379 2048 ἄπειρον
1392 2012 1527 2047 ἀκοσμίαν
1544 2009 1756 2046 πεφυγάδευται.

315 2067 368 2095 que
386 2059 552 2094 potuerunt?
568 2058 628 2086 Jam
643 2061 764 2086 animum
788 2059 896 2094 ipsum,
932 2063 1063 2091 mentem,
1093 2064 1175 2094 atque
1212 2061 1344 2087 rationein
1379 2059 1557 2094 philosophus
1580 2058 1651 2085 ttnde
1684 2057 1785 2084 habet?
1814 2056 1891 2084 Eane
1915 2056 1946 2083 ab

316 2106 456 2138 inanimis,
472 2109 499 2132 et
523 2105 622 2132 mentis
643 2113 675 2132 ac
697 2106 812 2133 rationis
835 2105 993 2141 expertibus
1017 2106 1118 2133 atomis
1148 2107 1337 2136 entendicavit.
1367 2114 1427 2141 qua:
1456 2106 1507 2133 sibi
1531 2106 1650 2140 aliquam
1678 2105 1784 2140 singula
1806 2104 1945 2132 notionem

315 2154 470 2190 dogmaque
489 2153 630 2188 proprium
659 2153 832 2180 infuderint?
860 2158 887 2181 et
907 2154 1138 2188 quemadmodum
1159 2154 1311 2182 Pandoratn
1329 2162 1343 2180 a
1360 2154 1412 2181 diis
1432 2153 1566 2181 Hesiodus
1584 2153 1734 2185 fabulatur,
1747 2153 1790 2180 sic
1801 2153 1837 2178 ab
1849 2152 1945 2179 atomis

316 2203 441 2230 absoluta
459 2202 578 2229 hominis
604 2201 737 2236 sapientia
766 2200 870 2229 fuerit?
903 2201 940 2228 lla
957 2201 1051 2236 poesin
1078 2202 1207 2237 deinceps
1236 2210 1355 2234 omnem,
1380 2209 1542 2236 omnemque
1562 2201 1707 2232 musicam,
1727 2200 1946 2230 astronomiam,

316 2250 502 2287 geometriam,
527 2255 693 2284 ceterasque
719 2250 868 2281 doctrinas,
894 2249 1008 2276 deorum
1033 2250 1142 2277 inventa
1162 2250 1472 2285 Graaciatqueinstituta
1481 2257 1579 2276 vocare
1591 2248 1732 2275 desinant:
1750 2247 1816 2274 solae
1827 2247 1946 2274 omnium

317 2297 409 2332 peritae
429 2303 461 2323 ac
475 2295 611 2330 sapientes
623 2295 707 2323 atomi
734 2295 814 2330 781
839 2303 925 2322 musae
951 2295 1133 2324 celebrentur.
1162 2296 1230 2323 Natu
1245 2297 1289 2323 illa
1307 2296 1416 2331 quidem
1440 2304 1472 2322 ex
1495 2294 1595 2322 atomis
1610 2293 1717 2328 Epicuri
1733 2292 1892 2327 theogonia,
1917 2300 1946 2320 ex

317 2343 432 2372 infinitis
446 2344 527 2371 etiam
543 2343 654 2371 mundis
674 2343 821 2377 exsulavit,
840 2343 869 2370 in
904 2343 1038 2371 inﬁnitam
1068 2344 1282 2379 perturbationis
1299 2345 1451 2371 vastitatem
1467 2343 1563 2377 ejecta.
1587 2352 1595 2367 ι

592 2389 708 2419 CAPUT
726 2390 833 2418 XXVII.

1414 2389 1610 2418 ΚΕΦΑΛΛΙΟΝ
1628 2389 1691 2415 KZ’.

353 2449 469 2485 Operam
479 2456 588 2485 suorum
600 2447 761 2475 molitionem
784 2448 838 2485 Dea
855 2448 1015 2485 laboriosam
1040 2457 1072 2475 ac

1162 2451 1226 2476 "Ott
1242 2449 1297 2476 οὐκ
1317 2448 1465 2474 ἐπίπονον
1484 2446 1524 2485 τῷ
1538 2445 1599 2485 Θεῷ
1618 2445 1652 2485 Et)
1667 2442 1854 2479 ἐργάζεσθαι.
1880 2442 1947 2470 Ἀπὸ

478 2483 617 2511 molestam
633 2492 686 2510 non
700 2491 765 2510 esse.
790 2483 832 2510 Ex
845 2484 946 2510 eodem.

1468 2482 1521 2509 τοῦ
1540 2480 1643 2508 αὐτοῦ.

356 2540 366 2557 t
387 2531 474 2559 Moliri
499 2529 612 2566 aliquid,
632 2530 835 2563 administrare,
852 2529 1024 2564 benefacere,
1041 2537 1091 2565 pro

1199 2543 1209 2559 ε
1227 2531 1405 2569 Ἐργάζεσθαι
1421 2529 1449 2556 δέ
1464 2537 1508 2564 γε,
1521 2528 1569 2555 καὶ
1581 2527 1704 2558 διοικεῖν,
1721 2518 1769 2552 καί
1796 2526 1947 2561 εὐεργετεῖν

318 2577 421 2610 videre,
437 2577 546 2612 aliaque
559 2576 671 2608 similia,
686 2575 821 2603 inertibus
835 2574 945 2611 quidem
961 2584 993 2603 ac
1005 2576 1095 2604 stultis

1162 2588 1202 2610 τε,
1213 2580 1260 2606 καὶ
1272 2576 1466 2614 προκήδεσθαι,
1479 2575 1526 2602 καὶ
1536 2573 1570 2600 τὰ
1580 2572 1700 2604 τοιαῦτα,
1714 2573 1771 2603 τοῖς
1785 2572 1835 2607 μὲν
1848 2572 1947 2607 timui;

318 2623 454 2651 debilibus
471 2630 503 2650 ac
526 2630 644 2658 nequam
668 2623 783 2650 molesta
816 2622 885 2650 forte
905 2623 970 2655 sint,
989 2631 1095 2658 quoruu

1163 2626 1210 2653 καὶ
1216 2625 1324 2660 ἄφροσι,
1337 2623 1383 2650 καὶ
1392 2621 1527 2652 ἀσθενέσι,
1535 2621 1582 2647 καὶ
1590 2618 1755 2654 κακούργοις
1762 2618 1829 2649 ἴσως
1836 2617 1947 2653 ἐπαχθῆ,

319 2677 349 2697 se
363 2677 488 2703 numero,
503 2669 567 2697 dum
583 2669 648 2696 talia
667 2669 701 2697 de
713 2668 766 2697 diis
782 2669 875 2703 sentit,
900 2669 1036 2705 Epicurus
1059 2670 1092 2696 ad

1160 2669 1201 2703 οἷς
1216 2669 1390 2706 ἐγκατέλεξεν
1405 2669 1500 2695 ἑαυτὸν
1521 2666 1694 2701 Ἐπίκουρος,
1717 2665 1835 2691 τοιαῦτα
1854 2666 1948 2700 φρονή-

432 2725 495 2758 Με.,
516 2725 656 2768 διαμονῆς.

351 2785 353 2788 .
384 2763 412 2788 ε..)
432 2761 494 2788 Με..
515 2770 622 2788 νουσιν.

343 2763 412 2796 .(5‘2)
432 2763 494 2794 Ms.,
515 2763 622 2822 χρῆσιν.

355 2797 411 2867 $3;
434 2796 513 2842 [forte
549 2797 657 2836 2657171.

367 2832 400 2859 οι
444 2832 610 2866 Επιπολης.
635 2832 655 2858 Ε

367 2831 411 2867 54)
438 2831 610 2866 Ἐπιπολῆςζ
635 2832 703 2859 Eum
724 2832 791 2859 mihi
808 2839 919 2860 sensum
941 2831 1110 2867 expressisse

321 2867 425 2898 videor,
446 2867 491 2902 qui
507 2874 539 2894 ex
557 2867 648 2894 verbis
663 2868 716 2894 illis
731 2868 846 2902 exprimi
861 2871 983 2902 poterat;
1003 2867 1049 2894 sed
1065 2870 1106 2892 ta-

323 2911 383 2930 nien
398 2903 442 2930 illa
454 2900 519 2935 duo,
539 2902 564 2929 id
578 2907 628 2935 est,
644 2902 681 2934 ὡς
693 2902 725 2929 ἂν
741 2900 792 2930 οἷοί
809 2911 837 2929 τε
850 2900 1004 2938 γενώμεθα,
1016 2907 1043 2929 et
1055 2903 1110 2929 ἑπι-

1162 2728 1257 2764 πολῆς,
1267 2728 1360 2764 minus
1370 2727 1519 2764 conjuncta
1535 2732 1595 2764 esse
1608 2730 1689 2756 posse
1701 2722 1833 2764 arbitror.
1847 2721 1947 2764 Mallem

1161 2756 1245 2800 igitur
1251 2756 1304 2800 'ér‘l't't
1319 2756 1436 2800 πολλοῖς,
1450 2768 1528 2795 supp.
1549 2761 1668 2800 ῥήμασι,
1683 2765 1732 2798 seu
1747 2757 1848 2800 λογοις.
1867 2756 1950 2783 Parti-

1163 2795 1223 2827 citla
1243 2799 1293 2826 κᾶν
1310 2798 1351 2825 vel
1374 2798 1470 2825 abesse
1486 2800 1590 2831 potest.
1617 2795 1659 2821 vel
1677 2795 1699 2821 si
1725 2795 1872 2831 retinetur,
1896 2799 1950 2819 etn-

1163 2834 1368 2871 phasindltabct
1389 2841 1452 2861 cum
1481 2828 1681 2859 asseveratione
1707 2828 1906 2864 conjunctam,
1924 2831 1950 2853 ut

1164 2869 1235 2906 S'rpe
1252 2869 1330 2897 alias.
