2061 3210
122 174 192 202 1285

708 169 868 197 ΡΒᾹΞΡΑΕ.
890 167 1016 196 EVANG.
1036 167 1100 194 LIB.
1119 166 1186 193 XIV.

1688 163 1756 191 l285

120 243 169 266 σας
184 233 249 268 περὶ
262 233 315 260 τῶν
329 232 397 259 θεῶν
410 241 415 247 ι
428 233 484 264 τοῖς
495 231 523 258 δὲ
536 231 702 263 σπουδαίοις,
715 232 763 257 καὶ
777 231 910 262 δυνατοῖς,

977 228 1064 263 ungit.
1079 228 1114 254 At
1130 235 1193 254 vero
1205 226 1349 258 studiosis,
1367 224 1532 258 valentibus,
1547 223 1701 258 industriis,
1715 228 1758 250 at-

120 282 167 308 καὶ
181 281 310 311 συνετοῖς,
326 279 373 305 καὶ
393 279 540 314 σώφροσιν,
559 278 631 309 οἴους
646 275 714 303 εἶναι
726 278 779 313 χρὴ
796 277 856 308 τοὺς
870 285 913 310 φι-

120 326 264 360 λοσόφους..
277 325 286 360 ί
297 325 371 360 πόθῳ
388 333 419 359 γε
436 324 535 360 μᾶλλον
559 324 622 355 τοὺς
638 322 749 357 θεοὺςς)
769 323 818 358 οὐχ
839 323 913 353 ὅπως

121 371 189 407 ἀηδῆ
206 370 292 398 ταῦτα
307 371 353 397 καὶ
366 370 515 406 προσάντη,
531 369 599 396 ἀλλά
610 370 657 396 καὶ
670 368 849 404 τερπνότατα,
866 368 914 394 καὶ

122 418 232 445 πάντων
245 417 344 453 μᾶλλον
358 416 552 443 ἀππαστότατα
561 424 568 431 ·
582 413 624 446 οἷς
641 415 670 442 τὸ
684 415 793 450 ἀμελὲς,
812 414 859 441 καὶ
884 414 914 440 τὸ

124 463 231 500 μέλλειν
244 472 271 489 τι
284 463 413 498 πράττειν
425 461 480 488 τῶν
495 461 633 497 χρηστῶν,
650 460 750 492 ὄνειδος
761 481 769 493 ,
790 460 827 492 ὡς
840 459 913 486 ἐκεί-

123 519 185 542 νους
200 519 231 537 τε
245 509 358 545 ποιητὴς
372 508 493 535 νουθετεῖ
514 506 713 543 συμϐουλεύων,

177 596 251 631 Μηό
268 596 491 624 ἀναϐάλλεσθαι
508 595 564 631 (55)
577 596 619 628 εἰς
637 595 756 629 αὔριον.

125 655 181 681 Καὶ
193 653 427 690 προσεπαπειλῶν,

179 711 242 738 Aie).
258 711 284 737 δ’
299 710 493 745 άμὸολιεργὸς
509 709 587 743 ἀνὴρ
603 709 693 744 ἄτῃσι
707 708 827 735 παλαίει
837 715 843 722 ·

130 769 219 806 Ἠμᾶς
228 778 257 796 τε
273 768 434 804 σεμνότερον
450 767 572 794 παιδεύει
590 768 734 802 προφήτης
746 787 752 798 ,
778 766 916 801 θεοπρεπῆ

127 816 177 852 μὲν
187 815 271 846 ὅντως
285 814 353 850 ἔργα
365 813 401 840 τὰ
415 814 474 840 κατ’
490 814 590 849 ἀρετὴν
603 814 738 848 ὑπάρχειν
761 812 858 847 λέγων,
872 812 918 838 τὸν

125 863 154 889 δὲ
169 861 352 897 ὀλιγωροῦντα
375 860 477 887 τούτων
501 859 652 894 ἐξάγιστον.
682 869 690 885 ι
704 859 918 895 Ἐπικατάρατος

125 909 180 944 γὰρ
199 909 213 935 ὁ
228 908 313 934 ποιῶν
327 906 362 933 τὰ
378 907 447 942 ἔργα
458 907 560 942 Κυρίου
578 905 712 942 ἀμελῶς.»
726 904 792 932 Εἶτα
807 906 918 936 καὶτοῖς
936 926 956 953 Β

128 956 177 991 μὲν
201 955 335 990 ἀμαθέσιν
363 951 521 989 ἡστινοσοῦν
537 954 634 989 τέχνης
660 953 706 980 καὶ
722 952 916 988 ἀτελεστέροις,

125 1001 170 1028 διὰ
182 1000 213 1027 τὸ
228 1000 278 1036 τῆς
294 1000 391 1036 πείρας
408 999 506 1035 ἀληθὲς
521 999 610 1027 καὶτὸ
626 1000 680 1026 τῶν
697 999 784 1035 ἔργων
797 999 916 1034 ἀτριῦὲς,

127 1047 250 1082 κάματος
267 1045 405 1080 ἐγγίνεται
417 1047 477 1077 ταῖς
493 1045 695 1081 ἐπιχειρήσεων
707 1054 714 1060 ·
728 1045 752 1071 οἱ
769 1045 797 1072 δὲ
816 1044 918 1080 προκό-

126 1101 249 1123 πτοντες,
265 1093 312 1119 καὶ
326 1091 425 1127 μᾶλλον
439 1091 479 1118 ἔτι
493 1092 518 1118 οἱ
531 1091 639 1123 τέλειοι,
658 1091 758 1127 ῥᾳδίως
779 1091 797 1118 ἃ
812 1091 919 1127 μετίασι

126 1139 323 1175 κατορθοῦντες
339 1138 496 1173 γὰννυνται,
510 1138 557 1164 καὶ
573 1137 672 1173 μᾶλλον
698 1137 731 1164 ἂν
758 1137 860 1163 ἕλοιντο
885 1136 919 1163 τὰ

127 1184 242 1212 εἰωθότα
251 1184 415 1219 πράττοντες
426 1183 517 1210 ἀνύειν
525 1183 572 1209 καὶ
585 1182 792 1218 τελεσιουργείν,
804 1182 821 1217 ἢ
833 1182 920 1209 πάντα

128 1231 220 1265 σφὶτιν
235 1229 398 1266 ὑπάρξαιτὰ
412 1230 440 1256 ὲν
454 1229 608 1265 ἀνθρώποις
624 1228 722 1263 ἀγαθά.
751 1228 920 1264 Δημόκριτος

127 1276 193 1310 γοῦν
209 1276 299 1307 αὐτὸς,
317 1275 354 1307 ὥς
369 1284 464 1309 φασιν,
479 1275 555 1309 ἔλεγε
574 1274 716 1309 βούλεσθαι
745 1274 843 1310 μᾶλλον
857 1275 920 1310 μίαν

130 1326 218 1362 εὑρεῖν
232 1326 405 1361 αἰτιολογίαν,
425 1326 440 1360 ἢ
455 1325 503 1362 τὴν
521 1325 634 1361 Περσῶν
648 1327 672 1352 οἰ
685 1325 822 1360 βασιλείαν
843 1324 920 1358 γενέ-

129 1372 206 1399 σθαι·
221 1373 268 1399 καὶ
281 1372 377 1404 ταῦτα,
395 1373 483 1408 μάτην
495 1373 542 1399 καὶ
554 1372 680 1404 ἀναιτίως
697 1371 865 1405 αἰτιολογῶν,
884 1371 921 1402 ὡς

130 1418 163 1445 ἂν
179 1418 233 1446 ἀπὸ
243 1419 325 1454 κενῆς
339 1419 436 1454 ἀρχῆς,
452 1419 499 1445 καί
512 1418 666 1450 ὑποθέσεως
683 1417 862 1453 πλανωμένης
875 1418 921 1452 ὀρ-

130 1465 266 1501 μώμενος,
278 1466 326 1492 καὶ
340 1467 390 1502 τὴν
405 1466 492 1502 ῥίζαν,
509 1466 555 1493 καὶ
570 1466 617 1501 τὴν
632 1466 724 1501 κοινὴν
739 1464 862 1500 ἀνάγκην
873 1463 923 1499 τῆς

129 1511 184 1538 τῶν
201 1511 286 1538 ὄντων
308 1511 415 1545 φύσεως
430 1512 480 1547 οὺχ
510 1512 591 1548 ὁρῶν,
617 1511 712 1546 σοφίαν
738 1511 766 1538 δὲ
793 1511 936 1546 μεγίστην.

129 1556 282 1593 ἡγούμενος
297 1557 346 1593 τὴν
358 1557 410 1584 τῶν
424 1557 532 1592 ἀσόφως
543 1557 590 1584 καὶ
598 1557 710 1592 ἠλιθίως
721 1565 752 1583 συ
758 1556 924 1592 μϐαινόντων

965 281 1018 309 que
1030 273 1188 307 solertibus,
1205 273 1360 308 cujusmodi
1374 271 1553 307 philosophos
1567 271 1683 306 (quanto
1699 277 1759 297 ma-

964 321 1007 356 gis
1020 320 1119 356 deos?)
1132 327 1193 347 esse
1205 324 1340 355 oporteat,
1360 324 1416 346 n0n
1438 319 1520 346 modo
1537 325 1591 345 non
1606 317 1756 352 injucunda

965 367 1023 395 hau:
1048 372 1131 402 atque
1162 374 1280 402 aspera,
1308 373 1406 393 verum
1443 365 1526 393 etiam
1555 365 1758 400 jucundissima

965 417 1040 447 sunt,
1054 409 1233 447 omniumque
1250 412 1413 441 suavissima
1432 421 1440 439 :
1466 411 1568 447 quibus
1594 411 1759 447 negligentia

967 467 1112 494 rerumque
1130 460 1264 486 bonarum
1280 458 1494 494 procrastinatio
1519 458 1647 486 dedecori
1675 458 1762 484 vcrti-'

967 512 1030 538 tur;
1047 506 1081 533 ad
1099 513 1170 540 quos
1183 505 1250 533 illud
1276 504 1479 533 eommoncutis
1504 509 1592 539 poeta:
1611 503 1758 532 consilium

967 551 1081 586 pertinet
1095 558 1104 578 :

1022 598 1120 625 Crasne
1131 603 1292 633 exspectato.

967 655 1016 682 (lui
1034 662 1097 681 mox
1114 655 1355 682 comminationcm
1371 654 1440 682 hanc
1454 653 1587 688 adjungit,

1002 710 1148 739 Cunctator
1162 711 1267 738 damnis
1278 720 1378 746 semper
1393 711 1511 738 luctatur
1526 711 1637 738 acerbis.

1003 767 1038 794 At
1058 775 1108 795 nos
1132 768 1242 803 gravius
1266 768 1385 796 instituit
1413 768 1555 803 propheta,
1577 768 1642 795 dum
1665 772 1692 795 et
1710 775 1760 796 ac-

970 814 1059 842 tiones
1074 821 1136 841 cum
1151 815 1252 842 virtute
1264 814 1426 849 conjunctas
1441 814 1496 842 Deo
1513 822 1576 842 vere
1589 814 1686 850 dignas
1698 821 1761 842 esse

972 861 1142 896 pronuntiat.
1170 865 1198 888 et
1225 860 1362 888 nefarium
1394 861 1481 892 illum,
1499 869 1515 888 a
1531 868 1587 896 quo
1613 861 1753 896 negligan-

970 912 1024 939 tur,
1049 907 1177 942 appellat,
1204 916 1213 933 ι
1242 907 1400 935 Maledictus
1414 907 1509 939 enim,
1528 907 1575 942 qui
1598 906 1663 934 facit
1678 913 1761 942 opera

970 952 1078 980 Domini
1113 953 1291 988 negligenter.
1321 962 1331 979 ›
1359 952 1461 980 Deinde
1482 957 1512 980 ut
1534 952 1561 979 in
1587 952 1683 987 quavis
1704 957 1763 979 arte

969 1000 1052 1027 rudes
1064 1003 1092 1027 et
1107 999 1240 1032 inchoati,
1267 1003 1378 1034 propter
1404 999 1579 1033 experientia:
1603 997 1762 1029 novitatem,

970 1049 1053 1081 atque
1074 1053 1191 1080 operum
1219 1045 1406 1078 insolentiam,
1430 1046 1494 1072 dum
1512 1044 1545 1072 ad
1560 1051 1617 1071 rem
1631 1051 1692 1071 sese
1707 1043 1764 1079 pri-

970 1099 1046 1119 mum
1060 1092 1216 1127 accingunt,
1228 1091 1382 1118 molestiam
1400 1091 1540 1126 patiuntur
1564 1099 1570 1116 :
1597 1090 1634 1117 ita
1649 1089 1697 1124 qui
1714 1088 1765 1116 ali-

970 1138 1039 1173 quid
1064 1137 1215 1173 profecere,
1237 1137 1380 1172 multoquc
1397 1137 1486 1171 magis
1511 1135 1558 1171 qui
1575 1134 1689 1171 perfecti
1703 1135 1761 1170 jam

971 1189 1047 1217 sunt,
1074 1184 1094 1212 ii
1124 1191 1185 1219 qua:
1209 1183 1380 1218 susceperint
1404 1184 1467 1210 dum
1492 1182 1570 1210 facile
1597 1181 1765 1217 feliciterque

972 1230 1131 1264 conficiunt,
1149 1231 1288 1258 exsultant
1304 1230 1414 1263 animis,
1425 1237 1457 1258 ac
1470 1229 1634 1257 solemnium
1650 1236 1764 1264 operum

972 1276 1183 1309 absolutionem,
1193 1276 1272 1304 bonis
1282 1275 1426 1303 hominum
1439 1275 1569 1302 omnibus
1585 1277 1763 1310 anteponunt.

973 1321 1006 1349 Et
1023 1329 1088 1349 vero
1102 1321 1276 1350 Democritus
1299 1321 1369 1357 ipse,
1392 1328 1505 1349 causam
1533 1328 1615 1348 unam
1632 1320 1764 1355 aliquam,

974 1372 1003 1396 ut
1017 1368 1118 1402 ferunt,
1135 1368 1270 1401 invenire,
1299 1376 1381 1404 quam
1395 1367 1445 1395 sibi
1463 1367 1608 1394 Persarum
1621 1365 1766 1401 imperium

974 1413 1104 1440 obvenire
1129 1413 1291 1441 maluisset:
1321 1417 1402 1448 atque
1430 1412 1458 1440 id
1486 1412 1570 1439 homo
1590 1411 1637 1446 qu-i
1666 1419 1766 1439 causas

974 1459 1076 1487 frustra
1100 1460 1245 1495 causisque
1270 1459 1386 1487 sublatis
1408 1459 1567 1494 inquireret,
1596 1467 1660 1486 cum
1684 1459 1767 1486 inane

974 1507 1151 1542 principium,
1168 1514 1200 1534 ac
1215 1506 1323 1541 plenam
1341 1507 1445 1534 erroris
1462 1506 1625 1541 hypotliesin
1643 1511 1765 1539 secutus,

976 1553 1096 1588 atquein
1116 1553 1209 1580 radice
1228 1552 1423 1588 communique
1441 1557 1546 1579 naturae
1563 1560 1655 1579 rerum
1675 1560 1769 1580 ncces-

130 1603 305 1639 κατανόησιν,
321 1603 369 1630 καὶ
380 1603 429 1639 τὴν
443 1603 538 1639 τύχην,
552 1603 605 1630 τῶν
619 1603 668 1638 μὲν
680 1603 793 1630 καθόλου
811 1603 924 1629 καὶτῶν

975 1599 1055 1627 sitate
1066 1598 1225 1632 eaacutiens,
1237 1606 1333 1626 eorum
1360 1606 1422 1633 qua:
1447 1598 1634 1633 imprudenter
1652 1599 1766 1626 stolide-

131 1648 212 1676 θείων
240 1649 382 1676 δέσποιναν
399 1649 511 1683 ἐφιστὰς
540 1649 587 1674 καὶ
604 1647 741 1682 βασιλίδα,
766 1647 813 1674 καὶ
837 1647 925 1673 πάντα

129 1695 259 1730 γενέσθαι
276 1696 337 1722 κατ’
351 1695 435 1730 αὐτὴν
449 1694 678 1729 ἀποφαινόμενος,
696 1693 743 1720 τοῦ
768 1693 796 1719 δὲ
812 1692 865 1719 τῶν
881 1693 927 1719 ἀν-

131 1741 250 1777 Θρώπων
265 1741 349 1776 αὐτὴν
361 1740 559 1776 ἀποκηρύττων
571 1740 641 1776 βίου,
656 1740 703 1766 καὶ
715 1739 778 1771 τοὺς
794 1738 927 1775 πρεσϐεύ-

129 1795 213 1819 οντας
228 1787 312 1823 αὐτὴν
327 1787 446 1822 ἐλέγχων
463 1786 631 1822 ἀγνώμονας.
660 1786 720 1813 Τῶν
744 1784 809 1820 γοῦν
826 1784 926 1820 ὑποθη-

130 1832 190 1860 κῶν
219 1832 369 1868 ἀρχόμενος
399 1832 487 1866 λέγει’
508 1841 517 1857 ί
541 1831 698 1865 Ἄνθρωποι
716 1830 802 1866 τύχης
819 1829 927 1856 εἴδωλον

129 1879 294 1912 ἐπλάσαντο,
313 1879 448 1914 πρόφασιν
468 1878 537 1913 ἰδίης
559 1878 653 1913 ἀνοίης
677 1877 767 1913 (φύσει
786 1876 841 1912 γὰρ
857 1875 927 1910 γνώ-

133 1934 174 1961 μη
192 1925 248 1959 (36)
263 1924 332 1961 τύχῃ
347 1924 486 1960 μάχεται),
502 1925 549 1950 καὶ
560 1924 609 1959 τὴν
622 1923 750 1958 ἐχθίστην
770 1924 804 1958 τῇ
826 1922 928 1957 φρονή-

132 1980 176 1998 σει
192 1970 294 2006 ταύτην
319 1971 404 2006 αὐτὴν
431 1970 535 2005 ἔφασαν
551 1971 677 2006 κρατεῖν·
707 1968 807 2004 μᾶλλον
836 1967 865 1994 δὲ
879 1968 928 1994 καὶ

130 2017 237 2053 ταύτην
253 2017 337 2052 ἄρδην
352 2017 528 2052 ἀναιροῦντες
550 2016 598 2043 καὶ
615 2008 806 2050 ἀφανίζοντες,
821 2013 928 2049 ἐκείνην

131 2063 355 2091 ἀντικαθιστιῖσιν
369 2063 453 2099 αὐτῆς
465 2072 472 2079 ·
487 2063 517 2090 οὑ
534 2062 588 2098 γὰρ
601 2062 701 2097 εὐτυχῆ
724 2061 773 2097 τὴν
786 2061 927 2097 φρόνησιν,

133 2110 421 2146 ἀλλ’ὲμφρονεστάτην
436 2109 551 2146 ὑμνοῦσι
563 2109 612 2145 τὴν
626 2108 711 2144 τύχην
724 2107 801 2143 (56‘).
818 2117 827 2132 ι
840 2108 871 2134 Οἱ
879 2106 928 2142 μὲν

133 2154 182 2183 οὖν
190 2156 243 2182 τῶν
253 2156 391 2192 βιωφελῶν
403 2155 492 2192 ἔργων
509 2156 652 2182 ἐπιστάται
661 2156 720 2186 ταῖς
736 2154 805 2190 πρὸς
818 2154 849 2180 τὸ
865 2153 931 2189 ὁμό-

135 2202 221 2237 φυλον
240 2201 412 2238 ἐπικουρίαις
427 2201 601 2236 ἀγάλλονται,
622 2200 733 2228 ἐπαίνου
745 2209 775 2227 τε
789 2200 929 2236 ὀρέγονται

134 2248 185 2274 καὶ
195 2246 289 2278 κλέους
304 2247 346 2282 ἐφ’
359 2244 399 2278 οἷς
415 2246 505 2273 αὐτῶν
520 2247 736 2283 προχάμνουσιν,
750 2245 775 2272 οἰ
799 2245 848 2280 μὲν
865 2244 928 2280 τρέι

136 2301 242 2328 φοντες,
260 2293 285 2319 οἰ
298 2292 327 2319 δὲ
343 2291 539 2328 κυϐερνῶντες,
556 2293 580 2319 οἰ
595 2292 618 2319 δ’
633 2292 753 2328 ἰώμενοι,
771 2293 795 2318 οἱ
811 2291 838 2318 δὲ
853 2290 928 2317 πολι-
944 2287 966 2315 D

135 2340 277 2375 τευόμενοι
290 2349 296 2355 ·
311 2341 335 2366 οἰ
351 2339 380 2366 δέ
401 2348 433 2374 γε
451 2339 589 2374 φιλόσοφοι
608 2340 654 2366 καὶ
675 2339 776 2374 σφόδρα
791 2337 930 2365 παιδεύειν

135 2385 339 2421 ἐπιχειροῦντες
355 2385 515 2421 ἀνθρώπους
527 2385 717 2421 φρυάττονται.
731 2382 768 2411 Ἦ
780 2384 931 2419 τολμήσου-

137 2440 182 2458 σιν
199 2431 360 2467 Ἐπίκουρος
376 2431 393 2467 ἢ
406 2431 575 2466 Δημόκριτος
591 2431 688 2462 εἰπεῖν,
704 2430 743 2462 ὡς
766 2429 931 2464 ἀσχάλλουσι

138 2477 364 2513 φιλοσοφοῦντες;
387 2477 457 2504 Ἀλλ’
470 2477 531 2504 οὐδὲ
543 2477 675 2512 θυμηδίαν
692 2476 795 2512 ταύτης
822 2476 856 2503 ἂν
877 2476 932 2503 ὲτέ-

140 2530 191 2559 ραν
206 2523 349 2559 προθεῐντο
361 2530 368 2537 ·
387 2523 434 2550 καὶ
450 2522 504 2559 γὰρ
523 2523 548 2549 εἰ
569 2523 600 2549 τὺ
618 2523 718 2557 ἀγαθὸν
738 2521 835 2558 ἡδονὴν
863 2519 932 2548 εἶναι

138 2570 295 2605 φρονοῦσιν,
323 2570 380 2597 ἀλλ’
409 2568 612 2604 αἰδεσθήσονταί
639 2577 672 2603 γε
701 2569 738 2604 μὴ
766 2568 857 2603 λέγειν
882 2568 932 2604 ἡδὺ

138 2616 171 2643 ὃν
186 2615 242 2651 (57)
262 2616 354 2649 αὐτοῖς
378 2613 447 2643 εἶναι
472 2616 503 2642 τὸ
520 2615 693 2651 φιλοσοφεῖν·
715 2615 778 2647 τοὺς
801 2615 829 2642 δὲ
843 2615 931 2646 θεοὺς,

140 2663 205 2698 περὶ
220 2659 258 2690 ὧν
271 2663 295 2689 οἱ
309 2662 358 2698 μὲν
374 2662 484 2697 ποιηταὶ
498 2663 563 2698 παρ’
580 2662 670 2693 αὐτοῖς
688 2661 779 2697 ᾄδουσι
793 2670 802 2687 ι
818 2661 933 2696 δοτῆρας

178 2751 234 2786 (55)
254 2751 329 2784 Μηδ*
342 2751 573 2779 ἀναϐάλλεσθαι.
590 2750 699 2778 Hesiodi
717 2751 799 2778 verba
816 2755 891 2782 sunt,
905 2751 932 2778 in

143 2786 238 2821 ’Ἐρίγκ⁷
251 2794 278 2814 v.
294 2786 346 2814 408
361 2796 368 2813 :

130 2868 135 2874 ,
178 2843 256 2878 M116”
271 2842 495 2871 ἀναϐάλλεσθαι
507 2846 550 2877 εἰς
565 2845 678 2878 αὔριον,
695 2844 739 2876 εἵς
753 2845 777 2870 τ’
790 2843 919 2878 ἓννηφιν

143 2890 196 2924 Qui
211 2891 344 2924 sequitur,
359 2890 449 2917 Δῑεὶδ⁵
467 2891 657 2926 ἀμϐολιεργὸς,
673 2895 726 2917 etc.
743 2890 807 2926 ibid.
823 2890 886 2916 nili.

181 2926 238 2960 (56)
266 2925 356 2952 Φύάει
385 2926 440 2959 γὰρ
462 2925 729 2959 τιλώιιηξρτωιιιειινυ
753 2925 857 2954 Tullius
886 2934 932 2953 vro

977 1652 1030 1680 que
1052 1644 1241 1680 contingerent
1268 1644 1403 1676 notitiam,
1431 1652 1546 1672 summie
1567 1644 1706 1679 sapientia:
1720 1653 1767 1680 ge,-

978 1698 1030 1718 nus
1046 1695 1164 1726 putaret,
1187 1691 1269 1726 782
1294 1690 1488 1727 fortunamque
1510 1699 1602 1719 rerum
1625 1692 1768 1719 univcrsa~

977 1737 1044 1765 lium
1062 1742 1145 1773 atque
1160 1737 1314 1765 divinarum
1337 1737 1475 1765 dominam
1495 1740 1673 1773 reginamque
1700 1746 1768 1766 eon—

978 1784 1105 1816 stituens,
1123 1788 1275 1818 eademque
1297 1784 1388 1811 omnia
1416 1784 1475 1819 ejus
1490 1785 1605 1812 arbitrio
1629 1784 1686 1812 ﬁeri
1702 1793 1768 1820 pro-

978 1830 1118 1863 nuntians,
1132 1829 1256 1857 eamdem
1270 1833 1362 1857 tamen
1378 1830 1411 1857 ab
1422 1830 1549 1858 humanae
1561 1831 1621 1858 vitae
1633 1839 1770 1860 commer-

978 1874 1022 1914 cio
1038 1875 1134 1909 procul
1150 1875 1297 1910 ablegaret,
1312 1876 1413 1911 quique
1428 1876 1501 1903 illan:
1528 1877 1660 1909 colerent,
1682 1879 1769 1906 insul-

978 1929 1026 1948 sos
1043 1929 1103 1949 esse
1117 1923 1301 1949 convinceret.
1320 1922 1392 1950 Sane
1405 1923 1514 1958 quidem
1528 1923 1644 1958 ipsemet
1658 1925 1769 1952 institu-

978 1969 1083 1996 tionum
1101 1976 1214 1996 suarum
1229 1969 1351 2002 exordio,
1371 1969 1409 1997 sic
1429 1969 1550 2004 loquitur
1569 1979 1577 1996 :
1603 1979 1613 1995 ι
1630 1969 1769 2004 Homines,

979 2016 1078 2050 inquit,
1090 2015 1155 2043 dum
1174 2016 1297 2044 stultitiae
1310 2024 1367 2044 suae
1378 2016 1467 2043 velum
1487 2021 1649 2051 quaterent,
1667 2025 1769 2044 Vanum

979 2061 1107 2090 Fortuna:
1148 2062 1326 2090 simulacrum
1369 2062 1506 2090 finxerunt
1537 2063 1660 2099 (pugnat
1695 2064 1768 2091 enim

980 2113 1076 2144 suapte
1093 2113 1190 2136 natura
1205 2117 1267 2136 cum
1284 2109 1394 2137 fortuna
1410 2110 1597 2146 consilium),
1611 2110 1770 2139 inimicissi-

980 2163 1108 2191 mamque
1138 2155 1289 2190 prudentia:
1300 2155 1436 2183 dominari
1465 2156 1632 2191 voluerunt;
1662 2158 1770 2186 tametsi

980 2201 1071 2236 potius
1101 2201 1154 2229 hac
1185 2201 1266 2228 etiam
1301 2202 1482 2229 exterminata
1514 2201 1693 2238 fumlitusque
1706 2204 1772 2232 sub-

983 2247 1047 2279 lata,
1067 2247 1128 2282 ejus
1141 2247 1166 2274 in
1196 2247 1286 2274 locum
1310 2247 1422 2275 alteram
1441 2248 1513 2275 illam
1542 2249 1702 2282 sufﬁciunt;
1721 2258 1772 2278 nec

981 2293 1053 2319 enim
1084 2292 1251 2320 fortunatam
1281 2293 1327 2320 isti
1357 2293 1600 2327 prudentiam.scd
1617 2294 1773 2329 prudentis-

981 2338 1079 2365 simam
1096 2343 1198 2366 canunt
1211 2339 1404 2373 celebrantque
1429 2339 1578 2367 fortunam.
1592 2349 1601 2365 ι
1620 2340 1707 2368 Porro
1722 2341 1773 2368 uti.

981 2384 1048 2410 lium
1074 2385 1135 2411 vitae
1161 2392 1275 2419 operum
1303 2385 1491 2413 moderatores
1522 2393 1628 2418 omnes,
1647 2388 1772 2414 navanda

983 2430 1041 2457 suis
1057 2437 1140 2465 opera
1153 2431 1273 2458 maxime
1293 2430 1474 2464 delectantur,
1503 2431 1668 2467 laudemque
1691 2433 1773 2461 simul

983 2482 1010 2505 et
1024 2477 1139 2512 gloriam
1155 2484 1217 2504 cum
1229 2477 1371 2506 laboribus
1384 2477 1444 2505 suis
1466 2485 1516 2512 pro
1529 2479 1670 2505 communi
1687 2479 1775 2506 salute

984 2523 1119 2558 susceptis
1138 2523 1313 2558 compensari
1337 2523 1452 2550 volunt:
1477 2523 1523 2550 alii
1538 2523 1649 2558 quidem
1665 2525 1773 2556 alendo,

984 2569 1102 2604 regendo
1115 2569 1173 2601 alii,
1200 2568 1248 2596 alii
1273 2569 1419 2600 medendo,
1445 2569 1490 2596 alii
1513 2569 1708 2604 rempublicam
1728 2579 1773 2604 ge-

984 2616 1090 2644 rendo:
1108 2616 1213 2651 ipsique
1226 2615 1294 2642 adeo
1306 2614 1462 2650 philosophi
1487 2621 1537 2642 Suo
1559 2610 1608 2642 illo
1629 2615 1774 2643 instituen-

983 2663 1082 2691 dorum
1098 2663 1240 2690 hominum
1258 2666 1357 2689 conatu
1373 2669 1405 2689 ac
1421 2661 1512 2689 studio
1525 2662 1656 2697 majorem
1672 2662 1699 2689 in
1717 2670 1775 2689 ιιιο-

986 2752 1125 2784 Marcello,
1138 2757 1203 2779 sect.
1217 2752 1233 2778 7
1246 2759 1252 2777 :
1269 2750 1413 2786 Nunquam
1426 2752 1558 2780 temeritas
1573 2760 1632 2778 cum
1643 2753 1775 2787 sapientia

985 2788 1179 2818 tonmriscelur,
1192 2795 1237 2813 nec
1249 2787 1282 2813 ad
1297 2787 1437 2813 consilium
1452 2796 1530 2815 casus
1542 2788 1703 2814 admittitur.

1023 2824 1087 2858 (ὅθ’)
1120 2823 1180 2856 Τὴν
1204 2823 1310 2858 τύχην.
1336 2821 1473 2851 Hactenus
1498 2823 1582 2851 verba
1612 2823 1774 2853 Deinocriti'

985 2868 1046 2895 qm}
1059 2863 1224 2895 sequuntur,
1240 2857 1358 2893 Dionysii
1378 2862 1451 2886 sunt.

1022 2894 1077 2930 (57)
1096 2893 1177 2922 Forte
1196 2893 1278 2929 ἥδιον.
