2061 3210
311 148 381 178 1287

639 150 773 178 EUSEBII
791 149 1032 178 CAESARlENSIS
1052 149 1127 177 OPP.
1149 150 1240 177 PARS
1258 150 1288 177 ll.
1310 166 1344 170 ——
1363 150 1616 179 APOLOGETICA.

1873 152 1934 180 1288

309 211 375 238 dum
389 210 548 238 eth-runtur.
564 211 744 239 Audebuutue
761 219 826 238 vero
850 210 984 245 Epicurus
1001 216 1027 238 et
1048 210 1095 238 De-

1153 212 1223 238 ἐάων
1236 212 1291 246 (38)
1306 220 1312 226 ν
1334 222 1342 237 ι
1357 209 1429 238 οὗτοι
1442 212 1471 238 δὲ
1484 212 1508 238 oi
1525 211 1663 246 φιλόσοφοι
1679 210 1748 245 μετὰ
1766 210 1883 242 τωθείας
1896 211 1935 237 εὑ-

309 257 442 285 mocritus
454 257 553 288 dicere,
573 257 717 284 molestum
734 258 786 285 sibi
799 263 881 293 atque
902 258 1020 286 iuvisnm
1037 266 1099 286 esse

308 302 517 338 philosophandi
544 311 646 331 munus
672 304 683 330 ?
710 303 767 331 lmo
792 312 847 331 non
874 305 955 332 aliam
978 305 1101 339 profecto

309 348 373 376 huic
396 349 480 376 animi
508 349 672 384 voluptatem
695 355 871 385 anteponant,
895 350 951 378 Etsi
965 352 1037 378 enim
1053 351 1100 379 bo-

309 401 374 419 num
391 394 553 427 voluptatem
569 402 677 422 omnem
692 402 753 422 esse
768 400 904 428 statuunt,
933 395 986 424 hoc
1009 400 1099 423 tamen

308 439 398 466 dicere
419 439 595 471 verebuntur,
612 440 795 475 philosophari
812 441 865 469 sibi
885 449 940 468 non
963 449 1025 469 esse
1041 442 1100 468 vul—

308 485 365 520 gari
381 485 519 520 voluptate
533 486 695 521 jucundius.
722 486 792 514 Deos
817 495 912 522 porro,
925 495 995 523 quos
1014 493 1099 523 poetze

307 530 419 564 quidem
432 540 441 556 ι
458 531 593 558 bonorum
606 537 733 559 auctores
746 541 754 557 ι
771 533 930 567 praedicant,
943 533 1099 569 philosophi

307 583 373 603 vero
399 576 455 607 isti,
479 577 581 604 nullius
604 578 715 605 omnino
742 579 807 605 boni
823 579 864 605 vel
881 584 1008 606 auctores
1027 587 1098 612 esse,

306 622 349 649 vel
364 623 512 657 participes
529 624 641 651 ridendo
653 624 778 658 jactant;
795 625 871 658 deos,
886 625 1010 661 inquam,
1025 625 1097 657 illos,

306 668 408 703 quibus
430 669 537 696 tandem
555 669 708 696 rationibus
732 675 761 697 ut
784 670 850 697 deos
867 678 930 698 esse
943 676 1037 705 putent
1051 671 1099 698 ad-

306 715 464 748 ducuntur;
480 723 550 750 quos
567 723 617 742 nec
634 720 781 750 praesentes
797 716 916 748 videant,
933 724 983 744 nec
1007 725 1096 744 rerum

307 761 457 795 quidquam
474 760 618 788 molientes
634 761 715 796 (quos
744 762 828 788 secuti
845 762 942 788 saltem
958 762 1097 795 vidcntur,

306 806 354 840 qui
369 806 464 838 solent,
492 807 585 833 lunam
604 814 637 833 ac
661 807 755 834 stellas
784 807 922 841 admirati,
941 808 1025 839 Θεοὺς
1046 808 1098 836 hoc

306 857 349 881 cst
375 853 448 885 deos,
463 852 507 879 διὰ
523 853 553 879 τὸ
568 853 650 886 Θέειν,
672 853 697 880 id
723 858 774 885 est,
802 861 816 880 a
837 855 972 881 currendo
987 860 1097 882 vocatos

1155 258 1286 293 φημοῦσι,
1299 258 1354 284 θεοὶ
1366 258 1473 285 πάντων
1482 257 1591 291 ἀγαθῶν
1604 257 1737 293 ἀδώρητοι
1746 257 1802 292 (39)
1813 257 1862 283 καὶ
1872 256 1935 292 ἀμέ-

1153 312 1242 339 τοχοι’
1262 304 1309 330 καὶ
1332 304 1384 330 τίνι
1408 304 1500 339 τρόπῳ
1525 304 1735 339 τεκμηριοῦνται
1763 302 1842 334 θεοὺς
1864 300 1935 333 εἶναι,

1156 351 1225 385 μήτε
1239 350 1376 385 παρόντας
1395 350 1443 377 καὶ
1462 350 1631 385 πράττοντας
1644 358 1670 375 τι
1695 349 1812 385 ὁρῶντες
1828 369 1836 380 ,
1854 349 1891 380 ὡς
1903 349 1936 380 οἱ,

1153 396 1198 423 τὸν
1215 396 1288 431 ἥλιον
1303 396 1350 423 καὶ
1366 397 1414 431 τὴν
1429 396 1543 432 σελήνην
1554 396 1600 422 καὶ
1613 396 1675 427 τοὺς
1695 395 1813 431 ἀστέρας
1835 395 1937 430 θαυμά-

1155 451 1258 474 σαντες,
1271 442 1315 469 διὰ
1329 442 1359 468 τὸ
1375 442 1446 469 θέειν
1463 442 1564 477 ἔφασαν
1592 442 1740 477 κεκλῆσθαι
1759 441 1854 473 Θεούς*
1874 443 1937 476 μήτε

1152 488 1214 514 τινὰ
1228 488 1406 524 δημιουργίαν
1419 488 1511 520 αὐτοῖς
1521 488 1537 523 ἢ
1549 487 1719 523 κατασκευὴν
1731 487 1936 523 προσνέμοντες,

1153 533 1186 560 ἵν’
1204 534 1236 560 ἐκ
1245 533 1292 560 τοῦ
1308 533 1404 564 θεῖναι,
1421 533 1493 560 τοῦτ’
1514 533 1570 559 ἐστι
1590 533 1720 568 ποιῆσαι,
1744 531 1936 567 θεοποιήσωσιν

1153 579 1269 610 αὐτούς·
1290 578 1405 613 (τούτου
1431 578 1485 614 γὰρ
1500 578 1581 604 ἕνεκα
1603 578 1670 613 πρὸς
1692 578 1822 613 ἀλήθειαν
1848 579 1863 604 ὁ
1888 578 1936 603 τιῖιν

1152 624 1280 651 ἁπάντων
1296 625 1408 660 ποιητὴς
1426 625 1473 651 καὶ
1486 624 1651 659 δημιουργὸς
1674 624 1752 659 μόνος
1764 624 1822 650 ἐστὶ
1840 624 1936 658 Θεὸ;·)

1154 671 1221 705 μήτε
1242 670 1412 705 διοίκησιν,ἢ
1429 670 1530 706 κρίσιν,
1556 670 1573 705 ἤ
1592 670 1670 705 χάριν
1685 670 1773 696 αὐτῶν
1790 678 1853 696 τινα
1874 670 1937 705 πρὶς

1152 715 1312 751 ἀνθρώπους
1327 716 1505 751 ἐκτιθέμενοι.
1524 716 1567 742 ἴνα
1581 715 1662 750 φόϐον
1676 716 1692 752 ἣ
1708 716 1790 751 τιμὴν
1807 715 1938 751 deiﬁcu-

1151 771 1198 793 τες
1209 763 1439 798 προσκυνήσωμεν
1454 763 1563 795 αὑτοῖς;
1586 763 1621 789 Ἦ
1641 762 1688 789 τοῦ
1710 762 1814 797 κόσμου
1839 762 1938 797 προκὺ-

1151 808 1205 842 ψας
1227 808 1397 844 Ἐπίκουρος,
1416 808 1462 835 καὶ
1477 808 1522 835 τὸν
1538 809 1662 843 οὐράνιον
1685 808 1808 843 ὑπερὸὰς
1833 808 1938 843 περίῦο-

1152 854 1208 886 λον,
1223 854 1239 890 ἢ
1256 854 1300 881 διά
1311 863 1390 881 τινων
1416 855 1548 890 κρυφίων,
1576 854 1610 887 ἃς
1628 855 1707 890 μόνος
1730 852 1810 886 εἶδεν,
1826 853 1938 885 ἐξελθὼν

306 907 368 928 esse
394 899 546 931 dixerunt),
572 906 622 925 nec
644 899 699 925 ullo
720 906 832 933 prorsus
861 899 888 926 in
914 907 1027 934 operum
1053 905 1095 926 aul

1152 899 1252 930 πυλῶν,
1266 899 1312 930 οὓς
1327 899 1382 934 (Ml)
1400 900 1429 925 ἐν
1445 899 1483 934 τῷ
1497 899 1568 934 κενῷ
1583 899 1689 925 κατεῖδε
1717 899 1805 930 θεοὺς,
1821 900 1869 925 καὶ
1892 898 1937 934 τὴν

306 945 480 972 functionum
502 952 601 978 genere
626 943 727 970 versati
754 944 877 976 credant,
900 950 929 971 ut
942 952 989 972 eos
1003 946 1036 971 ἐκ
1050 945 1098 971 τοῦ

306 991 403 1023 θεῖναι,
432 992 483 1017 hoc
505 995 547 1017 est
572 990 607 1017 ab
631 989 773 1017 clliczendo
804 989 1010 1026 θεοποιήσωσιν,
1033 991 1098 1018 deos

305 1037 425 1064 elﬁciant
451 1037 605 1071 (propterea
636 1036 738 1071 quippe
750 1037 872 1063 omnium
889 1036 1000 1068 ell‘cctor
1017 1041 1098 1072 atque

305 1084 414 1110 molitor
429 1090 500 1109 unus
519 1089 583 1108 vere
599 1081 669 1108 Deus
680 1083 743 1116 est),
759 1082 834 1109 nullo
848 1082 966 1117 denique
981 1083 1023 1110 vel
1045 1091 1097 1118 gu-

306 1127 487 1159 bernationls,
513 1127 555 1154 vel
577 1127 684 1160 judicii,
701 1127 742 1154 vel
761 1128 883 1154 beneﬁcii
906 1129 1018 1155 vinculo
1035 1136 1096 1156 cum

307 1175 466 1202 hominibus
484 1175 569 1202 teneri
584 1175 679 1207 velint,
695 1179 723 1201 ut
738 1176 840 1201 cultum
863 1174 896 1202 iis
921 1175 1040 1210 aliquem
1055 1176 1098 1203 vel

306 1224 392 1251 metu,
408 1219 449 1246 vel
466 1219 580 1246 honoris
591 1226 675 1245 causa
688 1219 860 1245 debeamus?
877 1218 948 1245 Num
965 1218 1098 1253 Epicurus

306 1266 387 1298 forte,
416 1273 488 1292 cum.
508 1265 578 1291 ultra
609 1265 741 1291 Inundqu
766 1266 837 1291 hunc
863 1264 1042 1299 prospiciens,
1065 1273 1097 1292 ac

307 1312 445 1340 cmlcstem
471 1311 548 1338 illum
579 1310 711 1337 ambitum
738 1316 956 1344 praetergressus,
981 1315 1028 1336 aut
1049 1317 1097 1344 per

306 1357 446 1384 occultum
475 1356 610 1390 quoddam
638 1355 786 1390 posticum,
812 1355 919 1389 sibique
934 1355 985 1382 soli
1013 1354 1094 1390 783

306 1408 402 1430 notum
427 1409 565 1437 egressus,
589 1401 655 1428 deos
672 1401 698 1428 in
713 1409 799 1428 vacuo
826 1401 954 1435 degentes
970 1400 1048 1433 vidit,
1064 1408 1097 1428 ac

306 1456 442 1476 summam
455 1456 550 1475 eorum
574 1450 657 1475 tantis
672 1448 698 1474 in
713 1447 818 1474 deliciis
839 1447 995 1474 feliritatem
1013 1447 1096 1474 admi-

306 1500 395 1526 ratus,
426 1495 592 1529 voluptatem
626 1492 690 1521 inde
711 1494 892 1528 concupiscit,
913 1498 996 1528 atque
1021 1493 1094 1520 illum

305 1550 367 1577 quae
385 1542 411 1568 in
425 1549 511 1568 vacuo
530 1541 640 1568 ducitur
656 1540 738 1567 vitam
750 1540 906 1572 :emulatus,
920 1547 1016 1567 omnes
1030 1546 1095 1566 coa-

308 1588 386 1615 tinuo
412 1593 545 1622 tanquam
573 1587 686 1613 deorum
715 1585 824 1612 illorqu
847 1585 950 1613 similes
977 1584 1094 1616 futuros,

305 1634 366 1670 ejus
382 1635 415 1660 ad
434 1633 571 1660 felicitatis
589 1631 809 1659 communionem
829 1639 862 1657 ac
875 1630 1034 1658 societatem
1054 1630 1096 1657 iu-

305 1684 383 1708 vitat.
399 1680 505 1713 Quibus
530 1679 575 1706 ille
589 1679 773 1710 caenaculum,
789 1685 843 1705 non
859 1677 917 1712 jam
931 1677 1029 1704 malum
1050 1682 1098 1704 aut

305 1727 460 1762 Olympum,
472 1728 604 1759 utpoctaA.
616 1725 662 1752 sed
677 1732 793 1752 vacuum
810 1723 928 1754 instruit,
945 1722 1095 1749 confectam

304 1781 338 1799 cx
352 1773 452 1799 atomis
469 1779 608 1806 apponens
624 1770 801 1802 ambrosiam,
824 1768 1000 1803 indidemque
1025 1769 1095 1796 hau-

311 1823 382 1846 stum
400 1823 494 1845 nectar
510 1818 667 1851 propinaus.
685 1816 818 1844 (laterum
837 1816 870 1843 iis
885 1815 917 1843 de
931 1815 1023 1848 rebus,
1037 1823 1096 1850 quae

307 1864 375 1891 nihil
391 1864 423 1891 ad
437 1871 488 1891 nos
499 1864 669 1897 “pertineant,
685 1862 758 1888 mille
771 1861 926 1895 juramenta
949 1868 1096 1895 sacrasque

306 1910 502 1939 obtestationes
522 1909 580 1936 suis
595 1909 696 1942 passim
716 1908 793 1935 libris
807 1906 962 1939 inferciens,
981 1915 1028 1941 per
1049 1906 1096 1933 .Io-

303 1964 364 1984 rem
379 1956 488 1983 assidue
500 1956 540 1982 vel
552 1959 632 1990 negat
645 1954 747 1989 aliquid
763 1954 805 1981 vel
822 1954 948 1986 allirmat,
964 1954 1095 1980 lectores-

303 2010 356 2037 quc
391 2010 469 2031 suos.
486 2006 512 2028 et
527 2008 574 2028 eos
590 2001 755 2035 quibuscum
767 2001 822 2035 ipse
837 2000 967 2034 disputat,
980 2000 1093 2027 deorum

303 2049 449 2083 obstringit
464 2048 605 2083 rrligione,
622 2056 675 2075 nou
696 2048 769 2082 quod
797 2047 858 2075 illos
875 2047 933 2081 ipse
959 2051 1093 2080 \ereatur,

303 2100 351 2121 aut
367 2095 517 2129 pet-jurium
536 2094 591 2121 ullo
614 2094 696 2121 modo
719 2093 897 2125 reformidet;
924 2093 970 2121 sed
986 2093 1093 2121 inanem

304 2142 375 2168 hanc
391 2146 472 2175 atque
490 2141 659 2173 mendacem,
672 2147 827 2174 vanamque
842 2147 875 2167 ac
890 2140 958 2167 nihil
980 2140 1094 2167 omnino

303 2190 501 2224 signitiCantem
528 2189 744 2223 disputationum
773 2197 884 2216 suarum
915 2188 1092 2223 appendicem

1150 945 1249 980 πολλὴν
1262 945 1350 972 αὐτῶν
1364 946 1516 980 ἐμακάρισε
1529 946 1650 980 τρυφήνς
1665 945 1791 971 κάκεῖθεν
1805 944 1937 979 ἐπιθυμη-

1149 991 1198 1025 τὴς
1210 990 1354 1025 γενόμενος
1367 990 1416 1025 τῆς
1428 990 1533 1025 ἡδονῆς,
1548 991 1595 1017 καὶ
1607 990 1657 1025 τῆς
1670 991 1698 1016 ἐν
1714 990 1752 1025 τῷ
1763 989 1836 1024 κενῷ
1854 989 1936 1024 ζηλω-

1149 1035 1197 1071 τὴς
1212 1035 1326 1070 διαίτης,
1337 1035 1408 1061 οὕτω
1422 1036 1525 1067 πάντας
1534 1036 1579 1062 ἐπὶ
1589 1035 1637 1061 τοῦ
1654 1035 1831 1070 μακαρισμοῦ
1844 1035 1936 1061 τούτου

1150 1081 1305 1116 μετουσίαν,
1330 1080 1614 1116 ἐξομοιωθησομένους
1638 1081 1752 1112 ἐκείνοις
1778 1082 1835 1112 τοῖς
1857 1080 1936 1112 θεοῖς,

1149 1128 1318 1163 παρακαλεῖ·
1338 1128 1485 1163 συμπόσιον
1500 1128 1591 1159 αὐτοῖς
1603 1127 1746 1164 μακάριον,
1766 1127 1815 1162 οὐχ
1831 1128 1899 1163 ὅπερ
1914 1127 1936 1153 οἱ

1149 1174 1269 1209 ποιηταὶ,
1285 1175 1330 1200 τον
1345 1174 1458 1210 οὐρανὸν
1475 1174 1491 1206 ἢ
1511 1174 1555 1200 τὸν
1572 1174 1724 1209 Ὄλυμπον,
1737 1173 1807 1200 ἀλλὰ
1819 1173 1850 1200 τὺ
1863 1174 1937 1199 κενὴν

1149 1222 1317 1258 συγκροτῶν,
1334 1221 1366 1248 ἐκ
1381 1230 1411 1247 τε
1425 1220 1479 1247 τῶν
1493 1220 1602 1255 ἀτόμων
1614 1220 1663 1255 τὴν
1676 1219 1830 1255 ἀμϐροσίαν
1847 1219 1937 1250 αὐτοῖς

1148 1267 1307 1303 παρατιθεὶς
1317 1287 1324 1299 ,
1351 1267 1399 1293 καὶ
1418 1266 1558 1302 προπίνων
1575 1265 1666 1296 αὐτοῖς
1681 1265 1710 1298 ἐξ
1722 1264 1836 1291 ἐκείνων
1850 1264 1883 1290 τὸ
1898 1263 1936 1290 νέ-

1148 1323 1218 1350 κταρ
1234 1317 1240 1323 ’
1257 1314 1304 1341 καὶ
1319 1313 1351 1349 δὴ
1376 1313 1435 1339 κατ’
1449 1313 1560 1339 ἐκείνων
1583 1311 1637 1338 τῶν
1653 1311 1736 1346 μηδὲν
1761 1310 1831 1346 πρὸς
1853 1310 1938 1345 ἡμᾶς,

1146 1361 1243 1396 ὅρκους
1259 1369 1287 1387 τε
1298 1361 1345 1387 καὶ
1358 1360 1507 1395 ὁρκισμοὺς
1521 1358 1633 1394 μυρίους
1643 1358 1699 1389 τοῖς
1713 1356 1810 1383 ἑαυτοῦ
1827 1356 1937 1391 βιϐλίοις

1146 1407 1296 1442 ἐγγράφει,
1322 1405 1405 1441 ὀμνὺς
1428 1414 1458 1431 τε
1486 1404 1605 1439 συνεχῶς
1629 1403 1667 1438 μὰ
1682 1403 1732 1429 Δία
1758 1402 1805 1428 καὶ
1828 1401 1864 1437 νὴ
1880 1402 1938 1431 Δία,

1146 1452 1265 1488 ὲξορκῶν
1277 1460 1307 1478 τε
1320 1452 1383 1483 τοὺς
1397 1450 1609 1486 ἐντυγχάνοντας
1625 1449 1673 1476 καὶ
1689 1449 1757 1484 πρὸς
1779 1448 1826 1480 οὓς
1851 1447 1939 1474 διαλέ-

1146 1506 1230 1532 γοιτο,
1242 1497 1310 1533 πρὸς
1325 1496 1379 1523 τῶν
1389 1496 1467 1527 θεῶν,
1482 1496 1512 1522 οὗ
1529 1496 1555 1522 τί
1567 1504 1617 1522 που
1633 1494 1725 1526 δεδιὼς
1740 1493 1822 1525 αὐτὸς
1837 1493 1908 1528 (41),
1922 1493 1939 1529 ἢ

1147 1543 1328 1578 δεδιττόμενος
1346 1543 1448 1574 ἐκεῖνος
1466 1542 1515 1578 τὴν
1533 1541 1685 1577 ἐπιορκίαν,
1707 1539 1784 1567 κενὸν
1800 1539 1830 1566 δέ
1850 1539 1940 1569 τοῦτο,

1149 1590 1195 1616 καὶ
1211 1589 1317 1622 ψευδὲς,
1333 1589 1378 1615 καὶ
1393 1589 1476 1624 ἀργὸν
1489 1608 1495 1619 ,
1514 1589 1560 1614 καὶ
1583 1588 1688 1622 ἄσημον
1707 1586 1940 1621 ἐπιφθεγγόμενος

1148 1635 1203 1665 τοῖς
1216 1634 1304 1668 λόγοις
1319 1634 1402 1660 αὐτοῦ
1416 1633 1593 1669 παράρτημα,
1608 1630 1663 1658 οἷον
1675 1632 1699 1658 εἰ
1715 1631 1762 1657 καὶ
1771 1631 1941 1666 χρέμπτοιτο

1148 1680 1195 1707 καὶ
1210 1679 1300 1711 πτύοι,
1318 1679 1349 1705 τό
1364 1688 1394 1705 τε
1409 1679 1552 1714 πρόσωπον
1568 1678 1695 1713 στρέφοι,
1718 1677 1767 1704 καὶ
1786 1676 1839 1711 τὴν
1864 1677 1942 1711 χεῖρα

1148 1726 1245 1762 κινοίη.
1262 1725 1381 1760 Τοιαύτη
1396 1725 1449 1760 γὰρ
1466 1725 1621 1760 ἁδιανόητος
1635 1721 1669 1759 ἦν
1684 1724 1701 1758 ἡ
1725 1724 1790 1759 παρ’
1804 1722 1883 1758 αὐτῷ
1896 1723 1942 1748 καὶ

1150 1771 1250 1807 ματαία
1263 1771 1418 1806 ὑπόκρισις,
1427 1772 1443 1805 ἡ
1454 1770 1506 1797 τῶν
1523 1770 1591 1796 θεῶν
1607 1769 1749 1804 ὀνομασία.
1765 1767 1849 1794 Ἀλλὰ
1862 1767 1941 1794 τοῦτο

1149 1819 1197 1854 μὲν
1213 1817 1356 1854 πρόδηλον,
1369 1818 1420 1849 ὅτι,
1437 1816 1506 1852 μετὰ
1521 1816 1568 1842 τὸν
1582 1815 1742 1851 Σωκράτους
1755 1814 1874 1841 θάνατον
1890 1823 1941 1840 κα-

1147 1864 1289 1900 τεπτηχὼς
1308 1863 1476 1899 Ἀθηναίους,
1494 1862 1532 1894 ὡς
1549 1862 1585 1897 μὴ
1597 1862 1687 1896 δοκοίη
1706 1860 1778 1887 τοῦθ’
1802 1861 1874 1896 ὅπερ
1896 1857 1940 1895 ἦν,

1147 1910 1224 1942 ἄθεος
1240 1907 1319 1941 εἶναι,
1338 1908 1419 1939 κενὰς
1438 1908 1530 1938 αὐτοῖς
1555 1907 1746 1933 ἁνυποστάτων
1767 1904 1840 1931 θεῶν
1858 1913 1940 1940 τερα-

1146 1955 1310 1990 τευσάμενος
1330 1953 1510 1988 ἐζωγράφησε
1525 1952 1613 1982 σκιάς.
1634 1950 1703 1977 Οὔτε
1722 1950 1776 1985 γὰρ
1798 1951 1839 1981 είς
1857 1950 1941 1985 οὐρα-

1145 2001 1190 2027 νὸν
1209 1999 1340 2033 ἀνέΰλεψε
1353 2000 1455 2034 νοεροῖς
1473 1997 1639 2032 ὀφθαλμοῖς,
1664 1996 1708 2023 ἴνα
1729 1995 1778 2029 ἧς
1807 1994 1941 2030 ἐναργοῦς

1146 2047 1248 2074 ἄνωθεν
1264 2046 1355 2081 φωνῆς
1370 2044 1483 2080 ἀκούσῃ,
1495 2042 1529 2079 ἧς
1541 2044 1555 2070 ὸ
1567 2042 1746 2079 προσεκτικος
1760 2040 1862 2076 θεατὴς
1873 2049 1941 2067 κατ-

1146 2094 1266 2124 ακούσας
1296 2092 1497 2128 ἐμαρτύρησεν,
1511 2091 1552 2117 ὅτι
1573 2099 1583 2115 I
1601 2091 1631 2116 Οί
1651 2089 1760 2124 οὐρανοὶ
1779 2087 1940 2123 διηγοῦνται

1145 2139 1223 2172 δόξαν
1237 2139 1317 2170 Θεοῦ,
1331 2138 1439 2173 ποίησιν
1452 2137 1481 2163 δὲ
1497 2135 1597 2172 χειρῶν
1616 2134 1699 2161 αὐτοῦ
1719 2133 1885 2168 ἀναγγέλλει
1910 2132 1941 2159 τὺ

1147 2186 1290 2221 στερέωμα
1300 2193 1306 2199 ·
1330 2194 1339 2210 ι
1354 2183 1416 2211 οὔτε
1431 2184 1463 2219 τῇ
1478 2183 1582 2217 διανοίᾳ
1601 2181 1720 2208 κατεῖδεν
1738 2181 1778 2212 εἰς
1792 2179 1940 2217 τοῦδαςρος.

302 2235 439 2267 emitieus,
467 2243 519 2262 non
552 2235 631 2262 aliter
659 2242 690 2262 ac
715 2235 737 2261 si
763 2239 871 2261 exercet
888 2239 935 2261 aut
954 2238 1091 2268 exspulat,

1148 2231 1252 2267 Ἔμαθε
1262 2231 1316 2267 γὰρ
1333 2231 1377 2262 ἂν,
1393 2231 1434 2257 ὅτι
1453 2239 1462 2254 ι
1486 2228 1539 2255 Τοῦ
1563 2228 1654 2258 ἐλέους
1671 2226 1773 2262 Κυρίου
1798 2226 1909 2261 πλήρης
1922 2225 1941 2261 ἡ

304 2287 351 2310 aut
377 2286 518 2309 convertat
543 2282 661 2312 vultum,
687 2286 733 2307 aut
767 2289 876 2308 manutn
909 2285 1090 2307 commoveat.

303 2328 445 2364 Ejusmodi
458 2328 558 2363 quippe
569 2328 659 2355 ouinis
674 2327 726 2355 ista
741 2327 854 2354 deorqu
872 2326 1018 2361 appellatio
1040 2331 1092 2358 est,

303 2374 440 2409 superﬂua
458 2374 579 2408 quadam
596 2374 654 2401 haec
665 2381 763 2401 sensus
777 2380 875 2408 expers
899 2372 1036 2407 studiique
1056 2372 1093 2399 si-

303 2421 426 2448 mulatio.
440 2421 475 2451 At
492 2420 559 2447 illud
580 2420 689 2454 quidem
709 2420 790 2454 longe
810 2419 1005 2451 certissimum,
1030 2426 1091 2445 cum

302 2468 482 2495 Athenienses
495 2474 510 2494 a
525 2465 647 2493 Socratis
666 2465 775 2492 interitu
794 2469 937 2496 metueret,
954 2472 988 2492 ne
1001 2463 1092 2499 qualis

301 2518 361 2540 erat
375 2514 472 2540 atheos
488 2520 549 2540 esse
573 2511 719 2543 videretur.
743 2519 845 2539 vacuae
865 2511 899 2539 iis
912 2511 1091 2539 leviculorum

302 2559 415 2585 deorum
439 2557 549 2585 umbras
567 2565 668 2586 novum
697 2557 888 2585 circulatorem
915 2555 1089 2585 informasse.

300 2602 357 2631 Nec
373 2604 446 2631 ettim
466 2604 588 2638 profecto
603 2607 652 2631 aut
666 2603 837 2638 spiritalibus
853 2611 974 2638 unquam
1002 2603 1091 2631 oculis

341 2705 395 2739 (38)
414 2705 547 2740 Δοτῆρας
563 2704 648 2733 ἐάων.
671 2705 805 2733 Homerus
823 2704 918 2740 Odyss.
931 2704 963 2737 Θ,
980 2712 1007 2740 v.
1019 2703 1089 2731 δεδι

303 2740 452 2802 ΕΞἽΞρ-ινὸἓὲ
504 2741 539 2767 ἐν
553 2741 721 2776 προθύροις,
736 2740 798 2772 θεάι
812 2739 943 2775 δωτῆρες
952 2739 1039 2767 ἐάων.

485 2810 551 2843 Διὸς
566 2810 622 2843 υἱὲ,
637 2811 783 2845 διάκτορε,
799 2810 893 2845 δῶτορ
909 2809 996 2837 ἐάων.

336 2879 398 2915 ,(59)
424 2880 588 2914 Ἀδὼρητοι.
609 2880 636 2908 ld
654 2886 705 2913 est,
719 2882 851 2908 nullorum
869 2885 989 2908 auclore:
1008 2880 1090 2906 dono-

1144 2278 1191 2313 γῆ,
1208 2278 1254 2304 καὶ
1269 2277 1310 2304 ὅτι
1323 2276 1370 2304 τοῦ
1383 2276 1486 2312 Κυρίου
1501 2276 1518 2310 ἡ
1533 2274 1580 2309 γῆ,
1598 2274 1646 2300 καὶ
1670 2273 1700 2300 τὸ
1726 2272 1866 2308 πλήρωμα
1891 2271 1942 2298 αὑ-

1144 2324 1204 2359 τῆς.
1227 2333 1236 2349 ι
1252 2324 1317 2355 Καὶ,
1334 2332 1343 2348 ι
1357 2322 1435 2350 Μετὰ
1446 2321 1531 2349 ταῦτα
1545 2321 1610 2356 γὰρ,
1629 2330 1638 2345 )
1655 2319 1732 2354 φησὶ,
1748 2327 1757 2344 ι
1776 2318 1881 2354 Κύριος
1900 2318 1941 2349 εἰς

1144 2370 1194 2406 τὴν
1207 2370 1259 2404 γῆν
1275 2368 1418 2403 ὲπέϐλεψε,
1436 2368 1482 2395 καὶ
1498 2366 1644 2401 ἐνέπλησεν
1658 2364 1743 2400 αὐτὴν
1756 2364 1812 2390 τῶν
1827 2363 1941 2398 ἀγαθῶν

1145 2415 1237 2442 αὑτοῦ.
1249 2415 1347 2450 Ψυχὴν
1358 2414 1412 2449 (ὀῖ)
1422 2414 1520 2445 παντὸς
1532 2411 1601 2445 ζώου
1612 2411 1733 2445 ὲκάλυιῖαε
1745 2410 1777 2436 τὺ
1792 2410 1941 2446 πρόσωπον

1145 2462 1240 2497 αὐτῆς.
1261 2470 1270 2486 ι
1286 2460 1319 2487 Εἰ
1333 2460 1363 2487 δὲ
1377 2460 1414 2495 μὴ
1431 2459 1533 2495 σφόδρα
1545 2457 1748 2492 τυφλώττουσιν
1759 2475 1767 2488 ,
1787 2455 1941 2490 ἐπισκεψά-

1146 2509 1252 2535 σθωσαν
1262 2506 1310 2542 τὴν
1323 2505 1508 2542 παμποίκιλον
1518 2504 1571 2531 τῶν
1588 2503 1664 2536 ζώων
1675 2502 1890 2538 πολυπλήθειαν,
1907 2500 1942 2527 ri

1144 2555 1271 2591 χερσαῖα,
1283 2553 1318 2581 τὰ
1331 2552 1432 2589 πτηνὰ,
1446 2553 1480 2579 τὰ
1495 2551 1603 2587 ἔνυδρα,
1619 2550 1666 2578 καὶ
1678 2550 1941 2586 κατανοησῂωσαν,

1144 2602 1182 2633 ὡς
1197 2600 1300 2636 ἀληθὴς
1315 2599 1362 2628 ἐπὶ
1376 2600 1409 2634 τῇ
1424 2599 1532 2626 πάντων
1543 2596 1632 2633 κρίσει
1642 2596 1698 2632 (45)
1710 2595 1826 2630 γέγονεν
1837 2596 1856 2631 ἡ
1870 2601 1944 2630 μαρ-

1146 2710 1222 2732 rum:
1252 2701 1305 2728 hoc
1328 2699 1438 2735 quidem
1460 2698 1536 2730 loco,
1563 2697 1607 2725 ubi
1626 2695 1751 2731 δωτῆρες
1766 2700 1795 2723 et
1808 2694 1944 2730 ἀδώρητοι

1146 2742 1330 2772 opponuntur.

1182 2769 1237 2806 (t0)
1259 2771 1339 2798 Forte
1357 2769 1430 2801 τοὺς,

1182 2804 1236 2837 (41)
1258 2806 1337 2832 Forte
1357 2804 1466 2835 αὺτούς.

1182 2843 1238 2876 (4‘2)
1259 2841 1339 2867 Forte
1357 2840 1441 2875 ψυχῇ.

1180 2878 1235 2904 (43)
1256 2876 1337 2902 Forte
1356 2875 1453 2901 κτίσει.
