  <div class='ocr_page' id='page_1' title='image "/cluster/home/n/w/nwhite01/storage/ocr_20150623/21/njp.32101077772489/688.png"; bbox 0 0 2061 3210; ppageno 0'>
   <div class='ocr_carea' id='block_1_1' title="bbox 147 177 218 208">
    <p class='ocr_par' dir='ltr' id='par_1_1' title="bbox 147 177 218 208">
     <span class='ocr_line' id='line_1_1' title="bbox 147 177 218 208; baseline 0.028 -2"><span class='ocrx_word' id='word_1_1' title='bbox 147 177 218 208; x_wconf 68' lang='lat'><strong>1195</strong></span> 
     </span>
    </p>
   </div>
   <div class='ocr_carea' id='block_1_2' title="bbox 409 236 664 263">
    <p class='ocr_par' dir='ltr' id='par_1_2' title="bbox 409 236 664 263">
     <span class='ocr_line' id='line_1_2' title="bbox 409 236 664 263; baseline 0 0"><span class='ocrx_word' id='word_1_2' title='bbox 409 236 606 263; x_wconf 73' lang='grc' dir='ltr'><strong>ΚΕΦΔΛΑΙΟΝ</strong></span> <span class='ocrx_word' id='word_1_3' title='bbox 625 237 664 263; x_wconf 78' lang='lat' dir='ltr'><strong>A&#39;.</strong></span> 
     </span>
    </p>
   </div>
   <div class='ocr_carea' id='block_1_3' title="bbox 212 281 869 316">
    <p class='ocr_par' dir='ltr' id='par_1_3' title="bbox 212 281 869 316">
     <span class='ocr_line' id='line_1_3' title="bbox 212 281 869 316; baseline 0.002 -8"><span class='ocrx_word' id='word_1_4' title='bbox 212 281 370 316; x_wconf 83' lang='grc' dir='ltr'><strong>Προοίμιον</strong></span> <span class='ocrx_word' id='word_1_5' title='bbox 388 283 455 316; x_wconf 79' lang='grc' dir='ltr'>περὶ</span> <span class='ocrx_word' id='word_1_6' title='bbox 473 282 594 316; x_wconf 79' lang='grc' dir='ltr'>ἀπάσης</span> <span class='ocrx_word' id='word_1_7' title='bbox 613 282 668 316; x_wconf 80' lang='grc' dir='ltr'>τῆς</span> <span class='ocrx_word' id='word_1_8' title='bbox 686 282 869 315; x_wconf 81' lang='grc' dir='ltr'>ὑποθέσεως.</span> 
     </span>
    </p>
   </div>
   <div class='ocr_carea' id='block_1_4' title="bbox 180 328 932 364">
    <p class='ocr_par' dir='ltr' id='par_1_4' title="bbox 180 328 932 364">
     <span class='ocr_line' id='line_1_4' title="bbox 180 328 932 364; baseline 0.001 -10"><span class='ocrx_word' id='word_1_9' title='bbox 180 328 235 364; x_wconf 87' lang='grc' dir='ltr'>Τὴν</span> <span class='ocrx_word' id='word_1_10' title='bbox 248 328 377 355; x_wconf 90' lang='grc' dir='ltr'>πολύθεον</span> <span class='ocrx_word' id='word_1_11' title='bbox 395 328 450 364; x_wconf 76' lang='grc'>(45)</span> <span class='ocrx_word' id='word_1_12' title='bbox 463 329 517 356; x_wconf 83' lang='grc' dir='ltr'>τῶν</span> <span class='ocrx_word' id='word_1_13' title='bbox 533 329 618 356; x_wconf 84' lang='grc' dir='ltr'>ὲθνῶν</span> <span class='ocrx_word' id='word_1_14' title='bbox 633 328 760 356; x_wconf 81' lang='grc' dir='ltr'>ἁπάντων</span> <span class='ocrx_word' id='word_1_15' title='bbox 776 329 879 364; x_wconf 84' lang='grc' dir='ltr'>πλάνην</span> <span class='ocrx_word' id='word_1_16' title='bbox 904 329 932 355; x_wconf 79' lang='grc' dir='ltr'>ὲν</span> 
     </span>
    </p>
   </div>
   <div class='ocr_carea' id='block_1_5' title="bbox 144 367 934 410">
    <p class='ocr_par' dir='ltr' id='par_1_5' title="bbox 144 367 934 410">
     <span class='ocr_line' id='line_1_5' title="bbox 144 367 934 410; baseline 0 -9"><span class='ocrx_word' id='word_1_17' title='bbox 144 374 243 410; x_wconf 80' lang='grc' dir='ltr'><strong>ἀρχαῖς</strong></span> <span class='ocrx_word' id='word_1_18' title='bbox 258 374 307 409; x_wconf 85' lang='grc' dir='ltr'>τῆς</span> <span class='ocrx_word' id='word_1_19' title='bbox 323 367 529 409; x_wconf 70' lang='grc' dir='ltr'>Εὑαγγέλικῆς</span> <span class='ocrx_word' id='word_1_20' title='bbox 544 375 799 410; x_wconf 79' lang='grc' dir='ltr'>Προπαρασκευῆς</span> <span class='ocrx_word' id='word_1_21' title='bbox 818 375 934 409; x_wconf 85' lang='grc' dir='ltr'>ἀπελέγ-</span> 
     </span>
    </p>
   </div>
   <div class='ocr_carea' id='block_1_6' title="bbox 145 419 933 456">
    <p class='ocr_par' dir='ltr' id='par_1_6' title="bbox 145 419 933 456">
     <span class='ocr_line' id='line_1_6' title="bbox 145 419 933 456; baseline 0 -10"><span class='ocrx_word' id='word_1_22' title='bbox 145 419 190 453; x_wconf 80' lang='grc' dir='ltr'>ξαι</span> <span class='ocrx_word' id='word_1_23' title='bbox 204 420 257 456; x_wconf 82' lang='grc' dir='ltr'>πρὸ</span> <span class='ocrx_word' id='word_1_24' title='bbox 271 420 368 447; x_wconf 82' lang='grc' dir='ltr'>πολλοῦ</span> <span class='ocrx_word' id='word_1_25' title='bbox 383 420 495 455; x_wconf 83' lang='grc' dir='ltr'><strong>θέμενος</strong></span> <span class='ocrx_word' id='word_1_26' title='bbox 518 420 565 447; x_wconf 72' lang='grc' dir='ltr'><strong>ἐπὶ</strong></span> <span class='ocrx_word' id='word_1_27' title='bbox 581 421 709 447; x_wconf 79' lang='grc' dir='ltr'><strong>συστάσει</strong></span> <span class='ocrx_word' id='word_1_28' title='bbox 733 421 780 447; x_wconf 72' lang='grc' dir='ltr'>καὶ</span> <span class='ocrx_word' id='word_1_29' title='bbox 801 420 933 456; x_wconf 79' lang='grc' dir='ltr'>ἀπολογίᾳ</span> 
     </span>
    </p>
   </div>
   <div class='ocr_carea' id='block_1_7' title="bbox 145 461 933 502">
    <p class='ocr_par' dir='ltr' id='par_1_7' title="bbox 145 461 933 502">
     <span class='ocr_line' id='line_1_7' title="bbox 145 461 933 502; baseline 0.001 -10"><span class='ocrx_word' id='word_1_30' title='bbox 145 466 195 502; x_wconf 81' lang='grc' dir='ltr'>τῆς</span> <span class='ocrx_word' id='word_1_31' title='bbox 209 465 238 498; x_wconf 75' lang='grc' dir='ltr'><strong>ἐξ</strong></span> <span class='ocrx_word' id='word_1_32' title='bbox 252 466 340 493; x_wconf 86' lang='grc' dir='ltr'>αὐτῶν</span> <span class='ocrx_word' id='word_1_33' title='bbox 355 467 563 502; x_wconf 84' lang='grc' dir='ltr'>ἀναχωρήσεως,</span> <span class='ocrx_word' id='word_1_34' title='bbox 579 467 610 502; x_wconf 83' lang='grc' dir='ltr'>ἢν</span> <span class='ocrx_word' id='word_1_35' title='bbox 625 467 682 502; x_wconf 84' lang='grc' dir='ltr'>μετ’</span> <span class='ocrx_word' id='word_1_36' title='bbox 694 461 803 500; x_wconf 60' lang='grc' dir='ltr'>εῶιόγου</span> <span class='ocrx_word' id='word_1_37' title='bbox 817 466 933 501; x_wconf 85' lang='grc' dir='ltr'>κρίσεως</span> 
     </span>
    </p>
   </div>
   <div class='ocr_carea' id='block_1_8' title="bbox 146 512 932 548">
    <p class='ocr_par' dir='ltr' id='par_1_8' title="bbox 146 512 932 548">
     <span class='ocr_line' id='line_1_8' title="bbox 146 512 932 548; baseline 0 -10"><span class='ocrx_word' id='word_1_38' title='bbox 146 512 331 548; x_wconf 81' lang='grc' dir='ltr'>πεποιήμεθα,</span> <span class='ocrx_word' id='word_1_39' title='bbox 345 512 375 539; x_wconf 81' lang='grc' dir='ltr'>οὐ</span> <span class='ocrx_word' id='word_1_40' title='bbox 393 513 472 548; x_wconf 78' lang='grc' dir='ltr'>μόνον</span> <span class='ocrx_word' id='word_1_41' title='bbox 488 513 551 544; x_wconf 79' lang='grc' dir='ltr'>τοὺς</span> <span class='ocrx_word' id='word_1_42' title='bbox 568 513 677 548; x_wconf 80' lang='grc' dir='ltr'>μύθους,</span> <span class='ocrx_word' id='word_1_43' title='bbox 691 512 738 544; x_wconf 85' lang='grc' dir='ltr'>οὓς</span> <span class='ocrx_word' id='word_1_44' title='bbox 753 513 785 548; x_wconf 84' lang='grc' dir='ltr'>δὴ</span> <span class='ocrx_word' id='word_1_45' title='bbox 800 512 863 548; x_wconf 71' lang='grc' dir='ltr'>περὶ</span> <span class='ocrx_word' id='word_1_46' title='bbox 879 512 932 539; x_wconf 85' lang='grc' dir='ltr'><strong>τῶν</strong></span> 
     </span>
    </p>
   </div>
   <div class='ocr_carea' id='block_1_9' title="bbox 145 558 932 595">
    <p class='ocr_par' dir='ltr' id='par_1_9' title="bbox 145 558 932 595">
     <span class='ocr_line' id='line_1_9' title="bbox 145 558 932 595; baseline 0 -9"><span class='ocrx_word' id='word_1_47' title='bbox 145 559 253 586; x_wconf 83' lang='grc' dir='ltr'><strong>οἰκείων</strong></span> <span class='ocrx_word' id='word_1_48' title='bbox 268 558 336 586; x_wconf 86' lang='grc' dir='ltr'>θεῶν</span> <span class='ocrx_word' id='word_1_49' title='bbox 354 559 447 591; x_wconf 85' lang='grc' dir='ltr'>παῖδες</span> <span class='ocrx_word' id='word_1_50' title='bbox 469 560 523 586; x_wconf 84' lang='grc' dir='ltr'>τῶν</span> <span class='ocrx_word' id='word_1_51' title='bbox 547 560 610 595; x_wconf 80' lang='grc' dir='ltr'>παρ’</span> <span class='ocrx_word' id='word_1_52' title='bbox 639 560 729 592; x_wconf 81' lang='grc' dir='ltr'>αὐτοῖς</span> <span class='ocrx_word' id='word_1_53' title='bbox 755 559 887 593; x_wconf 87' lang='grc' dir='ltr'>θεολόγων</span> <span class='ocrx_word' id='word_1_54' title='bbox 902 567 932 585; x_wconf 81' lang='grc' dir='ltr'><strong>τε</strong></span> 
     </span>
    </p>
   </div>
   <div class='ocr_carea' id='block_1_10' title="bbox 146 604 933 640">
    <p class='ocr_par' dir='ltr' id='par_1_10' title="bbox 146 604 933 640">
     <span class='ocr_line' id='line_1_10' title="bbox 146 604 933 640; baseline 0 -10"><span class='ocrx_word' id='word_1_55' title='bbox 146 604 193 631; x_wconf 74' lang='grc' dir='ltr'><strong>καὶ</strong></span> <span class='ocrx_word' id='word_1_56' title='bbox 207 604 326 639; x_wconf 84' lang='grc' dir='ltr'><strong>ποιητῶν</strong></span> <span class='ocrx_word' id='word_1_57' title='bbox 339 605 583 640; x_wconf 77' lang='grc' dir='ltr'>κεκωμῳδήκασιν,</span> <span class='ocrx_word' id='word_1_58' title='bbox 609 605 675 632; x_wconf 79' lang='grc' dir='ltr'>ἀλλὰ</span> <span class='ocrx_word' id='word_1_59' title='bbox 690 606 736 632; x_wconf 82' lang='grc' dir='ltr'>καὶ</span> <span class='ocrx_word' id='word_1_60' title='bbox 757 605 859 632; x_wconf 80' lang='grc' dir='ltr'>τούτων</span> <span class='ocrx_word' id='word_1_61' title='bbox 883 604 933 636; x_wconf 83' lang='grc' dir='ltr'>τὰς</span> 
     </span>
    </p>
   </div>
   <div class='ocr_carea' id='block_1_11' title="bbox 146 650 933 687">
    <p class='ocr_par' dir='ltr' id='par_1_11' title="bbox 146 650 933 687">
     <span class='ocr_line' id='line_1_11' title="bbox 146 650 933 687; baseline 0.003 -12"><span class='ocrx_word' id='word_1_62' title='bbox 146 652 347 686; x_wconf 84' lang='grc' dir='ltr'>σεμνοπρεπεῖς</span> <span class='ocrx_word' id='word_1_63' title='bbox 366 651 399 686; x_wconf 88' lang='grc' dir='ltr'>δὴ</span> <span class='ocrx_word' id='word_1_64' title='bbox 417 651 462 677; x_wconf 75' lang='grc' dir='ltr'>καὶ</span> <span class='ocrx_word' id='word_1_65' title='bbox 479 652 651 687; x_wconf 61' lang='grc' dir='ltr'>ἀπορρήτους</span> <span class='ocrx_word' id='word_1_66' title='bbox 672 651 853 686; x_wconf 79' lang='grc' dir='ltr'><strong>φυσιολογίας,</strong></span> <span class='ocrx_word' id='word_1_67' title='bbox 877 650 933 678; x_wconf 81' lang='grc' dir='ltr'>ἄνω</span> 
     </span>
    </p>
   </div>
   <div class='ocr_carea' id='block_1_12' title="bbox 146 696 933 733">
    <p class='ocr_par' dir='ltr' id='par_1_12' title="bbox 146 696 933 733">
     <span class='ocr_line' id='line_1_12' title="bbox 146 696 933 733; baseline 0 -11"><span class='ocrx_word' id='word_1_68' title='bbox 146 703 199 722; x_wconf 77' lang='grc' dir='ltr'><strong>που</strong></span> <span class='ocrx_word' id='word_1_69' title='bbox 216 696 256 727; x_wconf 87' lang='grc' dir='ltr'>εἰς</span> <span class='ocrx_word' id='word_1_70' title='bbox 271 696 383 732; x_wconf 82' lang='grc' dir='ltr'>οὐρανὸν</span> <span class='ocrx_word' id='word_1_71' title='bbox 396 697 443 723; x_wconf 83' lang='grc' dir='ltr'>καὶ</span> <span class='ocrx_word' id='word_1_72' title='bbox 460 696 495 723; x_wconf 76' lang='grc' dir='ltr'><strong>τὰ</strong></span> <span class='ocrx_word' id='word_1_73' title='bbox 516 697 618 732; x_wconf 79' lang='grc' dir='ltr'><strong>κόσμου</strong></span> <span class='ocrx_word' id='word_1_74' title='bbox 640 697 709 733; x_wconf 80' lang='grc' dir='ltr'>μέρη</span> <span class='ocrx_word' id='word_1_75' title='bbox 724 697 792 732; x_wconf 82' lang='grc' dir='ltr'>πρὸς</span> <span class='ocrx_word' id='word_1_76' title='bbox 809 697 858 732; x_wconf 81' lang='grc' dir='ltr'>τῆς</span> <span class='ocrx_word' id='word_1_77' title='bbox 871 705 933 731; x_wconf 88' lang='grc' dir='ltr'>γεν-</span> 
     </span>
    </p>
   </div>
   <div class='ocr_carea' id='block_1_13' title="bbox 145 740 932 779">
    <p class='ocr_par' dir='ltr' id='par_1_13' title="bbox 145 740 932 779">
     <span class='ocr_line' id='line_1_13' title="bbox 145 740 932 779; baseline 0.003 -13"><span class='ocrx_word' id='word_1_78' title='bbox 145 740 224 772; x_wconf 86' lang='grc' dir='ltr'>ναίας</span> <span class='ocrx_word' id='word_1_79' title='bbox 238 740 395 776; x_wconf 74' lang='grc' dir='ltr'>φιλοσοφίας</span> <span class='ocrx_word' id='word_1_80' title='bbox 409 742 651 777; x_wconf 81' lang='grc' dir='ltr'>μετενηνεγμένας,</span> <span class='ocrx_word' id='word_1_81' title='bbox 669 741 808 779; x_wconf 81' lang='grc' dir='ltr'>πρώτιστα</span> <span class='ocrx_word' id='word_1_82' title='bbox 826 743 932 769; x_wconf 79' lang='grc' dir='ltr'>πάντων</span> 
     </span>
    </p>
   </div>
   <div class='ocr_carea' id='block_1_14' title="bbox 145 785 930 824">
    <p class='ocr_par' dir='ltr' id='par_1_14' title="bbox 145 785 930 824">
     <span class='ocr_line' id='line_1_14' title="bbox 145 785 930 824; baseline 0.004 -12"><span class='ocrx_word' id='word_1_83' title='bbox 145 786 176 812; x_wconf 72' lang='grc' dir='ltr'>ιν</span> <span class='ocrx_word' id='word_1_84' title='bbox 195 786 267 821; x_wconf 61' lang='grc' dir='ltr'><strong>τρισὶ¹</strong></span> <span class='ocrx_word' id='word_1_85' title='bbox 282 788 338 818; x_wconf 86' lang='grc' dir='ltr'>τοῖς</span> <span class='ocrx_word' id='word_1_86' title='bbox 352 785 470 822; x_wconf 81' lang='grc' dir='ltr'><strong>πρώτοις</strong></span> <span class='ocrx_word' id='word_1_87' title='bbox 483 788 679 823; x_wconf 82' lang='grc' dir='ltr'><strong>συγγράμμασι</strong></span> <span class='ocrx_word' id='word_1_88' title='bbox 695 787 930 824; x_wconf 83' lang='grc' dir='ltr'>διηρευνησάμην·</span> 
     </span>
    </p>
   </div>
   <div class='ocr_carea' id='block_1_15' title="bbox 144 831 933 870">
    <p class='ocr_par' dir='ltr' id='par_1_15' title="bbox 144 831 933 870">
     <span class='ocr_line' id='line_1_15' title="bbox 144 831 933 870; baseline 0.005 -13"><span class='ocrx_word' id='word_1_89' title='bbox 144 831 233 858; x_wconf 79' lang='grc' dir='ltr'>καίτοι</span> <span class='ocrx_word' id='word_1_90' title='bbox 252 831 334 868; x_wconf 79' lang='grc' dir='ltr'>μηδὲν</span> <span class='ocrx_word' id='word_1_91' title='bbox 347 833 378 859; x_wconf 82' lang='grc' dir='ltr'><strong>τὸ</strong></span> <span class='ocrx_word' id='word_1_92' title='bbox 388 833 518 869; x_wconf 76' lang='grc' dir='ltr'>παράπαν</span> <span class='ocrx_word' id='word_1_93' title='bbox 535 834 563 860; x_wconf 82' lang='grc' dir='ltr'>ὲν</span> <span class='ocrx_word' id='word_1_94' title='bbox 579 834 682 866; x_wconf 86' lang='grc' dir='ltr'>τούτοις</span> <span class='ocrx_word' id='word_1_95' title='bbox 693 835 791 870; x_wconf 76' lang='grc' dir='ltr'>χρῆναι</span> <span class='ocrx_word' id='word_1_96' title='bbox 805 835 933 870; x_wconf 88' lang='grc' dir='ltr'>σεμνολο-</span> 
     </span>
    </p>
   </div>
   <div class='ocr_carea' id='block_1_16' title="bbox 144 877 933 916">
    <p class='ocr_par' dir='ltr' id='par_1_16' title="bbox 144 877 933 916">
     <span class='ocr_line' id='line_1_16' title="bbox 144 877 933 916; baseline 0.004 -12"><span class='ocrx_word' id='word_1_97' title='bbox 144 879 204 912; x_wconf 87' lang='grc' dir='ltr'>γεῖν</span> <span class='ocrx_word' id='word_1_98' title='bbox 215 878 269 905; x_wconf 86' lang='grc' dir='ltr'><strong>τῶν</strong></span> <span class='ocrx_word' id='word_1_99' title='bbox 286 877 417 913; x_wconf 82' lang='grc' dir='ltr'>θεολόγων</span> <span class='ocrx_word' id='word_1_100' title='bbox 437 879 528 906; x_wconf 82' lang='grc' dir='ltr'>αὐτῶν</span> <span class='ocrx_word' id='word_1_101' title='bbox 545 879 772 915; x_wconf 81' lang='grc' dir='ltr'>ἀποφηναμένων.</span> <span class='ocrx_word' id='word_1_102' title='bbox 797 880 933 916; x_wconf 83' lang='grc' dir='ltr'>Τηρητέον</span> 
     </span>
    </p>
   </div>
   <div class='ocr_carea' id='block_1_17' title="bbox 144 924 935 962">
    <p class='ocr_par' dir='ltr' id='par_1_17' title="bbox 144 924 935 962">
     <span class='ocr_line' id='line_1_17' title="bbox 144 924 935 962; baseline 0.004 -12"><span class='ocrx_word' id='word_1_103' title='bbox 144 924 220 958; x_wconf 81' lang='grc' dir='ltr'>γοῦν,</span> <span class='ocrx_word' id='word_1_104' title='bbox 238 924 276 956; x_wconf 87' lang='grc' dir='ltr'>ὡς</span> <span class='ocrx_word' id='word_1_105' title='bbox 291 924 332 951; x_wconf 74' lang='grc' dir='ltr'>ὅτι</span> <span class='ocrx_word' id='word_1_106' title='bbox 353 925 470 960; x_wconf 82' lang='grc' dir='ltr'>μάλιστα</span> <span class='ocrx_word' id='word_1_107' title='bbox 481 926 506 952; x_wconf 82' lang='lat' dir='ltr'><strong>oi.</strong></span> <span class='ocrx_word' id='word_1_108' title='bbox 519 925 700 961; x_wconf 75' lang='grc' dir='ltr'>πρεσϐύτατοι</span> <span class='ocrx_word' id='word_1_109' title='bbox 725 925 779 952; x_wconf 86' lang='grc' dir='ltr'>τῶν</span> <span class='ocrx_word' id='word_1_110' title='bbox 803 928 868 962; x_wconf 81' lang='grc' dir='ltr'>παρ’</span> <span class='ocrx_word' id='word_1_111' title='bbox 885 927 935 953; x_wconf 76' lang='grc' dir='ltr'><strong>αὺ-</strong></span> 
     </span>
    </p>
   </div>
   <div class='ocr_carea' id='block_1_18' title="bbox 143 970 932 1008">
    <p class='ocr_par' dir='ltr' id='par_1_18' title="bbox 143 970 932 1008">
     <span class='ocr_line' id='line_1_18' title="bbox 143 970 932 1008; baseline 0.003 -12"><span class='ocrx_word' id='word_1_112' title='bbox 143 972 201 1002; x_wconf 82' lang='grc' dir='ltr'>τοῖς</span> <span class='ocrx_word' id='word_1_113' title='bbox 223 970 354 1005; x_wconf 79' lang='grc' dir='ltr'>θεολόγων</span> <span class='ocrx_word' id='word_1_114' title='bbox 369 971 444 998; x_wconf 77' lang='grc' dir='ltr'>οὐδέν</span> <span class='ocrx_word' id='word_1_115' title='bbox 460 980 487 998; x_wconf 90' lang='grc' dir='ltr'><strong>τι</strong></span> <span class='ocrx_word' id='word_1_116' title='bbox 512 971 592 998; x_wconf 77' lang='grc' dir='ltr'>πλέον</span> <span class='ocrx_word' id='word_1_117' title='bbox 614 974 663 1007; x_wconf 85' lang='grc' dir='ltr'>τῆς</span> <span class='ocrx_word' id='word_1_118' title='bbox 681 972 801 1008; x_wconf 67' lang='grc' dir='ltr'>ἱστορίας</span> <span class='ocrx_word' id='word_1_119' title='bbox 822 972 932 1004; x_wconf 77' lang='grc' dir='ltr'>εἰδότες.</span> 
     </span>
    </p>
   </div>
   <div class='ocr_carea' id='block_1_19' title="bbox 146 1010 931 1055">
    <p class='ocr_par' dir='ltr' id='par_1_19' title="bbox 146 1010 931 1055">
     <span class='ocr_line' id='line_1_19' title="bbox 146 1010 931 1055; baseline 0.004 -12"><span class='ocrx_word' id='word_1_120' title='bbox 146 1017 238 1052; x_wconf 87' lang='grc' dir='ltr'>μόνοις</span> <span class='ocrx_word' id='word_1_121' title='bbox 250 1017 278 1043; x_wconf 81' lang='grc' dir='ltr'>δὲ</span> <span class='ocrx_word' id='word_1_122' title='bbox 292 1019 348 1049; x_wconf 81' lang='grc' dir='ltr'>τοῖς</span> <span class='ocrx_word' id='word_1_123' title='bbox 363 1010 457 1053; x_wconf 77' lang='grc' dir='ltr'>μῦθοις</span> <span class='ocrx_word' id='word_1_124' title='bbox 469 1019 681 1054; x_wconf 80' lang='grc' dir='ltr'>προσανέχοντες</span> <span class='ocrx_word' id='word_1_125' title='bbox 691 1019 931 1055; x_wconf 75' lang='grc' dir='ltr'><strong>ἐμαρτυρήθησαν.</strong></span> 
     </span>
    </p>
   </div>
   <div class='ocr_carea' id='block_1_20' title="bbox 146 1062 934 1100">
    <p class='ocr_par' dir='ltr' id='par_1_20' title="bbox 146 1062 934 1100">
     <span class='ocr_line' id='line_1_20' title="bbox 146 1062 934 1100; baseline 0.003 -11"><span class='ocrx_word' id='word_1_126' title='bbox 146 1062 228 1090; x_wconf 83' lang='grc' dir='ltr'><strong>Ὅθεν</strong></span> <span class='ocrx_word' id='word_1_127' title='bbox 243 1063 355 1095; x_wconf 83' lang='grc' dir='ltr'>είκότως</span> <span class='ocrx_word' id='word_1_128' title='bbox 365 1065 393 1090; x_wconf 79' lang='grc' dir='ltr'>ὲν</span> <span class='ocrx_word' id='word_1_129' title='bbox 408 1064 508 1096; x_wconf 80' lang='grc' dir='ltr'>πάσαις</span> <span class='ocrx_word' id='word_1_130' title='bbox 523 1064 616 1090; x_wconf 87' lang='grc' dir='ltr'>πόλεσί</span> <span class='ocrx_word' id='word_1_131' title='bbox 627 1073 656 1090; x_wconf 83' lang='grc' dir='ltr'><strong>τε</strong></span> <span class='ocrx_word' id='word_1_132' title='bbox 672 1065 718 1091; x_wconf 77' lang='grc' dir='ltr'>καὶ</span> <span class='ocrx_word' id='word_1_133' title='bbox 731 1065 849 1100; x_wconf 81' lang='grc' dir='ltr'><strong>κώμαις,</strong></span> <span class='ocrx_word' id='word_1_134' title='bbox 863 1065 934 1091; x_wconf 76' lang='grc' dir='ltr'>κατὰ</span> 
     </span>
    </p>
   </div>
   <div class='ocr_carea' id='block_1_21' title="bbox 144 1109 934 1147">
    <p class='ocr_par' dir='ltr' id='par_1_21' title="bbox 144 1109 934 1147">
     <span class='ocr_line' id='line_1_21' title="bbox 144 1109 934 1147; baseline 0.003 -11"><span class='ocrx_word' id='word_1_135' title='bbox 144 1110 194 1142; x_wconf 82' lang='grc' dir='ltr'><strong>τὰς</strong></span> <span class='ocrx_word' id='word_1_136' title='bbox 209 1109 262 1136; x_wconf 86' lang='grc' dir='ltr'>τῶν</span> <span class='ocrx_word' id='word_1_137' title='bbox 280 1109 401 1136; x_wconf 84' lang='grc' dir='ltr'>παλαιῶν</span> <span class='ocrx_word' id='word_1_138' title='bbox 417 1109 557 1145; x_wconf 83' lang='grc' dir='ltr'>διηγήσεις</span> <span class='ocrx_word' id='word_1_139' title='bbox 568 1129 576 1141; x_wconf 82' lang='grc'><em>,</em></span> <span class='ocrx_word' id='word_1_140' title='bbox 600 1110 668 1137; x_wconf 86' lang='grc' dir='ltr'>θεῶν</span> <span class='ocrx_word' id='word_1_141' title='bbox 688 1110 794 1137; x_wconf 82' lang='grc' dir='ltr'>τελεταὶ</span> <span class='ocrx_word' id='word_1_142' title='bbox 817 1111 863 1138; x_wconf 75' lang='grc' dir='ltr'>καὶ</span> <span class='ocrx_word' id='word_1_143' title='bbox 882 1120 934 1147; x_wconf 82' lang='grc' dir='ltr'><strong>μυ-</strong></span> 
     </span>
    </p>
   </div>
   <div class='ocr_carea' id='block_1_22' title="bbox 145 1154 932 1193">
    <p class='ocr_par' dir='ltr' id='par_1_22' title="bbox 145 1154 932 1193">
     <span class='ocr_line' id='line_1_22' title="bbox 145 1154 932 1193; baseline 0.003 -12"><span class='ocrx_word' id='word_1_144' title='bbox 145 1155 245 1191; x_wconf 79' lang='grc' dir='ltr'>στήρια</span> <span class='ocrx_word' id='word_1_145' title='bbox 262 1154 393 1191; x_wconf 79' lang='grc' dir='ltr'>σύμφωνα</span> <span class='ocrx_word' id='word_1_146' title='bbox 407 1156 464 1186; x_wconf 84' lang='grc' dir='ltr'>τοῖς</span> <span class='ocrx_word' id='word_1_147' title='bbox 479 1154 533 1181; x_wconf 85' lang='grc' dir='ltr'>τῶν</span> <span class='ocrx_word' id='word_1_148' title='bbox 551 1155 690 1191; x_wconf 81' lang='grc' dir='ltr'>προτέρων</span> <span class='ocrx_word' id='word_1_149' title='bbox 703 1156 826 1191; x_wconf 83' lang='grc' dir='ltr'>μυθικοῖς</span> <span class='ocrx_word' id='word_1_150' title='bbox 836 1157 932 1193; x_wconf 87' lang='grc' dir='ltr'>διηγή-</span> 
     </span>
    </p>
   </div>
   <div class='ocr_carea' id='block_1_23' title="bbox 146 1200 933 1237">
    <p class='ocr_par' dir='ltr' id='par_1_23' title="bbox 146 1200 933 1237">
     <span class='ocr_line' id='line_1_23' title="bbox 146 1200 933 1237; baseline 0.003 -10"><span class='ocrx_word' id='word_1_151' title='bbox 146 1209 214 1236; x_wconf 85' lang='grc' dir='ltr'>μασι</span> <span class='ocrx_word' id='word_1_152' title='bbox 228 1200 407 1237; x_wconf 83' lang='grc' dir='ltr'>παραδέδοται</span> <span class='ocrx_word' id='word_1_153' title='bbox 419 1208 427 1216; x_wconf 71' lang='grc' dir='ltr'>δ</span> <span class='ocrx_word' id='word_1_154' title='bbox 441 1200 479 1233; x_wconf 84' lang='grc' dir='ltr'><strong>ὡς</strong></span> <span class='ocrx_word' id='word_1_155' title='bbox 494 1201 577 1228; x_wconf 80' lang='grc' dir='ltr'>εἰσέτι</span> <span class='ocrx_word' id='word_1_156' title='bbox 588 1201 635 1228; x_wconf 80' lang='grc' dir='ltr'>καὶ</span> <span class='ocrx_word' id='word_1_157' title='bbox 656 1201 703 1228; x_wconf 76' lang='grc' dir='ltr'>νῦν</span> <span class='ocrx_word' id='word_1_158' title='bbox 725 1202 778 1228; x_wconf 79' lang='grc' dir='ltr'><strong>τῶν</strong></span> <span class='ocrx_word' id='word_1_159' title='bbox 802 1201 871 1228; x_wconf 81' lang='grc' dir='ltr'>θεῶν</span> <span class='ocrx_word' id='word_1_160' title='bbox 884 1203 933 1237; x_wconf 84' lang='grc' dir='ltr'><strong>γά-</strong></span> 
     </span>
    </p>
   </div>
   <div class='ocr_carea' id='block_1_24' title="bbox 146 1247 932 1283">
    <p class='ocr_par' dir='ltr' id='par_1_24' title="bbox 146 1247 932 1283">
     <span class='ocr_line' id='line_1_24' title="bbox 146 1247 932 1283; baseline 0.003 -10"><span class='ocrx_word' id='word_1_161' title='bbox 146 1255 214 1282; x_wconf 83' lang='grc' dir='ltr'>μους</span> <span class='ocrx_word' id='word_1_162' title='bbox 227 1247 274 1273; x_wconf 77' lang='grc' dir='ltr'>καὶ</span> <span class='ocrx_word' id='word_1_163' title='bbox 288 1247 466 1279; x_wconf 83' lang='grc' dir='ltr'>παιδοποιίας,</span> <span class='ocrx_word' id='word_1_164' title='bbox 483 1247 597 1283; x_wconf 79' lang='grc' dir='ltr'>θρήνους</span> <span class='ocrx_word' id='word_1_165' title='bbox 610 1256 639 1273; x_wconf 86' lang='grc' dir='ltr'><strong>τε</strong></span> <span class='ocrx_word' id='word_1_166' title='bbox 652 1248 699 1274; x_wconf 77' lang='grc' dir='ltr'>καὶ</span> <span class='ocrx_word' id='word_1_167' title='bbox 711 1247 806 1283; x_wconf 81' lang='grc' dir='ltr'>μέθας,</span> <span class='ocrx_word' id='word_1_168' title='bbox 817 1249 863 1275; x_wconf 78' lang='grc' dir='ltr'>καὶ</span> <span class='ocrx_word' id='word_1_169' title='bbox 878 1248 932 1275; x_wconf 85' lang='grc' dir='ltr'>τῶν</span> 
     </span>
    </p>
   </div>
   <div class='ocr_carea' id='block_1_25' title="bbox 147 1293 932 1330">
    <p class='ocr_par' dir='ltr' id='par_1_25' title="bbox 147 1293 932 1330">
     <span class='ocr_line' id='line_1_25' title="bbox 147 1293 932 1330; baseline 0.003 -10"><span class='ocrx_word' id='word_1_170' title='bbox 147 1293 198 1329; x_wconf 79' lang='grc' dir='ltr'>μὲν</span> <span class='ocrx_word' id='word_1_171' title='bbox 211 1293 323 1326; x_wconf 84' lang='grc' dir='ltr'>πλάνας,</span> <span class='ocrx_word' id='word_1_172' title='bbox 350 1294 404 1320; x_wconf 84' lang='grc' dir='ltr'>τῶν</span> <span class='ocrx_word' id='word_1_173' title='bbox 419 1294 440 1320; x_wconf 87' lang='grc' dir='ltr'>δ’</span> <span class='ocrx_word' id='word_1_174' title='bbox 467 1294 581 1330; x_wconf 71' lang='grc' dir='ltr'>ἔρωτας,</span> <span class='ocrx_word' id='word_1_175' title='bbox 596 1293 650 1320; x_wconf 87' lang='grc' dir='ltr'>τῶν</span> <span class='ocrx_word' id='word_1_176' title='bbox 666 1294 694 1321; x_wconf 84' lang='grc' dir='ltr'>δὲ</span> <span class='ocrx_word' id='word_1_177' title='bbox 713 1294 813 1330; x_wconf 80' lang='grc' dir='ltr'>ὀργὰς,</span> <span class='ocrx_word' id='word_1_178' title='bbox 838 1294 891 1322; x_wconf 84' lang='grc' dir='ltr'><strong>τῶν</strong></span> <span class='ocrx_word' id='word_1_179' title='bbox 904 1295 932 1322; x_wconf 81' lang='grc' dir='ltr'>δὲ</span> 
     </span>
    </p>
   </div>
   <div class='ocr_carea' id='block_1_26' title="bbox 146 1339 932 1377">
    <p class='ocr_par' dir='ltr' id='par_1_26' title="bbox 146 1339 932 1377">
     <span class='ocr_line' id='line_1_26' title="bbox 146 1339 932 1377; baseline 0.003 -11"><span class='ocrx_word' id='word_1_180' title='bbox 146 1339 242 1376; x_wconf 80' lang='grc' dir='ltr'>ἑτέρας</span> <span class='ocrx_word' id='word_1_181' title='bbox 258 1340 388 1372; x_wconf 86' lang='grc' dir='ltr'>παντοίας</span> <span class='ocrx_word' id='word_1_182' title='bbox 403 1341 544 1377; x_wconf 74' lang='grc' dir='ltr'>συμφοράς</span> <span class='ocrx_word' id='word_1_183' title='bbox 562 1349 590 1366; x_wconf 83' lang='grc' dir='ltr'><strong>τε</strong></span> <span class='ocrx_word' id='word_1_184' title='bbox 603 1341 649 1367; x_wconf 71' lang='grc' dir='ltr'>καὶ</span> <span class='ocrx_word' id='word_1_185' title='bbox 663 1341 845 1376; x_wconf 79' lang='grc' dir='ltr'>περιστάσεις,</span> <span class='ocrx_word' id='word_1_186' title='bbox 866 1342 932 1368; x_wconf 70' lang='grc' dir='ltr'>ἀκα-</span> 
     </span>
    </p>
   </div>
   <div class='ocr_carea' id='block_1_27' title="bbox 144 1385 930 1422">
    <p class='ocr_par' dir='ltr' id='par_1_27' title="bbox 144 1385 930 1422">
     <span class='ocr_line' id='line_1_27' title="bbox 144 1385 930 1422; baseline 0.003 -10"><span class='ocrx_word' id='word_1_187' title='bbox 144 1385 248 1418; x_wconf 81' lang='grc' dir='ltr'>λούθως</span> <span class='ocrx_word' id='word_1_188' title='bbox 261 1387 317 1418; x_wconf 83' lang='grc' dir='ltr'>τοῖς</span> <span class='ocrx_word' id='word_1_189' title='bbox 330 1386 382 1412; x_wconf 76' lang='grc' dir='ltr'>ὑπὸ</span> <span class='ocrx_word' id='word_1_190' title='bbox 395 1386 448 1413; x_wconf 85' lang='grc' dir='ltr'>τῶν</span> <span class='ocrx_word' id='word_1_191' title='bbox 467 1386 653 1413; x_wconf 81' lang='grc' dir='ltr'>παλαιοτάτων</span> <span class='ocrx_word' id='word_1_192' title='bbox 677 1396 728 1422; x_wconf 86' lang='grc' dir='ltr'><strong>μνη</strong></span> <span class='ocrx_word' id='word_1_193' title='bbox 733 1387 930 1422; x_wconf 81' lang='grc' dir='ltr'>μονευομὲνοις,</span> 
     </span>
    </p>
   </div>
   <div class='ocr_carea' id='block_1_28' title="bbox 145 1432 932 1468">
    <p class='ocr_par' dir='ltr' id='par_1_28' title="bbox 145 1432 932 1468">
     <span class='ocr_line' id='line_1_28' title="bbox 145 1432 932 1468; baseline 0.001 -10"><span class='ocrx_word' id='word_1_194' title='bbox 145 1432 218 1458; x_wconf 81' lang='grc' dir='ltr'>κατά</span> <span class='ocrx_word' id='word_1_195' title='bbox 233 1441 262 1458; x_wconf 87' lang='grc' dir='ltr'><strong>τε</strong></span> <span class='ocrx_word' id='word_1_196' title='bbox 277 1432 327 1464; x_wconf 82' lang='grc' dir='ltr'><strong>τὰς</strong></span> <span class='ocrx_word' id='word_1_197' title='bbox 340 1432 460 1464; x_wconf 82' lang='grc' dir='ltr'>τελετὰς,</span> <span class='ocrx_word' id='word_1_198' title='bbox 471 1432 499 1459; x_wconf 78' lang='grc' dir='ltr'>ἐν</span> <span class='ocrx_word' id='word_1_199' title='bbox 514 1441 543 1459; x_wconf 84' lang='grc' dir='ltr'><strong>τε</strong></span> <span class='ocrx_word' id='word_1_200' title='bbox 553 1434 610 1465; x_wconf 84' lang='grc' dir='ltr'>τοῖς</span> <span class='ocrx_word' id='word_1_201' title='bbox 623 1432 726 1468; x_wconf 78' lang='grc' dir='ltr'>ὕμνοις,</span> <span class='ocrx_word' id='word_1_202' title='bbox 741 1433 788 1460; x_wconf 75' lang='grc' dir='ltr'>καὶ</span> <span class='ocrx_word' id='word_1_203' title='bbox 807 1434 867 1465; x_wconf 86' lang='grc' dir='ltr'>ταῖς</span> <span class='ocrx_word' id='word_1_204' title='bbox 892 1434 932 1465; x_wconf 85' lang='grc' dir='ltr'><strong>είς</strong></span> 
     </span>
    </p>
   </div>
   <div class='ocr_carea' id='block_1_29' title="bbox 144 1476 932 1515">
    <p class='ocr_par' dir='ltr' id='par_1_29' title="bbox 144 1476 932 1515">
     <span class='ocr_line' id='line_1_29' title="bbox 144 1476 932 1515; baseline 0.003 -11"><span class='ocrx_word' id='word_1_205' title='bbox 144 1478 210 1509; x_wconf 79' lang='grc' dir='ltr'>τοὺς</span> <span class='ocrx_word' id='word_1_206' title='bbox 223 1476 300 1509; x_wconf 87' lang='grc' dir='ltr'>θεοὺς</span> <span class='ocrx_word' id='word_1_207' title='bbox 319 1478 417 1509; x_wconf 79' lang='grc' dir='ltr'>αὐτοὺς</span> <span class='ocrx_word' id='word_1_208' title='bbox 438 1478 636 1513; x_wconf 76' lang='grc' dir='ltr'>πεποιημέναις</span> <span class='ocrx_word' id='word_1_209' title='bbox 650 1478 731 1513; x_wconf 81' lang='grc' dir='ltr'>ᾠδαῖς</span> <span class='ocrx_word' id='word_1_210' title='bbox 752 1479 932 1515; x_wconf 74' lang='grc' dir='ltr'>παραλαμϐά-</span> 
     </span>
    </p>
   </div>
   <div class='ocr_carea' id='block_1_30' title="bbox 145 1524 932 1561">
    <p class='ocr_par' dir='ltr' id='par_1_30' title="bbox 145 1524 932 1561">
     <span class='ocr_line' id='line_1_30' title="bbox 145 1524 932 1561; baseline 0.003 -11"><span class='ocrx_word' id='word_1_211' title='bbox 145 1532 213 1550; x_wconf 84' lang='grc' dir='ltr'>νειν.</span> <span class='ocrx_word' id='word_1_212' title='bbox 226 1524 298 1559; x_wconf 87' lang='grc' dir='ltr'>Πλὴν</span> <span class='ocrx_word' id='word_1_213' title='bbox 309 1525 383 1560; x_wconf 84' lang='grc' dir='ltr'>ὅμως</span> <span class='ocrx_word' id='word_1_214' title='bbox 394 1525 426 1551; x_wconf 85' lang='grc' dir='ltr'>ὲκ</span> <span class='ocrx_word' id='word_1_215' title='bbox 441 1525 597 1561; x_wconf 80' lang='grc' dir='ltr'>περιουσίας</span> <span class='ocrx_word' id='word_1_216' title='bbox 610 1526 656 1551; x_wconf 76' lang='grc' dir='ltr'>καὶ</span> <span class='ocrx_word' id='word_1_217' title='bbox 673 1524 773 1552; x_wconf 79' lang='grc' dir='ltr'>τούτων</span> <span class='ocrx_word' id='word_1_218' title='bbox 785 1525 873 1552; x_wconf 81' lang='grc' dir='ltr'>αὐτῶν</span> <span class='ocrx_word' id='word_1_219' title='bbox 883 1526 932 1558; x_wconf 77' lang='grc' dir='ltr'>τὰς</span> 
     </span>
    </p>
   </div>
   <div class='ocr_carea' id='block_1_31' title="bbox 728 177 1199 206">
    <p class='ocr_par' dir='ltr' id='par_1_31' title="bbox 728 177 1199 206">
     <span class='ocr_line' id='line_1_31' title="bbox 728 177 1199 206; baseline 0.002 -2"><span class='ocrx_word' id='word_1_220' title='bbox 728 177 888 205; x_wconf 73' lang='grc' dir='ltr'><strong>ΡΒΑΞΡΛΒ.</strong></span> <span class='ocrx_word' id='word_1_221' title='bbox 908 177 1032 206; x_wconf 79' lang='lat' dir='ltr'><strong>EVANG.</strong></span> <span class='ocrx_word' id='word_1_222' title='bbox 1055 177 1118 205; x_wconf 82' lang='lat' dir='ltr'><strong>LIB.</strong></span> <span class='ocrx_word' id='word_1_223' title='bbox 1142 177 1199 205; x_wconf 73' lang='lat' dir='ltr'><strong>XV.</strong></span> 
     </span>
    </p>
   </div>
   <div class='ocr_carea' id='block_1_32' title="bbox 1702 177 1772 206">
    <p class='ocr_par' dir='ltr' id='par_1_32' title="bbox 1702 177 1772 206">
     <span class='ocr_line' id='line_1_32' title="bbox 1702 177 1772 206; baseline 0.014 -1"><span class='ocrx_word' id='word_1_224' title='bbox 1702 177 1772 206; x_wconf 61' lang='lat'><strong>£294</strong></span> 
     </span>
    </p>
   </div>
   <div class='ocr_carea' id='block_1_33' title="bbox 1227 234 1478 271">
    <p class='ocr_par' dir='ltr' id='par_1_33' title="bbox 1227 234 1478 271">
     <span class='ocr_line' id='line_1_33' title="bbox 1227 234 1478 271; baseline 0 -9"><span class='ocrx_word' id='word_1_225' title='bbox 1227 235 1311 271; x_wconf 71' lang='lat'><strong>733</strong></span> <span class='ocrx_word' id='word_1_226' title='bbox 1328 234 1442 263; x_wconf 80' lang='lat' dir='ltr'>CAPUT</span> <span class='ocrx_word' id='word_1_227' title='bbox 1458 234 1478 262; x_wconf 84' lang='grc' dir='ltr'>ι.</span> 
     </span>
    </p>
   </div>
   <div class='ocr_carea' id='block_1_34' title="bbox 1060 281 1693 317">
    <p class='ocr_par' dir='ltr' id='par_1_34' title="bbox 1060 281 1693 317">
     <span class='ocr_line' id='line_1_34' title="bbox 1060 281 1693 317; baseline -0.002 -8"><span class='ocrx_word' id='word_1_228' title='bbox 1060 282 1231 316; x_wconf 65' lang='lat' dir='ltr'><strong>Praemium,</strong></span> <span class='ocrx_word' id='word_1_229' title='bbox 1245 290 1296 317; x_wconf 84' lang='lat' dir='ltr'><strong>quo</strong></span> <span class='ocrx_word' id='word_1_230' title='bbox 1310 281 1390 308; x_wconf 75' lang='lat' dir='ltr'><strong>totius</strong></span> <span class='ocrx_word' id='word_1_231' title='bbox 1406 283 1491 316; x_wconf 76' lang='lat' dir='ltr'><strong>operis</strong></span> <span class='ocrx_word' id='word_1_232' title='bbox 1510 287 1693 316; x_wconf 73' lang='lat' dir='ltr'><strong><em>argumentum</em></strong></span> 
     </span>
    </p>
   </div>
   <div class='ocr_carea' id='block_1_35' title="bbox 1293 317 1451 351">
    <p class='ocr_par' dir='ltr' id='par_1_35' title="bbox 1293 317 1451 351">
     <span class='ocr_line' id='line_1_35' title="bbox 1293 317 1451 351; baseline 0 -7"><span class='ocrx_word' id='word_1_233' title='bbox 1293 317 1451 351; x_wconf 66' lang='lat' dir='ltr'><strong>explicatur.</strong></span> 
     </span>
    </p>
   </div>
   <div class='ocr_carea' id='block_1_36' title="bbox 1017 374 1769 410">
    <p class='ocr_par' dir='ltr' id='par_1_36' title="bbox 1017 374 1769 410">
     <span class='ocr_line' id='line_1_36' title="bbox 1017 374 1769 410; baseline 0 -8"><span class='ocrx_word' id='word_1_234' title='bbox 1017 374 1085 402; x_wconf 84' lang='lat' dir='ltr'><strong>Cum</strong></span> <span class='ocrx_word' id='word_1_235' title='bbox 1099 382 1195 410; x_wconf 79' lang='lat' dir='ltr'><strong>Ingens</strong></span> <span class='ocrx_word' id='word_1_236' title='bbox 1205 382 1294 410; x_wconf 72' lang='lat' dir='ltr'><strong>operte</strong></span> <span class='ocrx_word' id='word_1_237' title='bbox 1304 375 1420 409; x_wconf 90' lang='lat' dir='ltr'><strong>pretium</strong></span> <span class='ocrx_word' id='word_1_238' title='bbox 1433 382 1476 402; x_wconf 85' lang='lat' dir='ltr'><strong>me</strong></span> <span class='ocrx_word' id='word_1_239' title='bbox 1485 374 1618 401; x_wconf 87' lang='lat' dir='ltr'><strong>facturum</strong></span> <span class='ocrx_word' id='word_1_240' title='bbox 1634 379 1769 409; x_wconf 82' lang='lat' dir='ltr'><strong>putarem,</strong></span> 
     </span>
    </p>
   </div>
   <div class='ocr_carea' id='block_1_37' title="bbox 983 420 1770 455">
    <p class='ocr_par' dir='ltr' id='par_1_37' title="bbox 983 420 1770 455">
     <span class='ocr_line' id='line_1_37' title="bbox 983 420 1770 455; baseline 0 -8"><span class='ocrx_word' id='word_1_241' title='bbox 983 421 1006 447; x_wconf 87' lang='lat' dir='ltr'><strong>si</strong></span> <span class='ocrx_word' id='word_1_242' title='bbox 1025 428 1105 454; x_wconf 81' lang='lat' dir='ltr'><strong>quant</strong></span> <span class='ocrx_word' id='word_1_243' title='bbox 1134 422 1245 448; x_wconf 80' lang='lat' dir='ltr'><strong>deorum</strong></span> <span class='ocrx_word' id='word_1_244' title='bbox 1269 421 1469 448; x_wconf 73' lang='lat' dir='ltr'><strong>multitudinem</strong></span> <span class='ocrx_word' id='word_1_245' title='bbox 1492 420 1647 448; x_wconf 89' lang='lat' dir='ltr'><strong>communis</strong></span> <span class='ocrx_word' id='word_1_246' title='bbox 1660 421 1704 448; x_wconf 90' lang='lat' dir='ltr'><strong>ille</strong></span> <span class='ocrx_word' id='word_1_247' title='bbox 1719 429 1770 455; x_wconf 86' lang='lat' dir='ltr'><strong>po-</strong></span> 
     </span>
    </p>
   </div>
   <div class='ocr_carea' id='block_1_38' title="bbox 983 466 1770 502">
    <p class='ocr_par' dir='ltr' id='par_1_38' title="bbox 983 466 1770 502">
     <span class='ocr_line' id='line_1_38' title="bbox 983 466 1770 502; baseline 0 -9"><span class='ocrx_word' id='word_1_248' title='bbox 983 467 1108 502; x_wconf 90' lang='lat' dir='ltr'><strong>pulorum</strong></span> <span class='ocrx_word' id='word_1_249' title='bbox 1129 468 1250 494; x_wconf 84' lang='lat' dir='ltr'><strong>omnium</strong></span> <span class='ocrx_word' id='word_1_250' title='bbox 1265 474 1342 494; x_wconf 89' lang='lat' dir='ltr'><strong>error</strong></span> <span class='ocrx_word' id='word_1_251' title='bbox 1360 467 1510 498; x_wconf 73' lang='lat' dir='ltr'><strong>invexerat,</strong></span> <span class='ocrx_word' id='word_1_252' title='bbox 1528 467 1555 494; x_wconf 76' lang='lat' dir='ltr'><strong>in</strong></span> <span class='ocrx_word' id='word_1_253' title='bbox 1573 467 1633 502; x_wconf 82' lang='lat' dir='ltr'><strong>ipso</strong></span> <span class='ocrx_word' id='word_1_254' title='bbox 1650 466 1770 502; x_wconf 81' lang='lat' dir='ltr'><strong>Evange-</strong></span> 
     </span>
    </p>
   </div>
   <div class='ocr_carea' id='block_1_39' title="bbox 982 511 1769 547">
    <p class='ocr_par' dir='ltr' id='par_1_39' title="bbox 982 511 1769 547">
     <span class='ocr_line' id='line_1_39' title="bbox 982 511 1769 547; baseline 0.001 -9"><span class='ocrx_word' id='word_1_255' title='bbox 982 512 1041 539; x_wconf 76' lang='lat' dir='ltr'><strong>liue</strong></span> <span class='ocrx_word' id='word_1_256' title='bbox 1054 511 1265 546; x_wconf 70' lang='lat' dir='ltr'><strong>Prcparationia</strong></span> <span class='ocrx_word' id='word_1_257' title='bbox 1279 512 1371 539; x_wconf 86' lang='lat' dir='ltr'><strong>limine</strong></span> <span class='ocrx_word' id='word_1_258' title='bbox 1383 519 1559 547; x_wconf 81' lang='lat' dir='ltr'><strong>coarguerem</strong></span> <span class='ocrx_word' id='word_1_259' title='bbox 1572 521 1577 538; x_wconf 95' lang='lat'><strong>:</strong></span> <span class='ocrx_word' id='word_1_260' title='bbox 1593 519 1648 546; x_wconf 89' lang='lat' dir='ltr'><strong>quo</strong></span> <span class='ocrx_word' id='word_1_261' title='bbox 1662 511 1769 540; x_wconf 78' lang='lat' dir='ltr'><strong>facilius</strong></span> 
     </span>
    </p>
   </div>
   <div class='ocr_carea' id='block_1_40' title="bbox 983 557 1769 594">
    <p class='ocr_par' dir='ltr' id='par_1_40' title="bbox 983 557 1769 594">
     <span class='ocr_line' id='line_1_40' title="bbox 983 557 1769 594; baseline 0.003 -10"><span class='ocrx_word' id='word_1_262' title='bbox 983 562 1075 593; x_wconf 86' lang='lat' dir='ltr'><strong>postea</strong></span> <span class='ocrx_word' id='word_1_263' title='bbox 1091 558 1228 586; x_wconf 79' lang='lat' dir='ltr'><strong>discessus</strong></span> <span class='ocrx_word' id='word_1_264' title='bbox 1242 558 1276 585; x_wconf 86' lang='lat' dir='ltr'><strong>ab</strong></span> <span class='ocrx_word' id='word_1_265' title='bbox 1292 558 1345 585; x_wconf 89' lang='lat' dir='ltr'><strong>illis</strong></span> <span class='ocrx_word' id='word_1_266' title='bbox 1360 558 1445 585; x_wconf 87' lang='lat' dir='ltr'><strong>nostri</strong></span> <span class='ocrx_word' id='word_1_267' title='bbox 1461 557 1569 592; x_wconf 91' lang='lat' dir='ltr'><strong>plenum</strong></span> <span class='ocrx_word' id='word_1_268' title='bbox 1585 558 1720 594; x_wconf 74' lang='lat' dir='ltr'><strong>azquitatis</strong></span> <span class='ocrx_word' id='word_1_269' title='bbox 1738 565 1769 586; x_wconf 85' lang='lat' dir='ltr'><strong>ac</strong></span> 
     </span>
    </p>
   </div>
   <div class='ocr_carea' id='block_1_41' title="bbox 983 603 1771 639">
    <p class='ocr_par' dir='ltr' id='par_1_41' title="bbox 983 603 1771 639">
     <span class='ocr_line' id='line_1_41' title="bbox 983 603 1771 639; baseline 0 -8"><span class='ocrx_word' id='word_1_270' title='bbox 983 603 1122 639; x_wconf 77' lang='lat' dir='ltr'><strong>sapientia:</strong></span> <span class='ocrx_word' id='word_1_271' title='bbox 1144 604 1287 632; x_wconf 86' lang='lat' dir='ltr'><strong>consilium</strong></span> <span class='ocrx_word' id='word_1_272' title='bbox 1305 604 1475 639; x_wconf 77' lang='lat' dir='ltr'><strong>probaretur,</strong></span> <span class='ocrx_word' id='word_1_273' title='bbox 1489 612 1543 631; x_wconf 85' lang='lat' dir='ltr'><strong>non</strong></span> <span class='ocrx_word' id='word_1_274' title='bbox 1557 611 1604 631; x_wconf 87' lang='lat' dir='ltr'><strong>eas</strong></span> <span class='ocrx_word' id='word_1_275' title='bbox 1627 604 1709 632; x_wconf 80' lang='lat' dir='ltr'><strong>modo</strong></span> <span class='ocrx_word' id='word_1_276' title='bbox 1729 603 1771 631; x_wconf 82' lang='lat' dir='ltr'><strong>fa-</strong></span> 
     </span>
    </p>
   </div>
   <div class='ocr_carea' id='block_1_42' title="bbox 983 649 1770 686">
    <p class='ocr_par' dir='ltr' id='par_1_42' title="bbox 983 649 1770 686">
     <span class='ocr_line' id='line_1_42' title="bbox 983 649 1770 686; baseline 0 -9"><span class='ocrx_word' id='word_1_277' title='bbox 983 650 1072 683; x_wconf 81' lang='lat' dir='ltr'><strong>bulas,</strong></span> <span class='ocrx_word' id='word_1_278' title='bbox 1084 658 1153 686; x_wconf 89' lang='lat' dir='ltr'><strong>quas</strong></span> <span class='ocrx_word' id='word_1_279' title='bbox 1165 651 1274 686; x_wconf 88' lang='lat' dir='ltr'><strong>ipsimet</strong></span> <span class='ocrx_word' id='word_1_280' title='bbox 1291 658 1386 678; x_wconf 89' lang='lat' dir='ltr'><strong>eorum</strong></span> <span class='ocrx_word' id='word_1_281' title='bbox 1405 649 1523 686; x_wconf 79' lang='lat' dir='ltr'><strong>theologi</strong></span> <span class='ocrx_word' id='word_1_282' title='bbox 1548 659 1579 678; x_wconf 84' lang='lat' dir='ltr'><strong>ac</strong></span> <span class='ocrx_word' id='word_1_283' title='bbox 1596 655 1692 686; x_wconf 77' lang='lat' dir='ltr'><strong>poetze,</strong></span> <span class='ocrx_word' id='word_1_284' title='bbox 1711 651 1770 678; x_wconf 71' lang='lat' dir='ltr'><strong>suis</strong></span> 
     </span>
    </p>
   </div>
   <div class='ocr_carea' id='block_1_43' title="bbox 983 697 1769 732">
    <p class='ocr_par' dir='ltr' id='par_1_43' title="bbox 983 697 1769 732">
     <span class='ocr_line' id='line_1_43' title="bbox 983 697 1769 732; baseline 0.003 -9"><span class='ocrx_word' id='word_1_285' title='bbox 983 697 1016 723; x_wconf 91' lang='lat' dir='ltr'><strong>de</strong></span> <span class='ocrx_word' id='word_1_286' title='bbox 1040 697 1209 729; x_wconf 82' lang='lat' dir='ltr'><strong>numinibus,</strong></span> <span class='ocrx_word' id='word_1_287' title='bbox 1226 697 1332 724; x_wconf 91' lang='lat' dir='ltr'><strong>comico</strong></span> <span class='ocrx_word' id='word_1_288' title='bbox 1358 705 1471 731; x_wconf 91' lang='lat' dir='ltr'><strong>prorsus</strong></span> <span class='ocrx_word' id='word_1_289' title='bbox 1498 705 1574 724; x_wconf 88' lang='lat' dir='ltr'><strong>more</strong></span> <span class='ocrx_word' id='word_1_290' title='bbox 1598 697 1769 732; x_wconf 87' lang='lat' dir='ltr'><strong>docuerunt;</strong></span> 
     </span>
    </p>
   </div>
   <div class='ocr_carea' id='block_1_44' title="bbox 983 738 1769 777">
    <p class='ocr_par' dir='ltr' id='par_1_44' title="bbox 983 738 1769 777">
     <span class='ocr_line' id='line_1_44' title="bbox 983 738 1769 777; baseline 0.004 -10"><span class='ocrx_word' id='word_1_291' title='bbox 983 748 1076 768; x_wconf 90' lang='lat' dir='ltr'><strong>verum</strong></span> <span class='ocrx_word' id='word_1_292' title='bbox 1089 740 1170 768; x_wconf 89' lang='lat' dir='ltr'><strong>etiam</strong></span> <span class='ocrx_word' id='word_1_293' title='bbox 1183 741 1353 768; x_wconf 73' lang='lat' dir='ltr'><strong>honestiores</strong></span> <span class='ocrx_word' id='word_1_294' title='bbox 1375 738 1435 769; x_wconf 85' lang='lat' dir='ltr'><strong>illas</strong></span> <span class='ocrx_word' id='word_1_295' title='bbox 1455 741 1587 777; x_wconf 85' lang='lat' dir='ltr'><strong>planeque</strong></span> <span class='ocrx_word' id='word_1_296' title='bbox 1604 743 1769 775; x_wconf 90' lang='lat' dir='ltr'><strong>reconditas,</strong></span> 
     </span>
    </p>
   </div>
   <div class='ocr_carea' id='block_1_45' title="bbox 983 785 1771 823">
    <p class='ocr_par' dir='ltr' id='par_1_45' title="bbox 983 785 1771 823">
     <span class='ocr_line' id='line_1_45' title="bbox 983 785 1771 823; baseline 0.005 -11"><span class='ocrx_word' id='word_1_297' title='bbox 983 793 1044 821; x_wconf 64' lang='lat' dir='ltr'><strong>quae</strong></span> <span class='ocrx_word' id='word_1_298' title='bbox 1057 793 1091 813; x_wconf 86' lang='lat' dir='ltr'><strong>ex</strong></span> <span class='ocrx_word' id='word_1_299' title='bbox 1106 790 1201 813; x_wconf 87' lang='lat' dir='ltr'><strong>natura</strong></span> <span class='ocrx_word' id='word_1_300' title='bbox 1220 786 1366 820; x_wconf 83' lang='lat' dir='ltr'><strong>ducuntur,</strong></span> <span class='ocrx_word' id='word_1_301' title='bbox 1384 785 1535 821; x_wconf 85' lang='lat' dir='ltr'><strong>explicandi</strong></span> <span class='ocrx_word' id='word_1_302' title='bbox 1550 787 1670 815; x_wconf 82' lang='lat' dir='ltr'><strong>rationes</strong></span> <span class='ocrx_word' id='word_1_303' title='bbox 1684 796 1771 823; x_wconf 86' lang='lat' dir='ltr'><strong>quas-</strong></span> 
     </span>
    </p>
   </div>
   <div class='ocr_carea' id='block_1_46' title="bbox 984 833 1770 870">
    <p class='ocr_par' dir='ltr' id='par_1_46' title="bbox 984 833 1770 870">
     <span class='ocr_line' id='line_1_46' title="bbox 984 833 1770 870; baseline 0.004 -11"><span class='ocrx_word' id='word_1_304' title='bbox 984 841 1037 867; x_wconf 85' lang='lat' dir='ltr'><strong>que</strong></span> <span class='ocrx_word' id='word_1_305' title='bbox 1061 840 1170 860; x_wconf 89' lang='lat' dir='ltr'><strong>sursum</strong></span> <span class='ocrx_word' id='word_1_306' title='bbox 1197 833 1222 860; x_wconf 92' lang='lat' dir='ltr'><strong>in</strong></span> <span class='ocrx_word' id='word_1_307' title='bbox 1250 833 1359 865; x_wconf 71' lang='lat' dir='ltr'><strong>omium,</strong></span> <span class='ocrx_word' id='word_1_308' title='bbox 1376 841 1409 861; x_wconf 90' lang='lat' dir='ltr'><strong>ac</strong></span> <span class='ocrx_word' id='word_1_309' title='bbox 1434 837 1546 861; x_wconf 57' lang='lat' dir='ltr'><strong>crateras</strong></span> <span class='ocrx_word' id='word_1_310' title='bbox 1569 834 1662 861; x_wconf 92' lang='lat' dir='ltr'><strong>mundi</strong></span> <span class='ocrx_word' id='word_1_311' title='bbox 1678 839 1770 870; x_wconf 79' lang='lat' dir='ltr'><strong>partes</strong></span> 
     </span>
    </p>
   </div>
   <div class='ocr_carea' id='block_1_47' title="bbox 984 877 1771 914">
    <p class='ocr_par' dir='ltr' id='par_1_47' title="bbox 984 877 1771 914">
     <span class='ocr_line' id='line_1_47' title="bbox 984 877 1771 914; baseline 0.003 -8"><span class='ocrx_word' id='word_1_312' title='bbox 984 879 1100 914; x_wconf 64' lang='lat' dir='ltr'><strong>egregia:</strong></span> <span class='ocrx_word' id='word_1_313' title='bbox 1123 879 1302 914; x_wconf 61' lang='lat' dir='ltr'><strong>philosophia</strong></span> <span class='ocrx_word' id='word_1_314' title='bbox 1326 879 1366 906; x_wconf 91' lang='lat' dir='ltr'><strong>vis</strong></span> <span class='ocrx_word' id='word_1_315' title='bbox 1380 878 1550 914; x_wconf 79' lang='lat' dir='ltr'><strong>facultasque</strong></span> <span class='ocrx_word' id='word_1_316' title='bbox 1567 877 1693 913; x_wconf 84' lang='lat' dir='ltr'><strong>traducit,</strong></span> <span class='ocrx_word' id='word_1_317' title='bbox 1708 887 1771 908; x_wconf 82' lang='lat' dir='ltr'><strong>ante</strong></span> 
     </span>
    </p>
   </div>
   <div class='ocr_carea' id='block_1_48' title="bbox 985 925 1772 960">
    <p class='ocr_par' dir='ltr' id='par_1_48' title="bbox 985 925 1772 960">
     <span class='ocr_line' id='line_1_48' title="bbox 985 925 1772 960; baseline 0.004 -9"><span class='ocrx_word' id='word_1_318' title='bbox 985 926 1077 952; x_wconf 83' lang='lat' dir='ltr'><strong>omnia</strong></span> <span class='ocrx_word' id='word_1_319' title='bbox 1087 925 1182 959; x_wconf 88' lang='lat' dir='ltr'><strong>primis</strong></span> <span class='ocrx_word' id='word_1_320' title='bbox 1194 925 1282 952; x_wconf 89' lang='lat' dir='ltr'><strong>tribus</strong></span> <span class='ocrx_word' id='word_1_321' title='bbox 1295 925 1372 952; x_wconf 88' lang='lat' dir='ltr'><strong>libris</strong></span> <span class='ocrx_word' id='word_1_322' title='bbox 1385 925 1528 960; x_wconf 71' lang='lat' dir='ltr'><strong>diligenter</strong></span> <span class='ocrx_word' id='word_1_323' title='bbox 1539 926 1659 954; x_wconf 81' lang='lat' dir='ltr'><strong>excussi.</strong></span> <span class='ocrx_word' id='word_1_324' title='bbox 1678 926 1772 959; x_wconf 86' lang='lat' dir='ltr'><strong>Quan-</strong></span> 
     </span>
    </p>
   </div>
   <div class='ocr_carea' id='block_1_49' title="bbox 985 971 1770 1008">
    <p class='ocr_par' dir='ltr' id='par_1_49' title="bbox 985 971 1770 1008">
     <span class='ocr_line' id='line_1_49' title="bbox 985 971 1770 1008; baseline 0.003 -10"><span class='ocrx_word' id='word_1_325' title='bbox 985 979 1067 1006; x_wconf 84' lang='lat' dir='ltr'><strong>quam</strong></span> <span class='ocrx_word' id='word_1_326' title='bbox 1082 971 1109 998; x_wconf 90' lang='lat' dir='ltr'><strong>in</strong></span> <span class='ocrx_word' id='word_1_327' title='bbox 1125 971 1160 998; x_wconf 78' lang='lat' dir='ltr'><strong>iis</strong></span> <span class='ocrx_word' id='word_1_328' title='bbox 1175 971 1329 1006; x_wconf 80' lang='lat' dir='ltr'><strong>speciosum</strong></span> <span class='ocrx_word' id='word_1_329' title='bbox 1348 971 1400 998; x_wconf 89' lang='lat' dir='ltr'><strong>hoc</strong></span> <span class='ocrx_word' id='word_1_330' title='bbox 1412 976 1498 998; x_wconf 83' lang='lat' dir='ltr'><strong>totum</strong></span> <span class='ocrx_word' id='word_1_331' title='bbox 1508 972 1770 1008; x_wconf 82' lang='lat' dir='ltr'><strong>philosophandige-</strong></span> 
     </span>
    </p>
   </div>
   <div class='ocr_carea' id='block_1_50' title="bbox 984 1017 1772 1054">
    <p class='ocr_par' dir='ltr' id='par_1_50' title="bbox 984 1017 1772 1054">
     <span class='ocr_line' id='line_1_50' title="bbox 984 1017 1772 1054; baseline 0.003 -10"><span class='ocrx_word' id='word_1_332' title='bbox 984 1026 1036 1045; x_wconf 91' lang='lat' dir='ltr'><strong>nus</strong></span> <span class='ocrx_word' id='word_1_333' title='bbox 1048 1017 1246 1052; x_wconf 83' lang='lat' dir='ltr'><strong>repudiandum</strong></span> <span class='ocrx_word' id='word_1_334' title='bbox 1258 1024 1328 1049; x_wconf 87' lang='lat' dir='ltr'><strong>esse,</strong></span> <span class='ocrx_word' id='word_1_335' title='bbox 1341 1017 1382 1044; x_wconf 85' lang='lat' dir='ltr'><strong>vel</strong></span> <span class='ocrx_word' id='word_1_336' title='bbox 1397 1017 1449 1052; x_wconf 89' lang='lat' dir='ltr'><strong>ipsi</strong></span> <span class='ocrx_word' id='word_1_337' title='bbox 1466 1025 1560 1045; x_wconf 90' lang='lat' dir='ltr'><strong>eorum</strong></span> <span class='ocrx_word' id='word_1_338' title='bbox 1574 1017 1692 1054; x_wconf 77' lang='lat' dir='ltr'><strong>theologi</strong></span> <span class='ocrx_word' id='word_1_339' title='bbox 1706 1026 1772 1046; x_wconf 86' lang='lat' dir='ltr'><strong>con-</strong></span> 
     </span>
    </p>
   </div>
   <div class='ocr_carea' id='block_1_51' title="bbox 984 1061 1771 1097">
    <p class='ocr_par' dir='ltr' id='par_1_51' title="bbox 984 1061 1771 1097">
     <span class='ocr_line' id='line_1_51' title="bbox 984 1061 1771 1097; baseline 0.001 -7"><span class='ocrx_word' id='word_1_340' title='bbox 984 1063 1104 1090; x_wconf 80' lang='lat' dir='ltr'><strong>ﬁtentur.</strong></span> <span class='ocrx_word' id='word_1_341' title='bbox 1128 1063 1216 1097; x_wconf 77' lang='lat' dir='ltr'><strong>Atque</strong></span> <span class='ocrx_word' id='word_1_342' title='bbox 1238 1063 1264 1089; x_wconf 91' lang='lat' dir='ltr'><strong>id</strong></span> <span class='ocrx_word' id='word_1_343' title='bbox 1281 1070 1347 1089; x_wconf 84' lang='lat' dir='ltr'><strong>sane</strong></span> <span class='ocrx_word' id='word_1_344' title='bbox 1360 1061 1503 1097; x_wconf 79' lang='lat' dir='ltr'><strong>diligenter</strong></span> <span class='ocrx_word' id='word_1_345' title='bbox 1523 1063 1549 1089; x_wconf 95' lang='lat' dir='ltr'><strong>in</strong></span> <span class='ocrx_word' id='word_1_346' title='bbox 1563 1062 1658 1097; x_wconf 88' lang='lat' dir='ltr'><strong>primis</strong></span> <span class='ocrx_word' id='word_1_347' title='bbox 1677 1063 1771 1091; x_wconf 87' lang='lat' dir='ltr'><strong>obser-</strong></span> 
     </span>
    </p>
   </div>
   <div class='ocr_carea' id='block_1_52' title="bbox 984 1107 1771 1144">
    <p class='ocr_par' dir='ltr' id='par_1_52' title="bbox 984 1107 1771 1144">
     <span class='ocr_line' id='line_1_52' title="bbox 984 1107 1771 1144; baseline 0.003 -9"><span class='ocrx_word' id='word_1_348' title='bbox 984 1108 1112 1141; x_wconf 82' lang='lat' dir='ltr'><strong>vandum,</strong></span> <span class='ocrx_word' id='word_1_349' title='bbox 1126 1115 1194 1143; x_wconf 89' lang='lat' dir='ltr'><strong>quos</strong></span> <span class='ocrx_word' id='word_1_350' title='bbox 1209 1107 1245 1134; x_wconf 92' lang='lat' dir='ltr'><strong>illi</strong></span> <span class='ocrx_word' id='word_1_351' title='bbox 1266 1107 1468 1136; x_wconf 80' lang='lat' dir='ltr'><strong>vetustissimos</strong></span> <span class='ocrx_word' id='word_1_352' title='bbox 1490 1109 1611 1135; x_wconf 90' lang='lat' dir='ltr'><strong>omnium</strong></span> <span class='ocrx_word' id='word_1_353' title='bbox 1628 1108 1771 1144; x_wconf 74' lang='lat' dir='ltr'><strong>theologos</strong></span> 
     </span>
    </p>
   </div>
   <div class='ocr_carea' id='block_1_53' title="bbox 983 1154 1770 1191">
    <p class='ocr_par' dir='ltr' id='par_1_53' title="bbox 983 1154 1770 1191">
     <span class='ocr_line' id='line_1_53' title="bbox 983 1154 1770 1191; baseline 0.003 -10"><span class='ocrx_word' id='word_1_354' title='bbox 983 1155 1201 1187; x_wconf 87' lang='lat' dir='ltr'><strong>habuerunt,eos</strong></span> <span class='ocrx_word' id='word_1_355' title='bbox 1208 1159 1305 1189; x_wconf 66' lang='lat' dir='ltr'><strong>praeter</strong></span> <span class='ocrx_word' id='word_1_356' title='bbox 1317 1154 1417 1181; x_wconf 82' lang='lat' dir='ltr'><strong>nudam</strong></span> <span class='ocrx_word' id='word_1_357' title='bbox 1430 1162 1520 1182; x_wconf 87' lang='lat' dir='ltr'><strong>rerum</strong></span> <span class='ocrx_word' id='word_1_358' title='bbox 1532 1154 1674 1182; x_wconf 86' lang='lat' dir='ltr'><strong>historiam</strong></span> <span class='ocrx_word' id='word_1_359' title='bbox 1686 1163 1770 1191; x_wconf 82' lang='lat' dir='ltr'><strong>agno-</strong></span> 
     </span>
    </p>
   </div>
   <div class='ocr_carea' id='block_1_54' title="bbox 983 1200 1770 1236">
    <p class='ocr_par' dir='ltr' id='par_1_54' title="bbox 983 1200 1770 1236">
     <span class='ocr_line' id='line_1_54' title="bbox 983 1200 1770 1236; baseline 0.001 -8"><span class='ocrx_word' id='word_1_360' title='bbox 983 1201 1055 1228; x_wconf 85' lang='lat' dir='ltr'><strong>visse</strong></span> <span class='ocrx_word' id='word_1_361' title='bbox 1067 1200 1146 1232; x_wconf 81' lang='lat' dir='ltr'><strong>nihil,</strong></span> <span class='ocrx_word' id='word_1_362' title='bbox 1158 1201 1224 1228; x_wconf 94' lang='lat' dir='ltr'><strong>solis</strong></span> <span class='ocrx_word' id='word_1_363' title='bbox 1233 1201 1374 1228; x_wconf 68' lang='lat' dir='ltr'><strong>inhaesisse</strong></span> <span class='ocrx_word' id='word_1_364' title='bbox 1386 1201 1494 1234; x_wconf 80' lang='lat' dir='ltr'><strong>fabulis,</strong></span> <span class='ocrx_word' id='word_1_365' title='bbox 1507 1201 1632 1236; x_wconf 86' lang='lat' dir='ltr'><strong>pluribus</strong></span> <span class='ocrx_word' id='word_1_366' title='bbox 1645 1202 1770 1229; x_wconf 78' lang='lat' dir='ltr'><strong>testimo-</strong></span> 
     </span>
    </p>
   </div>
   <div class='ocr_carea' id='block_1_55' title="bbox 984 1248 1770 1284">
    <p class='ocr_par' dir='ltr' id='par_1_55' title="bbox 984 1248 1770 1284">
     <span class='ocr_line' id='line_1_55' title="bbox 984 1248 1770 1284; baseline 0 -9"><span class='ocrx_word' id='word_1_367' title='bbox 984 1248 1037 1276; x_wconf 86' lang='lat' dir='ltr'><strong>niis</strong></span> <span class='ocrx_word' id='word_1_368' title='bbox 1051 1249 1216 1276; x_wconf 88' lang='lat' dir='ltr'><strong>constitisse.</strong></span> <span class='ocrx_word' id='word_1_369' title='bbox 1233 1249 1293 1282; x_wconf 81' lang='lat' dir='ltr'><strong>Quo</strong></span> <span class='ocrx_word' id='word_1_370' title='bbox 1311 1248 1413 1276; x_wconf 71' lang='lat' dir='ltr'><strong>factum</strong></span> <span class='ocrx_word' id='word_1_371' title='bbox 1430 1249 1542 1284; x_wconf 85' lang='lat' dir='ltr'><strong>proinde</strong></span> <span class='ocrx_word' id='word_1_372' title='bbox 1559 1249 1605 1281; x_wconf 89' lang='lat' dir='ltr'><strong>sit,</strong></span> <span class='ocrx_word' id='word_1_373' title='bbox 1620 1253 1651 1276; x_wconf 87' lang='lat' dir='ltr'><strong>ut</strong></span> <span class='ocrx_word' id='word_1_374' title='bbox 1666 1249 1692 1275; x_wconf 90' lang='lat' dir='ltr'><strong>in</strong></span> <span class='ocrx_word' id='word_1_375' title='bbox 1711 1256 1770 1275; x_wconf 91' lang='lat' dir='ltr'><strong>om-</strong></span> 
     </span>
    </p>
   </div>
   <div class='ocr_carea' id='block_1_56' title="bbox 984 1294 1770 1330">
    <p class='ocr_par' dir='ltr' id='par_1_56' title="bbox 984 1294 1770 1330">
     <span class='ocr_line' id='line_1_56' title="bbox 984 1294 1770 1330; baseline 0 -9"><span class='ocrx_word' id='word_1_376' title='bbox 984 1295 1064 1323; x_wconf 77' lang='lat' dir='ltr'><strong>nibus</strong></span> <span class='ocrx_word' id='word_1_377' title='bbox 1079 1295 1182 1330; x_wconf 87' lang='lat' dir='ltr'><strong>passim</strong></span> <span class='ocrx_word' id='word_1_378' title='bbox 1201 1295 1315 1323; x_wconf 86' lang='lat' dir='ltr'><strong>urbibus</strong></span> <span class='ocrx_word' id='word_1_379' title='bbox 1336 1300 1417 1330; x_wconf 79' lang='lat' dir='ltr'><strong>atque</strong></span> <span class='ocrx_word' id='word_1_380' title='bbox 1437 1295 1524 1330; x_wconf 82' lang='lat' dir='ltr'><strong>pagis,</strong></span> <span class='ocrx_word' id='word_1_381' title='bbox 1544 1295 1583 1321; x_wconf 89' lang='lat' dir='ltr'><strong>uti</strong></span> <span class='ocrx_word' id='word_1_382' title='bbox 1600 1302 1616 1322; x_wconf 86' lang='lat' dir='ltr'><strong>a</strong></span> <span class='ocrx_word' id='word_1_383' title='bbox 1633 1294 1770 1322; x_wconf 79' lang='lat' dir='ltr'><strong>veteribus</strong></span> 
     </span>
    </p>
   </div>
   <div class='ocr_carea' id='block_1_57' title="bbox 983 1341 1770 1376">
    <p class='ocr_par' dir='ltr' id='par_1_57' title="bbox 983 1341 1770 1376">
     <span class='ocr_line' id='line_1_57' title="bbox 983 1341 1770 1376; baseline -0.001 -6"><span class='ocrx_word' id='word_1_384' title='bbox 983 1347 1114 1376; x_wconf 84' lang='lat' dir='ltr'><strong>Concepta</strong></span> <span class='ocrx_word' id='word_1_385' title='bbox 1133 1341 1243 1369; x_wconf 80' lang='lat' dir='ltr'><strong>fuerant</strong></span> <span class='ocrx_word' id='word_1_386' title='bbox 1269 1342 1370 1374; x_wconf 86' lang='lat' dir='ltr'><strong>omnia,</strong></span> <span class='ocrx_word' id='word_1_387' title='bbox 1384 1341 1497 1368; x_wconf 89' lang='lat' dir='ltr'><strong>deorum</strong></span> <span class='ocrx_word' id='word_1_388' title='bbox 1520 1341 1664 1376; x_wconf 83' lang='lat' dir='ltr'><strong>religiones</strong></span> <span class='ocrx_word' id='word_1_389' title='bbox 1689 1345 1770 1376; x_wconf 82' lang='lat' dir='ltr'><strong>atque</strong></span> 
     </span>
    </p>
   </div>
   <div class='ocr_carea' id='block_1_58' title="bbox 984 1386 1772 1423">
    <p class='ocr_par' dir='ltr' id='par_1_58' title="bbox 984 1386 1772 1423">
     <span class='ocr_line' id='line_1_58' title="bbox 984 1386 1772 1423; baseline -0.001 -8"><span class='ocrx_word' id='word_1_390' title='bbox 984 1387 1123 1423; x_wconf 83' lang='lat' dir='ltr'><strong>mysteria,</strong></span> <span class='ocrx_word' id='word_1_391' title='bbox 1136 1387 1246 1422; x_wconf 85' lang='lat' dir='ltr'><strong>jactatis</strong></span> <span class='ocrx_word' id='word_1_392' title='bbox 1256 1387 1360 1422; x_wconf 88' lang='lat' dir='ltr'><strong>pridem</strong></span> <span class='ocrx_word' id='word_1_393' title='bbox 1376 1386 1666 1414; x_wconf 76' lang='lat' dir='ltr'><strong>fabdliseonsentauea</strong></span> <span class='ocrx_word' id='word_1_394' title='bbox 1682 1388 1772 1414; x_wconf 49' lang='lat' dir='ltr'><strong>trade.h</strong></span> 
     </span>
    </p>
   </div>
   <div class='ocr_carea' id='block_1_59' title="bbox 983 1433 1770 1470">
    <p class='ocr_par' dir='ltr' id='par_1_59' title="bbox 983 1433 1770 1470">
     <span class='ocr_line' id='line_1_59' title="bbox 983 1433 1770 1470; baseline -0.003 -8"><span class='ocrx_word' id='word_1_395' title='bbox 983 1438 1089 1462; x_wconf 89' lang='lat' dir='ltr'><strong>rentur.</strong></span> <span class='ocrx_word' id='word_1_396' title='bbox 1106 1434 1164 1465; x_wconf 84' lang='lat' dir='ltr'><strong>lmo</strong></span> <span class='ocrx_word' id='word_1_397' title='bbox 1179 1434 1328 1461; x_wconf 86' lang='lat' dir='ltr'><strong>etiamnum</strong></span> <span class='ocrx_word' id='word_1_398' title='bbox 1345 1434 1456 1460; x_wconf 88' lang='lat' dir='ltr'><strong>deorum</strong></span> <span class='ocrx_word' id='word_1_399' title='bbox 1470 1433 1551 1470; x_wconf 83' lang='lat' dir='ltr'><strong>vulgo</strong></span> <span class='ocrx_word' id='word_1_400' title='bbox 1575 1434 1684 1468; x_wconf 70' lang='lat' dir='ltr'><strong>nuptiaa,</strong></span> <span class='ocrx_word' id='word_1_401' title='bbox 1701 1433 1770 1460; x_wconf 60' lang='lat' dir='ltr'><strong>libev</strong></span> 
     </span>
    </p>
   </div>
   <div class='ocr_carea' id='block_1_60' title="bbox 983 1479 1769 1515">
    <p class='ocr_par' dir='ltr' id='par_1_60' title="bbox 983 1479 1769 1515">
     <span class='ocr_line' id='line_1_60' title="bbox 983 1479 1769 1515; baseline -0.001 -7"><span class='ocrx_word' id='word_1_402' title='bbox 983 1480 1313 1515; x_wconf 37' lang='lat' dir='ltr'><strong>rorumiprocreationes,</strong></span> <span class='ocrx_word' id='word_1_403' title='bbox 1339 1479 1445 1513; x_wconf 86' lang='lat' dir='ltr'><strong>luctus,</strong></span> <span class='ocrx_word' id='word_1_404' title='bbox 1469 1480 1623 1507; x_wconf 75' lang='lat' dir='ltr'><strong>temulenta:</strong></span> <span class='ocrx_word' id='word_1_405' title='bbox 1641 1485 1769 1515; x_wconf 82' lang='lat' dir='ltr'><strong>perpota—</strong></span> 
     </span>
    </p>
   </div>
   <div class='ocr_carea' id='block_1_61' title="bbox 984 1526 1769 1561">
    <p class='ocr_par' dir='ltr' id='par_1_61' title="bbox 984 1526 1769 1561">
     <span class='ocr_line' id='line_1_61' title="bbox 984 1526 1769 1561; baseline 0 -7"><span class='ocrx_word' id='word_1_406' title='bbox 984 1528 1082 1561; x_wconf 83' lang='lat' dir='ltr'><strong>tiones,</strong></span> <span class='ocrx_word' id='word_1_407' title='bbox 1092 1526 1206 1554; x_wconf 89' lang='lat' dir='ltr'><strong>aliorum</strong></span> <span class='ocrx_word' id='word_1_408' title='bbox 1219 1534 1336 1557; x_wconf 88' lang='lat' dir='ltr'><strong>errores,</strong></span> <span class='ocrx_word' id='word_1_409' title='bbox 1351 1534 1458 1554; x_wconf 88' lang='lat' dir='ltr'><strong>amores</strong></span> <span class='ocrx_word' id='word_1_410' title='bbox 1474 1526 1602 1558; x_wconf 87' lang='lat' dir='ltr'><strong>aliorum,</strong></span> <span class='ocrx_word' id='word_1_411' title='bbox 1614 1526 1660 1553; x_wconf 77' lang='lat' dir='ltr'><strong>ira:</strong></span> <span class='ocrx_word' id='word_1_412' title='bbox 1672 1534 1704 1554; x_wconf 91' lang='lat' dir='ltr'><strong>ac</strong></span> <span class='ocrx_word' id='word_1_413' title='bbox 1716 1533 1769 1554; x_wconf 64' lang='lat' dir='ltr'><strong>cat-</strong></span> 
     </span>
    </p>
   </div>
   <div class='ocr_carea' id='block_1_62' title="bbox 144 1569 931 1611">
    <p class='ocr_par' dir='ltr' id='par_1_62' title="bbox 144 1569 931 1606">
     <span class='ocr_line' id='line_1_62' title="bbox 144 1569 931 1606; baseline 0.005 -12"><span class='ocrx_word' id='word_1_414' title='bbox 144 1569 388 1604; x_wconf 78' lang='grc' dir='ltr'>τετραγῳδημένας</span> <span class='ocrx_word' id='word_1_415' title='bbox 399 1570 427 1595; x_wconf 81' lang='grc' dir='ltr'>ὲν</span> <span class='ocrx_word' id='word_1_416' title='bbox 444 1571 571 1604; x_wconf 77' lang='grc' dir='ltr'>φυσικαῖς</span> <span class='ocrx_word' id='word_1_417' title='bbox 583 1569 725 1596; x_wconf 76' lang='grc' dir='ltr'>ἀποδόσεσι</span> <span class='ocrx_word' id='word_1_418' title='bbox 738 1570 868 1606; x_wconf 82' lang='grc' dir='ltr'>κομπίας,</span> <span class='ocrx_word' id='word_1_419' title='bbox 881 1572 931 1603; x_wconf 84' lang='grc' dir='ltr'>τάς</span> 
     </span>
    </p>
   </div>
   <div class='ocr_carea' id='block_1_63' title="bbox 983 1569 1770 1611">
    <p class='ocr_par' dir='ltr' id='par_1_63' title="bbox 983 1573 1770 1609">
     <span class='ocr_line' id='line_1_63' title="bbox 983 1573 1770 1609; baseline -0.003 -7"><span class='ocrx_word' id='word_1_420' title='bbox 983 1579 1046 1602; x_wconf 74' lang='lat' dir='ltr'><strong>tera:</strong></span> <span class='ocrx_word' id='word_1_421' title='bbox 1062 1573 1153 1602; x_wconf 87' lang='lat' dir='ltr'><strong>omnis</strong></span> <span class='ocrx_word' id='word_1_422' title='bbox 1172 1573 1279 1609; x_wconf 82' lang='lat' dir='ltr'><strong>generis</strong></span> <span class='ocrx_word' id='word_1_423' title='bbox 1296 1573 1464 1600; x_wconf 85' lang='lat' dir='ltr'><strong>calamitates</strong></span> <span class='ocrx_word' id='word_1_424' title='bbox 1483 1578 1509 1600; x_wconf 86' lang='lat' dir='ltr'><strong>et</strong></span> <span class='ocrx_word' id='word_1_425' title='bbox 1532 1580 1623 1605; x_wconf 85' lang='lat' dir='ltr'><strong>casus,</strong></span> <span class='ocrx_word' id='word_1_426' title='bbox 1637 1579 1717 1608; x_wconf 87' lang='lat' dir='ltr'><strong>prout</strong></span> <span class='ocrx_word' id='word_1_427' title='bbox 1736 1574 1770 1600; x_wconf 83' lang='lat' dir='ltr'><strong>ab</strong></span> 
     </span>
    </p>
   </div>
   <div class='ocr_carea' id='block_1_64' title="bbox 145 1614 932 1652">
    <p class='ocr_par' dir='ltr' id='par_1_64' title="bbox 145 1614 932 1652">
     <span class='ocr_line' id='line_1_64' title="bbox 145 1614 932 1652; baseline 0.004 -11"><span class='ocrx_word' id='word_1_428' title='bbox 145 1623 176 1641; x_wconf 82' lang='grc' dir='ltr'><strong>τε</strong></span> <span class='ocrx_word' id='word_1_429' title='bbox 192 1614 246 1642; x_wconf 87' lang='grc' dir='ltr'>τῶν</span> <span class='ocrx_word' id='word_1_430' title='bbox 258 1615 392 1650; x_wconf 82' lang='grc' dir='ltr'>σοφιστῶν</span> <span class='ocrx_word' id='word_1_431' title='bbox 406 1616 451 1642; x_wconf 71' lang='grc' dir='ltr'>καὶ</span> <span class='ocrx_word' id='word_1_432' title='bbox 464 1616 615 1650; x_wconf 83' lang='grc' dir='ltr'>φιλοσόφων</span> <span class='ocrx_word' id='word_1_433' title='bbox 629 1616 817 1652; x_wconf 80' lang='grc' dir='ltr'>εὐρεσιλογίας</span> <span class='ocrx_word' id='word_1_434' title='bbox 825 1617 865 1649; x_wconf 83' lang='grc' dir='ltr'><strong>είς</strong></span> <span class='ocrx_word' id='word_1_435' title='bbox 880 1625 932 1652; x_wconf 81' lang='grc' dir='ltr'>φα-</span> 
     </span>
    </p>
   </div>
   <div class='ocr_carea' id='block_1_65' title="bbox 145 1660 931 1698">
    <p class='ocr_par' dir='ltr' id='par_1_65' title="bbox 145 1660 931 1698">
     <span class='ocr_line' id='line_1_65' title="bbox 145 1660 931 1698; baseline 0.004 -11"><span class='ocrx_word' id='word_1_436' title='bbox 145 1660 224 1697; x_wconf 72' lang='grc' dir='ltr'>νερὸν</span> <span class='ocrx_word' id='word_1_437' title='bbox 238 1662 349 1696; x_wconf 77' lang='grc' dir='ltr'>ἡγαγον.</span> <span class='ocrx_word' id='word_1_438' title='bbox 366 1662 404 1688; x_wconf 85' lang='grc' dir='ltr'><strong>Οὑ</strong></span> <span class='ocrx_word' id='word_1_439' title='bbox 420 1662 471 1698; x_wconf 86' lang='grc' dir='ltr'>μὴν</span> <span class='ocrx_word' id='word_1_440' title='bbox 485 1662 553 1689; x_wconf 80' lang='grc' dir='ltr'>ἀλλὰ</span> <span class='ocrx_word' id='word_1_441' title='bbox 568 1664 614 1689; x_wconf 79' lang='grc' dir='ltr'>καὶ</span> <span class='ocrx_word' id='word_1_442' title='bbox 629 1663 674 1690; x_wconf 83' lang='grc' dir='ltr'><strong>τὸν</strong></span> <span class='ocrx_word' id='word_1_443' title='bbox 686 1665 750 1698; x_wconf 74' lang='grc' dir='ltr'>περὶ</span> <span class='ocrx_word' id='word_1_444' title='bbox 760 1663 813 1689; x_wconf 84' lang='grc' dir='ltr'>τῶν</span> <span class='ocrx_word' id='word_1_445' title='bbox 826 1663 931 1698; x_wconf 82' lang='grc' dir='ltr'>βοωμέ-</span> 
     </span>
    </p>
   </div>
   <div class='ocr_carea' id='block_1_66' title="bbox 145 1710 934 1747">
    <p class='ocr_par' dir='ltr' id='par_1_66' title="bbox 145 1710 934 1747">
     <span class='ocr_line' id='line_1_66' title="bbox 145 1710 934 1747; baseline 0.005 -12"><span class='ocrx_word' id='word_1_446' title='bbox 145 1717 200 1735; x_wconf 90' lang='grc' dir='ltr'><strong>νων</strong></span> <span class='ocrx_word' id='word_1_447' title='bbox 212 1710 386 1746; x_wconf 79' lang='grc' dir='ltr'>χρηστηρίων</span> <span class='ocrx_word' id='word_1_448' title='bbox 400 1710 496 1744; x_wconf 80' lang='grc' dir='ltr'>λόγων,</span> <span class='ocrx_word' id='word_1_449' title='bbox 505 1711 554 1746; x_wconf 87' lang='grc' dir='ltr'><strong>τήν</strong></span> <span class='ocrx_word' id='word_1_450' title='bbox 568 1720 597 1738; x_wconf 82' lang='grc' dir='ltr'><strong>τε</strong></span> <span class='ocrx_word' id='word_1_451' title='bbox 608 1711 682 1747; x_wconf 84' lang='grc' dir='ltr'>παρὰ</span> <span class='ocrx_word' id='word_1_452' title='bbox 693 1714 749 1743; x_wconf 83' lang='grc' dir='ltr'>τοῖς</span> <span class='ocrx_word' id='word_1_453' title='bbox 761 1712 866 1744; x_wconf 85' lang='grc' dir='ltr'>πολλοῖς</span> <span class='ocrx_word' id='word_1_454' title='bbox 876 1713 934 1739; x_wconf 89' lang='grc' dir='ltr'>δια-</span> 
     </span>
    </p>
   </div>
   <div class='ocr_carea' id='block_1_67' title="bbox 144 1755 933 1793">
    <p class='ocr_par' dir='ltr' id='par_1_67' title="bbox 144 1755 933 1793">
     <span class='ocr_line' id='line_1_67' title="bbox 144 1755 933 1793; baseline 0.005 -12"><span class='ocrx_word' id='word_1_455' title='bbox 144 1755 365 1792; x_wconf 75' lang='grc' dir='ltr'>τεθρυλλημένην</span> <span class='ocrx_word' id='word_1_456' title='bbox 380 1757 443 1792; x_wconf 80' lang='grc' dir='ltr'>περὶ</span> <span class='ocrx_word' id='word_1_457' title='bbox 458 1757 627 1793; x_wconf 76' lang='grc' dir='ltr'>εἱμαρμένης</span> <span class='ocrx_word' id='word_1_458' title='bbox 641 1758 725 1793; x_wconf 79' lang='grc' dir='ltr'>ψευδῆ</span> <span class='ocrx_word' id='word_1_459' title='bbox 738 1758 816 1791; x_wconf 73' lang='grc' dir='ltr'>δόξαν</span> <span class='ocrx_word' id='word_1_460' title='bbox 830 1761 858 1785; x_wconf 75' lang='grc' dir='ltr'>ἐν</span> <span class='ocrx_word' id='word_1_461' title='bbox 875 1758 933 1785; x_wconf 79' lang='grc' dir='ltr'><strong>ἑτέ-</strong></span> 
     </span>
    </p>
   </div>
   <div class='ocr_carea' id='block_1_68' title="bbox 146 1802 930 1840">
    <p class='ocr_par' dir='ltr' id='par_1_68' title="bbox 146 1802 930 1840">
     <span class='ocr_line' id='line_1_68' title="bbox 146 1802 930 1840; baseline 0.005 -13"><span class='ocrx_word' id='word_1_462' title='bbox 146 1809 204 1836; x_wconf 86' lang='grc' dir='ltr'>ροις</span> <span class='ocrx_word' id='word_1_463' title='bbox 227 1802 301 1837; x_wconf 69' lang='grc' dir='ltr'>τρισὶ</span> <span class='ocrx_word' id='word_1_464' title='bbox 322 1804 378 1832; x_wconf 86' lang='grc' dir='ltr'>τοῖς</span> <span class='ocrx_word' id='word_1_465' title='bbox 399 1802 462 1838; x_wconf 78' lang='grc' dir='ltr'><strong>ἑξῆς</strong></span> <span class='ocrx_word' id='word_1_466' title='bbox 478 1802 546 1838; x_wconf 83' lang='grc' dir='ltr'>μετὰ</span> <span class='ocrx_word' id='word_1_467' title='bbox 561 1803 595 1830; x_wconf 85' lang='grc' dir='ltr'><strong>τὰ</strong></span> <span class='ocrx_word' id='word_1_468' title='bbox 614 1803 709 1839; x_wconf 85' lang='grc' dir='ltr'>πρῶτα</span> <span class='ocrx_word' id='word_1_469' title='bbox 725 1804 930 1840; x_wconf 85' lang='grc' dir='ltr'>συγγράμμασι,</span> 
     </span>
    </p>
   </div>
   <div class='ocr_carea' id='block_1_69' title="bbox 144 1845 933 1884">
    <p class='ocr_par' dir='ltr' id='par_1_69' title="bbox 144 1845 933 1884">
     <span class='ocr_line' id='line_1_69' title="bbox 144 1845 933 1884; baseline 0.005 -12"><span class='ocrx_word' id='word_1_470' title='bbox 144 1845 253 1877; x_wconf 77' lang='grc' dir='ltr'>λευκοῖς</span> <span class='ocrx_word' id='word_1_471' title='bbox 268 1848 324 1878; x_wconf 84' lang='grc' dir='ltr'>τοῖς</span> <span class='ocrx_word' id='word_1_472' title='bbox 349 1847 468 1882; x_wconf 78' lang='grc' dir='ltr'>ἐλέγχοις</span> <span class='ocrx_word' id='word_1_473' title='bbox 491 1848 686 1883; x_wconf 80' lang='grc' dir='ltr'>ἀπεγύμνωσα,</span> <span class='ocrx_word' id='word_1_474' title='bbox 715 1850 745 1875; x_wconf 85' lang='grc' dir='ltr'>οὑ</span> <span class='ocrx_word' id='word_1_475' title='bbox 772 1850 861 1884; x_wconf 85' lang='grc' dir='ltr'>μόνοις</span> <span class='ocrx_word' id='word_1_476' title='bbox 877 1851 933 1882; x_wconf 86' lang='grc' dir='ltr'>τοῖς</span> 
     </span>
    </p>
   </div>
   <div class='ocr_carea' id='block_1_70' title="bbox 144 1891 932 1931">
    <p class='ocr_par' dir='ltr' id='par_1_70' title="bbox 144 1891 932 1931">
     <span class='ocr_line' id='line_1_70' title="bbox 144 1891 932 1931; baseline 0.005 -13"><span class='ocrx_word' id='word_1_477' title='bbox 144 1891 250 1922; x_wconf 73' lang='grc' dir='ltr'>οἴκοθεν</span> <span class='ocrx_word' id='word_1_478' title='bbox 264 1893 485 1930; x_wconf 74' lang='grc' dir='ltr'>ἐπιχειρήμασιν,</span> <span class='ocrx_word' id='word_1_479' title='bbox 499 1895 566 1921; x_wconf 82' lang='grc' dir='ltr'>ἀλλὰ</span> <span class='ocrx_word' id='word_1_480' title='bbox 580 1896 627 1921; x_wconf 78' lang='grc' dir='ltr'>καὶ</span> <span class='ocrx_word' id='word_1_481' title='bbox 638 1897 698 1927; x_wconf 83' lang='grc' dir='ltr'>ταῖς</span> <span class='ocrx_word' id='word_1_482' title='bbox 709 1895 799 1922; x_wconf 74' lang='grc' dir='ltr'>αὐτῶν</span> <span class='ocrx_word' id='word_1_483' title='bbox 817 1896 932 1931; x_wconf 83' lang='grc' dir='ltr'>μάλιστα</span> 
     </span>
    </p>
   </div>
   <div class='ocr_carea' id='block_1_71' title="bbox 143 1937 932 1974">
    <p class='ocr_par' dir='ltr' id='par_1_71' title="bbox 143 1937 932 1974">
     <span class='ocr_line' id='line_1_71' title="bbox 143 1937 932 1974; baseline 0.006 -11"><span class='ocrx_word' id='word_1_484' title='bbox 143 1937 200 1964; x_wconf 82' lang='grc' dir='ltr'><strong>τῶν</strong></span> <span class='ocrx_word' id='word_1_485' title='bbox 216 1939 281 1974; x_wconf 74' lang='grc' dir='ltr'>παρ’</span> <span class='ocrx_word' id='word_1_486' title='bbox 295 1939 406 1974; x_wconf 86' lang='grc' dir='ltr'>Ἕλλησι</span> <span class='ocrx_word' id='word_1_487' title='bbox 418 1939 568 1974; x_wconf 66' lang='grc' dir='ltr'>φιλοσόψων</span> <span class='ocrx_word' id='word_1_488' title='bbox 582 1942 682 1974; x_wconf 80' lang='grc' dir='ltr'>φωναῖς</span> <span class='ocrx_word' id='word_1_489' title='bbox 695 1943 735 1973; x_wconf 78' lang='grc' dir='ltr'>εἰς</span> <span class='ocrx_word' id='word_1_490' title='bbox 747 1942 792 1968; x_wconf 76' lang='grc' dir='ltr'><strong>τὸν</strong></span> <span class='ocrx_word' id='word_1_491' title='bbox 811 1943 870 1968; x_wconf 83' lang='grc' dir='ltr'>κατ’</span> <span class='ocrx_word' id='word_1_492' title='bbox 884 1943 932 1968; x_wconf 80' lang='grc' dir='ltr'><strong>αὑ-</strong></span> 
     </span>
    </p>
   </div>
   <div class='ocr_carea' id='block_1_72' title="bbox 144 1983 932 2022">
    <p class='ocr_par' dir='ltr' id='par_1_72' title="bbox 144 1983 932 2022">
     <span class='ocr_line' id='line_1_72' title="bbox 144 1983 932 2022; baseline 0.006 -12"><span class='ocrx_word' id='word_1_493' title='bbox 144 1983 201 2011; x_wconf 85' lang='grc' dir='ltr'><strong>τῶν</strong></span> <span class='ocrx_word' id='word_1_494' title='bbox 215 1983 324 2020; x_wconf 73' lang='grc' dir='ltr'>ἔλεγχον</span> <span class='ocrx_word' id='word_1_495' title='bbox 342 1987 569 2022; x_wconf 81' lang='grc' dir='ltr'>συγκεχρημένος.</span> <span class='ocrx_word' id='word_1_496' title='bbox 584 1987 712 2019; x_wconf 66' lang='lat' dir='ltr'><strong>Mamqu</strong></span> <span class='ocrx_word' id='word_1_497' title='bbox 723 1988 752 2014; x_wconf 82' lang='grc' dir='ltr'>δὲ</span> <span class='ocrx_word' id='word_1_498' title='bbox 763 1988 866 2015; x_wconf 75' lang='grc' dir='ltr'>ἐκεῖθεν</span> <span class='ocrx_word' id='word_1_499' title='bbox 885 1989 932 2016; x_wconf 74' lang='grc' dir='ltr'>ἐπὶ</span> 
     </span>
    </p>
   </div>
   <div class='ocr_carea' id='block_1_73' title="bbox 143 2030 932 2069">
    <p class='ocr_par' dir='ltr' id='par_1_73' title="bbox 143 2030 932 2069">
     <span class='ocr_line' id='line_1_73' title="bbox 143 2030 932 2069; baseline 0.006 -13"><span class='ocrx_word' id='word_1_500' title='bbox 143 2030 189 2056; x_wconf 66' lang='grc' dir='ltr'>τὰς</span> <span class='ocrx_word' id='word_1_501' title='bbox 200 2030 332 2067; x_wconf 76' lang='grc' dir='ltr'>Ἐϐραίων</span> <span class='ocrx_word' id='word_1_502' title='bbox 345 2031 433 2066; x_wconf 80' lang='grc' dir='ltr'>λόγια,</span> <span class='ocrx_word' id='word_1_503' title='bbox 445 2033 500 2059; x_wconf 90' lang='grc' dir='ltr'>τίσι</span> <span class='ocrx_word' id='word_1_504' title='bbox 519 2033 583 2059; x_wconf 78' lang='grc' dir='ltr'>ποτὲ</span> <span class='ocrx_word' id='word_1_505' title='bbox 599 2033 738 2069; x_wconf 85' lang='grc' dir='ltr'>λογισμοῖς</span> <span class='ocrx_word' id='word_1_506' title='bbox 756 2033 803 2069; x_wconf 81' lang='grc' dir='ltr'>τὴν</span> <span class='ocrx_word' id='word_1_507' title='bbox 820 2035 848 2061; x_wconf 79' lang='grc' dir='ltr'>ὲν</span> <span class='ocrx_word' id='word_1_508' title='bbox 872 2034 932 2061; x_wconf 79' lang='grc' dir='ltr'>τού-</span> 
     </span>
    </p>
   </div>
   <div class='ocr_carea' id='block_1_74' title="bbox 143 2078 931 2115">
    <p class='ocr_par' dir='ltr' id='par_1_74' title="bbox 143 2078 931 2115">
     <span class='ocr_line' id='line_1_74' title="bbox 143 2078 931 2115; baseline 0.006 -12"><span class='ocrx_word' id='word_1_509' title='bbox 143 2084 202 2109; x_wconf 82' lang='grc' dir='ltr'>τοις</span> <span class='ocrx_word' id='word_1_510' title='bbox 211 2078 407 2114; x_wconf 82' lang='grc' dir='ltr'>περιεχομένην</span> <span class='ocrx_word' id='word_1_511' title='bbox 418 2079 584 2115; x_wconf 83' lang='grc' dir='ltr'>δογματικὴν</span> <span class='ocrx_word' id='word_1_512' title='bbox 598 2079 745 2114; x_wconf 83' lang='grc' dir='ltr'>θεολογίαν,</span> <span class='ocrx_word' id='word_1_513' title='bbox 761 2081 809 2112; x_wconf 91' lang='grc' dir='ltr'><strong>τήν</strong></span> <span class='ocrx_word' id='word_1_514' title='bbox 819 2090 849 2107; x_wconf 88' lang='grc' dir='ltr'><strong>τε</strong></span> <span class='ocrx_word' id='word_1_515' title='bbox 862 2082 931 2108; x_wconf 87' lang='grc' dir='ltr'>κατὰ</span> 
     </span>
    </p>
   </div>
   <div class='ocr_carea' id='block_1_75' title="bbox 143 2123 931 2163">
    <p class='ocr_par' dir='ltr' id='par_1_75' title="bbox 143 2123 931 2163">
     <span class='ocr_line' id='line_1_75' title="bbox 143 2123 931 2163; baseline 0.008 -15"><span class='ocrx_word' id='word_1_516' title='bbox 143 2123 238 2149; x_wconf 79' lang='grc' dir='ltr'>τούσδε</span> <span class='ocrx_word' id='word_1_517' title='bbox 262 2125 380 2159; x_wconf 86' lang='grc' dir='ltr'>ἱστορίαν</span> <span class='ocrx_word' id='word_1_518' title='bbox 400 2123 516 2158; x_wconf 81' lang='grc' dir='ltr'>ἃπασαν,</span> <span class='ocrx_word' id='word_1_519' title='bbox 535 2126 581 2153; x_wconf 79' lang='grc' dir='ltr'>καὶ</span> <span class='ocrx_word' id='word_1_520' title='bbox 601 2126 669 2162; x_wconf 72' lang='grc' dir='ltr'>πρὸς</span> <span class='ocrx_word' id='word_1_521' title='bbox 686 2127 775 2153; x_wconf 80' lang='grc' dir='ltr'>αὐτῶν</span> <span class='ocrx_word' id='word_1_522' title='bbox 799 2127 931 2163; x_wconf 81' lang='grc' dir='ltr'>Ἑλλήνων</span> 
     </span>
    </p>
   </div>
   <div class='ocr_carea' id='block_1_76' title="bbox 147 2170 931 2210">
    <p class='ocr_par' dir='ltr' id='par_1_76' title="bbox 147 2170 931 2210">
     <span class='ocr_line' id='line_1_76' title="bbox 147 2170 931 2210; baseline 0.006 -15"><span class='ocrx_word' id='word_1_523' title='bbox 147 2170 397 2206; x_wconf 76' lang='grc' dir='ltr'>μεμαρτυρημένην</span> <span class='ocrx_word' id='word_1_524' title='bbox 410 2171 477 2207; x_wconf 64' lang='grc'>(46),</span> <span class='ocrx_word' id='word_1_525' title='bbox 495 2173 524 2198; x_wconf 76' lang='grc' dir='ltr'>ἐν</span> <span class='ocrx_word' id='word_1_526' title='bbox 537 2171 690 2207; x_wconf 78' lang='grc' dir='ltr'>ἰσαρίθμοις</span> <span class='ocrx_word' id='word_1_527' title='bbox 705 2170 738 2199; x_wconf 74' lang='grc' dir='ltr'>αὖ</span> <span class='ocrx_word' id='word_1_528' title='bbox 754 2173 931 2210; x_wconf 39' lang='grc' dir='ltr'>πάλιν-λόγων</span> 
     </span>
    </p>
   </div>
   <div class='ocr_carea' id='block_1_77' title="bbox 146 2216 931 2254">
    <p class='ocr_par' dir='ltr' id='par_1_77' title="bbox 146 2216 931 2254">
     <span class='ocr_line' id='line_1_77' title="bbox 146 2216 931 2254; baseline 0.005 -12"><span class='ocrx_word' id='word_1_529' title='bbox 146 2216 288 2249; x_wconf 76' lang='grc' dir='ltr'>συντάξεσι</span> <span class='ocrx_word' id='word_1_530' title='bbox 299 2217 525 2254; x_wconf 78' lang='grc' dir='ltr'>παρεστησάμην.</span> <span class='ocrx_word' id='word_1_531' title='bbox 548 2216 604 2244; x_wconf 74' lang='grc' dir='ltr'>Εἴθ’</span> <span class='ocrx_word' id='word_1_532' title='bbox 628 2219 691 2253; x_wconf 77' lang='grc' dir='ltr'><strong>ἑξῆς</strong></span> <span class='ocrx_word' id='word_1_533' title='bbox 708 2218 755 2244; x_wconf 84' lang='grc' dir='ltr'>τὸν</span> <span class='ocrx_word' id='word_1_534' title='bbox 787 2218 931 2253; x_wconf 83' lang='grc' dir='ltr'>Ελληνικὸν</span> 
     </span>
    </p>
   </div>
   <div class='ocr_carea' id='block_1_78' title="bbox 984 1619 1769 1655">
    <p class='ocr_par' dir='ltr' id='par_1_78' title="bbox 984 1619 1769 1655">
     <span class='ocr_line' id='line_1_78' title="bbox 984 1619 1769 1655; baseline -0.003 -7"><span class='ocrx_word' id='word_1_535' title='bbox 984 1619 1184 1655; x_wconf 85' lang='lat' dir='ltr'><strong>antiquissimis</strong></span> <span class='ocrx_word' id='word_1_536' title='bbox 1200 1620 1252 1646; x_wconf 86' lang='lat' dir='ltr'><strong>illis</strong></span> <span class='ocrx_word' id='word_1_537' title='bbox 1270 1620 1397 1646; x_wconf 88' lang='lat' dir='ltr'><strong>traditum</strong></span> <span class='ocrx_word' id='word_1_538' title='bbox 1412 1623 1493 1653; x_wconf 87' lang='lat' dir='ltr'><strong>atque</strong></span> <span class='ocrx_word' id='word_1_539' title='bbox 1512 1619 1699 1654; x_wconf 65' lang='lat' dir='ltr'><strong>praescriptum</strong></span> <span class='ocrx_word' id='word_1_540' title='bbox 1716 1625 1769 1653; x_wconf 78' lang='lat' dir='ltr'><strong>est,</strong></span> 
     </span>
    </p>
   </div>
   <div class='ocr_carea' id='block_1_79' title="bbox 984 1665 1772 1700">
    <p class='ocr_par' dir='ltr' id='par_1_79' title="bbox 984 1665 1772 1700">
     <span class='ocr_line' id='line_1_79' title="bbox 984 1665 1772 1700; baseline -0.001 -7"><span class='ocrx_word' id='word_1_541' title='bbox 984 1672 1039 1693; x_wconf 86' lang='lat' dir='ltr'><strong>tam</strong></span> <span class='ocrx_word' id='word_1_542' title='bbox 1053 1666 1080 1693; x_wconf 90' lang='lat' dir='ltr'><strong>in</strong></span> <span class='ocrx_word' id='word_1_543' title='bbox 1097 1666 1184 1694; x_wconf 87' lang='lat' dir='ltr'><strong>sacris</strong></span> <span class='ocrx_word' id='word_1_544' title='bbox 1209 1673 1292 1700; x_wconf 85' lang='lat' dir='ltr'><strong>quam</strong></span> <span class='ocrx_word' id='word_1_545' title='bbox 1311 1665 1338 1691; x_wconf 92' lang='lat' dir='ltr'><strong>in</strong></span> <span class='ocrx_word' id='word_1_546' title='bbox 1357 1665 1476 1700; x_wconf 84' lang='lat' dir='ltr'><strong>hymnis,</strong></span> <span class='ocrx_word' id='word_1_547' title='bbox 1500 1672 1531 1691; x_wconf 86' lang='lat' dir='ltr'><strong>ac</strong></span> <span class='ocrx_word' id='word_1_548' title='bbox 1546 1666 1658 1692; x_wconf 72' lang='lat' dir='ltr'><strong>deorum</strong></span> <span class='ocrx_word' id='word_1_549' title='bbox 1679 1666 1706 1692; x_wconf 90' lang='lat' dir='ltr'><strong>in</strong></span> <span class='ocrx_word' id='word_1_550' title='bbox 1720 1667 1772 1693; x_wconf 84' lang='lat' dir='ltr'><strong>ho-</strong></span> 
     </span>
    </p>
   </div>
   <div class='ocr_carea' id='block_1_80' title="bbox 983 1710 1768 1744">
    <p class='ocr_par' dir='ltr' id='par_1_80' title="bbox 983 1710 1768 1744">
     <span class='ocr_line' id='line_1_80' title="bbox 983 1710 1768 1744; baseline -0.003 -4"><span class='ocrx_word' id='word_1_551' title='bbox 983 1719 1079 1740; x_wconf 84' lang='lat' dir='ltr'><strong>norem</strong></span> <span class='ocrx_word' id='word_1_552' title='bbox 1101 1711 1182 1739; x_wconf 90' lang='lat' dir='ltr'><strong>editis</strong></span> <span class='ocrx_word' id='word_1_553' title='bbox 1196 1710 1374 1744; x_wconf 84' lang='lat' dir='ltr'><strong>carminibus,</strong></span> <span class='ocrx_word' id='word_1_554' title='bbox 1386 1711 1500 1738; x_wconf 85' lang='lat' dir='ltr'><strong>solemni</strong></span> <span class='ocrx_word' id='word_1_555' title='bbox 1518 1711 1571 1738; x_wconf 90' lang='lat' dir='ltr'><strong>ritu</strong></span> <span class='ocrx_word' id='word_1_556' title='bbox 1586 1711 1768 1739; x_wconf 76' lang='lat' dir='ltr'><strong>eclcbrantur.</strong></span> 
     </span>
    </p>
   </div>
   <div class='ocr_carea' id='block_1_81' title="bbox 985 1756 1769 1791">
    <p class='ocr_par' dir='ltr' id='par_1_81' title="bbox 985 1756 1769 1791">
     <span class='ocr_line' id='line_1_81' title="bbox 985 1756 1769 1791; baseline -0.003 -6"><span class='ocrx_word' id='word_1_557' title='bbox 985 1758 1037 1785; x_wconf 89' lang='lat' dir='ltr'><strong>Sed</strong></span> <span class='ocrx_word' id='word_1_558' title='bbox 1051 1762 1143 1785; x_wconf 86' lang='lat' dir='ltr'><strong>tamen</strong></span> <span class='ocrx_word' id='word_1_559' title='bbox 1163 1757 1301 1784; x_wconf 87' lang='lat' dir='ltr'><strong>liberalius</strong></span> <span class='ocrx_word' id='word_1_560' title='bbox 1315 1764 1395 1791; x_wconf 76' lang='lat' dir='ltr'><strong>agere</strong></span> <span class='ocrx_word' id='word_1_561' title='bbox 1416 1756 1528 1790; x_wconf 84' lang='lat' dir='ltr'><strong>placuit,</strong></span> <span class='ocrx_word' id='word_1_562' title='bbox 1546 1764 1578 1784; x_wconf 84' lang='lat' dir='ltr'><strong>ac</strong></span> <span class='ocrx_word' id='word_1_563' title='bbox 1593 1762 1677 1784; x_wconf 87' lang='lat' dir='ltr'><strong>totam</strong></span> <span class='ocrx_word' id='word_1_564' title='bbox 1695 1757 1769 1784; x_wconf 79' lang='lat' dir='ltr'><strong>illum</strong></span> 
     </span>
    </p>
   </div>
   <div class='ocr_carea' id='block_1_82' title="bbox 984 1802 1772 1838">
    <p class='ocr_par' dir='ltr' id='par_1_82' title="bbox 984 1802 1772 1838">
     <span class='ocr_line' id='line_1_82' title="bbox 984 1802 1772 1838; baseline -0.003 -7"><span class='ocrx_word' id='word_1_565' title='bbox 984 1803 1148 1831; x_wconf 82' lang='lat' dir='ltr'><strong>naturalium</strong></span> <span class='ocrx_word' id='word_1_566' title='bbox 1158 1803 1239 1830; x_wconf 87' lang='lat' dir='ltr'><strong>etiam</strong></span> <span class='ocrx_word' id='word_1_567' title='bbox 1247 1802 1526 1830; x_wconf 80' lang='lat' dir='ltr'><strong>accommodationum</strong></span> <span class='ocrx_word' id='word_1_568' title='bbox 1534 1810 1660 1838; x_wconf 81' lang='lat' dir='ltr'><strong>pompam</strong></span> <span class='ocrx_word' id='word_1_569' title='bbox 1673 1811 1705 1831; x_wconf 87' lang='lat' dir='ltr'><strong>ac</strong></span> <span class='ocrx_word' id='word_1_570' title='bbox 1712 1811 1772 1838; x_wconf 71' lang='lat' dir='ltr'><strong>Spe-</strong></span> 
     </span>
    </p>
   </div>
   <div class='ocr_carea' id='block_1_83' title="bbox 984 1847 1770 1882">
    <p class='ocr_par' dir='ltr' id='par_1_83' title="bbox 984 1847 1770 1882">
     <span class='ocr_line' id='line_1_83' title="bbox 984 1847 1770 1882; baseline 0 -6"><span class='ocrx_word' id='word_1_571' title='bbox 984 1850 1052 1876; x_wconf 87' lang='lat' dir='ltr'><strong>ciem</strong></span> <span class='ocrx_word' id='word_1_572' title='bbox 1069 1853 1142 1876; x_wconf 81' lang='lat' dir='ltr'><strong>tanta</strong></span> <span class='ocrx_word' id='word_1_573' title='bbox 1154 1849 1298 1876; x_wconf 82' lang='lat' dir='ltr'><strong>verborum</strong></span> <span class='ocrx_word' id='word_1_574' title='bbox 1311 1847 1458 1874; x_wconf 83' lang='lat' dir='ltr'><strong>ambitione</strong></span> <span class='ocrx_word' id='word_1_575' title='bbox 1467 1848 1598 1882; x_wconf 86' lang='lat' dir='ltr'><strong>jactatam</strong></span> <span class='ocrx_word' id='word_1_576' title='bbox 1608 1853 1634 1875; x_wconf 87' lang='lat' dir='ltr'><strong>et</strong></span> <span class='ocrx_word' id='word_1_577' title='bbox 1646 1849 1770 1876; x_wconf 85' lang='lat' dir='ltr'><strong>inventas</strong></span> 
     </span>
    </p>
   </div>
   <div class='ocr_carea' id='block_1_84' title="bbox 984 1894 1771 1929">
    <p class='ocr_par' dir='ltr' id='par_1_84' title="bbox 984 1894 1771 1929">
     <span class='ocr_line' id='line_1_84' title="bbox 984 1894 1771 1929; baseline 0 -6"><span class='ocrx_word' id='word_1_578' title='bbox 984 1904 999 1923; x_wconf 85' lang='lat' dir='ltr'><strong>a</strong></span> <span class='ocrx_word' id='word_1_579' title='bbox 1017 1895 1147 1929; x_wconf 84' lang='lat' dir='ltr'><strong>sophistis</strong></span> <span class='ocrx_word' id='word_1_580' title='bbox 1162 1899 1244 1929; x_wconf 85' lang='lat' dir='ltr'><strong>atque</strong></span> <span class='ocrx_word' id='word_1_581' title='bbox 1264 1894 1434 1929; x_wconf 88' lang='lat' dir='ltr'><strong>philosophis</strong></span> <span class='ocrx_word' id='word_1_582' title='bbox 1450 1895 1638 1922; x_wconf 84' lang='lat' dir='ltr'><strong>enarrationes</strong></span> <span class='ocrx_word' id='word_1_583' title='bbox 1653 1895 1689 1922; x_wconf 92' lang='lat' dir='ltr'><strong>ob</strong></span> <span class='ocrx_word' id='word_1_584' title='bbox 1705 1903 1771 1923; x_wconf 82' lang='lat' dir='ltr'><strong>neu--</strong></span> 
     </span>
    </p>
   </div>
   <div class='ocr_carea' id='block_1_85' title="bbox 983 1940 1770 1976">
    <p class='ocr_par' dir='ltr' id='par_1_85' title="bbox 983 1940 1770 1976">
     <span class='ocr_line' id='line_1_85' title="bbox 983 1940 1770 1976; baseline 0 -8"><span class='ocrx_word' id='word_1_585' title='bbox 983 1942 1024 1969; x_wconf 89' lang='lat' dir='ltr'><strong>los</strong></span> <span class='ocrx_word' id='word_1_586' title='bbox 1039 1948 1148 1976; x_wconf 88' lang='lat' dir='ltr'><strong>ponere.</strong></span> <span class='ocrx_word' id='word_1_587' title='bbox 1165 1940 1268 1968; x_wconf 88' lang='lat' dir='ltr'><strong>Deinde</strong></span> <span class='ocrx_word' id='word_1_588' title='bbox 1284 1948 1345 1975; x_wconf 78' lang='lat' dir='ltr'><strong>quae</strong></span> <span class='ocrx_word' id='word_1_589' title='bbox 1360 1941 1392 1968; x_wconf 89' lang='lat' dir='ltr'><strong>ad</strong></span> <span class='ocrx_word' id='word_1_590' title='bbox 1409 1941 1550 1968; x_wconf 83' lang='lat' dir='ltr'><strong>decantata</strong></span> <span class='ocrx_word' id='word_1_591' title='bbox 1569 1941 1690 1976; x_wconf 88' lang='lat' dir='ltr'><strong>ipsorum</strong></span> <span class='ocrx_word' id='word_1_592' title='bbox 1706 1948 1770 1968; x_wconf 45' lang='lat' dir='ltr'><strong>ora.</strong></span> 
     </span>
    </p>
   </div>
   <div class='ocr_carea' id='block_1_86' title="bbox 983 1987 1769 2022">
    <p class='ocr_par' dir='ltr' id='par_1_86' title="bbox 983 1987 1769 2022">
     <span class='ocr_line' id='line_1_86' title="bbox 983 1987 1769 2022; baseline -0.001 -7"><span class='ocrx_word' id='word_1_593' title='bbox 983 1988 1044 2015; x_wconf 90' lang='lat' dir='ltr'><strong>cula</strong></span> <span class='ocrx_word' id='word_1_594' title='bbox 1066 1987 1248 2022; x_wconf 83' lang='lat' dir='ltr'><strong>pertinebant,</strong></span> <span class='ocrx_word' id='word_1_595' title='bbox 1265 1987 1402 2022; x_wconf 87' lang='lat' dir='ltr'><strong>simulque</strong></span> <span class='ocrx_word' id='word_1_596' title='bbox 1428 1988 1591 2016; x_wconf 84' lang='lat' dir='ltr'><strong>celebratam</strong></span> <span class='ocrx_word' id='word_1_597' title='bbox 1611 1995 1624 2014; x_wconf 86' lang='lat' dir='ltr'><strong>a</strong></span> <span class='ocrx_word' id='word_1_598' title='bbox 1643 1988 1769 2022; x_wconf 86' lang='lat' dir='ltr'><strong>plurimis</strong></span> 
     </span>
    </p>
   </div>
   <div class='ocr_carea' id='block_1_87' title="bbox 983 2031 1768 2068">
    <p class='ocr_par' dir='ltr' id='par_1_87' title="bbox 983 2031 1768 2068">
     <span class='ocr_line' id='line_1_87' title="bbox 983 2031 1768 2068; baseline -0.001 -8"><span class='ocrx_word' id='word_1_599' title='bbox 983 2033 1057 2060; x_wconf 85' lang='lat' dir='ltr'><strong>illam</strong></span> <span class='ocrx_word' id='word_1_600' title='bbox 1082 2031 1211 2067; x_wconf 87' lang='lat' dir='ltr'><strong>quidem,</strong></span> <span class='ocrx_word' id='word_1_601' title='bbox 1233 2032 1280 2059; x_wconf 88' lang='lat' dir='ltr'><strong>sed</strong></span> <span class='ocrx_word' id='word_1_602' title='bbox 1298 2037 1388 2059; x_wconf 86' lang='lat' dir='ltr'><strong>tamen</strong></span> <span class='ocrx_word' id='word_1_603' title='bbox 1409 2040 1507 2059; x_wconf 85' lang='lat' dir='ltr'><strong>vanam</strong></span> <span class='ocrx_word' id='word_1_604' title='bbox 1527 2032 1575 2060; x_wconf 85' lang='lat' dir='ltr'><strong>fati</strong></span> <span class='ocrx_word' id='word_1_605' title='bbox 1601 2033 1768 2068; x_wconf 83' lang='lat' dir='ltr'><strong>opinionem,</strong></span> 
     </span>
    </p>
   </div>
   <div class='ocr_carea' id='block_1_88' title="bbox 982 2077 1770 2113">
    <p class='ocr_par' dir='ltr' id='par_1_88' title="bbox 982 2077 1770 2113">
     <span class='ocr_line' id='line_1_88' title="bbox 982 2077 1770 2113; baseline 0 -8"><span class='ocrx_word' id='word_1_606' title='bbox 982 2077 1133 2112; x_wconf 84' lang='lat' dir='ltr'><strong>perspicuis</strong></span> <span class='ocrx_word' id='word_1_607' title='bbox 1141 2077 1256 2104; x_wconf 88' lang='lat' dir='ltr'><strong>aliorum</strong></span> <span class='ocrx_word' id='word_1_608' title='bbox 1267 2077 1347 2104; x_wconf 90' lang='lat' dir='ltr'><strong>trium</strong></span> <span class='ocrx_word' id='word_1_609' title='bbox 1358 2077 1488 2105; x_wconf 90' lang='lat' dir='ltr'><strong>librorum</strong></span> <span class='ocrx_word' id='word_1_610' title='bbox 1498 2078 1665 2113; x_wconf 79' lang='lat' dir='ltr'><strong>argumentis</strong></span> <span class='ocrx_word' id='word_1_611' title='bbox 1674 2077 1770 2106; x_wconf 87' lang='lat' dir='ltr'><strong>confu-</strong></span> 
     </span>
    </p>
   </div>
   <div class='ocr_carea' id='block_1_89' title="bbox 983 2122 1768 2158">
    <p class='ocr_par' dir='ltr' id='par_1_89' title="bbox 983 2122 1768 2158">
     <span class='ocr_line' id='line_1_89' title="bbox 983 2122 1768 2158; baseline 0 -8"><span class='ocrx_word' id='word_1_612' title='bbox 983 2128 1065 2151; x_wconf 87' lang='lat' dir='ltr'><strong>tatam</strong></span> <span class='ocrx_word' id='word_1_613' title='bbox 1073 2122 1171 2150; x_wconf 80' lang='lat' dir='ltr'><strong>nudavi</strong></span> <span class='ocrx_word' id='word_1_614' title='bbox 1180 2132 1186 2149; x_wconf 74' lang='grc' dir='ltr'><strong>ε</strong></span> <span class='ocrx_word' id='word_1_615' title='bbox 1194 2122 1277 2158; x_wconf 76' lang='lat'><strong>789</strong></span> <span class='ocrx_word' id='word_1_616' title='bbox 1284 2130 1337 2149; x_wconf 94' lang='lat' dir='ltr'><strong>non</strong></span> <span class='ocrx_word' id='word_1_617' title='bbox 1347 2122 1505 2150; x_wconf 83' lang='lat' dir='ltr'><strong>domesticis</strong></span> <span class='ocrx_word' id='word_1_618' title='bbox 1514 2123 1596 2150; x_wconf 88' lang='lat' dir='ltr'><strong>modo</strong></span> <span class='ocrx_word' id='word_1_619' title='bbox 1605 2123 1768 2156; x_wconf 81' lang='lat' dir='ltr'><strong>rationibus,</strong></span> 
     </span>
    </p>
   </div>
   <div class='ocr_carea' id='block_1_90' title="bbox 983 2168 1770 2205">
    <p class='ocr_par' dir='ltr' id='par_1_90' title="bbox 983 2168 1770 2205">
     <span class='ocr_line' id='line_1_90' title="bbox 983 2168 1770 2205; baseline -0.004 -7"><span class='ocrx_word' id='word_1_620' title='bbox 983 2171 1031 2198; x_wconf 88' lang='lat' dir='ltr'><strong>sed</strong></span> <span class='ocrx_word' id='word_1_621' title='bbox 1045 2171 1125 2198; x_wconf 88' lang='lat' dir='ltr'><strong>etiam</strong></span> <span class='ocrx_word' id='word_1_622' title='bbox 1140 2169 1285 2205; x_wconf 84' lang='lat' dir='ltr'><strong>ipsissimis</strong></span> <span class='ocrx_word' id='word_1_623' title='bbox 1295 2169 1452 2196; x_wconf 79' lang='lat' dir='ltr'><strong>Graecorum</strong></span> <span class='ocrx_word' id='word_1_624' title='bbox 1465 2169 1583 2196; x_wconf 85' lang='lat' dir='ltr'><strong>maxime</strong></span> <span class='ocrx_word' id='word_1_625' title='bbox 1594 2168 1770 2204; x_wconf 83' lang='lat' dir='ltr'><strong>philosopho-</strong></span> 
     </span>
    </p>
   </div>
   <div class='ocr_carea' id='block_1_91' title="bbox 983 2213 1768 2244">
    <p class='ocr_par' dir='ltr' id='par_1_91' title="bbox 983 2213 1768 2244">
     <span class='ocr_line' id='line_1_91' title="bbox 983 2213 1768 2244; baseline -0.005 0"><span class='ocrx_word' id='word_1_626' title='bbox 983 2224 1043 2244; x_wconf 90' lang='lat' dir='ltr'><strong>rum</strong></span> <span class='ocrx_word' id='word_1_627' title='bbox 1071 2215 1236 2244; x_wconf 81' lang='lat' dir='ltr'><strong>testimoniis</strong></span> <span class='ocrx_word' id='word_1_628' title='bbox 1256 2222 1318 2242; x_wconf 89' lang='lat' dir='ltr'><strong>eum</strong></span> <span class='ocrx_word' id='word_1_629' title='bbox 1338 2215 1365 2242; x_wconf 89' lang='lat' dir='ltr'><strong>in</strong></span> <span class='ocrx_word' id='word_1_630' title='bbox 1389 2215 1469 2242; x_wconf 91' lang='lat' dir='ltr'><strong>llnem</strong></span> <span class='ocrx_word' id='word_1_631' title='bbox 1492 2222 1568 2241; x_wconf 83' lang='lat' dir='ltr'><strong>usus.</strong></span> <span class='ocrx_word' id='word_1_632' title='bbox 1584 2213 1653 2241; x_wconf 90' lang='lat' dir='ltr'><strong>Tum</strong></span> <span class='ocrx_word' id='word_1_633' title='bbox 1667 2214 1701 2241; x_wconf 86' lang='lat' dir='ltr'><strong>ad</strong></span> <span class='ocrx_word' id='word_1_634' title='bbox 1718 2213 1768 2241; x_wconf 83' lang='lat' dir='ltr'><strong>He-</strong></span> 
     </span>
    </p>
   </div>
   <div class='ocr_carea' id='block_1_92' title="bbox 146 2259 931 2300">
    <p class='ocr_par' dir='ltr' id='par_1_92' title="bbox 146 2261 930 2300">
     <span class='ocr_line' id='line_1_92' title="bbox 146 2261 930 2300; baseline 0.004 -12"><span class='ocrx_word' id='word_1_635' title='bbox 146 2261 298 2296; x_wconf 76' lang='grc' dir='ltr'>ἀπελέγξας</span> <span class='ocrx_word' id='word_1_636' title='bbox 319 2262 429 2298; x_wconf 80' lang='grc' dir='ltr'>τρόπον,</span> <span class='ocrx_word' id='word_1_637' title='bbox 443 2263 517 2295; x_wconf 78' lang='grc' dir='ltr'>ὅπως</span> <span class='ocrx_word' id='word_1_638' title='bbox 535 2272 564 2289; x_wconf 82' lang='grc' dir='ltr'><strong>τε</strong></span> <span class='ocrx_word' id='word_1_639' title='bbox 583 2263 671 2291; x_wconf 84' lang='grc' dir='ltr'>πάντα</span> <span class='ocrx_word' id='word_1_640' title='bbox 694 2263 769 2299; x_wconf 81' lang='grc' dir='ltr'>παρὰ</span> <span class='ocrx_word' id='word_1_641' title='bbox 786 2264 930 2300; x_wconf 72' lang='grc' dir='ltr'>βαρϐάρων</span> 
     </span>
    </p>
   </div>
   <div class='ocr_carea' id='block_1_93' title="bbox 983 2259 1768 2300">
    <p class='ocr_par' dir='ltr' id='par_1_93' title="bbox 983 2259 1768 2295">
     <span class='ocr_line' id='line_1_93' title="bbox 983 2259 1768 2295; baseline -0.005 -5"><span class='ocrx_word' id='word_1_642' title='bbox 983 2263 1117 2290; x_wconf 71' lang='lat' dir='ltr'><strong>bmorum</strong></span> <span class='ocrx_word' id='word_1_643' title='bbox 1141 2262 1203 2289; x_wconf 89' lang='lat' dir='ltr'><strong>inde</strong></span> <span class='ocrx_word' id='word_1_644' title='bbox 1223 2261 1327 2289; x_wconf 85' lang='lat' dir='ltr'><strong>litteras</strong></span> <span class='ocrx_word' id='word_1_645' title='bbox 1346 2268 1378 2288; x_wconf 86' lang='lat' dir='ltr'><strong>ac</strong></span> <span class='ocrx_word' id='word_1_646' title='bbox 1403 2259 1571 2288; x_wconf 86' lang='lat' dir='ltr'><strong>monimenta</strong></span> <span class='ocrx_word' id='word_1_647' title='bbox 1595 2267 1768 2295; x_wconf 79' lang='lat' dir='ltr'><strong>progressus.</strong></span> 
     </span>
    </p>
   </div>
   <div class='ocr_carea' id='block_1_94' title="bbox 144 2306 930 2345">
    <p class='ocr_par' dir='ltr' id='par_1_94' title="bbox 144 2306 930 2345">
     <span class='ocr_line' id='line_1_94' title="bbox 144 2306 930 2345; baseline 0.004 -12"><span class='ocrx_word' id='word_1_648' title='bbox 144 2306 293 2343; x_wconf 73' lang='grc' dir='ltr'>ὠφέληντο,</span> <span class='ocrx_word' id='word_1_649' title='bbox 322 2309 368 2335; x_wconf 77' lang='grc' dir='ltr'>καὶ</span> <span class='ocrx_word' id='word_1_650' title='bbox 382 2309 420 2340; x_wconf 86' lang='grc' dir='ltr'>ὡς</span> <span class='ocrx_word' id='word_1_651' title='bbox 437 2309 512 2336; x_wconf 78' lang='grc' dir='ltr'>οὐδὲν</span> <span class='ocrx_word' id='word_1_652' title='bbox 533 2309 637 2336; x_wconf 79' lang='grc' dir='ltr'>οἴκοθεν</span> <span class='ocrx_word' id='word_1_653' title='bbox 658 2310 754 2345; x_wconf 84' lang='grc' dir='ltr'>σεμνὸν</span> <span class='ocrx_word' id='word_1_654' title='bbox 781 2311 930 2344; x_wconf 81' lang='grc' dir='ltr'>ἐπάγονται</span> 
     </span>
    </p>
   </div>
   <div class='ocr_carea' id='block_1_95' title="bbox 147 2351 930 2390">
    <p class='ocr_par' dir='ltr' id='par_1_95' title="bbox 147 2351 930 2390">
     <span class='ocr_line' id='line_1_95' title="bbox 147 2351 930 2390; baseline 0.005 -12"><span class='ocrx_word' id='word_1_655' title='bbox 147 2351 271 2387; x_wconf 82' lang='grc' dir='ltr'>μάθημα,</span> <span class='ocrx_word' id='word_1_656' title='bbox 285 2352 333 2379; x_wconf 70' lang='grc' dir='ltr'>καὶ</span> <span class='ocrx_word' id='word_1_657' title='bbox 348 2353 396 2388; x_wconf 89' lang='grc' dir='ltr'><strong>τήν</strong></span> <span class='ocrx_word' id='word_1_658' title='bbox 409 2361 440 2387; x_wconf 85' lang='grc' dir='ltr'><strong>γε</strong></span> <span class='ocrx_word' id='word_1_659' title='bbox 453 2353 507 2380; x_wconf 88' lang='grc' dir='ltr'>τῶν</span> <span class='ocrx_word' id='word_1_660' title='bbox 520 2354 623 2389; x_wconf 87' lang='grc' dir='ltr'>χρόνων</span> <span class='ocrx_word' id='word_1_661' title='bbox 636 2354 856 2390; x_wconf 78' lang='grc' dir='ltr'>ἀντιπαράθεσιν,</span> <span class='ocrx_word' id='word_1_662' title='bbox 870 2355 930 2382; x_wconf 79' lang='grc' dir='ltr'>καθ’</span> 
     </span>
    </p>
   </div>
   <div class='ocr_carea' id='block_1_96' title="bbox 143 2395 931 2436">
    <p class='ocr_par' dir='ltr' id='par_1_96' title="bbox 143 2395 931 2436">
     <span class='ocr_line' id='line_1_96' title="bbox 143 2395 931 2436; baseline 0.006 -14"><span class='ocrx_word' id='word_1_663' title='bbox 143 2395 191 2428; x_wconf 87' lang='grc' dir='ltr'>οὓς</span> <span class='ocrx_word' id='word_1_664' title='bbox 213 2396 346 2432; x_wconf 83' lang='grc' dir='ltr'>Ἐλλήνων</span> <span class='ocrx_word' id='word_1_665' title='bbox 360 2406 391 2423; x_wconf 87' lang='grc' dir='ltr'><strong>τε</strong></span> <span class='ocrx_word' id='word_1_666' title='bbox 408 2398 430 2424; x_wconf 72' lang='grc' dir='ltr'>οἱ</span> <span class='ocrx_word' id='word_1_667' title='bbox 444 2397 585 2433; x_wconf 78' lang='grc' dir='ltr'>βοώμενοι,</span> <span class='ocrx_word' id='word_1_668' title='bbox 605 2399 737 2434; x_wconf 77' lang='grc' dir='ltr'>Ἑϐραίων</span> <span class='ocrx_word' id='word_1_669' title='bbox 751 2408 780 2426; x_wconf 84' lang='grc' dir='ltr'><strong>τε</strong></span> <span class='ocrx_word' id='word_1_670' title='bbox 792 2401 816 2426; x_wconf 81' lang='grc' dir='ltr'>οἱ</span> <span class='ocrx_word' id='word_1_671' title='bbox 827 2401 931 2436; x_wconf 83' lang='grc' dir='ltr'>προφῆ-</span> 
     </span>
    </p>
   </div>
   <div class='ocr_carea' id='block_1_97' title="bbox 141 2443 931 2482">
    <p class='ocr_par' dir='ltr' id='par_1_97' title="bbox 141 2443 931 2482">
     <span class='ocr_line' id='line_1_97' title="bbox 141 2443 931 2482; baseline 0.005 -13"><span class='ocrx_word' id='word_1_672' title='bbox 141 2451 189 2469; x_wconf 84' lang='grc' dir='ltr'><strong>ται</strong></span> <span class='ocrx_word' id='word_1_673' title='bbox 200 2443 352 2477; x_wconf 85' lang='grc' dir='ltr'>γεγόνασιν,</span> <span class='ocrx_word' id='word_1_674' title='bbox 370 2444 410 2476; x_wconf 86' lang='grc' dir='ltr'><strong>είς</strong></span> <span class='ocrx_word' id='word_1_675' title='bbox 421 2444 479 2478; x_wconf 84' lang='grc' dir='ltr'>φῶς</span> <span class='ocrx_word' id='word_1_676' title='bbox 495 2444 605 2478; x_wconf 77' lang='grc' dir='ltr'>ἀγαγών</span> <span class='ocrx_word' id='word_1_677' title='bbox 618 2454 622 2458; x_wconf 93' lang='grc'>·</span> <span class='ocrx_word' id='word_1_678' title='bbox 640 2443 717 2477; x_wconf 81' lang='grc' dir='ltr'>αὖθις</span> <span class='ocrx_word' id='word_1_679' title='bbox 729 2445 774 2472; x_wconf 75' lang='grc' dir='ltr'><strong>διὰ</strong></span> <span class='ocrx_word' id='word_1_680' title='bbox 788 2446 844 2472; x_wconf 85' lang='grc' dir='ltr'><strong>τῶν</strong></span> <span class='ocrx_word' id='word_1_681' title='bbox 862 2446 931 2482; x_wconf 83' lang='grc' dir='ltr'>μετὰ</span> 
     </span>
    </p>
   </div>
   <div class='ocr_carea' id='block_1_98' title="bbox 141 2487 930 2526">
    <p class='ocr_par' dir='ltr' id='par_1_98' title="bbox 141 2487 930 2526">
     <span class='ocr_line' id='line_1_98' title="bbox 141 2487 930 2526; baseline 0.004 -11"><span class='ocrx_word' id='word_1_682' title='bbox 141 2487 230 2515; x_wconf 77' lang='grc' dir='ltr'>ταῦτα</span> <span class='ocrx_word' id='word_1_683' title='bbox 241 2489 335 2524; x_wconf 84' lang='grc' dir='ltr'>τριῶν,</span> <span class='ocrx_word' id='word_1_684' title='bbox 348 2489 397 2524; x_wconf 84' lang='grc' dir='ltr'>τὴν</span> <span class='ocrx_word' id='word_1_685' title='bbox 409 2489 463 2516; x_wconf 89' lang='grc' dir='ltr'><strong>τῶν</strong></span> <span class='ocrx_word' id='word_1_686' title='bbox 475 2490 538 2525; x_wconf 77' lang='grc' dir='ltr'>παρ’</span> <span class='ocrx_word' id='word_1_687' title='bbox 551 2489 678 2525; x_wconf 85' lang='grc' dir='ltr'>Ἕλλησιν</span> <span class='ocrx_word' id='word_1_688' title='bbox 688 2490 838 2526; x_wconf 78' lang='grc' dir='ltr'>εὐδοκίμων</span> <span class='ocrx_word' id='word_1_689' title='bbox 853 2492 930 2526; x_wconf 62' lang='grc' dir='ltr'>φιλοι</span> 
     </span>
    </p>
   </div>
   <div class='ocr_carea' id='block_1_99' title="bbox 143 2534 928 2573">
    <p class='ocr_par' dir='ltr' id='par_1_99' title="bbox 143 2534 928 2573">
     <span class='ocr_line' id='line_1_99' title="bbox 143 2534 928 2573; baseline 0.004 -12"><span class='ocrx_word' id='word_1_690' title='bbox 143 2534 235 2569; x_wconf 77' lang='grc' dir='ltr'>σὸφων</span> <span class='ocrx_word' id='word_1_691' title='bbox 250 2535 317 2571; x_wconf 79' lang='grc' dir='ltr'>πρὸς</span> <span class='ocrx_word' id='word_1_692' title='bbox 333 2535 382 2568; x_wconf 84' lang='grc' dir='ltr'><strong>τὰς</strong></span> <span class='ocrx_word' id='word_1_693' title='bbox 401 2536 531 2571; x_wconf 81' lang='grc' dir='ltr'>Ἐὃραίων</span> <span class='ocrx_word' id='word_1_694' title='bbox 540 2536 619 2569; x_wconf 79' lang='grc' dir='ltr'>δόξας</span> <span class='ocrx_word' id='word_1_695' title='bbox 630 2537 781 2573; x_wconf 85' lang='grc' dir='ltr'>συνδρομὴν</span> <span class='ocrx_word' id='word_1_696' title='bbox 795 2537 928 2570; x_wconf 74' lang='grc' dir='ltr'>ἐπέδειξα,</span> 
     </span>
    </p>
   </div>
   <div class='ocr_carea' id='block_1_100' title="bbox 141 2581 930 2620">
    <p class='ocr_par' dir='ltr' id='par_1_100' title="bbox 141 2581 930 2620">
     <span class='ocr_line' id='line_1_100' title="bbox 141 2581 930 2620; baseline 0.004 -12"><span class='ocrx_word' id='word_1_697' title='bbox 141 2581 229 2613; x_wconf 85' lang='grc' dir='ltr'>αὑτὰς</span> <span class='ocrx_word' id='word_1_698' title='bbox 242 2582 322 2608; x_wconf 82' lang='grc' dir='ltr'>πάλιν</span> <span class='ocrx_word' id='word_1_699' title='bbox 338 2582 387 2615; x_wconf 84' lang='grc' dir='ltr'><strong>τὰς</strong></span> <span class='ocrx_word' id='word_1_700' title='bbox 397 2582 499 2614; x_wconf 76' lang='grc' dir='ltr'>οἰκείας</span> <span class='ocrx_word' id='word_1_701' title='bbox 508 2582 562 2609; x_wconf 87' lang='grc' dir='ltr'><strong>τῶν</strong></span> <span class='ocrx_word' id='word_1_702' title='bbox 572 2583 676 2620; x_wconf 78' lang='grc' dir='ltr'>ἀνδρῶν</span> <span class='ocrx_word' id='word_1_703' title='bbox 687 2583 777 2618; x_wconf 78' lang='grc' dir='ltr'>φωνὰς</span> <span class='ocrx_word' id='word_1_704' title='bbox 790 2584 930 2620; x_wconf 83' lang='grc' dir='ltr'>μάρτυρας</span> 
     </span>
    </p>
   </div>
   <div class='ocr_carea' id='block_1_101' title="bbox 144 2627 930 2665">
    <p class='ocr_par' dir='ltr' id='par_1_101' title="bbox 144 2627 930 2665">
     <span class='ocr_line' id='line_1_101' title="bbox 144 2627 930 2665; baseline 0.003 -11"><span class='ocrx_word' id='word_1_705' title='bbox 144 2627 334 2663; x_wconf 82' lang='grc' dir='ltr'>ποιησάμενος.</span> <span class='ocrx_word' id='word_1_706' title='bbox 363 2629 400 2655; x_wconf 79' lang='grc' dir='ltr'>Οὐ</span> <span class='ocrx_word' id='word_1_707' title='bbox 414 2628 466 2664; x_wconf 81' lang='grc' dir='ltr'>μὴν</span> <span class='ocrx_word' id='word_1_708' title='bbox 482 2629 548 2655; x_wconf 78' lang='grc' dir='ltr'>ἀλλὰ</span> <span class='ocrx_word' id='word_1_709' title='bbox 561 2629 607 2655; x_wconf 80' lang='grc' dir='ltr'>καὶ</span> <span class='ocrx_word' id='word_1_710' title='bbox 630 2629 693 2660; x_wconf 83' lang='grc' dir='ltr'>τοὺς</span> <span class='ocrx_word' id='word_1_711' title='bbox 710 2629 930 2665; x_wconf 80' lang='grc' dir='ltr'>ἑτεροδοξοῦντας</span> 
     </span>
    </p>
   </div>
   <div class='ocr_carea' id='block_1_102' title="bbox 143 2673 930 2710">
    <p class='ocr_par' dir='ltr' id='par_1_102' title="bbox 143 2673 930 2710">
     <span class='ocr_line' id='line_1_102' title="bbox 143 2673 930 2710; baseline 0.003 -10"><span class='ocrx_word' id='word_1_712' title='bbox 143 2674 209 2709; x_wconf 79' lang='grc' dir='ltr'>ἡμῖν</span> <span class='ocrx_word' id='word_1_713' title='bbox 225 2673 279 2700; x_wconf 86' lang='grc' dir='ltr'>τῶν</span> <span class='ocrx_word' id='word_1_714' title='bbox 292 2675 357 2710; x_wconf 76' lang='grc' dir='ltr'>παρ’</span> <span class='ocrx_word' id='word_1_715' title='bbox 368 2674 479 2710; x_wconf 82' lang='grc' dir='ltr'>Ἕλλησι</span> <span class='ocrx_word' id='word_1_716' title='bbox 496 2674 657 2710; x_wconf 84' lang='grc' dir='ltr'>φιλοσόφων,</span> <span class='ocrx_word' id='word_1_717' title='bbox 669 2675 700 2701; x_wconf 80' lang='grc' dir='ltr'>οὺ</span> <span class='ocrx_word' id='word_1_718' title='bbox 717 2674 784 2709; x_wconf 82' lang='grc' dir='ltr'>πρὸς</span> <span class='ocrx_word' id='word_1_719' title='bbox 795 2676 870 2710; x_wconf 82' lang='grc' dir='ltr'>ἡμᾶς</span> <span class='ocrx_word' id='word_1_720' title='bbox 886 2676 930 2710; x_wconf 85' lang='grc' dir='ltr'><strong>μό-</strong></span> 
     </span>
    </p>
   </div>
   <div class='ocr_carea' id='block_1_103' title="bbox 145 2719 927 2756">
    <p class='ocr_par' dir='ltr' id='par_1_103' title="bbox 145 2719 927 2756">
     <span class='ocr_line' id='line_1_103' title="bbox 145 2719 927 2756; baseline 0.001 -10"><span class='ocrx_word' id='word_1_721' title='bbox 145 2727 217 2751; x_wconf 78' lang='grc' dir='ltr'>νους,</span> <span class='ocrx_word' id='word_1_722' title='bbox 235 2719 302 2746; x_wconf 80' lang='grc' dir='ltr'>ἀλλὰ</span> <span class='ocrx_word' id='word_1_723' title='bbox 318 2721 365 2747; x_wconf 79' lang='grc' dir='ltr'>καὶ</span> <span class='ocrx_word' id='word_1_724' title='bbox 380 2720 448 2756; x_wconf 80' lang='grc' dir='ltr'>πρὸς</span> <span class='ocrx_word' id='word_1_725' title='bbox 463 2721 527 2752; x_wconf 79' lang='grc' dir='ltr'>τούς</span> <span class='ocrx_word' id='word_1_726' title='bbox 540 2729 614 2755; x_wconf 80' lang='grc' dir='ltr'>σφων</span> <span class='ocrx_word' id='word_1_727' title='bbox 634 2720 748 2752; x_wconf 82' lang='grc' dir='ltr'>οἰκείους</span> <span class='ocrx_word' id='word_1_728' title='bbox 772 2720 927 2754; x_wconf 81' lang='grc' dir='ltr'>διεστῶτας,</span> 
     </span>
    </p>
   </div>
   <div class='ocr_carea' id='block_1_104' title="bbox 181 2798 927 2835">
    <p class='ocr_par' dir='ltr' id='par_1_104' title="bbox 181 2798 927 2835">
     <span class='ocr_line' id='line_1_104' title="bbox 181 2798 927 2835; baseline -0.001 -8"><span class='ocrx_word' id='word_1_729' title='bbox 181 2799 238 2835; x_wconf 72' lang='grc'><strong>(45)</strong></span> <span class='ocrx_word' id='word_1_730' title='bbox 259 2800 318 2833; x_wconf 83' lang='grc' dir='ltr'><strong>Τὴν</strong></span> <span class='ocrx_word' id='word_1_731' title='bbox 339 2801 495 2828; x_wconf 78' lang='grc' dir='ltr'>πολύθεον.</span> <span class='ocrx_word' id='word_1_732' title='bbox 518 2799 567 2828; x_wconf 87' lang='lat' dir='ltr'><strong>Hic</strong></span> <span class='ocrx_word' id='word_1_733' title='bbox 584 2799 677 2834; x_wconf 87' lang='lat' dir='ltr'><strong>incipit</strong></span> <span class='ocrx_word' id='word_1_734' title='bbox 694 2798 810 2834; x_wconf 83' lang='lat' dir='ltr'><strong>Hopperi</strong></span> <span class='ocrx_word' id='word_1_735' title='bbox 828 2807 927 2832; x_wconf 86' lang='lat' dir='ltr'><strong>versto,</strong></span> 
     </span>
    </p>
   </div>
   <div class='ocr_carea' id='block_1_105' title="bbox 146 2834 929 2870">
    <p class='ocr_par' dir='ltr' id='par_1_105' title="bbox 146 2834 929 2870">
     <span class='ocr_line' id='line_1_105' title="bbox 146 2834 929 2870; baseline -0.003 -8"><span class='ocrx_word' id='word_1_736' title='bbox 146 2834 363 2870; x_wconf 76' lang='lat' dir='ltr'><strong>Trapezuntiana</strong></span> <span class='ocrx_word' id='word_1_737' title='bbox 387 2836 491 2864; x_wconf 71' lang='lat' dir='ltr'><strong>ﬁdelior</strong></span> <span class='ocrx_word' id='word_1_738' title='bbox 516 2836 561 2863; x_wconf 88' lang='lat' dir='ltr'><strong>illa</strong></span> <span class='ocrx_word' id='word_1_739' title='bbox 581 2835 708 2870; x_wconf 86' lang='lat' dir='ltr'><strong>quidem;</strong></span> <span class='ocrx_word' id='word_1_740' title='bbox 731 2834 867 2869; x_wconf 85' lang='lat' dir='ltr'><strong>ejusmodi</strong></span> <span class='ocrx_word' id='word_1_741' title='bbox 887 2839 929 2861; x_wconf 82' lang='lat' dir='ltr'><strong>ta-</strong></span> 
     </span>
    </p>
   </div>
   <div class='ocr_carea' id='block_1_106' title="bbox 145 2870 930 2906">
    <p class='ocr_par' dir='ltr' id='par_1_106' title="bbox 145 2870 930 2906">
     <span class='ocr_line' id='line_1_106' title="bbox 145 2870 930 2906; baseline -0.003 -9"><span class='ocrx_word' id='word_1_742' title='bbox 145 2878 218 2903; x_wconf 88' lang='lat' dir='ltr'><strong>men,</strong></span> <span class='ocrx_word' id='word_1_743' title='bbox 235 2877 295 2905; x_wconf 88' lang='lat' dir='ltr'><strong>post</strong></span> <span class='ocrx_word' id='word_1_744' title='bbox 306 2879 387 2906; x_wconf 84' lang='lat' dir='ltr'><strong>quam</strong></span> <span class='ocrx_word' id='word_1_745' title='bbox 401 2892 409 2903; x_wconf 89' lang='lat'><strong>,</strong></span> <span class='ocrx_word' id='word_1_746' title='bbox 426 2872 560 2899; x_wconf 86' lang='lat' dir='ltr'><strong>neminem</strong></span> <span class='ocrx_word' id='word_1_747' title='bbox 577 2870 699 2897; x_wconf 86' lang='lat' dir='ltr'><strong>futurum</strong></span> <span class='ocrx_word' id='word_1_748' title='bbox 714 2877 804 2906; x_wconf 83' lang='lat' dir='ltr'><strong>spero,</strong></span> <span class='ocrx_word' id='word_1_749' title='bbox 819 2870 864 2904; x_wconf 92' lang='lat' dir='ltr'><strong>qui</strong></span> <span class='ocrx_word' id='word_1_750' title='bbox 885 2877 930 2906; x_wconf 79' lang='lat' dir='ltr'><strong>su-</strong></span> 
     </span>
    </p>
   </div>
   <div class='ocr_carea' id='block_1_107' title="bbox 144 2904 928 2941">
    <p class='ocr_par' dir='ltr' id='par_1_107' title="bbox 144 2904 928 2941">
     <span class='ocr_line' id='line_1_107' title="bbox 144 2904 928 2941; baseline -0.001 -8"><span class='ocrx_word' id='word_1_751' title='bbox 144 2904 342 2941; x_wconf 79' lang='lat' dir='ltr'><strong>pervacaneum</strong></span> <span class='ocrx_word' id='word_1_752' title='bbox 366 2906 415 2934; x_wconf 76' lang='lat' dir='ltr'><strong>nhs</strong></span> <span class='ocrx_word' id='word_1_753' title='bbox 443 2915 486 2934; x_wconf 87' lang='lat' dir='ltr'><strong>me</strong></span> <span class='ocrx_word' id='word_1_754' title='bbox 516 2910 671 2939; x_wconf 72' lang='lat' dir='ltr'><strong>susceptum</strong></span> <span class='ocrx_word' id='word_1_755' title='bbox 708 2905 828 2934; x_wconf 79' lang='lat' dir='ltr'><strong>laborem</strong></span> <span class='ocrx_word' id='word_1_756' title='bbox 856 2904 928 2932; x_wconf 82' lang='lat' dir='ltr'><strong>arbi-</strong></span> 
     </span>
    </p>
   </div>
   <div class='ocr_carea' id='block_1_108' title="bbox 983 2306 1769 2344">
    <p class='ocr_par' dir='ltr' id='par_1_108' title="bbox 983 2306 1769 2344">
     <span class='ocr_line' id='line_1_108' title="bbox 983 2306 1769 2344; baseline -0.003 -9"><span class='ocrx_word' id='word_1_757' title='bbox 983 2315 1038 2344; x_wconf 93' lang='lat' dir='ltr'><strong>quo</strong></span> <span class='ocrx_word' id='word_1_758' title='bbox 1055 2308 1161 2335; x_wconf 84' lang='lat' dir='ltr'><strong>tandem</strong></span> <span class='ocrx_word' id='word_1_759' title='bbox 1180 2307 1296 2335; x_wconf 89' lang='lat' dir='ltr'><strong>consilio</strong></span> <span class='ocrx_word' id='word_1_760' title='bbox 1320 2311 1346 2334; x_wconf 83' lang='lat' dir='ltr'><strong>et</strong></span> <span class='ocrx_word' id='word_1_761' title='bbox 1366 2306 1590 2341; x_wconf 82' lang='lat' dir='ltr'><strong>comprehensam</strong></span> <span class='ocrx_word' id='word_1_762' title='bbox 1620 2307 1688 2341; x_wconf 88' lang='lat' dir='ltr'><strong>ipsis</strong></span> <span class='ocrx_word' id='word_1_763' title='bbox 1721 2307 1769 2333; x_wconf 94' lang='lat' dir='ltr'><strong>do-</strong></span> 
     </span>
    </p>
   </div>
   <div class='ocr_carea' id='block_1_109' title="bbox 982 2352 1768 2389">
    <p class='ocr_par' dir='ltr' id='par_1_109' title="bbox 982 2352 1768 2389">
     <span class='ocr_line' id='line_1_109' title="bbox 982 2352 1768 2389; baseline -0.003 -8"><span class='ocrx_word' id='word_1_764' title='bbox 982 2354 1126 2389; x_wconf 76' lang='lat' dir='ltr'><strong>gmaticam</strong></span> <span class='ocrx_word' id='word_1_765' title='bbox 1152 2361 1246 2381; x_wconf 84' lang='lat' dir='ltr'><strong>eorum</strong></span> <span class='ocrx_word' id='word_1_766' title='bbox 1269 2353 1448 2388; x_wconf 76' lang='lat' dir='ltr'><strong>theologiam.</strong></span> <span class='ocrx_word' id='word_1_767' title='bbox 1473 2357 1500 2379; x_wconf 86' lang='lat' dir='ltr'><strong>et</strong></span> <span class='ocrx_word' id='word_1_768' title='bbox 1524 2361 1584 2387; x_wconf 71' lang='lat' dir='ltr'><strong>quze</strong></span> <span class='ocrx_word' id='word_1_769' title='bbox 1612 2352 1768 2380; x_wconf 68' lang='lat' dir='ltr'><strong>Graecorum</strong></span> 
     </span>
    </p>
   </div>
   <div class='ocr_carea' id='block_1_110' title="bbox 982 2399 1768 2427">
    <p class='ocr_par' dir='ltr' id='par_1_110' title="bbox 982 2399 1768 2427">
     <span class='ocr_line' id='line_1_110' title="bbox 982 2399 1768 2427; baseline -0.003 0"><span class='ocrx_word' id='word_1_770' title='bbox 982 2400 1064 2427; x_wconf 89' lang='lat' dir='ltr'><strong>etiam</strong></span> <span class='ocrx_word' id='word_1_771' title='bbox 1096 2400 1236 2427; x_wconf 89' lang='lat' dir='ltr'><strong>hominum</strong></span> <span class='ocrx_word' id='word_1_772' title='bbox 1265 2399 1378 2427; x_wconf 80' lang='lat' dir='ltr'><strong>vocibus</strong></span> <span class='ocrx_word' id='word_1_773' title='bbox 1405 2399 1582 2426; x_wconf 81' lang='lat' dir='ltr'><strong>confirmatur</strong></span> <span class='ocrx_word' id='word_1_774' title='bbox 1613 2399 1768 2426; x_wconf 78' lang='lat' dir='ltr'><strong>unit&#39;ersam</strong></span> 
     </span>
    </p>
   </div>
   <div class='ocr_carea' id='block_1_111' title="bbox 982 2443 1770 2481">
    <p class='ocr_par' dir='ltr' id='par_1_111' title="bbox 982 2443 1770 2481">
     <span class='ocr_line' id='line_1_111' title="bbox 982 2443 1770 2481; baseline -0.005 -8"><span class='ocrx_word' id='word_1_775' title='bbox 982 2446 1069 2481; x_wconf 76' lang='lat' dir='ltr'><strong>gentis</strong></span> <span class='ocrx_word' id='word_1_776' title='bbox 1089 2445 1241 2476; x_wconf 83' lang='lat' dir='ltr'><strong>historiam.</strong></span> <span class='ocrx_word' id='word_1_777' title='bbox 1256 2444 1390 2480; x_wconf 83' lang='lat' dir='ltr'><strong>complexi</strong></span> <span class='ocrx_word' id='word_1_778' title='bbox 1414 2443 1557 2476; x_wconf 85' lang='lat' dir='ltr'><strong>fuerimus,</strong></span> <span class='ocrx_word' id='word_1_779' title='bbox 1572 2443 1683 2471; x_wconf 86' lang='lat' dir='ltr'><strong>totidem</strong></span> <span class='ocrx_word' id='word_1_780' title='bbox 1699 2452 1770 2478; x_wconf 83' lang='lat' dir='ltr'><strong>quo-</strong></span> 
     </span>
    </p>
   </div>
   <div class='ocr_carea' id='block_1_112' title="bbox 981 2489 1768 2528">
    <p class='ocr_par' dir='ltr' id='par_1_112' title="bbox 981 2489 1768 2528">
     <span class='ocr_line' id='line_1_112' title="bbox 981 2489 1768 2528; baseline -0.004 -8"><span class='ocrx_word' id='word_1_781' title='bbox 981 2500 1035 2528; x_wconf 84' lang='lat' dir='ltr'><strong>que</strong></span> <span class='ocrx_word' id='word_1_782' title='bbox 1047 2492 1123 2519; x_wconf 89' lang='lat' dir='ltr'><strong>libris</strong></span> <span class='ocrx_word' id='word_1_783' title='bbox 1139 2492 1243 2527; x_wconf 86' lang='lat' dir='ltr'><strong>aperui.</strong></span> <span class='ocrx_word' id='word_1_784' title='bbox 1257 2491 1398 2526; x_wconf 87' lang='lat' dir='ltr'><strong>Deinceps,</strong></span> <span class='ocrx_word' id='word_1_785' title='bbox 1417 2497 1480 2518; x_wconf 88' lang='lat' dir='ltr'><strong>cum</strong></span> <span class='ocrx_word' id='word_1_786' title='bbox 1498 2490 1638 2525; x_wconf 76' lang='lat' dir='ltr'><strong>patefactis</strong></span> <span class='ocrx_word' id='word_1_787' title='bbox 1658 2489 1768 2518; x_wconf 65' lang='lat' dir='ltr'><strong>Graeco-</strong></span> 
     </span>
    </p>
   </div>
   <div class='ocr_carea' id='block_1_113' title="bbox 981 2535 1769 2571">
    <p class='ocr_par' dir='ltr' id='par_1_113' title="bbox 981 2535 1769 2571">
     <span class='ocr_line' id='line_1_113' title="bbox 981 2535 1769 2571; baseline -0.004 -6"><span class='ocrx_word' id='word_1_788' title='bbox 981 2546 1042 2565; x_wconf 90' lang='lat' dir='ltr'><strong>rum</strong></span> <span class='ocrx_word' id='word_1_789' title='bbox 1067 2538 1206 2571; x_wconf 89' lang='lat' dir='ltr'><strong>moribus,</strong></span> <span class='ocrx_word' id='word_1_790' title='bbox 1234 2545 1280 2564; x_wconf 88' lang='lat' dir='ltr'><strong>eos</strong></span> <span class='ocrx_word' id='word_1_791' title='bbox 1302 2544 1318 2564; x_wconf 88' lang='lat' dir='ltr'><strong>a</strong></span> <span class='ocrx_word' id='word_1_792' title='bbox 1345 2537 1469 2564; x_wconf 86' lang='lat' dir='ltr'><strong>barbaris</strong></span> <span class='ocrx_word' id='word_1_793' title='bbox 1494 2535 1651 2564; x_wconf 87' lang='lat' dir='ltr'><strong>hominibus</strong></span> <span class='ocrx_word' id='word_1_794' title='bbox 1677 2536 1769 2563; x_wconf 82' lang='lat' dir='ltr'><strong>omnia</strong></span> 
     </span>
    </p>
   </div>
   <div class='ocr_carea' id='block_1_114' title="bbox 981 2581 1772 2616">
    <p class='ocr_par' dir='ltr' id='par_1_114' title="bbox 981 2581 1772 2616">
     <span class='ocr_line' id='line_1_114' title="bbox 981 2581 1772 2616; baseline -0.004 -6"><span class='ocrx_word' id='word_1_795' title='bbox 981 2587 1118 2610; x_wconf 85' lang='lat' dir='ltr'><strong>mutuatos</strong></span> <span class='ocrx_word' id='word_1_796' title='bbox 1138 2590 1209 2615; x_wconf 88' lang='lat' dir='ltr'><strong>esse,</strong></span> <span class='ocrx_word' id='word_1_797' title='bbox 1238 2581 1396 2616; x_wconf 88' lang='lat' dir='ltr'><strong>nullumque</strong></span> <span class='ocrx_word' id='word_1_798' title='bbox 1419 2581 1499 2608; x_wconf 88' lang='lat' dir='ltr'><strong>domo</strong></span> <span class='ocrx_word' id='word_1_799' title='bbox 1519 2588 1643 2615; x_wconf 87' lang='lat' dir='ltr'><strong>promere</strong></span> <span class='ocrx_word' id='word_1_800' title='bbox 1663 2581 1772 2616; x_wconf 62' lang='lat' dir='ltr'><strong>gravia.</strong></span> 
     </span>
    </p>
   </div>
   <div class='ocr_carea' id='block_1_115' title="bbox 981 2627 1769 2663">
    <p class='ocr_par' dir='ltr' id='par_1_115' title="bbox 981 2627 1769 2663">
     <span class='ocr_line' id='line_1_115' title="bbox 981 2627 1769 2663; baseline -0.003 -7"><span class='ocrx_word' id='word_1_801' title='bbox 981 2629 1019 2656; x_wconf 91' lang='lat' dir='ltr'><strong>ris</strong></span> <span class='ocrx_word' id='word_1_802' title='bbox 1034 2628 1186 2663; x_wconf 65' lang='lat' dir='ltr'><strong>disciplina:</strong></span> <span class='ocrx_word' id='word_1_803' title='bbox 1200 2635 1295 2663; x_wconf 78' lang='lat' dir='ltr'><strong>genus,</strong></span> <span class='ocrx_word' id='word_1_804' title='bbox 1306 2627 1412 2654; x_wconf 77' lang='lat' dir='ltr'><strong>collatis</strong></span> <span class='ocrx_word' id='word_1_805' title='bbox 1423 2627 1505 2654; x_wconf 87' lang='lat' dir='ltr'><strong>etiam</strong></span> <span class='ocrx_word' id='word_1_806' title='bbox 1517 2631 1598 2661; x_wconf 89' lang='lat' dir='ltr'><strong>atque</strong></span> <span class='ocrx_word' id='word_1_807' title='bbox 1613 2627 1769 2654; x_wconf 83' lang='lat' dir='ltr'><strong>commissis</strong></span> 
     </span>
    </p>
   </div>
   <div class='ocr_carea' id='block_1_116' title="bbox 980 2670 1768 2707">
    <p class='ocr_par' dir='ltr' id='par_1_116' title="bbox 980 2670 1768 2707">
     <span class='ocr_line' id='line_1_116' title="bbox 980 2670 1768 2707; baseline -0.004 -6"><span class='ocrx_word' id='word_1_808' title='bbox 980 2681 1086 2704; x_wconf 88' lang='lat' dir='ltr'><strong>eorum,</strong></span> <span class='ocrx_word' id='word_1_809' title='bbox 1106 2680 1175 2707; x_wconf 90' lang='lat' dir='ltr'><strong>quos</strong></span> <span class='ocrx_word' id='word_1_810' title='bbox 1193 2672 1311 2699; x_wconf 85' lang='lat' dir='ltr'><strong>maxime</strong></span> <span class='ocrx_word' id='word_1_811' title='bbox 1328 2671 1414 2699; x_wconf 66' lang='lat' dir='ltr'><strong>Grteci</strong></span> <span class='ocrx_word' id='word_1_812' title='bbox 1434 2671 1582 2706; x_wconf 61' lang='lat' dir='ltr'><strong>praedicare</strong></span> <span class='ocrx_word' id='word_1_813' title='bbox 1601 2671 1698 2703; x_wconf 82' lang='lat' dir='ltr'><strong>solent,</strong></span> <span class='ocrx_word' id='word_1_814' title='bbox 1714 2670 1768 2698; x_wconf 82' lang='lat' dir='ltr'><strong>lle-</strong></span> 
     </span>
    </p>
   </div>
   <div class='ocr_carea' id='block_1_117' title="bbox 980 2717 1766 2754">
    <p class='ocr_par' dir='ltr' id='par_1_117' title="bbox 980 2717 1766 2754">
     <span class='ocr_line' id='line_1_117' title="bbox 980 2717 1766 2754; baseline -0.001 -7"><span class='ocrx_word' id='word_1_815' title='bbox 980 2720 1170 2754; x_wconf 71' lang='lat' dir='ltr'><strong>brtnorumque</strong></span> <span class='ocrx_word' id='word_1_816' title='bbox 1178 2718 1372 2754; x_wconf 86' lang='lat' dir='ltr'><strong>prophetarum</strong></span> <span class='ocrx_word' id='word_1_817' title='bbox 1382 2717 1561 2753; x_wconf 86' lang='lat' dir='ltr'><strong>temporibus,</strong></span> <span class='ocrx_word' id='word_1_818' title='bbox 1571 2717 1766 2746; x_wconf 86' lang='lat' dir='ltr'><strong>ostendissem:</strong></span> 
     </span>
    </p>
   </div>
   <div class='ocr_carea' id='block_1_118' title="bbox 982 2803 1767 2868">
    <p class='ocr_par' dir='ltr' id='par_1_118' title="bbox 982 2803 1767 2868">
     <span class='ocr_line' id='line_1_118' title="bbox 982 2803 1767 2868; baseline -0.005 -7"><span class='ocrx_word' id='word_1_819' title='bbox 982 2803 1076 2868; x_wconf 43' lang='lat' dir='ltr'><strong>&quot;iis;</strong></span> <span class='ocrx_word' id='word_1_820' title='bbox 1088 2834 1370 2868; x_wconf 67' lang='grc' dir='ltr'>Μεμαρτυρηιιένην.</span> <span class='ocrx_word' id='word_1_821' title='bbox 1390 2832 1470 2861; x_wconf 79' lang='lat' dir='ltr'><strong>Deest</strong></span> <span class='ocrx_word' id='word_1_822' title='bbox 1483 2833 1557 2861; x_wconf 86' lang='lat' dir='ltr'><strong>verb.</strong></span> <span class='ocrx_word' id='word_1_823' title='bbox 1569 2830 1767 2868; x_wconf 73' lang='grc' dir='ltr'>ὴσπασάμεθα,</span> 
     </span>
    </p>
   </div>
   <div class='ocr_carea' id='block_1_119' title="bbox 980 2869 1220 2898">
    <p class='ocr_par' dir='ltr' id='par_1_119' title="bbox 980 2869 1220 2898">
     <span class='ocr_line' id='line_1_119' title="bbox 980 2869 1220 2898; baseline -0.004 -2"><span class='ocrx_word' id='word_1_824' title='bbox 980 2870 1022 2897; x_wconf 88' lang='lat' dir='ltr'><strong>vel</strong></span> <span class='ocrx_word' id='word_1_825' title='bbox 1036 2869 1107 2898; x_wconf 83' lang='lat' dir='ltr'><strong>aliud</strong></span> <span class='ocrx_word' id='word_1_826' title='bbox 1123 2869 1220 2896; x_wconf 87' lang='lat' dir='ltr'><strong>simile.</strong></span> 
     </span>
    </p>
   </div>
  </div>
