2061 3210
284 166 353 194 1503

582 218 697 246 CAPUT
712 217 758 244 IV.

281 268 366 296 Attici
385 265 516 293 Platonici
540 263 686 298 disputatio
701 283 708 294 ,
737 263 861 289 adversus
891 261 1070 298 Aristotelem,

321 311 337 329 a
357 302 447 335 Moyse
465 305 489 327 et
505 299 617 326 Platone
633 299 661 325 in
678 298 863 325 constituenda
886 298 948 332 finis
970 297 1073 324 ratione

320 337 503 364 dissidentem.

322 393 332 409 ι
351 382 419 410 Cum
436 380 671 416 philosophorum,
689 379 789 415 inquit,
803 378 1071 406 omniumcommuni

285 437 378 461 sensu,
390 428 539 455 humanam
553 426 749 454 beatitudinem
765 425 937 460 philosophia
947 425 1074 460 pollicea-

284 481 330 502 tur.
347 475 489 506 universa,
517 474 667 508 eademque
683 472 815 499 trifariam
844 479 893 507 pro
919 471 964 498 illa
981 478 1073 498 rerum

285 521 407 548 omnium
426 520 561 548 elfectricc
576 519 770 547 distributione
792 518 929 545 dividatur
947 522 1074 545 :tantum

285 567 372 599 abest,
386 570 415 593 ut
432 566 482 592 hoc
505 565 532 592 in
556 573 646 592 rerum
670 571 768 598 genere
783 562 954 590 Platonicum
972 560 1074 596 aliquid

285 611 480 646 Peripateticus
495 611 547 638 iste
561 610 666 642 doceat,
681 612 711 636 ut
723 616 756 636 ex
783 608 907 643 pluribus
920 607 967 642 qui
985 615 999 634 a
1013 606 1074 634 Pla-

284 663 347 686 tone
361 657 532 690 dissentiunt,
550 657 657 692 longius
672 656 705 683 ab
728 655 824 682 eodem
848 661 929 681 nemo
940 654 1074 681 discesse-

284 705 330 732 rit.
347 703 485 739 Principio
497 723 505 733 .
522 703 596 738 quod
623 702 746 729 omnium
764 701 803 727 uti
818 698 1074 726 communissimum

284 754 336 781 est,
356 749 392 777 ita
409 748 557 776 maximum
575 748 656 780 idem,
675 752 757 782 atque
772 745 910 781 princeps,
925 745 953 771 in
964 751 997 772 eo
1011 743 1074 771 Pla-

284 801 375 824 tonent
398 794 526 830 reliquit,
555 801 587 821 ac
607 792 782 820 beatitudinis
811 791 879 818 ﬁnes
907 790 1076 824 modumque

284 847 508 877 praetergressus,
522 840 588 867 satis
605 839 638 866 ad
654 846 713 866 eam
730 845 777 872 per
788 844 848 864 sese
860 836 987 863 virtutem
1001 835 1076 862 futu-

285 895 343 914 ram
362 886 479 922 negavit.
508 885 587 919 Fugit
615 891 677 911 eum
706 883 806 918 quippe
831 882 873 909 vis
899 885 1074 916 potestasque
1090 899 1112 928 Β

284 932 403 964 virtutis,
428 938 543 966 eamque
561 930 676 957 fortunae
700 929 837 956 honorum
855 935 936 962 opera
953 927 1074 960 indigere

285 979 319 1006 ad
340 978 496 1006 felicitatem
516 975 736 1011 consequendam
759 974 865 1010 putavit
880 983 886 1001 ε
903 981 957 1008 qua
971 980 1026 1000 una
1050 972 1074 1000 si

285 1025 348 1060 quis
363 1028 496 1056 uteretur,
515 1023 574 1058 ejus
591 1028 731 1056 nunquam
757 1020 863 1047 viribus
877 1019 910 1046 ad
928 1019 1001 1046 illius
1014 1026 1076 1053 pos-

285 1072 435 1100 sessionem
450 1069 591 1105 pervenire
608 1072 710 1103 posset.
723 1067 758 1094 At
775 1066 895 1094 hominis
908 1065 1001 1100 opinio
1011 1073 1073 1092 cum

285 1117 337 1143 hoc
352 1116 381 1143 in
396 1121 503 1150 genere,
522 1117 579 1140 tum
593 1113 620 1140 in
635 1112 708 1145 aliis,
725 1119 807 1147 quam
824 1111 922 1146 ignava
940 1111 986 1144 sit,
998 1118 1075 1138 erro-

284 1162 378 1196 risque
392 1161 482 1196 plena,
498 1159 549 1187 etsi
573 1157 655 1192 hujus
670 1158 723 1185 loci
739 1157 928 1185 demonstrare
940 1165 993 1184 non
1011 1160 1053 1184 est
1066 1165 1074 1190 ;

285 1208 338 1235 hoc
355 1206 465 1242 quidem
483 1209 555 1233 certe
566 1204 740 1240 perspicuum
755 1204 894 1237 existimo,
907 1211 969 1231 cum
980 1203 1008 1230 in
1021 1203 1075 1230 fine

285 1258 311 1281 el
327 1253 454 1281 felicitate
469 1251 670 1285 constituenda,
684 1250 806 1278 Platonis
818 1255 845 1278 et
854 1250 1010 1277 Aristotelis
1021 1256 1074 1277 non

286 1307 339 1326 una
357 1298 394 1326 sit
411 1297 561 1332 eademque
576 1296 662 1330 ratio;
679 1295 727 1323 sed
742 1295 787 1323 ille
803 1294 990 1322 felicissimum
999 1301 1073 1326 eum,

285 1345 333 1380 qui
350 1344 521 1380 justissimus
536 1341 629 1375 fuerit,
647 1341 796 1376 praedicare
807 1339 910 1375 passim
938 1343 966 1366 et
992 1346 1075 1366 usur-

286 1400 352 1427 pare
367 1391 467 1423 soleat;
481 1390 525 1418 hic
548 1393 644 1417 contra
658 1388 752 1416 virtuti
765 1387 922 1415 felicitatem
947 1385 1075 1414 comitari

287 1446 341 1465 non
360 1439 443 1470 sinat,
460 1437 512 1464 nisi
524 1435 557 1464 ad
572 1443 632 1463 eam
649 1434 756 1470 generis
772 1434 855 1461 etiam
869 1433 1019 1468 formaeque
1034 1432 1076 1459 di-

288 1484 398 1519 gnitas,
425 1491 457 1511 ac
481 1488 642 1510 eaeterorum
669 1481 796 1509 cumulus
811 1479 977 1508 accesserit:

614 159 749 188 EllSEBll
769 157 1010 186 CESARlENSlS
1027 156 1103 185 OPP.
1123 156 1216 184 PARS
1228 156 1260 184 ll.
1280 170 1315 177 —-
1333 154 1582 183 APOLOGETICA.

1842 155 1912 186 15M

1387 214 1585 241 ΚΕΦΑΛΑΙΟΝ
1605 214 1641 240 Δ’.

1130 259 1265 289 Ἀττικοῦ
1285 259 1476 287 Πλατωνικοῦ
1500 259 1574 293 πρὸς
1599 260 1825 294 Ἀριστοτέλην,
1852 260 1912 288 διε-

1159 296 1304 330 νεχθέντα
1324 294 1439 330 Μωῦσῇ
1447 296 1495 322 καὶ
1507 295 1651 329 Πλάτωνι,
1671 295 1705 322 ἐν
1719 294 1758 328 τῷ
1773 296 1840 330 περὶ
1859 297 1913 324 τοῦ

1159 331 1267 364 τέλους
1284 332 1374 365 λόγῳ.

1162 387 1171 403 ι
1199 378 1255 412 Τῆς
1280 377 1334 414 γὰρ
1356 377 1503 413 συμπάσης
1527 375 1696 412 φιλοσοφίας,
1719 378 1795 413 κοινῇ
1815 377 1914 415 γνώμῃ

1124 424 1179 450 τῶν
1193 423 1436 459 φιλοσοφησάντων
1457 423 1507 459 τὴν
1536 423 1709 460 ἀνθρωπίνην
1740 423 1913 459 εὐδαιμονίαν

1125 469 1353 505 ὑπισχνουμένης,
1366 469 1447 505 τριχῆ
1458 469 1486 496 δὲ
1496 469 1695 506 διαιρουμένης,
1713 470 1782 497 κατὰ
1798 471 1848 506 τὴν
1860 470 1913 498 τῶν

1124 517 1193 543 ὅλων
1205 516 1349 551 ποιητικὴν
1359 516 1529 551 διανέμησιν,
1543 516 1669 543 τοσοῦτον
1679 517 1801 543 ἀποδέων
1812 517 1841 543 ὲν
1852 516 1914 544 τού-

1124 571 1180 594 τοις
1197 562 1244 589 τοῦ
1266 562 1401 589 διδάσκειν
1418 570 1444 588 τι
1459 561 1514 589 τῶν
1536 562 1678 594 Πλάτωνος
1695 563 1709 589 ὁ
1730 563 1913 599 Περιπατητι-

1125 607 1171 639 κὸς
1186 606 1241 643 (56)
1258 606 1416 642 ὀφθήσεται,
1432 605 1514 638 ὥστε,
1527 607 1655 634 πλειόνων
1671 607 1754 634 ὅντων
1779 608 1803 634 οἳ
1824 607 1912 642 διαφέ-

1126 661 1219 688 ρονται
1241 651 1384 684 Πλάτωνι,
1408 652 1525 688 μάλιστα
1546 652 1749 688 ἐναντιούμενος
1765 653 1846 686 αὐτος
1862 662 1913 688 φα-

1125 700 1220 726 νεῖται.
1233 698 1289 725 Καὶ
1303 698 1412 734 πρῶτόν
1431 707 1463 734 γε
1485 699 1538 726 ἀπὸ
1548 699 1596 726 τοῦ
1613 699 1701 726 κοινοῦ
1723 700 1771 726 καὶ
1785 699 1914 735 μεγίστου

1126 744 1173 770 καὶ
1200 744 1368 780 κυριωτάτου
1399 744 1447 780 τὴν
1484 745 1552 780 πρὸς
1579 744 1709 772 Πλάτωνα
1738 745 1914 781 παραλλαγὴν

1125 790 1284 825 ἐποιήσατο,
1302 789 1340 826 μὴ
1351 791 1474 826 τηρήσας
1489 791 1519 817 τὸ
1544 790 1643 826 μέτρον
1668 791 1715 826 τῆς
1733 791 1913 826 εὐδαιμονίας,

1127 837 1194 872 μηδὲ
1208 837 1258 873 τὴν
1272 837 1370 872 ἀρετὴν
1384 837 1508 872 αὐτάρκη
1525 837 1593 873 πρὸς
1612 837 1690 863 τοῦτο
1716 838 1913 873 συγχωρήσας

1126 883 1182 909 ἀλλ’
1198 882 1352 910 ἀπολισθὼν
1366 883 1416 919 τῆς
1428 883 1569 918 δυνάμεως
1581 883 1629 918 τῆς
1647 883 1717 909 κατὰ
1736 882 1784 918 τὴν
1802 883 1913 919 ἀρετὴν,

1125 929 1172 956 καὶ
1196 929 1370 965 ἡγησάμενος
1390 930 1457 966 αὐτῇ
1476 930 1600 965 προσδεῖν
1616 929 1669 956 τῶν
1695 929 1727 955 ἐκ
1745 929 1794 964 τῆς
1819 929 1914 965 τύχης,

1124 975 1168 1002 ἵνα
1187 976 1255 1011 μετὰ
1268 975 1369 1003 τούτων
1388 976 1437 1013 ἕλῃ
1453 977 1504 1012 τὴν
1518 976 1690 1011 εὐδαιμονίαν
1701 984 1707 991 ⁸
1724 977 1748 1002 εί
1762 976 1784 1002 δ’
1800 977 1841 1009 ἐφ’
1855 977 1917 1002 ἑαυ-

1125 1023 1175 1058 τῆς
1188 1023 1314 1058 ληφθείη,
1333 1024 1371 1056 ὡς
1384 1023 1514 1050 ἀδύνατον
1528 1024 1574 1050 και
1582 1023 1631 1049 οὐκ
1647 1022 1756 1057 ἐφικτὸν
1768 1022 1817 1057 τῆς
1829 1023 1917 1050 εὐδαι-

1127 1069 1232 1104 μονίας,
1246 1069 1433 1105 μεμψάμενος.
1445 1069 1481 1096 Τὸ
1495 1069 1543 1105 μὲν
1558 1068 1604 1096 οὖν
1615 1068 1726 1103 ἀγεννὲς
1741 1069 1787 1095 καὶ
1800 1068 1918 1104 διημαρ-

1125 1116 1243 1152 τημένον
1254 1116 1304 1152 τῆς
1316 1115 1429 1152 γνώμης
1448 1116 1573 1152 ἐντούτῳ
1586 1125 1614 1143 τε
1636 1117 1687 1143 κὰν
1705 1115 1868 1147 τοῖς“ἅ).λοις
1887 1115 1916 1141 οὔ

1125 1161 1172 1188 τοῦ
1186 1161 1319 1198 παρόντος
1337 1161 1474 1189 δεικνύναι
1494 1161 1589 1198 καιροῦ
1599 1171 1606 1177 ·
1625 1162 1712 1188 ὲκεῖνο
1722 1160 1751 1187 δὲ
1765 1158 1842 1195 οἶμαι
1856 1160 1918 1196 πρό-

1125 1207 1214 1243 δηλον,
1230 1208 1272 1234 ὅτι
1284 1207 1330 1234 τοῦ
1349 1208 1450 1235 σκοποῦ
1465 1208 1512 1235 καὶ
1527 1207 1698 1243 εὐδαιμονίας
1710 1207 1760 1234 οὐκ
1784 1207 1849 1233 ἴσων
1872 1206 1916 1232 δν-

1125 1262 1189 1285 των,
1207 1254 1268 1281 οὐδὲ
1284 1254 1338 1281 τῶν
1352 1254 1442 1281 αὐτῶν
1459 1255 1529 1282 κατὰ
1548 1255 1680 1282 Πλάτωνα
1693 1252 1823 1281 καὶκατὰ
1843 1253 1917 1288 ’Δρι-

1129 1298 1266 1334 στοτέλην.
1294 1299 1363 1327 ἀλλὰ
1390 1299 1437 1326 τοῦ
1464 1300 1531 1335 μὲν⁷
1558 1299 1674 1335 βοῶντος
1697 1298 1837 1330 ἑκάστοτε,
1871 1298 1918 1324 καὶ

1128 1343 1319 1379 κηρύττοντος,
1336 1345 1377 1372 ὃτι
1391 1345 1632 1381 εὐδαιμονέστατος
1645 1346 1659 1371 ὁ
1678 1345 1856 1376 δικαιότατος,
1871 1343 1917 1369 τοῦ

1128 1389 1156 1415 δὲ
1170 1390 1207 1425 μὴ
1225 1390 1403 1425 ἐκτρέποντος
1419 1391 1531 1418 ἕπεσθαι
1542 1393 1574 1427 τῇ
1586 1392 1668 1427 ἀρετῇ
1679 1391 1728 1427 τὴν
1736 1390 1916 1425 εὐδαιμονίαν,

1129 1433 1161 1461 ἂν
1181 1435 1217 1470 μὴ
1232 1437 1278 1462 καὶ
1290 1436 1368 1471 γένος
1386 1437 1533 1473 εὐτυχήσῃ,
1547 1437 1595 1464 καὶ
1606 1437 1713 1470 κάλλος,
1731 1437 1778 1463 καὶ
1802 1435 1882 1466 ἄλλα,

288 1542 369 1578 795
393 1541 511 1577 (Scilicet
528 1540 561 1567 ad
586 1540 681 1567 bellum
705 1548 759 1566 sese
778 1539 857 1574 quasi
884 1539 956 1572 virgo
980 1536 1077 1571 ferebat

1130 1537 1184 1564 Καὶ
1207 1537 1262 1572 γὰρ
1293 1539 1411 1573 χρυσὸν
1435 1539 1515 1574 ἔχων
1545 1539 1678 1573 πόλεμόν
1702 1537 1729 1564 δ’
1757 1538 1829 1578 ξεν..
1845 1537 1919 1570 ἠΰτε

323 1580 427 1605 Aureus
435 1578 456 1612 L)

288 1643 370 1669 quam
398 1635 524 1662 diversus
554 1634 698 1667 utriusque
725 1632 786 1659 finis
816 1637 856 1658 cst
873 1652 880 1663 ,
908 1635 962 1657 tam
985 1630 1077 1657 diver-

288 1689 349 1709 sum
376 1685 522 1714 utrumque
550 1678 702 1707 necessario
717 1698 724 1710 ,
749 1685 809 1712 qua:
827 1684 907 1704 suum
938 1676 971 1703 ad
996 1676 1075 1703 linem

289 1727 440 1760 perducat,
466 1725 646 1760 philosophiae
669 1732 755 1759 genus
780 1723 908 1758 profiteri.
932 1721 1001 1749 Nam
1029 1721 1077 1756 qui

289 1773 361 1799 viam
381 1779 463 1798 unam
489 1770 654 1806 quamdam,
684 1777 746 1804 quae
765 1769 798 1796 ad
825 1768 955 1803 pusillum
972 1766 1076 1801 aliquid

290 1817 446 1852 hunu'leqoe
473 1815 580 1847 tendat,
599 1823 706 1850 semper
727 1814 846 1846 insistit,
871 1814 896 1840 is
920 1812 953 1839 ad
969 1811 1076 1846 majora

290 1864 416 1900 profecto
427 1868 454 1891 et
467 1863 562 1891 altiora
576 1870 717 1897 nunquam
730 1862 845 1896 aspiret.

331 1920 421 1949 Viden‘
436 1927 465 1948 ut
480 1921 522 1948 hic
536 1921 590 1948 alto
609 1920 682 1947 collis
699 1919 894 1954 assurgutjugo
907 1919 920 1946 ?

332 1956 498 1989 Salebrosus,
515 1965 601 1990 asper,
611 1956 685 1990 cujus
697 1956 724 1982 in
741 1962 843 1982 summa
857 1954 948 1982 sedens

326 1993 432 2020 Potnias
446 1992 558 2019 volucris
574 1992 679 2018 allevat.

290 2048 332 2076 Ad
346 2048 484 2076 excelsum
501 2049 577 2075 illum
596 2052 718 2075 montem
735 2047 851 2075 evadere
871 2047 943 2074 aeris
968 2046 1026 2074 haec
1052 2051 1079 2074 et

290 2095 444 2130 versipellis
461 2095 548 2122 bestia
566 2095 641 2121 nullo
658 2094 739 2121 modo
747 2098 837 2129 potest
852 2102 859 2120 :
876 2098 905 2120 ut
918 2093 990 2121 enim
1006 2100 1080 2120 eum-

1758 1572 1768 1609 [
1777 1573 1870 1606 κούρη

1128 1629 1234 1666 ἀνάγκη
1248 1631 1319 1657 κατὰ
1330 1631 1378 1666 τὴν
1392 1631 1523 1667 διαφορὰν
1540 1630 1587 1656 τοῦ
1601 1630 1705 1661 τέλους,
1728 1629 1775 1656 καὶ
1799 1629 1850 1664 τὴν
1874 1628 1920 1654 ἐπὶ

1127 1675 1206 1702 τοῦτο
1220 1677 1337 1710 ἄγουσαν
1353 1677 1511 1710 φιλοσοφίαν
1525 1675 1653 1711 οιάφορον
1677 1672 1758 1702 εἶναι.
1786 1674 1846 1709 Mth
1864 1673 1920 1708 γὰρ

1127 1721 1179 1757 ὀδῷ
1199 1722 1348 1756 βαδίζοντα,
1362 1723 1423 1758 ἥτις
1436 1723 1512 1757 ἄγειν
1530 1722 1650 1756 πέφυκεν
1669 1722 1716 1748 ἐπὶ
1737 1723 1770 1757 τῇ
1790 1720 1848 1756 (57)
1865 1720 1919 1746 τῶν

1130 1768 1236 1804 μικρῶν
1250 1769 1296 1795 καὶ
1309 1769 1455 1800 ταπεινῶν,
1470 1769 1521 1795 οὐκ
1535 1768 1607 1795 ἐστιν
1621 1767 1708 1794 ἐλθεῖν
1718 1769 1765 1794 ἐπὶ
1786 1767 1820 1794 τὰ
1834 1766 1920 1802 μείζω

1128 1814 1175 1841 καὶ
1188 1816 1216 1841 ὲν
1227 1815 1288 1850 ὕψει
1305 1815 1427 1851 κείμενα.

1170 1924 1254 1959 Ὁρᾷς
1270 1925 1308 1952 ἶν’
1323 1925 1386 1952 ἐστ’
1401 1926 1517 1959 ἐκεῖνος
1536 1926 1659 1960 ὑψηλὸς
1670 1925 1776 1961 ίιὰγος,

1167 1957 1280 1994 Τραχύς
1300 1969 1332 1987 τε
1347 1961 1395 1987 κοί
1413 1957 1608 1995 παλίγκοτοςῄ
1618 1957 1653 1987 ἐκ
1667 1957 1692 1994 ᾧ
1711 1957 1849 1994 κάθηται-

1172 1996 1199 2022 '0
1208 1995 1408 2030 ἐτελαςσρίζὶυν
1422 1996 1531 2023 ἑαυτὸν
1544 1996 1644 2031 opai-lc;

1129 2052 1192 2079 Ἐπὶ
1210 2052 1304 2080 τοῦτον
1319 2053 1362 2080 τδν
1379 2052 1480 2088 ὑῂλον
1497 2053 1584 2087 πάγον
1595 2053 1626 2079 τὸ
1639 2052 1721 2089 δριμὺ
1740 2052 1786 2078 καὶ
1801 2051 1922 2087 πανοῦρ-

1130 2108 1178 2133 γον
1192 2100 1279 2126 ἐκεῖνο
1294 2099 1386 2136 θηρίον
1402 2100 1524 2126 ἀνελθεῖν
1538 2100 1683 2126 ὰδὺνατον·
1703 2100 1746 2126 ἵνα
1759 2100 1788 2126 δὲ
1801 2100 1842 2132 είς
1856 2100 1922 2126 rei»

290 2142 352 2169 dem
368 2142 397 2169 in
413 2142 503 2169 locum
528 2142 626 2176 aquilae
650 2131 717 2176 pulli
733 2141 883 2176 vulpesque
897 2140 1077 2174 conveniant;

1129 2131 1175 2172 τὸν
1201 2145 1266 2181 ἔλθῃ
1295 2131 1352 2177 rei;
1368 2145 1447 2172 ἀετοῦ
1471 2146 1639 2181 γεννήμασιν
1663 2145 1796 2180 ἀλώπηξ,
1819 2145 1922 2181 ῆτύχῃ

291 2193 338 2216 aut
351 2189 389 2216 illi
406 2189 520 2223 disjecto
536 2195 568 2215 ac
582 2187 713 2222 dissipato
729 2187 802 2220 nido,
818 2187 844 2214 in
856 2191 955 2214 terram
970 2187 1077 2215 funesta

1130 2192 1184 2219 τινὶ
1198 2191 1252 2227 (58)
1269 2192 1310 2218 δεῖ
1321 2192 1511 2228 χρησαμένους
1531 2191 1653 2223 ἐκείνους
1674 2193 1781 2228 πονηρᾷ
1801 2199 1922 2218 καταπε-

291 2235 410 2270 quadam
434 2239 508 2262 sorte
533 2234 682 2267 decidant,
705 2241 818 2261 necesse
840 2238 899 2266 est;
921 2238 969 2260 aut
986 2233 1077 2268 vulpes

1132 2239 1188 2264 σεῖν
1203 2239 1242 2270 εἰς
1257 2237 1319 2273 γῆν,
1336 2237 1391 2264 τῶν
1408 2238 1515 2265 οἰκείων
1525 2238 1617 2269 αὐτοῖς
1629 2237 1788 2274 φθαρέντων
1800 2245 1806 2252 ·
1826 2238 1844 2273 ἦ
1873 2237 1922 2272 τὴν

291 2283 361 2316 ipsa,
374 2289 442 2316 quas
456 2280 620 2316 profundere
637 2285 732 2315 suapte
745 2285 843 2307 natura
854 2286 908 2306 non
922 2279 1000 2313 solet,
1010 2287 1079 2315 prae-

292 2328 397 2362 petibus
411 2334 471 2354 sese
492 2326 542 2353 alis
556 2326 662 2359 induat,
677 2326 778 2360 quibus
791 2333 823 2352 ea
837 2325 946 2353 demum
975 2325 1081 2353 sublata

291 2380 430 2401 summum
454 2372 488 2400 ad
505 2372 602 2408 jugum
619 2372 728 2400 evolare
751 2371 847 2406 possit.
861 2372 988 2404 Quandiu
1008 2377 1081 2400 certe

292 2426 439 2456 utrumque
461 2427 547 2455 genus
566 2426 616 2446 suo
638 2419 667 2446 in
697 2419 757 2446 luco
782 2419 923 2454 graduque
939 2419 1080 2452 consistet,

293 2467 398 2494 nullum
420 2465 596 2494 terrestribus
624 2465 810 2492 animantibus
839 2473 900 2492 cum
925 2464 1081 2492 caelestibus

293 2513 346 2540 illis
362 2512 558 2539 commercium
567 2518 629 2539 esse
640 2510 750 2546 poterit.
769 2520 778 2536 ι
792 2509 855 2537 llaec
868 2510 922 2537 ille.
937 2509 1005 2537 Tum
1021 2510 1081 2537 aliis

292 2556 455 2591 quibusdam
475 2556 634 2592 interjectis.
644 2557 681 2584 ita
696 2556 873 2592 prosequitur
888 2565 895 2583 :
912 2565 922 2582 ί
937 2556 1003 2589 Quae
1018 2563 1080 2584 cum

293 2603 330 2629 ila
346 2603 410 2635 sint,
427 2611 545 2638 cumque
555 2602 771 2639 Platojuvenum
789 2603 896 2631 animos
910 2603 1032 2630 divinum
1047 2603 1081 2630 ad

294 2646 400 2675 Numen
419 2649 527 2677 trahere
539 2653 663 2682 conetur,
685 2649 776 2684 itaque
799 2649 880 2676 simul
905 2649 938 2676 ad
953 2649 1081 2676 virtutem

295 2696 321 2720 et
337 2692 506 2721 honestatem
527 2694 674 2729 adjungere
686 2714 693 2727 ,
714 2699 744 2721 ut
769 2698 930 2722 ceterorum
949 2695 1004 2723 illis
1022 2703 1082 2722 om-

330 2760 385 2805 (56)
404 2761 437 2805 νὉ
452 2763 703 2805 "Hspmamtmdc.
731 2767 768 2793 Ita
791 2774 853 2799 ms.,
877 2767 957 2801 longe
982 2768 1082 2796 melius

295 2803 375 2833 quain
395 2797 433 2833 di;
450 2797 580 2833 Περιπατ-

329 2830 385 2865 ί57)
403 2830 546 2859 Forte-snt
561 2843 597 2862 τι.

330 2867 385 2902 (iis)
401 2867 433 2894 Ἡ
450 2868 524 2902 τύχῃ
544 2870 610 2895 rn-i.
636 2869 699 2898 Han:
719 2871 798 2899 lectio
816 2871 927 2900 debetur
945 2873 990 2900 uni
1014 2882 1076 2906 ms.;

1130 2284 1255 2319 φύσασαν
1270 2284 1365 2320 αὐτὴν,
1376 2284 1394 2311 ἃ
1412 2284 1448 2320 μὴ
1463 2284 1569 2319 πέφυκε
1580 2283 1668 2319 φύειν,
1680 2283 1801 2318 λαιῂρὰ
1816 2283 1923 2310 κυκλῶ-

1131 2338 1175 2357 σαι
1205 2329 1293 2366 πτερὰ
1310 2329 1397 2366 ταύτῃ
1412 2329 1479 2366 (59),
1509 2330 1556 2356 καὶ
1570 2329 1656 2361 οὕτως
1671 2328 1801 2365 ἀρθεῖσαν
1823 2330 1856 2355 ἐκ
1871 2329 1923 2364 γῆς

1131 2375 1293 2403 ἀνίπτασθαι
1308 2376 1376 2410 πρὸς
1389 2376 1433 2402 τὸν
1449 2375 1550 2411 ὑψηλὸν
1565 2375 1662 2410 πάγον.
1675 2376 1748 2407 Ἕως
1758 2375 1781 2401 δ’·
1791 2376 1923 2411 ἑκάτερον

1130 2421 1177 2448 ἐπὶ
1186 2421 1237 2456 τῆς
1250 2421 1353 2454 οἰκείας
1372 2421 1440 2458 μένῃ
1455 2422 1567 2454 τάξεως,
1587 2422 1638 2448 οὐκ
1661 2420 1700 2447 ἔνι
1717 2421 1846 2448 κοινωνία
1868 2423 1924 2452 τοῖς

1131 2468 1182 2503 γῆς
1196 2468 1263 2504 πρὸς
1279 2467 1314 2495 τὰ
1326 2468 1441 2504 οὐρανοῦ
1466 2468 1624 2504 θρέμματα.
1649 2478 1658 2494 ι
1683 2469 1739 2495 Καὶ
1760 2468 1821 2504 μεθ’
1842 2468 1925 2504 ἕτερα

1131 2514 1252 2548 ἐπιλέγει
1264 2521 1271 2528 ·
1288 2524 1297 2540 ι
1317 2514 1426 2541 Τούτων
1439 2514 1529 2541 τοίνυν
1541 2513 1628 2546 οὕτως
1643 2514 1761 2549 ἐχόντων
1774 2535 1781 2546 ,
1799 2515 1849 2541 καὶ
1865 2523 1924 2541 πει-

1133 2561 1254 2597 ρωμένου
1270 2561 1319 2588 τοῦ-
1333 2561 1475 2592 Πλάτωνος
1486 2561 1575 2587 ἕλκειν
1592 2561 1641 2593 τὰς
1664 2561 1719 2587 τῶν
1740 2561 1809 2588 νέων
1835 2561 1925 2596 ψυχὰς

1131 2607 1187 2635 ἅνω
1202 2616 1253 2634 που
1268 2607 1337 2644 πρὸς
1353 2608 1383 2634 τὸ
1393 2608 1480 2640 Θεῖον,
1495 2608 1542 2635 καὶ
1556 2608 1649 2634 τοῦτον
1664 2608 1710 2635 τὸν
1723 2608 1827 2644 τρόπον
1840 2617 1926 2644 προσ-

1131 2653 1294 2685 οικειοῦντος
1311 2654 1359 2689 μὲν
1375 2655 1408 2689 τῇ
1421 2655 1504 2689 ἀρετῇ
1515 2653 1561 2680 καὶ
1573 2652 1613 2688 τῷ
1627 2653 1712 2689 καλῷ,
1726 2653 1782 2681 τῶν
1795 2653 1825 2680 δὲ
1839 2654 1924 2680 ἄλλων

1131 2699 1258 2727 ἁπάντων
1284 2700 1473 2732 ἀναπείθοντος
1500 2700 1698 2736 ὑπερφρονεῖν·
1715 2700 1822 2736 φράσον
1848 2702 1925 2736 ἡμῖν,

1134 2777 1196 2797 nam
1220 2770 1247 2797 in
1263 2769 1347 2804 priori
1370 2769 1489 2796 editione
1503 2768 1710 2803 corruptissime
1731 2767 1881 2804 legebatur,
1901 2769 1927 2796 ει

1135 2805 1171 2840 μὴ
1188 2805 1227 2840 τῷ
1244 2803 1343 2840 ἢντύχῃ
1354 2805 1407 2830 τινὶ
1424 2804 1476 2840 ἰδίᾳ
1492 2803 1689 2840 χρησαμένους.

1170 2841 1225 2876 (59)
1241 2840 1322 2868 Forte
1337 2840 1417 2875 αὐτῇ.
