2061 3210
185 171 256 200 1⁵305

782 172 947 200 PRA'SPAIL
969 172 1095 201 EVANG.
1116 173 1180 202 LIB.
1199 174 1260 201 XV.

1752 174 1821 201 1306

186 228 207 258 ὦ
221 230 434 267 Περιπατητικὲ,
451 231 509 263 πῶς
520 230 671 264 ὲκδιδάξεις
681 230 766 258 ταῦτα
781 240 788 264 ς
800 231 862 263 Πῶς
875 231 973 267 ὁδηγή-

1034 234 1102 260 ιὶιιηι
1121 234 1326 269 despicientiam
1343 237 1370 260 et
1384 233 1616 268 contemptionem
1635 233 1740 269 injiciat
1756 243 1763 262 :
1778 235 1822 263 die

187 286 243 309 σεις
258 277 300 303 ἐπ’
311 277 380 304 αὐτὰ
397 278 459 309 τοὺς
475 278 696 312 φιλοπλάτωνας;
711 277 766 304 Ποῦ
785 286 826 304 σοι
840 278 890 314 τῆς
903 278 979 314 αἱρέ-

187 331 256 354 σεως
275 322 402 349 τοσοῦτον
420 322 487 357 ὕψος
507 323 603 357 λόγων,
618 323 688 350 ὥστε
710 321 740 349 τὺ
763 322 817 350 τῶν
839 323 979 350 Ἀλωάδων

187 367 313 403 φρόνημα
326 367 487 403 κτήσασθαι,
502 368 549 394 καὶ
565 367 614 404 τὴν
624 368 668 399 εὶς
680 367 793 403 οὐρανὸν
804 366 863 393 ὁδὸν
876 366 979 402 ζητεῖνς

187 414 220 449 ἣν
236 413 334 439 ἐκεῖνοι
358 413 406 448 μὲν
419 413 503 448 ᾤοντο
517 412 588 449 ὁρῶν
599 412 725 440 ἀναθέσει
751 412 880 439 δύνασθαι
905 412 979 446 γίνε-

189 459 251 486 σθαι
262 468 269 474 ³
288 459 318 486 τὺ
332 459 353 485 δ’
369 458 413 494 ἄρ’
431 457 464 494 ἦν
479 459 621 495 ἀφαιρέσει
635 459 689 485 τῶν
701 458 880 495 ἀνθρωπίνων
896 467 980 485 σπου-

187 507 331 543 δασμάτων
341 507 492 542 γινόμενον,
503 508 540 539 ὥς
551 516 617 544 φησι
628 507 750 534 Πλάτων.
764 507 812 539 Τίς
823 505 869 534 οὖν
881 507 980 543 ἡπαρὰ

188 554 230 580 σοὶ
245 553 311 589 πρὸς
327 553 411 580 ταῦτα
424 555 479 585 τοῖς
489 553 559 586 νέοις
571 554 698 589 βοήθεια;
713 554 760 581 καὶ
773 553 853 581 πόθεν
863 562 906 586 τις
923 553 979 590 (60)

188 600 202 626 ὁ
211 600 260 635 τῆς
271 600 371 636 ἀρετῆς
388 600 590 636 συναγωνιστὴς
602 600 678 636 λόγος
691 609 698 633 ;
716 602 746 628 ὲκ
758 601 786 627 δὲ
798 601 881 628 ποίων
891 609 981 636 γραμ-

190 647 282 682 μάτων
314 647 534 683 Ἀριστοτέλους;
562 647 634 679 τίνος
663 647 716 675 τῶν
741 648 789 674 ἀπ’
817 647 916 680 uti-toil;
948 648 981 674 ὲκ

189 693 273 719 ποιων
283 693 396 729 γραφῶν
407 702 414 725 ;
426 693 526 728 Δίδωμι
540 694 592 729 γάρ
608 702 657 725 σοι,
668 693 720 721 κᾶν
731 694 876 729 ψεύδεσθαι
889 693 978 729 θέλῃς.

190 739 269 775 μόνον
280 748 306 766 τι
323 739 455 767 νεανικόν.
477 739 558 766 Ἀλλὰ
569 739 623 776 γὰρ
640 739 695 766 οὔτ’
715 740 788 775 ἔχεις
805 741 891 767 εἰπεῖν
902 760 908 772 ,
924 740 980 766 οὒτ’

189 785 221 812 ἂν
239 785 383 821 ἐπιτρέψαι
398 794 438 811 σοι
449 785 502 812 τῶν
517 785 659 821 ἡγεμόνων
675 785 724 821 τῆς
736 786 868 821 αἱρέσεως
881 785 979 817 οὐδείς.

188 831 220 857 Ai.
234 830 300 865 γοῦν
321 831 522 865 Ἀριστοτέλους
535 831 599 866 περὶ
611 831 696 857 ταῦτα
710 833 907 867 πραγματεῖαι,
924 832 982 858 Εὑ-

187 875 303 910 δήμειοι
316 885 346 902 τε
362 877 408 903 καὶ
422 876 618 911 Νικομάχειοι,
634 877 681 904 καὶ
694 876 840 912 Μεγάλων
858 876 981 905 Ἠθικῶν

188 923 404 958 ἐπιγραφόμεναι
417 944 425 956 ,
441 923 538 958 μικρόν
553 932 588 956 τι,
602 924 648 950 καὶ
663 923 805 955 ταπεινὸν,
827 924 873 950 καὶ
887 923 980 958 δημῶ-

187 967 230 999 δες
247 970 310 1004 περὶ
323 969 374 1004 τῆς
388 969 488 1005 ἀρετῆς
501 969 639 1004 φρονοῦσι,
659 970 705 995 καὶ
717 968 854 1000 τοσοῦτον,
870 969 932 995 ὅσον
947 969 979 996 ἄν

187 1021 229 1045 τις
244 1014 290 1040 καὶ
307 1013 413 1049 ἰδιώτης
427 1015 476 1041 καὶ
493 1014 665 1046 ἀπαίδευτος,
681 1014 728 1040 καὶ
750 1014 893 1050 μειράκιον
904 1034 911 1046 ,
933 1014 980 1040 καὶ

188 1060 268 1095 γυνή.
284 1060 321 1086 Τὸ
339 1060 387 1096 μὲν
403 1060 456 1096 γὰρ
472 1060 601 1096 διάδημα,
617 1060 654 1092 ὡς
670 1061 756 1087 εἰπεῖν
769 1080 776 1092 ,
795 1061 840 1087 καὶ
859 1060 889 1086 τὺ
913 1060 981 1094 σκῆ-

189 1115 273 1142 πτρον
286 1106 316 1133 τὸ
333 1106 472 1142 βασιλικὸν
483 1127 490 1138 ,
505 1107 519 1134 ὃ
533 1106 609 1142 παρὰ
631 1106 678 1133 τοῦ
692 1107 753 1139 Διὸς
778 1106 834 1142 ἔχει
860 1106 979 1133 λαϐοῦσα

188 1151 368 1187 ἀναφαίρετον
382 1153 398 1187 ἡ
415 1152 510 1187 ἀρετὴ,
537 1152 607 1184 ἐπεὶ,

1030 280 1109 308 nobis
1125 280 1255 314 obsecro,
1274 280 1343 307 bone
1368 279 1564 314 Peripatetice,
1590 280 1820 315 quemadmodum

1031 326 1088 354 haec
1106 327 1167 362 ipsa
1187 327 1338 355 traditurus
1371 327 1410 354 sis
1425 347 1432 359 ,
1459 319 1541 361 quam
1568 327 1603 353 ad
1630 327 1676 354 illa
1699 326 1823 354 Platonis

1030 372 1199 400 amatoribus
1214 372 1285 399 viam
1302 371 1471 406 praeiturus?
1489 371 1609 405 Ecquam
1622 371 1755 398 doctrina:
1768 371 1822 398 vim

1029 415 1274 453 excellentiamque
1299 423 1400 445 tantam
1426 423 1499 445 secta
1523 417 1571 444 tibi
1598 421 1645 444 tua
1673 417 1821 452 repositam

1030 465 1120 497 habet,
1136 469 1166 492 ut
1178 464 1312 491 Aloadum
1330 463 1440 490 illorum
1456 471 1536 490 sensu
1554 463 1710 498 ﬁduciaque
1725 464 1823 498 plenus

1030 511 1102 538 viam
1118 511 1151 538 ad
1170 511 1271 538 coelum
1296 509 1385 536 moliri
1406 509 1532 536 audeas?
1552 508 1628 536 Hanc
1649 509 1687 537 illi
1705 514 1822 541 montes.

1031 556 1170 583 montibus
1186 555 1362 591 imponendo,
1376 559 1530 589 promptam
1547 554 1597 582 sibi
1613 553 1670 582 fore
1694 560 1721 583 et
1741 562 1823 590 expe-

1030 602 1114 629 ditam
1132 603 1264 637 putabant
1284 611 1289 629 ε
1308 607 1335 629 at
1359 602 1386 629 id
1407 601 1547 629 enimvero
1562 622 1569 634 ,
1591 603 1822 636 quemadmodum

1031 647 1107 675 Plato
1122 648 1225 681 docuit,
1237 648 1353 676 sublatis
1366 648 1475 675 demum
1490 648 1617 676 humanis
1630 648 1823 683 cupiditatibus

1031 693 1178 720 obtinetur.
1195 694 1234 720 Ad
1263 695 1320 722 lucc
1344 695 1426 729 igitur
1457 694 1650 729 consequenda
1664 715 1671 728 ,
1693 703 1775 730 quam
1794 700 1823 722 ιιι

1029 732 1186 774 junioribus
1200 748 1277 775 opem
1294 741 1416 768 ostendis
1434 741 1445 767 ?
1461 741 1532 768 unde
1542 741 1584 767 vel
1602 749 1687 768 unum
1714 741 1823 776 aliquod

1031 786 1163 812 orationis
1183 794 1279 821 genus,
1305 786 1379 821 quod
1405 787 1499 814 virtuti
1517 787 1682 822 sum'agetur
1696 787 1708 814 ?
1724 787 1824 821 quibus

1031 839 1064 858 ex
1080 831 1236 859 Aristotelis
1251 833 1404 866 operibus?
1430 837 1477 859 aut
1503 833 1665 867 cujusquam
1695 833 1823 864 alterius,

1031 877 1079 911 qui
1094 878 1154 912 ejus
1166 885 1180 904 e
1192 877 1285 904 schola
1302 878 1443 913 profectus
1461 878 1497 905 sit
1508 879 1586 914 ?age,
1604 879 1703 913 quibus
1717 878 1824 905 tandem

1032 930 1066 950 ex
1078 923 1294 956 scriptis?Quin
1315 928 1344 951 tu
1363 925 1489 956 mentire,
1506 925 1528 952 si
1547 924 1598 957 vis,
1612 932 1660 959 per
1677 932 1719 952 me
1740 924 1803 952 licet
1818 933 1824 950 :

1033 972 1138 995 tantum
1154 970 1277 1004 generosi
1295 978 1329 997 ex
1349 975 1374 998 te
1400 970 1502 1006 aliquid
1532 971 1688 998 audiamus.
1716 969 1750 996 At
1776 978 1825 998 nec

1034 1015 1148 1042 omnino
1163 1015 1312 1050 quidquam
1329 1016 1413 1044 habes
1443 1017 1500 1051 ipse
1522 1017 1594 1051 quod
1616 1017 1691 1044 dicas
1710 1025 1716 1043 :
1732 1024 1782 1043 nec
1798 1020 1825 1043 ut

1034 1059 1147 1091 habeas,
1162 1060 1308 1095 quisquam
1331 1066 1420 1088 tamen
1434 1069 1467 1088 ex
1484 1061 1567 1096 hujus
1592 1066 1673 1088 sectae
1698 1061 1825 1096 principi-

1033 1105 1083 1132 btts
1100 1106 1124 1133 id
1138 1110 1162 1132 te
1182 1106 1256 1141 loqui
1271 1107 1399 1141 patiatur.
1427 1107 1499 1134 Sane
1516 1108 1670 1135 Aristotelis
1685 1108 1737 1134 hac
1751 1107 1785 1134 de
1798 1114 1825 1134 re

1032 1151 1106 1184 libri,
1130 1159 1177 1178 seu
1195 1152 1241 1185 qui
1260 1151 1294 1178 ad
1316 1152 1484 1185 Eudemum,
1501 1160 1548 1180 seu
1566 1153 1612 1187 qui
1636 1153 1670 1178 ad
1698 1151 1825 1178 Nicoma-

189 1196 277 1230 chum,
293 1205 339 1224 seu
354 1197 400 1232 qui
418 1197 576 1232 Magnorum
593 1196 742 1224 Moralium
769 1196 878 1224 nomine
897 1196 1085 1224 inscribuntur
1119 1195 1155 1222 nil
1182 1196 1235 1223 nisi
1264 1197 1393 1231 pusillum
1413 1197 1553 1231 quiddam,
1575 1197 1731 1231 bumileque
1752 1204 1825 1231 pror.

189 1250 235 1270 aus
251 1250 283 1269 ac
299 1243 407 1278 vulgare
425 1243 543 1278 sapiunt,
556 1248 638 1278 atque
660 1242 805 1277 ejusmodi,
824 1242 896 1277 quod
920 1242 1044 1268 homines
1079 1240 1178 1273 idiota},
1214 1248 1245 1268 ac
1279 1241 1380 1275 rudes,
1408 1242 1481 1277 quod
1503 1242 1697 1275 adolescentuli
1720 1248 1750 1268 ac
1771 1249 1826 1268 mu.

190 1287 309 1316 llel'CllltE
337 1289 419 1324 796
445 1289 564 1324 cogitare
590 1288 706 1323 possint.
730 1288 878 1315 Enimvero
898 1287 971 1322 quod
991 1285 1084 1314 virtuti
1102 1285 1237 1319 diadema,
1258 1291 1288 1313 ut
1318 1287 1355 1314 ita
1390 1287 1497 1322 loquar,
1511 1289 1673 1322 regiumque
1688 1291 1826 1322 sceptrum

191 1334 239 1361 abs
254 1333 319 1361 Jove
332 1335 462 1362 donatum
479 1339 533 1366 est,
550 1342 599 1362 nec
614 1334 715 1362 auferri
729 1342 745 1362 a
761 1342 899 1369 quoquam
912 1337 1002 1367 potest
1021 1332 1131 1368 (quippe

262 1413 268 1419 .
292 1412 298 1418 .
317 1412 323 1418 .
350 1412 357 1418 .
371 1393 412 1419 Οὺ
424 1391 653 1426 aulo-timetur,
667 1392 730 1418 ὄττι
743 1401 796 1419 κεν
810 1391 899 1425 οὗτος

263 1427 304 1462 Τῇ
323 1426 441 1462 κεφαλῇ
456 1428 602 1462 ἐπινεύσῃ
616 1436 623 1443 ·

1200 1390 1323 1417 ...Μαηθι
1341 1391 1519 1425 irrevocabile,
1540 1392 1668 1427 quidquid

1102 1425 1230 1453 Annum-it
1248 1427 1343 1462 capite)
1359 1435 1368 1453 :

192 1494 270 1522 τοῦτο
283 1494 368 1530 αὐτὴν
383 1493 558 1530 ἀφαιρεῖσθαι
576 1493 721 1529 τολμῶσιν.
741 1494 778 1520 Οὐ
800 1493 854 1529 γὰρ
875 1494 982 1530 ἐπιτρέ-

1036 1499 1069 1519 eo
1095 1497 1187 1519 tamen
1213 1492 1286 1519 illam
1318 1492 1437 1527 spoliare
1465 1497 1610 1521 conantur.
1634 1493 1740 1530 Negant
1754 1496 1827 1524 enim

192 1550 288 1568 πουσιν
303 1541 387 1576 αὐτὴν
400 1541 485 1566 ποιεῖν
498 1540 659 1575 εὐδαίμονας
668 1548 674 1554 ·
690 1540 786 1575 ὁμοίαν
796 1540 825 1566 δὲ
839 1540 923 1576 αὐτὴν
935 1549 984 1567 κα-

192 1586 297 1612 θιστᾶσι
312 1585 428 1619 πλούτῳ,
443 1585 490 1612 καὶ
505 1585 578 1621 δόξῃ,
594 1586 641 1611 καὶ
654 1585 738 1619 γένει,
757 1585 803 1611 καὶ
815 1585 916 1621 ὑγιείᾳ,
936 1586 982 1612 καὶ

191 1632 294 1660 κάλλει.
312 1631 357 1657 καὶ
372 1632 423 1658 ὅσα
433 1630 500 1657 ἄλλα
514 1630 591 1657 κοινὰ
604 1631 654 1665 τῆς
668 1631 777 1662 κακίας.
803 1631 846 1662 Ὠς
858 1630 912 1666 γὰρ
927 1631 986 1657 τού-

190 1686 244 1703 των
258 1676 346 1702 ὁτιοῦν
364 1676 450 1712 παρὸν
465 1676 549 1711 χωρὶς
562 1676 673 1711 ἀρετῆς,
690 1676 740 1702 οὐκ
752 1675 889 1711 αὔταρκες
901 1676 986 1703 εὐδαί-

193 1732 261 1758 μονα
278 1723 324 1750 τὸν
336 1722 503 1757 κεκτημένον
522 1722 675 1757 ἀποφῆναι·
694 1723 740 1749 καὶ
763 1723 778 1757 ἡ
805 1722 889 1758 ἀρετὴ
914 1722 986 1749 κατὰ

190 1769 277 1797 ταύτὰ
298 1769 382 1805 χωρὶς
398 1768 500 1794 τούτων
516 1768 564 1803 οὐχ
591 1767 669 1803 ἱκανὴ
694 1768 805 1803 ποιῆσαι
831 1768 876 1794 τὸν
901 1768 985 1803 ἔχοντ’

190 1817 275 1852 αὐτὴν
290 1815 446 1846 εὐδαίμονα.
462 1815 524 1846 Πῶς
545 1812 591 1841 οὖν
613 1815 642 1841 οὺ
659 1814 813 1850 καθῄρηται
837 1815 885 1841 καὶ
902 1823 986 1842 κατα-

192 1861 321 1896 ϐέϐληται
336 1860 366 1886 τὸ
382 1861 430 1895 τῆς
445 1859 547 1895 ἀρετῆς
561 1858 687 1894 ἀξίωμα;
702 1873 736 1877 -
749 1858 803 1884 Ναί
816 1867 821 1873 ·
840 1858 907 1885 ἀλλὰ
918 1858 984 1884 πολὺ

191 1907 246 1933 τῶν
258 1906 343 1933 ἄλλων
358 1905 466 1940 ἀγαθῶν
484 1905 631 1940 ὑπερέχειν
644 1904 692 1939 τὴν
707 1904 806 1940 ἀρετὴν
821 1904 935 1939 λέγουσι.
954 1918 986 1923 —

192 1952 225 1979 Τί
235 1951 268 1988 δὴ
281 1951 359 1978 τοῦτο
371 1960 378 1984 ;
400 1951 454 1978 Καὶ
463 1951 516 1986 γὰρ
527 1951 576 1986 τὴν
589 1950 695 1984 ὑγίειαν
705 1950 752 1975 τοῦ
766 1949 882 1976 πλούτου
892 1958 898 1964 ·
918 1950 986 1976 ἀλλὰ

192 1998 222 2024 τό
236 2006 267 2032 γε
282 1997 367 2032 χωρὶς
392 1996 513 2030 ἀλλήλων
538 1995 575 2030 μὴ
601 1995 696 2031 ἀρκεῖν
719 1994 788 2030 πρὸς
813 1994 987 2030 εὐδαιμονίαν

193 2045 260 2070 πᾶσι
275 2042 374 2070 κοινόν.
400 2041 514 2069 Ὀπόταν
527 2039 572 2068 οὖν
584 2049 626 2072 τις
645 2042 682 2067 ἐκ
693 2039 795 2066 τούτων
815 2039 869 2066 τῶν
883 2039 985 2075 δογμά-

192 2097 246 2115 των
263 2089 309 2114 χαὶ
325 2087 427 2123 ταύτης
449 2087 500 2122 τῆς
525 2086 657 2122 αἱρέσεως
671 2085 785 2116 διδάξειε
808 2084 854 2110 τὸν
871 2085 900 2111 ὲν
915 2085 983 2120 αὐτῇ

193 2135 225 2170 τῇ
240 2134 312 2169 ψυχῇ
327 2133 357 2160 τὸ
372 2134 425 2160 πᾶν
440 2131 609 2168 ἀνθρώπινον
620 2131 722 2165 ἀγαθὸν
737 2130 880 2166 ζητοῦντα,
896 2130 986 2157 εὐδαί-

1035 1539 1164 1567 virtutem
1182 1548 1229 1574 per
1251 1548 1312 1567 sese
1326 1540 1420 1567 beatos
1444 1540 1568 1568 homines
1583 1540 1699 1575 allicere,
1713 1550 1828 1578 eamque

1034 1584 1148 1617 divitiis,
1167 1585 1270 1619 gloriae,
1286 1585 1435 1617 nobilitati,
1453 1585 1575 1618 sanitati,
1591 1586 1686 1614 forma:
1709 1595 1740 1615 ac
1754 1593 1829 1615 cattu-

1036 1630 1073 1656 ris
1085 1637 1146 1664 qua:
1161 1637 1222 1656 cum
1240 1630 1414 1664 improbitate
1438 1635 1503 1658 sunt
1522 1632 1691 1664 communia,
1712 1633 1828 1660 similem

1036 1682 1098 1703 esse
1117 1675 1220 1702 volunt.
1246 1675 1315 1702 Nam
1345 1680 1374 1703 ut
1396 1676 1510 1704 istorutn
1538 1677 1623 1710 nihil,
1642 1683 1829 1714 quamtnmvts

1036 1722 1118 1755 adsit,
1132 1723 1196 1749 dum
1211 1722 1298 1750 virtus
1316 1723 1402 1755 abest,
1417 1731 1605 1758 possessorem
1625 1733 1705 1752 suum
1723 1725 1828 1753 felicem

1036 1767 1151 1794 reddere
1166 1775 1214 1802 per
1230 1775 1291 1795 sese
1307 1773 1395 1802 potest
1420 1778 1426 1795 :
1454 1769 1489 1795 ita
1504 1777 1537 1796 ne
1553 1777 1633 1796 suum
1648 1770 1757 1805 quidem
1775 1771 1830 1797 vir-

1036 1818 1090 1846 tus,
1109 1814 1131 1841 si
1148 1814 1204 1841 huic
1229 1815 1320 1841 omnia
1352 1814 1486 1847 deerunt,
1514 1814 1642 1843 felicitate
1665 1817 1828 1844 cumulabit.

1035 1859 1092 1887 Hoc
1104 1868 1169 1895 ergo
1192 1861 1257 1896 quid
1274 1860 1348 1887 aliud
1364 1865 1423 1893 est,
1439 1868 1522 1895 quam
1541 1861 1651 1889 virtutis
1668 1863 1829 1897 dignitatem

1036 1905 1153 1940 abjicerc
1167 1905 1300 1940 funditus,
1315 1911 1395 1941 atque
1408 1905 1603 1940 pessumdare?
1616 1907 1828 1943 —Esto,inquit.

1036 1951 1071 1978 At
1085 1951 1209 1979 virtutem
1223 1953 1304 1988 longe
1317 1952 1397 1980 bonis
1415 1953 1477 1980 aliis
1501 1953 1629 1980 omnibus
1648 1958 1829 1989 anteponunt.

1037 1996 1106 2030 Quid
1123 2003 1178 2025 tum
1194 1997 1310 2024 ?—--Nam
1329 2002 1355 2024 et
1367 1998 1511 2025 sanitatem
1526 2006 1636 2033 quoque
1649 1999 1751 2027 divitiis
1762 2007 1831 2034 prm-

1038 2049 1110 2070 stare
1126 2044 1221 2071 volunt
1240 2048 1387 2071 :cmterum
1401 2064 1408 2076 ,
1427 2044 1499 2078 quod
1518 2045 1578 2071 sine
1592 2049 1687 2072 mutua
1713 2045 1830 2080 quadam

1038 2097 1118 2124 opera
1137 2091 1203 2117 satis
1217 2090 1250 2116 ad
1269 2089 1464 2116 beatitudinem
1490 2097 1552 2117 esse
1576 2098 1630 2117 non
1657 2091 1781 2126 possint,
1804 2091 1830 2118 id

1039 2143 1105 2163 vero
1118 2143 1181 2162 cum
1196 2135 1325 2162 omnibus
1343 2136 1456 2163 omnino
1481 2144 1626 2164 commune
1646 2142 1697 2165 est.
1718 2137 1756 2165 Ita
1785 2138 1831 2173 qui

194 2181 263 2216 μονά
278 2188 358 2215 φασιν
374 2179 419 2206 ἐπὶ
431 2178 527 2215 τροχὸν
542 2178 591 2205 οὐκ
615 2177 786 2204 ἀναὸαίνειν·
813 2177 873 2203 οὐδὲ
893 2178 907 2204 ὁ
926 2178 982 2208 ταῖς

1038 2179 1121 2206 semel
1139 2179 1222 2214 hujus
1250 2179 1382 2206 doctrina:
1408 2185 1544 2215 securaque
1568 2182 1677 2216 regulas
1708 2189 1830 2216 secutus,

194 2226 360 2261 Πριαμικαῖς
372 2224 467 2260 τύχαις
480 2224 535 2258 (61)
551 2223 728 2258 συνεχόμενος
740 2222 840 2248 δύναιτ’
850 2222 882 2248 ἂν
896 2222 986 2248 εὐδαι-

195 2270 283 2306 μονῶν
301 2271 347 2296 καὶ
364 2270 496 2305 μακάριος
509 2267 590 2296 εἶναι.
607 2269 658 2295 Τὸν
677 2268 766 2303 δὲτὴν
777 2267 876 2303 ἀρετὴν
890 2267 985 2302 ἔχοντα

194 2316 324 2348 τοιούτοις
347 2316 402 2342 τισὶ
419 2315 578 2350 περιπεσεῖν
605 2315 655 2341 οὐκ
676 2314 799 2346 ἀπεικός.
824 2313 935 2345 Τούτοις
956 2313 984 2340 δὲ

194 2362 289 2389 έπεται
307 2362 337 2388 τὸ
356 2362 424 2396 μήτε
436 2359 594 2387 ἀκολουθεῖν
612 2361 644 2386 ὲκ
663 2359 764 2391 παντὸς
787 2359 836 2395 τὴν
859 2359 983 2394 εὐδαιμο-

197 2408 253 2435 νίαν
268 2409 324 2438 τοῖς
338 2407 385 2443 τὴν
402 2405 501 2442 ἀρετὴν
513 2406 613 2440 έχουσι,
638 2406 699 2441 μήτ’
717 2407 740 2432 εἱ
767 2406 873 2440 γένοιτο
892 2414 983 2441 παρα-

196 2454 286 2490 μένειν
303 2453 357 2479 ἀεί.

1039 2224 1184 2258 docuerit,
1201 2226 1327 2261 quisquis
1349 2225 1465 2260 ipsomet
1482 2227 1509 2254 in
1525 2228 1618 2255 animo
1635 2228 1748 2256 humani
1766 2230 1831 2257 boni

1040 2271 1245 2299 universitatem
1260 2276 1363 2307 quaerat
1378 2293 1385 2306 ,
1404 2280 1467 2300 eum
1492 2274 1526 2301 ad
1543 2274 1617 2301 illam
1633 2275 1811 2304 beatitudinis
1822 2296 1829 2308 ,

1039 2321 1068 2342 ut
1082 2317 1171 2349 aiunt,
1189 2323 1277 2345 rotam
1296 2319 1418 2353 aspirare
1437 2327 1490 2347 non
1508 2328 1587 2355 posse
1612 2329 1618 2348 :
1644 2322 1689 2349 hic
1710 2322 1831 2356 profecto

1038 2363 1102 2390 felix
1122 2372 1262 2398 nunquam
1276 2369 1303 2391 el
1315 2365 1409 2393 beatus
1430 2374 1491 2393 esse
1506 2367 1615 2401 poterit,
1633 2375 1715 2402 quem
1729 2367 1831 2396 Priami

1037 2415 1118 2436 casus
1134 2410 1282 2437 eaercitutn
1305 2411 1459 2439 habuerint.
1478 2413 1559 2448 Atqui
1582 2413 1650 2440 nihil
1664 2419 1746 2447 vetat,
1762 2423 1832 2450 quo-

1038 2455 1130 2481 minus
1153 2456 1190 2482 illi
1212 2457 1292 2484 etiam
1319 2459 1430 2486 virtutis
1451 2467 1625 2494 possessores
1654 2461 1783 2494 similem,
1803 2462 1831 2489 in

195 2501 376 2529 calamitatem
405 2498 535 2526 incidant.
550 2498 587 2525 Ex
617 2506 672 2534 qtto
693 2499 773 2534 plane
808 2499 941 2534 sequitur,
978 2508 1027 2527 nec
1051 2501 1084 2528 iis
1111 2503 1156 2536 qui
1183 2502 1282 2531 virtute
1308 2505 1410 2539 przediti
1434 2506 1489 2532 sint
1517 2507 1648 2535 continuo
1677 2506 1831 2536 felicitatem

196 2547 331 2579 comitari,
350 2553 411 2577 nec,
428 2551 458 2572 ιιι
483 2545 630 2572 comitetur
651 2545 807 2577 interdum,
825 2550 983 2580 perpetuam
1003 2546 1073 2575 hanc
1088 2549 1245 2577 societatem
1260 2558 1320 2578 esse
1336 2559 1426 2586 posse.

196 2604 300 2631 Φύλλα
317 2603 352 2630 τὰ
364 2603 423 2638 μέν
442 2603 466 2628 τ’
481 2602 592 2637 ἄνεμος
610 2601 738 2636 χαμάδις
755 2601 816 2637 χέει
828 2623 839 2647 ,r
953 2602 986 2629 δέ

366 2637 369 2638 ⁷
831 2637 874 2672 [0‘
894 2638 953 2672 ὕλη

198 2673 377 2708 Τη.1εθόωιτα
391 2673 459 2708 φύει
470 2681 477 2688 ·
572 2707 575 2708 ν

199 2710 251 2742 Ὣς
263 2709 381 2742 ἀνδρῶν
392 2707 492 2743 γενεὴ,
510 2707 528 2740 ὴ
541 2707 600 2742 μὲν
615 2708 759 2742 wish-{18‘
775 2708 934 2742 ἀπολήγει.

235 2832 290 2864 (60)
306 2831 360 2858 Καὶ
373 2831 465 2857 πόθει·
483 2840 535 2863 τις.
553 2831 632 2857 Forte
645 2829 691 2856 καὶ
706 2830 801 2861 πόθενς
819 2829 864 2856 καὶ
879 2829 934 2860 τίςς

237 2867 292 2900 ((51)
309 2866 480 2900 Πριαμικαῖς
503 2867 616 2900 τύχαις.
635 2866 736 2892 ΑΙΙιιιιίι
750 2865 782 2892 ad
803 2865 866 2891 illud
883 2865 987 2900 Aristo-

202 2903 273 2932 telis.
284 2899 335 2930 lib.
352 2909 359 2929 t
375 2899 412 2928 De
425 2899 554 2932 moribus,
565 2909 624 2931 can.
642 2901 670 2928 li
684 2910 689 2927 :
706 2901 736 2927 ΕΞ
751 2900 772 2927 δ’
788 2899 884 2929 οὓτως.
897 2899 987 2928 ἅθλιος

1045 2604 1133 2644 Yoleit
1149 2607 1221 2634 Immi
1233 2614 1322 2635 ventus
1338 2608 1456 2642 frandes,
1476 2609 1597 2644 aliasque
1614 2610 1726 2637 subinde

1042 2641 1115 2668 Silva
1125 2651 1230 2669 cantans
1244 2641 1348 2671 atterit}

1041 2677 1133 2738 (κίρνη
1158 2678 1195 2705 sic
1217 2672 1351 2705 hominum
1377 2680 1507 2712 exoritur,
1531 2680 1611 2706 simul
1642 2681 1737 2708 accidit
1766 2687 1833 2710 tela.

1081 2718 1146 2738 tem.

1081 2718 1146 2739 tera.

1044 2833 1094 2862 μεν
1114 2824 1242 2862 οὐδεποτε
1265 2825 1361 2859 γένοιτ’
1380 2825 1412 2852 ἂν
1433 2825 1446 2850 ὁ
1469 2825 1612 2862 εὐδαίμων·
1631 2826 1660 2852 οὺ
1678 2825 1730 2862 μὴν
1743 2826 1831 2862 μακών

1044 2859 1098 2895 ριός
1113 2868 1154 2894 γε,
1175 2861 1198 2887 εἰ
1217 2861 1383 2896 Πριαμικαῖς
1400 2861 1494 2895 τύχαις
1510 2859 1654 2896 περιπέσῃ.
