2061 3210
274 174 340 200 ιῦυἳ

597 171 731 200 EUSEBII
748 171 987 200 CESARIENSIS
1006 171 1080 199 OPP.
1103 171 1192 199 PARS
1212 170 1243 198 ll.
1263 186 1299 193 —
1316 169 1565 198 APOLOCETICA.

1828 169 1893 196 1308

272 232 359 260 Exilis
376 231 467 260 adhuc
476 232 593 259 nimium
615 239 647 259 ac
663 231 756 259 timida
767 253 774 265 ,
788 233 823 259 mi
837 237 927 267 poeta,
943 238 987 260 tua
1002 233 1057 260 haec

1113 233 1173 259 Ἔτι
1198 241 1237 259 σοι
1264 233 1293 259 τὸ
1321 231 1493 269 παράδειγμα
1522 230 1618 267 μικρὸν
1649 231 1693 257 καὶ
1720 229 1854 266 ἂτολμον,
1873 226 1895 258 ὦ

273 278 428 307 similitudo
453 282 512 305 est:
546 283 551 286 '

397 322 547 350 Succedunt
564 327 683 357 tempora
695 324 772 350 veris.

271 369 307 396 At
316 369 463 404 plurimum
492 375 584 396 tamen
598 369 684 396 etlluit
711 370 858 404 temporis.
874 378 936 398 cum
956 371 1059 398 interea

271 414 395 442 succedit
417 414 496 441 nihil.
521 413 551 441 Si
575 413 699 450 fragilem
721 420 748 443 et
777 410 925 443 caducam.
935 417 1061 443 humana:

273 459 336 487 vitae
350 459 536 487 conditionem
565 461 720 488 accuratius
745 467 941 497 repraesentare
958 462 1009 495 vis,
1026 471 1060 490 ex

273 505 446 533 Aristotelica
474 507 566 541 potius
582 507 749 535 beatitudine
768 508 976 536 similitudinem
998 517 1060 536 mu-

274 556 361 579 tuare.
382 549 501 580 Facilius
520 561 550 579 ea
571 561 653 588 quam
678 553 789 582 frondes
824 555 904 587 ullae,
938 556 1060 583 nascitur

272 601 354 630 atque
380 596 483 623 interit.
507 596 568 624 Non
594 598 657 624 anni
673 599 878 626 conversionem
907 604 1058 634 exspectat,

273 649 329 670 non
348 643 443 670 eodem
464 647 569 670 tantum
591 643 630 671 vel
661 652 731 671 anno
745 665 752 678 ,
770 645 812 672 vel
832 653 925 673 mense
939 666 946 679 ,
966 651 994 674 at
1013 655 1059 673 eo-

271 688 334 716 dem
361 689 425 722 die,
452 689 603 724 eademque
632 691 721 723 hora,
751 691 832 718 simul
859 692 946 718 oritur
965 698 992 719 et
1011 700 1058 719 oc-

271 734 352 763 cidit.
380 735 527 763 Enimvero
557 744 617 770 qua:
648 737 831 769 interimant,
867 746 930 765 cum
968 738 1059 773 pluri-

272 789 318 808 ma
349 785 434 813 sunt,
462 786 520 809 tum
549 790 582 810 ex
609 790 673 810 casu
701 784 816 817 pendent
837 784 927 811 omnia
949 793 956 810 ε
978 784 1058 819 797

272 827 397 862 corporis
427 826 522 855 fatales
553 829 664 863 quidam
690 830 802 862 morbi,
829 833 856 856 et
880 830 906 856 ii:
923 837 989 857 sane
1016 831 1058 857 in-

271 873 351 906 finiti,
376 878 541 909 paupertas,
562 874 691 907 infamia,
715 879 866 910 cmtcraquc
895 875 920 902 id
954 884 1055 911 genus,

272 919 373 953 quibus
384 920 427 947 vel
447 920 561 955 singulis
575 929 624 955 par
641 921 745 948 nullum
764 922 790 948 in
807 921 878 948 bona
899 921 944 948 illa
959 922 1058 949 virtute

272 966 428 1000 praesidium
443 970 501 998 est;
517 974 578 1001 quae
598 974 647 994 nec
665 974 756 994 arcere
770 967 919 1000 miseriam,
936 975 985 995 nec
999 967 1058 995 feli-

271 1011 381 1038 citatem
399 1019 561 1038 conservare
581 1019 628 1046 per
639 1019 699 1038 sese
715 1004 810 1046 possit.
823 1011 955 1046 Quisquis
976 1011 1057 1046 igitur

272 1056 344 1085 hanc
366 1057 505 1085 imbiberit
525 1057 735 1092 prpbaveritque
750 1057 913 1089 doctrinam,
931 1057 977 1092 qui
996 1063 1056 1084 tan-

273 1104 345 1137 dem,
361 1105 472 1139 amabo,
487 1105 527 1132 vel
545 1104 578 1131 ad
603 1109 720 1132 mentem
742 1104 863 1132 Platonis
879 1105 998 1137 accadet,
1015 1106 1057 1132 vel

272 1149 300 1175 in
317 1149 411 1176 eadem
430 1153 460 1176 ut
475 1149 521 1176 alii
546 1154 703 1176 constanter
731 1150 922 1184 acquiescant,
944 1150 1058 1178 etiiciet?

272 1193 414 1229 Nunquam
440 1195 571 1229 profecto.
600 1203 752 1230 nunquam,
769 1196 816 1230 qui
842 1204 857 1223 e
888 1196 980 1224 schola
1006 1197 1056 1224 ista

272 1241 412 1276 prodierit,
428 1241 486 1269 hzec
507 1242 587 1276 phne
611 1241 742 1269 I-lerculea
759 1243 906 1277 divinaque
929 1243 1056 1279 dogmata

272 1287 404 1321 suscipiet
420 1296 427 1314 :
449 1288 591 1314 robustum
608 1292 634 1314 et
653 1287 782 1314 eximium
808 1288 873 1322 quid
891 1296 952 1316 esse
972 1289 1057 1315 virtu.

272 1337 326 1360 tein
346 1342 352 1359 :
371 1333 445 1360 nullo
469 1334 503 1360 ad
528 1333 684 1360 felicitatem
711 1333 833 1367 indigere
858 1333 982 1361 subsidio
999 1343 1005 1360 :
1024 1342 1055 1361 ea

272 1379 384 1413 spoliari
410 1387 491 1414 posse
515 1387 654 1414 nunquam
680 1389 685 1407 :
707 1384 736 1406 ut
758 1384 914 1414 paupertas,
934 1380 1055 1412 morbus,

273 1423 396 1457 infamia,
409 1424 463 1458 pix,
479 1432 567 1457 crux;
596 1429 626 1451 ut
641 1424 685 1451 illa
711 1431 742 1451 ex
762 1424 900 1459 tragmdiis
922 1424 948 1451 in
971 1431 1055 1451 unum

275 1469 414 1497 conﬂuant
430 1470 535 1504 omnia;
555 1470 658 1498 felicem
674 1477 762 1505 usque
779 1475 868 1497 tamen
891 1477 923 1497 ac
948 1470 1056 1497 beatum

273 1515 527 1551 liominemjustum
551 1515 682 1543 futurum.
705 1516 776 1549 Quin
795 1521 822 1544 et
841 1517 900 1552 ipsa
923 1516 1000 1552 justi,
1017 1517 1057 1544 sic

273 1565 403 1595 tanquam
419 1561 532 1588 victoris
549 1562 667 1593 athletae,
684 1569 783 1589 nomen
799 1562 886 1589 vocali
905 1562 957 1589 hoc
972 1566 998 1589 et
1012 1562 1055 1588 in-
1070 1573 1090 1602 ο

271 1606 344 1640 genti
360 1607 496 1642 praeconio
510 1607 638 1635 celebrat.
652 1606 730 1634 Hunc
742 1608 850 1635 demum
861 1615 922 1635 esse
931 1607 1057 1635 felicissi—

273 1660 360 1685 mum,
373 1653 419 1687 qui
437 1660 469 1680 ex
492 1653 606 1688 ipsamct
618 1653 722 1688 justitia
737 1653 854 1681 fructum
870 1653 980 1689 colligat
998 1653 1058 1680 feli-

272 1698 374 1726 citatis.
392 1698 448 1733 Age
462 1706 537 1733 ergo,
562 1699 633 1726 bona
658 1699 800 1734 partiresis
815 1703 947 1734 quantum
965 1699 1056 1733 voles,

272 1751 359 1779 eaque
371 1744 508 1779 distingue
522 1744 655 1772 trifariam
669 1766 676 1779 ,
696 1745 891 1781 quadrifariam
905 1767 912 1779 ,
935 1746 1056 1773 multifa~

273 1790 355 1817 riam.
377 1789 494 1818 Prorsus
519 1789 553 1817 ad
580 1798 637 1818 rem
656 1791 733 1818 nihil.
753 1790 898 1826 Nunquam
921 1799 953 1819 ac
972 1796 1000 1819 tu
1014 1792 1056 1819 via

273 1844 325 1864 nos
340 1837 373 1864 ad
388 1836 528 1864 Platonem
543 1836 672 1864 adduces.
685 1836 754 1870 Quid
767 1837 839 1864 enim
850 1837 963 1872 juverit,
979 1844 994 1865 e
1008 1838 1057 1864 b0-

273 1881 413 1916 nis,quod
439 1881 489 1914 ais,
508 1881 560 1908 alia
587 1881 740 1909 veneranda
765 1889 837 1914 esse,
852 1887 881 1909 ut
906 1882 987 1916 deos;
1005 1882 1056 1909 alia

273 1927 354 1955 laude
368 1928 459 1963 digna,
489 1932 519 1955 ut
545 1928 676 1960 virtutes;
693 1927 744 1955 alia
769 1932 902 1962 potestate
927 1928 1056 1963 quadam,

273 1977 305 2000 ut
319 1973 427 2001 divitias
447 1977 529 2008 atque
543 1973 644 2005 robur;
665 1973 728 2005 alia,
748 1978 777 2000 ut
801 1974 968 2006 curationes,
985 1974 1058 2001 utili-

274 2022 328 2046 tate
341 2019 494 2046 contineri‘.l
507 2018 576 2051 Quid
595 2026 688 2053 porro,
701 2027 763 2046 cum
774 2019 914 2046 minutiOri
928 2027 959 2046 ac
975 2019 1058 2046 subti-

273 2065 336 2092 liori
352 2065 498 2098 divisione,
516 2073 530 2092 ο
545 2065 624 2092 bonis
643 2065 695 2092 alia
713 2065 780 2092 fines
794 2072 855 2092 esse
872 2065 984 2098 dixeris,
1005 2065 1056 2092 alia

271 2111 434 2145 negaveris?
444 2111 554 2138 Finium
564 2118 596 2138 ea
612 2112 722 2138 nomine
735 2112 979 2146 comprehenderis,
993 2120 1058 2146 quo-

272 2164 334 2184 rum
353 2157 439 2192 gratia
463 2161 526 2184 sunt
545 2157 612 2190 alia;
635 2165 688 2184 non
716 2157 783 2184 fines
800 2161 889 2184 autem
907 2158 1056 2192 appellans,

272 2210 334 2237 quae
352 2202 468 2229 aliorum
495 2203 522 2229 in
539 2203 653 2237 gratiam
680 2202 871 2229 adhibeantur.
892 2202 963 2235 Quid
980 2203 1055 2234 item,

1113 278 1214 314 ποιητά
1224 285 1231 293 ⁸

1219 325 1324 358 Ἕαρος
1335 323 1361 350 δ’
1373 323 1532 358 ἐπιγίνεται
1541 322 1613 358 ὤρη.

1111 369 1197 398 Πολὺς
1213 370 1226 395 ὁ
1244 369 1345 404 μεταξὺ
1357 369 1467 404 χρόνος,
1481 368 1527 395 καὶ
1589 368 1625 404 μὴ
1648 367 1704 404 (62)
1726 368 1840 402 γίνεται.
1864 369 1894 395 Et

1110 415 1196 446 θέλεις
1211 414 1330 449 ἀκριϐῶς
1344 414 1374 440 τὸ
1391 414 1521 450 ἐπίκηρον
1536 414 1583 440 καὶ
1606 413 1704 450 σαθρὸν
1720 415 1768 450 τῆς
1787 414 1893 449 ἀνθρω-

1110 460 1189 495 πίνης
1206 461 1301 494 γενεᾶς
1314 460 1472 492 ἀπεικάσαι,
1491 460 1646 496 παράΰαλλε
1669 460 1718 496 τήν
1746 460 1895 495 Ἀριστοτέ-

1109 506 1171 538 λους
1185 507 1365 542 εὐδαιμονίαν.
1385 507 1463 543 Ῥᾷον
1479 507 1534 533 τῶν
1554 507 1659 542 φύλλων
1678 506 1747 540 αὕτη
1762 507 1808 533 καὶ
1828 507 1895 541 φύε-

1109 560 1154 578 ται
1167 552 1212 578 καὶ
1236 551 1387 584 ἀπολείπει,
1401 552 1450 578 οὐκ
1478 551 1648 587 ἀναμένουσα
1672 551 1894 587 περιτελλόμενον

1109 597 1155 623 τὸν
1170 597 1300 630 ὲνιαυτδν,
1313 597 1366 624 οὐδ’
1377 598 1508 628 αὑτοετεὶ.
1523 598 1576 624 οὐδ’
1588 597 1727 633 αὺτομηνὶ,
1743 597 1798 623 ἀλλ’
1809 596 1894 632 αὐτῆς

1109 641 1224 677 ἡμέρας,
1255 643 1338 678 αὐτῆς
1362 642 1436 678 ὥρας
1466 643 1514 669 καὶ
1540 643 1644 676 γίνεται
1671 642 1716 669 καὶ
1737 641 1893 668 ἀπόλλυται.

1109 689 1196 715 Πολλὰ
1209 689 1243 715 τὰ
1256 688 1418 721 ἀπολλύντα,
1433 689 1480 715 καὶ
1499 688 1586 715 πάντα
1605 689 1636 715 ἐκ
1656 689 1704 723 τῆς
1723 688 1825 724 τύχης·
1849 689 1894 714 γαὶ

1109 735 1162 771 γὰρ
1177 735 1205 762 at
1219 734 1265 761 τοῦ
1283 734 1407 770 σώματος
1423 735 1516 771 κῆρες,
1534 728 1665 770 μυρίαιδὲ
1681 734 1736 769 (65)
1747 733 1836 766 αὗται,
1848 734 1894 760 καὶ

1109 781 1198 812 πενία,
1211 781 1258 806 καὶ
1274 780 1380 815 ἀτιμία,
1393 781 1438 806 καὶ
1448 781 1498 806 ὅσα
1513 780 1639 806 τοιαῦτα·
1663 780 1709 806 καὶ
1732 779 1799 814 πρὸς
1819 779 1894 805 οὐδὲν

1109 827 1240 862 αὑταρκεῖ
1256 826 1290 853 τὰ
1311 826 1359 861 τῆς
1376 825 1455 861 φίλης
1479 826 1593 861 ἀρετῆς,
1612 825 1679 861 πρὸς
1702 825 1826 860 βοήθειαν
1845 825 1893 860 οὐχ

1110 874 1207 900 ἱκανά·
1223 873 1271 908 τὴν
1287 873 1336 909 μὲν
1350 872 1404 908 γὰρ
1418 873 1628 907 κακοδαιμονίαν
1649 872 1766 907 εἵργειν,
1791 871 1840 907 τὴν
1864 871 1893 897 δὲ

1109 918 1280 954 εὐδαιμονίαν
1296 918 1437 949 διασώζειν
1451 917 1575 953 ἀσθενής.
1593 917 1702 949 Τούτοις
1720 915 1766 943 οὖν
1789 925 1830 948 τις
1853 918 1894 943 ὲν-

1108 964 1232 999 τραιξεὶς,
1258 963 1304 990 καὶ
1317 962 1420 994 τούτοις
1436 962 1617 998 ἀρεσκόμενος
1638 963 1692 993 τοῖς
1709 961 1798 994 λόγοις
1810 980 1818 991 ,
1835 959 1894 986 τίνα

1108 1011 1235 1046 τρόπονῆ
1253 1010 1333 1041 αὐτὸς
1348 1009 1491 1044 συνᾴσεται
1513 1010 1569 1039 τοῖς
1595 1007 1746 1038 Πλάτωνος,
1769 1007 1894 1042 irino-.1;

1108 1057 1176 1092 πρὸς
1191 1057 1259 1083 αὐτὰ
1273 1055 1420 1092 ἐπιρῤώσει
1443 1054 1525 1087 ποτέ;
1544 1054 1580 1081 Οὐ
1604 1054 1658 1089 γάρ
1679 1055 1751 1080 ἐστιν
1768 1054 1842 1084 ὅπως
1863 1054 1894 1080 ἄν

1107 1112 1148 1135 τις
1165 1104 1198 1129 ἐκ
1211 1103 1311 1129 τούτων
1323 1102 1490 1138 ὁρμώμενος,
1506 1100 1684 1136 παραδέξαιτο
1695 1100 1728 1126 τὰ
1747 1099 1894 1135 Ἡράκλεια

1107 1150 1154 1175 καὶ
1169 1149 1226 1175 θεῖα
1239 1150 1330 1175 ἐκεῖνα
1345 1148 1464 1183 δόγματα
1476 1155 1483 1162 θ
1500 1147 1543 1178 Ὠς
1561 1147 1669 1182 ἰσχυρόν
1685 1154 1710 1172 τι
1726 1146 1773 1172 καὶ
1786 1145 1895 1178 πάγκα-

1107 1195 1151 1221 λον
1167 1196 1261 1230 χρῆμα
1276 1193 1370 1230 ἀρετὴ,
1388 1194 1434 1220 καὶ
1444 1192 1473 1220 οὗ
1493 1201 1557 1219 ποτε
1567 1193 1692 1219 ἐνδέουσα
1716 1191 1784 1226 πρὸς
1806 1190 1894 1216 εὐδαι-

1109 1241 1222 1276 μονίαν,
1249 1240 1309 1267 οὔτε
1326 1240 1391 1266 ποτὲ
1416 1239 1500 1274 αὐτὴν
1529 1238 1732 1274 ἀφαιρουμένη·
1758 1237 1826 1264 ἀλλὰ
1844 1237 1896 1263 κᾶν

1108 1286 1197 1317 πενία,
1213 1286 1264 1312 κᾶν
1273 1285 1358 1317 νόσος,
1371 1284 1421 1311 κᾶν
1434 1283 1535 1316 ἀδοξία,
1548 1283 1598 1309 κᾶν
1612 1282 1693 1309 πίττα
1705 1282 1751 1308 καὶ
1768 1282 1894 1316 σταυρὸς,

1107 1332 1158 1358 κᾶν
1176 1332 1208 1358 τὰ
1222 1332 1254 1358 ὲκ
1267 1332 1317 1366 τῆς
1331 1331 1483 1366 τραγῳδίας
1498 1330 1554 1365 ἃμα
1569 1329 1656 1356 πάντα
1670 1329 1797 1364 ὲπιρῤυῇ,
1817 1328 1856 1354 ἔτι
1883 1328 1896 1354 ὁ

1106 1379 1208 1410 δίκαιος
1219 1378 1355 1413 εὐδαίμων
1377 1377 1423 1404 καὶ
1441 1377 1582 1412 μακάριος.
1601 1375 1811 1411 Ἐπικηρυκεύει
1831 1374 1896 1408 γοῦν

1107 1425 1180 1461 αὐτῷ
1197 1424 1252 1460 (64)
1265 1423 1302 1459 τῷ
1319 1422 1565 1458 μεγαλοφωνοτάτῳ
1577 1422 1675 1457 κήρυκι
1691 1420 1757 1456 (65),
1770 1420 1896 1455 καθάπρ

1107 1472 1224 1507 ἀθλητήν
1239 1479 1299 1497 τινα
1314 1469 1470 1504 νικηφόρον,
1490 1468 1534 1494 τὸν
1550 1467 1718 1493 δικαιότατον
1730 1486 1737 1498 ,
1754 1466 1794 1492 ὅτι
1819 1462 1896 1497 οὗτός

1108 1518 1180 1544 ἐστιν
1203 1515 1449 1551 εὐδαιμονέστατος,
1474 1514 1488 1540 ὁ
1508 1511 1538 1545 ἐξ
1556 1513 1641 1548 αὐτῆς
1656 1512 1706 1547 τῆς
1722 1511 1896 1547 δικαιοσύνης

1107 1566 1151 1591 τὸν
1168 1563 1273 1600 καρπὸν
1287 1563 1336 1598 τῆς
1351 1560 1523 1596 εὐδαιμονίας
1535 1560 1710 1596 δρεπόμενος.
1725 1558 1830 1594 Διαίρει
1841 1558 1891 1584 τοί-

1108 1620 1165 1643 νυν,
1179 1612 1202 1637 εἰ
1218 1609 1317 1645 βούλει,
1333 1609 1380 1635 καὶ
1394 1607 1513 1635 ποίκιλλε
1527 1607 1606 1642 τριχῆ
1618 1626 1624 1638 ,
1640 1605 1685 1632 καὶ
1699 1605 1830 1641 τετραχῆ,
1848 1605 1898 1632 καὶ

1108 1655 1228 1691 πολλαχῆ
1243 1655 1274 1681 τὰ
1287 1653 1376 1688 ἀγαθὰ
1387 1652 1614 1688 διαστελλόμενος.
1640 1651 1722 1678 Οὐδὲν
1737 1651 1791 1686 γὰρ
1810 1650 1898 1677 ταῦτα

1108 1703 1175 1738 πρὸς
1201 1702 1231 1728 τὸ
1249 1700 1436 1736 προκείμενον.
1468 1699 1505 1726 Οὐ
1528 1699 1559 1734 δή
1581 1698 1639 1725 ποθ’
1657 1698 1730 1732 ἡμᾶς
1751 1696 1784 1723 δι’
1805 1696 1897 1723 αὐτῶν

1109 1747 1252 1785 προσάξεις
1266 1746 1303 1782 τῷ
1317 1746 1450 1772 Πλάτωνι.
1462 1745 1494 1772 Τί
1509 1745 1563 1780 γὰρ
1593 1745 1617 1770 εξ
1640 1743 1693 1770 τῶν
1715 1743 1825 1777 ἀγαθῶν
1835 1763 1842 1774 ,
1857 1743 1897 1773 ὡς

1108 1794 1170 1829 φὴς,
1183 1793 1216 1820 τὰ
1233 1792 1281 1828 μὲν
1297 1792 1384 1827 τίμια,
1401 1791 1526 1826 καθάπερ
1543 1791 1566 1816 οἱ
1579 1789 1644 1822 θεοὶ,
1660 1789 1694 1816 τὰ
1709 1789 1736 1815 δὲ
1752 1788 1895 1819 ἐπαινετὰ,

1107 1839 1144 1870 ὡς
1167 1839 1194 1864 αἱ
1212 1838 1316 1872 ἀρεταὶ,
1329 1836 1363 1863 τὰ
1375 1837 1402 1863 δὲ
1416 1836 1554 1871 δυνάμεις,
1566 1836 1603 1866 ὼς
1619 1833 1732 1865 πλοῦτος
1748 1834 1795 1860 καὶ
1807 1834 1895 1867 ἰσχὺς.

1108 1884 1140 1911 τὰ
1153 1884 1181 1911 δὲ
1196 1883 1320 1918 ὠφέλιμα
1333 1903 1340 1915 ,
1364 1882 1402 1914 ὠς
1425 1883 1452 1909 αἱ
1469 1882 1628 1917 οεραπεῖαι;
1646 1880 1679 1906 Τί
1693 1880 1716 1906 δ’
1729 1900 1736 1911 ,
1765 1880 1788 1905 εἰ
1810 1879 1896 1906 ταῦτα

1108 1931 1227 1957 ἐλάττονι
1244 1929 1375 1964 διαιρέσει
1391 1927 1613 1962 διαστελλόμενος
1623 1946 1630 1957 ,
1655 1926 1745 1960 λέγοις
1762 1926 1816 1952 τῶν
1828 1926 1896 1959 ἀγα-

1108 1976 1160 2003 θῶν
1173 1975 1207 2002 τὰ
1222 1975 1270 2010 μὲν
1285 1973 1355 2001 εἶναι
1369 1973 1445 2009 τέλη,
1460 1973 1493 2000 τὰ
1508 1973 1537 1999 δὲ
1553 1973 1583 1999 οὐ
1598 1972 1661 2006 τέλη
1675 1980 1682 2004 ;
1696 1971 1762 2006 τέλη
1774 1971 1823 2006 μὲν
1838 1971 1895 1997 ὀνο-

1109 2021 1212 2057 μάζων,
1225 2018 1262 2048 ὧν
1277 2021 1356 2056 χάριν
1370 2019 1405 2047 τὰ
1415 2019 1492 2050 ἄλλα,
1508 2019 1537 2044 οὑ
1560 2018 1623 2052 τέλη
1638 2017 1667 2044 δὲ
1683 2016 1717 2043 τὰ
1736 2017 1790 2043 τῶν
1807 2017 1893 2043 ἄλλων

1107 2070 1187 2095 ἕνεκα
1202 2067 1406 2102 λαμϐανόμενα.
1423 2065 1454 2091 Τί
1471 2065 1504 2096 δ’,
1519 2065 1543 2090 εἱ
1560 2064 1639 2099 μάθοι
1655 2072 1713 2095 τις,
1729 2064 1770 2089 ὅτι
1785 2063 1820 2088 τὰ
1845 2063 1895 2097 μὲν

1108 2113 1200 2145 ἁπλῶς
1216 2113 1315 2147 ἀγαθὰ,
1336 2112 1370 2139 τὰ
1384 2112 1412 2138 δὲ
1427 2112 1456 2137 οὐ
1471 2111 1568 2142 misti);
1584 2110 1600 2145 ἢ
1619 2110 1660 2136 ὅτι
1677 2109 1713 2136 τὰ
1738 2109 1786 2144 μὲν
1807 2108 1894 2143 dar/fl;

1108 2159 1208 2193 ἀγαθὰ.
1221 2159 1255 2186 τὰ
1267 2159 1305 2190 δὲ,
1322 2158 1459 2192 σώματος,
1473 2156 1506 2182 τὰ
1517 2155 1538 2181 δ’
1555 2155 1648 2187 ἐκτός
1665 2155 1680 2190 ἢ
1696 2155 1786 2183 πάλιν.
1803 2155 1844 2180 δτι
1861 2154 1894 2180 τὰ

1109 2206 1157 2240 μὲν
1168 2205 1222 2231 τῶν
1232 2204 1343 2238 ἀγαθῶν
1359 2203 1498 2238 δυνάμεις,
1511 2201 1544 2227 τὰ
1557 2201 1583 2227 δὲ
1600 2200 1733 2232 διαθέσεις
1749 2200 1796 2226 καὶ
1812 2199 1892 2232 ἕξεις,

272 2247 319 2274 ubi
337 2247 388 2274 alia
407 2247 565 2282 simpliciter
590 2248 660 2274 bona
678 2254 739 2274 esse
763 2247 902 2278 didiceris,
925 2247 977 2273 alia
1003 2255 1055 2274 non

1110 2251 1176 2277 ἄλλα
1187 2251 1214 2276 δὲ
1228 2249 1373 2285 ἐνέργειαι,
1389 2249 1424 2275 τὰ
1439 2248 1467 2274 δὲ
1482 2248 1555 2282 τέλη,
1571 2246 1605 2273 τὰ
1617 2247 1644 2273 δὲ
1662 2246 1732 2278 ὗλαι,
1749 2246 1782 2272 τὰ
1795 2246 1823 2272 δὲ
1850 2246 1894 2280 δρ-

271 2293 419 2320 omnibus?
441 2297 489 2320 aut
514 2294 566 2320 alia
585 2294 693 2328 quidem
721 2293 803 2320 animi
820 2293 892 2319 bona
917 2300 987 2326 esse,
1002 2293 1055 2320 alia

271 2339 406 2374 corporis,
422 2340 473 2366 alia
491 2340 662 2367 extrinsecus
683 2339 810 2367 evenire?
832 2343 879 2365 aut
905 2338 987 2366 etiam
1003 2339 1054 2366 alia

272 2385 419 2419 potentias,
433 2385 484 2412 alia
512 2385 705 2419 dispositiones
727 2388 755 2411 et
770 2383 889 2412 habitus.
907 2383 959 2410 alia
977 2383 1055 2410 deni-

272 2435 326 2463 que
339 2433 416 2456 actus
437 2429 516 2456 esse?
530 2428 672 2456 Postremo
685 2428 738 2456 alia
754 2428 831 2460 ﬁnes,
847 2428 899 2455 alia
916 2428 1054 2460 materias,

272 2474 324 2501 alia
339 2473 538 2501 instrumenta?
553 2473 636 2506 Quin,
648 2478 678 2500 ut
705 2473 811 2501 noverit
834 2474 895 2508 quis
913 2473 1005 2500 decem
1028 2473 1055 2500 in

271 2520 423 2554 categorias
440 2520 554 2547 denario
568 2520 726 2547 discrimine
750 2519 851 2546 bonum
871 2519 1034 2546 distribuere
1048 2529 1054 2546 :

272 2566 336 2600 quid
351 2566 460 2594 tandem
484 2567 575 2594 omnia
604 2567 660 2594 hmc
681 2566 799 2593 Platonis
815 2567 847 2593 ad
874 2570 991 2593 mentem
1008 2565 1056 2593 do~

270 2616 361 2646 gmata
387 2612 580 2646 pertinebunt?
603 2612 728 2640 Profecto
739 2632 747 2644 ,
765 2612 891 2639 virtutem
908 2616 955 2639 aut
969 2612 1056 2646 tequi~

261 2663 345 2703 lvoce,
361 2661 409 2684 aut
418 2658 666 2694 quomodocunque
689 2658 808 2691 libuerit,
823 2658 925 2685 bonum
940 2658 1057 2694 appelles

263 2701 350 2741 licet;
372 2703 491 2738 quandiu
509 2705 576 2732 satis
600 2705 624 2732 ei
653 2712 702 2739 per
724 2712 782 2733 sese
812 2704 908 2732 virium
932 2704 1055 2740 negabis,

309 2844 364 2880 (62)
377 2844 454 2880 [orte
469 2845 498 2880 εν
513 2842 534 2878 ᾧ
549 2846 639 2880 μηδὲν.

309 2846 365 2911 (62;
377 2846 454 2872 Forte
469 2846 498 2870 ἐν

308 2880 355 2916 (63
377 2879 455 2908 Forte
469 2879 511 2911 δή.

1106 2304 1190 2331 γανας
1206 2295 1257 2322 κᾶν
1270 2295 1340 2322 κατὰ
1354 2294 1403 2326 τὰς
1417 2294 1482 2320 δέκα
1507 2293 1670 2328 κατηγορίας
1695 2292 1769 2328 μάθῃ
1791 2301 1833 2324 τις
1852 2293 1894 2319 δε-

1107 2341 1177 2376 καγῆ
1190 2341 1325 2375 διανέμειν
1342 2339 1469 2373 τάγαθὸν,
1486 2338 1512 2364 τί
1526 2337 1610 2364 ταῦτα
1626 2337 1693 2372 πρὸς
1714 2337 1763 2371 τὴν
1783 2337 1895 2364 Πλατω-

1107 2396 1150 2419 νος
1160 2386 1271 2422 γνώμην
1283 2386 1316 2412 τὰ
1329 2386 1496 2422 διδάγματαῑ
1526 2385 1596 2416 Ἕως
1618 2385 1672 2419 γὰρ
1691 2383 1724 2410 ἂν
1741 2381 1770 2410 οὗ
1790 2385 1821 2410 σὺ
1846 2384 1894 2418 μὲν

1107 2434 1160 2459 εἴτε
1175 2432 1336 2467 ὁμωνύμως,
1359 2432 1414 2458 εἴτε
1434 2431 1508 2462 ὃπως
1531 2430 1630 2465 βούλει,
1645 2429 1736 2456 καλῶν
1756 2429 1846 2463 ἀγαθὰ
1862 2429 1892 2455 ti

1107 2480 1156 2513 τῆς
1180 2479 1277 2515 ἀρετῆς
1292 2499 1299 2510 ,
1331 2478 1386 2504 ἀλλ’
1402 2478 1470 2504 ἄττα
1496 2476 1563 2512 πρὸς
1580 2475 1629 2511 τὴν
1656 2475 1830 2510 εὐδαιμονίαν
1857 2475 1893 2506 ὡς

1103 2526 1241 2565 ριναγκαῖα
1253 2523 1480 2560 παραλαμϐἁνῃς,
1496 2522 1526 2548 τὸ
1540 2522 1630 2548 ἱκανὸν
1639 2522 1688 2556 τῆς
1700 2521 1802 2556 ἀρετῆς
1815 2521 1895 2554 ἀφαι-

1109 2571 1252 2606 ρούμενος·
1270 2569 1380 2596 Πλάτων
1395 2569 1417 2596 δ’
1439 2569 1470 2594 ὲκ
1489 2567 1645 2603 περιουσίας
1658 2567 1723 2602 περὶ
1740 2567 1794 2593 τῶν
1809 2567 1893 2594 ἄλλων

1108 2617 1174 2651 ζητῇ
1189 2636 1196 2647 ,
1215 2616 1245 2642 τὺ
1265 2615 1376 2642 ἔκπλεον
1398 2616 1437 2645 είς
1461 2613 1631 2648 εὐδαιμονίαν
1657 2613 1705 2639 ἀπ’
1735 2613 1820 2648 αὐτῆς
1846 2612 1893 2645 τῆς

1108 2663 1207 2698 ἀρετῆς
1224 2662 1305 2697 ἔχων·
1323 2661 1399 2687 οὐδὲν
1416 2660 1448 2687 ἄν
1463 2661 1526 2695 ὑμῖν
1546 2660 1586 2694 εἴη
1604 2659 1675 2686 κατὰ
1691 2658 1772 2685 τοῦτο
1787 2658 1873 2686 κοινόν
1885 2665 1892 2672 ⁶

1108 2708 1176 2734 ἀλλά
1191 2716 1230 2734 σοι
1243 2707 1281 2733 δεῖ
1292 2707 1380 2741 λόγων
1392 2706 1479 2733 ἄλλων
1495 2705 1546 2732 τῶν
1558 2704 1603 2731 τοῦ
1623 2704 1778 2736 Πλάτωνος.

1144 2845 1199 2879 (64)
1211 2844 1290 2871 Forte
1302 2844 1381 2877 αὐτή.

1145 2880 1200 2912 ((35)
1216 2879 1295 2908 Forte
1312 2879 1478 2912 κηρύγματι.
