2061 3210
237 179 305 209 I509
799 181 961 210 PREPAR.
983 182 1004 208 Ε

1059 182 1109 210 NG.
1133 183 1197 211 LIB.
1220 185 1278 213 XV.
1791 190 1858 218 1510

239 239 294 266 alia
309 239 444 274 quaedam,
469 239 507 267 uti
538 240 571 267 ad
593 239 746 268 felicitatem
765 242 918 269 necessaria
948 241 1097 276 postulabis
1114 252 1121 270 :
1136 243 1218 279 798
1243 244 1320 272 Plato
1357 250 1452 274 contra
1480 248 1590 276 nonnisi
1616 249 1686 277 dicis
1720 257 1801 278 causa
1822 251 1857 278 do

234 285 296 312 aliis
329 285 469 320 obiterque
494 293 630 322 quaerens,
656 286 724 314 satis
753 295 888 322 superque
909 288 1038 314 virtutem
1056 288 1107 316 sibi
1119 289 1153 316 ad
1166 288 1323 318 felicitatem
1340 299 1402 320 esse
1418 292 1517 320 ducet:
1540 297 1679 328 nunquam
1698 295 1778 323 vobis
1805 296 1858 324 hoc

234 330 345 358 cuidem
378 331 405 359 in
422 339 520 367 genere
549 339 695 360 commune
718 333 867 368 quidquam
886 334 938 360 erit
954 343 961 360 :
983 333 1035 360 alia
1048 348 1050 351 ι
1063 342 1146 369 quam
1163 335 1250 372 Plato]
1264 337 1378 373 loquare
1392 339 1483 366 omnia
1503 339 1657 374 doceasque
1678 348 1789 369 necesse
1803 346 1855 369 est.

240 387 289 421 Ὧς
303 387 358 423 τὺρ
369 389 424 415 οὐκ
435 388 502 416 ἐστι
512 389 568 425 (66)
579 389 684 417 λέουσι
699 389 747 416 καὶ
767 389 915 430 ἁνδράςιν
937 390 1008 430 ὅρκιε

1075 390 1157 418 Nulla
1174 392 1238 427 ﬁdes
1248 393 1364 420 homines
1378 394 1446 421 inter
1460 402 1591 430 saevosque
1606 395 1691 422 leone:
1706 403 1717 422 :

235 457 312 486 om
323 459 411 486 λύκοι
429 467 461 486 τε
480 458 529 486 καὶ
548 458 638 494 ἄρνες
655 459 807 496 ὁμόφροτά
822 424 1019 495 ﬂagiti-0‘;sz-

913 502 977 527 σιν.

233 550 384 583 οὕτωςςούκ
397 550 454 577 ἐστι
469 550 591 578 Πλάτωνι
604 551 652 578 καὶ
669 552 849 588 Ἀριστοτέλει
868 552 943 586 φιλία
955 553 1019 588 περὶ

231 595 279 623 τοῦ
290 597 504 632 κορυφαιοτάτου
528 599 575 625 καὶ
595 599 762 636 κυριωτάτου
779 599 827 634 τῆς
847 599 1018 634 εὐδαιμονίας

231 641 372 677 δόγματος.
386 642 539 679 Διαμπερὲς
557 643 610 679 γὰρ
624 645 648 670 εί
666 643 704 680 μὴ
716 643 789 670 κακὰ
799 644 956 680 φρονέουσιν
970 644 1016 671 ἁλ-

230 688 339 724 λὴλοις,
362 689 397 716 τά
419 698 452 724 γε
466 690 612 717 ὑπεναντία
625 691 688 727 περ).
702 690 756 717 τῶν
769 692 808 723 εἰς
829 690 908 718 τοῦτο
922 691 1015 726 διαιρε-

231 736 332 771 ρόντων
346 735 485 771 φαίνονται
501 736 634 770 λέγοντες.

501 793 698 820 ΚΕΦΑΛΑΙΟΝ
713 795 750 820 E'.

232 846 287 874 Τοῦ
298 847 391 885 αξ)τοῦ
409 849 483 885 πρὸς
501 849 554 876 τὸν
572 850 674 879 αὑτὸν.
694 849 881 884 διενεχθέντα
901 849 1015 885 Μωϋσῇ

281 883 330 910 καὶ
349 883 484 911 Πλάτωνι
503 885 538 911 ἐν
556 885 596 918 τῷ
615 885 680 919 περὶ
699 883 845 919 Προνοίας
863 886 951 920 λόγῳ.

264 940 348 967 Πάλιν
361 941 500 973 Μωῦσὲως
520 943 566 968 καὶ
584 942 638 969 τῶν
664 944 726 978 παρ’
755 927 890 979 Ἑϐραίοις
911 952 1013 980 προφη-

227 985 291 1018 τῶν,
311 986 340 1012 οὐ
357 986 410 1021 μὴν
423 986 490 1013 ἀλλὰ
507 988 554 1014 καὶ
571 987 714 1020 Πλάτωνος
727 989 831 1020 τούτοις
849 989 1010 1024 συμφώνως,

226 1031 283 1058 τῶν
298 1031 361 1068 περὶ
385 1032 436 1068 τῆς
463 1033 516 1059 τῶν
539 1034 608 1060 ὅλων
627 1034 758 1070 Προνοίας
781 1035 859 1069 λόγον
880 1035 1012 1071 εὐκρινὼς

225 1077 441 1113 διατεθειμένων,
453 1081 468 1106 ὁ
485 1080 683 1116 Ἀριστοτέλης,
697 1081 776 1116 μέχρι
788 1081 902 1117 σελήνης
912 1083 1011 1116 στήσας

225 1124 256 1150 τὸ
272 1123 359 1156 Θεῖον,
374 1124 409 1151 τὰ
428 1124 507 1151 λοιπὰ
523 1125 570 1152 τοῦ
587 1126 689 1161 κόσμου
702 1127 772 1162 μέρη
787 1127 951 1162 περιγράφει
963 1126 1012 1161 τῆς

225 1167 272 1194 τοῦ
289 1168 356 1196 Θεοῦ
375 1168 542 1205 διοικήσεως.
564 1171 620 1205 Ἐφ’
633 1169 674 1203 οἷς
687 1171 734 1197 καὶ
754 1171 932 1207 ὰπελέγχεται
945 1172 1011 1207 πρὸς

225 1214 272 1241 τοῦ
286 1214 450 1250 δηλωθέντος
461 1215 529 1251 (67),
546 1213 598 1243 ὧδέ
618 1226 656 1253 πη
675 1218 826 1251 διεξιόντος.
849 1227 858 1243 ι
880 1219 975 1250 Ὄντος
988 1218 1010 1244 δ’

224 1260 264 1287 ἔτι
287 1260 414 1296 μεγίστου
444 1263 490 1289 καὶ
519 1264 691 1299 κυριωτάτου
707 1264 761 1291 τῶν
782 1265 822 1295 εἰς
840 1264 1010 1299 εὐδαιμονίαν

226 1306 438 1340 συντελούντων,
456 1308 503 1334 τοῦ
524 1309 650 1345 περὶτῆς
667 1309 795 1345 Προνοίας
816 1309 975 1345 πείσματος,
997 1309 1011 1336 ὃ

224 1353 254 1389 δὴ
271 1354 316 1381 καὶ
332 1353 448 1389 μάλιστα
462 1355 507 1381 τὸν
524 1355 692 1391 ἀνθρώπινον
713 1356 766 1391 βίον
780 1356 864 1392 ὀρθοῖ,
877 1355 904 1382 εἴ
919 1365 951 1390 γε
973 1356 1009 1391 μὴ

225 1398 369 1434 μέλλοιμεν
380 1400 497 1434 ἀγνοεῖν,
508 1400 572 1426 πότε
578 1409 622 1436 ρον
633 1400 664 1436 δὴ
677 1401 735 1427 κατ’
747 1400 818 1435 ἴχνος
834 1400 929 1427 ὕπτιον
940 1399 1008 1436 (68),

224 1445 240 1481 ἢ
250 1446 369 1478 σκολιαῖς
378 1447 496 1478 ἀπάταις
507 1447 539 1473 ἂν
552 1447 632 1483 βαίνῃ
641 1446 798 1481 ἐπιχθονίων
809 1447 886 1480 γένος
894 1446 1008 1483 ἀνδρῶν,

223 1491 278 1526 ὀδὴ
290 1491 402 1518 Πλάτων
415 1492 455 1523 εις
474 1491 540 1518 Θεὸν
555 1492 601 1518 καὶ
626 1493 659 1519 ὲκ
686 1491 753 1518 Θεοῦ
770 1492 857 1519 πάντα
883 1492 1007 1520 ἀνάπτει.

222 1538 290 1572 Φησὶ
303 1537 356 1574 γὰρ
371 1538 452 1565 αὑτὸν
467 1539 555 1574 ἀρχήν
568 1547 596 1565 τε
610 1539 656 1565 καὶ
669 1538 738 1573 μέσα
746 1538 812 1574 (68⁵)
821 1539 868 1565 καὶ
881 1538 1009 1575 τελευτὴν

222 1584 276 1612 τῶν
288 1583 372 1611 ὄντων
389 1584 516 1611 ἁπάντων
539 1585 643 1620 ἔχοντα,
658 1584 749 1620 εὐθείᾳ
773 1585 911 1620 περαίνειν
931 1594 1009 1621 περι-

222 1630 416 1666 πορευόμενον.
448 1631 504 1657 Kal
529 1629 562 1658 αὖ
587 1631 666 1658 πάλιν
694 1631 776 1666 φησιν
800 1631 882 1658 αὐτὸν
907 1631 1008 1666 ἀγαθὸν

222 1674 305 1709 εἶναι,
323 1676 416 1712 ἀγαθῷ
428 1676 457 1703 δὲ
471 1676 572 1712 μηδένα
592 1676 687 1711 φθόνον
703 1676 856 1711 ἐγγίνεσθαι
876 1678 939 1712 περὶ
958 1686 1009 1714 μη-

222 1722 306 1753 δενός.
318 1722 418 1749 Τούτου
428 1722 456 1749 δὲ
475 1722 554 1754 ἐκτὸς
569 1722 634 1749 ὅντα
645 1723 710 1758 (69),
722 1723 810 1750 πάντα
825 1724 865 1750 ὅτι
891 1723 1007 1759 μάλιστα

222 1767 313 1800 ἀγαθὰ
323 1770 419 1801 ποιεῖν,
431 1769 470 1800 είς
482 1768 556 1802 τάξιν
569 1768 669 1803 ἄγοντα
684 1770 716 1795 ἐκ
727 1769 776 1804 τῆς
795 1769 918 1802 ἀταξίας.
936 1770 1008 1796 Πάν-

221 1824 276 1842 των
293 1815 321 1841 δὲ
337 1814 561 1850 ἐπιμελούμενον,
576 1815 623 1842 καὶ
641 1815 729 1842 πάντα
748 1815 816 1842 κατὰ
836 1815 950 1851 δύναμιν
967 1824 1009 1842 κο-

222 1861 357 1897 σμοῦντα,
376 1861 584 1897 πεφροντικέναι
604 1862 651 1888 καὶ
668 1861 722 1888 τῶν
744 1861 904 1897 ἀνθρώπων.
921 1872 930 1888 ι
954 1863 1008 1891 Καὶ

222 1907 292 1943 μετὰ
312 1907 431 1944 βραχέα·
454 1917 463 1933 ι
483 1908 538 1935 Καὶ
556 1909 570 1934 ὁ
591 1908 639 1943 μὲν
658 1908 771 1935 Πλάτων
794 1908 895 1940 οὕτως·
922 1908 952 1935 '0
969 1909 1006 1940 δὲ,

220 1954 271 1989 τὴν
297 1953 437 1989 δαιμονίαν
467 1953 569 1989 ταύτην
592 1954 673 1988 φύσιν
695 1953 816 1981 ἐκποδὼν
837 1954 1006 1989 ποιούμενος,

222 2000 269 2026 καὶ
280 2000 329 2036 τήν
345 2009 377 2034 γε
403 1999 524 2032 εἰσαῦθις
549 2000 643 2027 ἐλπίδα
658 1999 707 2035 τῆς
729 2000 817 2035 ψυχῆς
836 1999 1006 2035 ἀποτέμνων,

221 2046 272 2080 τήν
283 2054 312 2072 τε
326 2046 354 2072 ὲν
367 2046 406 2081 τῷ
430 2046 543 2081 παρόντι
560 2045 627 2081 πρὸς
642 2045 696 2072 τῶν
711 2046 872 2081 κρειττόνων
893 2046 948 2081 (70)
963 2047 1008 2073 εὐ-

220 2091 331 2119 λάϐειαν
348 2092 558 2128 ἀφαιρούμενος,
575 2092 635 2119 τίνα
651 2092 719 2128 πρὸς
733 2093 864 2120 Πλάτωνα
877 2092 932 2128 ἔχει
950 2102 1007 2120 κοι-

221 2138 337 2172 νωνίαν;
351 2139 387 2165 Ἢ
397 2139 456 2171 πῶς
472 2139 505 2165 ἂν
522 2139 564 2173 ἐφ’
576 2139 594 2166 ἃ
608 2138 732 2174 βούλεται
746 2139 868 2171 Πλάτων,
881 2147 1008 2174 παρακα-

220 2183 308 2216 λέσαι,
321 2183 368 2210 καὶ
378 2183 543 2210 πιστώσαιτο
551 2183 584 2210 τὰ
600 2184 733 2219 εἰρημένα
742 2192 748 2216 ;
758 2184 814 2210 Πᾶν
829 2184 882 2219 γὰρ
899 2185 1008 2211 τούναν-

220 2230 288 2262 τίον,
312 2229 441 2266 συνεργὸς
454 2229 487 2256 ἂν
507 2226 583 2262 οὗτός
599 2230 655 2265 (71)
677 2238 708 2264 γε
733 2230 780 2256 καὶ
807 2230 1007 2266 συναγωνιστὴς

220 2275 275 2302 τῶν
291 2275 435 2302 ἐθελόντων
451 2275 552 2302 ἀδικεῖν
570 2275 677 2310 φανείη.
695 2275 752 2307 Πᾶς
767 2275 822 2311 γάρ
832 2284 884 2308 τις⁷
901 2276 1007 2312 ἂνθρω-

221 2331 271 2354 πος
281 2322 330 2355 ὢν,
345 2323 391 2349 καὶ
401 2323 461 2354 ταῖς
478 2321 660 2357 ἀνθρωπίναις
672 2321 778 2357 ὀρέξεσι
794 2321 1006 2357 κατεσχημένος,

219 2369 254 2395 ἂν
274 2369 466 2404 καταφρονήσῃ
491 2367 546 2394 τῶν
563 2367 641 2400 θεῶν,
659 2367 704 2394 καὶ
731 2367 787 2403 (72)
808 2367 889 2403 μηδὲν
910 2367 1006 2403 νομίσῃ

1075 458 1218 494 Nunquam
1231 461 1292 496 agni
1305 466 1382 496 atque
1393 462 1448 495 lupi
1464 470 1540 489 sensu
1556 463 1690 490 ducuntur
1699 464 1798 492 eodem.

1073 547 1118 576 Sic
1134 549 1160 575 in
1175 549 1295 576 maximo
1313 549 1366 577 hoc
1382 555 1409 578 et
1424 551 1545 586 principe
1560 551 1697 579 felicitatis
1717 551 1853 587 dogmate,

1071 593 1177 621 Platoni
1190 603 1252 635 cum
1264 595 1408 624 Aristotele
1422 598 1577 624 communio
1589 598 1660 625 nulla
1680 606 1740 626 esse
1754 604 1852 634 potest.

1070 639 1187 668 Prorsus
1199 641 1283 674 enim,
1298 642 1321 669 si
1336 642 1427 669 minus
1443 643 1510 669 alter
1522 644 1554 670 de
1563 644 1647 671 altero
1666 645 1734 671 male
1743 645 1851 680 cogitet,

1070 684 1097 712 in
1116 685 1148 712 iis
1163 686 1258 713 saltem
1271 695 1332 722 quae
1342 688 1374 715 ad
1387 688 1451 715 illud
1465 697 1636 724 summopere
1650 691 1784 724 pertinent
1796 695 1851 719 tota

1068 732 1158 766 palam
1173 732 1355 768 disputatione
1370 740 1500 769 pugnant.

1377 792 1490 819 CAPUT
1513 793 1543 820 V.

1069 847 1326 885 Idemrxlristotctcm
1337 858 1352 875 a
1366 849 1453 882 Moyse
1467 849 1582 876 simulet
1599 849 1710 876 Platone
1732 851 1758 877 in
1776 859 1849 885 qua-

1120 884 1204 910 :tiouc
1220 885 1252 910 de
1278 883 1448 910 Protidentia
1461 885 1630 911 dissidentem
1644 883 1797 912 insectatur.

1106 939 1212 974 Moyses
1230 945 1359 974 pt'mterea
1387 939 1546 975 Hebraeique
1574 942 1721 976 prophetae,
1749 941 1848 977 quibus

1065 986 1146 1013 etiam
1173 985 1250 1013 Plato
1280 986 1459 1021 suifragatur,
1488 986 1689 1014 Providentiam
1719 988 1846 1019 universa

1065 1032 1206 1066 complecti
1218 1032 1344 1059 distincte
1358 1032 1483 1067 clareque
1504 1038 1664 1067 posuerunt.
1689 1033 1847 1060 Aristoteles

1063 1077 1090 1104 in
1109 1077 1195 1104 lunari
1212 1077 1279 1104 orbe
1295 1082 1393 1109 metm
1405 1076 1515 1104 Numini
1531 1078 1730 1113 terminumque
1743 1079 1846 1105 consti-

1063 1127 1152 1155 tuens,
1166 1127 1257 1157 partes
1272 1123 1365 1150 mundi
1382 1122 1500 1157 reliquas
1514 1123 1573 1157 ejus
1589 1131 1660 1150 cura:
1672 1124 1844 1158 gubernatio~

1062 1167 1144 1202 nique
1163 1167 1302 1194 subduxit.
1320 1166 1406 1199 Quam
1424 1167 1459 1194 ob
1481 1175 1590 1194 causam
1621 1168 1663 1195 liis
1692 1168 1725 1194 ab
1748 1169 1842 1196 eodem

1061 1213 1151 1240 Attico
1165 1213 1255 1240 verbis
1274 1212 1488 1247 reprehenditur.
1505 1222 1513 1238 ι
1524 1213 1591 1240 Cum
1604 1213 1673 1240 inter
1689 1221 1720 1240 ca
1738 1222 1798 1248 qua:
1809 1215 1842 1240 ad

1062 1258 1216 1286 felicitatem
1234 1259 1398 1291 conducunt,
1413 1260 1510 1294 inquit.
1523 1260 1670 1286 niaximum
1688 1259 1769 1286 etiam
1780 1260 1843 1286 illud

1061 1305 1097 1332 sit
1114 1310 1194 1340 atque
1206 1305 1396 1340 potissimum,
1409 1310 1438 1332 ut
1456 1311 1557 1333 certam
1577 1305 1609 1332 dc
1628 1305 1798 1333 Providentia
1815 1308 1845 1333 ti-

1060 1350 1167 1378 duciam
1181 1350 1346 1384 habeamus;
1358 1351 1456 1386 quippe
1473 1351 1545 1386 quod
1559 1351 1707 1385 dirigendis
1720 1343 1845 1378 humana:

1061 1397 1122 1424 vit-.e
1139 1397 1289 1424 rationibus
1306 1404 1413 1424 summo
1425 1397 1459 1424 sit
1472 1397 1532 1424 usui
1546 1397 1678 1427 futurum,
1696 1396 1718 1424 si
1734 1405 1783 1423 nos
1791 1397 1844 1423 mi-

1060 1443 1132 1469 nime
1148 1443 1267 1475 latuerit,
1294 1448 1403 1470 rectene
1419 1451 1451 1470 ac
1475 1443 1556 1477 plano
1581 1443 1716 1477 ingressu,
1738 1450 1772 1469 an
1797 1451 1845 1477 per

1060 1487 1186 1522 obliquos
1204 1495 1328 1515 errorum
1343 1487 1428 1514 ﬂexus
1445 1488 1614 1515 terrestrium
1639 1488 1778 1514 hominum
1796 1495 1843 1521 ge-

1059 1541 1112 1561 nus
1127 1533 1233 1560 incedat
1250 1541 1257 1560 z
1277 1533 1354 1560 l’lato
1382 1533 1415 1560 ad
1438 1533 1521 1560 Deum
1548 1533 1640 1560 omnia
1666 1537 1784 1565 revocat,
1810 1541 1842 1560 ex

1058 1586 1144 1613 eoque
1170 1578 1251 1605 nectit
1275 1578 1379 1610 omnia,
1394 1577 1472 1606 docet
1494 1578 1566 1606 enim
1595 1578 1670 1606 illum
1699 1579 1735 1605 ita
1750 1586 1842 1606 rerum

1059 1624 1179 1651 onmium
1193 1624 1368 1659 principium,
1383 1624 1483 1657 media,
1498 1624 1633 1659 ﬁnemque
1647 1625 1800 1659 complecti.
1813 1629 1843 1651 ut

1059 1675 1131 1698 recta
1146 1679 1252 1705 semper
1263 1671 1372 1698 easdem
1394 1670 1519 1699 obeundo
1534 1671 1666 1706 perﬁciat.
1692 1671 1786 1698 Tradit
1799 1671 1842 1698 in-

1021 1736 1042 1765 c
1061 1724 1143 1752 super
1158 1716 1258 1743 bonum
1276 1715 1352 1743 illum
1366 1723 1437 1749 esse,
1455 1723 1505 1744 nec
1523 1716 1596 1744 bono
1608 1716 1662 1744 ulla
1678 1724 1798 1750 unquam
1816 1716 1843 1742 in

1060 1770 1089 1790 re
1105 1762 1205 1789 bonum
1225 1762 1339 1789 alterum
1357 1761 1477 1789 invidere
1495 1771 1502 1788 :
1520 1762 1632 1796 proinde
1645 1769 1706 1796 quae
1721 1766 1798 1789 extra
1815 1770 1844 1788 se

1058 1807 1122 1841 sint,
1136 1808 1217 1842 quam
1235 1807 1336 1841 optima
1349 1806 1424 1833 illum
1439 1811 1535 1834 cuncta
1549 1807 1663 1839 ellicere,
1681 1807 1707 1834 in
1721 1807 1842 1834 ordinem

1058 1860 1091 1880 ex
1107 1852 1311 1887 perturbatione
1332 1851 1456 1886 digesta:
1483 1857 1620 1887 postremo
1647 1852 1694 1886 qui
1720 1852 1842 1879 omnium

1058 1906 1152 1925 curam
1177 1903 1263 1933 gerat,
1281 1905 1368 1933 caque
1395 1905 1444 1933 pro
1472 1905 1579 1925 summa
1605 1902 1737 1932 potestate
1752 1902 1841 1928 ornet,

1059 1944 1178 1971 humano
1195 1944 1276 1971 etiam
1293 1944 1385 1979 generi
1401 1943 1565 1978 prospicere.
1579 1953 1587 1969 I
1607 1943 1639 1970 Et
1651 1943 1744 1978 paucis
1758 1943 1842 1970 inter-

1055 1991 1151 2026 jeclis:
1165 1999 1174 2016 ι
1191 1990 1230 2018 Ac
1240 1989 1316 2017 Plato
1331 1990 1451 2025 quidem,
1465 1990 1561 2024 inquit,
1582 1990 1618 2016 ita
1635 1989 1740 2017 statuit.
1760 1989 1843 2024 799

1057 2038 1092 2064 At
1111 2045 1174 2064 vero
1189 2036 1336 2068 Aristoteli,
1354 2036 1418 2063 dum
1436 2035 1694 2063 excellentemiliam
1709 2034 1844 2061 divinam-

1057 2092 1111 2119 que
1131 2088 1257 2111 naturam
1273 2083 1400 2117 abigens,
1423 2090 1498 2117 spem
1524 2083 1606 2110 simul
1632 2082 1715 2109 l‘uturi
1733 2089 1841 2108 omnem

1058 2130 1149 2157 animo
1160 2133 1275 2162 resecat,
1291 2128 1373 2156 simul
1384 2128 1466 2156 etiam
1482 2128 1526 2155 hic
1544 2136 1652 2155 omnem
1674 2135 1737 2163 erga
1763 2135 1844 2162 supe-

1058 2183 1106 2203 ros
1119 2176 1321 2204 observantiam
1340 2183 1371 2202 ac
1390 2175 1515 2209 pietatem
1537 2173 1643 2204 aufert;
1660 2181 1720 2209 quze
1734 2174 1842 2200 tandem

1057 2226 1120 2246 cum
1134 2217 1246 2246 Platone
1261 2219 1417 2246 communio
1434 2226 1494 2246 esse
1507 2218 1613 2253 possit?
1626 2217 1769 2250 Quomodo
1782 2217 1844 2244 Pla-

1059 2264 1131 2292 tonis
1142 2264 1175 2292 ad
1189 2270 1306 2292 mentem
1335 2272 1500 2298 sensumque
1516 2263 1748 2298 complectendum
1772 2263 1842 2290 idem

1058 2311 1228 2343 adhortetur,
1244 2311 1370 2346 illiusque
1392 2311 1543 2338 doctrinam
1559 2310 1613 2337 ulla
1630 2317 1662 2336 ex
1688 2314 1761 2345 parte
1777 2317 1844 2336 con-

1058 2357 1164 2384 lirmet?
1178 2355 1280 2384 Contra
1296 2364 1372 2388 sane,
1388 2355 1519 2390 improbis
1539 2355 1690 2390 adjutorcm
1710 2362 1738 2382 se
1754 2355 1842 2389 palam

220 2413 288 2449 πρὸς
307 2399 403 2444 ain-liv,
423 2399 516 2448 πάρρω
541 2413 590 2448 μὲν
607 2413 696 2440 αὐτῶν
719 2399 909 2447 άὶπῴκισμένος
924 2399 952 2438 ὲν

1059 2410 1091 2429 ac
1118 2403 1228 2430 sceleris
1256 2402 1448 2429 administrum
1478 2402 1629 2436 proﬁtetur.
1656 2399 1743 2427 Homo
1769 2400 1841 2426 enim

220 2459 279 2495 ζῇν,
294 2459 437 2486 ἀποθανὼν
453 2459 481 2486 δὲ
497 2459 556 2485 οὐδὲ
568 2459 607 2486 ἔτι
623 2459 671 2490 ὢν,
687 2459 794 2494 ἕτοιμος
803 2459 836 2485 ἃν
851 2458 920 2485 ἔλθοι
936 2459 1006 2493 πρὸς

218 2506 250 2533 τὸ
263 2505 421 2543 χαρίζεσθαι
438 2507 498 2537 ταῖς
520 2505 688 2541 ἐπιθυμίαις.
715 2505 811 2531 Πίστιν
838 2504 890 2540 γὰρ
914 2504 1006 2530 λαόεἶν

255 2597 310 2633 (66)
332 2597 379 2630 Ὡς
390 2596 510 2633 γὰρούκ
523 2596 597 2623 ἔστι.
615 2595 750 2633 Homerus
766 2595 848 2633 Iliad.
864 2597 884 2626 Ι,
900 2603 924 2622 v.
939 2595 1003 2628 262,

219 2631 319 2666 quibus
338 2631 426 2659 verbis
449 2631 590 2659 Hectorem
606 2632 724 2658 Achilles
740 2631 849 2666 gravius
866 2639 932 2658 sane
953 2632 1004 2658 du-

219 2670 331 2699 riusque
342 2667 491 2694 mordebat.

255 2703 309 2739 (67)
332 2702 386 2730 Τοῦ
409 2702 604 2739 δηλωθέντος.
627 2701 812 2739 ᾼῃλιυθέντος,
833 2701 882 2728 viri
906 2709 1004 2728 nomen

217 2737 279 2766 esse
296 2739 436 2773 proprium
452 2737 617 2773 existimavit
634 2737 785 2771 Hoppcrus.

254 2772 308 2809 (68)
323 2774 452 2804 ’⁷Υπτιον,
466 2777 517 2809 rte.
535 2772 616 2800 [lecte
641 2773 688 2809 hic
702 2772 861 2799 emendasse
883 2773 948 2809 mihi
965 2773 1006 2799 vi-

217 2807 293 2841 deor,
308 2809 414 2836 ῠπτιον.
429 2807 508 2842 cujus
524 2807 708 2840 pronuntiatio
722 2815 793 2841 satpe
810 2808 1003 2834 nonnullorum

218 2845 244 2870 in
263 2852 310 2871 ore
321 2844 466 2878 degenerat
479 2843 505 2869 in
518 2842 605 2877 ὕψιον,
624 2842 719 2868 Latino
738 2850 822 2873 more,
837 2845 907 2876 quod
926 2851 1003 2869 antea

218 2877 366 2913 legebatur}
391 2878 438 2906 Est
459 2879 502 2905 hic
527 2878 632 2909 ὒπτιος,
655 2877 760 2912 planus,
782 2883 883 2908 rectus,
904 2878 1002 2911 facilis.

216 2914 362 2943 expeditus.
381 2922 434 2944 uua
451 2914 647 2945 signiﬁcatione
661 2914 758 2945 optioni
778 2913 813 2939 τῶ
829 2913 926 2944 σκολιῴ
943 2922 1004 2942 nus-

1059 2449 1183 2484 quisquis
1198 2455 1249 2482 cst,
1264 2454 1345 2484 atque
1363 2448 1490 2476 humanis
1516 2448 1712 2483 cupiditatibus
1737 2447 1841 2473 involu-

1059 2500 1120 2528 tus,
1136 2495 1158 2522 is
1173 2495 1195 2522 si
1222 2495 1288 2522 deos
1313 2495 1396 2522 semel
1412 2494 1616 2528 contempserit,
1634 2501 1684 2521 nec
1704 2500 1752 2520 eos
1764 2493 1797 2519 ad
1814 2500 1842 2519 se

1057 2598 1102 2626 sit.
1118 2598 1210 2631 Itaque
1225 2597 1304 2631 paulo
1320 2601 1391 2631 post.
1418 2605 1466 2632 pro
1488 2596 1645 2627 ἀναϐαίνει,
1666 2603 1763 2622 sensus
1786 2603 1840 2621 om-

1057 2633 1122 2660 nino
1139 2634 1257 2666 postulat
1272 2633 1304 2659 ἂν
1322 2633 1410 2668 βαίνῃ,
1425 2633 1496 2668 ("rod
1515 2632 1632 2668 reposui.

1092 2665 1160 2703 (68‘)
1181 2668 1286 2702 Ἀρχὴν
1302 2665 1332 2694 τέ
1347 2665 1498 2702 καϊμὲσα.
1517 2666 1637 2693 Platonis
1654 2666 1742 2692 locum
1760 2665 1840 2691 habet

1056 2712 1129 2734 sup.,
1145 2711 1206 2734 pag.
1221 2703 1282 2729 ἱιῦί.

1092 2711 1318 2774 i’étfiﬁtizl‘a
1332 2738 1417 2774 ἐκτὸς
1429 2738 1509 2765 ὄντα.
1518 2736 1640 2774 Mallem,
1658 2736 1750 2762 τοῦτον
1765 2735 1792 2761 δὲ
1808 2734 1839 2765 τι

1056 2772 1134 2805 ἐκτὸς
1148 2773 1222 2806 ὄντα,
1239 2773 1272 2799 τὰ
1285 2773 1314 2799 δὲ
1329 2773 1410 2800 αὑτοῦ
1426 2773 1503 2804 ἐκτὸς
1516 2772 1589 2799 ὄντα.

1162 2808 1241 2847 Forte
1255 2809 1317 2847 10:45
1330 2808 1496 2847 κρείττονας.

1093 2841 1147 2879 (71)
1167 2841 1270 2879 οὗτος.
1286 2841 1374 2879 Malim
1391 2843 1486 2875 οὓτως,
1501 2851 1561 2872 cum
1580 2843 1665 2870 altero
1678 2848 1733 2875 ,ms.

1092 2880 1148 2915 (72)
1164 2878 1243 2907 Forte
1256 2878 1406 2910 κάκείνους.
