2061 3210
239 159 305 188 1311

569 162 702 190 EUSEBU
723 163 962 191 CAESARIENSlS
981 163 1056 191 OPP.
1077 163 1168 191 PARS
1187 164 1217 190 ll.
1238 178 1272 182 —
1287 162 1537 191 APOLUGETICA.

1796 161 1864 189 1512

237 219 386 254 quidquam
414 222 550 255 pertinere
576 223 729 256 putaverit,
749 227 892 257 propterea
915 223 986 258 quod
1000 229 1026 250 et

1079 223 1142 259 περὶ
1158 223 1204 249 τοῦ
1221 222 1312 249 λαθεῖν
1325 222 1469 249 ἀδικοῦντα.
1487 224 1537 250 οὐκ
1554 222 1694 253 ἀδύνατον,
1712 221 1743 248 ἄν
1765 230 1797 256 γε
1816 222 1862 249 ἀν-

237 266 335 299 p'rocul
347 266 382 293 ab
396 266 430 293 iis
447 267 589 301 sejunctas
609 268 652 294 hic
667 268 747 301 vivat,
764 276 814 296 nec
833 273 893 303 post
913 274 1026 296 mortem

238 310 311 338 ullus
325 311 361 338 sit
372 310 500 339 futurus:
520 313 615 347 utique
636 314 716 347 genio
741 313 856 341 ﬁdenter
877 314 1025 349 indulgeat.

237 355 307 383 Nam
330 356 352 383 si
378 356 504 384 homines
519 362 622 384 tantum
647 358 758 386 fallendi
774 364 864 391 erunt,
889 359 958 386 nihil
975 360 1028 387 erit

237 402 361 435 omnino,
385 403 562 437 quamobrem
581 412 638 437 eos,
655 412 717 431 eum
742 405 865 439 improbe
881 405 970 438 faciet,
987 406 1027 432 la-

238 451 295 474 tere
309 455 338 474 se
355 455 437 482 posse
451 448 576 483 desperet
594 459 600 476 :
628 451 682 477 into
705 458 755 478 nec
778 451 911 478 latebram
933 452 1028 479 sceleri

237 493 385 521 admodum
401 496 576 528 quaerendam
592 497 707 531 putabit,
731 498 754 525 si
770 505 802 525 ex
817 498 850 525 iis
866 499 911 532 qui
930 499 1027 533 depre-

239 538 393 571 henderint.
405 545 497 568 tenere
512 550 543 569 ac
558 543 686 570 cohibere
701 551 780 570 nemo
795 544 902 578 poterit.
916 545 953 571 Ita
963 544 1029 571 faci—

238 586 272 613 lis
289 587 436 614 admodum
455 595 488 615 ac
502 589 631 623 proclivis
645 591 677 616 ad
689 590 888 624 improbitatem
900 591 923 617 ei
936 590 1028 625 lapsus

237 636 289 665 est,
320 633 366 668 qui
395 634 428 661 de
451 633 622 662 Providentia
648 644 723 670 spem
755 645 864 663 omnetn
888 637 1026 671 abjecerit.

237 677 356 706 Prorsus
372 680 444 706 enim
462 678 596 713 videlicet,
621 683 661 708 vir
687 682 775 709 bonus
796 683 841 710 ille
867 683 902 710 sit
918 691 1028 711 necesse

237 729 289 758 est,
304 725 350 760 qui
365 731 510 761 postquam
528 728 607 754 nobis
635 728 801 763 Voluptatem
818 729 881 756 hinc
898 735 1026 764 tanquam

238 771 340 798 bonum
375 773 486 807 aliquod
515 775 685 808 porrexerit,
719 775 804 802 Deum
832 776 894 804 inde
923 782 1025 804 metum

237 825 345 844 onmem
366 819 522 852 sustulerit;
536 821 697 854 prohibendi
722 826 812 848 tamen
830 823 941 850 sceleris
955 824 1026 851 viam

237 863 289 890 sibi
302 864 392 892 adhuc
403 869 431 892 et
446 866 578 893 rationem
592 867 711 902 aliquam
728 873 922 902 reprmscntare
937 869 1028 896 videa-

237 914 294 938 tur.
310 909 426 938 Perinde
451 912 564 939 omnino
582 920 614 939 ac
632 913 655 940 si
674 913 796 941 medicus
813 914 933 949 aliquis,
950 921 1027 950 post-

237 963 319 990 quam
333 962 436 992 ψει-οιο
452 958 553 985 nullam
571 958 635 985 dum
649 959 737 986 adhuc
752 960 940 995 viveretopcm
956 967 1027 988 attu-

238 1002 316 1030 lisset
332 1012 338 1029 :
353 1004 490 1031 exstincto
507 1005 616 1032 demunt
632 1006 709 1033 novis
728 1006 833 1034 artibus
850 1007 964 1034 salutem
981 1016 1025 1042 pa-

237 1054 321 1075 raret.
336 1048 487 1077 Persimilis
500 1052 593 1086 utique
606 1051 777 1086 Peripatetici
790 1053 875 1080 nostri
892 1054 961 1080 ratio
974 1059 1025 1081 est.

237 1094 292 1121 Nec
304 1095 375 1122 enim
389 1100 494 1124 tantum
511 1105 630 1132 unquam
643 1106 677 1125 ex
694 1098 840 1133 voluptatis
851 1101 1026 1135 appetitione,

236 1146 369 1174 quantum
384 1149 416 1169 ex
432 1143 530 1170 divina;
554 1143 734 1172 Providentia:
757 1146 901 1180 negatione
921 1146 1028 1174 roboris

237 1183 402 1219 improbitati
419 1195 450 1215 ac
468 1188 565 1215 virium
593 1190 749 1218 accesserit.
774 1190 845 1224 Quid
862 1199 938 1227 ergo,
957 1193 1029 1220 dicat

238 1231 350 1266 aliquis,
366 1237 393 1260 tu
406 1235 500 1261 eodem
527 1235 552 1262 in
570 1236 629 1264 loco
644 1237 831 1271 Aristotelem,
850 1247 905 1274 quo
927 1239 1028 1274 Epicu-

237 1284 298 1303 rum
314 1278 459 1307 liabiturus
471 1281 522 1307 es?
538 1281 684 1310 Enimvero
708 1284 804 1311 eodem
816 1304 824 1315 .
850 1285 903 1312 hoc
917 1286 1027 1320 quidem

236 1323 264 1349 in
281 1330 386 1357 genere.
399 1324 466 1352 Nam
475 1328 599 1361 obsecro,
611 1333 705 1356 nostra
723 1330 787 1364 quid
801 1331 922 1365 interest,
936 1336 1027 1360 utrum

235 1375 270 1395 ex
285 1370 387 1398 mundo
411 1371 516 1400 Numen
544 1375 727 1409 extermines,
753 1377 888 1411 nobisque
913 1385 976 1405 eum
995 1386 1028 1406 eo

237 1416 440 1445 communionis
471 1419 611 1460 relinquas
638 1413 705 1447 nihil
729 1431 736 1448 :
763 1429 798 1449 an
831 1431 901 1458 quos
932 1425 1027 1452 eodem

237 1462 341 1490 mundo
360 1463 426 1491 deos
441 1464 595 1497 incluseris,
606 1475 653 1494 eos
666 1468 700 1495 ab
715 1470 789 1496 omni
803 1474 936 1497 terrarum
954 1478 1028 1498 enm-

238 1509 341 1537 mercio
353 1518 475 1546 curaque
501 1513 682 1541 submoveas?
702 1514 828 1550 [Equalis
851 1517 977 1545 videlicet
995 1525 1027 1546 ex

238 1558 355 1589 utraque
370 1556 506 1589 doctrina,
524 1566 586 1585 cum
606 1559 632 1586 in
648 1560 700 1588 diis
714 1561 859 1589 hominum
881 1564 1026 1599 neglectio,
1043 1571 1062 1598 ε

239 1604 295 1627 tum
310 1601 394 1628 divini
411 1607 500 1630 metus
513 1604 539 1630 in
552 1604 684 1640 improbis
696 1607 819 1635 vacuitas
834 1615 1027 1645 consequetur.

240 1645 307 1673 Nam
325 1648 398 1682 quod
415 1656 448 1676 ex
465 1650 509 1681 iis,
534 1650 599 1677 dum
616 1651 643 1678 in
662 1652 732 1680 coelo
746 1659 906 1687 versantur,
923 1655 1028 1684 frui-lus

239 1692 342 1727 aliquid
367 1702 418 1721 nos
447 1695 528 1723 etiam
554 1697 696 1732 capiamus
717 1709 723 1726 :
745 1700 843 1735 primo,
873 1703 1029 1732 totumhoc

238 1738 318 1765 nobis
333 1747 395 1766 cum
419 1741 502 1768 rebus
527 1750 581 1769 non
600 1744 705 1772 ratione
734 1749 854 1778 tantum,
873 1748 920 1775 sed
946 1749 1027 1777 etiam

237 1784 293 1811 vita
307 1786 464 1814 carentibus
481 1795 627 1817 commune
636 1795 694 1823 est;
709 1791 816 1826 deinde,
831 1793 947 1822 similem
961 1803 1029 1830 quo-

238 1837 292 1864 que
308 1838 322 1857 a
334 1831 387 1858 diis
398 1839 476 1866 opem
495 1834 651 1863 hominibus
662 1836 796 1871 Epicurus
805 1840 931 1867 ostendit.
947 1842 1029 1877 800

239 1875 304 1908 Quae
324 1878 395 1904 enim
414 1886 446 1905 ex
464 1879 517 1907 illis
544 1882 647 1916 optima
671 1883 812 1916 deﬂuunt,
840 1886 940 1921 quibus

238 1924 413 1959 contigerint,
430 1925 579 1961 ingentium
597 1928 730 1956 bonorum
746 1937 844 1959 causas
859 1940 920 1960 esse
937 1934 1026 1963 docet.

238 1968 413 1997 Atneutrum
427 1972 550 2006 profecto
567 1974 621 2001 ulla
639 1975 666 2002 in
686 1974 866 2006 Providentia:
891 1985 968 2014 parte
982 1989 1026 2008 re-

237 2016 396 2049 ponendum
411 2022 461 2044 est.
481 2019 553 2051 Nam,
566 2020 588 2046 si
603 2028 635 2047 ex
653 2020 762 2056 Epicuri
777 2028 875 2058 mente,
893 2030 921 2052 ut
935 2026 962 2053 in
980 2027 1028 2054 bo-

238 2067 337 2087 norum
354 2069 466 2089 suorum
481 2065 690 2093 conservatione
703 2074 812 2094 omnem
826 2076 840 2096 a
856 2069 908 2098 diis
923 2071 1026 2099 solliei-

238 2106 359 2134 tatdinem
378 2107 501 2136 adhiberi
516 2110 590 2141 velit,
611 2110 734 2140 funditus
751 2117 838 2141 tamen
854 2114 1026 2145 Providentia

238 2153 360 2187 tollitur;
385 2154 496 2182 tollatur
523 2156 616 2184 eadem
646 2158 804 2188 Aristotelis
831 2169 863 2188 cx
891 2165 1025 2192 sententia

239 2206 350 2226 necesse
363 2203 415 2231 est,
440 2201 546 2228 tametsi
563 2209 654 2229 rerum
678 2203 703 2229 in
720 2204 872 2232 ccelestium
892 2207 1026 2241 guberna-

238 2244 313 2271 tione
337 2245 442 2273 ordinis
466 2246 566 2281 aliquid
584 2252 754 2289 ornatusque
774 2251 906 2279 videatur.
925 2253 959 2280 At
975 2262 1026 2281 nos

237 2298 309 2324 eam,
329 2299 389 2326 quae
405 2298 498 2320 nostra
515 2294 634 2327 intersit,
652 2294 853 2324 Providentiam
864 2300 1024 2334 quaerimus,

237 2345 291 2371 qua
311 2345 376 2365 sane
397 2344 489 2367 careat
521 2346 642 2376 oportet,
670 2343 716 2377 qui
745 2351 794 2370 nec
818 2343 954 2374 dtmnones
979 2352 1026 2374 aut

238 2383 345 2417 heroes,
359 2393 409 2412 nec
423 2386 530 2414 animos
545 2395 658 2422 prorsus
675 2389 746 2417 ullos
763 2391 944 2425 sempiternos
964 2401 1025 2422 esse

238 2429 378 2457 concedat.
404 2429 437 2457 Et
460 2439 536 2464 vero,
553 2440 596 2460 me
616 2434 727 2469 judice,
756 2438 936 2466 verecundius
962 2438 1026 2466 fecit

237 2473 382 2508 Epicurus,
396 2476 442 2511 qtti
455 2477 527 2512 quod
543 2478 601 2506 ﬁeri
617 2487 699 2514 posse
712 2481 877 2516 desperaret,
894 2484 932 2511 uti
950 2492 978 2512 se
991 2485 1025 2513 ab

238 2521 380 2550 hominum
392 2530 469 2556 cura,
490 2525 513 2552 si
530 2525 614 2553 semel
639 2534 700 2554 cum
722 2527 756 2555 iis
770 2536 954 2565 versarentur,
978 2540 1024 2559 su-

273 2632 330 2667 (75)
348 2634 427 2662 Forte
442 2637 503 2664 add.
517 2638 580 2664 οὐδ’.

276 2668 331 2701 (74)
345 2669 424 2696 Forte
437 2672 496 2698 add.
511 2673 569 2699 οὐκ.

276 2670 320 2701 (74
345 2670 424 2696 Forte
437 2672 496 2698 add.
511 2673 569 2699 οὐκ.

347 2706 596 2746 Χρηστός-ὲιγτιν.
620 2710 716 2740 Forte.
739 2711 870 2746 χρηστός,
892 2713 943 2740 hoc
963 2713 1024 2740 loco

239 2741 460 2780 ZanﬂCLYulgo,
473 2743 598 2780 plaismtt,
615 2741 748 2780 gracieux'.

287 2773 331 2810 76)
347 2773 428 2810 Forte
439 2773 490 2804 dei.
505 2779 588 2810 τινας.

287 2778 331 2809 Ἰϋ)
348 2778 428 2801 Forte
439 2778 490 2804 del.
505 2779 588 2810 τινας.
615 2778 624 2780 ἡ

276 2778 332 2854 (77.)
402 2809 436 2854 δὲ
450 2815 722 2854 ξιιιςουμένων-τῶιζ,
736 2821 788 2854 etc.
808 2817 837 2844 Si
859 2819 1022 2854 κινουμένων

243 2844 411 2888 placctLIrge
427 2847 515 2888 αὑτων
533 2844 680 2888 ’ωηο-,τῶι
694 2844 747 2888 Sed
772 2857 891 2886 prwstat,
914 2844 1021 2888 opinor,

243 2887 304 2907 cum
317 2880 402 2909 altero
412 2890 463 2911 ms.
479 2880 582 2919 Pegfet
594 2885 709 2914 Montac.
724 2880 820 2922 legere,
836 2888 866 2914 τὺ
879 2880 900 2915 8*
912 2880 1022 2916 ἐκείνων

1079 268 1204 304 θρώπους
1225 268 1272 304 δὲῃ
1291 269 1446 295 λανθάνειν·
1462 269 1492 294 οὐ
1520 267 1572 304 μὴν
1593 268 1647 302 (75)
1670 268 1817 300 ἀναγκαῖον
1832 269 1865 294 ἐκ

1079 314 1180 346 παντὸς
1193 314 1284 341 λαθεῖν
1297 314 1400 350 ζητεῖν,
1415 315 1483 340 ὅπου
1498 315 1529 348 γέ
1543 323 1584 346 τις
1598 314 1652 340 τῶν
1664 313 1864 349 πεζωρακότων

1078 360 1188 394 κρατεῖν
1205 359 1316 391 δυνατός
1339 359 1394 395 (74)
1407 360 1491 386 ἐστιν.
1508 359 1588 385 Ὥστε
1604 359 1714 394 ἕτοιμόν
1730 367 1755 384 τι
1771 358 1865 394 χρῆμα

1079 406 1147 441 πρὸς
1169 406 1277 433 ἀδικίαν
1299 406 1382 441 ήτῆς
1402 405 1533 441 Προνοίας
1555 406 1720 439 ἀπόγνωσις.
1750 404 1865 435 Ἐκεῖνος

1080 451 1129 486 μὲν
1141 452 1195 486 γὰρ
1211 452 1258 478 καὶ
1272 451 1342 478 πάνυ
1355 452 1471 487 χρηστός
1482 453 1554 477 ἐστιν
1563 451 1617 486 (75)
1625 452 1697 482 ὅστις
1708 451 1758 486 τὴν
1770 450 1865 486 ἡδονὴν

1077 498 1144 532 ἡμῖν
1164 497 1308 533 προτείνας
1325 497 1364 528 ὡς
1378 497 1490 531 ἀγαθὸν,
1511 497 1558 523 καὶ
1573 497 1621 532 τὴν
1640 497 1671 523 ἐκ
1691 496 1759 523 θεῶν
1776 496 1867 522 ἄδειαν

1079 542 1296 577 παρασχόμενος,
1313 542 1352 569 ἔτι
1371 542 1495 578 μηχανὴν
1509 542 1576 578 πρὸς
1593 542 1623 568 τὸ
1647 543 1684 577 μὴ
1704 541 1806 568 ἀδικεῖν
1821 550 1867 567 πο-

1080 587 1165 623 ρίζειν
1186 588 1289 614 οἴεται·
1304 588 1396 624 ὅμοιόν
1418 597 1444 614 τι
1472 588 1557 614 ποιῶν
1575 589 1670 624 ἰατρῷ,
1699 589 1748 624 τὴν
1763 588 1813 623 μὲν
1829 587 1866 614 ἑτι

1079 634 1179 666 ζῶντος
1198 634 1244 660 τοῦ
1260 634 1410 669 κάμνοντος
1428 634 1552 670 βοήθειαν
1564 635 1687 670 παρέντι,
1704 634 1771 669 μετά
1787 633 1866 660 om.

1077 688 1122 706 τον
1139 680 1167 706 δὲ
1187 680 1296 706 πλέκειν
1318 679 1394 711 τινὰς
1416 679 1470 714 (76)
1493 680 1542 715 μὲν
1566 680 1689 716 μηχανὰς
1707 679 1869 714 πειρωμένῳ

1078 725 1146 760 πρὸς
1160 726 1296 761 σωτηρίαν
1307 726 1353 752 τοῦ
1364 726 1521 758 τεθνεωτος.
1530 725 1732 763 Παραπλησίως
1741 726 1770 752 δὲ
1782 725 1869 760 τούτῳ

1078 772 1125 798 καὶ
1139 772 1153 798 ὁ
1166 772 1393 808 Περιπατητικός.
1412 773 1448 800 Οὐ
1466 773 1520 808 γὰρ
1536 773 1622 804 οὕτως
1636 773 1651 807 ή
1670 772 1734 806 περὶ
1750 771 1798 806 τὴν
1813 771 1870 805 ἠδο-

1078 818 1126 853 νὴν
1145 818 1257 853 σπουδὴ,
1272 818 1309 850 ὡς
1371 819 1435 855 περὶ
1449 819 1479 845 τὸ
1491 819 1578 851 Θεῖον,
1603 819 1644 845 ὅτι
1666 817 1784 853 κήδοιτο,
1805 817 1868 843 dm-

1080 864 1151 896 στία,
1171 864 1221 899 τὴν
1247 864 1354 892 ἀδικίαν
1375 864 1567 901 ἐπιρρώννυσι.
1587 865 1619 891 Τί
1640 863 1686 891 οὖν
1699 883 1705 895 ,
1724 864 1811 899 φήσαι
1828 871 1870 893 τις

1079 908 1122 939 ἂν,
1143 911 1171 936 ἐν
1194 910 1285 945 ταύτῴ
1302 910 1394 946 θήσεις
1416 911 1606 946 Ἀριστοτέλην
1623 911 1669 938 καὶ
1689 910 1868 944 Ἐπίκουρον;

1080 954 1154 981 Πάνυ
1177 955 1225 990 μὲν
1242 954 1299 988 οὖν,
1326 955 1363 988 ὤς
1380 964 1411 990 γε
1427 955 1494 991 πρὸς
1507 956 1537 982 τὺ
1550 955 1736 992 προκείμενον.
1763 954 1795 980 Τί
1817 953 1870 988 γὰρ

1079 1000 1199 1036 διαφέρει
1217 1001 1285 1037 πρὸς
1302 1003 1387 1037 ἡμᾶς,
1400 1002 1416 1038 ἢ
1430 1003 1475 1029 τοῦ
1499 1003 1601 1038 κόσμου
1625 1003 1654 1029 τὸ
1671 1002 1746 1028 Θεῖον
1772 1000 1870 1033 ἐξοικί-

1081 1047 1188 1078 σασθαι,
1208 1048 1255 1074 καὶ
1266 1048 1400 1084 μηδεμίαν
1415 1050 1480 1084 ἡμῖν
1492 1049 1558 1085 πῴς
1571 1049 1636 1075 αὐτὸ
1647 1048 1790 1075 κοινωνίαν
1802 1047 1870 1073 ἀπο-

1080 1091 1177 1123 λιπεῖν,
1190 1093 1206 1128 ἣ
1221 1094 1249 1119 εν
1264 1094 1359 1130 κόσμῳ
1374 1095 1437 1125 τοὺς
1454 1095 1531 1126 θεοὺς
1543 1095 1734 1131 καθείρξαντα,
1752 1095 1806 1122 τῶν
1825 1093 1871 1120 ἐπὶ

1079 1141 1132 1176 γῆς
1147 1141 1316 1176 πραγμάτων
1330 1142 1500 1177 ἀποστῆσαι;
1516 1141 1584 1168 Κατ’
1599 1142 1654 1168 ἴσον
1676 1141 1731 1177 γὰρ
1749 1141 1870 1177 ἀμφοτέ-

1081 1195 1138 1222 ροις
1151 1187 1180 1213 τὸ
1193 1187 1225 1213 ἐκ
1236 1187 1304 1213 θεῶν
1321 1187 1420 1223 ἀμελὲς
1436 1188 1475 1219 εἰς
1489 1188 1552 1219 τοὺς
1566 1187 1725 1224 ἀνθρώπους
1735 1208 1742 1219 ,
1763 1189 1810 1216 καὶ
1826 1189 1870 1226 ἴση

1080 1234 1134 1264 τοῖς
1146 1233 1283 1259 ἀδικοῦσιν
1294 1233 1348 1260 ἀπὸ
1359 1233 1413 1260 τῶν
1426 1233 1494 1260 θεῶν
1510 1233 1596 1260 ἄδεια.
1611 1234 1647 1260 Τὸ
1662 1234 1689 1260 δὲ
1703 1235 1871 1270 κινουμένων

1080 1277 1133 1304 τῶν
1143 1278 1197 1313 (77)
1207 1279 1268 1305 κατ’
1279 1279 1393 1314 οὐρανὸν
1407 1279 1454 1305 καὶ
1466 1279 1540 1314 ἡμᾶς
1547 1288 1573 1305 τι
1586 1279 1703 1314 χρηστὸν
1714 1279 1868 1307 ἀπολαύειν·

1082 1324 1199 1359 μάλιστα
1218 1325 1269 1360 μὲν
1284 1325 1371 1351 κοινὸν
1391 1325 1437 1352 καὶ
1453 1325 1557 1358 ἀλόγων
1574 1325 1621 1352 καὶ
1635 1326 1761 1360 ἀψύχων·
1778 1327 1830 1362 ἦδη
1843 1326 1871 1352 δὲ

1079 1370 1165 1407 ταύτῃ
1179 1379 1221 1405 γε,
1237 1371 1283 1398 καὶ
1295 1371 1354 1398 κατ’
1372 1371 1532 1407 Ἐπίκουρον
1545 1371 1637 1407 ὄνησις
1648 1374 1703 1404 τοῖς
1717 1372 1871 1407 ἀνθρώποις

1080 1417 1133 1444 ἀπὸ
1156 1417 1224 1444 θεῶν
1249 1417 1363 1452 γίνεται.
1388 1418 1443 1449 Τὰς
1461 1418 1527 1452 γοῦν
1556 1418 1692 1453 βελτίονας
1720 1419 1871 1455 ἀπορροίας

1079 1463 1168 1490 αὐτῶν
1191 1472 1256 1498 φασι
1273 1465 1327 1495 τοῖς
1345 1463 1507 1498 μετασχοῦσι
1531 1464 1655 1499 μεγάλων
1672 1465 1782 1499 ἀγαθῶν
1800 1474 1871 1502 παρ-

1078 1510 1169 1541 αιτίας
1181 1509 1318 1544 γενέσθαι.
1340 1510 1409 1536 Ἀλλ’
1425 1509 1487 1536 οὗτε
1499 1509 1605 1543 τοῦτον,
1622 1509 1683 1537 οὔτε
1699 1512 1800 1538 ἐκεῖνον
1815 1511 1870 1546 (78)

1079 1554 1182 1582 δίκαιον
1200 1556 1229 1582 ἐν
1244 1555 1376 1589 Προνοίας
1399 1555 1573 1591 ἀριθμεῖσθαι
1597 1556 1680 1591 λόγῳ.
1707 1557 1794 1593 Εἶπερ
1816 1557 1870 1593 γὰρ

1080 1602 1127 1628 καὶ
1141 1601 1200 1628 κατ’
1220 1601 1380 1637 Ἐπίκουρον
1394 1602 1424 1628 τὺ
1437 1602 1486 1638 τῆς
1501 1603 1632 1638 Προνοίας
1649 1603 1762 1639 οἴχεται,
1782 1605 1871 1632 καίτοι

1079 1647 1132 1674 τῶν
1149 1647 1217 1674 θεῶν
1241 1648 1301 1674 κατ’
1316 1648 1396 1674 αὑτὸν
1419 1649 1510 1675 πᾶσαν
1540 1649 1704 1685 κηδεμονίαν
1729 1650 1799 1686 ὑπὲρ
1820 1651 1870 1686 τῆς

1081 1693 1216 1730 σωτηρίας
1234 1694 1286 1721 τῶν
1305 1694 1413 1721 οἰκείων
1426 1695 1537 1729 ἀγαθῶν
1550 1696 1766 1732 εἰσφερομένων’
1785 1696 1871 1729 οὕτως

1079 1741 1111 1767 ἂν
1129 1741 1227 1776 οἴχοιτο
1242 1742 1288 1767 καὶ
1298 1741 1357 1767 κατ’
1379 1742 1568 1778 Ἀριστοτέλην
1581 1743 1611 1768 τὸ
1627 1742 1674 1778 τῆς
1690 1743 1833 1778 Προνοίας,
1846 1744 1870 1770 ει

1079 1787 1126 1813 καὶ
1142 1787 1175 1813 τὰ
1188 1787 1248 1813 κατ’
1260 1787 1374 1823 οὐρανὸν
1391 1789 1420 1814 ἐν
1433 1787 1508 1820 τάξει
1525 1789 1577 1815 τινὶ
1592 1789 1638 1816 καὶ
1653 1789 1747 1825 κόσμῳ
1761 1790 1870 1816 διοικεῖ-

1075 1841 1132 1870 you.
1149 1833 1279 1869 Πρόνοιαν
1292 1833 1346 1869 γὰρ
1358 1833 1492 1869 ζητοῦμεν
1507 1835 1573 1870 ἡμῖν
1587 1835 1781 1871 διαφέρουσαν,
1792 1834 1826 1872 ἧς
1839 1837 1870 1863 οὗ

1080 1879 1189 1914 μέτεστι
1203 1880 1242 1915 τῷ
1262 1881 1330 1916 μήτε
1345 1880 1485 1916 δαίμονας,
1501 1882 1569 1917 μήτε
1593 1882 1696 1918 ἥρωας,
1719 1883 1787 1918 μήτε
1803 1883 1870 1914 ὅλως

1079 1925 1260 1961 ἐπιδιαμένειν
1288 1926 1417 1954 δύνασθαι
1442 1927 1491 1959 τὰς
1515 1927 1603 1963 ψυχὰς
1635 1930 1868 1965 σνγκεχωρηκότι.

1085 1973 1188 2000 Ἐκεῖνο
1205 1973 1233 2000 δέ
1259 1983 1303 2009 μοι
1324 1976 1404 2010 κριτῇ
1425 1976 1473 2002 καὶ
1496 1976 1738 2012 αἰσχυντηλότερον
1753 1978 1767 2004 ὁ
1793 1977 1868 2004 Ἐπί-

1078 2026 1175 2054 κουρος
1189 2019 1263 2046 δοκεῖ
1279 2021 1469 2055 πεποιηκέναι.
1492 2022 1596 2058 Ὥσπερ
1615 2022 1669 2058 γὰρ
1680 2023 1816 2057 ἀπογνοὺς
1828 2023 1869 2050 δύ-

1078 2065 1248 2098 νασθαιτοὺς
1265 2066 1342 2099 θεοὺς
1359 2067 1527 2103 ἀποσχέσθαι
1545 2069 1593 2103 τῆς
1618 2069 1768 2105 ἀνθρώπων
1788 2071 1867 2106 κηδε-

1079 2111 1182 2146 μονίας,
1202 2113 1241 2144 εἰς
1256 2113 1354 2139 ταύτὸν
1368 2113 1495 2146 ἐλθόντας
1508 2115 1611 2147 αὺτοῐςζ
1627 2115 1753 2152 καθάπερ
1766 2117 1806 2148 εἰς
1822 2117 1867 2143 ἀλ-

1077 2157 1196 2192 λοδαπὴν
1220 2159 1354 2194 ἀπῴκισε,
1375 2160 1422 2186 καὶ
1441 2160 1494 2193 ἔξω
1521 2170 1571 2188 που
1600 2161 1647 2188 τοῦ
1664 2163 1766 2198 κόσμου
1790 2163 1867 2190 καθί-

1077 2202 1168 2238 δρυσε,
1184 2203 1214 2229 τὸ
1238 2204 1420 2239 ἀπάνθρωπον
1437 2205 1527 2231 αὐτῶν
1544 2206 1577 2241 τῇ
1597 2207 1746 2233 ἀποστάσει
1772 2207 1818 2234 καὶ
1833 2209 1866 2243 τῇ

1041 2248 1065 2276 D
1079 2248 1145 2283 πρὸς
1164 2248 1237 2275 ἅπαν
1265 2250 1448 2286 ἀκοινωνησίᾳ
1463 2250 1518 2286 (79)
1539 2252 1765 2287 παραιτούμενος.
1795 2254 1823 2280 ‘0
1837 2253 1865 2280 δὲ

1078 2294 1203 2329 περιττὸς
1226 2295 1291 2330 ἡμῖν
1305 2292 1381 2328 οὗτος
1407 2296 1457 2332 τῆς
1470 2296 1579 2332 φύσεως
1602 2297 1724 2334 εὑρετὴς,
1741 2300 1788 2326 καὶ
1811 2299 1866 2326 τῶν

1077 2339 1156 2366 θείων
1169 2341 1338 2375 πραγμάτων
1364 2341 1528 2378 ἐπιγνώμων
1551 2343 1689 2378 ἀκριϐὴς,
1715 2344 1760 2370 ὑπ’
1781 2344 1864 2379 αὐτὴν

1076 2385 1124 2421 τὴν
1141 2386 1201 2420 ὄψιν
1212 2386 1266 2413 τῶν
1278 2386 1346 2414 θεῶν
1360 2388 1395 2415 τὰ
1408 2388 1565 2424 ἀνθρώπινα
1576 2389 1726 2425 πράγματα
1743 2391 1862 2423 ὑποθεὶς,

1076 2431 1167 2457 εἴασεν
1179 2431 1339 2468 ἀτημέλητα
1355 2433 1402 2459 καὶ
1419 2434 1594 2470 ἀφρόντιστα,
1612 2434 1693 2469 φύσει
1707 2436 1761 2462 τινὶ
1778 2436 1863 2462 ιο·ιίοὑ

1077 2477 1141 2512 Θείῳ
1157 2477 1279 2514 λογισμῷ
1294 2479 1476 2514 διοικούμενα.
1488 2479 1568 2507 Ὅθεν
1583 2480 1696 2512 εἰκότως
1707 2481 1739 2508 ἂν
1754 2481 1801 2508 καὶ
1812 2482 1862 2508 αὑ-

1076 2522 1120 2555 τὸς
1137 2524 1192 2550 οὐδ’
1209 2524 1297 2550 ἐκεῖνο
1311 2524 1342 2550 τὸ
1356 2524 1481 2560 ἔγκλημα
1496 2525 1621 2560 ἐκφύγοι,
1639 2526 1654 2552 ὃ
1664 2527 1724 2553 κατ’
1742 2527 1864 2554 Ἐπίκου-

1077 2647 1275 2690 μενόχτωννκατ
1299 2656 1421 2687 ούρανον,
1439 2653 1490 2690 etc.
1512 2683 1518 2690 ἱ
1557 2683 1567 2689 _
1653 2683 1662 2690 _
1750 2683 1757 2690 ‘
1840 2684 1847 2690 .

1111 2682 1166 2717 (78)
1184 2683 1258 2709 οὔτε
1278 2682 1396 2714 τοῦτον,
1423 2684 1492 2710 οὔτε
1506 2683 1630 2710 ἐκεῖνον.
1652 2683 1805 2717 Legendum
1822 2684 1863 2710 vi-

1074 2717 1152 2754 detur
1167 2717 1226 2744 οῡτε
1239 2718 1328 2751 τοῦτο,
1346 2718 1407 2745 οὕτε
1423 2720 1519 2752 ἐκεῖνο,
1537 2719 1643 2746 tametsi
1659 2720 1766 2754 vulgata
1781 2719 1862 2747 lectio

1075 2752 1137 2779 ferri
1152 2754 1248 2787 possit.

1111 2788 1165 2823 (79)
1186 2789 1278 2815 Ἄπαν
1296 2789 1509 2823 axon-urnula.
1526 2788 1563 2816 Ita
1586 2797 1620 2816 ex
1640 2789 1728 2816 altero
1745 2797 1797 2816 ms.
1818 2797 1860 2817 re-

1074 2824 1164 2865 posui,
1180 2831 1242 2865 curn
1265 2832 1408 2865 perperam
1420 2829 1489 2865 “ante
1507 2825 1659 2865 legeretur,
1676 2824 1785 2865 ἅπαντα
1805 2833 1862 2851 κοι-

1073 2858 1166 2894 νωνίᾳ,
1183 2859 1283 2893 quibus
1301 2867 1333 2888 ex
1354 2859 1442 2888 verbis
1465 2858 1618 2888 contrarius
1631 2859 1745 2891 omnino
1761 2867 1863 2888 sensus

1073 2894 1229 2923 exsistebat.
