2061 3210
199 197 268 223 1515

777 189 936 217 tumuli.
959 189 1084 217 EVANG.
1106 186 1169 215 LIB.
1193 189 1250 215 xv.

1749 189 1820 219 BM

199 256 244 293 ρόν
261 253 315 291 (80)
329 262 399 286 τινες
418 253 607 289 μαντεύονται*
626 253 663 284 ὡς
683 253 736 287 ἄρα
757 251 794 287 μὴ
814 251 884 277 κατὰ
910 251 981 285 γνώ-

1034 251 1089 285 peri
1115 250 1294 283 abstinerent,
1321 257 1368 277 eos
1384 250 1423 277 sic
1444 255 1573 285 tanquam
1601 251 1627 278 in
1646 251 1818 286 peregrinum

200 309 263 338 μην,
282 299 349 328 ἀλλὰ
358 300 402 327 διὰ
413 300 444 326 τὸ
451 300 519 335 πρὸς
532 298 684 338 ἀνθρώπων
698 298 756 329 δέος
768 299 823 328 τοῖς
837 297 908 328 θεοῖς
920 305 980 323 κατ-

199 336 306 381 ένειμεν
323 346 351 372 ὲν
366 344 404 380 τῴ
414 345 496 371 παντὶ
516 336 618 380 χώραν,
635 344 730 378 ὥσπερ
740 344 768 368 ἐν
785 342 891 377 θεάτρῳ
905 341 980 368 θέαν.

199 392 353 427 Τεκμήριον
367 391 395 417 δὲ
405 390 543 417 ποιοῦνται
563 389 612 425 τῆς
624 389 735 424 γνώμης
749 387 796 415 τοῦ
815 387 920 421 ἀνδρὸς,
941 387 982 413 ὅτι

198 438 286 465 αὐτῶν
304 438 394 473 ἀφεῖλε
409 438 457 474 τὴν
474 437 540 472 πρὸς
558 437 630 472 ἡμᾶς
643 436 792 471 ἐνέργειαν,
804 434 834 466 ἐξ
851 432 885 470 ἧς
899 433 983 468 μόνης

199 485 229 511 τὺ
248 483 390 516 εἶναιτοὺς
404 484 480 515 Θεοὺς
496 483 592 518 ἔμελλε
608 482 657 518 τὴν
673 482 780 508 δικαίαν
797 481 887 506 πίστιν
901 479 981 511 ἕξειν,

200 531 236 558 Τὸ
250 530 304 566 γὰρ
319 530 384 557 αὐτὸ
398 530 474 556 τοῦτο
489 530 534 556 καὶ
553 528 737 565 Ἀριστοτέλης
751 528 831 553 ποιεῖ.
852 526 985 561 ’Λποστή-

200 586 249 609 σας
267 577 320 612 γὰρ
333 576 398 612 (8|),
414 576 460 602 καὶ
482 575 616 611 παραδοὺς
642 574 701 609 ὕψει
718 573 785 608 μόνῃ
806 573 855 607 τὴν
882 572 982 603 πίστιν,

199 623 342 660 πράγματι
355 622 456 658 κρίνειν
473 621 580 647 ἀσθενεῖ
594 620 628 646 τὰ
644 620 676 646 ὲκ
695 617 822 644 τοσούτου
837 617 984 652 διαστήμα-

199 677 253 702 τος,
266 669 324 704 τάχ’
338 668 370 695 ἂν
381 668 449 694 αἰδοῖ
463 666 553 702 δοκοίη
568 666 657 699 λέγειν
672 663 789 690 ἐνταῦθα
806 660 876 690 εἶναι
895 661 982 693 θεοὺς.

199 716 236 742 (ὶῦ
251 715 305 751 γὰρ
319 714 459 742 ἀπολιπὼν
472 714 523 746 ἔξω
537 722 562 739 τι
577 712 624 739 τοῦ
644 711 756 746 κόσμου,
779 709 836 736 ἀλλ’
850 708 909 735 οὐδὲ
929 709 984 738 τοῖς

199 761 246 786 ἐπὶ
256 761 306 795 γῆς
317 759 498 796 προσαγαγὼν
516 759 579 790 τοὺς
592 757 679 789 θεοὺς,
698 757 820 791 ἀνάγκην
833 754 911 789 ἔσχεν
926 754 984 789 ἢτοι

200 807 371 833 παντάπασιν
388 807 465 837 ἄθεος
485 804 556 832 εἶναι
574 804 723 840 ὁμολογεῖν,
735 803 752 838 ἦ
765 801 811 828 τοῦ
827 801 913 827 δοκεῖν
928 799 984 834 (82)

200 853 340 879 ἀπολιπεῖν
356 852 432 884 Θεοὺς
446 852 523 884 δόξαν
539 849 698 882 ἀνασώζειν,
717 846 833 874 ἐνταῦθά
852 855 902 872 που
923 845 985 876 τοὺς

200 899 277 930 Οεοῦς
292 897 444 929 ἀποικίσας.
461 898 489 923 Ὀ
501 897 584 932 δὲτὴν
595 896 647 922 τῶν
665 893 825 930 κρειττόνων
844 891 984 927 ἀκρίϐειαν

1033 297 1144 331 aliquod
1171 296 1259 323 solum
1279 295 1434 331 ablegatos,
1457 302 1531 323 extra
1561 298 1692 324 mundum
1719 298 1818 325 alicubi

1034 342 1189 374 collocarit;
1219 349 1326 369 omnem
1343 341 1378 368 ab
1397 342 1431 369 iis
1454 341 1663 369 inbumanitatis
1685 343 1819 376 suspicio-

1033 396 1108 422 nem,
1134 388 1185 415 hoc
1210 395 1305 415 eorum
1322 387 1447 420 dissidio,
1473 392 1555 422 atque
1571 387 1622 415 hac
1639 388 1673 414 ab
1691 388 1819 415 universo

1033 433 1215 468 disjunctione
1232 433 1378 467 depellens.
1405 433 1439 460 At
1458 440 1523 460 vero
1546 436 1639 459 noster
1655 433 1700 459 hic
1715 437 1820 459 natura;

1034 487 1159 506 summus
1175 479 1318 513 indagator
1329 500 1336 511 ,
1359 486 1506 513 rerumque
1522 478 1677 505 divinarum
1694 478 1821 512 explora-

1034 529 1077 551 tor
1094 529 1147 551 tam
1164 528 1308 551 accuratus
1323 531 1355 551 ac
1371 523 1497 558 diligens,
1523 523 1568 550 ubi
1585 531 1629 550 res
1646 523 1776 551 humanas
1792 523 1820 551 in

1035 571 1094 605 ipso
1115 570 1228 597 deorum
1252 573 1398 604 conspectu
1418 569 1528 604 posuit,
1557 569 1665 596 easdem
1691 569 1725 596 ab
1745 570 1821 596 omni

1034 623 1128 643 eorum
1154 623 1220 643 cura
1245 616 1444 650 et-provisione
1470 615 1614 642 destitutas
1644 614 1766 650 reliquit,
1789 622 1822 642 ac

1035 665 1132 695 suapte
1158 661 1276 695 quadam
1307 666 1406 688 natura
1433 661 1534 696 potius,
1560 668 1642 695 quam
1659 661 1751 687 divina
1767 660 1821 688 ulla

1035 705 1139 732 ratione
1155 705 1324 740 consilioque
1341 706 1518 740 gubernatas.
1541 705 1631 738 Quare
1645 713 1678 732 ne
1697 705 1820 733 criminis

1035 751 1145 786 quidem
1164 751 1236 778 illius
1261 752 1445 786 suspicionem
1472 751 1592 786 etfugiat,
1617 751 1689 785 quod
1707 751 1740 778 de
1756 750 1818 785 Epi-

1036 805 1102 826 curo
1115 798 1240 834 nonnulli
1260 798 1430 832 cogitarunt;
1445 805 1506 824 eum
1522 805 1575 823 non
1591 797 1665 831 quod
1686 796 1722 823 ita
1737 797 1821 823 senti-

1036 848 1091 876 ret,
1106 843 1152 871 sed
1168 843 1240 878 quod
1258 843 1399 870 hominum
1422 843 1455 870 de
1481 850 1509 869 se
1522 842 1625 877 judicia
1642 842 1820 874 formidaret,

1037 890 1088 916 hoc
1105 889 1132 916 in
1151 889 1277 915 universo
1293 888 1356 919 diis,
1384 888 1423 915 sic
1448 893 1577 922 tanquam
1600 887 1627 914 in
1645 888 1762 920 theatro,
1779 887 1818 914 lo-

199 944 437 980 παραιτησάμενος
451 945 484 978 τῇ
497 926 601 978 ἀμιξίᾳ,
618 926 704 968 ἔοικεν
726 938 902 975 εὐσχημόνως
921 938 984 964 ἀπι-

1035 942 1098 961 cum
1112 933 1251 968 spectandi
1265 932 1382 966 aliquem
1400 932 1538 959 tribuisse.
1555 931 1641 965 Quem
1656 933 1690 959 ad
1704 932 1820 960 hominis

549 962 562 975 ξ

201 992 273 1017 στεῐν
287 991 341 1022 τοῖς
357 990 435 1022 θεοῖς.
459 1000 468 1016 ι
485 988 601 1015 Ταῦταὸ
624 986 744 1018 Ἀττικὸς
771 985 838 1017 πρὸς
863 985 984 1019 Ἀριστο-

199 1035 289 1071 τέλην,
304 1035 505 1072 χρεοκοποῧντα
520 1034 564 1061 τὸν
581 1034 645 1069 περὶ
656 1032 786 1068 Προνοίας
805 1031 894 1065 λόγον,
916 1030 945 1056 Ὀ
961 1029 984 1056 δ’

199 1081 278 1112 αὐτὸς
288 1081 326 1108 ἔτι
344 1082 390 1108 καὶ
403 1081 489 1108 ταῦτα
497 1082 552 1112 τοῖς
566 1079 720 1115 εἰρημένοις
728 1077 900 1113 προστίθησι,
917 1075 984 1111 πρὸς

200 1128 244 1154 τὸν
265 1128 345 1154 αὐτὸν
370 1128 592 1163 ἀποτεινόμενος,
618 1126 655 1162 μὴ
671 1124 830 1160 βουλόμενον
857 1121 984 1158 γεννητὸν

201 1171 268 1200 εἶναι
284 1174 328 1200 τὸν
341 1174 452 1209 κόσμον.

1033 987 1143 1008 sensum
1159 979 1211 1006 hac
1231 979 1388 1012 conjectura
1404 978 1553 1011 ducuntur,
1572 978 1645 1012 quod
1666 986 1775 1005 omnem
1788 978 1821 1006 iis

1032 1033 1096 1060 erga
1110 1032 1159 1052 nos
1176 1024 1361 1058 operationem
1380 1023 1521 1054 ademerit,
1535 1031 1569 1050 ex
1580 1032 1633 1058 qua
1649 1028 1740 1051 tamen
1754 1032 1819 1056 una,

1033 1073 1098 1100 deos
1114 1079 1174 1099 esse
1199 1071 1287 1105 colligi
1312 1070 1408 1098 merito
1431 1070 1561 1104 credique
1585 1071 1731 1098 debuisset.
1761 1069 1819 1098 Hoc

1037 1119 1109 1146 cnim
1123 1117 1194 1145 idem
1213 1117 1278 1144 facit
1290 1116 1459 1144 Aristoteles.
1476 1116 1543 1143 Nam
1559 1117 1605 1151 qui
1621 1117 1701 1144 simul
1715 1121 1742 1144 et
1756 1117 1821 1144 deos

1035 1163 1131 1199 procul
1144 1163 1208 1190 hinc
1224 1162 1339 1197 ableget,
1352 1167 1379 1189 et
1399 1161 1446 1188 uni
1465 1166 1554 1188 tamen
1571 1162 1714 1188 oculorum
1727 1162 1820 1189 sensui

201 1219 280 1247 fidem
295 1206 439 1255 relinquat,
455 1218 501 1254 qui
517 1225 614 1245 sensus
627 1218 660 1244 dc
674 1217 755 1244 rebus
770 1220 824 1242 tam
833 1211 977 1249 disiunctis
996 1217 1027 1237 ac
1048 1208 1152 1236 dissitis
1181 1207 1321 1242 judicandi
1336 1206 1391 1233 vim
1412 1206 1493 1233 habet
1507 1214 1572 1233 sane
1583 1214 1664 1241 quam
1677 1207 1820 1241 exiguam:

201 1266 234 1298 is,
253 1267 358 1302 opinor,
376 1266 480 1301 pudore
495 1265 626 1293 adductus
652 1271 716 1296 uno,
734 1263 799 1290 deos
819 1261 880 1288 istic
897 1259 1031 1287 collocare
1059 1255 1143 1283 videri
1174 1254 1269 1288 possit.
1286 1253 1392 1288 Quippe
1409 1261 1472 1280 cum
1506 1260 1555 1280 nec
1587 1258 1664 1280 extra
1687 1252 1820 1280 mundum

200 1314 347 1349 quidquam
359 1321 420 1341 esse
433 1313 506 1344 velit,
520 1313 595 1340 etab
610 1311 684 1340 omni
700 1315 833 1338 terrarum
874 1304 1038 1335 commercio
1068 1302 1132 1330 deos
1157 1301 1333 1334 Submoveat,
1362 1307 1474 1327 necesse
1506 1300 1616 1326 omnino
1631 1299 1692 1332 fuit,
1711 1304 1750 1325 uti
1774 1301 1822 1325 aut

199 1367 229 1386 .70
251 1359 340 1394 palam
357 1359 466 1386 atheum
483 1357 630 1389 fateretur,
647 1362 694 1383 aut
731 1355 885 1390 agnitorum
905 1352 953 1379 abs
972 1357 1001 1377 se
1020 1349 1132 1376 deorum
1167 1346 1332 1382 opinionem,
1361 1352 1408 1373 eos
1432 1346 1502 1372 istuc
1525 1344 1706 1378 amandando,
1721 1349 1820 1372 utcun-

200 1390 257 1439 que
279 1404 416 1431 retineret.
444 1403 479 1430 At
493 1410 557 1430 vero
582 1402 649 1429 alter
670 1401 724 1434 ille,
745 1400 793 1436 qui
823 1404 938 1434 superos
953 1395 988 1423 ob
1007 1401 1087 1422 suum
1101 1393 1167 1420 illud
1185 1400 1199 1419 a
1224 1392 1304 1419 rebus
1319 1391 1420 1419 nostris
1438 1390 1591 1423 dissidium,
1626 1395 1679 1417 tam
1701 1391 1821 1425 diligenti

200 1438 265 1480 cura
288 1452 427 1485 liberavit;
452 1459 533 1486 quam
561 1451 626 1478 deos
642 1458 710 1484 esse
736 1449 826 1476 nullos
849 1450 935 1483 putet,
969 1444 1066 1471 decore
1095 1442 1191 1469 saltem
1231 1441 1397 1476 honesteque
1425 1439 1589 1467 dissimulat.
1621 1449 1629 1465 ι
1653 1439 1732 1474 801
1758 1438 1822 1466 limo

201 1499 305 1527 Atticus
326 1498 456 1526 adversus
479 1497 652 1524 Aristotelem
690 1496 788 1524 divinae
817 1491 998 1522 Providentia:
1034 1490 1089 1517 vim
1118 1488 1311 1516 succidentem.
1343 1487 1448 1520 Quibus
1477 1487 1505 1514 in
1526 1485 1651 1513 eumdem
1679 1487 1821 1520 sequentia

200 1543 296 1574 deinde
306 1543 453 1580 subiungit,
473 1543 545 1578 quod
560 1543 690 1570 mundum
703 1547 792 1570 ortum
807 1549 869 1569 esse
890 1538 981 1567 nollet.

459 1601 655 1628 ΚΕΦΑΛΛΙΟΝ
676 1601 720 1634 ς’.

203 1660 258 1687 Τοῦ
274 1659 367 1686 αὐτοῦ
384 1658 457 1692 πρὸς
472 1657 525 1684 τὸν
537 1656 640 1692 αὐτόν,
665 1655 853 1692 διενεχθένζα
863 1651 984 1680 Μωϋσεῖ

236 1694 285 1722 καὶ
299 1690 451 1726 Πλάτωνα
463 1693 510 1719 καὶ
523 1693 556 1719 ἐν
569 1691 608 1724 τῷ
624 1692 666 1726 μὴ
687 1690 854 1725 συγχωρεῖν
876 1696 980 1724 γεννη-

236 1729 290 1756 τὸν
305 1728 380 1756 εἶναι
400 1728 453 1755 τὸν
471 1729 597 1762 κόσμον.

236 1785 320 1814 Πάλιν
336 1786 476 1817 Μωῦσέως
491 1784 617 1820 γεννητὸν
630 1781 699 1810 εῖναι
711 1783 756 1809 τὸν
775 1782 874 1816 κόσμον
897 1780 985 1816 ὁρισα-

202 1833 294 1869 μένου,
310 1832 423 1867 ποιητήν
433 1839 462 1857 τε
477 1831 523 1857 καὶ
535 1829 697 1865 δημιουργὸν
713 1830 768 1859 τοῖς
780 1828 850 1858 ὅλοις
866 1825 909 1852 τὸν
919 1825 983 1851 Θεὸν

200 1879 404 1915 ἐπιστήσαντος,
419 1877 466 1904 τοῦ
487 1886 515 1903 τε
529 1875 670 1907 Πλάτωνος
687 1874 721 1901 τὰ
739 1874 783 1900 ἴσα
803 1873 913 1900 Μωῦσεῖ
940 1880 983 1906 φι-

200 1925 392 1960 λοσοφοῦντος·
417 1924 466 1959 τὴν
491 1923 614 1949 ἐναντίαν
635 1923 685 1949 κάν
706 1920 809 1952 τούτοις
825 1921 839 1946 ὁ
865 1919 984 1954 Ἀριστο-

201 1971 280 2007 τέλης
306 1970 416 2001 ὁδεύσας
446 1969 623 2004 ἀπελέγχεται
655 1967 721 2003 πρὸς
748 1965 795 1992 τοῦ
821 1964 984 2000 δηλωθέντος

203 2015 398 2051 συγγραφέως,
416 2011 467 2041 ὧδε
492 2014 559 2049 πρὸς
589 2013 662 2048 ῥῆμα
686 2011 846 2047 γράφοντος.
875 2018 883 2034 ι
908 2009 984 2044 Πρῶ-

205 2070 247 2088 τον
267 2062 298 2097 δὴ
323 2061 377 2095 (85)
390 2059 453 2096 περὶ
476 2059 608 2093 γενέσεως
634 2058 736 2092 κόσμου
753 2054 861 2082 σκοπῶν
874 2074 881 2087 ,
896 2053 984 2080 καὶτὸ

205 2107 249 2142 ςῆς
265 2106 396 2142 Προνοίας
415 2105 445 2131 τὸ
463 2104 533 2140 μέγα
553 2103 630 2129 τοῦτο
645 2102 691 2129 καὶ
705 2100 874 2134 πολυωφελὲς
897 2100 985 2134 δόγμα

203 2153 291 2179 πάντα
307 2152 396 2187 ζητεῖν
413 2151 558 2185 ἀναγκαῖον
579 2148 728 2184 ἡγούμενος
740 2156 747 2162 ·
771 2147 818 2173 καὶ
840 2145 985 2180 λογισάμε-

204 2207 256 2231 νος,
281 2199 320 2225 ὅτι
332 2197 370 2233 τῷ
389 2197 425 2233 μὴ
448 2194 594 2231 γενομένῳ,
616 2193 676 2220 οὔτε
703 2193 773 2224 τινὸς
788 2190 983 2227 ποιητοῦ,οὕτε

207 2245 274 2275 τινὸς
289 2244 435 2279 κηδεμόνος
455 2241 521 2278 πρὸς
532 2241 561 2267 τὸ
575 2239 699 2274 γενέσθαι
714 2239 802 2270 καλῶς
827 2237 904 2274 χρεία
914 2258 921 2270 ,
942 2238 984 2263 ἴνα

205 2291 242 2326 μὴ
253 2271 481 2326 ἂίποοῖτερήσῃντὸν
496 2271 596 2323 κόσμον
610 2288 660 2322 τῆς
674 2285 805 2322 Προνοίας
818 2271 934 2318 ,γγόιφεῖλε
954 2283 983 2309 τὸ
1001 2271 1022 2298 D

203 2337 349 2373 ἀγέννητον
364 2336 456 2364 αὑτοῦ.
475 2335 684 2372 Παραιτοὺμεθα
699 2333 726 2359 δὲ
743 2331 789 2359 νῦν
807 2331 843 2366 μὴ
861 2329 986 2365 ἐμποδὼν

203 2385 269 2419 ἡμῖν
280 2384 342 2415 τοὺς
356 2382 409 2409 ἀπὸ
419 2382 466 2417 τῆς
481 2382 564 2416 αὐτῆς
586 2381 677 2411 ἑστίας
700 2377 778 2410 εἶναι,
807 2375 847 2409 οἷς
876 2376 986 2412 ἀρέσκει

203 2430 251 2456 καὶ
267 2429 336 2456 κατὰ
352 2428 484 2455 Πλάτωνα
500 2426 544 2453 τὸν
559 2427 660 2461 κόσμον
676 2425 822 2459 ἀγέννητον
846 2421 924 2449 εἶναι.
942 2421 987 2447 Δί-

203 2484 275 2502 καιοι
290 2475 344 2511 γάρ
354 2475 422 2501 εἰσιν
437 2474 502 2509 ἡμῖν
517 2466 679 2507 συγγνώμην
695 2471 798 2506 νέμειν,
816 2470 839 2495 εἰ
857 2469 920 2504 περὶ
934 2467 986 2493 τῶν

194 2563 198 2585 ’
241 2564 295 2599 (80)
317 2567 377 2592 Κατ
405 2563 591 2599 Ἐπίκουρον.
608 2561 733 2599 Libenter
751 2567 916 2599 reponerent
927 2558 986 2585 κατ’

209 2594 381 2636 Ἑξτικούρου.
397 2594 532 2636 βαδιεῖ-ιιΠὶ
552 2598 595 2636 hic
610 2597 801 2636 nonnullorum
815 2595 848 2621 de
871 2594 988 2636 Epicuro

205 2643 313 2666 sensus,
326 2629 340 2661 ξι
355 2634 443 2660 Tullio
453 2633 618 2668 agnoscitur,
632 2631 676 2668 lib.
690 2639 698 2668 _l
714 2631 751 2658 De
763 2635 858 2668 natura
866 2629 986 2668 deorum,

205 2675 272 2697 sect.
288 2663 322 2696 86
337 2677 343 2695 :
361 2663 527 2702 Quanquam,
540 2667 636 2701 inquit,
652 2666 735 2697 video,
749 2664 880 2702 nonnullis
896 2663 986 2702 uideri,

206 2700 410 2738 I'Ipicurumfne
430 2700 457 2730 in
472 2700 640 2737 olfensia’nem
657 2700 853 2738 Atheniensium
873 2700 986 2738 caderet,

207 2734 288 2767 térbis
313 2734 446 2774 reliquisse
462 2734 538 2769 deos,
562 2745 589 2764 re
603 2737 750 2774 sustulisse.
774 2735 868 2769 Itaque
884 2734 987 2774 innillis

204 2775 306 2801 selectis
331 2769 386 2808 ejus
407 2773 574 2807 breribusque
598 2771 743 2808 sententiis,
765 2779 830 2805 quas
848 2769 987 2808 appellatis

205 2810 313 2844 Κυρίας
330 2805 418 2841 δόξας,
437 2809 507 2837 lucc,
520 2805 546 2834 ut
572 2807 674 2844 opinor,
699 2807 772 2844 prior
787 2805 915 2844 sententia
929 2808 986 2830 est:

205 2840 282 2877 Quod
307 2840 411 2870 beatum
435 2849 459 2870 et
476 2842 696 2877 immortaleAest,
719 2842 745 2867 id
773 2849 817 2867 nec
839 2840 924 2877 habet,
942 2847 988 2865 nec

204 2875 308 2906 exhibet
326 2879 446 2913 cuiquam
465 2879 604 2912 negotium.
629 2875 663 2902 In
682 2875 914 2913 Imcrituregtpnsilu
930 2883 988 2913 sen-

208 2915 300 2946 tentia,
318 2909 380 2941 sant'
398 2915 443 2945 qui
463 2909 621 2944 existimant,
645 2912 713 2946 quod
729 2912 834 2938 inscitia
851 2910 927 2945 plane
947 2909 986 2935 lu-

1337 1589 1451 1617 CAPUT
1470 1589 1514 1617 Vl.

1034 1652 1158 1688 Ejusdem
1177 1647 1496 1688 adverstts__Aristotelem,
1516 1654 1577 1688 eum
1597 1645 1686 1688 Moyse
1703 1653 1734 1671 ac
1757 1643 1820 1688 Illa-

1069 1692 1144 1718 tone,
1165 1687 1196 1712 de
1224 1685 1315 1711 mundi
1343 1691 1418 1718 quem
1446 1681 1557 1717 negabat
1585 1686 1644 1707 urltt
1661 1684 1818 1715 pugnantem

1068 1721 1222 1756 disputatio.

1069 1788 1198 1816 blandum
1219 1787 1330 1822 insuper
1344 1785 1450 1821 Moyses
1463 1792 1525 1812 cum
1547 1784 1639 1819 aliquo
1661 1788 1818 1819 generatum

1034 1840 1094 1862 ortu
1110 1834 1210 1869 posuit,
1225 1837 1281 1860 tum
1297 1835 1434 1867 parentem
1449 1831 1508 1865 ejus
1522 1829 1728 1863 molitoremque
1735 1829 1818 1855 Deum

1034 1881 1098 1908 huic
1123 1887 1213 1907 rerum
1239 1876 1409 1905 universitati
1435 1874 1554 1911 praefecit
1577 1883 1584 1901 :
1604 1881 1658 1909 quo
1674 1874 1700 1901 in
1721 1881 1820 1908 genere

1034 1925 1119 1961 Moysi
1134 1931 1242 1959 quoque
1259 1922 1348 1950 atlinia
1364 1921 1440 1948 Plato
1467 1919 1682 1955 philosophatur.
1706 1918 1821 1946 Contra-

1034 1972 1102 1998 riam
1127 1970 1236 2004 utrique
1259 1967 1418 1994 Aristotcles
1443 1967 1492 1993 hac
1512 1965 1593 1992 etiam
1614 1966 1642 1992 in
1668 1964 1821 1998 quaestione

1034 2017 1105 2044 viam
1121 2016 1258 2046 insistens,
1268 2013 1302 2040 ab
1317 2011 1508 2040 eodcmAttico
1524 2011 1563 2038 sic
1581 2010 1613 2037 ad
1628 2009 1739 2036 verbum
1752 2009 1820 2036 scri-

1035 2063 1115 2090 bente
1128 2059 1285 2088 revincitur.
1314 2067 1324 2083 ί
1342 2057 1496 2091 Principio,
1516 2057 1605 2091 inquit
1626 2055 1687 2087 ille,
1713 2062 1774 2081 cum
1792 2054 1819 2080 in

1035 2109 1086 2136 hac
1106 2107 1139 2134 de
1159 2105 1253 2133 mundi
1275 2108 1336 2131 ortu
1364 2102 1527 2137 cogitatione
1550 2101 1626 2128 Plato
1654 2104 1820 2130 versaretur,

1036 2155 1160 2188 idemque
1177 2159 1305 2187 magnum
1331 2149 1394 2176 illud
1414 2152 1518 2176 etcum
1540 2147 1637 2182 primis
1650 2146 1819 2172 fructuosum

1036 2200 1214 2229 Providentize
1236 2198 1333 2232 dogma
1356 2194 1532 2223 scrutandum
1553 2191 1640 2219 cuivis
1665 2189 1821 2224 diligentius

1036 2250 1159 2283 putaret;
1177 2253 1208 2272 ac
1231 2243 1313 2271 simul
1335 2242 1373 2269 ita
1399 2239 1654 2276 philosopharetur,
1677 2236 1724 2271 qui
1744 2239 1821 2262 ortus

1038 2279 1183 2326 aliquando
1198 2297 1250 2316 non
1264 2289 1313 2321 sit,
1334 2286 1420 2314 cidem
1441 2289 1470 2312 ut
1483 2283 1610 2319 praeclare
1623 2282 1674 2312 sit,
1693 2280 1766 2307 nullo
1779 2279 1820 2306 vel

1036 2338 1171 2367 ell'ectore,
1186 2334 1227 2362 vel
1238 2337 1363 2361 CUI‘DIOI‘C
1374 2338 1443 2365 opus
1456 2337 1532 2357 esse:
1547 2327 1687 2357 COﬂlllllIO,
1698 2333 1732 2352 nc
1743 2332 1823 2350 mun-

1035 2382 1100 2409 dum
1115 2379 1287 2407 Providentia
1302 2376 1442 2411 spoliaret,
1453 2373 1560 2408 negavit
1576 2376 1666 2398 orttun
1677 2376 1737 2397 esse
1751 2376 1822 2395 nun-

1036 2434 1127 2461 quam.
1146 2424 1196 2451 llic
1215 2430 1279 2451 vero
1299 2421 1445 2448 admodum
1469 2423 1595 2445 esoratos
1610 2415 1708 2446 velim,
1732 2414 1772 2441 uti
1788 2422 1822 2441 ne

1036 2471 1187 2499 molestiam
1205 2469 1284 2496 nobis
1303 2467 1385 2494 ullam
1402 2465 1553 2496 lacessant,
1577 2463 1624 2497 qui
1651 2461 1772 2496 ejusdem
1790 2467 1822 2486 ae

1036 2559 1130 2595 quendi
1153 2557 1253 2595 (eruit,
1276 2556 1365 2595 fecisse
1384 2554 1514 2595 ερηςςιιιιο.
1533 2552 1568 2579 De
1590 2552 1693 2595 homine
1715 2549 1824 2595 minime

1128 2584 1195 2620 m'ale
1207 2584 1370 2628 existimant.
1388 2590 1501 2628 Dubium
1520 2594 1557 2628 est
1572 2587 1652 2617 enim,
1666 2590 1754 2625 utrum
1767 2584 1820 2628 lali-

1117 2629 1187 2655 dicat
1202 2628 1251 2653 iste
1267 2627 1369 2653 beatum
1385 2630 1408 2652 et
1421 2622 1587 2654 immortale;
1603 2629 1649 2653 an,
1665 2620 1688 2646 si
1705 2619 1773 2654 quod
1787 2619 1822 2645 si:

1055 2639 1098 2656 uta
1117 2639 1187 2655 alcat
1202 2639 1251 2653 late
1267 2639 1369 2653 acutum
1385 2639 1408 2652 τι
1422 2639 1436 2650 ιι

1037 2639 1152 2694 Ζεαιαηι,
1166 2663 1193 2689 id
1204 2670 1258 2689 esse
1276 2660 1436 2687 immortale.

1148 2689 1337 2735 Ἆποσζήσας
1353 2694 1505 2735 γάρδιριιίᾱ
1529 2689 1824 2735 ιιι-ηὰξηιςῖᾱθοεζρρξῖ

1039 2724 1099 2762 no}:
1109 2724 1203 2768 llaquc
1220 2724 1373 2759 addendum
1390 2724 1504 2760 videtur,
1521 2728 1582 2759 τοὺς
1596 2725 1681 2758 θεούς,
1697 2730 1727 2752 ut
1741 2724 1823 2759 paulo

1038 2770 1114 2802 θεοὺς
1131 2768 1285 2798 ἀποικίσας.

1074 2804 1128 2840 (8'2)
1142 2803 1221 2840 Forte
1233 2801 1399 2840 (μὲι-δοκεῖν.

1143 2828 1262 2872 ὶιξδῶέάν
1281 2836 1330 2869 δή,
1344 2840 1396 2863 etc.
1413 2834 1478 2862 Vide
1496 2841 1578 2868 supra
1596 2832 1642 2859 lib.
1659 2839 1696 2863 ιι,
1711 2837 1770 2865 cap.
1787 2828 1823 2855 29

1038 2884 1064 2903 et
1077 2879 1198 2910 scquent.
