2061 3210
283 156 353 184 5515

602 157 741 185 EUSERII
760 155 1002 184 CI’ESARIENSIS
1019 155 1093 182 OPP.
1116 155 1208 184 PARS
1227 156 1259 184 ll.
1279 171 1314 177 -α
1333 155 1585 184 APOLOGETICA.

1831 156 1886 185 1316

282 224 332 244 nos
352 215 461 243 familia
475 224 536 243 cum
554 217 618 248 sint,
645 217 778 244 mundum
794 223 884 245 tamen
899 225 931 244 ex
948 216 1070 244 Platonis

1125 217 1270 244 δοκούντων
1280 217 1404 244 Πλάτωνι
1419 216 1581 251 πιστεύομεν
1594 213 1635 246 οἷς
1661 214 1741 246 αὐτὸς
1769 214 1844 249 ελλην
1857 215 1888 243 t‘w

282 270 392 297 quoque
413 263 545 289 sententia
573 268 730 296 generatum
757 270 818 290 esse
845 267 954 296 negant.
971 261 1070 289 Verum

282 310 356 337 enim
371 309 491 344 proiecto
506 314 546 335 est
563 309 632 335 hanc
652 316 701 335 eos
717 308 796 335 nobis
824 308 931 335 veniam
947 308 1030 340 dare,
1048 307 1072 334 si

281 355 404 382 Platonis
423 355 577 382 doctrinam
601 359 775 389 mentemque
796 354 870 389 quod
893 353 1008 386 attinet,
1038 353 1071 380 iis

281 402 348 436 ipsis
368 401 446 427 lidem
470 401 634 432 habeamus,
651 408 712 435 qua:
733 401 807 427 clara
830 400 987 434 disertaque
1005 407 1072 426 voce

281 447 353 481 apud
368 453 417 473 nos
427 466 435 478 ,
455 446 506 472 hoc
521 451 563 472 est
577 445 685 473 Grmcos
702 446 826 473 homines
836 466 842 477 ,
865 445 976 472 Graecus
990 445 1071 472 homo

281 492 438 526 disputavit.
454 491 526 518 Deus
541 491 612 518 enim
624 512 631 524 ,
650 491 738 525 inquit
751 491 813 524 ille,
836 490 969 526 quidquid
986 489 1072 517 videri

282 541 388 572 poterat
401 538 559 564 universum
572 537 744 572 complexus,
757 545 818 564 cum
837 537 861 563 id
877 545 930 563 nou
947 536 1073 571 quiesce-

282 586 333 613 ret,
352 582 400 609 sed
415 582 513 609 vitioso
524 586 551 609 et
571 582 713 609 incondito
735 586 809 609 motu
826 587 968 616 ageretur,
988 582 1014 608 iu
1028 589 1072 608 or-

282 627 373 655 dinem
391 635 423 654 ει
446 628 491 654 illa
506 628 710 662 perturbatione
727 628 857 663 digessit,
880 631 980 655 statum
1000 616 1086 654 hunc,

283 678 360 700 ratus
373 674 448 700 muni
465 681 498 700 ex
519 677 595 708 parte
608 674 693 700 altero
711 673 756 700 illo
781 673 920 700 meliorem
937 671 1070 699 futurum.

283 720 368 754 Quem
385 721 428 747 ille
447 720 541 748 mundi
568 725 670 753 ortum,
692 728 774 754 quam
791 727 845 747 non
861 719 1072 754 autaanigmatis

284 767 426 802 cujusdam
447 766 548 801 specie,
575 772 622 793 aut
635 765 801 793 illustrandae
816 769 921 792 tantum
934 764 974 791 rei
987 763 1072 799 gratia

283 814 449 849 probaverit,
465 821 498 840 ex
512 814 603 841 verbis
618 813 672 841 illis
694 814 774 848 longe
793 813 883 840 adhuc
897 803 999 839 clarius
1013 819 1073 839 cer-

284 861 393 895 tiusque
414 864 538 892 constat,
553 860 653 894 quibus
668 867 759 886 rerum
772 878 780 891 ,
793 863 824 885 ut
835 862 931 889 vocat,
949 857 1071 885 omnium

284 911 440 942 parentem,
460 907 531 934 hanc
550 907 636 940 ipsam
661 906 688 932 in
705 913 762 932 rem
785 909 847 939 post
861 904 980 931 universi
997 903 1074 930 moli-

284 954 386 980 tionem
408 961 488 980 usum
517 960 579 980 esse
599 952 694 979 scribit
718 960 726 978 :
751 951 902 984 Quoniam,
921 950 1072 985 inquiebat,

285 1001 336 1027 orti
352 1000 419 1027 estis
440 999 522 1034 (deos
541 1004 632 1025 autem
654 998 877 1033 alloquebatur),
905 995 1074 1024 immortales

285 1054 333 1073 vos
343 1045 452 1080 quidem
461 1052 522 1072 esse
537 1049 564 1071 et
578 1043 782 1071 indissolubiles
796 1051 849 1070 non
864 1043 995 1078 potestis;
1009 1050 1075 1069 neu-

285 1093 387 1127 liquam
405 1096 496 1118 tamen
523 1090 708 1118 dissolvemini
735 1089 808 1124 quod
832 1089 980 1116 voluntatis
1008 1096 1075 1116 mea:

285 1137 393 1164 vinculo
410 1136 529 1171 colligati
549 1135 619 1162 sitis.
643 1135 728 1170 802
742 1134 842 1161 Verum
854 1155 861 1166 ,
879 1134 917 1161 uti
934 1134 989 1168 jam
1005 1133 1073 1165 dixi,

285 1191 347 1210 cum
369 1182 419 1214 iis,
439 1182 485 1216 qui
508 1190 558 1209 nos
577 1181 651 1208 intus
670 1181 800 1215 domique
815 1185 915 1207 nostra
930 1180 1075 1214 alloquun-

285 1234 347 1261 tur,
367 1233 462 1263 utpote
481 1235 544 1255 cum
566 1227 678 1258 amicis,
697 1227 785 1253 amice
800 1233 909 1260 quoque
923 1233 956 1252 ac
970 1224 1075 1260 placide

285 1274 499 1302 controversiam
525 1273 596 1300 hanc
621 1272 776 1299 mitioribus
798 1271 966 1306 argumentis
991 1270 1075 1297 disce-

285 1327 362 1356 ptare
375 1321 464 1347 liceat.
493 1319 560 1346 Nam
573 1320 623 1346 hos
637 1319 718 1346 etiam
734 1317 895 1345 Aristoteles
909 1324 956 1344 eas
971 1317 997 1342 in
1013 1324 1075 1351 par-

286 1371 327 1394 tes
341 1365 494 1393 traduxisse
508 1365 594 1392 videri
610 1364 672 1399 jure
691 1364 794 1398 possit,
807 1363 854 1398 qui
875 1370 925 1390 nec
939 1361 1075 1397 dogmatis

288 1412 370 1447 hujus
381 1411 551 1439 accusationi
566 1418 718 1445 repugnare
735 1413 856 1444 possent,
873 1416 923 1436 nec
937 1408 1020 1435 ullam
1035 1412 1075 1434 ta-

287 1466 360 1489 men,
380 1465 461 1492 quam
475 1457 535 1484 falsi
547 1457 709 1484 damnarent
720 1455 889 1491 opinionem,
901 1454 1007 1481 Platoni
1025 1453 1074 1480 tri-

288 1504 380 1531 buisse
394 1503 518 1530 convinci
534 1503 643 1529 vellent.
660 1501 739 1529 Nunc
755 1509 819 1528 vero
829 1521 837 1533 ,
851 1508 913 1528 cum
927 1500 1002 1527 Plato
1013 1521 1019 1533 ,
1036 1499 1074 1526 uti

287 1551 387 1578 nostris
395 1551 503 1585 ipsimet
515 1550 627 1577 auribus
636 1549 778 1576 docentem
789 1548 954 1580 audivimus,
967 1554 1074 1574 etmun-

286 1597 350 1624 dum
374 1596 444 1623 idem
467 1603 580 1630 operum
602 1595 723 1622 omnium
749 1592 1024 1628 prrestantissimum,
1039 1592 1073 1619 ab

286 1643 422 1669 artilicum
435 1641 662 1676 praestantissimo
677 1639 777 1667 factum
792 1647 853 1666 esse
870 1639 948 1671 velit;
966 1642 993 1665 et
1013 1646 1073 1665 eam

287 1687 474 1716 universitatis
500 1687 621 1713 molitori
636 1686 689 1712 vim
707 1694 739 1712 ac
751 1689 913 1720 potestatem
930 1684 1072 1716 attribuat,

285 1739 339 1766 qua
360 1736 387 1758 et
401 1739 462 1758 cmn
477 1730 523 1765 qui
542 1735 604 1757 ante
622 1730 713 1757 nullus
726 1735 786 1757 erat
802 1730 933 1756 mundum
945 1729 1073 1762 eﬂ‘ecerit,

286 1785 312 1804 et
326 1777 382 1812 jam
399 1777 447 1804 abs
462 1785 490 1804 se
507 1776 607 1803 factum
617 1797 624 1808 ,
647 1782 779 1811 perpetuo
793 1776 815 1803 si
835 1776 914 1807 velit,
929 1775 1035 1803 salvum
1048 1780 1075 1802 ct

287 1824 450 1850 incolumem
465 1823 638 1850 conservabit
655 1832 661 1849 :
677 1827 758 1857 atque
773 1823 810 1849 ita
832 1823 950 1849 mundus
961 1843 968 1853 ,
986 1821 1076 1849 Plato-

286 1869 329 1897 nis
342 1877 373 1896 ex
391 1873 491 1902 mente,
509 1873 536 1896 et
551 1873 628 1896 ortus
646 1869 716 1896 idem
737 1869 771 1896 sit
783 1889 790 1901 ,
808 1874 834 1896 et
850 1872 939 1896 tamen
955 1869 988 1896 ab
1002 1869 1075 1896 inte-

286 1916 340 1943 ritu
355 1916 502 1948 liberatus;
516 1915 577 1950 quis
591 1915 700 1942 tandem
710 1923 743 1942 ex
758 1915 946 1949 Peripateticis
961 1923 1012 1942 suo
1026 1923 1075 1942 no-

288 1962 328 1989 bis
349 1962 399 1990 ista
418 1962 524 1989 calculo
544 1961 728 1996 suﬂ‘ragioque
748 1961 909 1988 conﬁrmet?
930 1961 1075 1988 Enimvero

285 2007 502 2034 commonendus
523 2007 610 2033 amice
629 2006 707 2033 nobis
727 2012 769 2033 est
785 2007 942 2041 dogmatum
959 2006 1073 2033 istorum

285 2052 432 2084 defensor,
449 2060 536 2087 neque
557 2056 647 2079 ortum
667 2053 690 2079 si
707 2052 772 2087 quid
791 2053 861 2086 erit,
878 2053 904 2079 id
920 2052 1075 2080 necessario

286 2099 458 2134 corruptioni
476 2098 625 2125 obnoxium
647 2106 707 2126 esse
727 2098 844 2130 debere,
865 2107 951 2134 neque
968 2099 991 2126 si
1010 2099 1075 2134 quid

285 2145 406 2172 vicissim
421 2149 611 2179 corrumpetur
624 2152 763 2179 nunquam
775 2164 782 2176 ,
796 2145 822 2171 id
835 2150 924 2171 ortum
945 2145 1075 2173 continuo

286 2190 390 2217 nullum
401 2190 539 2216 habuisse.
561 2189 694 2216 Necenim
707 2190 834 2224 autquod
846 2190 955 2217 interitu
973 2195 1073 2224 careat,

1090 890 1110 920 li

1122 263 1190 298 πρὸς
1209 263 1342 298 Ἕλληνας
1354 264 1426 298 ἡμᾶς
1444 264 1524 297 σαφεῖ
1534 270 1563 288 τε
1575 262 1622 288 καὶ
1636 270 1726 296 τρανῳ
1740 260 1778 296 τῷ
1794 267 1888 299 mpm

1122 309 1276 335 διείλεκται.
1295 308 1463 344 Παραλαϐὼν
1478 308 1541 343 γὰρ,
1557 308 1648 343 φήσὶν,
1663 308 1678 334 ὁ
1688 307 1755 338 Θεὸς
1772 316 1820 334 παν
1839 308 1889 336 ὅσον

1121 352 1155 389 ἦν
1169 354 1276 389 ὁρατὸν,
1306 355 1355 389 οὐχ
1371 355 1486 390 ἡσυχίαν
1509 354 1590 387 ἄγον,
1617 352 1783 388 πλημμελῶς
1807 354 1832 380 δὲ
1851 354 1890 380 καὶ

1123 400 1247 432 ἀτάκτως
1263 401 1431 436 κινούμενον,
1450 401 1489 432 είς
1502 400 1577 432 τάξιν
1598 400 1701 435 ἢγαγεν
1725 399 1757 425 ἐκ
1774 399 1820 434 τῆς
1837 399 1890 426 ἀτα-

1124 445 1191 478 ξίας,
1204 447 1377 481 ἡγησάμενος
1393 446 1471 472 τοῦτο
1481 445 1584 472 ἐκείνου
1599 445 1706 475 πάντως
1717 444 1830 479 ἄμεινον.
1842 445 1890 471 Ἔτι

1122 491 1151 518 δὲ
1169 492 1217 518 καὶ
1239 492 1338 527 μᾶλλον
1353 493 1393 518 ὅτι
1415 492 1452 527 μὴ
1472 491 1505 518 δι’
1521 490 1705 526 αἰνιγμάτων,
1723 489 1783 524 μηδ’
1799 490 1839 516 ἐπὶ
1853 489 1891 516 τοῦ

1124 536 1225 571 σαφοῦς
1242 538 1321 573 χρείᾳ
1331 537 1379 572 τὴν
1391 538 1499 571 γένεσιν
1513 536 1690 572 παρεδέξατο,
1707 535 1781 571 δηλοῖ
1789 536 1823 569 ,δι’
1834 532 1866 563 ὧν
1880 537 1892 562 ό

1122 580 1217 616 Πατὴρ
1231 580 1304 616 αὐτῷ
1317 581 1370 607 τῶν
1382 581 1490 607 πάντων
1501 581 1644 607 διείλεκται
1657 580 1722 616 περὶ
1735 580 1823 607 τούτου
1837 581 1893 616 μετὰ

1123 624 1172 660 τὴν
1191 625 1245 651 τῶν
1256 625 1324 651 ὅλων
1338 625 1528 661 δημιουργίαν.
1551 626 1660 661 Ἐπειδὴ
1679 625 1750 661 γὰρ,
1767 626 1842 661 φησὶ,
1859 635 1893 660 γε·

1123 671 1238 706 γένησθε
1262 671 1351 706 (λέγει
1368 671 1397 698 δὲ
1418 673 1486 708 πρὸς
1503 672 1565 703 τοὺς
1584 672 1690 705 θεοὺς),
1709 672 1831 699 ἀθάνατοι
1853 673 1893 707 μὲν

1123 717 1173 743 οῦκ
1189 718 1262 748 ἐστε,
1279 717 1333 744 οὐδ’
1349 717 1440 744 ἄλυτοι
1452 718 1483 744 τὸ
1501 718 1616 753 πάμπαν
1627 725 1633 732 ·
1647 717 1703 744 οὔτι
1714 727 1746 752 γε
1764 718 1813 753 μὴν
1826 717 1894 753 λυθή-

1124 763 1214 796 σεσθε,
1239 763 1288 798 τῆς
1313 763 1384 798 ἐμῆς
1405 763 1558 799 βουλήσεως
1583 764 1719 800 τυχόντες.
1749 763 1816 789 Ἀλλ’
1838 764 1894 800 ὃπρ

1123 808 1202 845 ἔφην,
1223 809 1291 845 πρὸς
1308 809 1356 844 μὲν
1370 811 1432 842 τοὺς
1448 809 1520 836 ἔνδον
1545 811 1610 846 ἡμῖν
1625 809 1837 844 φθεγγομένους,
1856 809 1894 836 ειτε

1125 857 1217 891 φίλους
1240 856 1335 888 ὄντας,
1351 856 1445 890 φιλίως
1471 865 1501 883 τε
1517 857 1565 883 καὶ
1581 857 1641 891 μεθ’
1660 857 1776 892 ἡσυχίας
1797 855 1897 891 «pateva

1126 904 1247 939 ἐλέγχοις
1268 903 1472 939 διακριθείημεν
1495 904 1537 931 ἄν.
1562 904 1653 930 Ἐοικε
1667 903 1722 938 γὰρ
1742 903 1788 929 καὶ
1801 902 1897 933 τούτους

1132 950 1319 986 Ἀριστοτέλης
1338 949 1502 985 μεταθεῖναι,
1519 951 1552 985 τῇ
1577 950 1625 984 μὲν
1639 949 1791 984 κατηγορίᾳ
1804 948 1845 974 τοῦ
1864 948 1897 974 δὺο

1125 1004 1228 1031 γματος
1244 995 1377 1030 ἀντισχεῖν
1394 995 1622 1030 ἀδυνατήσαντας,
1639 994 1670 1020 τὸ
1687 994 1716 1020 δὲ
1727 992 1897 1024 ἁλῶναιδόξαν

1124 1042 1161 1074 ὡς
1172 1042 1267 1077 ψεῦδος
1285 1042 1316 1069 οὐ
1338 1041 1518 1077 βουληθέντας
1534 1040 1671 1068 ἀναθεῖναι
1686 1039 1818 1066 Πλάτωνι.
1833 1038 1898 1066 Κατὰ

1124 1088 1153 1115 δὲ
1169 1088 1217 1124 τὴν
1228 1088 1364 1124 ἡμετέραν
1373 1088 1468 1123 ἀκοὴν,
1484 1087 1624 1119 ἀξιοῦντος
1638 1086 1783 1117 Πλάτωνος
1807 1086 1848 1112 τὸν
1862 1085 1898 1111 κό-

1126 1144 1194 1171 σμον
1219 1135 1360 1169 γεγονέναι
1381 1134 1523 1161 κάλλιπον
1538 1133 1627 1169 ἔργων
1642 1133 1694 1159 ὑπὸ
1710 1132 1758 1160 τοῦ
1771 1131 1899 1158 καλλίστου

1125 1182 1178 1207 τῶν
1204 1180 1376 1216 δημιουργῶν
1389 1200 1396 1212 ,
1423 1180 1470 1206 καὶ
1500 1179 1658 1214 περιθέντος
1681 1179 1719 1215 τῷ
1740 1179 1787 1206 τοῦ
1814 1179 1899 1209 παντὸς

1126 1228 1226 1262 ποιητῇ
1251 1226 1375 1261 δύναμιν,
1406 1226 1440 1252 δι’
1454 1222 1487 1261 ἧς
1501 1226 1551 1252 οὐκ
1565 1225 1628 1252 ὄντα
1652 1226 1786 1261 πρότερον
1803 1225 1900 1260 Emi-qn

1125 1274 1170 1300 τὸν
1186 1274 1295 1308 κόσμον,
1311 1273 1358 1300 καὶ
1372 1275 1498 1309 ποιήσας,
1513 1273 1599 1299 εἰσαεὶ
1616 1272 1780 1307 βουλόμενός
1800 1281 1829 1307 γε
1843 1271 1899 1298 σῶον

1125 1318 1283 1354 διαφυλάξει
1302 1320 1350 1346 καὶ
1364 1319 1450 1355 ταύτῃ
1461 1318 1492 1354 δὴ
1501 1318 1630 1354 γεννητοῦ
1644 1319 1691 1345 καὶ
1702 1319 1838 1354 ἀζιθάρτου
1851 1316 1899 1344 κατ’

1126 1366 1206 1392 αὐτὸν
1222 1365 1402 1400 ὑποκειμένου
1417 1364 1464 1391 τοῦ
1482 1364 1596 1399 κόσμου,
1612 1365 1653 1396 τίς
1672 1366 1739 1400 ἡμῖν
1760 1363 1811 1392 τῶν
1833 1364 1899 1399 Περι-

1126 1411 1283 1447 πατητικῶν
1297 1411 1382 1438 ταῦτα
1396 1411 1499 1446 βεϐαιοῖ
1511 1411 1566 1446 (84)
1579 1419 1586 1443 ;
1605 1412 1651 1436 Δεῖ
1670 1411 1698 1437 δὲ
1714 1409 1900 1446 παραμυθήσα-

1127 1457 1188 1483 σθαι
1202 1457 1247 1483 τὺν
1262 1457 1467 1492 συναγωνιστὴν
1480 1456 1592 1488 τούτων,
1607 1456 1648 1482 ὅτι
1662 1455 1692 1481 οὐ
1708 1455 1826 1486 πάντως.
1845 1455 1868 1480 εί
1879 1461 1900 1479 τί

1125 1503 1246 1537 γέγονεν,
1261 1503 1365 1538 ἀνάγκη
1383 1502 1462 1528 τοῦτο
1475 1502 1624 1538 φθαρῆναι·
1641 1501 1721 1528 πάλιν
1741 1502 1763 1528 δ’
1776 1501 1827 1527 οὐδ’
1843 1500 1865 1526 εἰ
1880 1508 1900 1525 τι

1127 1550 1164 1585 μὴ
1191 1549 1371 1584 φθαρήσεται,
1392 1548 1471 1574 τοῦτο
1498 1549 1644 1582 ἀναγκαῖον
1667 1548 1813 1583 ἀγέννητον
1832 1544 1899 1572 εἶναι.

1126 1594 1193 1621 Οὔτε
1213 1594 1266 1630 γὰρ
1284 1594 1347 1629 μίαν
1364 1594 1452 1620 αἰτίαν
1465 1593 1504 1628 τῷ
1520 1594 1650 1629 ἀᾳθάρτῳ
1663 1594 1712 1629 τὴν
1727 1595 1760 1620 ἐκ
1775 1593 1818 1620 τοῦ
1836 1593 1901 1626 ἀγεν-

1126 1641 1207 1676 νήτου
1223 1640 1422 1676 συγχωρητέον,
1440 1639 1501 1666 οὔτε
1516 1639 1555 1675 τῷ
1572 1640 1711 1675 γενομένῳ
1734 1640 1784 1676 τὴν
1801 1641 1839 1671 είς
1853 1639 1902 1665 6's:-

1126 1686 1189 1722 θρον
1200 1686 1350 1721 μεταϐολὴν
1365 1685 1514 1721 ἀϐοήθητον
1535 1686 1742 1715 καταλειπτέον.
1767 1686 1846 1713 [Ιόθεν
1863 1683 1902 1712 οἷν

1126 1733 1158 1759 ἐκ
1183 1732 1237 1758 τῶν
1265 1732 1466 1768 Ἀριστοτέλους
1496 1732 1625 1768 λάϐοιμεν
1652 1733 1684 1760 ἂν
1719 1734 1842 1769 βοήθειαν
1870 1733 1902 1762 εἰς

1126 1779 1221 1811 ταῦτα,
1236 1778 1332 1814 ἀνδρὸς
1350 1779 1380 1805 οὺ
1395 1778 1544 1814 τηνάλλως,
1559 1779 1619 1806 οὐδὲ
1636 1779 1695 1806 καθ’
1713 1779 1798 1806 αὑτοῦ
1821 1778 1902 1814 περαί-

1126 1833 1215 1856 νοντος
1231 1824 1277 1850 τὸν
1298 1825 1363 1860 περὶ
1378 1824 1481 1851 τούτων
1495 1825 1591 1858 λόγον,
1608 1825 1665 1852 ἀλλ’
1682 1825 1713 1857 ἐξ
1742 1825 1821 1861 ὀρθοῦ
1847 1824 1903 1858 πρὶς

1126 1871 1257 1896 Πλάτωνα
1280 1870 1504 1905 ἐναντιουμένου,
1533 1871 1580 1896 καὶ
1610 1871 1638 1897 τό
1657 1879 1687 1897 τε
1715 1871 1856 1906 γενόμενον
1872 1870 1902 1899 εἰς

1126 1915 1248 1950 ἀνάγκην
1264 1914 1310 1941 τοῦ
1322 1914 1470 1941 ἀπολέσθαι
1485 1915 1686 1950 περιιστάντος,
1699 1917 1733 1942 τό
1748 1925 1778 1942 τε
1791 1916 1827 1951 μὴ
1834 1914 1903 1941 ἀπολ-

1126 1961 1240 1996 λύμεθον
1255 1961 1351 1996 (85)ἐκ
1366 1961 1448 1996 μόνου
1459 1960 1506 1987 τοῦ
1523 1961 1560 1996 μὴ
1576 1961 1703 1995 γενέσθαι
1713 1962 1836 1996 λέγοντος
1846 1969 1903 1996 up:-

1125 2008 1252 2034 τύνεσθαι
1264 2007 1294 2034 τὸ
1310 2007 1365 2043 (86)
1381 2007 1529 2043 ἇψθαρτον,
1544 2007 1574 2034 οὐ
1592 2009 1644 2043 μὴν
1662 2007 1700 2040 ὡς
1720 2008 1832 2043 δύναμιν
1848 2008 1904 2033 ἀπο-

1126 2054 1265 2086 λείποντος
1276 2054 1358 2081 αὑτοῦ
1374 2054 1438 2090 περὶ
1452 2054 1497 2080 τὸν
1508 2054 1573 2081 Θεὸν
1585 2074 1592 2086 ,
1653 2054 1796 2090 χρώμενος
1817 2053 1904 2087 ἀγαθὸν

1125 2101 1157 2128 ἄν
1169 2110 1195 2128 τι
1214 2102 1325 2136 ποιήσαι
1337 2110 1344 2134 ;
1358 2102 1390 2128 Ὂ
1405 2101 1459 2137 γὰρ
1474 2101 1549 2128 οὔπω
1565 2102 1698 2137 πρότερον
1712 2103 1819 2137 γέγονε,
1829 2100 1904 2131 τοῦτο,

1126 2147 1217 2182 φησιν,
1230 2147 1283 2173 οὐδ’
1307 2147 1340 2173 ἂν
1352 2147 1468 2181 γένοιτο.
1491 2147 1624 2174 Τοσοῦτον
1645 2156 1672 2174 τε
1692 2148 1790 2175 ἀποδεί
1807 2147 1850 2174 τοῦ
1869 2146 1904 2172 διὰ

1126 2193 1227 2219 τούτων
1243 2193 1350 2229 βοηθεῖν
1369 2193 1408 2229 τῷ
1431 2193 1573 2226 Πλάτωνος
1590 2194 1669 2230 λόγῳ,
1688 2193 1762 2221 ὥστε
1778 2194 1825 2230 ἢδη
1842 2192 1905 2223 τινὲς

1884 2235 1895 2244 γ

286 2235 313 2263 id
328 2236 409 2262 aliam
423 2236 536 2267 nullam,
548 2243 628 2270 quam
636 2236 708 2270 quod
720 2237 802 2263 etiam
821 2242 882 2264 ortu
901 2241 1000 2270 careat,
1010 2245 1073 2272 per-

1127 2240 1173 2266 κςίι
1189 2239 1243 2266 τῶν
1262 2240 1326 2276 περὶ
1347 2239 1478 2267 Πλάτωνα
1501 2240 1708 2267 ἐσπουδακότων
1725 2241 1857 2276 φοϐήσας,
1871 2235 1904 2268 οἷς

285 2283 424 2316 petuitalis
449 2290 506 2309 sua:
528 2290 640 2309 causam
667 2283 767 2310 habere
783 2283 989 2310 concedendum
1013 2289 1070 2317 est;

286 2330 333 2352 aut
351 2325 422 2360 quod
440 2325 524 2352 semel
536 2331 626 2351 ortum
642 2325 777 2359 habuerit,
789 2326 876 2353 eidem
898 2326 1074 2354 inexorabilis

285 2371 408 2406 quaedam
421 2371 573 2399 iutereundi
591 2371 740 2399 necessitas
755 2372 927 2407 imponenda.
946 2371 993 2400 His
1009 2381 1074 2408 ergo

286 2416 455 2444 stabiliendis
481 2416 546 2451 quid
574 2417 682 2443 tandem
714 2425 747 2444 ex
772 2417 927 2446 Aristotelis
949 2419 1073 2446 doctrina

285 2463 405 2497 praesidii
420 2463 596 2490 mutuemur?
610 2463 679 2499 ejus,
690 2463 950 2499 inquam,homiuis,
960 2467 1005 2500 qui
1019 2473 1073 2493 non

283 2509 340 2544 jam
353 2509 422 2536 dicis
434 2517 528 2542 causa,
545 2509 600 2536 imo
612 2517 662 2537 nec
673 2518 720 2544 per
735 2518 794 2538 sese
809 2511 859 2538 hoc
872 2511 898 2537 iu
923 2520 1009 2547 genus
1018 2513 1074 2540 dis-

286 2555 433 2590 putationis
449 2556 595 2589 incumbat,
623 2557 669 2584 sed
683 2561 754 2584 recta
767 2557 870 2585 feratur
881 2559 909 2584 in
921 2558 1072 2592 Platonem,

285 2602 365 2637 eique
377 2601 449 2636 quod
457 2607 546 2628 ortum
559 2607 600 2631 est
611 2603 740 2637 pereundi
758 2604 946 2632 necessitatem
962 2605 1072 2639 atterat;

323 2679 391 2717 (84)“
403 2681 497 2707 Ταῦτα
515 2681 639 2713 βεϐαιοῖ.
668 2682 737 2710 Ante.
768 2683 907 2717 legebatur
931 2685 960 2711 οὐ
987 2685 1073 2712 ταῦτα

288 2715 401 2756 βεΰαιοϊ,
416 2717 462 2742 sed
481 2721 661 2756 uterqtte‘ms.
687 2724 758 2745 recte
782 2715 1073 2756 negationemrexpun-

287 2749 334 2790 git,
352 2749 437 2790 Negat
458 2751 538 2790 enirn
551 2749 667 2784 Atticus,
690 2759 717 2780 et
736 2749 879 2790 rereL‘hoc
899 2755 926 2781 in
947 2749 1073 2790 dogmate

286 2786 423 2828 Aristoteli
436 2794 496 2828 chum
510 2785 622 2828 Elalone
632 2789 786 2828 convenire.
801 2789 834 2828 Et
848 2798 907 2828 qum
921 2785 1073 2826 sequuntur

286 2828 346 2855 cap.
363 2821 389 2852 ί,
408 2820 489 2847 πόθεν
502 2820 559 2854 οὖν,
573 2828 636 2856 etc.,
651 2825 714 2851 huic
724 2820 905 2852 ernendati'uni
923 2820 1073 2854 clarissime

286 2858 477 2890 sullragautur.

322 2890 377 2925 (85)
394 2892 429 2917 Τό
447 2901 476 2918 τε
486 2893 528 2927 μὴ
545 2894 766 2928 ἀπολλύμενον.
786 2895 980 2931 Repouenduzv
998 2897 1073 2926 vide—

1127 2283 1214 2317 εἶπεν,
1232 2286 1368 2320 ἀπέστησε
1382 2285 1429 2313 τοῦ
1448 2286 1600 2322 δόγματος·
1614 2287 1644 2314 οὐ
1668 2287 1834 2323 δυνηθέντας
1852 2295 1904 2312 συν-

1128 2333 1200 2365 ιδεῖν,
1211 2333 1252 2359 ὃτι
1264 2333 1335 2360 κατὰ
1351 2334 1400 2369 μὲν
1414 2334 1463 2369 τὴν
1473 2334 1563 2361 αὐτῶν
1573 2334 1653 2369 φύσιν
1663 2335 1719 2361 τῶν
1736 2334 1903 2372 πραγμάτων,

1125 2379 1159 2413 ἢν
1175 2379 1208 2405 ἄν
1220 2387 1262 2410 τις
1282 2380 1345 2407 ἄνευ
1359 2379 1426 2407 Θεοῦ
1452 2379 1604 2416 βουλήσεως
1625 2381 1672 2408 καὶ
1690 2381 1832 2416 δυνάμεως
1853 2383 1904 2407 ἐπι-

1125 2425 1231 2460 νοῆσαι,
1255 2425 1317 2452 οὕτε
1337 2426 1367 2452 τὸ
1392 2426 1537 2462 γενόμενον
1563 2427 1713 2462 ἄφθαρτον,
1744 2427 1806 2454 οὔτε
1821 2426 1849 2454 τὸ
1873 2426 1904 2462 μὴ

1127 2470 1331 2507 φθαρησόμενον
1346 2472 1402 2507 (87)
1417 2473 1561 2509 γεννητόν·
1575 2474 1639 2501 ὃταν
1649 2474 1676 2499 δὲ
1688 2474 1738 2509 τὴν
1751 2474 1862 2509 ἀρίστην
1871 2481 1904 2502 τις

1125 2517 1214 2543 αἰτίαν
1236 2519 1370 2556 ἐπιστήσῃ
1393 2519 1443 2555 τὴν
1460 2521 1492 2546 ὲκ
1513 2519 1592 2551 Θεοῦ,
1608 2519 1658 2551 δεῖ,
1676 2520 1782 2555 ταύτην
1796 2518 1904 2555 ἠγεμόπ

1126 2563 1179 2590 τῶν
1194 2564 1303 2591 πάντων
1317 2565 1446 2597 λαϐόντα,
1463 2566 1545 2601 μηδὲν
1560 2566 1645 2601 αὐτὴν
1657 2566 1712 2592 τῶν
1723 2566 1812 2594 ἄλλων
1827 2564 1904 2592 αἰτίαν

1126 2611 1286 2644 ἀποφαίνειν
1303 2612 1423 2647 χείρονα.
1441 2612 1547 2639 Γελοῖον
1571 2613 1642 2648 γὰρ,
1661 2612 1728 2639 διότι
1751 2612 1801 2647 μὲν
1821 2607 1903 2645 γέγονέ

1126 2691 1170 2724 tur
1185 2688 1232 2715 τοῦ
1252 2697 1281 2715 τε
1302 2689 1338 2724 μὴ
1359 2689 1560 2724 ἀπολλυμένου,
1576 2689 1617 2715 vel
1637 2688 1675 2723 τῷ
1693 2698 1724 2715 τε
1743 2688 1781 2724 μὴ

1127 2723 1211 2758 μένῳ,
1229 2724 1270 2750 vel
1297 2723 1319 2751 si
1333 2723 1530 2758 ἀπολλύμενον
1554 2725 1734 2755 retinebitur,
1760 2723 1838 2758 paulo
1853 2724 1903 2756 post

1127 2734 1211 2758 μενῳ,
1230 2734 1270 2750 vel
1297 2734 1319 2751 st
1344 2734 1446 2751 αποΛλυ
1471 2734 1530 2751 ενον
1554 2734 1716 2751 reunetntnr
1726 2744 1734 2755 ,
1760 2734 1838 2758 paulu
1853 2734 1858 2756 ι

1126 2763 1264 2795 neutrum,
1278 2760 1317 2791 τό,
1332 2767 1394 2787 ante
1406 2734 1553 2795 ἄφθαρτον,
1568 2761 1667 2787 rectius
1680 2763 1858 2795 expungetur.

1161 2794 1217 2827 (86)
1232 2794 1311 2821 Forte
1327 2796 1380 2822 del.
1398 2796 1438 2822 τό.

1162 2829 1217 2863 (87)
1242 2831 1481 2864 Φθαρησόμενσν.
1505 2832 1543 2858 lta
1569 2830 1740 2858 correvimns
1766 2837 1799 2856 ex
1829 2828 1902 2854 altero

1126 2871 1190 2902 _ms.-,
1214 2864 1340 2892 vitiosum
1356 2866 1428 2893 enim
1452 2871 1510 2894 crat
1534 2867 1729 2902 γενησόμενον,
1756 2864 1827 2900 quod
1848 2867 1901 2889 ante

1125 2899 1272 2929 legebatur.
1289 2905 1318 2926 ut
1331 2906 1413 2928 patet.
