2061 3210
182 187 247 216 1517

743 185 904 214 ΡΒΑΞΡᾹΒ.
924 184 1052 214 EVANG.
1074 187 1138 215 LIB.
1159 187 1217 216 XV.

1731 189 1805 219 1518

177 257 217 277 τι.
230 247 276 275 διὰ
296 247 374 274 τοῦτο
397 246 547 283 φθαρῆναι·
564 247 588 272 εἰ
616 246 644 272 δὲ
664 246 678 272 ὁ
691 245 757 278 Θεὸς
774 245 907 281 βούλεται,
928 245 965 282 μὴ

1016 247 1089 281 quod
1104 255 1169 275 vero
1184 255 1239 275 non
1250 251 1354 282 pereat,
1367 247 1394 275 id
1409 255 1441 275 ea
1457 243 1549 275 solum
1560 255 1654 280 causa,
1669 248 1742 284 quod
1758 256 1806 277 or-

180 294 332 330 φθαρῆναι-
355 293 402 320 καὶ
417 292 482 319 διότι
500 293 548 327 μέν
571 301 596 318 τι
613 291 761 327 ἀγέννητόν
781 293 873 326 ἐστιν,
895 292 966 328 ἔχειν

182 341 259 376 ἰσχὺν
271 339 317 366 τοῦ
331 339 367 375 μὴ
383 339 531 374 φθαρῆναι·
545 339 593 374 τὴν
605 339 633 365 δὲ
656 338 730 374 παρὰ
748 338 816 365 Θεοῦ
841 338 967 374 βούλησιν

180 386 275 418 ἐνδεῖν,
291 385 359 421 πρὸς
374 386 405 411 τὸ
414 385 550 420 ἄφθαρτον
566 384 683 420 τηρῆσαί
696 393 723 410 τι
737 384 791 411 τῶν
803 384 965 420 γενομένων.

180 432 236 460 Καὶ
249 432 264 458 ὁ
279 433 327 467 μὲν
345 431 484 466 οἰκοδόμος
498 431 590 462 ἱκανὸς
605 431 655 457 οὐκ
669 429 750 457 οὖσαν
771 430 860 457 οἰκίαν
881 439 967 457 κατα-

181 478 382 505 σκευάσασθαι·
402 477 493 509 ἰκανὸς
505 477 533 503 δέ
549 485 591 508 τις
606 477 652 503 καὶ
673 476 819 512 ἀνδριάντα
842 475 879 512 μὴ
903 476 967 502 ὄντα

180 525 312 561 πρότερον
328 525 391 551 ὄντα
404 525 532 559 ποιῆσαι·
547 524 594 551 καὶ
609 524 675 550 ναῦν
689 524 768 555 ἄλλος
780 523 809 557 ἐξ
833 523 899 558 ὕλης
919 522 968 558 ἀρ-

179 570 228 604 γοῦ
246 572 445 606 τεκτηνάμενος
460 570 580 606 παρέσχε
596 572 651 602 τοῖς
666 570 802 605 δεομένοις
815 577 822 584 ·
839 569 886 596 καὶ
912 569 967 595 τῶν

179 618 267 644 ἄλλων
279 617 407 652 τεχνιτῶν
420 617 543 648 ἕκαστος,
562 617 619 643 ὅσοι
630 625 662 651 γε
676 615 725 648 τὰς
743 615 886 651 ποιητικὰς
901 623 966 650 μετ-

181 663 236 690 (ut
253 663 358 698 τέχνας,
373 663 486 698 δύναμιν
510 662 611 697 ταύτην
628 663 744 698 ἔχουσιν,
761 661 799 693 ὥς
813 670 839 687 τι
853 661 907 687 τῶν
917 660 968 686 οὐκ

180 709 264 736 ὄντων
280 710 357 743 ἄγειν
374 710 413 741 εἰς
429 709 542 736 cbo-law
560 710 574 735 ό
590 708 618 734 δὲ
634 707 822 744 παμϐασιλεῦς
839 707 887 733 καὶ
907 707 968 742 ἀρι-

181 755 336 790 στοτέχνης,
354 756 407 782 οὐδ’
420 756 480 782 ὅσον
495 755 666 791 ἀνθρωπίνου
683 754 804 790 τεχνίτου
827 753 967 788 δυνάμεως

181 802 299 837 μεθέξει,
316 803 427 837 ἄμοιρος
438 802 458 828 δ’
469 803 533 837 ἡμῖν
545 802 635 836 πάσης
647 801 722 827 ἔσται
735 800 883 834 γενέσεωςς
898 797 966 830 Οῦκ,

179 847 227 874 ὲάν
245 856 277 882 γε
303 848 371 875 κατὰ
403 848 489 884 βραχὺ
520 847 575 883 (88)
597 847 672 878 θείας
682 847 770 878 αἰτίας
792 844 966 880 ἐπιλογισμὸν

178 891 229 921 οἷοί
245 903 275 920 τε
288 891 364 930 ὧμεν
381 894 482 921 λαϐεῖν.
508 893 586 920 Ἀλλὰ
608 893 718 928 ποιῆσαι
736 893 785 928 μὲν
805 891 896 924 ἱκανὸς
920 889 967 917 καὶ

179 939 342 975 βουληθῆναι
355 941 389 968 τὰ
401 940 485 967 καλά·
502 939 624 974 (ἀγαθὸς
639 939 704 975 γὰρ,
726 937 821 973 ἀγαθῴ
835 937 864 964 δὲ
878 936 966 968 οὐδεὶς

178 985 276 1020 φθόνος
292 987 356 1022 περὶ
367 987 473 1018 οὐδενός
482 994 490 1002 ο
501 986 636 1022 )τηρῆοαι
654 986 682 1012 δὲ
697 986 745 1012 καὶ
753 984 916 1019 διαφυλάξαι
930 983 965 1010 τὰ

178 1032 311 1068 γενόμενα
321 1033 351 1059 οὺ
367 1032 476 1065 δυνατός
488 1039 495 1065 ;
507 1033 561 1059 Καὶ
577 1032 630 1068 μὴν
645 1032 691 1058 καὶ
709 1033 733 1058 οἱ
749 1031 837 1058 λοιποὶ
846 1032 965 1066 τεχνῖται

178 1078 248 1114 πρὸς
257 1079 340 1115 ἄμφω
353 1079 449 1106 ἱκανοί.
467 1079 495 1106 ’0
517 1078 582 1113 γοῦν
596 1079 734 1114 οἰκοδόμος
757 1079 804 1105 καὶ
823 1079 838 1105 ὁ
862 1086 967 1114 ναυπη-

178 1125 226 1158 γὸς
236 1125 266 1151 οὐ
280 1125 357 1160 μόνον
369 1125 464 1158 καινὰς
473 1124 721 1156 κατασκευάζονται
733 1124 801 1156 ναῦς
812 1124 858 1151 καὶ
866 1123 964 1156 οἰκίας,

177 1170 245 1197 ἀλλὰ
272 1171 319 1197 καὶ
343 1172 403 1203 ταῖς
421 1171 473 1198 ὑπὸ
492 1171 589 1207 χρόνου
613 1170 851 1206 διαφθειρομέναις
879 1171 966 1197 ἰκανοὶ

178 1216 301 1252 βοηθεῖν,
319 1218 399 1254 ’ἐτερα
423 1217 478 1253 τῶν
501 1217 696 1253 πεπονημένων
725 1216 965 1248 ἀντικαθιστάντες

177 1263 283 1296 αὐταῖς.
299 1265 378 1292 Ὥστε
392 1266 438 1292 καὶ
457 1265 496 1300 τῷ
523 1265 582 1300 Θεῷ
598 1266 706 1297 πάντως
729 1265 760 1292 τό
784 1273 816 1299 γε
837 1264 963 1292 τοσοῦτον

178 1311 378 1346 συγχωρητέον.
400 1313 432 1338 "O
444 1312 498 1348 γάρ
513 1311 567 1347 (89)
584 1320 625 1344 τις
638 1312 698 1338 ὅλον
709 1311 821 1346 ποιῆσαι
841 1311 963 1343 δυνατὸς,

175 1356 256 1382 τοῦτο
272 1356 330 1389 πῶς
344 1357 377 1384 ἂν
399 1359 431 1384 ὲκ
457 1358 556 1393 μέρους
578 1358 707 1390 ἀδύνατος
731 1358 774 1393 εἴη
788 1359 888 1391 ποιεῖν;
910 1359 966 1384 Καὶ

176 1401 304 1436 γενέσθαι
311 1403 400 1430 τοίνυν
411 1412 437 1430 τι
446 1404 486 1430 δεῖ
496 1404 599 1436 καινὸν,
611 1405 637 1431 εἰ
644 1413 675 1438 γε
685 1404 776 1440 μέλλοι
784 1413 825 1436 τις
837 1404 964 1439 ὂλως(90)

177 1448 303 1484 ποιητὴς,
317 1449 364 1476 καὶ
376 1450 406 1476 τὸ
421 1449 503 1477 καλὸν
515 1450 595 1486 ἔργον
608 1450 676 1486 πρὸς
687 1450 758 1477 ἅπαν
774 1448 963 1481 διασώζεσθαι.

177 1493 216 1519 Τὸ
228 1494 282 1529 γὰρ
290 1492 320 1521 εὖ
332 1495 475 1531 γενόμενον
486 1495 587 1523 ἐθέλειν
603 1496 687 1528 λύειν,
703 1495 804 1523 κακοῦ.
813 1495 922 1528 Μείζων
936 1495 965 1522 δὲ

176 1539 256 1572 ἄλλος
271 1542 310 1573 εἰς
327 1543 461 1577 σωτηρίαν
477 1543 531 1570 τῶν
551 1543 703 1578 γενομένων
725 1542 824 1578 δεσμὸς
842 1542 891 1569 οῦκ
908 1542 964 1568 ἐστι

175 1585 227 1620 τῆς
238 1585 284 1612 τοῦ
298 1586 365 1613 Θεοῦ
382 1587 540 1624 βουλήσεως.
555 1589 589 1615 Ἢ
600 1587 771 1624 ἀνθρωπίνης
786 1588 833 1623 μὲν
848 1587 966 1621 σπουδῆς
980 1597 1002 1627 C

176 1632 226 1658 καὶ
242 1631 393 1668 βουλήσεως
417 1634 600 1669 μεταλαϐόντα
616 1634 711 1667 πολλὰ,
740 1634 787 1661 καὶ
816 1633 878 1669 ἔθνη
892 1653 899 1665 ,
917 1634 964 1660 καὶ

177 1677 279 1709 πόλεις,
298 1679 344 1706 καὶ
355 1679 433 1714 ἔργα,
453 1680 527 1715 μένει
546 1681 641 1717 χρόνον
651 1681 792 1716 ἀμήχανον
809 1681 870 1706 ὅσον
889 1681 966 1714 γενό-

179 1733 257 1760 μενα,
271 1726 365 1761 μηκέτ’
381 1727 456 1759 ὄντος
470 1727 517 1754 τοῦ
540 1727 719 1763 θελήσαντος·
738 1727 772 1754 τὰ
795 1727 824 1753 δὲ
850 1727 899 1762 τῆς
919 1728 966 1753 τοῦ

177 1770 245 1797 Θεοῦ
259 1773 425 1807 μετασχόντα
442 1773 564 1809 γνώμης,
581 1775 628 1800 καὶ
645 1774 678 1800 δι’
689 1773 771 1799 αὐτὸν
789 1773 836 1799 καὶ
856 1773 901 1799 ὑπ’
918 1772 967 1798 αὐ-

177 1817 225 1843 τοῦ
241 1818 383 1853 γενόμενα,
398 1819 482 1846 ταῦτα
499 1820 529 1855 δὴ
547 1820 602 1855 ἄρα
618 1819 751 1855 παρόντος
771 1818 816 1845 τοῦ
837 1819 966 1854 ποιήσαν-

176 1870 223 1893 τος
235 1863 372 1898 οἰχήσεται
389 1865 435 1891 καὶ
449 1865 478 1891 οὺ
495 1867 665 1901 παραμενεῐ;
692 1865 770 1896 Τίνος
795 1864 884 1896 αἰτίας
909 1865 968 1899 βια-

179 1908 299 1943 σαμένης
311 1910 360 1945 τὴν
370 1910 415 1937 τοῦ
428 1911 494 1937 Θεοῦ
511 1911 622 1948 γνώμην
634 1920 641 1944 ;
654 1911 766 1947 πότερον
777 1911 826 1946 τῆς
838 1910 868 1943 ἐξ
878 1911 967 1937 αὐτῶν

177 1952 233 1980 τῶν
245 1955 395 1990 γενομένων
410 1957 549 1992 ἀνάγκης
581 1957 648 1983 Ἀλλ’
675 1958 743 1992 αὐτή
764 1965 806 1991 γε,
824 1956 863 1992 τῷ
884 1965 968 1992 προσ-

177 1998 257 2026 έσθαι
271 2000 300 2026 τὸ
311 2001 494 2037 κοσμηθῆναι,
509 2003 558 2039 τὴν
575 2003 606 2028 ὲκ
615 2002 660 2028 τοῦ
675 2002 742 2028 Θεοῦ
758 2001 967 2037 προσωμολόγη-

179 2053 225 2071 σεν
241 2043 332 2081 ἧτταν.
357 2048 425 2074 Ἀλλ’
442 2048 540 2080 ἔξωθέν
553 2057 625 2080 τινος
645 2048 734 2080 αἰτίας
750 2047 968 2083 ἀνταγωνιζομέ-

177 2099 228 2126 νης
242 2091 279 2127 τῷ
291 2092 350 2128 Θεῷ
362 2102 369 2126 ;
385 2094 442 2120 ἀλλ’
456 2094 512 2121 οὔτ’
525 2096 608 2128 ἐστὶν,
623 2095 683 2122 οὔτε
697 2096 726 2122 ὲν
736 2092 776 2126 οἷς
787 2094 856 2130 ἔφθη
867 2095 968 2130 κρατή-

177 2145 229 2168 σας
248 2138 294 2164 καὶ
311 2140 451 2175 κοσμήσας
468 2142 482 2168 ὁ
495 2141 570 2173 Θεὸς,
588 2141 627 2168 ἔτι
642 2141 716 2173 ἄξιον
727 2143 756 2168 ὲν
770 2141 873 2173 τούτοις
889 2141 968 2167 αὑτὸν

179 2181 308 2210 ἐλαττοῦν
322 2193 402 2217 τινος,
418 2186 444 2212 εἴ
456 2195 487 2220 γε
504 2186 540 2222 μὴ
551 2187 707 2214 παντάπασι
721 2187 886 2222 λανθάνομεν
895 2188 968 2222 ἡμᾶς

177 2228 277 2260 αὐτοὺς
293 2231 420 2266 περὶτῆς
444 2233 573 2268 μεγίστης
595 2234 640 2260 καὶ
663 2232 804 2268 θειοτάτης
827 2233 968 2268 δυνάμεως

177 2274 371 2312 διαλεγόμενοι.
403 2277 481 2305 Ἀλλὰ
497 2278 552 2314 γὰρ
567 2280 607 2311 εἰς
623 2279 669 2306 τὸν
687 2280 750 2315 περὶ
770 2280 818 2314 τῆς
840 2279 966 2315 ἀληθείας

177 2320 256 2355 λόγον
271 2322 397 2358 ἐοίκαμεν
408 2323 460 2350 ὑπὸ
474 2324 624 2360 προθυμίας
637 2325 809 2361 ἐκφέρεσθαι.
821 2325 904 2360 Δῆλον
917 2325 966 2361 μὲν

178 2367 227 2393 καὶ
241 2367 255 2393 ὂ
269 2368 442 2404 προύθέμεθα
454 2390 461 2402 ,
476 2369 514 2401 ὼς
530 2371 579 2396 οὐκ
599 2371 631 2397 ἂν
644 2369 697 2398 εἷεν
725 2371 878 2398 διδάσκαλοι
902 2371 965 2406 περὶ

177 2412 282 2447 κόσμου
301 2414 434 2448 γενέσεως
447 2416 471 2442 οἰ
487 2415 553 2450 μηδὲ
571 2415 620 2450 τὴν
642 2416 728 2452 ἀρχὴν
751 2417 856 2450 γένεσιν
873 2416 966 2443 ἀπολι-

177 2457 276 2490 πόντες
290 2460 373 2495 αὐτῷ.
388 2461 442 2487 Καὶ
458 2461 511 2496 μὴν
536 2462 583 2488 καὶ
603 2463 668 2497 περὶ
686 2462 735 2497 τῆς
752 2462 805 2488 τῶν
831 2462 966 2497 σωμάτων

177 2503 307 2541 πέμπτης
321 2506 424 2538 οὐσίας,
439 2507 472 2542 ἢν
485 2508 649 2543 εἰσηγήσατο
672 2509 869 2544 Ἀριστοτέλης,
880 2508 966 2535 ταῦτα

177 2551 354 2586 παραθετέον.

1018 297 1075 319 tum
1089 300 1230 328 nunquam
1246 293 1336 324 fuerit,
1353 297 1514 328 perpetuum
1530 301 1639 321 manere
1653 294 1780 322 defendat
1796 304 1805 323 :

1017 341 1156 372 postremo
1171 345 1204 365 ne
1223 337 1277 365 Deo
1290 339 1400 373 quidem
1420 338 1473 374 ipsi
1493 338 1557 366 boni
1573 339 1671 371 ullius,
1692 340 1715 367 si
1731 340 1805 374 velit,

1017 382 1150 410 efﬁciendi
1164 383 1218 410 vim
1237 391 1270 411 ac
1286 388 1446 419 potestatem
1466 384 1621 419 relinquat?
1648 384 1715 412 Nam
1732 385 1806 419 quod

1017 429 1093 463 prius
1106 430 1210 457 nullum
1223 432 1292 463 erat,
1307 431 1406 464 inquit,
1419 431 1446 458 id
1458 438 1519 458 esse
1529 435 1623 465 postea
1636 431 1710 458 nullo
1726 432 1807 458 modo

1018 479 1115 508 potest.
1143 477 1231 511 Atque
1249 477 1301 504 hoc
1322 476 1454 503 orationis
1480 483 1578 511 genere
1604 485 1620 504 a
1644 477 1805 504 stabilienda

1017 519 1140 548 Platonis
1150 521 1274 549 doctrina
1290 525 1394 549 tantum
1409 522 1495 554 abest,
1506 525 1536 548 ut
1550 529 1584 549 eo
1599 522 1691 557 potius
1705 521 1807 549 abster-

1018 566 1086 594 ritos
1102 575 1135 594 ex
1151 567 1186 595 iis
1204 567 1370 600 nonnullos',
1387 567 1434 602 qui
1461 567 1583 595 studiose
1605 567 1745 595 Platonem
1761 574 1806 595 se-

1018 614 1182 648 quebantur,
1196 614 1230 641 ab
1246 615 1340 642 eadem
1357 614 1492 642 sententia
1507 615 1663 642 dimoverit.
1676 615 1710 642 At
1720 615 1739 642 ii
1753 615 1807 642 sci-

1017 659 1081 686 licet
1097 659 1189 687 videre
1202 668 1257 687 non
1276 665 1438 695 potuerunt;
1459 661 1482 688 si
1498 661 1607 696 quidem
1622 669 1713 688 rerum
1731 661 1807 696 ipsa-

1019 712 1079 732 rum
1097 709 1193 732 natura
1210 713 1257 740 per
1271 713 1341 739 sese,
1364 709 1446 740 atque
1459 714 1473 733 a
1490 705 1535 734 Dei
1550 706 1689 734 voluntate
1704 714 1736 734 ac
1752 714 1805 733 nu-

1018 749 1092 777 mine
1106 750 1229 785 sejuncta
1243 755 1395 785 spectetur,
1413 758 1500 786 neque
1528 751 1599 786 quod
1616 757 1706 779 ortum
1722 751 1807 779 semel

1018 799 1070 828 est,
1089 795 1116 823 id
1130 796 1164 822 ab
1177 795 1288 822 interitu
1302 795 1416 823 liberum
1430 796 1563 828 futurum,
1582 804 1670 832 neque
1684 796 1806 824 vicissim

1018 841 1090 877 quod
1115 841 1237 869 interibit
1260 849 1420 876 nunquam,
1447 842 1518 869 idem
1541 847 1630 869 ortum
1659 842 1806 878 aliquando

1019 894 1095 914 esse:
1106 886 1147 914 sin
1158 891 1247 914 autem
1257 887 1394 922 praecipua
1408 887 1507 914 divina:
1519 895 1609 914 causa:
1623 887 1693 915 ratio
1708 887 1807 915 habea-

982 922 1003 949 Β
1017 935 1078 965 tur,
1094 939 1188 959 verum
1201 939 1262 959 esse
1277 931 1415 966 profecto,
1432 937 1461 959 ut
1475 940 1507 960 ea
1518 933 1602 960 semel
1615 933 1737 960 omnium
1749 933 1806 960 dux

1015 977 1196 1013 princepsque
1232 979 1395 1012 constituta,
1425 979 1511 1006 nihilo
1540 979 1635 1006 saltem
1672 979 1807 1007 infirmior

1016 1032 1098 1059 quam
1116 1028 1220 1051 caetera:
1234 1024 1316 1059 803
1334 1024 1506 1059 deteriorque
1518 1029 1672 1052 censeatur.
1698 1025 1806 1053 Etenim

1015 1070 1160 1097 ridiculum
1185 1069 1279 1104 utique
1304 1069 1401 1101 fuerit.
1423 1070 1497 1105 quod
1520 1074 1611 1097 ortum
1636 1070 1739 1105 aliquid
1758 1070 1804 1101 sit;

1016 1119 1157 1151 propterea
1173 1115 1200 1142 id
1216 1116 1373 1150 corrumpi;
1395 1115 1466 1142 idem
1480 1115 1503 1143 si
1519 1116 1656 1151 corrumpi
1670 1115 1742 1144 Deus
1759 1123 1807 1144 vo-

1016 1161 1106 1195 luerit,
1123 1169 1175 1188 non
1189 1162 1326 1196 corrumpi
1349 1171 1355 1188 :
1374 1161 1515 1195 similiter,
1532 1162 1604 1196 quod
1626 1161 1727 1197 aliquid
1742 1167 1806 1190 ortu

1016 1211 1122 1239 careat,
1144 1211 1286 1241 propterea
1308 1207 1433 1234 interitus
1452 1207 1502 1234 abs
1515 1215 1544 1234 se
1562 1207 1738 1242 propulsandi
1750 1207 1805 1234 vim

1016 1253 1131 1286 habere;
1149 1252 1268 1280 divinam
1288 1257 1382 1280 contra
1405 1253 1571 1280 voluntatem
1598 1253 1690 1281 minus
1704 1253 1806 1281 habere

1016 1299 1131 1331 virium,
1148 1307 1228 1334 quam
1251 1303 1281 1326 ut
1300 1299 1449 1334 quidquam
1464 1307 1556 1326 eorum
1567 1320 1574 1332 ,
1591 1307 1652 1334 quae
1677 1304 1804 1335 generata

1016 1349 1095 1378 sunt,
1117 1345 1151 1372 ab
1164 1345 1276 1372 interitu
1297 1345 1413 1372 liberare
1428 1344 1524 1380 possit.
1545 1345 1586 1372 An
1603 1353 1666 1373 vero
1681 1346 1804 1377 domum.

1016 1399 1076 1425 quae
1092 1391 1165 1418 nulla
1177 1396 1235 1418 erat
1249 1391 1414 1418 architectus
1428 1396 1569 1419 exstruere
1581 1391 1805 1427 poterit,signum

1016 1436 1085 1464 alius
1105 1437 1219 1470 efficere,
1229 1437 1302 1472 quod
1316 1442 1378 1464 ante
1389 1444 1442 1464 non
1455 1443 1536 1471 esset,
1545 1437 1616 1465 alius
1627 1445 1660 1465 ex
1674 1438 1736 1465 rudi
1746 1445 1806 1464 ma-

1016 1483 1082 1510 teria
1098 1483 1188 1510 navim
1204 1483 1237 1510 iis
1254 1483 1354 1518 quibus
1372 1490 1441 1518 opus
1455 1483 1499 1509 illa
1516 1483 1561 1515 sit,
1581 1483 1714 1510 aedificare
1731 1492 1738 1510 :
1753 1491 1803 1518 po-

1017 1533 1119 1556 stremo
1127 1529 1285 1564 quicunque
1298 1528 1324 1555 in
1336 1528 1513 1556 etl‘ectricium
1529 1529 1628 1556 artium
1644 1529 1805 1557 tractatione

1017 1579 1172 1607 versantur,
1190 1574 1292 1609 aliquid
1314 1578 1343 1601 ut.
1358 1575 1403 1608 sit,
1416 1576 1487 1610 quod
1504 1576 1580 1610 prius
1595 1583 1649 1603 non
1666 1580 1734 1609 erat,
1750 1576 1806 1603 elli-

1019 1621 1107 1648 ciendi
1123 1621 1176 1648 vim
1194 1620 1351 1648 habebunt:
1374 1629 1463 1656 regem
1480 1622 1556 1648 illum
1581 1622 1711 1655 universi,
1740 1622 1805 1649 arti-

1016 1667 1149 1702 ticcmque
1171 1668 1446 1702 prazstantissimum,
1472 1669 1615 1703 potestatis
1643 1676 1677 1696 ne
1697 1673 1804 1696 tantum

1016 1713 1137 1749 quidem,
1164 1718 1297 1748 quantum
1315 1714 1457 1740 mortalem
1484 1714 1607 1748 opificem
1623 1714 1722 1742 habere
1739 1722 1805 1742 con-

1016 1759 1154 1792 cedemus,
1168 1760 1296 1796 omnique
1309 1768 1371 1787 cum
1386 1761 1531 1792 generandi
1548 1761 1675 1789 facultate
1687 1762 1805 1797 privabi-

1016 1804 1097 1831 mus?
1113 1803 1257 1839 Nunquam
1274 1805 1404 1839 profecto,
1418 1805 1440 1832 si
1455 1805 1488 1833 de
1505 1814 1587 1833 causa
1601 1807 1646 1833 illa
1657 1807 1747 1834 divina
1764 1807 1805 1834 vel

1017 1851 1159 1877 minimum
1183 1851 1248 1886 quid
1267 1851 1359 1878 animo
1379 1851 1528 1879 informare
1552 1853 1712 1887 poterimus.
1734 1853 1806 1886 Quid

1017 1897 1119 1932 igitur?
1143 1897 1183 1924 An
1201 1897 1268 1924 forte
1286 1898 1426 1932 (quoniam
1442 1900 1498 1932 ipse
1512 1898 1600 1926 bonus
1621 1903 1679 1931 est,
1704 1900 1804 1926 bonum

1017 1947 1106 1969 autem
1121 1942 1222 1970 nullius
1241 1942 1278 1969 rei
1296 1943 1403 1977 copiam
1420 1942 1532 1977 invidet)
1545 1943 1614 1970 bona
1625 1943 1731 1971 eflicere
1742 1952 1805 1972 cum

1016 1987 1119 2022 possit,
1141 1992 1197 2015 tum
1220 1989 1301 2015 etiam
1326 1989 1407 2021 velit;
1428 1996 1489 2023 quae
1513 1994 1602 2016 tamen
1627 1989 1720 2017 effecta
1738 1991 1802 2022 sint,

1017 2043 1177 2062 conservare
1191 2035 1261 2062 idem
1274 2036 1399 2070 tuerique
1415 2043 1470 2062 non
1484 2035 1588 2070 possit?
1610 2035 1644 2062 At
1654 2035 1743 2063 caeteri
1757 2043 1804 2062 ar-

1018 2080 1104 2108 tilices
1119 2085 1265 2115 utrumque
1279 2085 1403 2115 possunt.
1422 2081 1570 2108 Architecti
1586 2080 1695 2115 quidem
1713 2085 1741 2108 et
1759 2088 1794 2108 na

1018 2126 1091 2154 vium
1106 2126 1301 2158 zedificatores,
1327 2134 1381 2153 non
1406 2130 1511 2153 tantum
1529 2134 1613 2154 novas
1632 2134 1680 2154 scu
1695 2126 1793 2153 domos

1019 2179 1066 2199 seu
1088 2179 1171 2198 naves
1196 2171 1361 2204 moliuntur,
1381 2172 1429 2199 sed
1442 2172 1475 2199 iis
1490 2172 1573 2199 etiam
1587 2176 1708 2206 tempore
1724 2171 1805 2198 vitia-

1019 2219 1064 2251 tis,
1081 2223 1171 2253 parles
1189 2217 1258 2245 alias
1278 2223 1468 2253 corruptarum
1486 2218 1512 2245 in
1531 2218 1622 2245 locum
1635 2217 1804 2250 suﬁiciendo,

982 2271 1004 2298 1)
1019 2264 1120 2292 mederi
1135 2268 1259 2299 possunt.
1284 2263 1374 2296 Quare
1389 2264 1558 2292 tantumdem
1582 2264 1695 2291 omnino
1709 2263 1805 2290 saltem

1020 2310 1075 2338 Deo
1099 2310 1302 2338 concedendum
1318 2315 1369 2337 est.
1397 2310 1474 2343 Quod
1489 2309 1563 2336 enim
1589 2313 1674 2336 totum
1701 2308 1806 2336 ellicere

1019 2358 1082 2392 quis
1101 2357 1235 2392 potuerit,
1249 2357 1387 2392 quomodo
1408 2365 1441 2384 ev
1456 2361 1532 2391 parte
1549 2356 1575 2383 id
1593 2356 1681 2391 ipsum
1698 2355 1804 2382 efﬁcere

1019 2411 1073 2431 non
1087 2402 1188 2438 possit?
1203 2401 1307 2437 Itaque,
1331 2402 1355 2430 si
1370 2401 1432 2437 quis
1447 2410 1509 2430 vere
1525 2410 1558 2430 ac
1572 2402 1680 2437 proprie
1694 2401 1805 2428 effector

1017 2450 1149 2483 erit,cum
1161 2449 1221 2483 ejus
1236 2456 1336 2475 novum
1350 2448 1458 2483 aliquod
1472 2455 1540 2484 opus
1548 2453 1665 2480 exstare,
1674 2452 1728 2474 tum
1741 2447 1806 2473 illud

1019 2496 1042 2524 si
1056 2496 1157 2522 bonum
1175 2494 1265 2527 fuerit,
1289 2493 1324 2521 ab
1339 2495 1434 2521 eodem
1462 2495 1592 2522 adversus
1608 2501 1718 2521 omnem
1735 2493 1806 2527 inju-

1020 2542 1088 2569 riam
1112 2539 1268 2568 conservari
1291 2540 1435 2575 oportebit.
1459 2540 1563 2567 Bonum
1578 2541 1649 2567 enim
1670 2539 1726 2575 jam
1743 2539 1806 2575 eff-

178 2602 255 2624 ctum
270 2599 337 2625 velle
347 2599 506 2632 dissolvere,
524 2601 586 2628 mali
603 2601 697 2636 utique
712 2600 802 2628 fuerit.
833 2600 917 2629 Porro
930 2601 963 2628 ad
982 2608 1014 2628 ea
1048 2606 1110 2633 qua;
1125 2597 1195 2625 facta
1231 2601 1296 2624 sunt
1316 2597 1501 2624 conservanda
1513 2617 1520 2629 ,
1544 2603 1598 2623 11οη
1621 2595 1693 2623 aliUd
1716 2595 1806 2622 ἀίνίιηι

178 2642 318 2671 voluntate
333 2643 430 2672 fortius
443 2645 581 2673 vinculum
597 2655 657 2674 esse
671 2647 766 2681 possit.
781 2646 851 2679 Quid
866 2646 962 2675 enim?
980 2654 1014 2674 an
1031 2644 1131 2681 populi,
1150 2644 1243 2676 urbes,
1259 2650 1396 2678 operaque
1427 2650 1509 2677 quam
1539 2642 1655 2677 plurima
1667 2664 1673 2675 ,
1691 2648 1752 2685 cum
1765 2647 1805 2668 se-

177 2687 235 2715 mel
251 2688 393 2716 hominum
422 2690 542 2718 studium
563 2699 595 2718 ac
609 2691 736 2719 voluntas
766 2693 922 2724 accesserit,
956 2690 1063 2718 inﬁnito
1081 2689 1199 2724 quodam
1234 2693 1354 2723 tempore
1375 2687 1416 2723 (ut
1434 2687 1537 2721 pridem
1553 2695 1614 2715 esse
1627 2687 1747 2719 desierit,
1759 2685 1805 2721 qui

179 2734 299 2771 primum
314 2736 350 2763 ita
368 2736 511 2772 voluerat),
528 2737 674 2765 constituta
691 2742 801 2764 manent
813 2747 820 2764 :
831 2745 891 2772 quae
902 2745 965 2765 vero
984 2737 1033 2765 Dei
1048 2740 1107 2763 orla
1122 2735 1248 2766 consilio,
1265 2743 1326 2770 qua:
1339 2739 1448 2769 propter
1463 2734 1563 2768 ipsum,
1590 2738 1673 2769 atque
1687 2734 1720 2761 ab
1748 2735 1806 2768 ipso

179 2781 300 2817 perfecta
321 2783 393 2816 sint,
408 2791 439 2810 ea
458 2788 589 2818 praesente
613 2784 676 2812 licet
697 2783 836 2818 efl‘ectore,
870 2784 975 2819 dilapsa
1003 2783 1172 2822 interibunt?
1193 2783 1259 2815 Quae
1281 2789 1364 2809 causa
1385 2785 1487 2808 tantam
1509 2780 1561 2807 vim
1585 2780 1678 2808 afferet
1708 2781 1806 2808 divime

220 2883 275 2920 (83)
292 2884 371 2920 Κιιτίι
393 2885 503 2918 βραχύ.
529 2885 603 2912 Ferri
627 2891 724 2920 potest.
748 2885 853 2916 Mallem
878 2890 966 2914 tamen

182 2919 230 2947 καὶ
247 2919 348 2954 apex-(iv
361 2928 420 2946 τινα
437 2920 520 2955 θείας,
539 2926 590 2951 etc.

1059 2884 1113 2918 (89)
1125 2885 1160 2921 :0
1179 2883 1246 2921 γάρ
1260 2883 1384 2921 Rectius,
1398 2889 1428 2913 ut
1442 2885 1555 2918 videtur,
1574 2892 1625 2912 m3.
1645 2885 1658 2911 ό
1671 2885 1737 2921 γάρ.

1058 2921 1112 2955 (90)
1125 2919 1204 2947 Forte
1215 2920 1276 2947 add.
1297 2918 1374 2947 εἶναι.
