2061 3210
266 148 336 178 1319
593 147 731 177 EUSEBII
756 147 996 177 C/ESARIENSIS
1015 147 1092 175 OPP.
1113 147 1205 176 PARS
1222 147 1255 176 ll.
1276 163 1310 170 —
1329 147 1586 176 APOLOGETICA.
1836 153 1901 182 1520

265 209 419 236 voluntati?
448 208 488 235 An
503 216 537 236 ex
556 208 637 236 rebus
655 209 732 243 ipsis,
752 216 813 243 quae
828 207 907 236 facta:
926 209 990 241 sint,
1009 208 1129 244 profecta
1150 209 1320 237 necessitas?
1334 209 1369 237 At
1383 209 1429 237 illa
1456 209 1496 237 vel
1521 209 1574 237 hoc
1593 209 1663 245 ipso,
1687 210 1760 246 quod
1775 211 1841 247 tingi
1857 219 1901 239 eas

263 255 428 292 (imponique
446 256 581 291 permisit.
600 257 700 284 victam
729 263 759 284 se
778 264 793 283 a
812 255 869 283 Deo
887 264 919 284 ac
933 261 1089 292 superatam
1110 256 1237 284 confessa
1253 261 1306 284 est.
1335 257 1377 284 An
1399 257 1454 284 Deo
1477 265 1559 285 causa
1587 258 1712 292 quaedam
1734 258 1902 288 extrinsecus

263 302 530 338 adversatur-'2805.
543 304 578 329 At
591 310 641 330 nec
656 302 710 330 ulla
723 303 784 330 talis
797 308 853 336 est;
869 310 920 330 nec
937 303 960 330 si
972 307 1055 336 esset,
1074 311 1168 330 verum
1185 308 1277 332 tamen
1314 303 1395 336 foret,
1419 304 1516 338 Deum,
1535 305 1636 340 quibus
1658 304 1685 331 in
1704 304 1788 332 rebus
1820 305 1901 333 etiam

264 349 423 377 ordinandis
439 349 564 384 superior
587 350 642 384 jam
664 349 755 381 fuerit,
774 350 802 377 in
817 350 860 377 his
894 350 961 384 ipsis
979 350 1070 384 aliqua
1089 350 1198 378 demum
1217 350 1373 378 inferiorem
1390 350 1489 378 ducere
1506 351 1579 379 :nisi
1597 351 1667 378 forte
1696 351 1775 378 nobis
1796 350 1831 378 de
1845 358 1902 378 ma-

265 395 338 421 ximo
362 395 534 430 maximeque
557 395 650 422 divino
673 394 790 422 Numine
811 402 965 422 sermonem
994 402 1055 422 esse
1077 395 1187 429 penitus
1222 395 1390 430 ignoremus.
1423 394 1477 423 Sed
1509 396 1580 423 enim
1597 395 1624 422 in
1643 395 1715 422 hanc
1729 403 1777 430 pro
1790 394 1901 422 veritate

264 441 476 475 disputationem
497 442 699 469 vehementiore
719 442 838 476 quodam
866 441 957 469 studio
977 440 1101 468 videmur
1127 448 1189 468 esse
1199 441 1290 468 delati.
1307 440 1421 468 Planum
1448 442 1558 477 quidem
1579 441 1645 468 illud
1671 440 1799 473 fecimus,
1829 442 1900 476 quod

263 488 433 522 propositum
456 488 535 515 nobis
547 492 616 519 erat,
637 488 670 515 de
686 488 780 515 mundi
801 488 910 515 conditu
924 487 1050 515 doctores
1070 486 1132 514 illos
1165 495 1306 522 nunquam
1331 488 1451 519 futuros,
1471 487 1519 523 qui
1555 495 1589 515 ne
1601 487 1718 523 primum
1735 488 1845 522 quidem
1860 488 1900 514 ul‘

264 533 319 560 lum
346 533 396 568 ipsi
419 539 510 562 ortum
532 534 698 568 relinquant.
719 543 728 560 ι
748 534 882 562 Caeterum
903 535 937 562 de
955 535 1051 570 quinta
1070 533 1154 561 etiam
1170 541 1316 569 corporum
1351 535 1482 566 essentia,
1500 542 1582 570 quam
1597 533 1704 562 induxit
1730 533 1898 562 Aristoteles-

266 587 327 615 quae
342 585 493 616 sequuntur
508 581 632 608 addenda
645 585 718 608 sunt.

569 636 682 665 CAPUT
705 637 760 665 Vil.

263 695 391 731 Ejusdem
401 696 526 724 adversus
541 697 671 729 eumdem,
683 697 803 731 quintam
814 705 952 730 corporum
965 704 1052 722 essen-

297 732 363 772 tiant
380 731 643 766 inducentem,quam
661 740 741 767 neque
752 731 864 766 Moyses,
878 740 957 766 neque
977 731 1053 758 Plato

300 772 382 794 ηουιι.

300 833 310 849 ι
326 823 392 857 Quae
406 823 487 859 vulgo
504 823 633 851 dicuntur
650 823 797 857 elementa,
824 823 925 859 quibus
942 830 973 849 ex
996 822 1053 857 pri-

263 870 315 897 mis
329 876 442 904 corpora
460 869 575 896 conﬂata
589 874 702 902 sunt,ea
711 869 787 897 Plato
800 873 967 904 perspectam
982 869 1054 904 ipso—

263 924 322 942 rum
338 916 516 947 evidentiam,
535 920 562 943 et
576 916 746 950 superiorum
763 915 987 950 philosophorum
1004 923 1053 942 au-

264 961 416 988 ctoritatem
432 966 679 997 seculus,quatuor
695 962 850 996 posuil,illa
862 962 918 996 ipsa
930 962 1052 988 omnium

261 1007 434 1035 confessione
465 1008 596 1043 probata,
622 1009 729 1043 ignem,
757 1012 876 1041 terram,
904 1016 994 1035 aerem
1026 1013 1053 1035 et

262 1062 373 1088 aquam,
388 1062 421 1081 ex
433 1054 533 1089 quibus
547 1054 617 1081 inter
638 1062 698 1081 sese
722 1054 878 1088 temperatis
895 1058 976 1088 atque
993 1062 1052 1081 mu-

263 1101 337 1133 tatis,
352 1105 449 1127 caatera
463 1100 554 1127 omnia
569 1105 742 1134 generentur.
757 1101 792 1126 At
804 1108 869 1127 vero
881 1100 1051 1134 Aristoteles,

261 1152 324 1171 cum
342 1145 560 1176 excellentioris,
587 1150 616 1172 ut
638 1145 756 1177 videtur,
781 1146 920 1180 sapientiae
944 1146 1052 1173 laudem

262 1196 394 1226 speraret,
411 1191 435 1218 si
448 1199 548 1219 umum
574 1191 684 1226 aliquod
699 1192 810 1226 insuper
824 1199 925 1227 corpus
943 1192 1052 1220 invehe-

262 1243 313 1271 ret,
333 1239 405 1266 notis
421 1238 474 1264 illis
487 1242 606 1272 quatuor
617 1238 740 1272 quintam
755 1237 879 1272 adjnnxit
891 1238 1049 1265 essentiam.

261 1283 290 1310 In
305 1292 360 1319 quo
373 1283 513 1318 splendide
525 1291 638 1318 prorsus
653 1291 684 1311 ac
701 1284 844 1318 magniliee
860 1290 984 1311 naturam
1003 1285 1051 1312 ha—

261 1330 321 1356 buit
335 1330 379 1356 ille
399 1329 508 1364 quidem
527 1329 594 1357 :sed
608 1329 734 1357 videlicet
753 1337 808 1356 non
832 1329 974 1363 intellexit,
992 1331 1051 1366 ejus

262 1384 314 1403 non
331 1383 391 1403 esse
405 1375 452 1411 qui
472 1382 501 1403 se
518 1375 705 1410 physiologum
725 1375 878 1410 proﬁtetur,
897 1375 969 1410 leges
983 1384 1050 1404 con-

262 1424 335 1456 dere,
350 1422 396 1450 sed
415 1427 520 1449 tantum
536 1430 596 1457 qua:
612 1426 718 1448 natura:
733 1422 842 1457 propria
859 1426 923 1450 sunt
935 1423 1051 1458 diligen-

261 1474 301 1496 ter
318 1469 465 1504 explicare.
492 1467 582 1501 Quare
604 1468 636 1495 ad
654 1468 714 1503 ejus
728 1468 970 1496 demonstrationis
984 1469 1050 1502 vim,

260 1523 321 1550 quae
337 1515 439 1550 primas
451 1519 572 1550 quatuor
588 1522 649 1542 esse
660 1522 805 1550 corporum
819 1519 933 1542 naturas
941 1515 1049 1549 elliciat,

259 1570 313 1596 qua
326 1569 392 1589 sane
403 1561 535 1588 Platonici
560 1568 629 1596 opus
647 1560 758 1593 habent,
772 1569 826 1588 non
842 1562 922 1589 modo
937 1560 1051 1596 Peripa-

260 1608 358 1635 teticus
379 1607 457 1634 all‘crt
474 1606 558 1640 nihil,
579 1607 625 1634 sed
642 1607 723 1634 ctiam
741 1607 807 1635 huic
830 1614 898 1642 pene
913 1607 988 1635 solus
1003 1607 1051 1634 ad—

261 1657 395 1680 versatur.
409 1652 476 1680 Cum
493 1652 566 1680 enim
582 1660 682 1687 corpus
700 1661 791 1686 omne,
806 1653 924 1680 calidum
943 1657 990 1680 aut
1007 1653 1051 1680 l’ri~

260 1699 368 1735 gidum,
387 1699 529 1726 humidum
551 1703 598 1726 aut
618 1699 740 1733 siccum,
764 1699 844 1726 molle
867 1704 915 1726 aut
938 1699 1050 1733 durum,

260 1746 318 1773 leve
340 1750 387 1773 aut
411 1753 493 1781 grave
503 1767 510 1779 ,
533 1753 626 1773 rarum
644 1750 692 1773 aut
705 1746 820 1774 densum
833 1753 894 1774 esse
905 1746 1027 1773 dicamus
1041 1755 1049 1780 ;

260 1793 453 1827 videamusque
472 1792 545 1820 aliud
559 1793 663 1820 nullum
677 1798 775 1828 praster
792 1793 836 1820 illa
856 1797 974 1828 quatuor
990 1800 1051 1820 esse

259 1846 350 1874 posse,
366 1839 437 1873 quod
454 1838 495 1866 his
510 1845 525 1866 e
553 1839 756 1866 conditionibus
773 1839 891 1874 aliquam
920 1839 1050 1866 sortiatur

260 1884 334 1920 (nam
344 1885 365 1911 si
375 1885 492 1911 calidum
500 1884 599 1918 sit,’aut
608 1884 678 1920 ignis
684 1886 744 1916 erit,
757 1888 803 1911 aut
812 1892 868 1917 aer;
877 1885 900 1912 si
910 1883 1048 1920 frigidum,

259 1929 440 1964 velaqua,vel
449 1934 519 1957 terra
529 1939 535 1956 :
545 1929 586 1957 sin
596 1934 686 1957 autem
698 1929 800 1957 siccum
812 1928 903 1962 fuerit,
911 1934 958 1956 aut
968 1929 1048 1964 ignis,

1380 632 1578 660 ΚΕΦΑΛΑΙΟΝ
1596 633 1632 659 Ζ’.

1108 690 1163 718 Τοῦ
1180 689 1275 717 αὐτοῦ
1288 689 1364 724 πρὸς
1384 690 1439 716 τὸν
1459 689 1567 720 αὐτὸν,
1594 688 1732 723 πέμπτην
1753 690 1898 724 σωμάτων

1140 725 1357 759 ὑποτιθέμενον
1383 725 1503 757 οὐσίαν,
1531 724 1572 758 ἣν
1590 725 1659 751 οὔτε
1677 725 1812 760 Μωῦσῆς
1829 727 1897 754 οῠιε

1143 761 1272 788 Πλάτων
1285 760 1434 795 γινώσκει.

1140 818 1231 854 «Περὶ
1249 817 1315 852 γοῦν
1345 817 1400 844 τῶν
1433 817 1607 853 καλουμένων
1639 819 1793 854 στοιχείων,
1817 818 1847 852 ὲξ
1860 817 1896 846 ὧν

1104 864 1221 900 πρώτων
1233 863 1348 899 σώματα
1363 864 1641 898 συνέστηκε,Πλάτων
1656 865 1705 900 μὲν
1720 867 1852 901 ἑπόμενος
1862 870 1894 903 τῇ

1104 912 1167 948 περὶ
1179 911 1248 937 αὐτὰ
1261 911 1400 946 ἐναργείᾳ,
1418 911 1544 946 καθάπερ
1553 911 1599 938 καὶ
1614 913 1638 938 ot
1656 913 1709 948 πρὸ
1721 913 1814 944 αὑτοῦ,
1834 913 1896 940 τέσ-

1105 957 1176 991 σαρά
1187 965 1217 983 τε
1234 956 1334 992 ἔφησεν
1351 954 1424 982 εἶναι
1434 956 1519 983 ταῦτα
1535 956 1747 992 ὁμολογούμενα,
1760 959 1826 994 πῦρ,
1848 960 1895 986 καὶ

1103 1003 1165 1039 γῆν,
1181 1003 1229 1030 καὶ
1248 1002 1327 1038 ἀέρα,
1344 1003 1390 1029 καὶ
1409 1002 1497 1038 ὕδωρ,
1513 1003 1560 1030 καὶ
1582 1005 1614 1030 ὲκ
1631 1004 1734 1031 τούτων
1751 1013 1893 1041 τάγκρινο-

1105 1050 1193 1084 μένων
1211 1049 1257 1076 καὶ
1273 1049 1448 1085 τρεπομένων
1470 1049 1504 1075 τὰ
1520 1049 1602 1076 λοιπὰ
1615 1050 1704 1077 πάντα
1729 1052 1891 1085 γεννᾶσθαι·

1109 1095 1296 1132 Ἀριστοτέλης
1317 1095 1364 1127 δὲ,
1380 1096 1418 1127 ὡς
1441 1095 1527 1122 ἔοικεν
1540 1116 1547 1127 ,
1571 1096 1683 1129 ἐλπίσας
1707 1099 1895 1135 περιττότερος

1103 1141 1243 1177 φανεῖσθαι
1258 1141 1296 1177 τῷ
1310 1143 1428 1177 φρονεῖν,
1445 1141 1508 1168 εἴτι
1524 1142 1604 1178 σῶμα
1616 1143 1649 1169 ὲκ
1666 1144 1794 1179 περιποῦ
1811 1153 1896 1180 προς»

1103 1188 1174 1224 θείη,
1199 1186 1460 1222 προσκατηρίθμησε
1491 1189 1546 1219 τοῖς
1574 1188 1747 1223 φαινομένοις
1765 1190 1895 1226 τέτταρσι

1103 1234 1210 1269 σώμασι
1226 1233 1274 1269 τὴν
1287 1233 1415 1269 πέμπτην
1427 1234 1520 1260 οὐσίαν
1533 1242 1539 1249 ·
1557 1235 1626 1261 πάνυ
1643 1235 1691 1269 μὲν
1703 1235 1837 1272 λαμπρῶς
1848 1239 1896 1264 καὶ

1102 1281 1256 1318 φιλοδώρως
1279 1283 1312 1317 τῇ
1345 1282 1425 1316 φύσει
1444 1283 1634 1319 χρησάμενος,
1667 1285 1704 1321 μὴ
1724 1286 1838 1313 συνιδὼν
1852 1288 1892 1317 δὲ,

1101 1327 1142 1353 ὅτι
1159 1328 1190 1354 οὐ
1210 1328 1364 1362 νομοθετεῖν
1376 1328 1415 1354 δεῖ
1438 1329 1659 1363 φυσιολογοῦντα.
1675 1331 1709 1358 τὰ
1723 1331 1752 1358 δὲ
1765 1332 1816 1367 τῆς
1842 1334 1895 1367 φύ-

1102 1382 1171 1406 σεως
1183 1374 1268 1409 αὐτῆς
1280 1373 1438 1410 ὲξιστορεῖν.
1451 1375 1498 1407 Εἰς
1518 1376 1607 1403 τοίνυν
1622 1378 1672 1413 τὴν
1687 1378 1824 1412 ἀπόδειξιν
1845 1380 1893 1406 τοῦ

1101 1419 1234 1456 τέτταρας
1254 1418 1323 1447 εἶναι
1344 1420 1394 1452 τὰς
1413 1421 1528 1457 πρώτας
1546 1422 1599 1449 τῶν
1619 1424 1754 1459 σωμάτων
1779 1425 1892 1459 φύσεις,

1100 1462 1135 1502 ἦς
1148 1465 1179 1500 δὴ
1193 1465 1271 1501 χρεία
1291 1467 1347 1497 τοῖς
1357 1466 1551 1499 Πλατωνικοῖς,
1568 1468 1599 1494 οὐ
1617 1469 1696 1503 μόνον
1716 1470 1765 1496 οὐκ
1784 1471 1817 1497 ἂν
1835 1480 1896 1497 συν-

1101 1511 1190 1546 τελοίη
1209 1511 1260 1537 τιὸ
1275 1508 1510 1547 Περιπατητικὸς,
1541 1513 1608 1540 ἀλλὰ
1625 1514 1718 1549 σχεδὸν
1740 1515 1788 1541 καὶ
1813 1516 1895 1550 μόνος

1100 1557 1240 1583 ὲναντιοίτ¹
1254 1556 1296 1583 ἄν.
1312 1556 1455 1591 Λεγόντων
1472 1557 1537 1591 γοῦν
1553 1559 1630 1594 ήμῶν
1642 1579 1650 1591 ,
1677 1560 1718 1586 ὅτι
1738 1561 1792 1587 πᾶν
1812 1561 1894 1596 σῶμα

1100 1603 1117 1639 ἢ
1140 1602 1240 1638 θερμὸν
1254 1602 1270 1637 ἢ
1284 1602 1404 1638 ψυχρὸν,
1422 1602 1438 1638 ἢ
1459 1603 1542 1639 ῡγρδν
1556 1603 1573 1639 ἢ
1587 1604 1670 1640 ξηρδν
1683 1625 1690 1636 ν
1705 1605 1722 1641 ἢ
1739 1606 1859 1640 μαλακὸν
1874 1607 1893 1643 ἢ

1103 1648 1230 1684 σκληρὸν,
1243 1648 1259 1684 ἢ
1281 1648 1381 1683 κοῦφον
1394 1648 1410 1684 ἢ
1427 1647 1506 1684 βαρὺ,
1522 1649 1539 1684 ἢ
1554 1650 1649 1686 ἀραιὸν
1665 1651 1682 1687 ῆ
1699 1652 1799 1678 πυκνόν
1809 1661 1816 1668 ·
1845 1655 1894 1680 καὶ

1101 1695 1281 1730 εὑρισκόντων
1295 1715 1302 1727 ,
1330 1695 1371 1721 ὅτι
1387 1695 1436 1722 οὐκ
1451 1695 1484 1722 ἂν
1498 1695 1590 1732 ἕτερον
1601 1696 1644 1732 εἴη
1669 1705 1695 1724 τι
1718 1698 1749 1724 τὺ
1778 1699 1894 1733 μεθέξω

1100 1741 1202 1767 τούτων
1214 1741 1285 1773 τινὸς
1299 1739 1374 1777 παρὰ
1384 1741 1420 1767 τὰ
1434 1741 1553 1777 τέσσαρα
1563 1750 1569 1757 ·
1583 1741 1592 1777 (
1604 1743 1628 1768 si.
1642 1743 1690 1778 μὲν
1703 1743 1757 1780 γὰρ
1777 1744 1893 1780 θερμὸν,

1100 1787 1117 1822 ἢ
1133 1786 1197 1822 πῦρ,
1215 1786 1232 1822 ἢ
1251 1787 1304 1822 ἀήρ
1316 1794 1322 1802 ·
1339 1787 1363 1813 εἰ
1375 1787 1403 1814 δὲ
1418 1786 1532 1822 ψυχρὸν,
1547 1787 1629 1824 ὓδωρ,
1645 1789 1660 1823 ἢ
1674 1788 1709 1824 γῆ
1720 1797 1727 1803 ·
1744 1790 1792 1816 καὶ
1804 1792 1829 1817 ει
1842 1791 1894 1826 μὲν

1101 1832 1192 1868 ξηρὸν,
1210 1832 1276 1868 πῦρ,
1292 1833 1308 1868 ἢ
1327 1834 1374 1868 γῆ·
1388 1833 1413 1859 εἰ
1430 1832 1566 1868 asc-(pay,
1578 1833 1666 1869 ὕδωρ,
1685 1834 1787 1870 ἢάήρ·
1802 1836 1851 1862 καὶ
1867 1837 1893 1862 εἰ

1102 1878 1151 1914 μὲν
1170 1878 1300 1914 μαλακὸν,
1320 1879 1385 1914 ἀὴρ.
1398 1878 1414 1914 ἢ
1429 1878 1501 1914 πῦρ·
1523 1880 1548 1905 εὶ
1565 1879 1593 1906 δὲ
1608 1880 1726 1915 σκληρὸν
1741 1901 1748 1912 ,
1770 1881 1854 1917 ὕδωρ,
1873 1882 1892 1918 ἢ

1100 1924 1151 1959 γῆ·
1169 1925 1216 1951 καὶ
1230 1924 1330 1958 κοῦφον
1349 1924 1398 1960 μὲν
1410 1925 1457 1951 καὶ
1473 1925 1578 1961 ἀραιὸν,
1590 1923 1655 1957 οἷον,
1674 1926 1730 1962 πῦρ
1746 1928 1793 1953 καὶ
1816 1929 1869 1963 ἀήρ
1883 1939 1890 1943 ι

260 1981 307 2004 aut
320 1981 408 2009 terra;
427 1976 450 2004 si
463 1976 616 2008 humidum,
643 1976 685 2003 vel
705 1983 787 2010 aqua,
803 1975 844 2002 vel
860 1982 906 2002 aer
923 1984 928 2002 :
946 1975 969 2002 si
982 1982 1048 2002 vero

1102 1970 1170 2006 βαρὺ
1186 1971 1214 1997 δὲ
1227 1971 1273 1997 καὶ
1284 1971 1394 2002 πυκνὸν,
1408 1970 1479 2007 ὕδωρ
1492 1972 1539 1998 καὶ
1551 1971 1587 2006 γῆ
1597 1981 1604 1987 ·
1615 1976 1623 2007 )
1637 1972 1684 1998 καὶ
1695 1973 1727 1999 ὲκ
1736 1972 1790 1999 τῶν
1802 1973 1894 2001 ἄλλων

260 2022 341 2050 molle
356 2023 408 2055 sit,
424 2027 471 2049 aut
484 2029 547 2054 aer,
565 2028 612 2049 aut
625 2022 713 2057 ignis;
736 2022 758 2049 si
777 2022 893 2054 durum,
909 2021 951 2048 vel
966 2028 1047 2056 aqua,

259 2068 302 2094 vel
319 2072 390 2095 terra
406 2077 412 2095 :
430 2067 512 2104 805
532 2067 650 2103 denique
673 2069 695 2096 si
719 2068 777 2096 leve
792 2068 826 2095 sit
843 2072 924 2102 atque
942 2076 1046 2100 rarum,

260 2118 307 2140 aut
331 2114 402 2148 ignis
425 2114 493 2146 erit,
516 2118 563 2140 aut
586 2121 651 2141 aer:
669 2113 692 2141 si
715 2121 796 2148 grave
817 2119 898 2149 atque
921 2114 1047 2146 densum,

260 2166 330 2194 aqua
348 2159 389 2186 vel
405 2160 486 2194 terra)
499 2168 505 2186 ι
516 2159 619 2186 nullum
637 2159 700 2186 item
714 2159 786 2186 aliud
800 2167 833 2186 ex
845 2159 948 2186 cmteris
960 2159 1049 2186 omni-

259 2205 311 2232 bus
328 2205 498 2240 simplicibus
523 2204 716 2237 facultatibus,
735 2210 832 2240 praeter
858 2205 903 2232 illa
917 2210 1046 2240 quatuor,

259 2251 377 2278 existere
403 2258 484 2286 pOSsc
496 2250 647 2278 sentiamus
673 2260 680 2278 ί
703 2255 835 2286 repugnat
852 2258 923 2277 unus
941 2251 985 2278 ille
997 2259 1047 2278 no—

259 2296 312 2330 bis,
329 2303 427 2331 corpus
450 2296 560 2330 aliquod
584 2296 627 2322 his
642 2296 769 2323 omnibus
791 2303 906 2322 vacuum
922 2303 984 2323 esse
1000 2296 1047 2323 de-

260 2340 374 2368 fendens
386 2350 393 2370 :
406 2348 522 2376 corpus,
537 2340 665 2375 inquam,
686 2349 738 2368 non
753 2349 834 2376 grave
850 2345 896 2368 aut
910 2342 978 2374 leve,
993 2350 1048 2369 non

261 2388 342 2415 molle
359 2392 406 2414 aut
417 2387 528 2420 durum,
544 2395 597 2414 non
615 2387 756 2414 humidum
772 2392 820 2414 aut
832 2387 934 2415 siccum
946 2397 953 2421 ;
966 2388 1048 2415 adco-

261 2441 315 2467 que
331 2437 434 2459 tantum
449 2440 503 2460 non
519 2432 623 2465 dicens,
640 2440 739 2468 corpus
763 2434 833 2460 idem
849 2434 975 2469 idemque
993 2442 1047 2461 non

261 2486 361 2513 corpus
381 2488 387 2506 :
408 2487 470 2506 nam
484 2479 607 2513 corporis
621 2478 646 2506 ei
659 2487 758 2506 nomen
770 2480 888 2514 reliquit,
904 2479 1046 2508 facultates

261 2532 294 2551 ex
310 2524 410 2559 quibus
432 2530 527 2560 suapte
549 2528 644 2551 natura
666 2521 800 2552 conﬂatur
814 2534 929 2560 corpus,
948 2527 1049 2553 ademit

262 2573 416 2599 universas.
449 2572 503 2598 Aut
528 2571 627 2606 igitur,
643 2579 704 2606 qua:
724 2572 820 2605 docet,
835 2573 914 2600 nobis
937 2581 1048 2605 persua-

261 2617 369 2650 dendo,
387 2617 467 2644 simul
491 2625 541 2645 nos
559 2626 575 2645 a
596 2618 718 2646 Platonis
740 2620 875 2646 sententia
899 2621 1045 2653 revocabit,

1099 2017 1127 2043 δὲ
1141 2017 1254 2044 ἁπασῶν
1270 2016 1324 2043 τῶν
1340 2017 1433 2044 ἁπλῶν
1446 2017 1586 2053 δυνάμεων
1605 2019 1824 2051 κατανοοῦντων,
1852 2020 1892 2052 ὡς

1099 2063 1149 2089 οὐκ
1163 2062 1195 2089 ἇν
1207 2063 1248 2098 εἴη
1264 2071 1289 2089 τι
1304 2063 1378 2099 παρὰ
1396 2063 1483 2090 ταῦτα
1507 2064 1587 2100 σῶμα
1607 2064 1714 2101 ἕτερον·
1728 2063 1805 2098 οὗτος
1823 2067 1890 2093 ἀνθ-

1101 2109 1206 2137 εσταται
1224 2109 1312 2144 μόνος,
1337 2109 1448 2144 φάσκων
1463 2109 1591 2137 δύνασθαι
1613 2111 1692 2146 σῶμα
1704 2109 1774 2138 εἶναι
1786 2111 1892 2138 τούτων

1100 2156 1228 2191 ἄμοιρον·
1247 2156 1327 2191 σῶμα
1343 2156 1370 2182 δὲ
1383 2157 1451 2192 μήτε
1470 2157 1537 2192 βαρὺ
1549 2177 1556 2187 ,
1575 2158 1643 2192 μήτε
1672 2157 1771 2192 κοῦρον
1785 2179 1792 2189 ,
1820 2160 1890 2194 μήτε

1102 2202 1232 2238 μαλακὸν,
1249 2203 1316 2238 μήτε
1331 2202 1458 2238 σκληρὸν,
1472 2204 1540 2238 μήτε
1555 2203 1655 2238 ὑγρὸν,
1672 2203 1739 2230 ἀλλὰ
1755 2205 1823 2238 μήτε
1839 2204 1890 2239 ξη-

1101 2248 1162 2284 ρόν*
1177 2248 1316 2284 μονονουχὶ
1335 2248 1421 2282 λέγων
1436 2248 1514 2283 σῶμα
1530 2249 1560 2274 οὺ
1579 2249 1669 2283 σῶμα.
1693 2249 1730 2276 Τὸ
1757 2250 1805 2284 μὲν
1833 2250 1890 2285 γὰρ

1089 2288 1184 2331 ’ὄνομα
1197 2295 1388 2322 καταλέλοιπεν
1408 2295 1492 2330 αὐτῷ,
1509 2294 1557 2326 τὰς
1579 2294 1606 2320 δὲ
1629 2295 1757 2330 δυνάμεις
1769 2315 1776 2327 ,
1799 2296 1834 2322 δι’
1849 2293 1889 2322 ὧν

1101 2342 1179 2377 σῶμα
1190 2342 1294 2375 πέφυκε
1310 2340 1442 2375 γίνεσθαι,
1460 2341 1549 2373 πάσας
1569 2341 1723 2376 ἀφῄρηκεν.
1740 2343 1776 2368 Ἦ
1795 2343 1889 2370 τοίνυν

1099 2389 1171 2424 ἡμᾶς
1180 2389 1251 2424 ἅπερ
1261 2388 1341 2419 αὐτὸς
1356 2387 1429 2422 λέγει
1442 2387 1553 2419 πείθων,
1565 2388 1748 2423 ἀφαιρήσεται
1762 2389 1811 2424 τῆς
1820 2389 1891 2416 Πλά-

1098 2440 1182 2467 τωνος
1194 2435 1322 2470 γνώμης·
1339 2435 1356 2470 ἢ
1381 2434 1416 2460 τὰ
1439 2434 1581 2465 Πλάτωνος
1609 2434 1812 2470 βεόαιούμενος,
1833 2434 1891 2461 τῶν

1099 2482 1174 2518 αὺτῷ
1190 2482 1340 2509 δοκούντων
1355 2482 1549 2516 ἀποστήσεται.
1565 2481 1648 2507 Ὥστε
1671 2481 1775 2517 οὐδαμῆ
1792 2483 1891 2517 χρήσι-

1101 2537 1150 2564 μος
1167 2528 1234 2564 πρὸς
1244 2528 1277 2554 τὰ
1291 2527 1336 2554 τοῦ
1350 2527 1502 2558 Πλάτωνος.
1514 2528 1573 2553 Ἔτι
1586 2528 1600 2554 ὁ
1611 2526 1660 2562 μὲν
1673 2527 1784 2554 Πλάτων
1797 2528 1892 2556 πάντα

1099 2574 1133 2601 τὰ
1146 2574 1270 2610 σώματα,
1286 2573 1334 2601 ἆτε
1350 2574 1397 2600 ἐπὶ
1413 2574 1477 2608 μιᾶς
1499 2573 1594 2608 ὁμοίας
1614 2573 1679 2608 ὕλης
1699 2573 1889 2609 θεωρούμενα,

1101 2619 1223 2655 βούλεται
1237 2619 1385 2654 τρέπεσθαι
1396 2620 1442 2646 καὶ
1459 2619 1636 2655 μεταϐάλλειν
1647 2621 1687 2651 εἰς
1698 2620 1803 2656 ἄλληλα
1811 2629 1819 2636 ·
1833 2622 1847 2647 ὁ
1859 2621 1891 2648 δὲ

262 2667 308 2690 aut
321 2663 343 2689 si
355 2662 476 2691 Platonis
489 2664 642 2691 doctrinam
658 2664 786 2696 stabiliet,
804 2673 819 2691 a
835 2665 951 2693 decretis
969 2673 1047 2693 aver-

1101 2665 1146 2691 ἐπὶ
1163 2666 1212 2701 μὲν
1226 2666 1280 2692 τῶν
1291 2665 1378 2692 ἄλλων
1396 2665 1491 2692 οὐσίαν
1505 2666 1597 2701 ἀπαθῆ
1612 2675 1652 2699 τε,
1669 2667 1716 2694 καὶ
1736 2668 1890 2704 ἄφθαρτον,

263 2713 300 2735 tet
316 2709 383 2736 suis.
400 2709 437 2736 ita
453 2708 573 2737 Platonis
590 2711 622 2737 ad
639 2715 756 2738 mentem
773 2710 960 2746 explicandam
978 2712 1047 2739 nihil

262 2754 375 2781 omnino
389 2753 513 2782 conferre
525 2760 623 2789 potest.
639 2755 783 2789 Praeterea,
795 2756 868 2790 quod
881 2764 962 2783 unam
971 2764 1046 2784 eam-

262 2800 379 2834 demque
406 2807 548 2834 corporum
572 2800 694 2828 onmium
717 2801 858 2828 materiam
881 2809 942 2829 esse
957 2802 1047 2829 vidca-

263 2852 342 2876 mus,
358 2852 390 2872 ea
409 2843 485 2872 Plato
508 2845 535 2872 in
557 2854 616 2873 sese
641 2851 736 2873 mutuo
752 2847 872 2874 converti
894 2848 1047 2882 mutarique

262 2891 348 2919 voluit
363 2900 370 2919 ε
387 2891 545 2920 Aristoteles
561 2899 626 2919 vero
641 2893 751 2920 omnino
763 2894 833 2921 inter
847 2898 943 2922 caetera
962 2899 1047 2922 mate-

1100 2713 1146 2738 καὶ
1159 2712 1292 2748 ἄτρεπτον
1311 2713 1417 2744 πάντως
1434 2712 1513 2745 ἀξιοῖ,
1536 2713 1579 2740 ἵνα
1597 2713 1628 2747 δὴ
1651 2715 1688 2748 μὴ
1713 2714 1890 2749 εὐκαταφρο-

1099 2758 1180 2793 νήτου
1192 2758 1264 2790 τινος
1277 2758 1438 2794 πράγματος
1451 2760 1582 2795 γεννητὴς
1602 2757 1673 2786 εἶναι
1691 2760 1757 2795 δοκῇ
1768 2769 1776 2775 ο
1793 2769 1894 2796 mpn-

1099 2805 1144 2830 τὸν
1159 2804 1207 2839 μὲν
1224 2805 1269 2831 καὶ
1286 2805 1351 2831 ἴδιον
1365 2805 1521 2832 παντάπασι
1538 2805 1624 2840 λέγων
1636 2806 1712 2832 οὑᾶὲν
1723 2826 1730 2837 ,
1742 2807 1777 2833 τὰ
1790 2807 1819 2833 δὲ
1835 2807 1893 2834 ὑπὸ

1101 2851 1242 2882 Πλάτωνος
1267 2852 1310 2877 ἐπ’
1336 2851 1422 2878 ἄλλων
1441 2852 1581 2887 ἑωραμένα
1600 2852 1702 2885 καλῶς,
1727 2853 1894 2887 μεταρέρων

1102 2896 1146 2922 ἐπὶ
1159 2895 1193 2922 τὰ
1211 2897 1247 2931 μὴ
1261 2898 1441 2932 προσήκοντα.
1458 2897 1590 2933 Καθάπερ
1603 2899 1677 2930 τινὲς
1696 2899 1751 2926 τῶν
1775 2899 1894 2934 ὕπερον
