2061 3210
152 191 218 218 1521

727 192 888 219 ΡΒΛίΡΛῐι.
915 192 921 218 1

973 192 1038 218 lNG.
1061 191 1123 218 LIB.
1149 191 1203 218 XV.
1703 194 1769 220 3532

147 252 302 288 γενομένων
312 252 548 288 ἀνδριαντοποιῶν.
569 253 681 279 Ἐκεῖνοι
691 253 744 289 γὰρ
764 253 921 288 ἀπομιμησὲ

988 253 1055 280 riam
1080 253 1190 280 censuit
1211 251 1406 287 impatibilem,
1432 252 1663 287 incorruptibilem
1686 257 1712 279 et
1728 254 1771 279 in-

151 307 226 334 μενοι
236 298 312 325 τοῦδε
325 298 371 324 τοῦ
389 298 484 334 ἀνδρὸς
501 299 620 334 κεφαλὴν
634 320 641 331 ,
662 299 741 325 ἄλλου
760 299 788 325 δὲ
810 299 840 325 τὸ
858 299 935 334 στέρ-

149 353 204 376 νον,
220 344 312 380 ἑτέρου
326 344 353 370 δὲ
369 344 417 379 τὴν
432 343 529 380 ζώνην,
538 346 578 376 εις
588 346 685 375 ταύτὸν
698 345 838 376 συνθέντες
850 344 934 370 ἐνίοτε

150 392 187 428 μὴ
203 391 376 427 προσήκοντα
391 391 541 427 πράγματα
557 391 689 426 ἀλλήλοις,
705 391 817 418 ἔπεισαν
835 391 934 422 αὐτοὺς

148 437 187 469 ὤς
197 446 223 464 τι
240 438 419 473 πεποιηκότες
431 437 495 464 ἴδιον
504 446 512 453 ο
522 438 568 464 καὶ
578 437 662 469 ὅντως
676 437 707 464 τὸ
721 437 770 472 μὲν
783 436 841 463 ὅλον
853 457 860 469 ,
872 436 886 463 ὅ
900 436 931 471 δή

147 493 188 516 τις
198 483 232 510 ἂν
243 483 426 519 ἀσυμμέτροις
437 483 510 518 ἔχειν
525 483 686 514 αἰτιάσαιτο,
701 483 774 509 ἐστὶν
784 482 885 513 αὐτῶν,
899 482 933 508 τὰ

146 530 206 555 δ’ὲν
217 528 292 564 αὑτῷ
307 529 523 564 συνηρανισμένα
543 528 590 556 καί
610 537 636 554 τι
658 527 740 555 καλὸν
763 528 858 563 ἔχοντα
883 528 932 553 οὐκ

145 575 244 601 αὐτῶν.
265 573 400 606 Ὡσαύτως
414 575 500 602 δὲκαὶ
524 575 722 610 Ἀριστοτέλης,
740 574 846 601 ἀκούων
862 574 932 600 Πλά-

146 629 239 652 τωνος,
250 621 289 646 ὅτι
303 620 360 646 ἐστι
378 629 420 652 τις
433 620 510 646 οὐσία
527 620 608 656 νοητὴ
625 619 686 646 καθ’
699 620 783 655 αὐτὴν
794 640 801 651 ,
820 618 932 654 ἀσώμα-

144 667 190 699 τός
203 675 243 698 τε,
255 667 303 693 καὶ
317 665 489 702 ἀχρώματος,
505 667 553 692 καὶ
566 665 672 700 ἀναφὴς
683 685 690 697 ,
710 664 772 691 οὔτε
791 664 929 699 γινομένη.

144 713 206 740 οὒτε
221 711 395 747 φθειρομένη,
415 711 476 738 οὕτε
494 711 664 747 τρεπομένη,
681 710 742 737 οὔτε
764 711 930 746 μεταϐαλλο-

147 759 226 794 μὲνη,
246 758 290 785 ἀεὶ
307 758 335 784 δὲ
347 757 417 784 κατὰ
431 758 465 785 τὰ
486 757 555 784 αὑτά
582 757 628 784 καὶ
650 756 780 788 ὡσαύτως
811 756 928 792 ἔχουσα⁸

145 804 225 832 πάλιν
254 804 274 830 δ’
300 802 333 831 αὖ
361 803 425 839 περὶ
451 803 505 830 τῶν
525 803 586 830 κατ’
611 803 725 838 οὐρανὸν
749 801 867 833 ἀκούων,
892 801 929 829 ὡς

142 851 207 876 ὄντα
222 850 276 885 (9Ι)
289 850 348 876 θεῖα
360 850 406 877 καὶ
417 850 542 885 ἄφθαρτα
555 850 601 876 καὶ
616 848 709 883 ἀπαθῆ
725 849 782 875 ἐστι
805 847 927 883 σώματα.

143 895 285 930 συνέθηκε,
296 896 343 922 καὶ
357 895 549 930 συνεκόλλησεν
569 895 598 927 ἐξ
613 892 713 930 ἀμφοῖν
729 894 878 930 πράγματα
891 894 928 929 μὴ

142 942 296 977 συνᾴδοντα.
313 942 381 977 Παρ*
398 938 435 968 ὧν
448 942 496 977 μὲν
509 941 564 978 γὰρ
578 941 608 968 τὸ
621 939 689 967 εἶναι
701 940 790 976 σῶμα,
805 941 870 976 παρ’
888 937 925 967 ὧν

140 987 168 1013 δὲ
186 988 215 1014 τὸ
229 987 333 1019 ἀπαθὲς
348 986 416 1014 εἶναι
428 987 529 1020 λαϐὼν,
541 987 619 1022 σῶμα
633 986 736 1018 ἀπαθὲς
752 987 924 1022 ἐτεκτήνατο.

146 1032 208 1059 Ἐπὶ
228 1033 276 1068 μὲν
289 1031 336 1060 οὖν
356 1033 410 1059 τῶν
430 1033 610 1069 ἀνδριάντων,
628 1033 653 1059 εί
676 1032 723 1059 καὶ
741 1031 778 1068 μὴ
797 1031 877 1058 καλὸν
896 1032 927 1059 τὺ

140 1078 172 1103 ἐκ
188 1078 242 1105 τῶν
254 1078 445 1114 διαφερόντων,
458 1078 516 1105 οὔτι
530 1087 561 1114 γε
578 1078 706 1106 ἀδύνατον
726 1078 862 1113 γενέσθαι.
882 1079 926 1105 Δι-

139 1123 234 1151 δάσκει
250 1122 296 1152 οὖν
308 1125 342 1152 τὰ
353 1125 463 1152 τοιαῦτα
475 1125 522 1152 καὶ
540 1126 662 1161 ’Όμηρος
671 1133 678 1141 ·

985 299 1227 330 commutabilem,
1246 297 1389 331 videlicet,
1407 305 1440 325 ne
1455 299 1646 325 contemnendi
1662 298 1772 332 dogma-

985 345 1019 372 tis
1034 346 1158 372 inventor
1168 344 1323 372 haberetur.
1344 344 1374 371 in
1394 352 1449 379 quo
1470 349 1560 371 tamen
1582 345 1711 372 eximium
1728 345 1770 372 af-

985 391 1037 418 fert
1049 398 1081 418 ac
1098 391 1236 425 singulare
1250 389 1337 423 nihil,
1353 398 1384 418 ea
1397 391 1478 418 modo
1493 399 1554 426 quae
1566 392 1693 426 praeclare
1708 391 1769 420 aliis

985 435 1012 461 in
1025 435 1107 462 rebus
1118 435 1195 462 Plato
1212 435 1450 469 animadverterat,
1467 436 1595 463 transfert
1608 437 1641 463 ad
1654 436 1767 464 alienas.

985 480 1011 507 ld
1024 481 1096 516 quod
1113 481 1252 508 nonnullis
1265 489 1280 509 c
1294 482 1491 509 recentioribus
1505 482 1646 510 statuariis
1660 491 1711 510 usu
1724 491 1769 510 ve-

984 527 1032 553 nit.
1051 527 1090 554 llli
1107 527 1180 554 enim
1198 528 1318 556 hominis
1332 528 1414 556 unius
1428 533 1520 564 caput,
1538 529 1650 556 alterius
1662 535 1767 564 pectus,

983 573 1094 600 alterius
1112 573 1251 608 cingulum
1265 573 1375 606 imitati,
1391 579 1538 610 partesque
1552 574 1620 602 alias
1631 583 1693 602 cum
1706 575 1768 602 aliis

983 618 1073 646 minus
1095 626 1167 653 saepe
1188 619 1353 647 cohaerentes
1378 620 1448 647 inter
1467 627 1528 648 sese
1547 620 1697 654 complexi,
1715 620 1768 648 hoc

982 665 1032 692 sibi
1049 670 1177 700 tanquam
1201 666 1340 700 proprium
1367 666 1476 700 aliquod
1501 667 1672 701 gratulantur
1685 674 1765 701 opus.

981 711 1015 739 Et
1026 719 1091 739 vero
1103 716 1188 739 totum
1208 711 1274 739 illud
1285 732 1291 744 ,
1306 713 1378 747 quod
1400 713 1461 747 jure
1476 713 1550 741 velut
1572 713 1765 741 inconcinnum

981 764 1007 786 et
1022 759 1191 787 inconditum
1204 761 1428 795 reprehenditur,
1453 760 1574 796 ipsorum
1587 764 1644 793 est;
1666 761 1766 796 quibus

980 813 1012 832 ex
1027 805 1151 840 partibus
1166 810 1224 839 est,
1243 806 1341 834 collata
1354 806 1432 841 quasi
1453 807 1523 842 stipe
1536 806 1698 839 conflatum,
1716 813 1764 839 cat,

980 858 1042 877 cum
1059 850 1195 886 elegantes
1208 858 1255 885 per
1267 859 1327 878 sesc
1340 859 1372 878 ac
1383 851 1473 886 polita:
1485 852 1539 878 sint
1548 872 1556 883 ,
1571 852 1605 879 ad
1622 851 1683 879 illos
1699 851 1765 878 nihil

980 895 1124 930 pertinent.
1144 895 1190 924 Sic
1201 897 1361 925 Aristoteles
1373 918 1380 931 ,
1394 905 1458 924 cum
1477 905 1510 924 ex
1528 897 1640 925 Platone
1659 897 1766 924 audiret

944 930 964 957 Β
979 942 1124 970 essentiam
1142 943 1260 978 aliquam
1273 951 1343 977 esse,
1360 951 1420 979 qua:
1433 948 1528 979 suapte
1544 948 1642 971 natura
1655 943 1765 978 spirita-

980 988 1023 1021 lis,
1043 989 1214 1024 incorporea,
1229 991 1329 1018 coloris
1341 997 1438 1025 expers
1448 1011 1456 1024 ,
1475 995 1631 1026 tactumque
1646 990 1764 1026 fugiens,

979 1041 1030 1061 nec
1043 1034 1158 1068 oriatur,
1173 1043 1224 1062 nec
1236 1035 1351 1062 intereat
1364 1043 1495 1070 unquam,
1509 1040 1557 1062 aut
1573 1040 1702 1063 mutetur.
1716 1035 1763 1062 sed

978 1079 1074 1106 eodem
1093 1087 1201 1114 semper
1219 1080 1246 1107 in
1269 1085 1340 1108 statu
1353 1086 1509 1116 permaneat
1529 1090 1535 1107 :
1556 1080 1692 1115 simulque
1708 1088 1764 1107 cm—

979 1124 1092 1152 lestibus
1109 1124 1142 1152 de
1155 1125 1236 1152 rebus
1248 1125 1370 1158 audiret,
1389 1125 1479 1152 divina
1493 1125 1617 1160 quaedam
1631 1133 1691 1153 esse
1703 1126 1763 1152 ani-

139 1172 253 1205 mantia,
269 1180 329 1207 quaa
341 1180 391 1200 nec
405 1173 482 1207 plane
505 1173 655 1207 corrumpi,
685 1180 735 1200 nec
752 1172 843 1200 infesti
857 1172 1004 1207 quidquam
1037 1171 1131 1199 subire
1160 1177 1289 1206 poSSent;
1307 1178 1422 1207 utroque
1441 1179 1473 1199 ex
1488 1179 1587 1208 genere
1617 1171 1762 1206 conjunxit

138 1221 163 1244 et
180 1217 376 1253 conglutinavit
403 1225 452 1250 ea,
477 1226 538 1252 quzr
551 1218 622 1245 inter
648 1225 676 1245 se
707 1218 820 1245 minime
855 1217 1044 1245 convenirent.
1065 1216 1134 1244 Cum
1155 1217 1227 1244 enim
1250 1217 1287 1244 ab
1303 1217 1363 1245 aliis
1379 1224 1478 1252 corpus
1496 1224 1557 1245 esse
1573 1217 1700 1252 aliquod,
1729 1218 1763 1244 ab

138 1263 200 1291 aliis
217 1271 273 1290 non
302 1263 412 1298 patibile
432 1264 496 1299 quid
515 1271 575 1291 esse
598 1269 731 1295 sumeret,
757 1271 856 1298 corpus
877 1264 944 1298 ipse.
969 1270 1023 1290 non
1051 1263 1161 1298 patibile
1179 1263 1326 1292 fabricatus
1345 1268 1396 1292 est.
1424 1264 1458 1292 Et
1477 1264 1504 1291 in
1528 1266 1625 1292 statuis
1641 1266 1761 1300 quidem,

140 1315 168 1338 nt
179 1311 325 1347 pulchrum
353 1311 380 1339 id
415 1311 579 1347 elegansque
612 1320 666 1338 non
693 1312 738 1345 sit,
755 1311 936 1339 dissimilibus
949 1316 1039 1338 tamen
1057 1319 1089 1338 ex
1100 1311 1223 1346 partibus
1239 1311 1296 1339 lieri
1311 1311 1412 1346 aliquid
1427 1316 1524 1347 potest,
1538 1319 1567 1341 ut
1581 1315 1694 1350 ipsemet,
1708 1315 1762 1344 H0-

140 1365 233 1385 merus
244 1357 358 1385 cecinit:

138 1414 271 1449 Ὅμματα
285 1414 349 1450 γὰρ,
370 1415 447 1450 φησὶ,
462 1415 511 1441 καὶ
526 1414 671 1449 κεφαλὴν,
693 1415 793 1448 ἴκελος
803 1415 844 1442 Διὶ
859 1424 921 1449 τερ-

667 1449 851 1485 [πικεραύνῳ
861 1470 868 1482 ,

139 1486 218 1519 Ἄρεϊ
232 1484 267 1511 δὲ
285 1483 389 1518 ζώνην,
409 1484 537 1518 στέρνον
554 1484 589 1510 δὲ
606 1483 798 1512 Ποσειδάωνι.

135 1542 174 1568 Τὸ
183 1541 212 1569 δδ
225 1541 304 1577 σῶμα
315 1541 421 1573 ἀπαθὲς
432 1542 482 1568 οὐκ
495 1542 527 1570 ἀν
539 1550 602 1568 ποτε
616 1542 729 1576 γένοιτο.
748 1542 859 1578 Παθητῇ
868 1542 922 1578 γὰρ

135 1587 185 1614 καὶ
200 1589 303 1623 τρεπτῇ
319 1587 509 1623 συνδεδεμένον
521 1587 601 1622 φύσει
611 1588 732 1623 ἀνάγκην
746 1587 802 1623 ἔχει
816 1596 847 1614 συ
852 1597 923 1623 μπα-

973 1414 1056 1450 806
1083 1412 1133 1440 Ille
1149 1412 1288 1448 oculosque
1310 1418 1438 1448 caputque
1463 1413 1553 1447 lovis,
1582 1417 1627 1450 qui
1652 1417 1762 1451 fulmine

975 1484 1087 1520 Cingula
1103 1483 1242 1516 Mavortis,
1261 1483 1380 1518 Neptuni
1395 1489 1499 1519 pectora
1516 1485 1604 1519 gessit.
1641 1451 1758 1487 [gaudﬂ'

974 1542 1008 1569 At
1031 1549 1130 1576 corpus
1148 1547 1202 1568 non
1219 1540 1330 1576 patibile
1349 1541 1454 1568 nullum
1470 1549 1530 1569 esse
1554 1546 1651 1577 potest.
1681 1543 1759 1577 Quod

974 1587 1046 1615 enim
1063 1594 1125 1615 cum
1142 1586 1247 1622 patibili
1265 1587 1444 1622 mutabilique
1457 1592 1555 1615 natura
1571 1590 1757 1618 consociatum

135 1634 203 1666 οεῖν,
218 1631 240 1669 ᾧ
252 1633 436 1666 συνέζευκται.
449 1634 480 1660 Εἰ
491 1634 519 1661 δὲ
533 1643 559 1661 τι
568 1634 670 1667 ἀπαθὲς
686 1635 739 1670 εἴη,
754 1634 833 1661 τοῦτο
846 1635 921 1669 ἀφει-

974 1639 1032 1666 est,
1047 1633 1074 1660 id
1089 1641 1151 1661 cum
1171 1639 1222 1660 suo
1241 1632 1286 1660 illo
1301 1637 1428 1660 consorte
1443 1633 1561 1668 patiatur
1577 1641 1688 1663 necesse
1706 1642 1758 1664 est.

136 1680 217 1715 μένον
231 1680 278 1707 καὶ
292 1679 434 1716 ἐλεύθερον
450 1680 504 1707 ἀπὸ
518 1680 564 1707 τοῦ
591 1681 741 1716 πάσχοντος
771 1678 840 1707 εἶναι
867 1681 920 1707 δεῖ·

133 1725 205 1752 ὥστε
222 1725 306 1761 χωρὶς
316 1726 349 1752 ἂν
360 1726 402 1761 εἴη
414 1727 463 1762 τῆς
476 1726 552 1762 ὕλης,
563 1724 596 1763 ἧς
611 1728 812 1763 κεχωρισμένον
821 1748 829 1759 .
852 1727 922 1754 ἁσὼ-
956 1758 959 1762 η

135 1780 219 1806 ματον
238 1771 393 1806 ἀναγκαίως
417 1772 566 1807 ὁμολογοῖτ’
594 1774 636 1800 ἄν.
665 1774 725 1800 Ἔτι
746 1774 793 1800 καὶ
817 1773 921 1805 τούτοις

133 1816 297 1853 πρόσχωμεν
309 1817 354 1844 τὺν
368 1817 439 1850 νοῦν,
452 1819 480 1845 ἐν
501 1819 574 1850 ὅσοις
586 1820 676 1852 ἄλλοις
688 1819 864 1855 διαφέρεσθαι
883 1819 921 1854 τῷ

131 1862 257 1890 Πλάτωνι
271 1864 317 1891 τὸν
342 1864 530 1900 Ἀριστοτέλην
544 1866 717 1901 παρίστησιν.

394 1964 591 1991 ΚΕΦΑΛΑΙΟΝ
608 1964 650 1991 H'.

133 2008 191 2036 Τοῦ
210 2010 303 2036 αὐτου
322 2009 396 2043 πρὸς
415 2010 468 2036 τὸν
484 2009 586 2042 αὐτὸν,
598 2009 648 2036 κα).
662 2010 696 2036 ἐν
716 2010 777 2044 τοῖς
796 2011 918 2037 amici)-

163 2043 262 2078 ραγὸν
286 2045 454 2078 θεωρήμασι
484 2044 672 2079 διενεχθέντα
697 2045 737 2077 τῷ
766 2045 915 2077 Πλάτωνι,

172 2079 260 2106 ἅτινα
275 2078 406 2113 Μωῦσῆς
418 2081 454 2106 οὺ
473 2078 724 2114 πολυπραγμονεῖ.

171 2136 181 2151 ‹
204 2125 319 2152 Ἔπειτα
332 2125 436 2157 τούτοις
449 2125 568 2162 ἑπόμενα
579 2126 673 2158 πολλὰ,
686 2127 715 2153 ἐν
729 2123 768 2157 οἷς
782 2125 917 2161 διαφέρον-

128 2179 187 2198 ται.
208 2171 238 2198 ’0
250 2171 299 2207 μὲν
317 2173 373 2208 γὰρ
387 2180 452 2208 φησι
470 2172 504 2199 τὰ
520 2173 578 2199 κατ’
596 2173 708 2208 οὐρανὸν
721 2172 770 2207 τὴν
790 2172 917 2207 πλείστην

130 2217 205 2244 ἰδέαν
219 2218 250 2244 ὲκ
263 2217 347 2253 πυρὸς
359 2217 430 2253 ἔχειν
442 2217 497 2253 (92)
508 2227 514 2234 ·
531 2219 544 2245 ὁ
554 2218 581 2245 δὲ
603 2219 712 2254 μηδαμῆ
725 2214 781 2254 (93)
797 2219 917 2253 μετεῖναι

127 2264 189 2294 τοῖς
204 2263 338 2299 οὐρανίοις
363 2265 458 2300 πυρός.
484 2264 539 2291 Καὶ
553 2265 567 2291 ό
585 2264 634 2300 μέν
647 2273 729 2300 φησιν
745 2263 845 2298 ἀνάψαι
871 2263 916 2290 τὸν

973 1678 1052 1712 Quod
1069 1686 1134 1706 vero
1149 1677 1259 1713 patibile
1275 1685 1329 1705 non
1344 1678 1390 1711 sit,
1408 1678 1435 1705 id
1454 1686 1468 1704 ε
1487 1679 1591 1713 patibili
1606 1679 1757 1714 sejunclum

972 1731 1004 1750 ac
1019 1723 1134 1750 liberum
1152 1726 1259 1757 oportet
1278 1729 1339 1750 esse
1350 1742 1357 1754 ,
1374 1726 1570 1758 proptereaque
1590 1729 1726 1752 secretum
1741 1733 1755 1752 a

973 1769 1103 1803 materia,
1120 1769 1199 1804 cujus
1210 1776 1307 1804 expers
1325 1769 1348 1797 si
1366 1769 1464 1802 fuerit,
1482 1771 1607 1806 corporis
1623 1771 1694 1800 idem
1709 1780 1757 1800 ex-

972 1823 1033 1849 pers
1053 1815 1209 1843 necessario
1231 1814 1323 1842 fuerit.
1341 1825 1350 1841 ι
1378 1815 1515 1843 Hactenus
1537 1816 1592 1845 ille.
1627 1816 1681 1845 Sed
1703 1818 1756 1846 alia

971 1867 1053 1895 porro
1070 1860 1222 1892 videamus,
1238 1860 1266 1887 in
1280 1860 1381 1896 quibus
1395 1861 1468 1889 idem
1482 1861 1541 1896 ipse
1551 1861 1723 1891 Aristotelem
1742 1872 1758 1892 a

971 1906 1082 1934 Platone
1097 1906 1241 1934 dissentire
1257 1906 1436 1934 demonstrat.

1255 1949 1370 1989 CAPUT
1398 1961 1465 1990 an

972 2008 1096 2042 Ejusdem
1108 2007 1233 2034 adversus
1245 2008 1381 2039 eumdem,
1400 2016 1416 2034 a
1433 2007 1544 2035 Platone
1564 2017 1650 2036 rerum
1665 2011 1692 2037 in
1705 2018 1755 2038 w-

1007 2044 1113 2070 lestium
1141 2043 1299 2079 tractatione
1314 2043 1501 2076 dissidentem;
1517 2052 1574 2078 quis
1587 2053 1682 2079 parum
1704 2047 1752 2073 ad-

1005 2079 1110 2105 modum
1119 2079 1219 2104 curavit
1236 2077 1348 2112 Moyses.

1007 2134 1015 2149 ι
1034 2124 1202 2158 Sequuntur,
1217 2123 1315 2158 inquit,
1331 2123 1383 2150 alia
1399 2119 1541 2157 deinde,in
1558 2125 1658 2160 quibus
1672 2126 1752 2154 ambo

968 2170 1116 2201 dissident,
1147 2176 1213 2196 sane
1235 2170 1445 2204 quamplurima.
1476 2170 1634 2198 Cwlestium
1650 2173 1751 2207 quippe

969 2225 1059 2245 rerum
1082 2215 1200 2251 speciem
1224 2216 1343 2244 maxime
1359 2215 1435 2243 Plato
1451 2215 1517 2244 facit
1536 2224 1569 2244 ex
1593 2217 1668 2253 igne;
1691 2218 1751 2246 Ari-

968 2263 1078 2290 stoteles
1088 2262 1172 2290 ullum
1184 2269 1296 2297 prorsus
1308 2262 1361 2289 illis
1372 2269 1433 2290 esse
1440 2267 1519 2298 negat
1532 2270 1594 2291 cum
1604 2264 1664 2299 igne
1676 2272 1751 2292 com-

127 2308 197 2335 Θεὸν
214 2309 272 2343 φῶς
287 2310 316 2336 ὲν
329 2311 362 2345 τῇ
373 2299 485 2346 Seu-cepa
501 2310 556 2346 (94)
574 2311 644 2346 πρὸς
653 2311 704 2346 γῆν
727 2311 843 2346 περιόδῳ
853 2331 860 2344 ,
881 2310 914 2336 ἶν’

973 2309 1109 2337 mercium.
1127 2308 1172 2337 Ille
1185 2308 1270 2336 Deum
1286 2309 1323 2336 ait
1336 2309 1369 2336 ad
1385 2309 1536 2337 secundum
1547 2318 1629 2344 supra
1644 2314 1745 2338 terrain

165 2375 222 2408 (9|)
237 2373 317 2402 Forte
327 2375 364 2407 ὡς
378 2373 423 2402 οὖν
438 2375 481 2403 τά.

167 2409 223 2444 (92)
241 2410 288 2437 Ἐκ
308 2410 402 2444 πυρὸς
414 2410 504 2444 ἔχειν.
522 2410 599 2437 Plato
614 2410 640 2436 in
660 2409 757 2437 Timaeo
768 2430 775 2442 ,
788 2417 848 2444 pag.
862 2409 914 2437 550

127 2444 162 2474 Ο,
179 2449 297 2479 quatuor
318 2446 496 2472 animantium
513 2445 587 2473 ideas
604 2446 745 2472 constituit
763 2453 769 2470 :
788 2445 912 2478 primam,

127 2480 254 2514 οὐράνιον
270 2479 341 2515 Θεῶν
353 2480 430 2514 γένος
440 2487 446 2495 ⁸
460 2481 606 2515 secundam
622 2480 722 2515 πτηνὸν
732 2479 784 2515 καὶ
801 2478 914 2515 ἀεροπό-

129 2512 188 2555 pair
206 2515 310 2555 tertiam
328 2512 438 2555 ἔννδρον
454 2512 532 2555 εἴδοςσ
546 2512 770 2555 ιιιιιιξιοιιῄπεζον
785 2512 913 2555 καὶξχερ-

128 2547 216 2585 σεῖον.
234 2549 301 2576 Tum
319 2550 352 2577 de
363 2547 450 2584 prima
463 2550 509 2576 τοῦ
524 2547 573 2585 μὲν
587 2547 633 2576 οὗν
645 2549 717 2585 θείοιι
726 2550 775 2585 τὴν
786 2547 912 2585 πλείστην

127 2584 204 2626 ξξέαν
218 2585 249 2611 ἐκ
266 2585 350 2626 πνρὸς
366 2584 557 2626 ἀπειργάζετο,
573 2585 646 2626 ὄπέρς
663 2586 703 2626 ὅτι
712 2584 910 2626 λαμπρότατον,

128 2619 196 2656 tosti;
209 2627 239 2645 τε
255 2619 396 2647 κάλλιστον
415 2619 467 2656 εἴη.
482 2620 590 2656 Addunt
604 2619 717 2656 Pl'OclllS
733 2619 760 2647 et
771 2619 910 2656 Alcinous.

127 2653 269 2682 Platonem
288 2656 386 2682 sentire
399 2675 406 2687 ,
423 2653 456 2682 ex'
477 2655 672 2682 elementorum
687 2655 762 2685 tlore,
782 2662 814 2682 ac
829 2654 911 2681 veluti

126 2689 235 2717 deliciis
245 2710 252 2721 ,
265 2691 520 2718 excellentissimum
537 2690 601 2717 illud
621 2697 719 2723 corpus
732 2697 792 2717 esse
812 2689 912 2716 conlla-

126 2723 204 2757 "tum;
221 2725 261 2752 sic
282 2730 370 2752 tamen
396 2730 426 2752 ut
442 2726 492 2753 hac
507 2725 532 2752 in
551 2725 744 2758 temperatione
763 2724 910 2759 principem

126 2759 201 2793 ignis
224 2759 311 2787 locum
333 2761 474 2788 obtineret.
497 2759 563 2788 Vide
584 2759 673 2791 infra,
688 2767 750 2794 pag.
772 2759 834 2791 858,
849 2758 908 2786 859.

125 2793 256 2829 Plerique
279 2794 328 2822 SS.
347 2795 473 2828 Patrum,
491 2803 544 2822 non
561 2793 716 2822 Graecorum
727 2793 820 2821 ’modo
831 2814 839 2825 ,
863 2794 909 2820 sed

125 2830 212 2856 etiam
228 2829 397 2861 Latinorum,
413 2831 439 2857 in
456 2831 549 2857 eadem
565 2829 692 2864 opinione
707 2830 805 2857 versati
822 2833 885 2856 sunt
902 2838 908 2855 :

128 2864 157 2890 in
176 2864 271 2898 primis
285 2865 399 2892 Basilius
415 2865 507 2892 homil.
521 2865 538 2892 5
554 2865 582 2891 in
597 2864 750 2891 Hememer.
763 2872 772 2896 ;
785 2864 909 2891 Theodo-

127 2903 181 2926 τοι.
199 2905 292 2934 quaest.
309 2908 333 2926 χι
351 2900 377 2926 in
393 2900 521 2931 Genesi»;
538 2900 697 2927 Ambrosius
713 2900 759 2926 lib.
775 2908 792 2926 ιι
810 2899 836 2925 in
857 2898 910 2934 Hie-

128 2933 258 2968 παυηιὲικ,
275 2943 335 2969 cap.
351 2935 385 2967 ὃς
399 2935 564 2970 Augustinus
589 2935 705 2969 passim,
722 2939 752 2963 ut
774 2935 820 2962 lib.
839 2941 856 2960 ιι
872 2933 909 2960 De

290 2982 424 3010 ΡΑτιιοι..
446 2982 503 3010 Gn.
525 2980 612 3011 XXI.

966 2375 1060 2402 Genesi
1074 2375 1109 2402 ad
1127 2374 1219 2406 litter.,
1237 2383 1296 2409 cap.
1309 2375 1337 2408 5,
1350 2375 1396 2402 ubi
1422 2383 1454 2402 ex
1478 2376 1616 2402 communi
1631 2376 1748 2410 quadam

966 2410 1108 2441 sententia,
1124 2417 1205 2443 quam
1230 2411 1256 2436 in
1274 2411 1385 2437 dubium
1410 2411 1484 2437 nullo
1505 2411 1585 2437 modo
1601 2416 1688 2442 vocat,
1709 2411 1749 2438 sic

966 2445 1086 2480 loquitur
1100 2454 1106 2471 :
1125 2445 1218 2480 Itaque
1237 2453 1315 2479 super
1334 2453 1419 2471 aerem
1433 2453 1514 2478 purus
1533 2446 1600 2480 ignis
1615 2454 1668 2472 esse
1685 2446 1750 2472 dici-

965 2479 1008 2506 tur
1025 2480 1128 2512 etclam,
1143 2479 1211 2506 unde
1222 2480 1301 2506 etiam
1315 2480 1413 2511 sidera,
1427 2485 1504 2514 atque
1518 2479 1664 2507 luminaria
1675 2482 1747 2515 facta

964 2515 1120 2549 conjec-tant,
1138 2514 1211 2541 illius
1227 2514 1344 2541 videlicet
1360 2515 1442 2548 ignea:
1453 2515 1519 2542 lucis
1536 2515 1563 2542 in
1576 2524 1620 2542 ea:
1635 2515 1746 2549 formas.

963 2559 1028 2585 quas
1047 2551 1075 2576 in
1093 2549 1156 2576 caelo
1177 2550 1306 2578 cernimus
1317 2568 1324 2582 ,
1338 2549 1493 2584 conglobata
1510 2550 1689 2586 dispositaque
1703 2559 1747 2578 na-

964 2593 1035 2611 tura.

998 2620 1053 2660 (95)
1073 2619 1107 2660 't_)_
1117 2618 1150 2645 δὲ
1160 2618 1292 2660 μηᾷαμῆ.
1304 2618 1362 2646 Non
1374 2622 1479 2660 tantum
1493 2619 1520 2646 in
1535 2619 1605 2660 libro
1621 2618 1658 2646 De
1671 2619 1746 2660 caelo,
1787 2613 1791 2624 ¹

963 2654 1008 2681 ubi
1029 2654 1152 2689 pluribus
1169 2655 1266 2682 caelum
1289 2654 1417 2686 ostendit,
1439 2654 1517 2689 longe
1536 2655 1588 2681 alia
1612 2663 1693 2689 quam
1711 2657 1744 2681 τὰ

963 2690 1015 2716 ὑπὸ
1031 2689 1266 2725 σελήνηνηιιοιυη
1280 2694 1406 2717 constare
1418 2697 1426 2715 :
1438 2689 1652 2725 nominatimque
1666 2690 1710 2717 lib.
1725 2699 1743 2720 I,

961 2733 1021 2759 cap.
1034 2725 1062 2757 2,
1080 2723 1140 2752 sub.
1156 2724 1214 2756 lin.,
1228 2729 1256 2752 et
1266 2724 1311 2752 lib.
1329 2732 1359 2757 ιι,
1371 2731 1432 2759 cap.
1444 2724 1476 2757 7;
1491 2723 1537 2751 sed
1552 2726 1632 2752 etiam
1651 2725 1697 2751 lib.
1715 2733 1744 2751 ιιι

963 2760 1082 2789 Meteon.
1104 2767 1164 2794 cap.
1184 2759 1211 2786 5.
1229 2759 1356 2787 Pcrerius
1373 2763 1464 2787 noster
1487 2759 1532 2785 lib.
1554 2767 1572 2786 ιι
1590 2760 1616 2786 in
1640 2759 1744 2792 Genes.,

961 2801 1057 2858 ἷμιιὲξ).
1072 2795 1115 2828 10,
1132 2794 1202 2822 hanc
1224 2794 1377 2823 Aristotelis
1397 2794 1559 2822 sententiam
1574 2795 1678 2822 erudite
1696 2796 1745 2822 de-

971 2839 1003 2857 οι]
1024 2839 1031 2858 I
1048 2850 1054 2857 .

969 2831 1054 2858 "endit.

1118 2865 1155 2901 τῇ
1169 2865 1301 2900 δευτέρᾳ.
1317 2865 1392 2894 Plato
1408 2865 1435 2893 in
1453 2865 1513 2894 eod.
1528 2861 1637 2899 Timito,
1652 2872 1679 2900 p.
1692 2864 1744 2892 529

1021 2910 1035 2928 ο
1093 2921 1100 2928 ι

960 2906 986 2928 (ιι
1003 2902 1054 2928 550
1067 2902 1100 2928 Λ.

1539 2977 1578 3007 lsi!
