2061 3210
145 176 158 202 4
164 175 218 204 529

144 237 193 272 τῆς
213 236 302 271 ψυχῆς
321 235 391 262 θεῖον
406 234 491 260 σῶσαι
511 233 670 268 δυνηθείσης
683 242 689 248 -

145 290 213 313 crsu);
233 281 383 316 πράγματα
401 280 500 311 πάντα,
521 279 592 306 κατὰ
610 279 659 315 τὴν
671 279 720 315 τῆς
733 280 822 315 ψυχῆς
841 280 939 316 διοίκη-
962 277 966 282 ”

145 336 197 357 σιν,
222 327 285 362 ἔσχε
311 326 341 352 τὸ
351 325 441 358 καλῶς
453 326 612 352 διοικεῖσθαι
632 326 773 354 δύνασθαι.
787 328 868 363 Ψυχὴ
883 328 938 363 γὰρ

145 374 229 404 πᾶσα,
245 372 322 407 φησὶ,
343 372 442 403 παντὸς
453 372 625 406 ἐπιμελεῖται
642 372 689 399 τοῦ
710 373 831 409 ὰψύχου’
850 374 938 401 πάντα

143 419 171 445 δὲ
185 418 299 454 οὐρανὸν
325 419 468 455 περιπολεῖ
489 419 578 446 ἄλλοτ’
596 420 625 445 ὲν
649 419 740 451 ἄλλοις
762 420 844 447 εἴδεσι
862 430 935 455 γινο-

146 465 224 501 μένη.
248 465 328 492 Ἀλλὰ
356 465 409 501 μὴν
435 466 482 492 καὶ
501 465 535 491 τὰ
549 465 598 501 τῆς
617 466 790 502 ἐπιστήμης,
813 469 861 493 καὶ
889 468 938 504 τῆς

145 512 251 546 σοφίας,
274 512 322 539 καὶ
341 513 381 544 εἰς
400 512 449 546 τὴν
471 512 621 539 ἀθανασίαν
636 512 685 548 τῆς
701 512 791 548 ψυχῆς
819 514 937 549 ἀνῆπται

143 558 182 593 τῷ
203 558 335 586 Πλάτωνι.
345 559 435 585 Πᾶσαι
446 558 499 595 γὰρ
514 560 541 585 αἱ
555 559 686 595 μαθήσεις
695 560 935 595 ἀναμνήσεις(15)’

144 605 190 631 καὶ
202 604 252 631 οὐκ
272 604 359 636 ἄλλως
376 605 463 631 οἴεται
482 604 611 632 δύνασθαι
632 605 768 639 σώζεσθαι
788 607 835 634 καὶ
853 607 938 643 ζήτη-

145 659 186 687 σιν
201 651 248 677 καὶ
260 649 387 686 μάθησιν,
409 649 439 683 ὲξ
458 648 496 678 ὧν
512 652 651 688 ἐπιστήμη
672 652 785 686 γίνεται.
806 654 837 680 Et
856 654 884 680 δὲ
900 656 936 691 μή

143 698 248 732 ἐστινὴ
273 696 345 733 ψυχὴ
366 697 509 729 ἀθάνατος,
532 698 590 725 οὐδὲ
610 699 782 734 ἀνάμνησις·
805 701 829 726 εἰ
848 701 876 727 δὲ
899 701 937 737 μὴ

142 743 243 774 τοῦτο.
264 743 324 769 οὐδὲ
355 743 483 779 μάθησις.
511 744 624 771 Πάντων
653 743 698 772 οὖν
722 746 767 772 τοῦ
794 746 937 779 Πλάτωνος

141 789 283 825 δογμάτων
299 790 419 825 ἀτεχνῶς
434 789 639 826 ἐξηρτημένων,
658 792 705 818 καὶ
718 793 933 827 ἐγκρεμαμένων

141 836 192 870 τῆς
208 836 279 863 κατὰ
298 836 347 872 τὴν
366 836 454 873 ψυχὴν
467 837 604 873 θειότητός
616 846 646 864 τε
660 838 706 865 καὶ
733 838 884 871 ἀθανασίας
897 860 904 871 ,
921 841 936 867 6

143 882 180 918 μὴ
198 883 348 919 συγχωρῶν
370 884 459 916 τοῦτο,
481 883 530 919 τὴν
547 885 637 911 πᾶσαν
661 885 808 921 ἀνατρέπει
828 886 936 920 φιλοσο-

757 173 921 201 ΡΒᾹΞΡΛΠ.
939 172 1064 202 EVANG.
1089 173 1151 201 LIB.
1178 174 1237 202 XV.

710 238 744 261 τά
762 243 791 260 τε
814 234 864 270 τῆς
884 234 933 269 φύ-

986 241 1063 269 ερεεε
1078 234 1122 261 illa
1145 234 1352 269 complcxioque
1377 234 1520 261 moralium
1547 236 1779 270 prmccptiouum,

1712 176 1781 204 1330

990 280 1073 307 animi
1083 280 1368 308 estimmortalitatcm
1385 285 1489 313 secula,
1501 281 1574 315 quod
1589 282 1778 309 excellentiam

989 325 1205 361 dignitatemque
1226 334 1316 358 suam,
1333 326 1457 360 adeoque
1468 333 1629 360 generosum
1644 327 1719 354 illum
1735 335 1782 354 ar-

989 372 1084 400 dorem
1101 372 1288 407 impetumque
1303 379 1383 399 suum
1401 371 1470 399 tueri
1492 379 1524 399 ac
1540 372 1657 400 retinere
1677 373 1780 407 virtus,

988 423 1100 454 propter
1114 419 1186 446 hanc
1208 418 1293 445 animi
1310 418 1482 445 divinitatem
1493 422 1593 453 posset
1615 423 1661 446 :et
1678 424 1781 447 natum

988 473 1033 493 res
1049 473 1144 492 omnes
1163 473 1211 500 pro
1224 465 1381 492 animorum
1397 464 1636 492 administratione
1650 466 1781 500 praeclare

988 512 1161 539 ordinantur.
1180 511 1296 539 Animus
1309 511 1381 538 enim
1397 511 1498 544 omnis,
1515 511 1615 546 inquit,
1630 511 1720 539 omnis
1738 511 1775 537 in-

989 558 1102 584 animati
1116 565 1210 585 curam
1230 557 1362 593 suscipit:
1380 557 1506 592 idemque
1518 558 1617 585 ccrlum
1632 566 1713 585 omne
1724 565 1783 584 ver-

989 609 1030 632 sat
1044 613 1075 632 ac
1089 604 1167 639 regit,
1185 604 1304 639 speciem
1319 604 1346 631 in
1364 604 1425 631 aliis
1440 604 1520 630 aliam
1534 608 1616 639 atque
1634 603 1714 630 aliam
1736 604 1781 630 in-

988 652 1087 679 duens.
1110 651 1180 685 Quin
1196 651 1278 678 etiam
1290 651 1429 686 .quidquid
1447 651 1568 678 scientize
1587 659 1620 678 ac
1642 652 1782 686 sapientia:

988 700 1129 734 proprium
1159 703 1211 732 est,
1226 699 1251 727 id
1271 703 1357 727 totum
1383 707 1444 726 cum
1470 699 1555 726 animi
1576 699 1782 726 immortalitate

988 746 1066 774 Plato
1092 746 1251 773 connexuit.
1271 746 1366 773 Omnis
1390 745 1463 772 enim
1489 746 1622 773 doctrinae
1644 746 1781 780 perceptio

988 791 1141 819 recordatio
1158 791 1283 827 quaedam
1300 796 1341 819 cst
1355 802 1361 819 :
1382 800 1431 819 nec
1446 792 1523 819 aliter
1543 791 1730 827 inquisitionis
1749 800 1781 819 ae

987 838 1149 873 disciplinaz,
1165 846 1217 873 qua
1232 845 1264 865 ex
1279 842 1394 873 utraque
1408 838 1521 865 scientia
1540 838 1675 869 nascitur,
1692 838 1779 865 ratio-

988 889 1049 908 nem
1067 881 1174 908 defendi
1188 888 1268 916 posse
1285 880 1444 908 arbitratur.
1458 879 1540 915 Atqui
1557 880 1579 907 si
1595 887 1650 907 non
1665 884 1707 907 est
1720 879 1780 906 ani-

142 929 207 964 φίαν
218 929 373 962 Πλάτωνος.
393 930 441 962 Τίς
460 929 507 957 οὖν
523 931 596 957 ἐστιν
615 932 629 957 6
645 931 752 968 πρῶτος
772 932 935 969 ἐγχειρήσας

988 932 1050 954 mus
1063 926 1237 959 immortalis,
1255 925 1408 953 recordatio
1417 933 1526 960 quoque
1539 925 1613 952 nulla
1623 930 1665 953 est
1676 934 1683 957 ;
1697 933 1778 960 quam

140 975 336 1008 ἀντιτάξασθαι
353 977 518 1009 ἀποδείξεσι,
534 977 580 1004 καὶ
599 978 649 1013 τὴν
672 978 760 1014 ψυχὴν
788 979 936 1014 ἀφελέσθαι

140 1022 192 1056 τῆς
206 1022 356 1055 ἀθανασίας
368 1024 415 1050 καὶ
429 1023 479 1059 τῆς
491 1023 575 1059 ἄλλης
593 1024 684 1060 πάσης
702 1024 842 1060 δυνάμεως
857 1034 863 1058 ;
888 1026 936 1057 Τίς

141 1068 163 1095 δ’
175 1068 269 1104 ἔτερος
283 1069 299 1104 ἥ
314 1069 328 1095 6
347 1069 556 1105 ’Δριστοτέλης;
581 1069 642 1096 Τιῖιν
659 1069 708 1105 μὲν
725 1070 779 1106 γὰρ
805 1070 892 1098 ἄλλων
911 1073 935 1098 οἰ

142 1114 192 1149 μὲν
203 1115 387 1150 ἐπιδιαμένειν
401 1115 604 1152 συνεχώρησαν·
617 1116 641 1143 οῐ
657 1116 691 1148 δ’,
703 1118 727 1143 εἰ
740 1117 777 1154 μὴ
789 1118 836 1144 καί
845 1118 935 1150 τοῦτο,

139 1161 254 1196 δύναμίν
267 1170 298 1195 γε
317 1163 346 1188 ὲν
357 1162 396 1197 τῷ
409 1161 515 1197 σώματι
531 1162 577 1188 καὶ
592 1162 698 1198 κίνησίν
713 1171 775 1190 τινα
785 1183 792 1196 ,
811 1164 857 1190 καὶ
868 1163 936 1200 ἔργα

140 1209 188 1235 καὶ
201 1208 314 1243 πράξεις
327 1209 477 1244 ἀπένειμαν
489 1210 522 1244 τῇ
532 1208 616 1244 ψυχῇ’
629 1210 644 1235 6
653 1209 692 1241 δὲ,
706 1210 815 1246 ὅσῳπερ
824 1210 936 1238 Πλάτων

139 1255 308 1290 ἀπεσέμνυνε
326 1254 357 1281 τὸ
373 1255 423 1290 τῆς
441 1255 530 1291 ψυχῆς
543 1255 670 1290 πρᾶγμα,
686 1256 774 1291 ἀρχὴν
792 1256 934 1290 γενέσεως,

139 1302 186 1328 καὶ
197 1300 265 1328 Θεοῦ
280 1301 426 1337 παίδευμα,
440 1302 487 1329 καὶ
502 1301 557 1328 τῶν
568 1302 695 1328 ἁπάντων
708 1303 856 1338 προστάτιν
870 1303 936 1330 ἀπο-

140 1348 303 1382 φηνάμενος,
313 1348 343 1374 τὺ
355 1348 433 1383 σῶμα
445 1348 473 1375 δὲ
486 1348 542 1384 (14)
552 1348 738 1383 ἐφιλονείκησε
750 1348 874 1376 καθελεῖν
888 1349 936 1375 καὶ

139 1393 273 1429 ἀτιμάσαι
284 1395 331 1421 καὶ
345 1394 442 1430 μικροῦ
455 1394 509 1421 δεῖν
522 1395 604 1430 μηδὲν
618 1395 756 1430 ἀποφῆναι
769 1395 818 1431 τὴν
834 1394 934 1430 ψυχήν.

140 1439 210 1466 Oli-re
218 1440 272 1477 γὰρ
283 1440 464 1477 πνεῦμαῌῦ),
474 1440 536 1468 οὒτε
548 1440 614 1477 πῦρ,
623 1440 684 1467 οὔτε
695 1441 764 1472 ὅλως
775 1440 864 1476 σῶμα,
878 1441 936 1468 ἀλλ’

139 1487 199 1513 οὐδὲ
211 1487 364 1523 ἀσώματον,
378 1486 433 1514 οἷον
447 1485 517 1514 εἷναί
526 1496 557 1514 τε
569 1488 611 1522 ἐφ’
626 1487 724 1514 ἑαυτοῦ
733 1487 780 1514 καὶ
791 1487 934 1515 κινεῖσθαι·

139 1533 198 1559 ἀλλ’
209 1533 263 1560 οὐδ’
274 1534 336 1560 ὅσον
349 1534 394 1560 ἐπὶ
405 1533 452 1560 τοῦ
468 1533 595 1569 σώματος
605 1542 611 1548 ·
630 1533 769 1569 ἀκίνητον,
783 1535 830 1560 καὶ
844 1533 882 1566 ὡς
898 1535 936 1561 ει-

141 1581 214 1612 πεϊν,
231 1580 347 1615 ἄψυχον.
365 1577 427 1607 Οἷον
446 1580 500 1620 γᾴρ
514 1580 573 1607 τόδε
587 1580 751 1615 ἐτόλμησεν,
770 1580 787 1616 ἢ
811 1581 858 1607 καὶ
878 1582 934 1608 ἀπο
948 1596 971 1628 C

140 1625 311 1661 ηναγκάσθη,
329 1626 367 1658 ὡς
388 1626 435 1653 καὶ
464 1627 513 1658 τὰς
535 1627 729 1662 πρωτουργοὺς
743 1627 864 1663 κινήσεις
877 1628 933 1664 (16)

140 1671 288 1706 ἀφελέσθαι
299 1671 349 1708 τῆς
363 1672 461 1708 ψυχῆς,
476 1673 506 1699 τὸ
519 1673 727 1708 βουλεύσασθαι,
746 1673 777 1700 τὺ
791 1674 934 1710 διανοηθῆ-

140 1725 194 1748 ναι,
203 1717 233 1743 τὸ
246 1717 439 1754 προσδοκῆσαι,
452 1719 483 1745 τὸ
497 1719 694 1755 μνημονεῦσαι,
710 1719 739 1746 τὸ
758 1719 933 1754 λογίσασθαιῐ

139 1763 177 1788 Οὐ
186 1763 241 1799 γὰρ
250 1763 341 1799 ψυχῆς
354 1765 440 1792 ταῦτά
455 1766 558 1792 ἐστιτὰ
576 1766 725 1801 κινήματα,
740 1766 754 1792 ὀ
764 1766 813 1801 τῆς
828 1765 935 1801 φύσεώς

139 1816 207 1843 φησι
219 1809 409 1844 γραμματεύς.
424 1811 499 1838 Πάνυ
515 1811 581 1845 γοῦν
595 1808 673 1843 οὗτός
689 1812 747 1838 ἐστι
765 1813 873 1845 πιστὸς,
897 1813 935 1844 ὼς

139 1854 242 1889 συνῆκέ
256 1864 281 1881 τι
293 1856 357 1891 περὶ
373 1857 427 1883 τῶν
443 1858 532 1890 ἐκτὸς,
544 1859 558 1884 6
573 1858 623 1893 τῆς
641 1858 724 1885 αὐτοῦ
735 1859 823 1894 ψυχῆς
841 1860 934 1886 τοσοῦ-

138 1907 185 1925 τον
197 1899 403 1937 διημαρτηκὼς,
418 1903 456 1935 ὡς
470 1903 531 1939 μηδ’
546 1904 588 1931 ὅτι
604 1904 750 1931 διανοεῖται
764 1905 934 1940 παρακολου-

139 1945 207 1973 θεῖν.
223 1947 260 1973 οὐ
276 1947 331 1983 γὰρ
344 1949 360 1984 ή
373 1949 458 1985 ψυχὴ,
473 1950 565 1986 φησὶν,
587 1950 644 1976 ἀλλ’
655 1952 670 1977 6
693 1951 837 1986 ἄνθρωπός
860 1953 934 1978 ἐστιν

138 1992 153 2018 6
179 1992 282 2020 τούτων
307 1995 423 2022 ἕκαστον
448 1997 586 2032 ὲνεργῶν”
609 1998 625 2032 ὴ
650 1997 723 2032 ψυχὴ
744 1997 772 2023 δὲ
795 1998 931 2033 ἀκίνητος.

140 2037 234 2074 Τούτῳ
247 2041 391 2076 τοιγαροῦν
405 2042 537 2078 ἑπόμενος
548 2043 709 2078 Δικαίαρχος
725 2044 792 2079 (ΓΙ),
809 2044 856 2070 καὶ⁵
872 2045 932 2070 κατ’

177 2139 233 2179 (Ιᾷ)
254 2142 406 2176 Μαθήσεις
431 2144 626 2179 ἀναμνήσεις.
651 2143 718 2172 Vide
742 2143 882 2171 Platonem
905 2146 931 2172 in

143 2173 284 2221 finitione:
301 2173 363 2218 pag.
379 2173 432 2205 582
457 2173 495 2206 ρι’
505 2173 551 2214 seq
578 2200 585 2212 ,
604 2173 655 2215 pro
672 2180 754 2221 hujus
770 2181 871 2207 erroris
885 2180 932 2208 de-

138 2210 265 2272 ἔὲἓῖςὶοιιε
278 2210 386 2248 longius
401 2223 482 2249 quam
500 2210 551 2250 par
565 2210 638 2244 esset
649 2210 795 2251 acriusque
810 2223 932 2251 pugnan-

175 2281 232 2319 (lj)
255 2282 290 2309 Τὸ
310 2283 397 2319 σῶμα
422 2284 465 2312 δέ.
494 2285 557 2313 Haec
579 2287 602 2314 si
625 2287 743 2318 retines,
766 2286 930 2314 Sententiam
947 2274 969 2301 Ι)

138 2316 264 2345 funditus
286 2316 395 2347 omnem
412 2321 529 2353 evertis,
546 2326 576 2348 ut
591 2316 764 2350 mediocriter
781 2323 930 2349 attendenti

136 2356 222 2393 patet.
237 2353 272 2393 At
288 2355 418 2393 τοσούτῳ,
437 2356 478 2383 vel
493 2357 565 2393 τόσῳ
591 2357 635 2391 δή,
651 2361 678 2384 et
687 2364 806 2393 sensum
826 2357 929 2392 implet,

135 2390 165 2414 et
180 2390 318 2427 superiori
334 2390 443 2427 ὅσῳπερ
458 2390 559 2426 optime
576 2390 733 2427 respondet.

150 2417 231 2465 __(15')
238 2424 328 2465 ,οὕτε
347 2417 401 2460 γάρ
421 2417 558 2465 mihi;
576 2417 929 2465 λέιῖίιζξέέ-Ατιειοιειειη,

137 2457 389 2500 Ιιιιῖυι-ζυεκαιιίηἰαξ
398 2469 458 2500 cap.
472 2457 532 2489 ἵει
546 2457 606 2500 seq.
624 2457 869 2500 ad_li"bri»_oalcen_t.

158 2492 242 2534 "(1'61
255 2492 466 2534 Πρωτρυργοὺς
481 2492 641 2534 gumiae-4c.
653 2497 730 2525 Plato
745 2498 791 2534 lib.
807 2506 829 2534 x7
840 2497 876 2525 De
891 2499 930 2525 le-

136 2527 206 2569 gi!”
216 2527 294 2569 Ἀγέι
304 2527 409 2569 ’μὲν
422 2527 494 2568 ψυχὴ
510 2527 599 2559 πάντα
610 2527 650 2560 ’τὰ
666 2534 725 2560 κατ’
739 2533 862 2569 οὐρανὸν,
883 2534 931 2560 καὶ

136 2540 206 2569 ῃίυη
228 2540 294 2563 λιγει
314 2540 366 2591 μεν
377 2540 409 2567 οη
422 2540 494 2568 φυχη
510 2542 599 2559 παντα
616 2540 650 2560 τα
666 2540 725 2560 κατ’
739 2540 862 2568 ουρανον,
883 2540 931 2560 και

134 2572 193 2606 την
200 2584 207 2595 ,
220 2565 266 2591 καὶ
272 2565 425 2606 Δθάᾼατταν,
443 2570 503 2600 ταῖς
524 2568 608 2606 αὐτῆς
619 2569 765 2606 κινήσεσιν,
775 2566 819 2606 αἷς
831 2568 931 2606 ὀνομα-

134 2599 254 2639 fili-oft,
271 2600 412 2639 βοιξλεσθαι
423 2622 430 2634 ,
446 2599 606 2639 σκοπεῖσθαι
617 2625 623 2633 ,
641 2599 846 2639 ἐπιμελεῖσθαι,
868 2599 932 2639 βου-

134 2634 281 2667 λεύεσθαι,
304 2637 425 2670 δοξάζειν
434 2657 442 2668 ,
456 2638 544 2674 ὀρθῶς
554 2659 562 2671 ,
581 2634 738 2696 ἐξευμένως
749 2660 756 2672 ,
769 2634 929 2675 χαίρουσαν,

135 2670 314 2696 λυπουμένην
324 2693 331 2696 .
357 2672 510 2696 θαὸᾗοῦσαν
522 2695 525 2696 ,
562 2683 596 2696 mo
606 2674 732 2696 ,ηιιιιέντιν
743 2695 748 2696 ,
781 2674 912 2696 ιιιιτηῦτηυ
923 2695 928 2696 ,

135 2670 314 2716 λυπουμένην
324 2693 331 2705 ,
357 2670 510 2716 θαρροῦσαν
520 2695 544 2716 ,_
562 2670 755 2716 φοϐουμένην;’
769 2670 929 2716 ’μισοιξσανέ

135 2705 320 2747 στέργουσαν·
334 2705 498 2747 καὶ-’πάσαις
508 2705 592 2747 ,ξὸσαι
610 2705 715 2736 τούτων
734 2705 873 2747 ξυῇγενεῖς
884 2730 892 2743 ,

136 2743 312 2783 πρωτουργοὶ
331 2744 451 2783 κινήσεις
463 2764 471 2776 ,
495 2745 544 2777 τὰς
558 2743 821 2783 δευτερουργοὺςγαῦ
841 2743 932 2781 παραὶ

136 2777 324 2815 λαμϐάνουσαι
350 2777 471 2815 κινήσεις
489 2777 644 2815 σωμάτων,’
658 2777 755 2815 aiebat
779 2782 867 2808 πάντα
883 2777 931 2814 ἐἰς

136 2811 268 2853 αὔξησιν,
278 2814 325 2839 καὶ
335 2811 489 2853 φθίσίνλκαὶ
500 2811 646 2853 διάκρισιν,
655 2811 702 2843 καὶ
711 2816 869 2853 σύγκρισιν,
875 2811 928 2845 etc:

137 2849 304 2889 Aristoteles.
317 2854 407 2889 autem
424 2850 470 2889 lib.
488 2859 494 2878 ι
511 2851 547 2889 [ξε
562 2849 662 2889 anima,
680 2860 740 2887 cap.
752 2849 790 2884 5,.
800 2853 842 2880 vel
858 2852 885 2884 4,
900 2857 931 2880 ιιι

138 2883 174 2923 in.
187 2883 248 2923 aliis
263 2884 429 2923 editionihus
445 2886 598 2914 functiones
615 2888 681 2915 istas
703 2883 750 2914 toti
769 2883 860 2923 potius
882 2888 931 2915 lto—

137 2920 225 2951 mini,
239 2927 322 2954 quam
339 2920 429 2947 animo
444 2922 490 2948 uni
504 2923 659 2951 tribuendas
675 2920 824 2956 existimat,
843 2924 880 2951 Τὸ
897 2923 926 2950 δὲ

988 972 1012 999 si
1028 971 1183 1004 sustuleris,
1198 971 1371 1006 disciplinam
1388 970 1502 1006 proinde
1517 971 1619 997 nullam
1634 970 1779 1004 relinquis.

987 1018 1057 1046 Cum
1072 1018 1155 1053 igitur
1167 1018 1292 1053 dogmata
1308 1017 1430 1045 Platonis
1445 1017 1574 1044 universa
1592 1025 1625 1044 ex
1638 1017 1722 1044 animi
1735 1017 1776 1043 di-

987 1065 1101 1092 vinitate
1112 1068 1139 1091 et
1152 1063 1359 1091 immortalitate
1372 1067 1434 1098 apta
1447 1070 1509 1090 vere
1527 1071 1558 1090 ac
1568 1070 1701 1097 suspensa
1713 1063 1779 1094 sint,

987 1110 1035 1145 qui
1051 1109 1122 1137 hanc
1134 1114 1278 1143 utramque
1292 1108 1426 1143 repudiet,
1450 1109 1473 1135 is
1492 1107 1692 1143 philosophiam
1712 1107 1778 1134 Pla-

988 1156 1060 1183 tonis
1086 1163 1196 1182 omnem
1224 1153 1350 1181 funditus
1376 1158 1480 1181 evertat
1508 1161 1619 1180 necesse
1637 1157 1688 1180 cst.
1709 1152 1778 1185 Quis

987 1209 1053 1238 ergo
1068 1202 1173 1236 primus
1192 1201 1316 1229 omnium
1333 1200 1482 1228 Piatonieis
1494 1200 1779 1228 demonstrationibus

988 1255 1141 1283 repugnare
1158 1254 1304 1283 aggressus
1320 1250 1373 1277 est.
1397 1250 1479 1280 atque
1495 1247 1617 1273 animum
1636 1245 1779 1273 immorta-

987 1294 1064 1321 litate
1079 1293 1161 1321 simul
1175 1300 1207 1321 ac
1219 1292 1348 1320 facultate
1359 1292 1434 1319 omni
1451 1292 1590 1326 spoliare?
1606 1292 1673 1325 Quis
1686 1296 1779 1319 autem

987 1339 1058 1367 alius
1081 1344 1179 1375 praeter
1200 1338 1398 1366 Aristotelem?
1421 1337 1489 1365 Nam
1509 1345 1541 1365 ex
1567 1338 1629 1365 aliis
1646 1338 1778 1373 quidem,

987 1386 1086 1421 partim
1101 1393 1163 1414 eum
1177 1385 1336 1420 aliquandiu
1353 1393 1513 1421 permanere
1530 1384 1697 1418 concedunt,
1715 1392 1778 1419 par-

987 1433 1048 1465 tim,
1070 1432 1092 1460 si
1117 1432 1209 1460 minus
1230 1432 1284 1460 hoc
1306 1432 1433 1467 probant,
1448 1431 1502 1458 vim
1524 1437 1598 1459 certe
1613 1431 1733 1466 aliquam
1751 1436 1779 1459 et

987 1478 1134 1506 motionem
1151 1478 1178 1505 in
1194 1485 1308 1513 corpore
1325 1476 1388 1505 cum
1404 1477 1522 1513 propriis
1538 1477 1702 1512 quibusdam
1715 1476 1778 1504 fun-

987 1525 1124 1553 ctionibus
1138 1525 1232 1553 animo
1249 1524 1419 1560 relinquunt.
1438 1524 1601 1552 Aristoteles
1612 1528 1778 1559 antem,quo

987 1572 1206 1609 magniﬁcentius
1221 1572 1344 1599 animum
1365 1571 1442 1598 Plato
1456 1571 1652 1603 celebraverat,
1667 1578 1729 1598 cum
1745 1571 1777 1598 il-

986 1618 1043 1645 lum
1057 1623 1084 1646 et
1095 1622 1172 1646 ortus
1186 1618 1366 1653 principium.
1393 1616 1496 1652 Deique
1515 1617 1713 1645 institutionem
1727 1625 1778 1652 ap-

985 1664 1114 1700 pellaret,
1135 1665 1187 1692 hoc
1202 1664 1257 1699 egit
1278 1668 1373 1691 contra
1392 1663 1591 1696 vehementius,
1606 1668 1635 1691 ut
1650 1664 1778 1691 eumdem

986 1712 1117 1747 abjiceret
1139 1719 1172 1739 ac
1188 1710 1374 1743 dedecoraret,
1389 1710 1445 1737 imo
1461 1717 1524 1737 vero
1547 1710 1615 1737 nihil
1632 1717 1780 1745 propemo-

986 1758 1052 1785 dum
1071 1765 1132 1785 esse
1144 1756 1310 1784 ostenderet.
1335 1755 1482 1783 Enimvero
1497 1763 1586 1791 neque
1601 1756 1728 1791 spiritum
1744 1755 1778 1783 il-

986 1804 1043 1831 lum
1060 1811 1131 1837 esse,
1146 1811 1234 1838 neque
1249 1802 1352 1838 ignem,
1370 1809 1458 1836 neque
1472 1802 1586 1829 omnino
1598 1806 1708 1837 corpus,
1721 1802 1778 1829 imo

985 1858 1037 1878 nec
1051 1850 1133 1878 etiam
1161 1850 1367 1885 incorporeum,
1392 1849 1431 1876 sic
1447 1847 1558 1882 quidem
1573 1853 1604 1876 ut
1624 1848 1681 1882 ipse
1694 1848 1731 1875 sit
1745 1856 1778 1875 ac

985 1900 1128 1924 moveatur
1142 1904 1175 1923 ex
1192 1903 1271 1924 sese:
1288 1895 1360 1930 quod
1375 1895 1465 1930 ipsum
1485 1902 1534 1922 nec
1548 1895 1573 1922 ei
1590 1895 1731 1927 concedit,
1748 1900 1779 1923 ut

984 1947 1026 1970 est
1039 1943 1066 1969 in
1082 1950 1196 1977 corpore
1212 1952 1218 1969 :
1237 1950 1352 1977 prorsus
1372 1946 1402 1969 ut
1416 1940 1564 1968 inunobilis
1578 1940 1622 1968 ille
1637 1941 1683 1972 sit,
1694 1945 1778 1975 atque

985 1993 1015 2015 ut
1029 1988 1065 2015 ita
1078 1988 1179 2020 dicam,
1198 1988 1348 2016 inanimus.
1363 1986 1525 2022 Cujusmodi
1541 1987 1614 2014 enim
1637 1986 1704 2014 illud
1718 1992 1776 2018 est,

985 2039 1014 2063 ut
1030 2034 1175 2069 primarios
1189 2034 1271 2061 etiam
1295 2034 1323 2061 in
1341 2034 1446 2068 ageltdo
1462 2037 1553 2060 motus
1570 2032 1663 2059 animo
1676 2032 1718 2059 vel
1728 2041 1778 2059 au-

984 2146 1084 2180 λέγειν,
1100 2145 1205 2180 inquit,
1224 2145 1380 2181 ὀργίζεσθαι
1393 2145 1441 2180 τὴν
1461 2145 1559 2181 ψυχὴν,
1577 2146 1669 2181 ὅμοιον
1683 2144 1734 2172 κᾶν
1756 2146 1779 2171 εἰ

983 2190 1025 2213 τις
1041 2181 1124 2215 λέγοι,
1137 2181 1186 2216 τὴν
1202 2180 1290 2216 ψυχὴν
1307 2180 1440 2216 ὑφαίνειν,
1458 2181 1472 2216 ἢ
1491 2180 1652 2216 οἰκοδομεῖν.
1670 2181 1779 2206 Βέλτιον

984 2217 1039 2278 γὰρ
1055 2217 1130 2248 ἴσως,
1153 2215 1190 2252 μὴ
1204 2216 1292 2250 λέγειν
1306 2216 1356 2251 τὴν
1370 2215 1458 2251 ψυχὴν
1471 2216 1566 2247 ἐλεεῖν,
1620 2216 1777 2251 μανθάνειν,

983 2252 1000 2287 ἢ
1035 2251 1190 2283 ιανοείσθαι,
1207 2251 1275 2278 ἀλλὰ
1287 2251 1332 2278 τὸν
1345 2251 1533 2288 ᾄνθρωποντῇ
1546 2251 1629 2288 ψυχῇ.
1648 2251 1714 2284 Quae
1729 2251 1777 2278 do-

1184 2272 1190 2283 ,
1207 2266 1275 2278 “Anu
1287 2266 1332 2278 Ὶιυν
1345 2266 1487 2286 ιιννμιυιι-υν
1501 2266 1533 2286 'i“
1546 2266 1629 2286 Ψυχησ
1648 2266 1714 2284 qua
1729 2266 1779 2278 υυ-

984 2260 1000 2287 η
1017 2260 1190 2283 οιανοεισυαι,
1207 2260 1275 2278 arma
1287 2260 1332 2278 τον
1345 2260 1487 2292 ᾳνυρωπον
1501 2260 1533 2288 τῃ
1546 2260 1629 2292 ψυχῃ.
1648 2260 1714 2284 quae
1729 2260 1776 2278 uo-

984 2288 1071 2315 ctrina
1087 2295 1152 2314 vera
1167 2292 1220 2319 est,
1239 2294 1298 2318 nec.
1313 2294 1421 2321 opinor,
1442 2294 1456 2313 a
1468 2286 1581 2314 Platone
1596 2295 1655 2322 Ipso
1667 2291 1776 2321 negata,

984 2321 1215 2357 quemadmodum
1233 2322 1301 2349 alias
1317 2322 1388 2349 idem
1403 2322 1563 2350 Aristoteles
1575 2321 1638 2349 vere
1653 2322 1776 2349 animum

984 2365 1032 2385 seu
1054 2362 1172 2385 mentem
1196 2357 1346 2391 intelligere
1364 2358 1540 2391 pronuntiat,
1564 2361 1594 2384 ut
1612 2358 1660 2384 lib.
1690 2365 1719 2384 ιιι
1739 2357 1778 2384 De

982 2393 1073 2428 anima
1083 2413 1090 2423 ,
1106 2400 1167 2426 cap.
1184 2392 1259 2428 5,_'0
1274 2392 1329 2428 ἄρα
1345 2392 1511 2427 καλούμενος
1526 2393 1576 2428 τῆς
1592 2392 1682 2428 ψυχῆς
1697 2392 1775 2424 νοῦς·

982 2427 1053 2462 λέγω
1068 2428 1096 2454 δὲ
1114 2428 1187 2460 νοῦν,
1205 2425 1228 2462 ᾧ
1242 2425 1385 2455 διανοεῖται
1403 2425 1448 2454 καὶ
1466 2425 1665 2463 ὑπολαμϐάνει
1691 2427 1727 2462 ψυ
1748 2428 1775 2462 ή.

1019 2463 1078 2490 H7)
1099 2463 1285 2490 Amulaovoc.
1311 2462 1453 2490 Honnerus
1474 2463 1645 2490 Aristotelem
1663 2429 1712 2490 fhic
1729 2436 1775 2489 χδι-

1019 2436 1053 2462 γω
1068 2436 1096 2454 οε
1114 2436 1187 2460 νουν,
1205 2436 1228 2462 ῳ
1242 2436 1385 2455 οιανοειται
1403 2436 1448 2454 και
1466 2436 1652 2463 υποΛαμ-οανει
1691 2436 1727 2462 ψυ
1748 2437 1775 2462 η.

1019 2463 1078 2498 (17)
1099 2463 1285 2497 Δικαίαρχος,
1311 2462 1453 2497 Hopperus
1474 2463 1645 2490 Aristotelem
1663 2436 1712 2491 Yhic
1729 2436 1777 2489 χδι-

982 2498 1133 2534 καιαρχον,
1154 2498 1271 2532 justitia:
1287 2499 1449 2533 principem.
1467 2499 1519 2526 dici
1546 2499 1696 2534 arbitratus
1722 2503 1775 2525 est.

983 2533 1158 2561 Dicaearchus
1175 2534 1227 2561 iste
1242 2533 1422 2568 philosophus
1435 2539 1494 2560 erat
1507 2542 1538 2560 ex
1555 2533 1679 2561 Messana
1704 2534 1776 2561 Sici-

982 2569 1025 2596 liae
1040 2569 1116 2600 urbe,
1132 2569 1333 2604 Ἀριστοτέλους
1346 2569 1482 2604 ἁκουστής
1492 2590 1498 2596 .
1512 2574 1542 2595 ut
1556 2570 1651 2596 scribit
1664 2569 1773 2596 Suidas.

983 2603 1021 2631 De
1038 2605 1090 2632 hoc
1105 2603 1189 2631 multa
1202 2604 1306 2638 passim
1315 2604 1431 2635 Tullius,
1443 2609 1472 2631 ut
1487 2604 1595 2631 Tuscul.
1613 2612 1632 2636 ι,
1642 2605 1750 2632 sect.‘2l
1767 2615 1772 2631 :

982 2639 1153 2666 Dicaearchus
1170 2645 1269 2671 autent,
1287 2640 1386 2673 inquit.
1400 2640 1427 2666 in
1442 2648 1471 2666 eo
1486 2648 1615 2671 sermone,
1629 2648 1705 2673 quem
1724 2640 1776 2667 Ca-

982 2675 1065 2702 rinthi
1080 2675 1200 2702 habitum
1212 2675 1296 2702 tribus
1308 2675 1384 2701 libris
1399 2676 1517 2709 exponit,
1529 2675 1615 2709 primo
1629 2675 1697 2702 libro
1710 2676 1776 2701 mul-

984 2715 1023 2738 to:
1040 2711 1173 2746 loquentes
1191 2711 1255 2745 facit
1278 2718 1287 2737 :
1310 2710 1412 2737 duobus
1429 2710 1614 2738 Pherecratem
1634 2711 1775 2746 quemdam

982 2746 1118 2773 Pthiotum
1132 2755 1229 2779 senem,
1252 2755 1326 2782 quem
1345 2747 1382 2773 ait
1397 2746 1557 2774 Deucalione
1576 2752 1675 2779 ortum,
1691 2748 1775 2774 disse-

982 2787 1082 2810 rentem
1104 2782 1226 2814 inducit;
1251 2782 1318 2808 nihil
1338 2790 1393 2809 esse
1409 2783 1515 2809 omnino
1532 2783 1649 2810 animum
1660 2803 1667 2814 ,
1683 2788 1706 2810 et
1726 2785 1774 2809 hoc

982 2826 1037 2845 esse
1055 2822 1139 2845 totum
1154 2826 1248 2844 nomen
1262 2819 1350 2848 inane,
1365 2818 1516 2853 frustraque
1532 2818 1664 2845 animalia
1677 2826 1699 2845 et
1716 2819 1774 2844 ani-

983 2858 1084 2880 mantes
1100 2853 1239 2889 appellari.
1254 2853 1286 2880 Et
1296 2858 1367 2889 sect.
1383 2853 1417 2879 77
1433 2862 1439 2879 :
1460 2854 1593 2881 Acerrime
1610 2859 1715 2886 autent,
1734 2854 1776 2880 in-

983 2890 1060 2923 quit,
1085 2890 1189 2916 deliciw
1205 2897 1268 2916 mea:
1292 2888 1459 2915 Dirwarchna
1473 2894 1567 2915 (antra
1579 2890 1646 2915 hanc
1663 2890 1774 2915 immor-

985 2924 1115 2952 talitatem
1130 2925 1263 2952 disseruit.
1292 2923 1320 2951 Is
1338 2926 1405 2951 enim
1423 2931 1473 2952 (res
1491 2925 1571 2952 libros
1591 2925 1712 2959 scripsit,
1730 2924 1776 2959 qui
