2061 3210
165 177 236 204 1555

724 166 886 195 ΡΠΑΕΡΛΗ.
906 163 1031 193 EVANG.
1053 163 1116 190 LIB.
1129 162 1188 190 χν.

1717 157 1785 185 1554

163 235 253 270 ψαιτο,
269 233 327 266 πῶς
342 233 405 269 περὶ
419 232 509 268 ψυχῆς
535 231 653 265 λέγεται.
681 229 736 265 Τὴν
759 228 848 263 ψυχήν
870 234 946 262 φασιν

1003 227 1159 258 usurpetur,
1173 222 1213 249 sic
1226 221 1334 249 habeto.
1347 219 1475 248 Animum
1488 221 1575 250 aiunt,
1588 225 1650 246 cum
1665 217 1785 244 animato

164 283 193 308 ὲν
209 280 247 317 τῷ
264 280 383 314 συνθέτῳ
397 278 483 309 εἴδους
497 277 574 308 τάξιν
588 276 626 307 ὡς
649 275 717 310 πρὸς
742 273 807 308 ὓλην
823 272 854 299 τὸ
869 271 948 317 σῶμα

164 313 285 363 ἔμψυχον
298 313 379 360 ἔχειν,
395 323 517 359 σώματος
531 322 560 349 δὲ
572 322 604 348 οὐ
620 320 720 352 παντὸς
745 317 824 351 εἶδος,
842 317 903 345 οὐδὲ

164 373 254 408 σῶμα,
269 371 337 398 ἀλλὰ
350 369 475 405 φυσικοῦ,
490 367 646 405 ὀργανικοῦ,
660 366 772 401 δυνάμει
789 365 861 400 ζωὴν
874 363 948 398 ἕχον-

162 427 217 450 τος.
235 417 266 443 El
284 417 331 452 μὲν
344 414 389 442 οὖν
442 413 656 450 παραϐέϐληται,
672 411 821 446 ὡμοίωται,
834 409 871 440 ὡς
883 417 948 444 μορ-

164 464 201 499 φὴ
215 463 372 498 ἀνδριάντος
395 460 463 496 πρὸς
483 459 592 495 χαλκὸν·
617 459 663 485 καὶ
688 456 875 492 διαιρουμένου
901 455 946 481 τοῦ

164 510 289 545 σώματος
303 506 516 543 συμμερὲζεσθαι
529 506 582 540 (19)
606 505 654 538 τὴν
669 503 766 539 ψυχὴν,
783 503 829 529 καὶ
850 502 948 528 ἀποκο-

163 555 297 591 πτομένου
310 555 381 585 τινὸς
397 553 504 589 μέρους,
521 552 587 587 μετὰ
601 551 647 578 τοῦ
665 550 848 581 ἀποκοπέντος
859 549 948 584 ψυχῆς

164 602 257 637 μόριον
273 598 353 631 εἶναι,
367 601 416 635 τήν
431 608 460 626 τε
473 599 503 625 ὲν
515 600 571 630 τοῖς
593 597 685 628 ὕπνοις
709 595 881 632 ἀναχώρησιν
911 594 947 630 μὴ

161 646 293 681 γίνεσθαι,
301 645 379 681 εἴπερ
388 645 428 671 δεῖ
442 646 568 680 προσφυᾶ
575 643 623 679 τὴν
633 643 809 678 ἐντελέχειαν⁷
818 639 849 669 οὗ
863 642 946 673 ἐστιν,

161 690 243 720 εἶναι·
258 693 289 720 τὸ
301 693 322 719 δ’
345 692 454 728 ἀληθὲς,
472 692 539 727 μηδὲ
565 691 648 717 ὕπνον
673 689 804 725 γίνεσθαι.
823 689 877 715 Καὶ
895 688 948 724 μὴν

161 740 328 775 ἐντελεχείας
339 739 432 774 οὔσης,
449 739 508 765 οὐδὲ
537 738 692 764 ἐναντίωσιν
717 736 797 770 λόγου
808 736 876 771 πρὸς
886 736 947 761 ὲπι-

161 785 270 820 θυμίας⁸
281 785 310 811 ἓν
322 785 352 812 δὲ
367 785 414 811 καὶ
426 783 522 810 ταύτὸν
535 783 567 809 δι’
585 783 645 809 ὅλου
662 780 822 808 πεπονθέναι
837 780 867 806 τὸ
882 780 945 812 πᾶν,

160 831 190 857 οὗ
204 830 354 866 διαφωνοῦν
377 830 474 865 ἐαυτῷ.
505 829 648 864 Αἱσθήσεις
675 828 704 855 δὲ
734 827 813 862 μόνον
834 826 947 855 δυνατὸν

161 878 226 908 ῐσως
240 876 371 911 γίνεσθαι,
395 876 443 907 τὰς
455 876 484 902 δὲ
501 875 608 910 νοήσεις
624 875 762 901 ἀδύνατον.
777 873 823 900 Διὸ
833 873 880 900 καὶ
896 873 946 900 αὑ-

159 924 201 950 τοὶ
213 923 296 959 ἄλλην
312 922 400 958 ψυχὴν
426 922 472 948 τὸν
486 922 548 948 νοῦν
573 922 737 955 εἰσάγουσιν,
754 921 783 947 ὃν
813 919 945 947 ἀθάνατον

159 969 292 996 τίθενται.
308 968 363 1003 Τὴν
374 966 420 995 οὖν
442 966 618 1002 λογιζομένην
643 967 732 1002 ψυχὴν
746 965 832 997 ἄλλως
844 965 946 991 ἐντελέ-

159 1023 234 1050 χειαν
249 1014 265 1049 ἢ
278 1014 370 1041 τοῦτον
384 1013 428 1040 τὸν
451 1013 550 1049 τρόπον
571 1013 677 1048 ἀνάγκη
710 1010 789 1044 εἶναι,
807 1012 831 1037 εί
846 1011 886 1038 δεῖ
907 1010 946 1045 τῷ

159 1061 271 1096 ὀνόματι
284 1060 371 1096 τούτῳ
385 1060 513 1096 χρῆσθαι.
524 1059 585 1085 Οὐδ’
598 1060 615 1094 ἡ
627 1058 782 1094 αἰσθητικὴ,
805 1058 883 1093 εἴπερ
900 1057 946 1084 καὶ

159 1108 228 1142 αὕτη
244 1106 298 1134 τῶν
313 1106 447 1142 αἰσθητῶν
456 1106 578 1133 ἀπόντων
593 1105 655 1136 τοὺς
662 1104 764 1136 τύπους
776 1103 946 1139 Examina);

158 1155 189 1182 οὐ
199 1153 268 1190 μετὰ
279 1153 326 1180 τοῦ
342 1153 466 1189 σώματος
479 1152 532 1188 ἄρα
542 1153 608 1185 ἕξει·
620 1151 680 1178 εἰδὲ
690 1151 738 1187 μὴ,
749 1150 834 1182 οὕτως
843 1150 946 1176 ἐνέσον-

158 1208 204 1226 ται
214 1198 257 1231 ηις
274 1200 376 1235 μορφαὶ
387 1199 433 1226 καὶ
457 1199 569 1229 εἰκόνες·
587 1198 643 1224 ἀλλ’
656 1197 786 1224 ἀδύνατον
800 1196 886 1228 ἄλλως
902 1196 945 1222 δέ-

159 1246 265 1282 χεσθαι,
282 1247 307 1273 εἰ
318 1245 404 1277 οὓτως
418 1246 511 1273 ὲνεῖεν.
528 1245 584 1272 Οὐκ
600 1246 654 1280 ἄρα.
668 1243 724 1271 οὖσ*
741 1243 890 1279 ἀχώριστος
903 1244 946 1270 ὲν-

157 1293 290 1330 τελέχεια.
305 1294 360 1320 Καὶ
388 1292 440 1329 μὴν
456 1293 516 1319 οὐδὲ
539 1292 570 1319 τὸ
601 1291 762 1327 ἐπιθυμοῦν,
788 1291 824 1326 μὴ
842 1291 943 1322 σιτίων,

160 1340 227 1376 μηδὲ
242 1339 342 1371 ποτῶν,
357 1339 414 1366 ἀλλ’
430 1339 516 1367 ἄλλων
528 1338 603 1374 παρὰ
615 1338 648 1364 τὰ
661 1337 707 1364 τοῦ
734 1336 869 1373 σώματος,
885 1337 945 1363 οὐδὲ

157 1387 226 1413 αὐτὸ
239 1385 388 1422 ἀχὼριστος
405 1385 566 1420 ἐντελέχεια.
583 1385 682 1412 Λοιπὸν
697 1384 725 1410 δὲ
740 1383 770 1410 τὸ
787 1383 945 1422 φυτικὸνρν

158 1434 213 1468 εἰη,
228 1433 242 1460 ὃ
257 1419 462 1469 ἇμιρισδήτησιν
473 1419 621 1465 ἂνδόξειεν
633 1431 717 1466 ἔχειν,
736 1431 839 1466 μήποτε
851 1419 944 1456 τοῦτον

156 1479 206 1505 τὸν
220 1479 319 1514 τρόπον
329 1478 481 1514 ἐντελέχεια
494 1478 644 1513 ἀχώριστος
710 1476 778 1502 Ἀλλ’
795 1476 854 1502 οὐδὲ
868 1475 945 1502 τοῦτο

158 1525 283 1558 φαίνεται
296 1523 382 1556 οὕτως
409 1524 481 1559 ἔχον.
508 1523 539 1549 Εἰ
552 1522 606 1558 γὰρ
620 1523 636 1557 ὴ
665 1521 736 1557 ἁρχὴ
750 1521 849 1552 παντὸς
861 1520 944 1555 φυτοῦ

240 1570 288 1606 τὴν
301 1570 388 1606 ῥίζαν,
402 1570 448 1596 καὶ
460 1568 640 1604 αὐξανομένου
665 1568 711 1594 τοῦ
724 1567 804 1594 ἄλλου
821 1566 945 1602 σώματος
959 1577 980 1606 C

157 1618 224 1652 περὶ
235 1617 284 1652 τὴν
296 1617 383 1652 ῥίζαν,
399 1616 446 1643 καὶ
461 1616 535 1643 κάτω
548 1615 603 1651 (‘20)
617 1615 646 1642 ὲν
658 1615 762 1646 πολλοῖς
778 1614 832 1641 τῶν
844 1613 944 1649 φυτῶν,

156 1665 179 1698 ἡ
189 1662 261 1698 ψυχὴ
273 1662 393 1698 δηλονότι
405 1662 574 1689 ἀπολιποῦσα
587 1662 620 1688 τὰ
637 1661 703 1689 ἄλλα
718 1661 798 1697 μέρη,
819 1661 858 1692 εἰς
874 1659 903 1686 ἓν
919 1668 946 1686 τι

158 1708 321 1744 συνεστάλη
334 1709 384 1735 οὐκ
398 1708 451 1744 ἄρα
462 1706 496 1744 ἦν
517 1709 545 1734 ὲν
556 1707 594 1743 τῷ
604 1708 657 1743 ὂλῳ
674 1707 711 1738 ὡς
738 1706 887 1742 ἀχώριστος
901 1707 944 1732 ὲν-

157 1753 294 1789 τελέχεια.
314 1753 369 1780 Καὶ
384 1753 438 1789 γὰρ
457 1751 490 1780 αὖ
512 1754 581 1785 ἐστι,
601 1753 664 1788 πρὶν
681 1752 829 1787 αὐξηθῆναι
855 1752 884 1778 τὸ
897 1761 946 1786 φυ-

157 1799 216 1831 τὸν,
231 1800 259 1826 έν
270 1800 309 1835 τῷ
324 1799 405 1835 ὀλίγῳ
419 1799 501 1834 ὄγκῳ.
521 1800 552 1826 El
565 1797 611 1826 οὖν
624 1799 670 1826 καὶ
681 1799 721 1830 εἰς
737 1798 824 1832 ὸλῖγον
838 1798 946 1834 ἔρχεται

158 1845 194 1871 ἐκ
209 1845 330 1880 μείζονος
359 1845 454 1880 φυτοῦ,
473 1846 520 1872 καὶ
549 1845 578 1878 ἐξ
590 1845 678 1879 ὀλίγου
697 1845 742 1871 ἐπὶ
759 1845 823 1875 πᾶν,
840 1845 865 1871 τί
893 1853 946 1871 κω-

157 1891 218 1917 λύει
235 1892 282 1918 καὶ
308 1892 375 1923 ὅλως
406 1892 583 1928 χωρίζεσθαι;
604 1891 665 1923 Πῶς
690 1891 711 1918 δ’
723 1891 765 1923 ἂν,
779 1891 827 1918 καὶ
841 1891 946 1926 ἀμερὴς

157 1935 238 1968 οὖσα,
264 1937 390 1973 μεριστοῦ
407 1937 454 1964 τοῦ
473 1937 598 1972 σώματος
613 1937 764 1972 ἐντελέχεια
780 1936 884 1970 γένοιτο
900 1945 947 1971 με·

159 1984 239 2019 ριστή
251 1991 258 2014 ;
272 1982 308 2009 Ἥ
322 1991 351 2009 τε
365 1982 433 2018 αὐτὴ
448 1983 520 2018 ψυχὴ
535 1983 564 2016 ἐξ
576 1983 655 2009 ἄλλου
672 1982 740 2014 ζώου
755 1982 819 2009 ἄλλο
830 1982 944 2016 γίνεται·

159 2028 220 2060 πῶς
236 2026 281 2056 οὖν
298 2030 314 2065 ὴ
331 2030 377 2056 τοῦ
399 2030 533 2066 προτέρου
545 2029 591 2056 τοῦ
613 2029 710 2064 ἑφεξῆς
741 2030 774 2056 ἂν
789 2030 902 2064 γένοιτο,
921 2029 946 2055 εί

157 2073 194 2109 ἦν
211 2075 361 2110 ἐντελέχεια
375 2076 432 2107 ἑνός
444 2084 451 2108 ;
463 2075 589 2102 Φαίνεται
603 2076 631 2102 δὲ
644 2075 722 2102 τοῦτο
747 2075 778 2102 ὲκ
793 2075 848 2102 τῶν
863 2084 945 2110 μετα-

158 2121 311 2148 ῦαλλόντων
328 2122 404 2154 ζώων
417 2123 456 2154 εἰς
469 2122 535 2149 ἄλλα
552 2122 618 2154 ζῶα.
634 2123 690 2149 Οὐκ
706 2122 759 2158 ἄρα
772 2122 811 2157 τῷ
823 2119 892 2153 εἶδος
907 2119 945 2148 εἶ-

157 2167 205 2194 ναι
219 2176 300 2200 τινος,
318 2168 348 2194 τὸ
362 2166 430 2195 εἶναι
443 2169 509 2204 ἔχει·
539 2169 596 2195 ἀλλ’
620 2169 692 2195 ἔστιν
718 2169 806 2200 οὐσία.
823 2169 854 2195 οὐ
871 2168 946 2204 παρὰ

157 2214 191 2240 τὸ
206 2213 350 2249 ἐνσώματι
376 2214 507 2250 rapacem,
534 2215 565 2242 τὸ
591 2213 660 2242 εἶναι
681 2215 870 2251 λαμσάνουσα,
888 2215 945 2242 ἀλλ’

157 2258 228 2286 οὖσα
245 2260 309 2295 πρὶν
319 2260 366 2287 καὶ
381 2249 456 2287 τοῦδε
483 2261 618 2295 γενέσθαν
636 2258 691 2288 οἷον
710 2249 779 2293 ζώου
793 2261 861 2295 (2|)!
872 2262 902 2288 οὑ
914 2261 945 2288 τὸ
961 2249 983 2276 Ῑ)

160 2305 241 2340 σῶμα
254 2306 304 2341 τὴν
318 2306 406 2341 ψυχὴν
422 2307 557 2342 γεννήσει.
571 2307 618 2338 Τίς
630 2305 676 2334 οὖν
704 2307 782 2334 οὐσία
795 2307 897 2342 αὖτῆςς
915 2308 945 2333 Εἰ

157 2350 188 2376 δὲ
201 2350 256 2383 (22)
274 2351 341 2386 μήτε
354 2351 443 2386 σῶμα.
463 2353 530 2386 μήτε
550 2352 634 2383 πάθος
657 2351 792 2387 σώματος,
806 2352 904 2388 πρᾶξις
916 2353 945 2379 δὲ

159 2397 209 2422 καὶ
223 2397 340 2431 ποίησις,
359 2397 406 2423 καὶ
423 2397 506 2424 πολλὰ
521 2398 568 2424 καὶ
594 2399 623 2425 ὲν
635 2399 715 2434 αὐτῇ,
737 2399 783 2425 καὶ
806 2398 834 2431 ἐξ
848 2398 943 2432 αὐτῆς·

159 2442 240 2468 οὐσία.
259 2443 332 2477 παρὰ
361 2442 395 2469 τὰ
413 2442 525 2478 σώματα
547 2441 623 2475 οὖσα,
639 2444 701 2471 ποία
728 2444 767 2476 τίς
793 2444 883 2477 tactv;
907 2441 946 2469 Ἦ

160 2594 283 2632 Etim/rd.
302 2604 327 2623 IV
343 2597 505 2632 principium
521 2597 654 2630 occurrit,
665 2597 710 2624 ubi
725 2597 808 2624 verbo
822 2604 876 2624 uno
895 2605 944 2624 en-

161 2631 305 2667 lelechiam
321 2631 484 2667 perstringit.
496 2633 562 2660 Nam
579 2634 612 2660 de
622 2633 719 2660 anima:
730 2632 942 2664 immortalitate,

161 2673 219 2693 non
247 2666 330 2698 duos,
346 2668 391 2695 sed
410 2666 494 2695 unum
512 2669 644 2695 duntaxat
660 2669 761 2695 librum
775 2667 809 2695 ab
823 2675 856 2694 eo
876 2667 944 2694 scri-

159 2706 238 2738 ptum
258 2709 317 2729 esse
334 2703 452 2738 reperio,
473 2704 519 2738 qui
537 2705 668 2738 septimus
690 2708 732 2731 est
750 2703 871 2738 ejusdem
886 2701 943 2728 En-

161 2736 240 2779 creati.
273 2744 309 2779 iv.
333 2736 431 2779 Iniquo
454 2736 601 2779 tametLde
617 2736 772 2779 entelechia'
791 2737 857 2773 μηδὲ
879 2737 942 2779 χρύ.

160 2770 250 2809 Porro
270 2772 354 2809 vitrea
372 2770 434 2800 sunt
459 2774 514 2800 hate
534 2773 631 2801 Plotini
651 2770 827 2809 argumenta,
847 2770 944 2808 quibus

161 2806 364 2844 Aristoteliam
380 2809 557 2844 entelccl-iam
572 2806 714 2844 oppugnat.

200 2841 258 2873 (l9)
278 2841 357 2868 Forte
376 2843 436 2870 add.
457 2843 505 2871 δεῖ.

200 2875 255 2912 (20)
276 2877 332 2903 Kal
343 2877 429 2905 κάτω.
448 2879 499 2906 A‘lt.
518 2888 567 2908 nis.
584 2879 644 2914 lcgil
660 2880 707 2906 καὶ
721 2879 752 2906 τὰ
765 2879 848 2909 κάτω,
873 2878 944 2913 quod

1000 277 1125 305 corpore,
1142 268 1223 296 veluti
1239 275 1300 295 cum
1323 267 1438 294 materia
1452 269 1649 301 comparatum,
1665 264 1692 291 in
1707 270 1784 290 com-

999 317 1089 351 posito
1105 314 1200 342 formae
1216 314 1348 341 rationem
1370 312 1486 346 habere.
1505 311 1611 347 Corpus
1626 314 1716 338 autem
1736 317 1784 336 ac-

999 362 1116 397 cipiunt,
1133 368 1187 388 non
1203 359 1352 395 quodlibet,
1371 363 1418 386 aut
1432 361 1568 393 quatenus
1581 363 1679 391 corpus
1693 356 1783 390 ipsum

998 410 1051 439 est,
1074 408 1122 433 sed
1138 404 1273 436 naturale,
1289 404 1464 439 organicum.
1487 407 1514 430 et
1530 405 1662 437 potestate
1677 401 1781 428 vivens.

1000 451 1030 478 Si
1045 451 1106 485 ejus
1127 458 1192 485 ergo
1209 449 1306 481 similis
1328 453 1380 482 est,
1404 455 1523 484 quocum
1548 448 1605 482 ipse
1633 445 1782 477 confertur,

998 505 1086 532 eoque
1102 504 1132 524 se
1147 496 1228 523 modo
1244 496 1334 526 habet,
1351 503 1406 530 quo
1428 499 1525 522 statua'.
1545 492 1633 520 forma
1653 499 1714 519 cum
1730 498 1784 518 aere

999 546 1164 577 comparata,
1181 541 1305 576 sequitur
1323 542 1447 574 omnino,
1464 541 1509 568 ubi
1528 547 1628 574 corpus
1641 537 1781 569 dividitur,

999 588 1083 616 animi
1098 588 1179 616 simul
1190 588 1352 615 divisionem
1369 587 1426 615 fieri
1439 596 1446 620 ;
1465 595 1497 614 ac
1514 591 1617 614 resecta
1630 589 1707 620 parte
1722 592 1783 612 cor-

998 634 1082 669 poris,
1101 641 1161 662 cum
1180 641 1212 661 ea
1229 633 1331 668 pariter
1348 633 1432 660 animi
1445 637 1550 668 partem
1569 639 1630 660 esse
1645 631 1780 665 aliquam:

999 681 1122 714 adeoque
1138 687 1186 708 nec
1203 679 1229 707 in
1255 680 1357 706 somnis
1390 679 1572 707 secessionem
1597 677 1684 712 ipsius
1700 677 1782 703 ullam

998 726 1180 761 contingere:
1202 734 1263 754 cum
1279 725 1458 754 entelechiam
1479 725 1552 752 illam
1572 731 1634 752 cum
1657 731 1690 751 eo
1704 722 1783 758 cujus

997 773 1108 808 propria
1133 776 1186 805 est,
1213 772 1247 799 ab
1271 776 1333 799 ortu
1365 771 1534 806 complexam
1555 778 1616 798 esse
1639 773 1783 804 oporteat:

998 819 1054 845 imo
1068 825 1133 846 vero
1147 825 1274 845 somnum
1291 817 1384 851 reipsa
1396 815 1502 843 nullum
1529 815 1660 843 exsistere
1674 813 1785 842 conclu-

997 863 1080 890 ditur.
1093 862 1196 890 Deinde
1217 862 1240 891 si
1254 862 1411 890 entelechiaa
1434 861 1505 888 ratio
1524 860 1692 895 probabitur,
1710 859 1783 886 nulla

996 909 1051 943 jam
1066 908 1180 936 rationis
1193 915 1254 935 cum
1266 907 1461 943 cupiditatibus
1473 905 1593 934 luctatio
1605 905 1782 940 relinquetur,

997 953 1044 981 sed
1060 961 1115 981 uno
1130 960 1244 988 prorsus
1261 953 1413 988 eodemque
1427 960 1509 980 sensu
1533 956 1619 979 totum
1636 951 1725 986 ipsum
1742 949 1784 977 af-

996 999 1113 1032 ﬁcietur,
1127 1006 1161 1026 ne
1176 1006 1191 1026 a
1204 999 1352 1034 semetipso
1368 998 1508 1025 dissideat.
1526 996 1671 1029 Praeterea,
1687 1003 1784 1023 sensus

997 1045 1113 1072 fortasse
1129 1047 1245 1077 tantum,
1261 1051 1317 1071 non
1337 1043 1401 1070 item
1417 1042 1602 1078 intelligentiae
1627 1041 1784 1069 functiones

997 1087 1068 1115 obiri
1085 1091 1224 1123 poterunt.
1249 1087 1394 1121 Quocirca,
1419 1087 1502 1114 alium
1524 1087 1638 1122 insuper
1650 1081 1782 1117 animum,

996 1133 1049 1161 hoc
1064 1137 1107 1161 est
1130 1137 1248 1160 mentem
1261 1152 1269 1165 ,
1285 1132 1470 1164 introducunt,
1499 1139 1580 1166 quam
1602 1131 1782 1158 immortalem

996 1186 1057 1206 esse
1072 1179 1247 1206 confirmant.
1272 1177 1350 1205 Alius
1370 1185 1435 1212 ergo
1449 1177 1556 1210 modus,
1573 1184 1653 1212 quam
1677 1177 1723 1212 qui
1750 1176 1784 1204 ab

996 1223 1058 1252 istis
1077 1225 1249 1260 explicatur,
1276 1223 1433 1251 necessario
1461 1222 1615 1251 aﬂerendus
1640 1223 1700 1255 erit,
1727 1229 1783 1257 quo

996 1271 1104 1298 animus
1120 1270 1299 1298 ratiocinandi
1327 1269 1456 1298 facultate
1473 1269 1614 1305 praeditus,
1629 1268 1779 1296 entclechia

995 1317 1121 1350 dicatur,
1145 1316 1168 1344 si
1192 1315 1244 1344 hoc
1267 1316 1427 1344 vocabulum
1453 1316 1562 1343 retineri
1589 1315 1684 1350 placet.
1711 1314 1782 1348 Quin

995 1363 1077 1390 etiam
1097 1362 1188 1390 anima
1213 1362 1269 1395 illa,
1296 1369 1357 1397 quae
1384 1360 1516 1389 sentiendi
1542 1361 1705 1395 principium
1729 1364 1782 1393 est,

995 1416 1110 1443 quaeque
1130 1415 1222 1436 rerum
1239 1407 1366 1435 sensibus
1383 1411 1570 1442 perceptarum
1587 1406 1705 1438 easdem,
1721 1406 1784 1433 lieet

995 1452 1161 1484 absentium,
1178 1452 1281 1480 formas
1299 1458 1441 1480 conservat
1456 1452 1513 1486 ipsa
1530 1459 1649 1486 quoque,
1665 1459 1710 1478 eas
1723 1451 1783 1478 sine

995 1505 1109 1534 corpore
1125 1505 1289 1526 conservare
1308 1505 1361 1525 non
1388 1498 1498 1533 poterit.
1520 1496 1575 1524 Hoc
1590 1502 1679 1523 autem
1696 1497 1783 1524 sida-

995 1543 1080 1576 bitur,
1098 1551 1136 1571 ea:
1148 1543 1262 1578 proinde
1278 1543 1426 1579 ﬁgurarum
1442 1542 1647 1578 imaginumque
1663 1550 1738 1569 more
1755 1543 1780 1569 in

996 1591 1088 1619 anima
1103 1591 1260 1618 residebunt
1276 1599 1282 1618 :
1298 1590 1372 1626 atqui
1386 1591 1407 1618 si
1422 1591 1474 1617 hoc
1488 1590 1608 1617 inessent
1623 1589 1713 1622 modo,
1728 1597 1782 1616 non

997 1638 1074 1665 aliter
1088 1637 1182 1672 utique
1196 1637 1279 1671 recipi
1297 1636 1331 1663 ab
1347 1644 1377 1663 ea
1396 1639 1516 1671 possent.
1533 1634 1569 1662 Ut
1579 1642 1644 1670 ergo
1659 1635 1693 1662 sit
1708 1639 1784 1665 ente-

997 1682 1096 1713 lechia,
1115 1689 1168 1709 non
1184 1681 1318 1717 ejusmodi
1340 1686 1431 1708 tamen
1444 1685 1496 1713 est,
1512 1689 1573 1716 qua:
1588 1681 1708 1715 separari
1728 1689 1781 1707 non

996 1728 1091 1764 possit.
1107 1727 1190 1763 812
1206 1727 1245 1755 Ex
1267 1734 1324 1763 quo
1346 1727 1428 1754 etiam
1452 1726 1576 1760 eﬂicitur,
1602 1731 1630 1754 ut
1653 1726 1695 1753 vel
1712 1726 1782 1762 ipsa,

997 1782 1052 1802 non
1063 1774 1119 1809 jam
1132 1773 1333 1801 esculentorum
1348 1780 1380 1800 ac
1392 1772 1610 1808 poculentorum,
1626 1773 1672 1801 sed
1687 1779 1782 1800 eorum

997 1819 1078 1847 etiam
1093 1827 1154 1854 qua:
1170 1824 1234 1847 sunt
1247 1824 1324 1847 extra
1335 1826 1445 1854 corpus,
1467 1819 1631 1854 appetentia,
1658 1819 1683 1846 id
1698 1826 1783 1854 genus

997 1863 1146 1892 enteleehia
1159 1871 1221 1891 csse
1236 1871 1290 1891 non
1306 1864 1402 1898 possit.
1418 1862 1455 1890 Ea
1471 1868 1594 1898 superest
1606 1864 1707 1897 anima,
1723 1872 1782 1898 qua:

997 1908 1138 1936 crescendi
1156 1908 1211 1936 vim
1237 1908 1342 1940 tribuit,
1358 1916 1411 1944 qua
1429 1909 1462 1936 de
1482 1909 1606 1936 fortassis
1622 1909 1683 1944 jure
1704 1909 1783 1935 dubi-

997 1959 1083 1986 tetur,
1107 1961 1173 1980 num
1200 1954 1257 1981 haec
1283 1954 1333 1989 ipsi
1357 1953 1515 1981 entelecliiae
1544 1954 1612 1981 ratio
1640 1954 1784 1981 convenire

996 2000 1092 2035 possit.
1119 1999 1237 2033 Verum,
1262 2007 1294 2027 ne
1321 1999 1359 2027 illi
1390 1999 1510 2034 quidem.
1539 1999 1605 2026 Nam
1633 1999 1655 2027 si
1686 2000 1784 2035 planta:

998 2045 1088 2073 omnis
1111 2045 1275 2080 principium
1302 2045 1330 2072 in
1358 2045 1449 2073 radice
1476 2050 1625 2077 versatur,
1654 2050 1783 2080 parteque

997 2091 1128 2119 duntaxat
1140 2091 1274 2124 inferiori,
1292 2099 1352 2126 quae
1367 2099 1383 2118 a
1401 2091 1491 2118 radice
1514 2091 1626 2126 propius
1649 2091 1730 2123 absit,
1754 2096 1783 2118 ut

997 2137 1090 2164 multis
1113 2137 1140 2164 in
1156 2137 1256 2171 plantis
1279 2136 1390 2164 evenire
1407 2137 1493 2168 solet,
1517 2141 1665 2170 crescente,
1691 2136 1782 2164 anima

997 2181 1098 2209 relictis
1118 2181 1223 2209 caeteris
1234 2189 1316 2208 unam
1337 2181 1364 2208 in
1380 2181 1500 2216 aliquam
1517 2189 1577 2209 sese
1592 2181 1700 2217 collegit
1714 2190 1721 2215 ;
1739 2187 1781 2209 ta-

997 2227 1031 2254 lis
1046 2234 1110 2262 ergo
1124 2232 1180 2254 tota
1197 2227 1223 2254 in
1238 2227 1328 2262 planta
1351 2234 1405 2254 non
1426 2230 1495 2260 erat,
1511 2227 1599 2262 qualis
1621 2227 1781 2260 entelechia,

1000 2280 1061 2307 quae
1083 2273 1204 2308 separari
1220 2280 1274 2300 non
1297 2273 1392 2307 possit.
1415 2273 1490 2300 Adde
1515 2273 1584 2301 hanc
1611 2273 1730 2300 animam
1754 2273 1781 2300 in

1000 2319 1103 2353 planta,
1117 2319 1276 2354 priusquam
1291 2323 1435 2354 augeatur,
1450 2318 1586 2353 molejam
1603 2323 1659 2345 tum
1680 2319 1782 2353 perexi-

1000 2373 1050 2399 gua
1070 2365 1213 2392 contineri.
1233 2364 1262 2392 Si
1281 2372 1346 2400 ergo
1361 2369 1388 2392 et
1401 2365 1497 2400 majori
1515 2373 1547 2392 ex
1567 2365 1669 2399 planta,
1687 2365 1713 2391 in
1731 2373 1782 2391 an-

999 2415 1107 2445 gustum
1121 2411 1221 2445 aliquid
1236 2411 1415 2443 contrahitur,
1432 2416 1458 2438 et
1474 2411 1623 2446 angustiori
1637 2419 1669 2438 ex
1682 2411 1782 2446 spatio.

1000 2461 1086 2484 totum
1102 2458 1128 2485 in
1143 2465 1242 2493 corpus
1255 2458 1416 2486 diminditur
1430 2467 1437 2492 ;
1451 2458 1515 2493 quid
1530 2462 1611 2490 vetat,
1637 2457 1781 2493 quominus

999 2597 1065 2624 mihi
1084 2599 1170 2633 magis
1185 2599 1330 2633 probatur;
1349 2598 1428 2625 velim
1453 2602 1543 2625 tamen
1563 2601 1626 2632 post
1639 2598 1715 2624 xei-rw
1728 2598 1780 2633 vir-

998 2634 1088 2667 gulam
1114 2632 1254 2666 adhiberi,
1273 2639 1300 2661 et
1317 2634 1476 2667 particulam
1490 2634 1528 2664 ὡς
1547 2638 1610 2660 ante
1631 2633 1658 2659 έν
1677 2632 1780 2664 πολλοῖς

998 2668 1093 2701 inseri,
1110 2669 1161 2695 hoc
1175 2669 1267 2701 modo,
1282 2669 1316 2696 τὰ
1331 2670 1416 2700 κάτω,
1431 2669 1468 2700 ὡς
1481 2669 1510 2694 ἐν
1525 2667 1642 2700 πολλοῖς.

1034 2703 1090 2738 ιει)
1110 2703 1254 2731 Γενέσθαι
1264 2725 1270 2736 ,
1286 2702 1349 2732 οἷον
1362 2703 1433 2734 (dum
1444 2724 1451 2736 ,
1468 2707 1522 2731 etc.
1534 2703 1631 2731 Totum
1649 2703 1721 2730 hunc
1741 2703 1781 2737 In-

998 2747 1060 2766 cum
1076 2740 1116 2766 sic
1127 2739 1357 2774 distinguendum,
1373 2747 1405 2766 ac
1419 2740 1562 2774 legendum
1579 2738 1715 2774 existimo,
1734 2746 1782 2774 γε-

998 2774 1100 2808 νέσθαι,
1113 2771 1169 2801 οἷον
1180 2771 1259 2806 ζώου,
1271 2772 1301 2801 οὗ
1314 2774 1343 2801 τὸ
1356 2774 1434 2810 σῶμα
1445 2771 1495 2810 ¹ἑὴν
1509 2773 1597 2810 ψυχὴν
1611 2773 1643 2800 ἂν
1653 2773 1782 2809 γεννήσῃ,

997 2818 1030 2837 eo
1043 2817 1124 2836 sensu
1139 2817 1219 2844 quem
1233 2810 1365 2844 expressi.

1033 2844 1089 2879 (ἓὲ)
1110 2843 1205 2872 Εϊδέ,
1234 2843 1279 2871 \‘cl
1299 2845 1327 2871 δέ
1352 2853 1400 2879 pro
1424 2846 1477 2881 γὰρ
1500 2849 1678 2880 usurpatum,
1693 2843 1734 2870 vel
1754 2843 1782 2870 in

999 2879 1052 2911 γάρ
1070 2880 1226 2907 mutandum
1242 2881 1353 2907 vitlrlur.
