2045 3211
296 153 364 180 1555

652 156 785 183 EL'SEBH
807 156 1047 186 CAESARIENSIS
1066 158 1142 187 OPP.
1162 159 1254 187 PARS
1267 159 1341 188 ll.—
1358 162 1605 195 APOLOGETICA.

1850 167 1914 193 1336

293 212 393 249 eadem
402 213 514 240 omnino
531 214 694 248 separetur?
715 214 786 246 Jam,
800 216 937 250 quomodo
954 218 1061 245 tandem

1128 219 1207 253 δῆλον
1224 220 1264 245 ὃτι
1276 220 1309 254 ἦν
1325 220 1380 255 (9.5)
1393 229 1482 256 φαμεν
1499 222 1583 253 ὅντως
1593 223 1687 250 οὐσίαν
1703 222 1791 256 εἷναι;
1806 224 1843 251 Τὸ
1867 225 1914 259 μὲν

293 265 355 293 qua:
370 260 494 294 partibus
508 264 610 293 careat,
630 261 755 295 corporis
769 261 839 296 ejus,
868 262 941 296 quod
964 263 1077 291 divisio-

293 312 354 332 nem
370 306 462 333 subire
477 311 575 341 potest,
590 306 677 334 eidem
699 307 816 334 obnoxia
838 307 964 336 divisioni
977 310 1078 337 enlele-

292 346 353 374 chia
365 355 426 375 esse
439 349 539 382 queat?
551 348 639 383 Atque
652 349 745 376 eadem
763 350 864 382 anima,
885 351 957 378 aliud
976 352 1005 379 fit
1016 353 1077 379 ani-

292 393 346 420 mal
370 400 403 420 ex
416 393 479 421 alio.
500 394 736 428 Quemadmodum
759 397 850 432 igitur,
884 405 946 431 qua:
977 399 1077 434 prioris

292 436 390 471 fuerat,
402 439 513 467 alterius
526 440 615 468 anima
632 449 691 469 esse
714 447 812 477 potest,
829 444 850 470 si
869 444 948 471 unius
973 445 1074 472 entele-

290 483 350 510 chia
365 485 428 512 est?
441 485 498 513 Hoc
518 491 607 514 autem
626 496 659 516 ex
675 488 709 515 iis
734 489 929 522 animantibus,
957 498 1074 525 quarum

290 528 316 554 in
331 529 398 557 alias
412 532 527 559 mutatio
548 533 594 564 fit,
612 533 755 562 manifeste
775 535 955 562 convincitur.
974 535 1073 564 Essen-

289 575 353 602 tiam
370 577 453 612 igitur
474 580 500 606 in
515 588 548 608 eo
572 581 687 615 positam
704 584 794 610 anima
816 590 870 610 non
889 583 979 615 habet,
998 584 1072 619 quod
1092 585 1210 621 alicujus
1225 585 1311 613 forma
1324 587 1359 614 sit
1383 597 1388 607 ε

1130 264 1186 300 γὰρ
1194 265 1309 298 γένεσις⁴
1324 266 1381 292 ἀλλ’
1392 267 1441 293 οὐκ
1451 267 1539 299 οὐσία,
1557 269 1611 294 πᾶν
1629 268 1660 294 τὸ
1678 270 1832 304 σωματικὸν
1847 268 1915 298 εἶναι

1129 309 1228 344 λέγοιτ’
1242 311 1285 343 iv,
1297 311 1438 346 γινόμενον
1454 313 1500 339 καὶ
1510 313 1704 349 ἀπολλύμενον,
1722 314 1805 346 ὅντως
1824 315 1853 342 δὲ
1869 316 1914 343 οὐ-

1128 355 1226 382 δέποτε
1244 355 1288 388 δν,
1307 356 1456 392 μεταλήψει
1469 358 1498 384 δὲ
1513 359 1560 385 τοῦ
1577 359 1653 391 ὄντος
1665 360 1816 395 σωζόμενον
1827 381 1834 393 ,
1851 362 1916 388 καθ-

1126 401 1187 427 όσον
1213 401 1246 428 ἂν
1265 402 1347 429 αὑτοῦ
1377 404 1605 440 μεταλαμϐάνοι.»
1629 407 1736 442 Ἐπειδὴ
1758 407 1786 434 δὲ
1810 408 1858 434 καὶ
1882 408 1916 434 τὰ

1130 446 1266 474 Πλωτίνου
1293 448 1446 484 διήλθομεν,
1479 450 1594 478 συνιδεῖν
1618 453 1667 479 οὐκ
1691 453 1788 479 ἄτοπον
1812 454 1860 480 καὶ
1882 453 1917 480 τὰ

1129 491 1274 528 Πορφυρίῳ
1303 495 1332 520 ὲν
1356 497 1413 527 τοῖς
1441 496 1508 530 πρὸς
1525 497 1625 524 Βόηθον
1655 499 1725 532 Περὶ
1745 499 1849 534 ψυχῆς
1877 501 1914 526 εἰ-

1129 538 1243 573 ρημὲνα.

1420 589 1466 616 sed
1482 589 1597 624 ipsamct
1615 591 1767 619 substantia
1788 598 1841 624 est.
1855 601 1914 626 qua:

290 629 342 648 non
367 632 400 650 ex
415 632 458 658 eo,
475 627 548 660 quod
574 627 600 654 in
616 635 730 663 corpore
742 630 873 657 collocata
898 631 943 658 sit.
964 635 992 657 ut
1009 635 1081 659 esset
1101 633 1225 668 accepit;
1241 633 1288 661 sed
1310 633 1367 669 jam
1401 639 1457 662 tum
1484 641 1553 670 erat,
1575 637 1733 672 priusquam
1751 639 1818 666 certi
1834 639 1914 674 hujus

289 669 379 696 anima
398 670 483 703 ﬁeret,
498 677 632 707 quatenus
646 675 782 709 animalis,
798 677 876 712 cujus
899 685 997 712 corpus
1029 679 1148 705 animam
1185 680 1257 707 illam
1282 687 1433 716 generaret.
1469 683 1504 710 At
1526 693 1650 719 quamam
1675 686 1757 720 igitur
1784 687 1859 714 illius
1872 695 1914 714 es-

289 715 375 742 sentia
389 717 455 743 est?
470 716 538 745 Nam
556 719 578 747 si
604 728 692 756 neque
707 729 808 757 corpus
823 728 875 756 est,
907 732 996 758 neque
1022 726 1144 760 corporis
1167 726 1284 760 affectio,
1304 732 1332 755 et
1351 734 1440 756 tamen
1466 729 1631 763 functiones,
1654 733 1785 765 actiones,
1817 733 1913 760 multa-

288 768 340 794 que
357 761 384 789 id
397 771 483 798 genus
499 770 526 792 et
543 766 638 795 insunt
663 768 691 795 in
720 777 763 799 ea.
784 774 812 796 et
837 771 872 797 ah
895 779 927 798 ea
954 772 1164 806 proﬁciscuntur
1187 783 1194 802 :
1223 783 1285 802 cum
1313 776 1357 803 illa
1382 777 1496 811 proinde
1518 783 1594 806 extra
1622 787 1766 815 corporum
1791 782 1912 808 ordinem

287 807 438 837 substantia
463 813 585 846 quaedam
607 815 652 847 sit,
665 817 817 851 cujusmodi
831 819 939 846 tandem
967 820 1027 847 est?
1042 819 1110 847 Num
1130 829 1195 849 vero
1220 823 1286 850 satis
1305 831 1353 858 per
1380 832 1441 852 sese
1464 825 1557 859 liquet,
1577 827 1642 862 quid
1670 836 1731 855 vere
1753 836 1786 856 ac
1807 830 1913 864 proprie

287 855 466 885 substantiam
489 868 549 888 esse
577 861 723 892 dicamus?
745 865 890 893 Generatio
915 875 1025 902 quippe,
1051 875 1107 895 non
1126 869 1290 904 substantia,
1315 879 1476 908 corporeum
1503 881 1583 901 omne
1609 876 1700 902 vocari
1723 875 1825 909 debet,
1851 884 1911 903 cum

286 908 438 936 generetur,
457 906 626 944 intereatque
647 911 738 944 modo,
756 919 806 939 nec
819 921 881 940 vere
905 914 941 941 sit
975 923 1107 949 unquam,
1128 917 1175 944 sed
1190 918 1250 952 ejus
1271 919 1344 954 quod
1357 926 1399 947 est
1414 921 1544 948 nonnulla
1568 923 1760 950 communione
1778 928 1911 957 servetur,

285 955 420 984 quatenus
436 955 571 990 particeps
594 957 654 992 ejus
667 963 718 986 est.
741 969 750 984 ι
770 959 831 987 [haec
854 960 985 990 Plotinus.
1006 962 1073 996 Quae
1093 964 1146 992 hoc
1174 965 1235 993 loco
1272 968 1419 1002 persecuti,
1444 969 1512 996 nihil
1528 969 1578 997 abs
1600 977 1629 997 re
1651 971 1810 1005 fecerimus,
1836 972 1860 999 si
1879 980 1911 999 ex

286 995 335 1005 ηρ
358 997 364 1005 .
411 998 415 1002 -
557 1001 564 1005 -
583 1000 601 1005 λ
651 1002 657 1005 -
734 1003 746 1005 -

285 995 444 1033 Porpbyt‘io,
457 1007 517 1033 qua:
532 1001 565 1028 ad
582 1000 714 1030 Boethqu
727 1003 766 1031 De
776 1005 864 1032 animo
877 1006 981 1039 scribit,
996 1008 1123 1044 deinceps
1138 995 1299 1040 attexemuls.
1463 1018 1466 1021 '

592 1067 705 1095 CAPUT
720 1070 765 1097 ΧΙ.

358 1109 395 1137 De
409 1111 507 1142 eodem,
527 1119 559 1138 ex
576 1112 720 1174 Pgrphyrii
737 1115 772 1142 ad
785 1116 913 1144 Beat/ium
925 1126 1000 1152 opere

623 1158 637 1174 ﬂ
651 1158 753 1174 alllﬂlﬂ.

623 1158 637 1175 (5
651 1158 753 1178 ὅΙΙΙΠῘΟ.

321 1200 331 1218 ι
360 1192 428 1226 tam,
452 1194 550 1229 inquit,
564 1196 695 1225 adversus
717 1206 779 1226 eum
793 1220 801 1232 ,
821 1200 867 1234 qui
891 1201 1070 1229 entelechiam

284 1238 405 1265 animum
421 1245 509 1272 vocat,
525 1241 614 1276 itaque
629 1243 794 1272 immobilem
808 1252 869 1273 esse
893 1247 961 1280 vult,
984 1251 1014 1274 ut
1030 1252 1071 1275 ta-

284 1292 345 1312 men
361 1286 413 1313 alia
443 1293 568 1321 meveat;
585 1289 666 1325 813
689 1290 882 1325 disputandum
908 1293 935 1319 iu
962 1294 1068 1327 primis,

285 1329 355 1356 unde
370 1330 476 1358 aillatus
494 1332 537 1359 ille
557 1333 716 1367 animantis,
731 1343 794 1362 cum
819 1335 876 1370 ipse
894 1337 1004 1371 quidem
1023 1347 1069 1366 eo-

282 1383 343 1402 rum
357 1385 418 1411 quae
433 1377 516 1411 videt,
533 1387 648 1414 qua-que
661 1381 792 1416 loquitur,
807 1382 876 1409 nihil
892 1383 1027 1420 intelligit,
1043 1390 1070 1412 et

282 1425 371 1448 tamen
386 1422 495 1450 animus
510 1431 563 1451 non
580 1424 606 1451 id
621 1426 693 1459 quod
707 1426 792 1460 adest,
806 1427 934 1463 quodque
947 1436 1068 1465 praesens

281 1472 332 1500 est,
348 1468 395 1495 scd
411 1469 483 1504 quod
498 1469 618 1498 futurum
633 1471 764 1505 intuetur,
776 1479 802 1501 et
814 1483 864 1510 pro
878 1475 950 1504 illius
965 1477 1068 1504 ratione

281 1520 313 1540 ac
327 1518 423 1541 natura
446 1521 643 1545 commovetur.
668 1517 770 1546 Deinde
798 1520 827 1548 in
847 1521 907 1556 ipsa
933 1522 1067 1550 constitu-

282 1559 354 1586 tione
371 1560 529 1594 animantis,
541 1562 612 1590 unde
628 1564 736 1592 tandem
755 1565 878 1600 ejusdem
894 1567 978 1594 animi
999 1575 1067 1595 con-

281 1605 353 1637 silia,
375 1606 590 1642 disquisitiones,
614 1610 778 1643 voluntates,
796 1620 858 1646 qua:
870 1612 991 1647 profecto
1006 1622 1065 1641 mo-

280 1655 370 1678 menta
387 1653 511 1686 quardam
526 1654 608 1681 animi
622 1660 696 1688 sunt,
711 1665 764 1684 non
783 1659 915 1692 corporis.
935 1669 945 1685 ι
961 1659 1067 1692 Quibus

279 1694 407 1731 deinceps
420 1697 455 1724 ita
473 1698 632 1734 subjungit:
654 1709 663 1726 ι
684 1701 810 1730 Animum
825 1708 916 1731 autem
940 1705 982 1731 vel
1003 1713 1065 1740 gra-

1379 1070 1577 1098 ΚΕΦΑΛΔΙΟΝ
1596 1073 1646 1099 IA'.

1123 1114 1292 1148 Hopgvpz'w
1306 1116 1372 1150 περὲ
1387 1116 1442 1177 τοὲ
1454 1117 1557 1178 αξτίζῦ,
1569 1119 1629 1159 tim)
1639 1119 1699 1146 τῶν
1708 1121 1784 1155 πρὸς
1798 1123 1912 1157 Βόηθον

1445 1161 1476 1178 eo
1513 1161 1612 1178 υυνης.

1445 1161 1487 1186 ερι
1513 1161 1612 1188 ψυχης.

1159 1204 1168 1219 ‹
1191 1194 1262 1230 Πρὸς
1273 1196 1301 1222 δὲ
1313 1197 1362 1232 τὴν
1375 1198 1541 1232 ἐντελέχειαν
1558 1199 1614 1235 (24)
1625 1201 1674 1236 τὴν
1684 1200 1774 1237 ψυχὴν
1790 1195 1910 1236 εἰπόντα,

1121 1239 1168 1266 καὶ
1189 1240 1317 1275 ἀκίνητον
1340 1243 1480 1275 παντελῶς
1509 1242 1592 1272 οὖσαν
1623 1248 1707 1273 κινεῖν
1730 1248 1910 1284 ὑπειληφότα,

1121 1286 1217 1322 ῥητέον
1234 1287 1314 1314 πόθεν
1329 1289 1355 1314 οἱ
1379 1289 1568 1326 ἐνθουσιασμοὶ
1595 1292 1642 1319 τοῦ
1659 1293 1739 1325 ζώου,
1754 1295 1838 1330 μηδὲν
1864 1299 1911 1331 μὲν

1121 1331 1253 1365 ξυνιέντος
1264 1331 1302 1360 ὢν
1317 1335 1368 1370 ὁρᾷ
1380 1343 1409 1362 τε
1436 1337 1483 1363 καὶ
1497 1336 1579 1372 λέγει,
1597 1339 1645 1373 τῆς
1663 1339 1692 1365 δὲ
1709 1340 1799 1376 ψυχῆς
1818 1343 1866 1368 καὶ
1882 1342 1911 1368 τὸ

1121 1377 1217 1412 μέλλον
1232 1379 1278 1405 καὶ
1305 1380 1342 1416 μὴ
1355 1381 1472 1414 ὲνεστὼς
1488 1382 1650 1420 βλεπούσης,
1672 1386 1718 1412 καὶ
1732 1387 1802 1413 κατά
1825 1388 1910 1415 ταὺτὸ

1119 1424 1293 1460 κινουμένης.
1311 1426 1395 1453 Πόθεν
1409 1427 1438 1454 δὲ
1453 1429 1500 1455 καὶ
1517 1429 1562 1455 ἐπὶ
1589 1430 1639 1465 τῆς
1656 1431 1704 1458 τοῦ
1723 1432 1792 1464 ζώου
1812 1434 1912 1461 συστά-

1120 1477 1198 1502 σεως,
1215 1471 1243 1497 αί
1255 1471 1304 1507 τῆς
1312 1472 1359 1499 τοῦ
1375 1472 1444 1504 ζώου
1453 1473 1541 1511 ψυχῆς
1554 1475 1645 1510 βουλαί
1657 1485 1698 1510 τε,
1727 1479 1774 1506 καὶ
1788 1480 1908 1514 σκέψεις,

1119 1515 1166 1541 καὶ
1179 1515 1302 1551 θελήσεις
1330 1519 1412 1553 ῥοπαὶ
1436 1516 1514 1546 οὖσαι
1545 1521 1595 1556 τῆς
1616 1522 1716 1558 ψυχῆς,
1744 1525 1792 1551 καὶ
1816 1525 1848 1551 οὐ
1862 1526 1910 1552 τοῦ

1119 1561 1255 1597 σώματος.
1275 1573 1284 1589 ι
1311 1561 1368 1590 Εἶθ’
1389 1565 1453 1601 ἑξῆς
1473 1567 1604 1602 ἐπιλέγει·
1635 1578 1644 1594 t
1666 1570 1703 1596 Τὸ
1729 1571 1757 1598 δὲ
1774 1571 1909 1608 βαρύτητι

1117 1605 1277 1638 ἀπεικάζειν
1297 1607 1348 1643 τὴν
1371 1608 1471 1644 ψυχὴν,
1501 1610 1517 1645 ἥ
1547 1613 1670 1649 ποιότησι
1697 1605 1847 1650 μονοειδέσι
1863 1605 1909 1646 καὶ

1117 1651 1255 1687 ἀκινήτοις
1271 1657 1450 1689 σωματικαῖς,
1475 1658 1535 1684 καθ’
1552 1658 1585 1690 ἃς
1607 1659 1623 1694 ἦ
1650 1663 1775 1695 κινεῖται,
1797 1664 1813 1699 ἦ
1833 1666 1910 1692 ποιόν

1118 1698 1175 1724 ἐστι
1202 1698 1232 1725 τὸ
1255 1699 1443 1736 ὑποκείμενον,
1474 1705 1681 1738 ὲκπεπτωκότος
1712 1706 1747 1743 ἦν
1773 1710 1867 1737 τέλεον
1890 1711 1907 1747 ἢ

279 1740 372 1773 vitati,
398 1742 438 1769 vel
462 1745 601 1778 corporeis
624 1747 787 1781 quibusdam
813 1753 840 1776 et
866 1749 1063 1784 immobilibus.

1117 1743 1251 1780 ἑκόντος-ἤ
1268 1745 1379 1779 ἄκοντος
1395 1748 1445 1783 τῆς
1457 1749 1575 1786 ψυχικῆς
1595 1752 1684 1785 ἀξίας·
1714 1755 1761 1780 καὶ
1781 1755 1909 1791 οὐδαμῶς

278 1785 414 1821 uniusque
440 1787 534 1816 forma‘
557 1791 734 1825 qualitatibus
754 1794 871 1822 similem
899 1795 998 1829 facere,
1017 1805 1065 1832 pro

278 1832 377 1866 quibus
403 1839 449 1861 aut
471 1841 594 1863 movetur
614 1839 686 1872 quod
712 1839 745 1867 iis
765 1841 918 1876 subjectum
936 1848 987 1874 est,
1017 1849 1065 1871 aut

278 1877 331 1905 tale
347 1878 411 1912 quid
427 1879 555 1914 eflieitur;
574 1882 692 1911 hominis
710 1889 797 1918 esset,
827 1891 875 1913 aut
898 1893 995 1922 sponte
1017 1895 1065 1916 aut

277 1928 375 1957 praeter
389 1925 555 1954 voluntatem
572 1928 606 1954 ab
621 1929 705 1956 animi
729 1929 861 1965 dignitate
875 1940 989 1967 prorsus
1013 1935 1062 1961 ab-

276 1970 405 2001 errautis,
420 1979 471 1999 nec
493 1973 609 2002 videntis
625 1975 681 2002 ullo
697 1976 790 2009 modo,
809 1978 893 2006 animi
918 1982 1062 2014 praesentia

275 2013 366 2041 vivum
385 2015 442 2043 ﬁeri
468 2025 568 2053 corpus
591 2020 748 2054 animantis,
766 2027 796 2049 ut
820 2024 890 2059 ignis
907 2027 1060 2060 praesentia,

274 2060 365 2087 vicina
391 2061 417 2088 in
433 2070 503 2097 aqua
521 2071 567 2098 per
589 2065 706 2100 seipsam
730 2067 846 2104 frigida,
862 2071 937 2097 calor
957 2073 1061 2100 excita-

275 2110 330 2137 tur,
351 2112 377 2135 et
389 2116 437 2135 aer
449 2109 496 2143 qui
517 2111 620 2145 absque
643 2113 708 2140 solis
729 2113 831 2142 lumine
854 2116 988 2145 obscurus
1004 2127 1062 2146 ma-

275 2158 348 2186 neat,
365 2153 486 2186 ejusdem
501 2161 562 2183 ortu
586 2157 770 2186 cullustratur.
795 2161 879 2196 Atqui
909 2171 958 2191 nec
984 2172 1062 2199 aqum

273 2199 358 2232 calor,
377 2200 446 2236 ignis
458 2201 534 2229 calor
549 2207 600 2235 est,
623 2209 670 2231 aut
680 2205 793 2239 ipsemet
808 2207 878 2242 ignis
892 2217 899 2240 ;
926 2217 976 2236 nec
990 2210 1060 2238 aeris

274 2247 330 2279 lux,
350 2248 500 2283 ingenitum
526 2249 576 2277 soli
602 2250 704 2278 lumen.
718 2252 758 2278 lta
774 2254 898 2288 corporis
917 2256 1058 2289 animatio,

272 2302 332 2328 qum
357 2302 418 2321 cum
435 2295 565 2330 gravitate
586 2297 703 2330 quadam
725 2303 752 2325 et
776 2306 906 2333 corporea
930 2302 1059 2335 qualitate

272 2338 421 2371 confertur,
445 2340 554 2368 animus
571 2340 614 2368 ille
641 2349 694 2368 non
714 2346 765 2374 est,
786 2344 834 2378 qui
861 2345 1009 2374 collocatus
1031 2348 1056 2374 in

273 2391 387 2419 corpore
399 2406 408 2418 ,
431 2385 539 2413 vitalem
558 2387 581 2413 ei
599 2387 744 2421 quemdam
770 2395 867 2425 suapte
888 2391 913 2418 vi
931 2392 1055 2427 spiritum

272 2429 399 2456 infundit.
418 2440 427 2455 ι
451 2431 578 2466 Idemque
602 2437 714 2466 postea:
734 2443 743 2459 ι
763 2433 828 2467 Qum
843 2436 876 2463 de
899 2437 991 2464 animo
1013 2439 1055 2465 di-

270 2481 369 2502 cuntur
381 2476 415 2503 ab
432 2477 502 2510 aliis,
519 2485 550 2504 ca
566 2486 615 2505 nos
629 2485 701 2507 certe
712 2481 820 2515 quidem
833 2482 937 2516 pudore
951 2484 1056 2511 suffun-

270 2519 348 2546 dunt.
365 2520 450 2553 Quem
468 2523 539 2550 enim
553 2524 718 2553 definitionis
734 2526 794 2561 ejus
812 2535 865 2554 non
883 2529 993 2563 pudeat,
1008 2538 1055 2565 per

271 2573 354 2599 quam
368 2567 476 2594 animus
491 2569 613 2603 corporis
631 2572 762 2599 naturalis
778 2576 805 2600 et
819 2574 939 2608 organici
955 2576 1053 2603 cntele-

271 2611 332 2638 chia
348 2614 546 2641 constituitur?
561 2614 611 2642 Cui
630 2624 682 2643 non
698 2617 757 2651 ejus
783 2618 951 2654 indignitatis
975 2621 1054 2655 plena

269 2656 391 2684 videatur
410 2659 510 2691 oratio,
525 2661 572 2696 qui
589 2669 622 2689 eo
639 2662 679 2688 vel
697 2663 832 2697 spiritum,
849 2665 890 2691 vel
905 2666 1053 2700 spiritalem

270 2701 358 2735 ignem
386 2705 516 2732 contineri
544 2707 649 2745 doceat,
678 2709 724 2743 qui
753 2710 956 2739 circumstantis
983 2714 1054 2741 aeris

305 2801 361 2849 (ἓξ)
381 2802 442 2849 ςφιτι
466 2804 513 2849 ἧς.
538 2805 743 2849 Βεροηεηιῐυιητ
758 2809 890 2849 arbitror,
916 2812 931 2838 ὅ
959 2822 985 2839 τι
1006 2811 1048 2849 ἦν.

269 2837 345 2870 Apud
362 2838 537 2884 philqsophos
549 2837 632 2884 enim,
648 2844 677 2868 τὸ
690 2842 854 2884 τὶιῆνῆεἶναί,
868 2837 1051 2882 frequentissi-

268 2879 342 2900 tuum
359 2877 408 2906 est,
426 2874 483 2901 ἀντὶ
504 2875 551 2911 τῆς
569 2876 670 2910 οὐσίας,
688 2874 796 2914 aulai}:
811 2874 925 2915 ςνὲσεωςῖ

1117 1789 1332 1826 καθεωρακότος,
1354 1793 1392 1826 ὡς
1413 1797 1550 1832 παρουσίᾳ
1561 1798 1610 1832 μὲν
1619 1799 1669 1833 τῆς
1677 1799 1765 1834 ψυχῆς
1793 1789 1908 1833 ζωτικὸν

1115 1835 1210 1869 γέγονε
1221 1836 1251 1864 τὸ
1262 1838 1309 1864 τοῦ
1321 1838 1390 1870 ζώου
1415 1841 1506 1876 σῶμα,
1534 1842 1572 1875 ὡς
1585 1844 1671 1879 πυρὸς
1692 1848 1831 1884 παρουσίᾳ
1845 1848 1908 1885 θερ-

1117 1880 1166 1915 μὸν
1184 1882 1214 1908 τὸ
1226 1883 1428 1919 παρακείμενον
1455 1886 1537 1923 ὕδωρ,
1558 1888 1662 1924 ψυχρὸν
1678 1890 1707 1917 ὃν
1733 1880 1799 1918 καθ’
1815 1880 1905 1920 εαυέὰ

1115 1927 1162 1953 καὶ
1176 1927 1250 1963 ἡλίου
1260 1930 1373 1967 ἀνατολῇ
1404 1932 1573 1967 πεφώτισται
1596 1945 1628 1970 γε
1642 1938 1656 1962 ὁ
1676 1937 1741 1973 ἀὴρ,
1769 1941 1906 1972 σκοτεινὸς

1113 1972 1152 1998 ὢν
1167 1974 1230 2001 ἄνευ
1243 1975 1293 2010 τῆς
1306 1977 1399 2004 τούτου
1411 1978 1583 2014 ὲκλάμψεως.
1611 1982 1679 2008 Ἀλλ’
1690 1972 1752 2009 οὗτε
1768 1986 1784 2019 ὴ
1802 1984 1904 2021 θερμόέ

1113 2025 1162 2052 της
1177 2018 1224 2046 τοῦ
1240 2019 1363 2056 ὖδατοςή
1387 2021 1522 2059 θερμότης
1542 2022 1576 2060 ἦν
1599 2025 1645 2052 τοῦ
1676 2018 1783 2063 πυρὸς(
1795 2018 1860 2056 οὔτε
1874 2031 1904 2057 τὸ

1115 2063 1179 2098 πύρ,
1195 2063 1256 2090 οὔτε
1267 2065 1298 2091 τὸ
1311 2065 1403 2101 ἀέριον
1423 2067 1480 2102 φῶς
1498 2068 1529 2094 τὸ
1546 2069 1684 2104 σύμφυτον
1694 2071 1733 2107 τῷ
1752 2073 1820 2108 ήλίῳ
1835 2075 1901 2108 φῶς.

1119 2109 1255 2142 Ὡσαύτως
1265 2111 1325 2138 οὐδὲ
1339 2112 1355 2147 ἡ
1366 2112 1412 2138 τοῦ
1425 2113 1549 2149 σώματος
1559 2115 1690 2151 ὲμψυχία,
1712 2118 1773 2152 ἥτις
1783 2119 1854 2146 ἔοικε
1869 2122 1900 2155 τῇ

1113 2154 1244 2190 βαρύτητι
1256 2157 1304 2183 καὶ
1323 2159 1357 2192 τῇ
1383 2159 1447 2192 περὶ
1460 2159 1538 2195 σῶμα
1554 2162 1686 2198 ποιότητι,
1710 2165 1728 2199 ἡ
1742 2164 1816 2200 ψυχὴ
1839 2167 1856 2201 ἡ
1873 2167 1902 2192 ἐν

1112 2199 1150 2234 τῷ
1164 2199 1271 2236 σώματι
1286 2204 1495 2238 καταταχθεῖσα,
1511 2205 1545 2232 δι’
1559 2206 1592 2242 ἢν
1608 2208 1655 2234 καὶ
1667 2209 1750 2244 πνοῆς
1763 2218 1836 2241 τινος
1849 2211 1900 2242 ζω-

1112 2246 1189 2280 τικῆς
1207 2246 1322 2282 μετέσχε
1349 2248 1380 2274 τὸ
1408 2249 1496 2284 σῶμα.
1513 2260 1522 2275 ι
1551 2249 1610 2278 Εἶθ’
1635 2252 1700 2288 ἑξῆς
1732 2254 1792 2289 μεθ’
1819 2255 1899 2290 ἔτερα

1111 2292 1242 2326 ἐπιλέγειο
1261 2303 1270 2319 ι
1291 2294 1331 2321 Τὰ
1346 2295 1395 2331 μὲν
1411 2294 1457 2322 οὖν
1469 2296 1535 2324 ἄλλα
1547 2298 1598 2325 ὅσα
1607 2299 1671 2335 περὶ
1685 2301 1770 2336 αὐτῆς
1783 2302 1898 2337 εἰρήκα-

1112 2345 1153 2364 σιν
1169 2338 1252 2371 ἄλλοι,
1261 2340 1391 2375 αἰσχύνην
1407 2342 1471 2377 ἡμῖν
1483 2343 1568 2379 φέρει.
1584 2344 1646 2376 Πῶς
1656 2345 1710 2381 γὰρ
1723 2347 1775 2373 οὐκ
1787 2348 1897 2383 αἰσχρὸς

1110 2385 1123 2409 ὁ
1137 2383 1305 2419 ἐντελέχειαν
1325 2386 1409 2418 τιθεὶς
1421 2387 1471 2423 τὴν
1489 2388 1578 2424 ψυχὴν
1599 2389 1691 2423 λόγος,
1708 2391 1834 2427 σώματος
1848 2402 1891 2427 φυ-

1111 2429 1187 2455 σικοῦ
1205 2430 1369 2464 ὀργανικοῦ;
1401 2432 1463 2465 Πῶς
1486 2433 1515 2459 δὲ
1539 2435 1590 2461 οὐκ
1614 2436 1745 2472 αἰσχύνης
1774 2438 1866 2473 γέμων
1882 2440 1896 2465 ὁ

1110 2474 1217 2509 πνεῦμά
1231 2484 1288 2507 πως
1300 2475 1371 2510 ἔχειν
1386 2477 1468 2513 αὐτὴν
1483 2479 1660 2516 ἀποδιδοὺς,ῆ
1679 2481 1734 2517 πῦρ
1750 2484 1851 2519 νοερὸν,
1863 2487 1894 2519 τῇ

1110 2520 1250 2555 περιψύξει
1265 2522 1318 2563 καὶ.
1327 2520 1382 2549 οἷον
1397 2523 1469 2559 βαφῇ
1494 2525 1541 2551 τοῦ
1555 2526 1635 2561 ἀέρος
1654 2528 1771 2562 ἀναφθὲν
1780 2548 1787 2560 ,
1801 2529 1818 2563 ἢ
1836 2539 1895 2556 στο-

1111 2566 1216 2600 μωθέν;
1229 2567 1243 2593 ὅ
1258 2575 1288 2593 τε
1301 2568 1409 2603 ἀτόμων
1421 2569 1555 2606 ἄθροισμα
1571 2571 1641 2603 θεὶς,
1657 2573 1673 2607 ἢ
1692 2573 1760 2605 ὅλως
1773 2575 1829 2601 ἀπὸ
1846 2575 1897 2601 σὼ-

1111 2620 1194 2645 ματος
1206 2611 1290 2647 αὐτὴν
1304 2613 1448 2646 γεννᾶσθαι
1462 2615 1692 2650 ἀποφαινόμενος
1709 2627 1719 2642 ι
1740 2618 1789 2644 ⁵·ον
1804 2618 1838 2654 δὴ
1852 2619 1896 2645 λό-

1107 2665 1155 2690 γον
1169 2657 1301 2692 ἐννόμοις
1323 2659 1429 2685 ἀσεϐῶν
1451 2660 1535 2695 ἀσεϐῆ
1558 2658 1626 2688 εἶναι
1652 2663 1823 2698 ἀπεφήνατο.
1846 2665 1895 2690 Λὶ-

1108 2701 1208 2737 σχύνης
1223 2701 1270 2730 οὖν
1281 2704 1384 2736 πάντες
1393 2702 1466 2731 οὗτοι
1481 2705 1593 2741 πλήρεις
1609 2706 1693 2741 λόγοι.
1725 2708 1786 2735 Ἐπὶ
1810 2709 1838 2736 δὲ
1854 2709 1894 2744 τῷ

1142 2817 1199 2856 (2η
1217 2819 1296 2856 Πρός
1312 2818 1346 2856 δὲ
1363 2818 1418 2852 τὴν
1437 2820 1532 2846 insi.
1553 2821 1739 2856 Porphytiana
1756 2823 1815 2852 haec
1830 2823 1890 2853 Plo-

1106 2852 1215 2881 tiuianis
1234 2853 1389 2882 robustiora
1402 2863 1455 2882 non
1469 2861 1540 2883 sunt.
