2045 3211
164 156 232 184 4557
732 149 893 178 ΡΒᾹΞΙἏΑΒ.
916 149 958 177 EV

1012 149 1044 177 ϐ.
1065 148 1131 176 LIB.
1151 148 1208 176 XV.
1725 147 1794 174 I358

163 212 268 246 λέγοντι
296 210 470 245 αὐτοκίνητον
498 209 591 235 οὐσίαν
615 208 665 235 οὐκ
702 208 735 234 ἄν
761 216 819 240 τις,
850 207 952 242 φησὶν,

1010 205 1221 242 refrigeratione,
1245 211 1272 233 et
1295 212 1407 240 asperso
1428 205 1506 240 quasi
1523 205 1649 236 humore,
1666 201 1707 230 vel
1730 211 1794 231 sue-

164 258 320 293 αἰσχυνθείη
325 277 332 284 .

1010 252 1146 284 ecudatur,
1178 250 1218 278 vel
1242 251 1322 278 etiam
1344 251 1512 278 roboretur?
1535 250 1601 283 Quis
1630 252 1661 279 ile
1678 257 1712 276 eo
1738 258 1792 277 non

165 304 236 330 idem
260 302 370 334 sentiat,
392 301 439 336 qui
456 305 502 328 aut
530 308 564 327 ex
589 305 741 327 atomorum
768 299 962 335 conjunctione
983 297 1141 329 conﬂatum,
1155 300 1203 323 aut
1222 296 1335 324 omnino
1360 304 1390 324 ex
1424 303 1536 331 corpore
1549 302 1720 331 procreatum
1735 298 1795 325 aui-

166 359 240 378 mum
259 350 427 377 arbitretur?
445 357 457 375 ι
480 348 566 381 Quam
585 356 651 375 sane
670 347 821 375 doctrinam
852 347 966 382 ipsemet
986 346 1013 372 in
1045 345 1161 381 legibus,
1177 349 1203 371 et
1218 344 1363 379 impiorum
1382 344 1534 375 hominum,
1549 348 1576 371 et
1598 344 1708 379 impiam
1732 352 1795 372 esse

166 396 322 425 declaravit.
338 395 483 430 Flagitiosa
517 394 597 429 igitur
612 398 638 421 et
652 394 762 429 indigna
776 397 818 420 est
834 391 968 432 ejusmodi
988 391 1078 418 omnis
1100 390 1198 418 oratio.
1222 389 1257 418 At
1278 390 1326 425 qui
1347 389 1480 422 animum,
1506 393 1631 416 naturam
1663 397 1711 425 per
1735 397 1796 418 sese

166 445 295 473 mobilem
319 452 380 472 esse
403 443 539 475 statuerit,
569 443 660 478 hujus,
689 442 787 477 inquit,
817 449 953 470 neminem
971 440 1033 476 jure
1047 439 1158 475 pudeat.

429 500 626 527 ΚΕΦΑΛΔΙΟΝ
640 500 690 526 IB'.

167 547 246 581 Πρὸς
257 546 312 574 τὸν
324 545 426 581 αὐτὸν,
441 545 629 579 διενεχθέντα
643 544 689 581 Ῑῷ
708 544 843 581 Πλάτωνι
861 545 909 581 καὶ

202 583 248 615 τῷ,
257 581 322 615 περὶ
337 580 391 614 τῆς
414 582 545 607 καθόλου
569 580 674 614 ψυχῆς
695 580 784 615 λόγῳ.
804 579 876 607 Ἀπὸ
895 580 956 606 τῶν

200 617 298 647 αὐτῶν
320 616 386 651 (25).

203 685 213 700 ‹
232 675 292 700 Ἔτι
316 673 364 700 τοῦ
393 673 534 704 Πλάτωνος
557 672 680 705 λέγοντος
705 672 755 708 τὴν
779 671 867 707 ψυχὴν
896 671 953 698 δια-

165 720 277 754 κοσμεῖν
290 718 324 745 τὰ
340 718 438 749 πάντα,
449 717 594 752 διήκουσαν
608 716 652 743 διὰ
669 717 787 748 πάντων,
815 717 863 743 καὶ
890 716 954 743 ταύ-

166 774 226 800 την,
239 765 284 799 ἀφ’
300 761 334 800 ἦς
344 764 391 790 καὶ
407 764 431 790 οἱ
453 763 541 790 λοιποὶ
563 762 721 789 διοικεῖσθαι
740 763 905 798 συγχωροῖεν
921 762 954 788 ἂν

166 811 280 841 ἕκαστα,
297 811 344 837 καὶ
359 810 443 846 μηδὲν
465 809 529 836 ἄλλο
549 806 617 835 εἶναι
633 808 683 844 τὴν
700 808 781 843 φύσιν
801 809 817 843 ἢ
846 808 934 843 ψυχὴν
945 828 953 839 ,

167 856 214 882 καὶ
225 855 345 890 δηλονότι
358 855 445 891 ψυχὴν
461 855 510 881 οὐκ
524 854 631 888 ἄλογον,
649 854 696 880 καὶ
711 854 744 880 ὲκ
757 853 859 880 τούτων
891 862 952 880 συν-

166 902 288 936 άγοντος,
306 902 348 928 ὅτι
369 902 455 928 πάντα
469 901 539 928 κατὰ
555 901 682 936 πρόνοιαν
696 901 812 935 γίνεται,
824 901 851 927 εἴ
859 909 890 934 γε
908 900 954 926 καὶ

168 947 238 975 κατὰ
247 948 337 982 φύσιν·
355 947 422 983 πρὸς
442 948 517 975 οὐδὲν
544 948 646 975 τούτων
676 949 741 984 ἡμῖν
768 947 955 983 Ἀριστοτέλης

165 994 302 1029 ὁμολογεῖ.
320 995 356 1020 Οὐ
375 993 429 1030 γὰρ
452 992 522 1021 εἶναι
544 995 594 1029 τὴν
627 995 709 1029 φύσιν
732 994 831 1029 ψυχὴν,
855 994 902 1020 καὶ
921 993 956 1020 τὰ

167 1041 231 1076 περὶ
244 1040 296 1076 γῆν
311 1040 364 1066 ὑπὸ
379 1041 444 1076 μιᾶς
461 1041 567 1076 φύσεως
576 1041 744 1067 διοικεῖσθαι.
758 1038 834 1067 Εἶναι
850 1039 904 1075 γὰρ
913 1039 954 1074 ἐφ’

167 1087 275 1122 ἑκάστῳ
284 1086 338 1114 τῶν
352 1087 522 1122 πραγμάτων
543 1087 624 1119 άλλας
638 1088 685 1114 καὶ
713 1086 763 1118 τὰς
782 1086 838 1122 (26)
855 1085 954 1116 αἰτίας.

168 1132 228 1158 Τῶν
245 1133 293 1168 μὲν
305 1132 360 1168 γάρ
374 1133 506 1168 οὐρανίων
523 1133 566 1159 ἀεὶ
581 1133 652 1160 κατὰ
671 1132 705 1159 τὰ
729 1132 800 1159 αὐτὰ
814 1133 861 1159 καὶ
869 1131 957 1158 ὡσαύ-

166 1184 220 1208 τως
234 1176 360 1211 ἑχόντων,
378 1177 467 1203 αἰτίαν
481 1177 531 1213 τὴν
547 1177 716 1213 εἱμαρμένην
734 1177 885 1212 ὑπατίθησι·
903 1177 956 1203 τῶν

167 1221 196 1248 δὲ
215 1223 268 1249 ὑπὸ
296 1222 409 1258 σελήνην
435 1223 485 1259 τὴν
513 1224 604 1258 φύσιν·
634 1224 687 1250 τῶν
712 1224 741 1250 δὲ
763 1223 956 1259 ἀνθρωπίνων,

167 1269 299 1304 φρόνησιν
316 1270 362 1296 καὶ
375 1269 512 1305 πρόνοιαν,
531 1271 577 1297 καὶ
587 1270 687 1305 ψυχήν·
705 1269 736 1296 τὸ
757 1271 806 1305 μὲν
820 1269 957 1304 γλαφυρὸν

166 1315 196 1340 ὲν
219 1315 280 1345 ταῖς
303 1314 441 1346 τοιαύταις
475 1315 624 1350 διαιρέσεσι
653 1315 849 1350 παρεχόμενος,
875 1315 906 1340 τὸ
928 1315 957 1341 δὲ

167 1360 313 1394 ἀναγκαῖον
331 1360 361 1386 οὐ
374 1360 503 1396 συνορῶν.
520 1361 551 1387 Εἰ
564 1360 618 1397 γὰρ
643 1360 680 1396 μὴ
701 1360 749 1396 μία
777 1361 819 1396 εἴη
844 1360 958 1396 δύναμις

167 1405 297 1440 ἔμψυχος,
310 1405 440 1441 διήκουσα
465 1406 508 1433 διὰ
531 1407 578 1433 τοῦ
597 1407 707 1438 παντὸς,
725 1408 771 1433 καὶ
794 1406 882 1433 πάντα
897 1416 958 1432 συν-

166 1451 249 1478 δοῦσα
259 1452 307 1478 καὶ
320 1452 478 1487 συνέχουσα,
499 1451 599 1478 οὔτ’διν
620 1452 738 1486 εὐλόγως
762 1453 792 1479 τὸ
814 1453 868 1479 πᾶν
895 1451 957 1479 οὕτε

167 1497 258 1528 καλῶς
279 1497 463 1533 διοικούμενον
478 1495 547 1524 εἶναι
559 1497 677 1524 δύναιτο.
694 1497 752 1532 Τῆς
778 1497 801 1523 δ’
817 1497 901 1532 αὐτῆς
924 1495 959 1530 ἦν

1312 493 1426 522 CAPUT
1440 493 1497 522 ΧΠ.

1007 543 1139 570 Adversus
1157 541 1287 569 eumdem.
1307 541 1335 567 in
1351 541 1399 567 illa
1418 541 1498 567 etiam
1512 540 1544 567 de
1569 541 1684 567 universi
1708 541 1795 567 animo

1051 578 1231 612 disputatione
1246 585 1262 603 it
1276 575 1389 603 Platone
1404 576 1584 603 dissidentem.
1600 575 1642 603 Ex
1655 576 1753 604 Attico.

1041 675 1125 711 814
1140 685 1150 701 τ
1180 674 1324 707 Praeterea,
1349 682 1411 702 cum
1437 674 1524 706 Plato,
1551 674 1650 709 inquit,
1674 674 1795 701 animum

1008 726 1106 750 cuneta
1120 726 1303 756 permeautem
1320 721 1400 748 rebus
1412 721 1540 748 omnibus
1553 726 1679 748 ornatum
1701 720 1796 755 afferre

1008 768 1091 800 dicat,
1111 771 1192 802 atque
1214 767 1348 801 ejusmodi
1368 774 1439 798 esse.
1465 775 1546 802 quem
1571 774 1620 794 sua
1647 766 1672 793 vi
1689 765 1795 800 singula

1008 811 1145 840 moderari
1165 819 1197 839 ac
1209 819 1302 847 regere
1317 811 1409 839 caeteri
1433 819 1543 846 quoque
1557 811 1673 839 libenter
1696 818 1795 838 conoe-

1008 858 1083 891 dant,
1101 862 1228 885 naturain
1257 865 1350 892 porro,
1366 857 1440 884 aliud
1465 865 1525 885 esse
1550 857 1618 884 nihil
1639 864 1720 892 quam
1737 856 1796 883 ani-

1007 911 1092 936 mum,
1109 910 1226 938 eumque
1242 906 1316 930 certe
1332 910 1385 930 non
1413 903 1527 931 rationis
1545 907 1682 938 expertem
1697 912 1704 930 :
1721 903 1796 930 inde-

1006 956 1059 983 que
1073 949 1228 981 concludat,
1245 949 1335 975 omnia
1351 957 1412 984 qua:
1425 953 1531 976 uatum
1551 949 1592 975 vis
1606 948 1716 981 efﬁciat,
1731 947 1798 976 Pro-

1007 995 1133 1022 videntia:
1149 994 1265 1022 consilio
1289 995 1372 1022 fieri:
1398 995 1467 1021 nihil
1493 1002 1587 1022 eorum
1612 999 1664 1026 est,
1693 995 1720 1021 in
1741 1002 1797 1029 quo

1007 1040 1150 1068 nobiscum
1168 1040 1306 1068 Aristoteli
1328 1040 1482 1067 conveniat.
1501 1040 1526 1068 Is
1540 1040 1612 1067 enim
1626 1045 1652 1067 et
1673 1045 1796 1067 naturam

1006 1087 1128 1114 animum
1144 1094 1214 1119 esse,
1229 1090 1257 1114 et
1274 1087 1357 1114 unius
1379 1090 1484 1113 tantum
1504 1091 1608 1113 natura:
1629 1085 1666 1117 vi,
1685 1093 1745 1121 qua:
1762 1085 1797 1112 ad

1008 1138 1106 1161 terram
1130 1132 1285 1168 pertinent,
1308 1132 1454 1167 gubernari
1477 1136 1566 1167 negat.
1595 1131 1698 1159 Causas
1724 1132 1796 1159 enim

1008 1175 1076 1202 alias
1093 1179 1176 1210 atque
1201 1174 1269 1202 alias
1289 1182 1379 1202 rerum
1402 1182 1463 1201 esse
1483 1174 1663 1209 singularum.
1683 1174 1721 1201 Ac
1742 1182 1797 1201 cu:-

1007 1221 1115 1249 lcstium
1130 1221 1251 1257 quidem,
1268 1226 1363 1248 utootc
1378 1229 1438 1256 qua:
1459 1221 1564 1255 similes
1587 1228 1676 1256 usque
1692 1221 1797 1255 sui,"et

1008 1268 1103 1295 eodem
1119 1275 1227 1302 semper
1252 1267 1279 1294 in
1299 1272 1371 1295 statu
1399 1271 1586 1301 permaneant,
1613 1274 1723 1294 causam
1741 1266 1797 1292 vnl:

1008 1322 1067 1342 esse
1084 1314 1169 1342 fatum
1184 1323 1191 1346 ;
1204 1321 1299 1342 earum
1323 1321 1387 1341 vero
1403 1321 1463 1348 qua:
1478 1314 1541 1341 luna
1564 1313 1707 1341 inferiores
1723 1317 1796 1345 sunt,

1009 1365 1155 1394 naturam;
1172 1360 1354 1388 humanarum
1372 1359 1499 1394 denique,
1525 1359 1708 1394 prudentiam,
1730 1358 1799 1385 Pro-

1008 1406 1166 1437 videntiam,
1180 1410 1207 1432 et
1219 1406 1351 1432 animum.
1371 1405 1430 1438 Quo
1450 1405 1477 1432 in
1493 1412 1583 1431 rerum
1598 1411 1799 1438 causarumque

1008 1451 1167 1479 discrimine
1183 1451 1338 1483 statuendo,
1361 1456 1531 1479 venustatem
1551 1451 1669 1486 aliquam
1687 1455 1797 1478 secutus

1008 1502 1060 1530 est,
1074 1498 1146 1533 quod
1175 1498 1346 1525 necessitatis
1362 1503 1422 1525 erat
1438 1505 1492 1525 non
1518 1497 1595 1525 vidit.
1624 1496 1690 1524 Nam
1718 1497 1740 1524 si
1757 1497 1798 1524 vis

167 1542 212 1578 ἄρ’
227 1542 367 1578 ἀῦλεψίας,
384 1544 431 1570 καὶ
458 1543 535 1570 πόλιν
550 1543 657 1570 ἐλπίσαι
686 1543 749 1570 ποτὲ
769 1543 859 1574 καλῶς
875 1545 958 1578 χωρὶς

1011 1551 1065 1570 una
1089 1543 1214 1578 quaedam
1242 1543 1363 1570 animata
1388 1551 1443 1571 non
1467 1547 1550 1574 esset.
1582 1550 1644 1578 qua),
1670 1542 1797 1570 universa

168 1588 291 1620 ἑνώσεως
314 1589 494 1624 διαγενέσθαι,
509 1590 557 1616 καὶ
579 1591 609 1616 τὸ
634 1591 687 1616 πᾶν
712 1590 772 1617 τόδε
803 1591 959 1626 ἡγήσασθαι

167 1633 308 1668 πάγκαλον
323 1634 362 1670 τῷ
377 1635 447 1670 λόγῳ
461 1635 643 1669 διαφυλάξειν·
668 1632 723 1662 οἶόν
752 1645 806 1672 περ
823 1635 958 1670 φαίνεται,

169 1682 207 1717 μὴ
223 1681 392 1716 συνδήσαντα
416 1682 461 1708 καὶ
485 1681 693 1718 συναρμόσαντα
707 1682 766 1713 ἑνός
780 1691 852 1713 τινος
864 1682 958 1717 ὁμοίου

168 1727 306 1762 κοινωνίᾳ.
328 1727 382 1753 Καὶ
397 1727 516 1756 τοιοῦτον
532 1727 582 1762 μέν
611 1737 637 1754 τι
654 1728 770 1763 πρᾶγμα
792 1727 823 1754 τὸ
841 1726 958 1754 διοικοῦν

168 1773 272 1799 ἕκαστα
290 1771 359 1800 εἶναι
372 1782 463 1808 φησιν,
479 1770 533 1800 οἷον
544 1774 630 1809 ἀρχὴν
643 1772 712 1801 εἶναι
730 1774 870 1809 κινήσεως·
880 1772 959 1799 τοῦτο

169 1819 198 1846 δὲ
216 1817 284 1846 εἶναι
298 1819 386 1855 ψυχὴν
399 1820 539 1855 ὁμολογεῖν
551 1820 580 1846 οὐ
597 1820 729 1854 βούλεται·
749 1819 836 1845 καίτοι
849 1819 896 1845 καὶ
912 1817 959 1844 τοῦ

170 1866 312 1898 Πλάτωνος
340 1865 422 1892 αὑτοῦ
443 1866 612 1898 δεικνύντος,
645 1866 686 1892 ὅτι
713 1867 768 1897 τοῖς
792 1864 961 1900 κινουμένοις

170 1912 273 1939 ἅπασιν
284 1913 355 1948 ἀρχὴ
369 1913 416 1939 καὶ
427 1913 502 1948 πηγὴ
516 1913 564 1948 τῆς
588 1913 721 1947 κινήσεως
734 1913 750 1946 ὴ
772 1911 853 1946 ψυχή.
876 1910 931 1937 Καὶ
947 1909 960 1935 ὃ

171 1959 221 1994 μὲν
235 1959 267 1985 ἂν
278 1958 358 1994 ἔργον
388 1959 430 1994 εἴη
449 1959 537 1994 ψυχῆς
556 1958 668 1992 λογικῆς
701 1957 748 1984 καὶ
772 1957 914 1992 φρονίμου,
929 1955 961 1982 τὺ

172 2005 255 2040 μηδὲν
268 2006 357 2041 μάτην
374 2006 470 2037 ποιεῖν,
490 2004 568 2031 τοῦτο
587 2004 730 2039 ἀνατίθησι
744 2004 777 2039 τῇ
793 2003 884 2037 φύσει,
911 2001 959 2028 τοῦ

168 2051 198 2077 δὲ
209 2051 338 2088 ὀνόματος
352 2052 420 2087 αὐτῇ
435 2051 484 2086 τῆς
499 2051 587 2086 ψυχῆς
607 2051 638 2077 οὐ
664 2050 847 2085 μεταδίδωσιν·
866 2048 961 2083 ὥσπερ

170 2097 204 2123 ὲκ
217 2097 271 2125 τῶν
279 2098 429 2133 ὀνομάτων,
454 2097 510 2123 ἀλλ’
529 2097 579 2123 οὐκ
605 2097 636 2123 ἐκ
665 2095 720 2123 τῶν
736 2095 887 2130 δυνάμεων,
905 2093 959 2120 τῶν

170 2143 339 2178 πραγμάτων
351 2142 573 2179 λαμῦανομένων.

1011 1587 1173 1624 pervadens,
1190 1587 1331 1623 colligaret
1341 1588 1436 1616 eadem
1450 1592 1532 1622 atque
1545 1587 1707 1619 contineret,
1725 1595 1797 1613 nun-

1011 1642 1093 1670 quam
1119 1634 1201 1670 hujus
1226 1634 1254 1661 in
1277 1634 1396 1662 universi
1421 1634 1602 1670 dispositione
1627 1638 1732 1661 tantum
1756 1634 1799 1660 vel

1012 1681 1152 1717 sapientia:
1169 1681 1211 1708 vel
1225 1681 1435 1716 pulchritudinis
1446 1686 1612 1709 cerneretur.
1629 1680 1662 1708 Et
1677 1680 1799 1715 ejusdem

1012 1725 1135 1761 profecto
1152 1726 1284 1754 caecitatis
1297 1729 1348 1759 est,
1372 1726 1411 1752 uti
1428 1726 1564 1753 civitatem
1587 1725 1706 1761 aliquam
1723 1733 1802 1760 egre—

1012 1772 1055 1807 gie
1069 1772 1129 1800 sine
1155 1771 1346 1806 conjunctione
1361 1771 1514 1799 habituram
1537 1779 1657 1807 sperare,
1683 1771 1719 1798 ita
1737 1771 1800 1798 huic

1014 1818 1152 1850 universo,
1167 1818 1296 1845 eximiam
1312 1817 1384 1844 illam
1401 1825 1433 1845 ac
1447 1817 1612 1853 singularem
1629 1825 1711 1850 quam
1738 1824 1799 1845 eer-

1013 1863 1105 1890 nimus
1123 1863 1242 1897 partium
1266 1863 1388 1890 omnium
1405 1863 1534 1898 speciem,
1557 1861 1701 1890 defendere
1717 1867 1741 1889 te
1756 1870 1802 1889 ra-

1014 1907 1171 1935 tiocinando
1186 1915 1267 1942 posse
1290 1907 1429 1941 arbitrari,
1445 1907 1497 1935 nisi
1513 1915 1543 1934 ea
1571 1907 1669 1934 similis
1684 1907 1801 1940 alicujus

1013 1954 1206 1981 communione
1226 1954 1368 1982 eonsocies
1391 1959 1473 1989 atque
1489 1954 1636 1982 deviueias.
1654 1954 1800 1987 Caeterum,

1013 2000 1086 2035 quod
1113 2008 1156 2027 res
1175 1999 1297 2034 singulas
1324 2000 1496 2033 moderetur,
1522 1999 1549 2026 id
1574 2000 1683 2035 quidem
1710 2005 1800 2028 motus

1014 2043 1177 2079 principium
1189 2051 1250 2071 esse
1268 2044 1316 2078 ait,
1337 2044 1408 2071 idem
1432 2049 1522 2071 tamen
1541 2044 1662 2071 animum
1678 2051 1738 2072 esse
1759 2044 1800 2072 fa-

1014 2089 1064 2117 teri
1078 2097 1132 2116 non
1150 2089 1218 2121 vult,
1244 2089 1351 2116 tametsi
1369 2089 1451 2117 rebus
1473 2090 1500 2116 in
1515 2089 1642 2117 omnibus
1657 2098 1718 2125 quae
1740 2098 1802 2118 mo-

1014 2140 1123 2169 ventur,
1140 2135 1304 2170 principium
1321 2135 1480 2170 fontemque
1497 2140 1587 2163 motus
1604 2136 1725 2163 animum
1741 2143 1802 2164 esse

172 2187 251 2215 Plato
278 2189 481 2216 demonstrarit.
497 2187 575 2222 Quod
588 2192 679 2214 autem
706 2186 790 2214 animi
807 2186 912 2213 ratione
943 2183 1048 2220 prtediti
1079 2188 1159 2218 atque
1187 2182 1318 2218 sapientis
1343 2183 1483 2217 proprium
1510 2182 1567 2215 sit,
1594 2182 1662 2209 nihil
1688 2186 1718 2209 ut
1741 2186 1803 2218 agat

172 2233 285 2266 frustra,
299 2234 324 2260 id
340 2238 443 2261 natura:
456 2239 544 2261 totum
560 2233 695 2266 attribuit,
706 2233 730 2260 ei
749 2238 841 2260 tamen
855 2231 941 2259 animi
952 2237 1051 2258 nomen
1062 2237 1116 2257 non
1130 2228 1225 2257 tribuit
1239 2237 1246 2256 :
1263 2229 1341 2264 quasi
1359 2237 1392 2256 ex
1408 2229 1576 2261 nominibus,
1594 2237 1648 2256 non
1662 2234 1752 2256 autem
1769 2238 1802 2257 ex

171 2278 346 2306 facultatibus
362 2287 453 2306 rerum
470 2279 545 2306 initia
563 2280 689 2313 viresque
703 2282 858 2306 sumantur.
876 2287 887 2304 ›

429 2325 626 2351 ΚΕΦΑΛΑΙΟΝ
649 2325 697 2351 II".

171 2367 250 2402 Πρὸς
262 2368 314 2396 τὸν
330 2369 424 2396 αὐτὸν
443 2370 643 2402 διαπίιίξιιντα
672 2370 722 2396 καὶ
749 2369 801 2403 τὰς
822 2369 902 2403 παρὰ
922 2367 964 2401 τῷ

208 2403 345 2430 Πλάτωνι
359 2404 449 2432 ἰδέας.
462 2405 498 2432 ἂρ
512 2407 566 2432 οὐκ
586 2406 707 2432 ἀγνοεῖν
718 2405 765 2431 καὶ
774 2406 801 2432 οι
821 2404 963 2432 Ἐϐραίων

181 2434 185 2439 l
208 2406 345 2430 Πλάτωνι
359 2406 449 2437 ἰδέας,
462 2406 498 2438 ἂς
512 2407 566 2432 οὺχ
586 2406 707 2440 ἀγνοεῖν
718 2406 765 2431 καὶ
774 2406 801 2432 οι
821 2406 963 2438 Ἑϐραίων

208 2437 266 2482 ﬁdit
286 2440 434 2478 ίτρότερον
450 2440 681 2473 συνεστήσαντο
697 2441 790 2475 λόγοι.
817 2440 888 2467 Ἀπὸ
908 2437 962 2465 τοῦ

207 2481 311 2500 αυτου.

210 2527 220 2544 ι
236 2519 273 2546 Τὸ
283 2519 312 2546 δὲ
328 2520 474 2554 κεφάλαιον
488 2521 542 2556 (27)
561 2521 649 2548 καὶτὸ
664 2521 747 2556 κῦρος
758 2522 808 2556 τῆς
820 2521 962 2552 Πλάτωνος

171 2565 313 2600 αἱρέσεως,
335 2566 432 2603 ήπερὶ
447 2566 502 2593 τῶν
530 2567 632 2602 νοητῶν
653 2567 785 2601 διάταξις,
814 2567 960 2603 ὴτίμασται

210 2630 268 2667 (27.5)
286 2630 360 2667 ,an
375 2630 434 2658 τῶν
445 2631 554 2658 αὐτῶν.
577 2631 730 2667 Legendum
757 2633 811 2659 ἀπὸ
827 2633 881 2659 τῶν
901 2633 960 2659 Ἀτ-

171 2665 260 2693 τικοῦ.
283 2666 433 2700 Sequentes
455 2668 527 2694 enim
546 2665 744 2702 disputationes
768 2669 849 2695 Attici
876 2673 959 2699 sunt,

172 2706 204 2729 ut
225 2709 258 2763 οῗ
273 2703 352 2763 ‘stylo
375 2707 403 2729 et
424 2705 480 2730 tota
510 2703 662 2731 disserendi
687 2704 793 2731 ratione
819 2703 964 2731 manifeste

173 2744 241 2763 cons
255 2745 269 2763 a
285 2755 293 2762 .

173 2744 293 2764 constat.

209 2772 266 2805 (26)
285 2770 366 2799 Forte
383 2772 445 2800 add.
463 2772 556 2804 ἄλλας.

209 2806 268 2844 (2η
299 2807 335 2844 To
358 2807 392 2834 δὲ
417 2807 592 2842 κεφάλαιον,
610 2813 663 2836 etc.
689 2808 727 2836 lla
753 2808 880 2836 Socrates
905 2809 962 2844 ipse

172 2840 419 2878 apnil_l.uciannm,
436 2840 537 2878 dialog.
554 2840 601 2878 qui
620 2844 696 2870 Βίων
712 2843 822 2876 πράσις
840 2840 962 2871 inscribi—

174 2881 226 2903 tur.
244 2876 386 2910 Quaerebat
402 2886 434 2906 ex
448 2887 480 2906 eo
493 2876 639 2912 mercator,
658 2879 706 2913 τῆς
719 2879 746 2906 δὲ
765 2879 871 2914 σοφίας,
882 2880 907 2906 τί
922 2888 962 2906 σοι

1309 2314 1424 2342 CAPUT
1441 2314 1510 2343 Xlll.

1017 2363 1148 2391 Adversus
1172 2365 1291 2388 eumdem
1311 2360 1718 2392 l'lutonicasideasilludcntem,
1736 2369 1802 2396 quas

1052 2406 1082 2424 ne
1099 2398 1164 2432 ipsis
1175 2398 1279 2432 quidem
1296 2396 1416 2432 Hebreis
1429 2397 1532 2430 ignotus
1551 2396 1642 2432 fuisse,
1656 2397 1802 2430 superiori-

1056 2431 1207 2459 bus'eorum
1219 2432 1376 2458 testimoniis
1387 2431 1445 2466 jam
1460 2432 1584 2458 vidimus.
1598 2431 1640 2457 Ea:
1655 2433 1756 2458 eodem.

1050 2510 1133 2546 815
1150 2520 1159 2536 ι
1178 2510 1332 2542 Postremo,
1346 2511 1419 2545 quod
1429 2514 1569 2546 caputest,
1582 2510 1679 2545 inquit,
1696 2519 1728 2537 ac
1741 2510 1801 2539 Pla-

1014 2558 1111 2584 tonica:
1124 2556 1305 2592 philosophiae
1329 2556 1422 2589 cardo,
1447 2565 1538 2584 rerum
1558 2557 1615 2584 sola
1638 2561 1729 2584 mente
1741 2565 1802 2592 per-

1012 2633 1045 2669 eo
1058 2634 1224 2668 κεφάλαιον;
1241 2634 1388 2669 respondet
1405 2634 1542 2666 Sacratcs,
1558 2635 1592 2661 At
1607 2634 1672 2662 ἰδέαι
1683 2655 1690 2666 ,
1709 2635 1755 2661 καὶ
1768 2635 1803 2661 τὰ

1011 2668 1066 2706 τῷν
1085 2669 1169 2706 όντων
1184 2668 1404 2706 παραδείγματα,
1427 2670 1529 2706 Ὁπόσα
1545 2672 1598 2706 γὰρ
1614 2670 1645 2706 δὴ
1665 2671 1740 2706 ὁρᾷς,
1753 2671 1802 2706 τὴν

1011 2678 1066 2695 των
1085 2678 1169 2696 οντων
1184 2678 1404 2706 παραοειγματα,
1436 2678 1529 2697 υποσα
1545 2678 1598 2706 γαρ
1614 2678 1645 2706 οη
1665 2678 1740 2731 of“,
1753 2678 1802 2706 την

1011 2705 1073 2741 γῆν,
1089 2704 1157 2731 τάπὶ
1170 2705 1221 2741 γῆς
1231 2725 1238 2737 ,
1252 2705 1299 2731 τὸν
1309 2705 1433 2740 οὐρανὸν,
1445 2705 1494 2741 τὴν
1509 2705 1644 2732 ϐἀλατταν
1653 2714 1670 2741 '7
1694 2706 1803 2741 πάντων

1010 2739 1114 2765 τούτων
1129 2739 1232 2771 εἰκόνες
1248 2739 1359 2774 ἀφανεῖς
1383 2739 1492 2767 ἑστᾶσιν
1508 2740 1561 2773 ἔξω
1581 2740 1637 2767 τῶν
1650 2740 1728 2767 ὅλων.
1746 2740 1799 2767 Cui

1012 2774 1136 2811 Μοιρέας,
1150 2774 1205 2801 Ποῦ
1221 2775 1248 2801 δὲ
1262 2776 1388 2811 ἑστᾶσινξ
1402 2776 1447 2803 ille
1461 2775 1801 2811 διιιειιιηυὺδαμῶςμονέ

1010 2810 1127 2845 οὐδαμοῦ
1142 2810 1168 2845 ),
1184 2811 1209 2836 εὶ
1224 2810 1278 2846 γάρ
1297 2820 1347 2838 που
1363 2810 1429 2843 εἶεν,
1443 2811 1493 2837 οὐκ
1506 2812 1539 2837 ἂν
1553 2809 1618 2843 εἷεν,
1631 2809 1683 2838 etc.
1698 2809 1729 2838 lu.
1740 2818 1802 2845 qur-

1013 2845 1063 2872 bus
1079 2851 1105 2872 et
1120 2845 1316 2873 ridiculus'est
1330 2854 1406 2875 more
1421 2855 1470 2875 suo
1488 2846 1636 2878 Lucianus,
1649 2851 1676 2874 et
1696 2846 1799 2873 ridicu-

1011 2880 1067 2908 lum
1085 2880 1224 2910 Socratem
1244 2881 1317 2909 facit.
