2045 3211
289 157 359 186 1359

610 160 747 188 ECSEBII
766 161 1010 191 CESARIENSIS
1029 164 1104 192 OPP.
1125 166 1216 194 PARS
1237 166 1269 194 ll.
1291 181 1323 186 —
1345 167 1593 196 APULCGETICA.

1848 170 1911 198 1540

287 221 428 252 ceptarum
449 218 593 251 doctrina,
619 225 750 254 quantum
780 222 806 248 in
834 222 979 251 Aristotele
1007 224 1056 252 fuit

1126 226 1173 252 καὶ
1184 226 1449 262 προπεπηλάκισται,
1465 228 1511 254 καὶ
1526 229 1669 260 παντοίως,
1690 229 1719 255 τό
1737 238 1767 263 γε
1784 228 1844 261 si?”
1857 229 1910 265 (28)

285 263 380 297 illusa,
394 266 565 297 conculcata,
581 267 743 302 probrisque
757 269 885 296 erunibus
906 269 1006 304 jactata
1021 275 1071 298 est.

285 309 358 337 Cum
379 311 451 338 enim
480 311 631 347 intelligere
657 321 710 340 non
735 319 845 349 posset,
871 323 914 343 res
941 317 1074 344 maximas

286 360 367 390 atque
383 356 501 389 divinas,
518 366 579 393 qua:
591 358 670 394 longe
688 360 793 388 caeteris
806 362 978 395 antecellam,
991 363 1073 390 simili

284 402 375 436 aliqua
402 401 530 431 facultate
548 405 582 431 ad
609 406 651 431 sui
670 407 850 440 cognitionem
873 408 1004 442 indigere,
1023 409 1074 436 mi—

284 453 349 474 nuta
363 449 479 482 quadam
495 457 544 477 sua
555 455 582 477 et
594 451 687 478 humili
702 452 850 481 subtilitate
861 455 980 483 confisus
992 456 1000 490 (
1012 464 1073 491 qum

284 497 312 518 ut
329 495 499 521 terrestrium
515 496 541 522 in
555 504 646 523 rerum
661 502 786 525 naturam
809 505 948 533 penetrare
969 508 1070 536 posset,

282 546 433 574 carumque
447 542 587 569 veritatem
607 544 771 578 perspicere,
788 546 963 580 purissimam
981 552 1070 575 tamen

282 585 356 612 illam
374 594 406 612 ac
420 587 634 616 sinerrissimam
656 591 772 625 propria:
786 592 909 620 veritatis
923 592 1010 621 lucem
1027 594 1071 620 in-

285 631 354 658 tueri
370 640 424 658 non
441 634 576 669 poterat),
592 635 715 671 adeoque
730 645 759 664 se
773 638 844 672 ipso,
859 639 977 673 quodam
992 640 1070 675 quasi

282 684 374 704 rerum
391 678 499 706 illarum
517 685 597 716 captu
612 689 663 709 suo
687 683 766 718 longe
780 685 952 718 superiorum
966 693 1071 714 canone

282 724 439 760 arbitroque
456 734 533 758 usus,
558 729 708 762 peculiares
728 730 798 764 illas,
816 731 969 766 cujusmodi
992 732 1070 760 Plato

282 774 438 804 agnoverat,
465 776 577 800 naturus
590 774 679 801 valere
703 774 803 809 jussit,
822 777 922 812 iilaque
945 779 1068 806 omnium

281 814 426 848 altissima,
450 824 538 851 nugas
557 818 731 854 insulsasque
758 822 919 854 cantilenas,
937 828 964 850 et
981 824 1069 852 circu-

282 859 400 887 latorum
413 861 519 890 fabulas
543 865 680 899 appellare
701 874 785 895 ausus
800 872 851 895 est.
873 869 977 905 Quippe
993 878 1069 898 sum-

281 914 357 934 mum
372 908 436 936 illud
453 914 535 945 atque
552 912 676 939 ultimum
691 918 733 941 est
744 913 946 944 Platonicorum
960 918 1070 953 dogma-

281 955 351 985 tum,
369 954 441 987 quod
459 954 486 981 in
504 955 620 990 spiritali
643 957 694 985 hac
713 963 740 986 et
763 961 926 995 sempiterna
945 962 1067 991 idearum

281 1003 377 1025 natura
391 1006 524 1028 versatur.
542 1001 592 1029 Ubi
607 1004 720 1037 proinde
734 1013 878 1041 supremus
890 1009 981 1037 animo
992 1010 1069 1038 labor

280 1046 474 1079 certamenque
498 1048 669 1082 proponitur.
687 1049 754 1077 Nam
775 1051 822 1086 qui
837 1053 871 1080 ad
893 1053 967 1081 illam
996 1056 1069 1091 aspi-

280 1096 342 1116 rare
364 1097 450 1126 eaque
481 1092 534 1120 frui
559 1096 686 1129 potuerit,
710 1097 732 1124 is
760 1098 855 1127 beatus
875 1101 1008 1136 omnino;
1024 1103 1066 1130 cui

279 1135 403 1163 eamdem
429 1137 529 1166 intueri
555 1147 586 1168 ac
612 1142 754 1175 pcrvidere
774 1152 827 1172 non
853 1145 969 1179 licuerit,
993 1150 1067 1176 omni

279 1180 408 1210 felicitate
436 1191 538 1213 vacuus
564 1187 753 1224 spoliatusque
778 1191 949 1227 relinquitur.
973 1194 1068 1229 Itaque

279 1227 332 1255 boc
361 1228 462 1264 ubique
486 1229 563 1259 Plato
586 1237 611 1260 et
629 1235 704 1262 omni
734 1236 840 1264 ratione
861 1227 1068 1271 contendit._ut

279 1271 377 1300 harum
398 1279 557 1304 naturarum
580 1279 632 1305 vim
648 1285 864 1317 potestatemque
889 1285 1066 1314 demonstret.

278 1317 364 1354 Negat
377 1321 450 1348 enim
478 1327 524 1349 aut
551 1323 632 1352 ullius
649 1327 762 1355 omnino
789 1328 828 1355 rei
857 1337 967 1358 causam
992 1340 1067 1360 como

278 1365 358 1392 mode
383 1367 459 1394 reddi
483 1376 574 1402 posse,
589 1371 643 1398 nisi
667 1379 728 1406 quae
751 1373 847 1401 harum
873 1378 1067 1406 communione

278 1411 390 1445 nitatur,
416 1418 462 1441 aut
477 1415 532 1441 veri
550 1416 632 1444 ullius
656 1417 748 1446 haberi
774 1421 910 1455 notitiam,
931 1423 983 1450 nisi
1006 1432 1066 1459 qua:

277 1457 310 1484 ad
335 1459 445 1487 easdem
472 1467 626 1491 revocetur.
650 1464 708 1492 lmo
725 1473 775 1494 nec
796 1468 910 1496 rationis
926 1470 1010 1497 ullum
1033 1472 1066 1500 iis

277 1502 305 1529 in
325 1505 452 1534 omnibus
476 1507 560 1541 pilum
587 1517 649 1538 esse
673 1510 803 1545 defendit,
828 1515 875 1549 qui
894 1523 946 1542 non
970 1524 1065 1545 earum

277 1550 458 1580 substantiam
478 1555 623 1584 fateantur.
652 1557 686 1585 Et
701 1566 765 1586 vero
780 1561 827 1595 qui
851 1561 997 1592 Platonicae
1017 1566 1065 1593 do-

277 1597 373 1625 ctrinm
388 1600 579 1628 auctoritatem
597 1610 629 1629 ac
645 1605 751 1638 pondus
777 1606 876 1635 addere
900 1613 1064 1643 statuerunt,

278 1642 331 1670 hac
359 1646 510 1679 praesertim
528 1648 554 1674 in
581 1649 766 1684 disputatione
782 1653 859 1680 multi
885 1662 945 1682 esse
965 1657 1063 1684 solent.

275 1688 354 1722 Quod
372 1692 480 1725 quidem
498 1695 652 1722 necessario
665 1696 778 1731 faciunt,
794 1707 844 1726 nec
858 1701 929 1728 enim
946 1701 1066 1730 Platoni-

277 1743 340 1763 cum
357 1738 475 1772 amplius
488 1741 636 1775 quidquam
659 1744 727 1771 tueri
746 1751 871 1780 possunt,
889 1746 941 1774 nisi
957 1749 996 1776 eis
1011 1750 1065 1784 pri-

276 1781 378 1808 marias
396 1782 455 1810 illas
473 1784 664 1822 principesque
686 1794 799 1817 naturas
814 1790 936 1819 Platonis
952 1793 979 1819 in
1004 1781 1065 1829 ἐπνι-

277 1826 343 1853 tiam
359 1831 538 1858 concesseris.
553 1831 616 1860 Haec
632 1834 706 1862 enim
722 1836 768 1863 illa
784 1841 858 1870 sunt,
873 1838 972 1873 quibus
985 1845 1066 1868 caete-

276 1872 315 1900 ris
340 1874 468 1903 omnibus
494 1877 613 1906 maxime
636 1882 783 1909 antecellit.
804 1882 887 1910 Deum
911 1885 983 1912 enim
1008 1886 1064 1920 ipse

276 1925 337 1945 cum
357 1919 546 1949 universorum
563 1929 701 1958 parentem
717 1934 749 1954 ac
764 1928 927 1962 molitorem,
943 1931 1064 1966 adeoque

276 1963 418 1991 dominum
434 1970 461 1992 et
481 1968 682 1996 moderatorem
712 1977 893 2005 agnosceret:
912 1981 973 2000 cum
992 1963 1062 2001 idem

275 2017 308 2036 cx
324 2011 427 2039 nostris
450 2012 526 2040 hisce
548 2015 677 2049 operibus
693 2017 864 2053 intelligeret,
880 2020 1012 2048 artiﬁcem
1039 2021 1063 2048 id

275 2060 338 2083 ante
359 2058 432 2092 quod
448 2058 594 2088 eﬂ‘eclurus
612 2061 648 2089 sit
664 2063 756 2090 animo
782 2066 1010 2100 comprehensum
1025 2072 1064 2095 te-

274 2107 349 2134 nere,
365 2109 397 2129 ac
413 2107 469 2130 tum
483 2103 592 2132 demum
606 2114 687 2140 quam
703 2107 776 2135 illius
790 2110 905 2144 speciem
921 2112 1064 2146 cogitando

275 2147 440 2183 informaril,
455 2158 515 2177 eam
534 2151 600 2186 ipsis
613 2152 638 2179 in
655 2154 736 2182 rebus
751 2155 930 2184 similitudine
945 2158 1062 2192 quadam

274 2194 445 2229 exprimere:
469 2197 575 2225 divinas
597 2199 722 2227 similiter
739 2201 874 2235 notiones,
899 2211 960 2238 qum
981 2204 1062 2232 rebus

1126 272 1168 297 ἐπ’
1187 272 1376 307 Ἀριστοτέλει,
1405 273 1604 309 περιύϐρισται.
1622 274 1658 300 Οὐ
1686 275 1739 310 γὰρ
1765 274 1911 309 δυνάμενος

1126 318 1261 352 ἐννοῆσαι,
1277 318 1316 344 ὅτι
1330 318 1365 344 τὰ
1389 319 1492 354 μεγάλα
1509 320 1554 346 καὶ
1581 320 1641 346 θεῖα
1660 321 1705 347 καὶ
1720 322 1833 356 περιττὰ
1857 321 1910 347 τῶν

1125 361 1296 396 πραγμάτων
1314 363 1504 399 παραπλησίου
1529 365 1602 396 τινὸς
1632 365 1772 398 δυνάμεως
1795 367 1836 396 είς
1850 366 1909 392 ἐπί-

1124 415 1224 441 γνωσιν
1237 408 1330 434 δεῖται·
1344 410 1376 444 τῇ
1389 409 1410 435 δ’
1423 409 1504 436 αὐτοῦ
1520 410 1604 446 λεπτῇ
1622 411 1668 437 καὶ
1683 413 1796 446 ταπεινῇ
1813 411 1908 446 δριμύ-

1122 462 1184 489 τητι
1212 455 1357 487 πιστεύων,
1387 456 1447 489 ἥτις
1476 456 1596 483 διαδῦναι
1628 457 1676 492 μὲν
1706 458 1760 483 τῶν
1789 458 1836 484 ἐπὶ
1860 457 1910 492 τῆς

1123 502 1305 536 πραγμάτων,
1323 501 1370 527 καὶ
1385 502 1434 537 τὴν
1452 503 1481 529 ὲν
1497 502 1603 534 τούτοις
1618 503 1746 539 ἀλήθειαν
1763 504 1828 530 ἰδεῖν
1853 504 1909 530 ἐδύ-

1123 554 1198 576 νατο,
1217 546 1267 581 τῆς
1289 546 1311 572 δ’
1324 546 1407 579 ὗντως
1419 547 1547 582 ἀληθείας
1572 548 1736 574 ἐποπτεῦσαι
1752 548 1784 574 τὸ
1812 548 1910 574 πανεύ-

1122 592 1177 619 διον
1187 591 1235 627 οὐχ
1251 592 1294 618 οἶα
1313 601 1343 618 τε
1354 590 1387 628 ἦν
1402 593 1485 628 αὐτῷ·
1516 594 1607 620 κανόνι
1629 593 1653 620 θ’
1668 594 1741 630 αὑτῷ
1766 594 1814 620 καὶ
1831 595 1908 630 κριτῇ

1121 637 1175 664 τῶν
1198 638 1268 674 ὑπὲρ
1289 639 1369 664 αὑτὸν
1395 639 1576 675 χρησάμενος,
1603 641 1712 674 ἀπέγνω
1737 640 1814 672 τινὰς
1841 639 1908 668 εἶναι

1123 683 1190 714 ιδίας
1203 683 1297 717 φύσεις
1313 683 1379 718 (29),
1392 684 1450 715 οἴας
1473 684 1586 711 Πλάτων
1607 685 1687 719 ἔγνω,
1705 685 1804 720 λήρους
1817 693 1848 710 τε
1865 685 1909 711 καὶ

1120 730 1302 765 τερετίσματα
1318 731 1372 765 (30)
1390 731 1437 757 καὶ
1454 731 1587 766 φλυαρίας
1604 731 1750 767 ἐτόλμησεν
1772 732 1860 757 εἰπεῖν
1876 731 1909 757 τὰ

1120 774 1174 800 τῶν
1188 774 1272 801 ὄντων
1286 775 1420 802 ἀνώτατα.
1437 776 1473 802 Τὸ
1489 776 1539 811 μὲν
1554 774 1600 802 οὖν
1616 777 1700 811 ἄκρον
1715 785 1744 802 τε
1760 775 1808 802 καὶ
1827 775 1907 810 ἔσχα-

1119 829 1165 846 τον
1178 820 1231 846 τῶν
1245 821 1386 853 Πλάτωνος
1408 822 1634 857 φιλοσοφημάτων
1649 822 1707 849 ἐστὶ
1731 822 1762 848 τὸ
1783 822 1848 858 περὶ
1862 822 1907 856 τήν

1119 866 1216 902 νοητὴν
1227 867 1327 902 ταύτην
1338 867 1385 894 καὶ
1398 867 1482 894 ἀΐδιον
1495 868 1588 894 οὐσίαν
1601 869 1650 904 τὴν
1661 869 1714 895 τῶν
1725 870 1812 897 ἰδεῶν.
1825 871 1908 899 Ἔνθα

1119 913 1151 949 δὴ
1163 913 1243 945 πόνος
1256 922 1285 940 τε
1301 915 1347 941 καὶ
1359 914 1432 948 ἀγὼν
1443 914 1554 950 ἔσχατος
1571 917 1604 951 τῇ
1620 916 1692 951 ψυχῇ
1706 917 1858 953 πρόκειται.
1879 919 1907 946 ’0

1121 960 1170 994 μὲν
1185 959 1239 995 γὰρ
1255 959 1394 995 μετασχὼν
1406 961 1453 987 καὶ
1468 961 1627 996 ἐφικόμενος
1638 962 1722 997 αὐτῆς
1739 963 1849 994 πάντως
1863 965 1907 991 εὑ-

1118 1005 1235 1041 δαίμων·
1256 1007 1270 1032 ὁ
1296 1006 1324 1032 δὲ
1345 1007 1518 1039 ἀπολειφθεὶς
1542 1007 1589 1034 καὶ
1619 1007 1788 1044 ἀδυνατὴσας
1807 1009 1906 1045 θεωρὸς

1119 1049 1243 1083 γενέσθαι
1254 1050 1363 1082 πάντως
1375 1051 1487 1087 ἄμοιρος
1501 1053 1671 1088 εὐδαιμονίας
1701 1055 1903 1082 καταλείπεται.

1118 1095 1174 1121 Καὶ
1201 1095 1245 1122 διὰ
1267 1095 1345 1123 τοῦτο
1373 1097 1482 1124 Πλάτων
1500 1106 1529 1124 τε
1561 1099 1683 1134 πανταχῆ
1705 1099 1904 1134 διαγωνίζεται,

1118 1140 1224 1172 δεικνὺς
1251 1141 1299 1177 τὴν
1322 1143 1398 1177 ἰσχὺν
1420 1143 1520 1170 τούτων
1545 1145 1599 1171 τῶν
1618 1145 1736 1179 φύσεων.
1761 1146 1830 1173 Οῦτε
1853 1147 1905 1182 γὰρ

1118 1188 1206 1214 αἰτίαν
1221 1188 1387 1216 ὡντινωνοῦν
1412 1191 1556 1219 ἀποδοῦναί
1570 1200 1651 1226 φησιν
1671 1189 1725 1219 οἷόν
1737 1201 1766 1219 τε
1778 1191 1848 1219 εἶναι
1859 1202 1906 1220 κα-

1117 1231 1180 1263 λῶς,
1195 1233 1228 1259 ἂν
1241 1234 1277 1268 μὴ
1290 1234 1392 1261 τούτων
1411 1235 1528 1270 μεθέξει,
1545 1236 1606 1262 οὔτε
1629 1237 1728 1271 γνῶσίν
1753 1247 1825 1270 τινος
1839 1239 1905 1273 ἀλη-

1117 1277 1190 1310 θοῦς,
1203 1279 1236 1305 ἂν
1250 1280 1286 1315 μὴ
1299 1282 1332 1316 τῇ
1346 1281 1412 1316 πρὸς
1434 1282 1518 1309 ταῦτα
1540 1284 1595 1320 (5i)
1625 1285 1758 1320 ἀναφορᾷ
1778 1285 1905 1311 ἀλλὀὺεὲ

1117 1326 1196 1360 λόγου
1214 1327 1374 1362 μετέσεσθαι
1405 1338 1484 1361 τισιν,
1512 1332 1535 1356 εἱ
1565 1332 1602 1366 μὴ
1619 1332 1667 1368 τὴν
1683 1332 1786 1358 τούτων
1811 1333 1905 1359 οὐσίαν

1116 1372 1321 1408 ὁμολογήσειαν.
1334 1374 1367 1401 Οἵ
1380 1375 1402 1400 τ’
1415 1373 1448 1402 αὖ
1467 1375 1502 1402 τὰ
1515 1376 1562 1403 τοῦ
1588 1377 1731 1410 Πλάτωνος
1750 1378 1905 1404 συνιστάναι

1116 1420 1268 1453 ἐγνωκότες
1283 1421 1329 1448 τὸν
1344 1421 1468 1448 πλεῖστον
1495 1423 1587 1457 ἀγῶνα
1601 1423 1654 1449 τῶν
1678 1423 1763 1458 λόγων
1776 1425 1805 1450 ὲν
1819 1424 1906 1459 τούτῳ

1116 1465 1245 1492 τίθενται·
1258 1467 1328 1494 πάνυ
1340 1467 1506 1502 ἀναγκαίως.
1517 1469 1600 1496 Οὐδὲν
1611 1470 1663 1506 γὰρ
1674 1470 1753 1496 ἔτιτὸ
1769 1471 1905 1498 Πλατωνι-

1117 1511 1163 1538 κὴν
1178 1512 1363 1546 ἀπολείπεται,
1379 1515 1403 1541 εἰ
1415 1515 1452 1550 μὴ
1467 1515 1516 1546 τὰς
1534 1515 1644 1551 πρώτας
1658 1517 1703 1543 καὶ
1714 1517 1906 1552 ἀρχικωτάτας

1117 1557 1212 1591 φύσεις
1228 1557 1326 1590 ταύτας
1342 1560 1545 1595 συγχωρήσεταί
1570 1569 1610 1592 τις
1631 1562 1722 1593 αὐτοῖς
1738 1563 1809 1598 ὑπὲρ
1833 1563 1904 1590 Πλά-

1115 1611 1208 1635 τωνος.
1223 1604 1314 1631 Ταῦτα
1345 1605 1399 1640 γάρ
1427 1606 1511 1637 ἐστιν,
1541 1604 1581 1638 οἷς
1611 1607 1728 1642 μάλιστα
1744 1607 1798 1634 τῶν
1818 1608 1905 1635 ἄλλων

1117 1650 1253 1685 ὑπερέχει.
1271 1651 1380 1686 Νοήσας
1392 1652 1446 1687 γὰρ
1465 1653 1532 1679 Θεὸν
1549 1653 1629 1685 αὐτὸς
1645 1653 1682 1685 ὡς
1707 1654 1760 1680 τῶν
1778 1655 1905 1681 ἁπάντων

1115 1696 1220 1731 πατέρα
1232 1697 1277 1723 καὶ
1292 1697 1466 1733 δημιουργὸν,
1479 1699 1526 1725 καὶ
1541 1699 1683 1734 δεσπότην,
1694 1700 1739 1726 καὶ
1756 1700 1904 1735 κηδεμόνα·

1115 1743 1162 1768 καὶ
1172 1743 1310 1778 γνωρίζων
1327 1743 1358 1769 ἐκ
1373 1743 1426 1770 τῶν
1451 1744 1539 1780 ἔργων
1554 1745 1598 1771 τὸν
1628 1746 1751 1780 τεχνίτην
1773 1746 1906 1781 πρότερον

1115 1789 1209 1823 νοῆσαι
1221 1789 1322 1816 τοῦτοό
1338 1790 1429 1825 μέλλει
1453 1791 1675 1827 δημιουργήσειν,
1706 1790 1756 1818 εἷθ’
1775 1793 1848 1818 οὓτω
1866 1791 1906 1828 τῷ

1115 1835 1236 1870 νοηθέντι
1247 1837 1360 1863 κατόπιν
1383 1837 1450 1872 (52),
1469 1838 1515 1864 ἐπὶ
1541 1838 1596 1864 τῶν
1614 1839 1785 1873 πραγμάτων
1817 1847 1904 1872 προσ-

1115 1880 1191 1914 άγειν
1201 1882 1250 1917 τὴν
1261 1882 1415 1919 ὁμοιότητα·
1429 1884 1525 1910 ταύτὸν
1541 1884 1572 1920 δὴ
1583 1885 1616 1911 τὰ
1632 1884 1678 1911 τοῦ
1690 1884 1757 1911 Θεοῦ
1781 1886 1906 1920 νοήματα

1115 1927 1286 1964 πρεσὸύτερα
1299 1928 1352 1956 τῶν
1373 1930 1552 1966 πραγμάτων,
1569 1931 1610 1958 τά
1619 1931 1672 1957 τῶν
1685 1931 1840 1966 γενομένων
1854 1940 1904 1958 πα-

1115 1971 1293 2007 ραδείγματα,
1314 1973 1456 2009 ἀσώματα,
1470 1975 1516 2001 καὶ
1526 1975 1617 2010 νοητὰ,
1643 1976 1714 2002 κατὰ
1728 1975 1762 2002 τὰ
1776 1976 1846 2003 αὐτὰ
1858 1977 1904 2002 καὶ

1113 2017 1243 2050 ὡσαύτως
1256 2018 1350 2054 ἔχοντα
1364 2019 1416 2049 ἀεὶ,
1433 2021 1480 2046 καὶ
1496 2020 1611 2055 μάλιστα
1626 2021 1675 2056 μὲν
1692 2021 1808 2056 πρώτως
1835 2022 1903 2048 αὐτὰ

1113 2063 1188 2095 ὄντα,
1202 2064 1333 2099 παραίτια
1346 2064 1374 2091 δὲ
1389 2065 1435 2092 καὶ
1458 2067 1513 2097 τοῖς
1526 2065 1615 2096 ἄλλοις
1629 2066 1676 2092 τοῦ
1703 2064 1772 2092 εἶναι
1791 2067 1902 2092 τοιαῦτα

1113 2108 1215 2135 ἕκαστα
1233 2107 1277 2136 οἷά
1290 2110 1343 2146 πέρ
1357 2111 1424 2143 ἐστι,
1440 2111 1510 2138 κατὰ
1526 2111 1573 2147 τὴν
1588 2112 1655 2148 πρὸς
1665 2112 1733 2138 αὐτὰ
1744 2113 1900 2148 ὁμοιότητα,
1940 2109 1943 2113 ’

1115 2154 1226 2181 συνιδὼν
1250 2155 1264 2180 ὁ
1286 2156 1397 2183 Πλάτων
1421 2157 1485 2184 ὅντα
1501 2158 1531 2184 οὒ
1549 2158 1634 2193 ῥᾷστα
1650 2157 1776 2194 optimm.
1799 2159 1831 2185 οὗ
1850 2158 1901 2193 μὴν

1113 2201 1173 2227 οὐδὲ
1185 2201 1256 2236 λόγῳ
1271 2202 1360 2236 σοφῶς
1377 2202 1528 2238 δηλωθῆναι
1543 2203 1688 2239 δυνάμενα·
1701 2204 1782 2236 αὐτὸς
1794 2204 1833 2236 ὡς
1846 2201 1900 2230 οἷόν

273 2241 453 2276 antiquiores,
472 2247 499 2270 et
511 2251 605 2271 eorum
624 2254 685 2280 qua:
701 2246 770 2274 ﬁunt
787 2249 909 2283 exempla
930 2250 995 2282 sint,
1010 2258 1062 2278 eae—

1116 2255 1142 2273 τε
1155 2245 1189 2282 ἦν
1205 2248 1275 2283 ὑπὲρ
1289 2248 1379 2274 αὐτῶν
1392 2249 1489 2282 εἰπεῖν,
1506 2249 1552 2276 καὶ
1579 2250 1721 2285 φρονῆσαι,
1749 2250 1796 2277 καὶ
1812 2258 1900 2286 παρα-

272 2286 391 2322 demque
407 2288 574 2323 incorporea:
590 2298 622 2318 ac
639 2296 729 2319 mente
743 2292 801 2320 sola
822 2299 965 2329 perceptae,
985 2296 1062 2323 simi-

271 2334 368 2370 lesque
382 2336 425 2363 sui
438 2344 555 2370 semper,
573 2343 599 2365 et
615 2339 710 2366 eodem
726 2339 754 2366 in
769 2344 841 2368 statu
854 2346 1059 2377 permanentes;

271 2381 390 2417 denique
418 2390 480 2410 cum
507 2384 642 2420 praecipua
668 2386 785 2420 quadam
815 2388 921 2415 ratione
942 2388 1060 2423 primum

271 2427 446 2460 exsistenlcs,
459 2428 542 2464 816
560 2433 616 2456 tum
633 2431 739 2458 exteris
750 2431 848 2460 deinde
860 2440 950 2460 causa;
964 2442 1059 2469 quam-

271 2472 363 2499 obrem
387 2480 419 2500 eo
446 2474 527 2500 modo
541 2474 607 2506 sint,
631 2482 686 2509 quo
711 2475 818 2510 singula
839 2482 921 2508 sunt,
943 2484 993 2512 pro
1010 2485 1059 2505 sua

271 2517 406 2553 cujusque
421 2527 482 2546 cum
498 2519 667 2555 principibus
680 2521 734 2548 illis
749 2522 927 2550 similitudine
941 2532 947 2550 :
971 2524 1060 2551 notio-

272 2570 332 2597 nes,
349 2564 472 2600 inquam,
496 2566 557 2594 illas
574 2575 625 2594 nec
648 2567 734 2594 videri
753 2567 843 2600 facile,
871 2577 921 2597 nec
936 2570 1059 2597 oratione

271 2609 339 2638 satis
351 2611 480 2646 explicari
495 2620 576 2647 posse
589 2621 651 2641 cum
669 2615 898 2643 animadverteret
913 2625 921 2649 ;
938 2616 961 2644 is
972 2624 1059 2651 quan-

306 2675 363 2710 (28)
383 2678 463 2706 Forte
482 2679 521 2707 ὃν.

388 2713 606 2758 Ξδίαςγφὺσεις.
621 2715 730 2758 ῼιῂιιμεὶ
745 2717 845 2758 ἀϊδίους
862 2717 973 2758 φύσειςῗ
1003 2753 1010 2758 _
1035 2752 1040 2758 ι

307 2746 365 2784 (50)
388 2746 593 2784 Τερετίὲνματαί
619 2746 720 2779 Χιιυιιὶι
744 2753 783 2778 ad-
796 2746 884 2780 locum
903 2746 977 2779 illu-m
997 2752 1057 2778 Ari—

271 2782 389 2822 stotelis:
401 2791 433 2810 ex
449 2782 613 2822 .Anquticor.
629 2788 768 2821 posterior.
782 2787 826 2814 lib.
845 2799 869 2819 ι,
885 2796 944 2822 cap.
956 2787 1001 2819 22.
1017 2787 1057 2813 Τὰ

290 2815 326 2850 ὰρ
350 2815 559 2858 εἴδηλαιρέτξυ·
578 2815 767 2858 »τερετίσματα
787 2815 849 2858 γάρ
862 2815 929 2849 ἐστι’.
953 2815 1013 2858 Καὶ»
1032 2823 1055 2848 εἰ

287 2853 467 2892 στιτιηούδὲν
482 2855 550 2892 πρδς
561 2856 605 2882 τὸν
617 2853 832 2890 λόγον’ὲστίν·ὀὖ
842 2858 895 2892 γὰρ
907 2856 1056 2889 ἀποδείξεις

272 2887 338 2921 περὶ
360 2887 414 2915 τῶν
434 2887 559 2917 τοιούτων
583 2887 659 2918 εῐτὲνξ
687 2892 784 2920 Errant
806 2887 853 2927 qui
873 2887 1054 2928 τερετεπματα

1112 2293 1241 2321 σκευάσαι
1255 2294 1318 2326 τοὺς
1343 2294 1487 2330 μέλλοντας
1514 2295 1751 2331 ὲπακολουθήσειν,
1774 2305 1901 2332 πραγμά·

1110 2339 1276 2374 τευσάμενος
1292 2340 1389 2372 ταῦτα,
1401 2341 1448 2367 καὶ
1459 2340 1507 2376 τὴν
1524 2340 1671 2376 σύμπασαν
1687 2341 1770 2368 αὑτοῦ
1794 2343 1900 2376 φιλοσο-

1111 2384 1175 2419 φίαν
1188 2385 1226 2416 εἰς
1242 2385 1320 2411 τοῦτο
1333 2384 1540 2420 συνταξάμενος,
1559 2386 1622 2421 περὶ
1650 2386 1737 2413 ταῦτα
1763 2395 1829 2421 φησι
1854 2387 1899 2413 καὶ

1109 2430 1159 2466 τὴν
1171 2430 1272 2457 τούτων
1284 2430 1375 2465 νόησιν
1391 2431 1440 2467 τὴν
1466 2432 1562 2466 σοφίαν
1576 2430 1644 2458 εἶναι
1661 2433 1707 2459 καὶ
1719 2433 1769 2468 τὴν
1788 2433 1899 2468 ἐπιστή-

1112 2485 1175 2512 μην,
1193 2476 1226 2503 δι’
1243 2474 1277 2513 ἧς
1304 2477 1335 2503 τὺ
1349 2476 1518 2513 ἀνθρώπινον
1545 2478 1621 2510 τέλος
1644 2478 1690 2505 καὶ
1709 2480 1725 2514 ἡ
1743 2479 1900 2513 μακαριστὴ

1111 2523 1186 2559 βιοτὴ
1199 2524 1404 2558 παραγίνεται.»
1427 2524 1551 2551 Τοσαῦτα
1572 2526 1586 2551 ό
1606 2525 1737 2557 Ἀττικός.
1755 2526 1849 2561 Παρῆν
1870 2525 1899 2552 δὲ

1109 2569 1267 2596 καὶτούτων
1282 2570 1322 2597 ἔτι
1338 2570 1422 2597 πλείω
1435 2571 1465 2597 ἐκ
1481 2571 1529 2606 τῆς
1546 2571 1711 2606 δηλωθείσης
1727 2571 1898 2606 παραθέσθαι

1108 2616 1156 2643 τοῦ
1174 2616 1269 2652 ἀνδρὸς
1282 2617 1401 2652 γραφῆς·
1415 2617 1483 2654 πλὴν
1493 2617 1560 2645 ἀλλὰ
1576 2619 1631 2649 τοῖς
1647 2618 1796 2645 ἐκτεθεῖσιν
1817 2618 1899 2650 ἀρχε-

1109 2683 1324 2721 tgrrirulamema
1339 2690 1461 2720 vertunt,
1482 2685 1560 2721 qua~i
1584 2689 1678 2721 essent
1696 2685 1897 2721 τερατεὺματα.

1108 2719 1207 2746 Νυιυιη
1235 2723 1277 2747 est
1301 2719 1498 2763 τερετισματα
1517 2729 1582 2763 esse.
1603 2720 1706 2763 fractos
1731 2719 1900 2763 solutosque

1107 2760 1204 2792 cantus
1214 2759 1263 2792 ,_et
1278 2756 1462 2792 metaphorice
1472 2778 1479 2790 ,
1498 2756 1666 2792 μωρολογίας
1682 2764 1712 2782 τε
1727 2756 1775 2783 καὶ
1789 2756 1897 2791 λήρους.

1143 2789 1431 2832 (Ξ1>ξρνιὲ,ταύταςο
1453 2789 1475 2832 ,⁷
1499 2789 1505 2792 ⁷
1612 2789 1615 2790 ⁷
1817 2789 1833 2791 ’⁷
1877 2825 1883 2829 .

1145 2825 1201 2859 (52)
1222 2825 1365 2859 Νοηθέντι
1385 2828 1520 2853 κατόπιν.
1548 2825 1624 2853 Novo
1645 2834 1722 2855 more
1736 2825 1843 2854 dictum
1857 2825 1900 2853 νίν

1107 2860 1195 2893 detur,
1209 2869 1257 2896 pro
1276 2862 1322 2889 τοῦ
1338 2861 1478 2898 νοηθέντος
1493 2863 1630 2897 ἄντικρυς.
