2045 3211
194 153 258 183 1311

757 159 920 188 ΡΠθἘΡᾹῐί.
941 159 1067 190 EVANG.
1089 160 1153 188 LIB.
1175 161 1233 187 XV.

1744 162 1814 190 1542

139 217 142 220 ’
192 212 311 245 σθέντες,
327 215 532 250 μεταΰησόμεθσ
549 217 594 242 καὶ
605 217 651 242 ἐπὶ
659 217 707 252 τὴν
719 217 772 243 τῶν
788 218 915 244 Στωϊκῶν
938 218 980 244 αῖ-

1035 223 1088 246 tum
1105 219 1147 246 vel
1162 219 1278 246 dicendo
1295 220 1336 246 vel
1354 219 1500 254 cogitando
1515 227 1592 247 mens
1614 220 1732 247 humana
1748 228 1815 248 con-

192 268 276 294 ρεσιν.
296 260 455 296 Σωκράτους
472 262 559 288 τοίνυν
575 262 709 297 ἀκουστὴς
726 263 834 297 ἐγένετο
845 263 978 290 Ἀντισθέ-

191 313 248 339 νης,
267 305 482 340 Ἡρακλεωτικός
495 316 536 339 τις
553 308 621 344 ἀνὴρ
634 308 663 334 τὸ
676 308 812 344 φρόνημα,
826 309 855 340 ὃς
867 309 917 344 ἔφη
930 309 976 335 τοῦ

190 350 300 384 ἣδεσθαι
313 351 344 377 τὸ
357 352 496 386 μαίνεσθαι
511 355 633 389 κρεῖττον
649 351 729 381 εἶναι.
744 355 789 380 Διὸ
802 355 849 381 καὶ
862 354 978 390 παρῄνει

190 399 245 428 τοῖς
270 400 418 434 γνωρίμοις
450 401 583 436 μηδέποτε
618 403 697 437 χάριν
724 403 820 438 ἡδονῆς
848 403 978 430 δάκτυλον

190 444 330 471 ἐκτείνειν.
361 446 461 473 Τούτου
489 447 517 473 δὲ
548 448 682 484 ἀκουστὴς
706 449 801 483 γέγονε
822 449 949 483 Διογένης
964 451 979 476 ὀ

190 489 281 521 Κύων,
304 491 343 522 ὃς,
376 492 422 518 καὶ
452 492 532 524 αὐτὸς
547 493 748 529 θηριωδέστατα
765 496 872 529 φρονεῖν
889 494 977 527 δόξας,

191 534 304 566 πολλοὺς
319 536 483 571 ἐπηγάγετο.
501 538 600 564 Τοῦτον
616 539 728 574 Κράτης
747 539 891 572 διεδέξατο*
907 539 980 574 Κρά-

189 587 269 613 τητος
284 580 311 606 δὲ
332 581 438 614 ἐγένετο
456 583 547 617 Ζήνων
562 583 575 608 ὁ
591 584 726 615 Κιττιεὺς,
747 585 761 610 ὁ
788 584 837 618 τῆς
853 585 979 611 Στωϊκῶν

190 625 340 658 φιλοσόφων
351 626 482 661 αἱρέσεως
506 629 642 660 καταστὰς
657 629 787 664 ἀρχηγός.
814 629 925 665 Ζήνωνα
950 629 979 657 δὲ

190 671 329 707 Κλεάνθης
340 673 484 705 διεδέξατο,
499 674 639 709 Κλεάνθην
656 675 683 701 δὲ
698 675 869 711 Χρύσιππος·
885 675 979 703 τοῦτον

189 718 217 744 δὲ
235 719 325 754 Ζήνων
341 719 443 755 ἕτερος,
461 721 507 747 καὶ
519 722 542 747 οἱ
570 721 698 756 καθεξῆς.
717 721 849 756 Λέγονται
869 722 891 747 δ’
905 717 982 748 οὗτοι

191 765 289 796 πάντες
302 765 483 801 διαφερόντως
501 768 548 793 καὶ
566 767 623 802 βίου
643 767 758 804 στεῤῥοῦ
784 768 831 794 καὶ
847 767 980 794 διαλεκτι-

189 811 240 844 κῆς
254 811 463 846 ἐπιμεληθῆναι.
479 812 520 839 Τά
536 813 568 846 γέ
581 822 622 839 τοι
637 814 688 848 τῆς
714 815 773 840 κατ’
793 813 891 846 αὐτοὺς
905 814 980 849 φιλο-

190 857 284 891 σοφίας
301 857 421 892 δόγματα
433 855 483 884 ὧδέ
495 867 552 890 πως
568 859 632 894 ἔχει.

1031 265 1119 299 sequi,
1136 272 1168 292 ac
1191 265 1296 292 ewteris
1318 265 1364 300 qui
1387 265 1421 292 ad
1441 273 1501 292 eam
1516 270 1610 300 postea
1631 267 1813 302 cognitionem

1031 310 1177 345 aspiraturi
1207 315 1320 342 essent,
1354 316 1570 339 commonstrare
1592 313 1664 339 viam
1690 316 1814 346 poterat,

1031 357 1153 391 ipsarum
1171 357 1198 384 in
1212 357 1402 384 tractationem
1418 357 1590 390 incumbens,
1609 364 1635 385 et
1649 363 1760 386 cunctas
1782 366 1815 386 eo

1031 411 1163 431 revocans
1185 404 1363 438 philosophiae
1378 411 1434 430 sua:
1453 403 1582 435 rationes,
1602 404 1629 430 in
1652 403 1685 430 iis
1707 405 1814 431 demum

1031 457 1181 484 earumque
1197 449 1292 476 notitia
1312 449 1473 483 sapientiam
1497 456 1529 476 ac
1548 448 1690 476 scientiam
1715 449 1816 484 positas

1031 503 1091 523 esse
1105 495 1243 528 defendit;
1260 503 1321 530 quae
1333 502 1385 522 nos
1411 494 1439 521 in
1461 494 1574 522 humani
1598 494 1660 522 ﬁnis
1682 500 1708 523 et
1733 495 1816 522 beatae

1031 541 1094 568 vita:
1113 542 1312 576 possessionem
1330 540 1485 567 immittant.
1505 550 1514 566 ι
1538 539 1676 568 Hactenus
1699 540 1815 568 Atticus.

1031 587 1093 620 Quo
1118 588 1228 623 quidem
1250 587 1323 615 illius
1347 596 1380 615 ex
1403 595 1503 623 opere,
1530 587 1609 622 plura
1630 586 1816 622 superioribus

1032 633 1132 660 addere
1146 638 1322 668 poteramus:
1338 641 1412 661 nunc
1432 638 1520 661 tamen
1533 641 1564 660 ea
1586 632 1733 667 protulisse
1751 640 1818 660 eon-

1033 678 1111 710 tenti,
1124 677 1277 705 Stoicorum
1290 677 1418 713 deinceps
1431 678 1464 705 ad
1478 683 1578 705 sectam
1591 677 1818 712 disciplinamque

1033 727 1214 750 transeamus.
1228 722 1354 750 Socrates
1367 723 1450 758 igitur
1460 723 1648 750 Antisthenem
1661 722 1816 757 quemdam,

1032 769 1122 796 virum
1135 777 1218 796 sensu
1234 769 1389 803 animisque
1405 773 1484 795 tenus
1496 767 1723 800 Heracleoticum,
1739 766 1816 793 audi~

1033 818 1119 842 torem
1132 814 1236 848 habuit,
1251 815 1372 850 quicum
1386 814 1487 841 laetitiae
1499 813 1619 841 furorem
1632 817 1816 847 anteponeret,

1035 864 1093 888 tum
1104 859 1246 896 discipulis
1262 868 1373 896 quoque
1399 861 1457 889 suis
1475 865 1570 888 auctor
1583 864 1653 893 erat,
1678 859 1717 885 uti
1741 858 1818 885 vulu-

192 904 274 937 plalis
297 912 379 932 causa
419 913 452 933 ne
474 905 588 941 digitum
614 906 722 941 quidem
757 906 893 934 tollerent.
928 906 996 934 Huic
1026 907 1158 942 Diogenes
1178 907 1298 943 Cynicus
1321 915 1431 943 operam
1455 907 1538 939 dedit.
1554 906 1601 941 qui
1622 905 1709 933 ferino
1740 905 1819 939 plane

190 951 240 977 nitu
265 951 448 986 philosophari
476 958 598 982 statuens
621 954 679 989 ipse
703 962 822 988 quoque,
846 955 970 990 adjqnxit
998 955 1049 982 sibi
1078 955 1306 990 quamplurimos.
1332 956 1471 983 Successit
1498 956 1524 982 ei
1541 954 1646 986 Crates,
1668 953 1715 988 qui
1730 952 1817 980 disci-

191 998 283 1033 pulum
305 998 399 1026 habuit
424 998 559 1027 Zenonem
590 999 718 1032 Cittium,
753 999 850 1027 Stoica!
887 1001 1066 1036 philosophia:
1101 1001 1262 1036 principem.
1291 1000 1378 1036 llujus
1415 1008 1559 1028 successor
1583 999 1636 1027 fuit
1661 998 1817 1031 Cleanthes,

190 1043 330 1071 Cleanthis
345 1044 524 1080 Chrysippus,
537 1044 682 1080 Chrysippi
706 1044 773 1072 alter
788 1045 872 1078 Zeno,
889 1046 1034 1081 caaterique
1055 1046 1192 1083 deinceps.
1230 1047 1282 1080 Qui
1316 1047 1425 1081 quidem
1455 1053 1551 1073 omnes
1566 1050 1592 1073 et
1612 1045 1674 1072 vitae
1689 1049 1818 1072 constan-

191 1089 267 1121 tiam,
284 1094 309 1117 et
325 1090 475 1118 disserendi
495 1095 581 1118 artem
599 1091 730 1126 singulari
755 1092 846 1120 studio
879 1093 999 1121 coluisse
1019 1094 1158 1123 dicuntur.
1187 1094 1290 1122 Horum
1307 1101 1373 1129 ergo
1389 1093 1498 1121 decreta
1518 1092 1707 1128 philosophica
1724 1100 1756 1119 ex
1777 1099 1819 1119 se-

191 1135 337 1169 quentihus
355 1134 410 1162 fere
420 1135 564 1171 intelliges.

454 1182 652 1210 ΚΕΦΑΛΑΙΟΝ
666 1183 715 1209 1Δ¹.

1320 1180 1435 1209 CAPUT
1451 1180 1521 1207 XIV.

192 1235 327 1275 Περίτιῆς
352 1236 411 1275 ¹ιςῶν
436 1236 573 1275 Σζωζκῶζ
597 1239 787 1275 φιᾷοσοςρίαςο
815 1239 890 1273 ὅπως
913 1249 944 1267 τε
960 1241 976 1267 ὀ

1035 1241 1068 1269 De
1091 1240 1244 1269 Stoicorum
1260 1239 1427 1275 philosophia
1443 1246 1451 1265 :
1466 1243 1490 1265 et
1514 1235 1819 1275 quentgdntcdumuleno

226 1271 395 1312 Ζιῇιωτμζὸν
409 1271 475 1312 περὶ
485 1270 604 1312 ’ἀρχῶνῖ
618 1270 773 1312 ᾀπεᾷίδοᾱ
783 1270 888 1312 xtl-(for:
906 1275 977 1302 Ἀπὸ

1063 1277 1094 1303 de
1108 1270 1297 1312 principiorum
1312 1270 1414 1312 ratione
1429 1270 1562 1301 statuerit.
1576 1273 1617 1299 Ea:
1629 1272 1768 1300 Artstoclis
1785 1270 1820 1297 De

226 1307 278 1333 τοῦ
289 1307 414 1342 ἑϐδόμου
429 1308 496 1342 Περὶ
506 1307 664 1343 φιλοσοφίας
682 1307 920 1343 Ἀριστοκλέους.

231 1373 238 1388 ι
259 1363 391 1398 Στοιχεῖον
419 1360 488 1390 εἷναί
506 1372 571 1397 φασι
593 1364 648 1390 τῶν
663 1365 747 1392 ὄντων
760 1365 791 1392 τὸ
811 1366 876 1402 πῦρ,
893 1367 977 1394 καϐά-

195 1418 244 1445 ιτερ
261 1409 445 1446 Ἠράκλειτον
458 1409 552 1437 τούτου
566 1411 588 1437 δ’
603 1412 690 1447 ἀρχὰς
709 1412 774 1446 ὓλην
789 1413 836 1439 καὶ
851 1413 926 1442 Θεὸν.
940 1414 978 1446 ὡς

193 1455 312 1481 Πλάτων.
333 1455 402 1481 Ἀλλ’
419 1451 491 1482 οὗτοι
503 1456 586 1491 ἄμφω
603 1456 717 1492 σώματά
732 1466 813 1491 φασιν
828 1456 907 1490 εῖναι,
932 1460 979 1486 καὶ

191 1501 221 1526 τὸ
233 1500 336 1533 ποιοῦν,
348 1502 395 1528 καὶ
412 1501 441 1527 τὺ
455 1502 567 1536 πάσχον,
586 1502 688 1530 ἐκείνου
703 1503 811 1538 πρῶτον
827 1505 920 1532 ποιοῦν
936 1507 980 1533 αἴ-

197 1555 248 1573 τιον
266 1545 410 1581 ἀσώματον
426 1546 495 1574 εἶναι
519 1548 655 1583 λέγοντες·
677 1549 772 1576 ἔπειτα
796 1551 824 1578 δὲ
842 1552 888 1579 καὶ
910 1552 980 1579 κατά

197 1600 268 1623 τινας
283 1592 465 1628 εἱμαρμένους
481 1593 527 1619 καὶ
541 1594 710 1630 ὡρισμένους
720 1597 833 1630 χρόνους
847 1596 981 1632 ἐκπυροῦ-

195 1638 255 1664 σθαι
280 1638 325 1665 τὸν
350 1638 495 1674 σύμπαντα
521 1640 633 1676 κόσμον,
656 1639 704 1667 εἴτ’
719 1640 796 1674 αὖθις
826 1643 905 1669 ⁵πάλιν
925 1643 982 1669 δια-

196 1685 363 1720 ιοσμεῖσθαι·
381 1685 411 1712 τὸ
428 1685 517 1721 μέντοι
536 1686 644 1722 πρῶτον
674 1687 730 1724 πῦρ
745 1687 813 1715 εἶναι
832 1688 982 1724 καθαπερεί

196 1738 220 1755 τι
236 1729 355 1765 σπέρμα,
371 1729 425 1756 τῶν
440 1731 566 1757 ἁπάντων
590 1731 650 1766 ἔχον
667 1732 731 1764 τοὺς
751 1733 856 1767 λόγους,
875 1735 922 1760 καὶ
934 1734 983 1765 τὰς

197 1776 284 1807 ,ιίτίας
298 1776 353 1803 τῶν
370 1776 529 1810 γεγονότων,
546 1777 592 1804 xal.
613 1777 667 1804 τὼν
681 1787 841 1814 γινομενων,
857 1780 903 1806 καὶ
929 1780 983 1805 τῶν

196 1822 343 1849 ἐσομένων·
360 1823 409 1858 τὴν
425 1823 454 1849 δὲ
478 1823 579 1849 τούτων
590 1824 739 1859 ἐπιπλοκὴν
751 1825 798 1851 καὶ
812 1825 982 1857 ἀκολουθίαν,

1063 1311 1236 1347 philosophia
1256 1310 1377 1345 septimo.

1067 1378 1076 1394 ‹
1104 1366 1349 1404 Βετυιηπὶηιιυὶι,
1377 1365 1552 1393 elementum.
1580 1363 1619 1392 uti
1644 1362 1818 1392 Hcraciitus.

1030 1415 1120 1450 ignem
1135 1420 1197 1442 esse
1211 1413 1306 1441 volunt
1319 1421 1326 1446 ;
1340 1411 1400 1447 ejus
1422 1419 1486 1438 vero
1501 1410 1644 1445 principia,
1676 1409 1818 1436 materiam

1031 1464 1113 1494 atque
1124 1458 1220 1491 Deum,
1236 1463 1264 1485 ut
1278 1457 1366 1484 Plato.
1384 1456 1483 1484 Verum
1499 1456 1552 1482 hoc
1566 1453 1736 1486 discrimine,
1748 1453 1821 1487 quod

1033 1505 1118 1533 Stoici
1135 1506 1216 1533 ambo
1233 1504 1289 1537 illa,
1305 1508 1360 1531 tam
1377 1502 1495 1530 efﬁciens
1515 1508 1597 1536 quam
1621 1500 1737 1535 patiens,
1761 1506 1822 1525 cor—

1033 1559 1101 1586 pora
1122 1558 1184 1578 esse
1205 1549 1316 1583 dicant;
1332 1548 1408 1575 Plato
1426 1551 1519 1575 contra
1533 1546 1649 1582 primum
1663 1545 1739 1572 illum
1755 1543 1822 1571 εσυ-

1034 1602 1150 1629 ctorem,
1169 1597 1360 1630 incorporeum
1374 1599 1512 1622 auctorem
1523 1601 1584 1621 esse
1595 1597 1704 1620 statuat.
1723 1591 1822 1618 Deinde

1033 1643 1116 1671 certis
1144 1642 1307 1678 quibusdam
1330 1641 1441 1675 fatoque
1465 1639 1619 1667 constitutis
1643 1637 1820 1672 temporibus,

1033 1690 1115 1726 817
1130 1689 1261 1716 mundum
1271 1688 1428 1715 universum
1445 1686 1611 1721 conﬂagrare
1624 1685 1732 1717 docent,
1748 1684 1823 1710 inde-

1035 1742 1088 1770 que
1103 1742 1181 1762 suam
1198 1733 1287 1760 denuo
1303 1732 1420 1767 speciem
1437 1736 1618 1765 ornatumque
1639 1729 1768 1763 recipere.
1784 1727 1823 1755 Ac

1035 1780 1155 1816 primum
1172 1779 1281 1814 quidem
1298 1778 1374 1805 illum
1389 1777 1490 1812 ignem,
1507 1776 1586 1810 quasi
1608 1781 1698 1802 semen
1714 1774 1822 1808 aliquod

1036 1834 1106 1858 esse,
1121 1825 1194 1860 quod
1220 1832 1311 1851 rerum
1332 1823 1454 1850 omnium
1480 1822 1611 1854 rationes,
1626 1829 1658 1848 ac
1674 1821 1823 1856 pra‘terito-

196 1876 243 1894 και
259 1867 438 1904 εἱμαρμένην,
455 1869 502 1895 καὶ
519 1870 683 1904 ἐπιστήμην,
699 1870 746 1897 καὶ
770 1870 909 1906 ἀλήθειαν,
938 1871 983 1897 καὶ

1037 1879 1097 1899 rum
1112 1871 1205 1903 simul,
1223 1869 1408 1905 praesentium,
1422 1868 1632 1901 futurorumque
1647 1875 1744 1894 causas
1759 1875 1824 1893 con-

199 1914 278 1948 νόμον
296 1912 364 1940 εἶναι
378 1913 433 1941 τῶν
447 1914 530 1941 ὄντων
539 1915 780 1950 ἀδιάδραστόντινα
792 1916 840 1942 καὶ
854 1916 983 1950 ἄφυκτον.

202 1959 291 1996 Ταύτῃ
307 1960 335 1986 δὲ
362 1960 469 1991 πάντως
485 1960 642 1986 διοικεῖσθαι
674 1960 708 1986 τὰ
723 1960 793 1988 κατὰ
812 1961 857 1988 τὸν
885 1962 985 1996 κόσμον

198 2005 316 2041 ὑπέρευ,
348 2006 472 2041 καθάπερ
500 2006 528 2032 ὲν
559 2007 591 2041 τῇ
622 2006 798 2042 εὐνομωτάτῃ
830 2007 883 2034 τινὶ
910 2007 985 2034 πολι-

203 2051 269 2077 rcta.

459 2182 654 2210 ΚΕΦΔΛΑΙΟΝ
678 2184 729 2210 lE'.

207 2241 328 2267 Ὀποίαν
341 2240 434 2273 δόξαν
447 2240 607 2276 ἐπάγονται
622 2243 647 2267 οἱ
664 2240 785 2267 Στωϊκοὶ
810 2240 878 2274 περὶ
899 2240 991 2276 νΘεοῇγ

238 2276 286 2302 καὶ
310 2276 375 2310 περὶ
402 2274 579 2308 συστάσεως
607 2276 660 2302 τοῦ
683 2276 805 2309 παντός.
836 2275 907 2302 Ἀπὸ
934 2274 990 2310 τῆς

246 2311 394 2346 Ἐπιτομῆς
413 2311 526 2344 Ἀρείου
543 2310 669 2345 Διδύμου
689 2311 754 2347 (53).

243 2377 252 2392 ι
270 2366 349 2393 Ὅλον
374 2366 402 2392 δὲ
426 2366 472 2393 τὸν
490 2367 591 2401 κόσμον
620 2367 668 2393 σὺν
692 2368 748 2398 τοῖς
774 2366 870 2393 ἑαυτοῦ
896 2366 991 2402 μέρεσι

205 2411 436 2448 προσαγορεύουσι
463 2412 537 2438 Θεόν.
565 2412 663 2438 Τοῦτον
697 2412 725 2438 δὲ
753 2413 801 2439 ἕνα
827 2412 905 2447 μόνον
922 2410 991 2439 εἶναι

205 2467 271 2494 φασι
289 2459 335 2485 καὶ
350 2458 565 2493 πεπερασμένον,
595 2458 642 2484 καὶ
661 2457 739 2491 ζῶον,
770 2459 817 2484 καὶ
833 2458 926 2489 ἀίδιον,
945 2458 991 2484 καὶ

205 2504 282 2531 Θεὸν.
298 2504 341 2530 Ἐν
353 2503 407 2539 γὰρ
421 2503 506 2538 τούτῳ
519 2504 606 2530 πάντα
625 2503 798 2538 περιέχεσθαι
814 2503 849 2530 τὰ
867 2503 990 2538 σώματα,

207 2549 284 2576 κενὸν
298 2549 325 2576 δὲ
340 2549 421 2584 μηδὲν
434 2548 566 2583 ὑπάρχειν
580 2549 608 2574 ὲν
624 2548 708 2583 αὐτῷ.
733 2548 769 2574 Τὸ
784 2548 837 2583 γὰρ
857 2549 888 2574 ἐκ
903 2548 992 2582 πάσης

206 2595 256 2629 τῆς
269 2594 359 2625 οὐσίας
376 2593 451 2619 ποιὸν
465 2592 713 2628 προσαγορεύεσθαι
735 2592 764 2618 τὸ
789 2592 860 2618 κατὰ,
872 2591 920 2627 τὴν
937 2591 993 2617 δια-

209 2640 343 2676 κόσμησιν
357 2639 406 2675 τὴν
425 2639 553 2673 τοιαύτην
571 2638 618 2665 καὶ
631 2638 750 2671 διάταξιν
766 2637 836 2673 ἔχον.
857 2637 901 2664 Διὸ
923 2637 993 2664 κατὰ

247 2751 302 2787 (55)
319 2751 432 2787 Ἀρείου
448 2749 592 2787 Διδύμουί
603 2748 698 2787 Plures
708 2749 836 2787 Didymos
847 2749 972 2776 novimus
985 2758 991 2775 :

212 2785 259 2823 qui
283 2787 364 2814 Arius
378 2786 522 2817 diceretur,
546 2785 612 2823 mihi
635 2785 743 2823 quidem
761 2785 871 2823 ignolus
889 2787 931 2811 est
943 2789 993 2823 :_et

213 2818 303 2850 tamen
317 2825 473 2848 constanter
495 2820 566 2855 apud
583 2818 729 2847 Eusebium
746 2818 785 2846 sic
800 2823 913 2855 voratur
945 2818 992 2845 Su-

214 2859 305 2894 spicor
319 2865 372 2884 non
390 2855 504 2891 Ἀρείου,
514 2853 567 2884 sed
587 2855 703 2890 Ἀτηῖου,
719 2855 761 2882 vel
784 2853 886 2880 ’Δττίου
902 2854 992 2889 legen-

1038 1917 1133 1944 tineat.
1144 1915 1265 1948 Quarum
1277 1914 1429 1949 complexio
1443 1912 1566 1948 quaedam
1581 1918 1608 1939 et
1620 1912 1822 1947 consequentia.

1036 1970 1131 1990 eorum
1147 1969 1208 1996 quae
1221 1966 1284 1988 sunt
1308 1960 1427 1988 omnium
1448 1959 1545 1991 fatum,
1569 1959 1693 1990 scientia,
1713 1959 1823 1989 veritas,

1036 2013 1064 2035 et
1080 2008 1121 2034 lex
1137 2007 1271 2043 ejusmodi
1287 2007 1333 2039 sit,
1348 2014 1409 2040 qua!
1425 2005 1501 2032 nullo
1519 2009 1597 2039 pacto
1614 2003 1693 2039 effugi
1709 2007 1756 2030 aut
1775 2003 1823 2030 de-

1038 2053 1135 2081 clinari
1154 2057 1247 2088 queat.
1272 2051 1317 2079 Sic
1338 2059 1420 2087 porro
1436 2058 1498 2085 qua:
1512 2051 1537 2077 in
1562 2050 1661 2077 mundo
1685 2053 1749 2077 sunt
1764 2050 1825 2076 uni-

1038 2107 1127 2130 versa,
1144 2107 1226 2134 quam
1244 2098 1345 2133 optime
1368 2097 1525 2133 gubernari,
1543 2101 1672 2131 tanquam
1695 2096 1722 2123 in
1744 2103 1824 2130 repu-

1039 2145 1109 2173 blica
1122 2144 1288 2180 aequissimis
1300 2144 1405 2179 legibus
1417 2143 1575 2171 constituta.

1341 2188 1454 2215 CAPUT
1470 2187 1528 2214 XV.

1042 2247 1130 2280 Quam
1142 2246 1174 2273 de
1187 2245 1240 2273 Deo
1253 2244 1353 2275 Stoici,
1367 2245 1448 2280 deque
1468 2244 1542 2276 hujus
1561 2241 1825 2280 univcrsinm‘olilione

1060 2276 1216 2310 sententiam
1229 2276 1410 2308 introducunt:
1424 2282 1466 2306 Ex
1482 2279 1539 2306 Arii
1554 2278 1661 2313 Didymi
1673 2276 1807 2313 Epitoma.

1079 2378 1089 2394 ι
1115 2368 1256 2399 Mundam,
1281 2367 1389 2402 inquit,
1415 2366 1593 2398 universum,
1621 2373 1681 2393 cum
1704 2364 1826 2400 partibus

1042 2414 1102 2449 ejus
1115 2414 1240 2447 singulis,
1256 2412 1340 2439 Deum
1363 2413 1506 2447 appellant.
1536 2411 1613 2439 llunc
1627 2410 1725 2445 quippe
1742 2417 1825 2436 unum

1043 2459 1176 2487 duntaxat
1189 2466 1249 2486 esse
1274 2458 1367 2491 aiunt,
1384 2457 1550 2490 absolutam,
1567 2457 1741 2487 animantem,
1756 2464 1828 2483 sein-

1044 2505 1191 2540 pilernum,
1208 2512 1239 2531 ac
1257 2503 1341 2530 Deum
1354 2513 1361 2531 :
1374 2503 1420 2530 illo
1433 2503 1504 2530 enim
1519 2510 1631 2538 corpora
1656 2502 1747 2528 omnia
1763 2510 1827 2528 eon-

1044 2550 1133 2582 tineri,
1149 2554 1176 2576 ct
1193 2557 1307 2576 vacuum
1325 2548 1352 2575 in
1374 2556 1406 2575 eo
1422 2555 1562 2583 superesse
1585 2547 1663 2574 nihil.
1684 2546 1827 2572 Enimvero

1043 2596 1116 2630 quod
1132 2603 1164 2622 ex
1180 2595 1254 2622 omni
1277 2594 1431 2621 substantia
1455 2593 1599 2620 conﬂatum
1624 2593 1669 2625 sit,
1690 2592 1716 2618 id
1738 2592 1827 2626 ipsum

1044 2642 1098 2670 tale
1123 2642 1187 2676 quid
1213 2641 1367 2672 nominari,
1388 2643 1521 2676 quatenus
1544 2643 1669 2666 ornatum
1693 2637 1827 2673 ejusmodi

1046 2752 1111 2780 dum
1122 2750 1309 2781 esse.Suidas,
1324 2750 1446 2786 Δίδυμος,
1456 2750 1553 2786 inquit.
1569 2749 1687 2786 ’ᾼτήῖοςἱ
1696 2748 1827 2786 ἣᾏττιος

1045 2786 1217 2822 χρηματίσας
1227 2806 1237 2822 ,7
1251 2782 1394 2822 φιλόσοφος
1412 2782 1611 2822 ᾋκαδημαῖκδς
1620 2782 1828 2822 έλῇιϐσνῷνικολ

1046 2817 1219 2857 σοςρίσμάτων
1232 2817 1323 2853 λῦσεις
1336 2817 1364 2847 ὲν
1383 2820 1494 2856 βιΰλιοις
1505 2817 1542 2854 β’,
1557 2820 1604 2845 καὶ
1617 2818 1682 2846 ἄλλα
1697 2817 1791 2845 πολλὰ.
