2045 3211
277 160 348 188 1545

596 160 729 189 EUSEBII
744 162 799 189 (ΣᾸΞ
805 162 987 190 SARIENSIS
1007 161 1050 189 ΟΡ

1105 160 1195 188 PARS
1215 160 1246 188 ΙΙ.
1265 175 1299 180 -
1314 159 1563 187 ΔΡΟιυσΕΤΙιῑΔ.

1835 159 1901 186 ιδιι

275 220 394 255 aliquem
431 221 602 256 partiumque
632 222 840 257 dispositionem
865 223 1050 258 complectitur

1100 247 1102 252 ,
1118 222 1166 257 μὲν
1182 222 1232 257 τὴν
1257 221 1392 257 προτέραν
1406 220 1530 246 ἀπόδοσιν
1552 219 1636 246 ἀΐδιον
1651 218 1697 245 τὸν
1711 219 1812 253 κόσμον
1834 217 1901 245 εἷναί

274 265 367 301 Itaque
380 267 402 294 si
418 267 516 301 prioris
531 267 604 295 illius
621 269 691 295 ratio
708 269 848 303 habeatur,
868 271 1062 304 sempiternum

274 312 325 347 ipsi
340 312 469 339 mundum
484 320 545 340 esse
559 313 653 341 aiunt:
668 314 710 341 sin
725 320 837 342 ornatus
852 316 903 342 iste
916 319 1063 350 spectatur,

273 359 405 393 genitum,
418 366 449 385 ac
462 366 512 392 pro
526 359 706 391 inﬂuitamm,
721 368 768 387 seu
783 368 843 395 qua:
854 361 910 395 jam
926 361 1063 396 praterie—

273 405 337 436 rint,
355 413 401 431 seu
415 412 476 439 qua:
490 404 590 433 futurae
613 410 705 441 postea
720 407 785 441 sint,
809 408 982 442 periodorum
998 415 1063 435 con-

271 451 396 478 versione
427 451 596 479 mutabilem.
629 453 718 488 Atque
750 454 807 486 ita,
842 454 913 488 quod
937 462 971 480 ex
988 455 1061 480 omni

271 496 423 523 substantia
442 497 494 524 tale
509 498 573 532 quid
591 498 709 531 exsistit,
735 499 867 526 mundum
882 506 942 526 esse
963 499 1062 533 sempi-

271 546 378 568 ternum
391 550 423 570 ac
436 542 520 570 Deum
537 552 544 575 ;
561 548 588 570 at
602 544 733 571 mundum
753 545 894 580 appellari,
906 545 1060 572 machinam

270 585 341 611 hanc
362 593 377 612 e
391 586 472 618 uelo,
492 594 566 620 aere,
582 593 664 621 terra,
684 589 763 621 mari,
784 597 817 617 ac
835 589 952 624 propriis
969 589 1061 624 singu-

270 630 358 657 lorum
371 631 477 659 naturis
492 633 681 661 constitutam.
696 633 826 661 Mundum
842 640 980 670 praeterea,
996 635 1061 662 deo-

268 683 331 703 rum
346 677 428 704 simul
444 682 471 705 et
490 678 644 711 hominum,
668 679 724 707 imo
740 684 768 706 et
791 680 913 707 omnium
937 681 1058 714 omnino,

268 730 329 754 qua:
343 722 466 756 ipsorum
484 731 567 752 causa
587 724 657 752 facta
675 725 741 757 sint,
765 725 932 753 domicilium
956 727 1057 753 vocari.

267 767 504 800 Quemadmodum
525 770 596 797 enim
615 771 734 798 civitatis
750 771 825 798 notio
838 771 960 806 quazdam
975 776 1001 798 et
1015 780 1058 798 ra-

268 814 306 841 tio
320 814 418 848 duplex
433 819 485 847 est,
503 816 586 843 altera
602 822 737 851 quatenus
753 818 920 845 domicilium
943 818 1056 852 aliquid,

267 860 350 887 altera
375 867 511 895 quatenus
535 863 735 891 multitudinem
749 872 781 892 ex
803 864 952 891 incolarum
977 868 1004 891 et
1018 864 1056 891 ci-

265 906 340 933 vium
368 908 497 935 societate
519 908 663 936 conilatam
690 910 846 944 signiﬁcat:
870 909 907 936 ita
937 909 1054 936 mundus
1071 896 1092 923 Β

266 953 390 986 quaedam
410 955 488 988 quasi
514 955 611 982 civitas
636 960 687 988 est,
712 963 744 982 ex
766 956 817 984 diis
845 955 1054 989 hominibusque

264 1002 406 1031 constans,
424 1000 464 1027 sic
486 1001 595 1035 quidem
611 1005 640 1028 ut
665 1002 845 1036 principatum
869 1001 905 1028 dii
934 1006 1052 1033 teneant,

266 1044 392 1072 homines
407 1053 502 1072 eorum
514 1047 628 1081 imperio
641 1047 740 1074 subditi
754 1052 906 1074 teneantur.
919 1047 1052 1074 Caeterum

263 1095 388 1117 mutuam
403 1099 499 1118 eorum
518 1092 588 1120 inter
602 1101 632 1120 se
650 1094 869 1128 conjiinctioneiii
886 1102 957 1126 esse,
969 1102 1052 1129 quain

264 1135 320 1168 illa,
335 1143 395 1170 quae
409 1141 513 1164 natura:
526 1137 567 1164 lex
585 1138 708 1172 quiedam
723 1143 774 1172 est,
799 1139 957 1167 communio
971 1139 1052 1166 ratio-

262 1182 306 1209 nis
329 1182 437 1210 eiliciat.
467 1183 522 1210 Alia
549 1192 662 1219 prorsus
684 1185 776 1212 omnia
807 1190 917 1220 propter
941 1186 1050 1213 eosdem

262 1224 333 1252 facta
346 1233 418 1253 esse.
435 1225 540 1259 Quibus
551 1233 733 1256 consentanee
749 1229 902 1263 ponendum
919 1229 984 1257 illud
999 1235 1051 1263 est,

261 1271 404 1298 hominum
435 1280 529 1300 curam
561 1282 656 1309 gerere
698 1275 819 1302 universi
852 1276 1050 1303 moderatorem

263 1317 360 1350 Deum,
391 1320 491 1354 quippe
506 1321 552 1355 qui
579 1321 682 1356 prolixa
711 1321 876 1356 benignitate
903 1323 1049 1356 praeditus,

261 1364 403 1391 hominum
419 1373 524 1398 amans,
538 1366 623 1402 818
640 1367 787 1402 justiisque
810 1368 855 1401 sit,
877 1372 904 1395 et
920 1368 1048 1396 virtutum

259 1410 384 1437 omnium
406 1412 594 1446 complexione
613 1412 759 1447 perfectus.
783 1413 916 1447 Quocirca
932 1415 1049 1443 mundus

259 1463 371 1490 quoque
387 1457 465 1489 Ζεύς,
485 1458 538 1485 hoc
553 1464 594 1486 est
607 1458 722 1493 Jupiter,
738 1464 860 1492 vocatur,
883 1461 955 1496 quod
971 1461 1049 1488 nobis

257 1500 306 1527 τοῦ
322 1501 381 1537 ζῇν,
396 1502 447 1529 hoc
460 1508 502 1530 est
515 1504 621 1531 vivendi
637 1505 671 1532 sit
686 1510 791 1533 auctor.
807 1507 949 1540 Eumdem,
967 1512 1049 1543 prout

257 1547 391 1582 εἰρομένῳ
416 1548 498 1583 λόγῳ,
525 1549 551 1576 id
577 1554 619 1577 est
644 1559 767 1578 connexa
792 1552 909 1587 quadam
932 1554 1081 1598 ratione,c

257 1599 341 1626 quam
359 1594 532 1629 praetergredi
545 1603 577 1622 ac
590 1595 692 1624 violare
715 1597 783 1624 nihil
808 1599 905 1633 possit.
921 1607 954 1626 ex
970 1601 1045 1627 omni

258 1638 409 1666 aeternitate
425 1644 521 1667 cuncta
550 1641 719 1674 moderatur,
736 1643 924 1680 Εἱμαρμένην,
942 1645 993 1673 hoc
1005 1651 1047 1674 est

259 1682 366 1716 Fatum,
383 1685 494 1720 insuper
514 1687 642 1721 appellari
658 1697 663 1714 :
689 1689 862 1724 Ἀδράστειαν
877 1698 950 1722 vero,
967 1692 1045 1726 quasi

256 1728 333 1756 dicas
353 1731 406 1757 vim
431 1733 575 1766 quamdam
605 1734 835 1768 indeclinabilem,
859 1736 932 1767 quod
957 1737 1045 1772 ipsum

258 1775 326 1801 nihil
339 1775 449 1811 eﬂ‘ugiat
461 1786 467 1804 ι
484 1777 685 1807 Providentiam
698 1781 826 1815 denique,
841 1783 912 1817 quod
926 1783 1042 1817 singula,

257 1826 338 1855 prout
360 1823 493 1858 cujusque
516 1833 582 1852 usus
604 1826 697 1860 exigit.
724 1828 837 1862 proinde
861 1828 1041 1857 administret.

258 1867 358 1895 Ducem
371 1877 453 1903 porro
464 1871 667 1907 principemque
679 1873 782 1906 mundi,
798 1874 883 1901 solem
899 1874 1042 1904 Cleanthes

255 1922 316 1942 esse
331 1915 426 1949 voluit,
440 1918 512 1951 quod
528 1921 554 1944 et
570 1919 689 1946 siderum
713 1925 785 1947 esset
812 1921 935 1947 omnium
957 1922 1044 1948 niaxi-

1116 276 1192 302 φασι,
1205 267 1277 294 κατὰ
1291 267 1319 293 δὲ
1336 266 1386 302 τὴν
1400 266 1579 301 διακόσμησιν
1600 265 1727 300 γεννητὸν
1754 266 1801 291 καὶ
1820 274 1901 300 μετα-

1113 315 1220 350 6λητὸν,
1233 314 1302 340 κατὰ
1331 313 1472 348 περιόδους
1499 313 1628 347 ἀπείρους
1643 311 1786 345 γεγονυίας
1801 319 1831 337 τε
1856 312 1901 337 καὶ

1111 361 1252 396 ἐσομένας.
1270 360 1325 386 Καὶ
1351 360 1382 386 τὸ
1397 359 1445 394 μὲν
1464 360 1496 385 ὲκ
1524 359 1573 393 τῆς
1599 359 1689 393 πάσης
1717 357 1810 389 οὐσίας
1827 358 1901 383 ποιὸν

1112 407 1213 442 κόσμον
1231 407 1316 433 ἀΐδιον
1332 404 1399 432 εἶναι
1425 405 1472 431 καὶ
1497 405 1574 431 Θεόν·
1599 404 1726 438 λέγεσθαι
1754 403 1782 430 δὲ
1798 403 1900 438 κόσμον

1112 453 1238 487 σύστημα
1252 452 1282 484 ἐξ
1300 451 1427 486 ούρανοῦ,
1456 451 1503 477 καὶ
1531 450 1621 485 ἀέρος,
1639 450 1686 476 καὶ
1702 450 1765 484 γῆς,
1790 449 1837 475 καὶ
1853 450 1900 475 θα-

1110 499 1221 534 λάττης,
1251 498 1297 524 καὶ
1326 497 1380 524 τῶν
1410 498 1438 523 ἐν
1469 497 1560 528 αὐτοῖς
1571 495 1688 530 φύσεων·
1721 495 1850 529 λέγεσθαι
1871 495 1900 521 δὲ

1111 545 1222 580 κόσμον,
1238 544 1285 570 καὶ
1298 544 1328 570 τὺ
1343 544 1500 578 οἰκητήριον
1517 542 1585 568 θεῶν
1613 542 1659 568 καὶ
1673 541 1834 577 ἀνθρώπων,
1853 541 1899 566 καὶ

1108 591 1163 618 τῶν
1179 591 1260 617 ἕνεκα
1274 590 1378 616 τούτων
1390 589 1552 624 γενομένων.
1573 589 1622 614 "Ov
1636 587 1691 622 γάρ
1705 587 1807 623 τρόπον
1820 586 1898 618 πόλις

1109 637 1217 671 λέγεται
1232 636 1321 671 διχῶς,
1336 635 1366 662 τό
1379 643 1408 661 τε
1422 634 1578 669 οἰκητήριον
1604 633 1651 660 καὶ
1664 633 1695 659 τὸ
1709 633 1741 659 ὲκ
1762 632 1816 658 τῶν
1831 633 1898 658 ενοι-

1108 683 1228 710 κούντων
1258 683 1305 708 σὺν
1333 682 1388 713 τοῖς
1413 680 1534 711 πολίταις
1565 679 1700 714 σύστημα·
1729 678 1801 705 οὕτω
1824 678 1897 705 καὶὸ

1108 729 1209 763 κόσμος
1228 726 1309 754 οἱονεὶ
1327 726 1404 757 πόλις
1434 725 1507 751 ἐστὶν
1533 725 1565 750 ὲκ
1585 723 1653 750 θεῶν
1677 723 1724 749 καὶ
1745 721 1896 757 ἀνθρὼσαιιν

1108 773 1339 803 συνεστῶσα,τῶν
1368 772 1417 807 μὲν
1430 770 1499 797 θεῶν
1528 770 1576 803 τὴν
1603 768 1750 804 ἡγεμονίαν
1769 769 1895 803 ἐχόντων,

1107 819 1160 845 τῶν
1170 819 1198 845 δὲ
1212 817 1362 853 ἀνθρώπων
1375 815 1609 850 ὑποτεταγμένων.
1622 814 1770 841 Κοινωνίαν
1780 814 1802 840 δ’
1811 814 1895 850 ὑπάρ-

1107 874 1166 900 χειν
1188 864 1256 900 πρὸς
1268 864 1406 899 ἀλλήλους,
1424 862 1468 888 διὰ
1480 862 1510 889 τὸ
1523 862 1603 896 λόγου
1633 860 1766 896 μετέχειν,
1795 860 1824 891 ὃς
1837 861 1894 886 ἐστι

1106 911 1185 946 φύσει
1208 911 1298 945 νόμος
1329 909 1363 935 τὰ
1379 909 1401 935 δ’
1422 908 1488 935 ἄλλα
1513 907 1602 934 πάντα
1631 906 1771 941 γεγονέναι
1792 906 1895 932 τούτων

1104 957 1195 984 ἓνεκα.
1212 954 1259 988 Οἷς
1271 955 1424 986 ἀκολούθως
1452 954 1592 989 νομιστέον
1618 954 1740 988 προνοεῖν
1765 952 1818 978 τῶν
1846 952 1892 977 ἀνα

1104 1002 1221 1038 θρώπων
1237 1002 1282 1028 τὸν
1311 1001 1345 1028 τὰ
1368 1001 1416 1028 ὅλα
1443 999 1594 1027 διοικοῦντα
1615 999 1691 1029 Θεδν,
1721 997 1892 1032 εὖεργετικδν

1103 1049 1178 1081 ὄντα,
1193 1048 1239 1075 καὶ
1255 1047 1382 1083 χρηστὸν,
1395 1047 1441 1073 καὶ
1458 1045 1656 1081 φιλάνθρωπον,
1673 1044 1776 1070 δίκαιόν
1787 1052 1827 1072 τε.
1846 1043 1892 1069 καὶ

1104 1095 1191 1125 πάσας
1204 1093 1299 1129 ἔχοντα
1312 1093 1361 1125 τὰς
1376 1092 1485 1128 ἀρετάς.
1501 1092 1547 1118 Διδ
1560 1091 1591 1127 δὴ
1613 1091 1660 1117 καὶ
1676 1090 1743 1122 Ζεὺς
1757 1089 1865 1123 λέγεται
1877 1090 1891 1115 ὁ

1103 1141 1212 1175 κόσμος.
1229 1139 1322 1174 ἐπειδὴ
1338 1138 1384 1165 τοῦ
1400 1139 1448 1173 ζῇν
1463 1137 1550 1169 αἴτιος
1561 1138 1627 1173 ἡμῖν
1645 1137 1711 1163 ἐστι.
1725 1135 1851 1163 Καθόσον
1864 1135 1892 1162 δὲ

1102 1187 1235 1222 εἰρομένῳ
1245 1186 1316 1220 λόγῳ
1330 1185 1418 1212 πάντα
1432 1184 1528 1211 διοικεῖ
1537 1183 1722 1218 ἀπαραὸάτως
1737 1182 1766 1215 ἐξ
1793 1181 1890 1211 ἀϊδίου,

1103 1231 1352 1268 προσονομάζεσθαι
1375 1230 1562 1266 Εἱμαρμένην·
1587 1228 1760 1263 Ἀδράστειαν
1783 1227 1822 1257 δὲ,
1850 1227 1891 1253 ὃτι

1102 1278 1177 1305 οὐδέν
1190 1278 1263 1304 ἐστιν
1291 1276 1372 1303 αὐτὸν
1396 1275 1611 1311 ἀποδιδράσκειν·
1640 1273 1771 1310 Πρόνοιαν
1794 1273 1829 1304 δ’,
1849 1273 1890 1299 ὅτι

1104 1325 1171 1360 πρὸς
1186 1324 1216 1351 τὸ
1225 1324 1358 1360 χρήσιμον
1386 1323 1522 1357 οἰκονομεῖ
1531 1321 1635 1348 ἕκαστα.
1649 1341 1655 1347 .
1665 1319 1844 1355 Ἦγεμονικδν
1862 1319 1890 1345 δὲ

1102 1371 1148 1397 τοῦ
1165 1370 1266 1404 κόσμου
1283 1368 1414 1396 Κλεάνθει
1429 1369 1477 1404 μὲν
1497 1368 1578 1403 ἧρεσε
1593 1367 1638 1394 τὸν
1657 1366 1732 1401 ἣλιον
1749 1363 1829 1397 εἶναι,
1847 1364 1891 1391 διὰ

1101 1416 1131 1443 τὸ
1147 1416 1273 1451 μέγιστον
1283 1415 1337 1442 τῶν
1348 1415 1454 1450 ἄστρων
1470 1414 1612 1450 ὑπάρχειν,
1628 1413 1674 1439 καὶ
1692 1412 1805 1438 πλεῖστα
1821 1420 1890 1446 συμ-

1101 1461 1244 1488 ϐάλλεσθαι
1259 1461 1328 1496 πρὸς
1340 1460 1388 1496 τὴν
1402 1460 1456 1486 τῶν
1484 1460 1551 1486 ὅλων
1565 1458 1706 1494 διοίκησιν.
1718 1457 1827 1492 ἡμέραν
1841 1456 1890 1483 καὶ

1102 1508 1222 1535 ἐνιαυτὸν
1234 1507 1372 1539 ποιοῦντα,
1387 1507 1435 1534 καὶ
1447 1506 1496 1538 τὰς
1519 1506 1600 1538 ἄλλας
1617 1505 1701 1540 ὧρας.
1719 1504 1782 1530 Τισὶ
1794 1504 1823 1530 δὲ
1835 1504 1888 1529 τῶν

1100 1554 1153 1581 ἀπὺ
1164 1554 1213 1589 τῆς
1223 1553 1355 1590 αἱρέσεως
1365 1553 1436 1586 εδοξε
1459 1553 1510 1587 γῆν
1526 1551 1558 1578 τὺ
1573 1550 1734 1586 ἡγεμονικὸν
1747 1547 1817 1576 εἶναι
1840 1549 1887 1575 τοῦ

1097 1601 1210 1636 κόσμου.
1225 1600 1379 1636 Χρυσίππῳ
1395 1599 1424 1626 δὲ
1437 1599 1482 1626 τὸν
1506 1599 1602 1634 αἰθέρα
1614 1598 1660 1624 τὸν
1691 1596 1887 1632 καθαρώτατον

1095 1647 1143 1674 καὶ
1156 1646 1394 1681 εἰλικρινέστατον,
1406 1645 1454 1672 ἆτε
1471 1645 1579 1671 πάντων
1593 1643 1798 1678 εὐκινητότατον
1809 1642 1886 1673 ὅντα,

1096 1693 1142 1719 καὶ
1154 1693 1203 1727 τὴν
1218 1692 1282 1727 ὃλην
1304 1691 1471 1726 περιάγοντα
1483 1689 1530 1716 τοῦ
1548 1690 1650 1724 κόσμου
1663 1688 1776 1723 φοράν.»
1792 1687 1887 1714 Ταῦτα

1098 1739 1146 1774 μὲν
1161 1739 1226 1774 ἡμῖν
1244 1738 1298 1764 ἀπὸ
1318 1737 1368 1772 τῆς
1387 1734 1548 1769 Ἐπιτομῆς
1568 1735 1672 1770 Ἀρείου
1689 1733 1805 1768 Διδύμου
1823 1741 1888 1768 προ-

1096 1784 1205 1811 κείσθω.
1222 1783 1294 1818 Πρὸς
1313 1782 1341 1808 δὲ
1357 1781 1405 1817 τὴν
1422 1781 1487 1816 περὶ
1503 1781 1571 1807 Θεοῦ
1587 1780 1640 1806 τῶν
1667 1779 1794 1805 Στωϊκῶν
1806 1778 1886 1810 δόξαν

1096 1831 1217 1866 ἀπαρκεῖ
1229 1828 1399 1865 παραθέσθαι
1423 1828 1473 1859 τὰς
1499 1827 1652 1864 Πορφυρίου
1672 1825 1759 1857 λέξεις
1776 1826 1804 1851 ὲν
1829 1827 1886 1856 τοῖς

1095 1877 1164 1912 πρὸς
1177 1875 1276 1910 Βόηθον
1290 1874 1494 1910 άντιγραφεῖσιν
1509 1872 1582 1908 αὐτῷ
1605 1872 1675 1906 Περὶ
1687 1869 1802 1905 ψυχῆς,
1827 1879 1885 1897 τοι-

1094 1922 1171 1949 οὖτον
1182 1920 1295 1956 ἐχούσας
1311 1919 1356 1946 τὸν
1370 1920 1460 1955 τρόπο·

255 1966 327 1990 nius,
356 1964 383 1987 et
403 1966 562 1988 cunctarum
592 1963 624 1989 ad
657 1971 747 1990 rerum
776 1963 1040 1993 administrationem
1079 1974 1168 2001 operat
1189 1966 1336 2000 plurimum
1358 1969 1386 1993 et
1407 1964 1738 1998 commoditatisall‘erret,
1761 1966 1824 1993 cum
1857 1966 1884 1992 el

255 2003 326 2032 diem
359 2012 385 2033 et
409 2014 520 2037 annum,
544 2013 709 2042 ceterasque
731 2012 906 2043 tempestates
930 2011 1056 2039 ediceret.
1078 2012 1129 2039 Alii
1143 2011 1264 2046 ejusdem
1279 2015 1359 2038 sectae
1391 2011 1556 2046 philosophi,
1579 2018 1677 2038 terrain
1700 2013 1792 2039 mundi
1808 2013 1883 2047 prin-

254 2052 373 2085 cipatum
397 2052 496 2080 habere
528 2054 692 2081 maluerunt.
706 2055 876 2091 Chrysippus
908 2065 968 2084 eum
992 2059 1139 2093 purissimo
1160 2066 1192 2085 ac
1217 2057 1428 2085 deltecatissiino
1449 2058 1541 2085 aetheri
1580 2058 1682 2087 tribuit.
1714 2059 1814 2092 quippe
1834 2062 1880 2093 qui

254 2103 281 2124 et
301 2098 424 2126 omnium
442 2100 477 2126 sit
502 2100 619 2128 maxime
641 2102 760 2134 mobilis,
785 2108 812 2129 ιιι
835 2109 917 2130 totam
946 2105 1039 2131 niiiiidi
1059 2105 1264 2132 conversionem
1298 2105 1475 2139 circumagat.
1499 2113 1509 2129 ι
1535 2103 1670 2131 Hactenus
1684 2112 1717 2130 ex
1742 2105 1797 2131 Arii
1834 2104 1880 2131 Di-

254 2144 328 2179 dymi
346 2144 479 2179 Epitoma.
494 2145 554 2172 Jain
569 2147 700 2175 adversus
715 2149 874 2176 eurumdem
890 2149 1044 2177 Stoicorum
1073 2150 1106 2177 de
1143 2149 1198 2176 Deo
1225 2150 1387 2177 sententiam
1415 2157 1499 2184 pauca
1527 2149 1584 2176 haic
1605 2148 1701 2176 aﬂ'erre
1726 2149 1793 2176 satis
1807 2150 1879 2182 erit,

254 2197 314 2224 qua:
329 2190 495 2225 Porphyrius
510 2191 536 2218 in
562 2192 606 2222 iis,
620 2201 680 2226 qua:
696 2194 729 2220 ad
751 2193 880 2221 Boethium
899 2195 936 2222 De
952 2197 1040 2223 animo
1061 2197 1215 2231 rescripsit,
1232 2195 1343 2222 totidem
1359 2195 1448 2221 verbis
1460 2195 1596 2228 opposuit.

545 2239 659 2267 CAPUT
676 2240 744 2268 XVI.

1346 2242 1542 2268 ΚΕΦΑΛΔΙΟΝ
1567 2243 1625 2275 ις’.

253 2293 351 2320 Contra
366 2294 515 2334 Stoiro‘ritm
535 2295 566 2334 de
584 2295 637 2322 Deo
654 2298 821 2334 sententiam.
841 2298 882 2325 Ea:
897 2298 1037 2334 Porphyrii

1100 2302 1256 2334 TUng’l‘plOU
1269 2299 1342 2332 πρὸς
1355 2299 1412 2334 τὴν
1422 2298 1481 2325 τῶν
1496 2298 1631 2325 Στωϊκῶν
1656 2299 1721 2334 περὶ
1738 2297 1812 2334 Θεοῦ
1829 2298 1878 2324 δό-

426 2329 460 2355 ad
473 2329 599 2357 Bari/tum
612 2339 687 2366 opere
702 2332 738 2360 De
752 2333 854 2361 animo.

290 2395 298 2410 ι
325 2385 418 2418 Deum,
438 2387 538 2422 inquit,
560 2388 708 2422 spiritalem
724 2390 869 2424 quemdam
895 2392 982 2427 ignem
997 2393 1037 2420 sic

253 2432 401 2466 appellant,
426 2433 493 2460 nihil
517 2439 545 2461 ut
573 2435 697 2462 eiiindciii
725 2437 919 2471 sempiternum
948 2438 1037 2466 facere

251 2483 406 2510 vereantur,
432 2479 487 2506 imo
501 2480 581 2507 etiam
606 2481 756 2515 ejusmodi,
773 2483 818 2517 qui
845 2485 935 2512 omnia
952 2484 1036 2519 depa-

252 2528 344 2550 scatur
360 2529 384 2551 et
401 2525 524 2558 perimat,
542 2527 620 2561 quasi
646 2528 731 2554 nostri
757 2528 837 2562 hujus
861 2537 893 2557 ac
919 2531 1036 2565 vulgaris

252 2567 322 2602 ignis
333 2570 487 2598 simillimus
508 2572 553 2599 sit.
577 2573 705 2608 Adeoque
727 2574 865 2602 Aristoteli
886 2583 1036 2611 repugnare

252 2620 306 2639 non
321 2614 454 2647 dubitant,
469 2617 515 2651 qui
530 2618 582 2645 hoc
596 2619 644 2646 abs
662 2628 722 2647 sese
737 2621 875 2655 impetrari
899 2630 951 2649 non
968 2624 1036 2657 pati-

255 2662 307 2691 tur,
332 2664 360 2686 ut
382 2661 526 2689 :ethercam
543 2665 679 2699 regionem
697 2666 778 2693 simili
801 2675 835 2694 ex‘
860 2667 920 2702 igne
934 2669 1036 2695 consli-

255 2708 322 2730 tuat.
338 2704 378 2732 Ex
395 2707 493 2740 quibus
508 2709 530 2736 si
550 2709 618 2737 forte
629 2712 780 2746 qumsicris,
796 2713 841 2748 qui
858 2714 944 2748 possit
965 2715 1035 2750 ignis

255 2750 385 2783 ejusmodi
410 2754 500 2781 tandiu
513 2763 680 2790 permanere,
690 2759 824 2787 diversum
837 2761 944 2795 quidem
959 2762 1033 2788 illum

255 2803 315 2823 esse
339 2803 446 2830 negant,
463 2800 509 2826 scd
527 2802 605 2829 talrni
630 2804 654 2830 ei
674 2809 796 2832 naturam
820 2806 884 2833 dum
901 2807 1032 2838 tribuunt,

289 2863 343 2897 (34)
365 2863 443 2892 Forte
462 2866 499 2892 δέ.

1157 2333 1223 2367 ξαν.
1244 2335 1315 2361 Ἀπὸ
1331 2333 1390 2360 τῶν
1400 2334 1600 2367 πρὸσΒόηθον
1611 2334 1679 2369 Περὶ
1693 2333 1792 2368 ψυχῆς.

1125 2399 1134 2416 ι
1152 2390 1204 2416 Τδν
1225 2389 1253 2416 δὲ
1268 2389 1334 2416 Θεὸν
1347 2389 1397 2415 οὐκ
1409 2388 1527 2421 ὀκνοῦσι,
1549 2388 1605 2424 πῦρ
1628 2388 1720 2423 νοερὸν
1742 2389 1875 2420 είπόντες,

1087 2435 1171 2462 ἁῖδιον
1182 2435 1350 2466 καταλιπεῖν,
1375 2434 1423 2461 καὶ
1452 2433 1572 2469 φθείρειν
1590 2434 1639 2468 μὲν
1670 2434 1759 2460 πάντα
1788 2434 1876 2467 λέγειν

1087 2481 1133 2508 καὶ
1146 2480 1331 2516 ἐπινέμεσθαι,
1343 2479 1380 2512 ὡς
1393 2480 1512 2507 τοιοῦτον
1527 2479 1557 2506 ὃν
1587 2479 1652 2514 πῦρ,
1673 2477 1730 2505 οἷον
1753 2480 1785 2505 τὸ
1811 2481 1875 2514 ἡμῖν

1087 2526 1315 2562 συνεγνωσμένον·
1328 2526 1476 2559 ἀντιλέγειν
1504 2534 1533 2552 τε
1548 2525 1604 2560 (54)
1626 2525 1665 2560 τῷ
1685 2525 1873 2560 Ἀριστοτέλει,

1085 2572 1296 2608 παραιτουμένῳ
1312 2572 1358 2598 τὸν
1374 2571 1471 2607 αἰθέρα
1486 2573 1518 2598 ὲκ
1545 2572 1628 2606 πυρὸς
1641 2571 1730 2604 λέγειν
1741 2570 1872 2596 τοιούτου.

1091 2616 1297 2652 ’Δπαιτούμενοι
1307 2616 1346 2649 δὲ,
1363 2616 1422 2647 πῶς
1434 2616 1463 2642 τὸ
1478 2616 1595 2642 τοιοῦτον
1613 2615 1783 2649 ὲπιδιαμένει
1807 2614 1871 2650 πῦρ,

1086 2663 1188 2689 ἀλλοῖον
1207 2663 1255 2698 μὲν
1271 2661 1326 2698 πῦρ
1341 2662 1372 2688 οὑ
1389 2661 1512 2696 λέγουσιν
1522 2659 1600 2693 εἶναι,
1616 2660 1737 2687 τοιοῦτον
1753 2660 1775 2687 δ’
1790 2660 1875 2686 εἰπόν-

1085 2717 1139 2740 τες,
1156 2707 1294 2735 πιστεύειν
1305 2708 1396 2739 αὐτοῖς
1413 2707 1577 2741 ἀξιώσαντες
1604 2706 1722 2738 εἰποῦσι,
1737 2708 1769 2741 τῇ
1785 2706 1873 2740 ἀλόγῳ

1085 2755 1175 2781 πίστει
1199 2754 1285 2790 ταύτῃ
1316 2754 1554 2784 ἐπισυνάπτουσιν,
1570 2754 1610 2780 ὅτι
1637 2753 1685 2780 καὶ
1712 2753 1798 2779 άῖδιὸν
1816 2753 1871 2778 ἐστι

1086 2800 1150 2835 πῦρ,
1164 2801 1195 2826 ὲκ
1210 2800 1308 2836 μέρους
1331 2800 1376 2827 καὶ
1392 2800 1422 2827 τὸ
1446 2799 1565 2835 αἰθέριον
1588 2798 1748 2825 σεέννυσθαι
1765 2798 1813 2825 καὶ
1827 2798 1872 2824 ἁν-
