2045 3211
162 194 174 220 Ι
180 193 231 220 545

715 193 874 220 ΡΙῖλΕΡΛΒ.
897 193 1021 220 EVANG.
1044 193 1106 220 LIB.
1130 193 1186 220 XV.

1719 195 1789 222 1546

161 252 294 280 ἅπτεσθαι
308 252 437 283 τιθέντες.
457 252 535 278 Ἀλλά
551 252 599 287 τὴν
607 253 708 279 τούτων
723 253 790 288 πρὸς
806 253 854 287 μὲν
865 251 951 278 ταῦτα

1003 253 1082 279 nuda:
1104 252 1221 278 orationi
1248 252 1326 278 Iidem
1345 251 1439 279 haberi
1455 252 1568 284 volunt;
1586 252 1638 280 nisi
1654 253 1724 288 quod
1747 253 1789 279 iu-

160 297 300 332 ἁϐλεψίαν,
318 298 386 331 πρὸς
403 298 431 324 δὲ
445 298 478 323 τὰ
492 297 546 323 τῶν
570 297 692 323 παλαιῶν
708 297 842 332 ῥᾳθυμίαν
857 305 886 323 τε
902 297 949 323 καὶ

161 343 379 379 καταφρόνησιν,
406 344 432 369 τι
462 343 495 370 ἄν
525 352 566 375 τις
590 343 674 370 ὲπιὼν
706 343 752 369 ἐπὶ
783 343 864 369 πλέον
894 351 948 378 μη-

160 398 229 426 κυνῃ
237 399 244 422 ;

1003 306 1085 332 super
1100 304 1153 325 tam
1168 299 1294 325 absurdae
1309 298 1431 333 opinioni
1446 298 1497 325 hoc
1513 299 1626 330 addunt,
1643 303 1672 325 ut
1687 300 1789 334 sempi-

1003 348 1109 372 ternum
1136 345 1224 380 ignem
1250 345 1324 371 illum
1348 351 1408 371 esse
1430 344 1586 376 defendant,
1611 352 1673 371 cum
1698 349 1787 372 tamen

1001 390 1142 417 wtherium
1158 390 1292 425 exstingui
1314 390 1429 424 partim,
1453 390 1551 423 partim
1570 390 1680 417 accendi
1695 391 1787 420 velint.

162 436 214 463 Sed
227 443 321 463 eorum
351 439 398 462 aut
429 439 580 469 stuporem,
605 439 653 462 aut
678 439 799 462 veterum
823 435 874 462 bac
898 434 925 461 in
958 434 1141 470 disputatione
1165 441 1349 471 contemptum
1385 436 1510 471 pluribus
1532 443 1696 471 exaggerare
1723 436 1787 471 quid

159 481 278 509 attinet?

423 526 619 553 ΚΕΦΑΛΑΙΟΝ
640 526 688 552 ΙΖ’.

160 586 221 613 Ὅτι
236 586 292 612 οὐκ
304 585 341 611 ἂν
353 584 398 617 εἴη
411 584 497 618 σῶμα
513 583 546 610 τὸ
560 583 605 615 ὃν,
622 582 695 609 κατὰ
706 582 776 615 τοὺς
792 581 950 614 Στωϊκούς.

207 621 277 648 Ἀπὸ
297 620 349 646 τοῦ
378 617 494 652 πρώτου
507 619 574 655 Περὶ
588 617 708 652 τάγαθοῦ
720 617 902 652 Νουμηνίου.

198 675 207 692 ι
232 665 311 692 Ἀλλὰ
325 665 351 691 τί
361 664 391 699 δή
411 665 467 690 ἐστι
477 663 507 689 τὸ
517 663 546 689 ὅν
560 671 566 694 ;
581 661 635 698 ἆρα
643 662 721 689 ταυτὶ
737 661 772 688 τὰ
786 663 904 696 στοιχεῖα
917 660 951 687 τὰ

159 713 288 748 τέτταρα,
303 713 320 747 ἡ
341 712 386 746 γῆ,
404 711 450 737 καὶ
467 710 496 736 τὺ
513 709 579 744 πῦρ,
593 709 641 736 καὶ
656 709 683 735 αἱ
697 708 774 735 ἄλλαι
784 708 830 733 δύο
846 705 947 742 μεταξὺ

160 759 255 794 φύσεις
269 767 275 790 ;
289 756 362 793 Ἀρα
376 754 421 783 οὖν
435 756 468 791 δὴ
490 755 523 782 τὰ
536 755 601 782 ὄντα
624 754 709 781 ταῦτά
724 755 796 780 ἐστιν
810 753 869 788 ἦτοι
885 752 948 786 ξυλ-

159 804 270 840 λὴϐδην,
288 804 304 839 ἢ
321 802 381 829 καθ’
395 802 424 829 ἓν
439 802 471 835 γέ
481 810 508 827 τι
522 801 626 833 αὑτῶν;
641 800 696 826 Καὶ
713 799 782 831 πῶς,
799 799 816 826 ἃ
830 799 862 833 γέ
890 800 949 825 ἐστι

160 852 208 878 καὶ
225 849 342 884 γεννητά
358 849 404 875 καὶ
419 847 614 882 παλινάγρετα,
630 847 656 873 εἴ
669 846 701 880 γέ
720 847 793 872 ἐστιν
803 846 869 881 ὀρᾷν
880 845 950 872 αὐτὰ

160 897 190 930 ἐξ
205 895 325 931 ἀλλήλων
341 894 480 930 γινόμενα,
493 893 540 920 καὶ
561 892 799 927 ἀπαλλασσόμενοι,
820 891 867 919 καὶ
881 892 949 927 μήτε

161 943 280 977 στοιχεῖα
292 941 458 976 ὑπάρχοντα,
475 941 542 975 μήτε
555 938 688 970 συλλαϐάς
698 947 705 971 ;
717 938 800 974 Σῶμα
811 938 860 973 μὲν
871 937 950 964 ταυτὶ

159 987 246 1019 οὕτως
260 987 310 1013 οὐκ
321 986 352 1013 ἂν
368 986 409 1021 είη
427 985 458 1011 τὸ
471 985 510 1011 ὃν.
541 984 610 1010 Ἀλλ’
622 985 675 1020 ἄρα
692 984 770 1010 ταυτὶ
795 983 843 1017 μὲν
860 981 902 1013 οὒ,
933 983 949 1018 ἠ

159 1034 183 1060 δ’
202 1033 250 1069 ὖλη
266 1033 375 1059 δύναται
402 1030 469 1058 εἶναι
492 1031 532 1057 ὅν.
555 1030 634 1057 Ἀλλὰ
651 1029 699 1056 καὶ
722 1029 826 1065 ταύτην
851 1028 949 1060 παντὸς

162 1080 261 1115 μᾶλλον
271 1079 409 1109 ἀδύνατον,
425 1076 565 1113 ἀρρωστίᾳ
577 1075 625 1102 τοῦ
642 1076 742 1111 μένειν.
757 1074 882 1110 Ποταμὸς
897 1074 950 1109 γὰρ

159 1127 177 1161 ἡ
194 1125 243 1160 ὖλη
260 1124 362 1160 ῥοώδης
375 1124 422 1155 καὶ
440 1122 599 1158 ὀξύρροπος,
615 1121 706 1156 βάθος,
725 1121 772 1148 καὶ
783 1120 893 1151 πλάτος,
904 1119 952 1145 καὶ

162 1172 249 1207 μῆκος
268 1170 401 1206 ἀόριστος,
418 1168 464 1195 καὶ
481 1168 621 1203 ἀνήνυτος.
635 1177 645 1193 ι
679 1167 735 1194 Καὶ
756 1165 824 1202 μετά
848 1165 951 1201 βραχέα

160 1216 294 1250 ἐπιλέγει·
327 1224 335 1240 ι
355 1215 435 1240 Ὥστε
459 1212 550 1244 καλῶς
576 1213 590 1239 ό
616 1211 695 1246 λόγος
720 1211 826 1247 εἴρηκε,
848 1210 911 1245 φὰς,
927 1212 952 1238 εἰ

160 1263 235 1289 εστιν
251 1262 388 1296 ἄπειροςὴ
403 1260 464 1295 ὕλη,
478 1259 601 1295 ἀόριστον
623 1257 692 1284 εἶναι
712 1258 808 1293 αὐτήν·
832 1259 856 1284 εἰ
871 1257 900 1284 δὲ
920 1258 952 1283 ἀ-

161 1308 281 1343 όριστος,
301 1306 405 1340 ἄλογον·
424 1306 447 1331 εἰ
464 1304 491 1331 δὲ
508 1304 615 1338 ἄλογος,
632 1303 778 1337 ἄγνωστον.
797 1303 952 1337 Ἀγνωστον

159 1354 189 1380 δέ
203 1362 234 1388 γε
254 1351 335 1379 οὖσαν
349 1352 433 1387 αὐτὴν
449 1351 595 1384 ἀναγκαῖον
619 1347 689 1377 εἶναι
701 1349 827 1376 ἄτακτον·
853 1349 891 1380 ὡς
909 1357 953 1375 τε-

161 1398 284 1433 ταγμένα
301 1398 455 1432 γνωσθῆναι
470 1396 540 1423 πάνυ
554 1394 688 1430 δήπουθεν
706 1394 739 1421 ἂν
756 1395 798 1430 εἴη
814 1394 912 1430 ῥᾴδιον·
922 1394 953 1420 τὸ

160 1445 189 1471 δὲ
204 1445 318 1471 ἄτακτον
333 1444 382 1478 οὺχ
397 1443 521 1478 ἕστηκεν·
549 1442 563 1468 ὃ
578 1450 605 1467 τι
627 1441 655 1468 δὲ
671 1441 708 1476 μὴ
723 1442 834 1477 ἕστηκε,
854 1440 905 1467 οὐκ
918 1440 952 1467 ἂν

161 1490 205 1525 εἴη
220 1489 259 1515 ὅν.
282 1488 366 1514 Τοῦτο
385 1487 413 1513 δὲ
427 1485 460 1522 ἦν
483 1487 551 1521 ὅπερ
567 1485 634 1521 ἡμῖν
660 1486 752 1517 αὐτοῖς
776 1485 952 1521 ὡμολογησά-

163 1535 233 1571 μεθα
248 1536 277 1561 ὲν
292 1535 347 1566 τοῖς
363 1529 527 1570 ἔμπροσθεν,
555 1532 634 1559 ταυτὶ
650 1532 738 1559 πάντα
761 1531 952 1568 συνενεχθῆναι

161 1581 201 1616 τῷ
214 1581 269 1607 ὄντι
284 1580 430 1615 ἀθέμιστον
442 1577 522 1606 εἶναι.
532 1579 649 1613 Δοξὰτω,
661 1578 777 1613 μάλιστα
793 1578 843 1612 μὲν
857 1579 950 1610 πᾶσιν,

162 1630 186 1655 εἰ
203 1629 230 1655 δὲ
249 1628 296 1664 μὴ,
310 1627 366 1654 ἀλλ’
382 1627 454 1662 ἐμοί.
480 1625 583 1653 Οὐκοῦν
598 1633 669 1660 φημι
685 1624 735 1660 τὴν
751 1623 816 1659 ὓλην
828 1623 889 1650 οὔτε
904 1624 954 1650 αὺ-

161 1676 222 1710 τὴν,
237 1674 298 1700 οὔτε
310 1673 343 1699 τὰ
368 1673 482 1707 σώματα
498 1671 567 1698 εἶναι
583 1671 623 1698 ὃν.
641 1671 673 1697 Τί
686 1669 732 1698 οὖν
744 1670 792 1706 δή;
810 1671 835 1696 εί
854 1669 953 1705 ἔχομεν

163 1721 239 1756 παρὰ
258 1721 343 1747 ταῦτα
357 1719 420 1745 ἄλλο
434 1728 460 1745 τι
474 1719 503 1744 ὲν
525 1720 557 1754 τῇ
571 1718 651 1753 φύσει
668 1719 701 1754 τῇ
726 1717 780 1744 τῶν
795 1716 862 1744 ὅλων
873 1716 952 1749 ;Ναί·

162 1767 242 1794 τοῦτο
260 1766 336 1793 οὐδὲν
352 1766 439 1792 εἰπεῖν
463 1764 596 1797 ποικίλον,
612 1765 637 1791 εἰ
652 1764 711 1791 τόδε
728 1764 835 1800 πρῶτον
853 1763 902 1798 μὲν
926 1763 955 1789 ὲν

163 1814 228 1849 ἡμῖν
241 1812 332 1843 αὐτοῖς
349 1811 406 1846 ἅμα
434 1810 629 1846 πειραθείημεν
653 1809 849 1845 διαλεγόμενοι.
879 1807 955 1834 Ἐπεὶ

162 1858 190 1884 δὲ
208 1857 243 1883 τὰ
257 1856 370 1892 σώματά
384 1857 452 1881 ὲστιλ
466 1855 546 1890 φύσει
569 1854 728 1890 τεθνηκότα,
743 1854 790 1879 καὶ
802 1852 897 1889 νεκρὰ,
907 1852 955 1892 κα).

162 1896 352 1939 πεφορημένα,
378 1902 424 1928 καὶ
451 1901 506 1927 οὐδ’
526 1901 555 1926 ὲν
574 1900 665 1935 ταύτῷ
691 1900 816 1936 μένοντα,
839 1897 954 1934 ἆρόὺχὶ

161 1949 210 1975 τοῦ
228 1948 386 1980 καθέξοντος
403 1947 495 1978 αὐτοῖς
509 1946 568 1977 δεῖς
600 1945 702 1977 Παντὸς
732 1945 841 1980 μᾶλλον.
857 1945 888 1971 Εἰ
916 1944 954 1979 μὴ

162 1995 239 2030 τύχοι
254 1995 282 2020 δὲ
297 1994 403 2025 τούτου,
423 1991 477 2029 ἄρα
494 1993 608 2028 μείνειεν
625 1991 675 2024 iv;
698 1992 802 2023 Παντὸς
818 1989 909 2026 ἦττον.
920 1990 954 2016 Τί

162 2040 209 2068 οὖν
226 2042 283 2068 ἐστι
299 2041 329 2068 τὸ
358 2040 546 2075 κατασχῆσον;
563 2039 594 2065 Εἰ
611 2038 660 2068 μὲν
676 2038 708 2073 δὴ
740 2038 787 2064 καὶ
812 2037 895 2063 τοῦτο
911 2037 953 2071 εἴη

163 2087 254 2122 σῶμα,
269 2087 328 2117 Διὸς
358 2085 483 2120 Σωτῆρος
511 2084 585 2110 δοκεῖ
607 2084 640 2110 ἂν
664 2083 725 2119 ἐμοὶ
747 2083 874 2118 δεηθῆναι
889 2082 954 2109 αὐτὸ

162 2133 368 2168 παραλυόμενον
385 2131 431 2157 καὶ
455 2130 643 2165 σκιδνάμενον.
667 2129 699 2155 Εἰ
719 2128 808 2164 μέντοι
823 2129 874 2164 χρὴ
888 2128 954 2154 αὐτὸ

162 2178 333 2213 ἀπηλλάχθαι
348 2177 397 2212 τῆς
412 2177 465 2202 τῶν
485 2176 616 2210 σωμάτων
633 2175 732 2210 πάθης.
755 2174 798 2201 ἵνα
817 2174 954 2206 κάκείνοις

163 2224 342 2260 κεκυημένοις
357 2224 406 2258 τὴν
429 2222 531 2258 φθορὰν
548 2222 661 2257 ἀμύνειν
684 2221 806 2255 δύνηται,
824 2220 869 2246 καὶ
886 2228 953 2246 κατ-

163 2272 223 2307 έχῃ,
239 2270 301 2306 ἐμοὶ¹
323 2271 371 2305 μὲν
384 2270 414 2295 οὐ
428 2269 502 2296 δοκεῖ
517 2268 580 2295 ἄλλο
596 2277 622 2294 τι
651 2265 721 2293 εἶναι
735 2266 751 2301 ἢ
779 2266 858 2301 μόνον
874 2275 905 2300 γε
922 2266 952 2293 τὸ

1234 522 1317 558 319
1332 522 1448 549 CAPUT
1468 522 1550 550 xvn.

1001 579 1034 607 Id
1049 579 1118 615 quod
1129 588 1186 615 rere
1196 584 1349 615 est,corpus
1363 587 1414 605 non
1427 587 1492 610 esse,
1501 584 1531 605 ut
1544 579 1627 606 Stoici
1636 581 1788 615 opinantur.

1176 614 1218 641 Ex
1237 614 1362 641 Numenii
1376 614 1460 648 primo
1475 614 1512 640 De
1524 615 1606 641 bono.

1039 669 1048 685 ι
1064 659 1271 690 Verumtamen,
1287 659 1374 694 inquit
1397 659 1449 691 ille,
1470 659 1599 693 quidnam
1625 659 1706 694 igitur
1729 667 1790 686 vere

1002 709 1062 733 esse
1076 706 1197 732 dicemus
1209 704 1296 732 ?Num
1311 705 1370 732 haec
1384 705 1519 732 elementa
1535 710 1662 740 quatuor,
1677 710 1788 738 terram,

1002 752 1103 785 ignem,
1120 750 1278 785 mediasque
1301 751 1372 777 duas
1390 750 1460 776 inter
1485 755 1631 784 utrumque
1657 751 1791 778 naturas?

1003 796 1099 824 Utrum
1114 803 1179 831 ergo
1204 796 1248 823 illa
1271 801 1346 828 sunt,
1364 796 1490 823 universa
1510 796 1602 829 simul,
1625 804 1661 823 an
1676 798 1790 824 seorsim

1002 850 1034 870 ae
1052 850 1100 877 per
1119 850 1179 870 sese
1198 841 1328 877 singula?
1354 841 1406 874 Qui
1434 842 1540 869 tandem
1561 843 1720 870 alterutrum
1736 843 1790 870 dici

1002 890 1097 923 possit,
1121 896 1183 915 cum
1201 892 1229 915 et
1244 889 1332 922 genita
1350 889 1394 915 illa
1411 890 1479 922 sint,
1496 893 1523 916 et
1539 890 1672 917 exstincta
1694 898 1791 918 rursus

1002 935 1147 962 oriantur?
1162 935 1263 969 passim
1289 935 1361 961 enim
1387 943 1419 962 ea
1436 935 1561 963 videmus
1588 943 1650 962 cum
1675 935 1732 963 ﬁeri
1757 943 1791 963 ex

1001 989 1061 1009 sese
1074 986 1179 1013 mutuo,
1202 985 1259 1008 tum
1286 981 1321 1008 ita
1340 988 1452 1016 prorsus
1475 981 1596 1013 interire,
1621 985 1651 1008 ut
1671 989 1721 1008 nec
1737 981 1792 1007 ele-

1001 1032 1093 1054 menta
1110 1032 1247 1057 maneant,
1273 1034 1322 1053 nec
1338 1026 1535 1053 elementorum
1554 1027 1608 1054 ulla
1628 1027 1789 1061 complexio.

1002 1071 1094 1107 Itaque
1109 1080 1209 1107 corpus
1229 1073 1293 1099 illud
1312 1072 1384 1107 quod
1401 1080 1464 1100 vere
1485 1073 1530 1103 sit,
1550 1073 1576 1099 in
1591 1073 1732 1100 elementis
1748 1080 1791 1099 re-
1837 1088 1841 1090 ›

1001 1119 1084 1154 periri
1102 1126 1155 1146 non
1171 1123 1268 1154 potest.
1284 1118 1358 1152 Esto,
1375 1118 1518 1146 elementis
1533 1119 1585 1146 hoc
1603 1119 1714 1145 minime
1726 1126 1791 1146 con-

1002 1161 1103 1194 veniat,
1118 1161 1240 1188 materiaa
1250 1166 1323 1188 certe
1335 1162 1444 1196 quidem
1460 1162 1562 1195 optime
1576 1161 1726 1188 conveniet.
1744 1161 1792 1187 At-

1001 1206 1048 1241 qui
1063 1206 1098 1233 ab
1113 1213 1147 1234 eo
1161 1206 1319 1242 longissime
1333 1207 1410 1234 abest
1422 1206 1547 1240 materia,
1561 1207 1635 1241 quod
1659 1207 1791 1234 inﬁrmior

1001 1260 1033 1280 ea
1050 1253 1096 1285 sit,
1118 1261 1201 1288 quam
1216 1258 1247 1280 ut
1271 1255 1428 1280 constanter
1453 1260 1611 1288 permanere
1636 1258 1728 1287 queat.
1745 1252 1792 1281 Est

1001 1299 1074 1326 enim
1091 1299 1189 1326 ﬂuvius
1201 1299 1311 1334 quidam
1330 1299 1475 1326 vehemens
1499 1304 1527 1326 et
1550 1299 1689 1332 incitatus,
1714 1299 1795 1332 cujus

1002 1353 1090 1380 neque
1103 1345 1215 1378 fundus,
1231 1353 1318 1381 neque
1335 1345 1459 1378 latitudo,
1475 1354 1564 1381 neque
1578 1346 1718 1381 longitudo
1733 1354 1792 1374 cer-

1002 1391 1037 1418 tis
1057 1391 1120 1418 ullis
1138 1391 1238 1419 ﬁnibus
1261 1392 1456 1426 comprehendi
1472 1392 1568 1426 possit.
1587 1401 1596 1417 )
1610 1391 1679 1419 Tum
1697 1393 1792 1427 paucis

1002 1435 1165 1471 quibusdam
1172 1437 1290 1472 interjecl
1300 1446 1331 1464 .s:
1345 1436 1552 1470 iQuamobrem,
1560 1438 1656 1473 inquit,
1665 1439 1769 1473 prmclai
1776 1445 1794 1465 α

1002 1482 1104 1510 dictum
1126 1483 1191 1511 illud
1206 1489 1258 1516 est,
1274 1484 1417 1511 materiam
1433 1484 1456 1511 si
1475 1485 1510 1512 sit
1525 1485 1669 1518 immensa,
1685 1485 1792 1512 deﬁniri

1001 1530 1117 1565 proinde
1138 1538 1193 1558 non
1217 1538 1316 1566 posse;
1337 1531 1411 1566 quod
1437 1531 1459 1558 si
1479 1539 1574 1559 verum
1590 1537 1641 1563 est.
1668 1532 1791 1559 eamdem

1003 1577 1118 1604 rationis
1132 1581 1270 1612 expertem
1287 1584 1348 1604 esse
1361 1586 1367 1610 ;
1385 1577 1407 1604 si
1421 1577 1539 1612 denique
1556 1577 1671 1605 rationis
1684 1585 1795 1612 expers,

966 1635 987 1664 ο
1003 1624 1186 1658 cognitionem
1203 1632 1311 1650 omnem
1329 1623 1430 1660 fugere.
1447 1624 1525 1657 Quod
1547 1625 1570 1652 si
1592 1626 1720 1660 cognosci
1739 1633 1792 1653 non

1004 1667 1102 1701 possit,
1119 1667 1261 1694 confusam
1275 1668 1347 1694 illam
1364 1676 1395 1695 ac
1409 1669 1595 1703 perturbatam
1608 1677 1669 1697 esse
1683 1678 1797 1698 necesse

1004 1716 1056 1745 est,
1076 1719 1138 1739 cum
1168 1712 1292 1740 ordinata
1316 1714 1406 1741 omnia
1435 1715 1490 1741 sint
1515 1715 1548 1742 ad
1573 1715 1792 1750 cognoscendum

1004 1758 1084 1793 longe
1109 1758 1247 1786 facillima.
1276 1759 1353 1792 Quod
1379 1768 1442 1787 vero
1467 1761 1655 1796 perturbatum
1682 1766 1739 1794 est,
1767 1763 1795 1790 id

1004 1812 1165 1839 permanere
1189 1804 1311 1840 profecto
1335 1813 1389 1833 non
1405 1811 1513 1842 potest;
1536 1809 1607 1843 quod
1632 1814 1721 1836 autem
1740 1817 1792 1836 non

1004 1855 1180 1887 permaneat,
1205 1851 1231 1877 id
1259 1851 1352 1886 utique
1372 1859 1434 1879 vero
1460 1860 1514 1880 non
1543 1853 1633 1881 fuerit.
1655 1855 1743 1890 Atque
1767 1856 1794 1883 id

1004 1896 1092 1930 ipsum
1103 1902 1154 1929 est,
1175 1905 1229 1932 quo
1244 1897 1278 1925 de
1288 1898 1344 1932 jam
1363 1899 1433 1925 inter
1445 1905 1496 1926 nos
1509 1904 1571 1926 ante
1584 1900 1720 1933 convenit,
1737 1901 1794 1927 lucc

1005 1942 1096 1969 omnia
1118 1950 1171 1970 non
1198 1951 1277 1978 posse
1295 1952 1357 1971 cum
1380 1944 1439 1979 ejus
1454 1945 1526 1980 quod
1548 1953 1611 1973 vere
1629 1947 1665 1974 sit
1688 1948 1794 1974 ratione

1004 1989 1165 2015 consistere.
1186 1988 1212 2016 Id
1231 1989 1304 2023 quod
1327 1990 1445 2017 maxime
1469 1991 1576 2026 quidem
1594 1992 1721 2020 omnibus
1736 1993 1795 2028 pla—

1004 2041 1066 2061 cere
1081 2034 1178 2066 velim;
1190 2034 1232 2062 sin
1248 2035 1350 2066 minus,
1365 2036 1470 2070 placeat
1483 2042 1556 2064 certe
1567 2037 1644 2064 mihi.
1655 2037 1792 2065 Materiam

1005 2079 1096 2115 igitur,
1123 2084 1170 2107 aut
1187 2087 1288 2114 corpus
1310 2081 1396 2108 ullum
1413 2089 1476 2109 vere
1496 2090 1557 2111 esse
1582 2091 1661 2119 nego.
1677 2083 1715 2111 De
1740 2085 1794 2112 illis

1003 2132 1068 2160 ergo
1094 2125 1158 2160 quid
1182 2126 1322 2154 dicimus?
1346 2126 1415 2154 Num
1439 2128 1511 2155 aliud
1533 2129 1596 2163 quid
1621 2134 1719 2164 praeter
1741 2130 1795 2158 ista

1004 2171 1083 2198 nobis
1111 2172 1138 2198 in
1161 2176 1216 2199 tota
1239 2179 1329 2199 rerqu
1358 2177 1453 2200 natura
1488 2175 1634 2208 superest?
1665 2175 1795 2212 Superest

1004 2225 1069 2245 vero
1083 2227 1089 2244 :
1104 2226 1192 2252 neque
1213 2218 1239 2246 id
1263 2219 1398 2253 explicare
1412 2219 1528 2247 ditlicilis
1542 2220 1689 2248 admodum
1705 2229 1794 2257 operae

1005 2263 1096 2296 fuerit,
1118 2264 1140 2291 si
1159 2265 1240 2291 modo
1254 2264 1372 2299 primum
1397 2265 1462 2292 illud
1480 2266 1506 2292 in
1525 2266 1602 2294 nobis
1625 2267 1693 2302 ipsis
1705 2269 1795 2302 pervi-

162 2315 317 2349 ἀσώματον·
334 2313 402 2348 αὕτη
420 2313 474 2347 γὰρ
488 2313 519 2347 δὴ
532 2311 638 2346 φύσεων
655 2310 750 2337 πασῶν
761 2311 827 2347 μόνη
840 2311 951 2346 ἕστηκε,

1005 2309 1070 2336 dere
1087 2313 1181 2336 tnulua
1199 2310 1409 2337 ratiocinatione
1431 2311 1602 2338 conabimur.
1618 2311 1650 2339 Et
1664 2313 1793 2347 quoniam

163 2360 210 2386 καὶ
223 2360 295 2386 ἐστιν
308 2360 436 2395 ἀραρυῖα,
454 2358 501 2384 καὶ
516 2357 591 2383 οὐδὲν
623 2357 776 2392 σωματικὴ.
806 2355 874 2382 Οὔτε
889 2356 953 2390 γοῦν

162 2405 275 2439 γίνεται,
296 2404 357 2431 οὔτε
385 2403 504 2436 αὔξεται,
528 2401 589 2428 οὔτε
613 2401 718 2437 κίνησιν
733 2402 847 2428 κινεῖται
871 2401 954 2436 ἄλλην

162 2451 299 2486 οὐδεμίαν⁷
315 2450 418 2477 καὶδιά
430 2448 516 2474 ταῦτα
543 2447 633 2478 καλῶς
646 2447 750 2473 δίκαιον
777 2447 862 2483 ἐφάνη
882 2456 951 2482 πρε-

164 2497 278 2524 σδεῦσαι
291 2497 321 2523 τὸ
333 2495 487 2530 ἀσώματον.

1007 2362 1122 2389 corpora
1135 2355 1197 2382 vitae
1212 2355 1279 2382 nihil
1293 2364 1340 2391 per
1355 2364 1416 2384 sese
1431 2357 1540 2390 habent,
1556 2363 1637 2392 atque
1648 2359 1702 2386 huc
1717 2359 1795 2386 illuc-

1007 2408 1060 2435 que
1081 2401 1235 2434 iactantur,
1262 2409 1312 2428 nec
1334 2402 1428 2429 eodem
1454 2410 1561 2438 semper
1583 2404 1644 2431 loco
1665 2405 1795 2439 vultuque

1009 2447 1169 2481 persistunt,
1184 2454 1275 2474 nonne
1289 2447 1380 2482 aliquo
1393 2448 1517 2482 proinde,
1531 2449 1609 2484 cujus
1626 2450 1652 2476 vi
1672 2451 1794 2477 contine-

1010 2498 1101 2523 antur,
1115 2500 1185 2527 opus
1200 2493 1321 2520 habent?
1333 2494 1449 2522 Maxime
1464 2494 1490 2521 id
1505 2495 1625 2529 quidem.
1651 2495 1678 2522 ld
1691 2503 1756 2522 vero
1770 2496 1794 2523 si

161 2544 283 2571 nancisci
310 2550 363 2569 non
386 2540 541 2575 potuerint,
567 2546 632 2565 num
655 2539 803 2566 manebunt
830 2539 876 2566 illa
901 2547 948 2574 per
965 2540 1049 2567 sese?
1064 2539 1174 2566 Minime
1189 2547 1263 2566 vero.
1281 2540 1351 2573 Quid
1369 2541 1452 2576 igitur
1481 2541 1546 2568 illud
1576 2541 1637 2574 erit,
1651 2542 1723 2576 quod
1737 2539 1799 2576 ipsa

161 2590 324 2620 contineat?
345 2588 488 2614 Enimvero
517 2587 540 2612 si
567 2593 666 2620 corpus
690 2585 715 2612 id
737 2586 817 2612 etiam
847 2585 948 2617 fuerit,
969 2586 1107 2620 equidem,
1131 2594 1192 2614 cum
1225 2592 1322 2622 suapte
1354 2593 1450 2615 natura
1466 2588 1631 2615 dissoivatur
1643 2595 1725 2623 atque
1739 2590 1794 2616 dis-

162 2640 276 2673 sapam,
289 2635 372 2671 820
383 2633 450 2661 Jove
464 2633 582 2668 quodam
598 2634 744 2659 Servatcre
765 2639 834 2667 opus
868 2633 892 2659 ei
912 2633 1032 2660 futurum
1066 2632 1203 2661 existimo.
1219 2634 1296 2667 Quod
1329 2635 1351 2661 si
1368 2635 1402 2661 ab
1416 2634 1490 2661 omni
1513 2641 1659 2668 corporum
1673 2635 1739 2662 vitio
1760 2635 1793 2661 lio

161 2684 258 2710 herum
279 2682 343 2708 illud
375 2687 434 2708 esse
463 2682 597 2713 oporteat,
613 2681 641 2704 ut
662 2677 766 2710 eadem,
787 2678 831 2705 ubi
856 2681 988 2712 concepta
1004 2678 1061 2713 jam
1076 2683 1150 2711 sunt,
1165 2678 1303 2706 vindicare
1318 2679 1351 2706 ab
1367 2678 1489 2711 interitu,
1504 2685 1531 2706 et
1543 2679 1682 2706 continere
1697 2680 1795 2714 possit,

161 2729 238 2758 mihi.
251 2736 326 2759 sane,
354 2732 451 2762 printer
467 2726 493 2753 id
508 2733 593 2753 unum
607 2724 680 2760 quod
708 2733 805 2760 expers
827 2726 951 2760 corporis
970 2727 1016 2759 sit,
1030 2726 1165 2759 ejusmodi
1182 2733 1243 2754 esse
1271 2727 1340 2754 nihil
1353 2727 1470 2754 videtur.
1482 2726 1523 2754 Ex
1551 2726 1679 2754 omnibus
1696 2727 1795 2762 quippe

162 2775 268 2803 naturis
285 2782 336 2801 una
358 2773 414 2800 hac
429 2778 478 2803 est,
495 2778 556 2806 qua:
573 2777 634 2797 cum
669 2770 728 2804 ipsa
758 2771 906 2801 consistat.
928 2775 985 2798 tum
1006 2772 1086 2798 etiam
1104 2772 1181 2799 lirma
1197 2773 1230 2799 sit
1251 2780 1283 2800 ac
1308 2773 1405 2806 solida,
1423 2780 1472 2800 net.
1496 2773 1620 2808 corporei
1646 2772 1794 2807 quidquam

161 2822 276 2849 οιιιιιίηο
292 2821 380 2848 simile
392 2819 500 2847 habeat.
515 2817 570 2844 Nec
581 2817 652 2845 enim
668 2822 812 2853 generatur
845 2818 900 2849 illa.
937 2825 986 2845 nec
1007 2819 1114 2849 crescit,
1140 2828 1190 2848 nec
1215 2821 1270 2848 alio
1288 2824 1362 2847 motu
1384 2821 1472 2848 cietur
1496 2820 1562 2848 ullo.
1588 2820 1628 2848 Ac
1654 2825 1795 2856 propterea

161 2877 271 2904 :equum
302 2868 328 2895 in
348 2866 440 2901 primis
465 2869 492 2893 et
516 2867 729 2892 consentaneum
756 2864 854 2891 merito
878 2864 967 2892 visum
1002 2869 1054 2898 est,
1081 2866 1151 2894 hanc
1172 2867 1209 2894 rei
1233 2867 1359 2902 corporis
1383 2868 1486 2902 experti
1510 2868 1720 2903 praerogativam
1743 2868 1794 2895 tri-

162 2916 256 2942 bucre.
