2045 3211
277 190 346 217 1547

554 247 670 277 CAPUT
687 248 781 277 XVlll.

329 317 414 345 Stoici
426 317 457 344 de
469 318 583 345 universi
595 318 804 352 conflagratione
813 319 877 354 quid
887 319 1015 347 sentiant.

314 426 323 442 ι
346 416 446 447 Placet,
464 416 562 452 inquit,
581 422 662 445 sectae
677 417 760 452 hujus
772 418 973 454 antiquissimis
990 423 1071 455 atque

275 463 412 497 primariis
427 485 435 496 ,
459 469 519 498 post
536 464 670 492 maximos
698 465 831 499 quosdam
860 466 1070 493 conversionum

275 509 417 541 circuitus,
436 510 462 537 in
488 517 578 537 aerem
595 510 682 544 primo
697 511 797 537 mutari
812 510 952 544 universa,
967 517 1024 538 tum
1044 513 1070 539 in

275 555 364 590 ignem
380 556 521 583 a-therium
539 561 677 590 postremo
696 556 819 584 dissolvi.
833 567 842 583 ι
858 556 963 590 Quibus
974 558 1072 586 deinde

275 602 416 637 subjungit
429 611 435 628 :
448 612 456 628 ι
468 602 506 630 Ex
523 602 566 630 his
580 610 663 638 porro
681 603 826 631 manifeste
840 604 935 639 liquet.
951 612 1011 631 eam
1029 613 1072 632 re-

275 656 335 675 rum
364 649 579 682 conlusioncm,
609 657 663 676 non
692 649 725 676 ad
757 658 853 677 carum
888 651 1070 678 substantiam

274 693 457 729 Chrysippum
480 694 625 725 retulisse;
651 695 703 722 hoc
716 695 790 722 enim
810 703 924 730 prorsus
942 695 1000 723 ﬁeri
1017 704 1070 723 non

275 744 385 774 potest:
403 740 448 767 sed
465 747 525 768 eam
543 740 687 773 duntaxat,
703 748 764 776 qua:
786 749 837 776 pro
861 741 954 776 aliqua
982 746 1071 768 muta-

275 786 349 813 tione
363 792 497 814 sumatur.
523 787 715 822 Corruptionis
738 788 810 814 enim
831 788 1005 820 vocabulum,
1024 788 1070 815 ubi

274 831 308 858 de
323 831 403 858 solita
421 832 514 859 mundi
534 837 595 866 post
611 832 786 867 longissimas
798 834 995 860 convorsiones
1010 841 1071 861 cor-

273 878 401 912 ruptione
413 878 572 913 loquuntur,
586 879 659 906 haud
675 879 786 914 proprie
797 879 907 914 quidem
922 879 1069 914 accipiunt.

273 924 320 958 qui
347 931 438 951 rerum
465 925 492 951 in
519 924 609 960 ignem
637 926 760 952 omnium
785 924 994 952 dissolutionem
1011 918 1069 952 fieri

273 970 396 1002 tradunt,
411 978 492 1005 quam
509 970 560 1006 ipsi
582 970 822 1006 conﬂagratiouem
838 971 975 1006 appellant
989 980 996 1005 ;
1020 971 1067 998 sed

272 1016 334 1050 ejus
351 1024 412 1052 quae
423 1017 450 1044 in
469 1022 566 1044 natura
589 1017 725 1052 contingit
749 1017 909 1045 mutationis
932 1017 1002 1051 loco,
1017 1025 1067 1044 v0-

272 1070 332 1090 cem
359 1063 432 1090 illam
459 1063 643 1098 corruptionis
681 1067 827 1096 usurpant.
861 1061 964 1089 Volunt
993 1063 1067 1090 enim

273 1108 375 1140 Stoici,
392 1117 484 1136 rerum
505 1113 631 1137 naturam
650 1109 773 1136 omnium
788 1109 815 1136 in
832 1109 920 1144 ignem
938 1113 1068 1144 tanquam

271 1153 300 1180 in
317 1161 410 1181 semen
429 1154 537 1189 aliquod
562 1154 675 1186 mutari,
703 1161 736 1181 ex
763 1161 820 1189 quo
847 1162 956 1182 rursum
979 1155 1069 1190 qualis

272 1203 336 1229 ante
357 1200 463 1232 fuerat,
491 1199 628 1235 perfectus
657 1200 778 1234 ipsarum
805 1205 919 1228 ornatus
941 1201 1066 1228 exsistat.

271 1244 361 1278 Atque
377 1245 429 1272 hoc
449 1244 548 1280 dogma
574 1250 656 1272 sectae
677 1244 760 1279 hujus
777 1247 804 1271 et
823 1243 960 1279 principes
981 1248 1008 1271 et
1022 1251 1068 1272 ve-

271 1290 416 1318 tustissimi
431 1291 655 1325 comprobarunt,
673 1290 757 1322 Zeno,
775 1289 920 1318 Cleanthes
936 1294 964 1318 et
981 1290 1068 1326 Chry-

599 189 734 218 EUSEBII
756 190 1001 218 C/ESARIENSIS
1022 191 1098 218 OPP.
1119 191 1207 219 PARS
1228 192 1260 219 ll.
1281 208 1315 214 —-
1335 193 1592 221 APOLOGETICA.

1847 195 1910 223 1358

1386 252 1584 279 ΚΕΦΑΛΑΙΟΝ
1609 253 1661 279 IH'.

1123 322 1222 356 ’Ὅπως
1244 324 1271 349 οὶ
1299 323 1418 350 Στωϊκοὶ
1448 323 1512 356 περ)
1530 322 1586 355 τῆς
1610 322 1664 350 τοῦ
1690 323 1805 356 παντὸς
1826 323 1913 350 ἐκπιπ-

1357 359 1479 392 ρὼσεως
1491 358 1679 390 δοξάζουσιν.

1159 423 1168 439 ‹
1192 415 1317 451 Ἀρέσκει
1329 415 1357 441 δὲ
1370 417 1427 447 τοῖς
1440 414 1636 450 πρεσϐυτάτοις
1656 414 1711 441 τῶν
1727 414 1781 441 ἀπὸ
1797 414 1847 449 τῆς
1873 414 1913 440 αἰ-

1122 461 1224 496 ρέσεως
1239 461 1351 496 ταύτης,
1368 460 1546 496 ἐξαεροῦσθαι
1563 461 1652 487 πάντα
1680 460 1750 487 κατὰ
1776 459 1915 494 περιῶους

1120 507 1196 539 τινὰς
1213 507 1262 539 τὰς
1273 508 1413 542 μεγίστας,
1429 509 1468 539 εἰς
1484 508 1542 543 πῦρ
1560 507 1705 543 αἰθερῶδες
1726 506 1914 541 ἀναλυομὲνων

1121 553 1240 580 πάντων.
1260 563 1269 578 ι
1292 555 1346 580 Καὶ
1363 554 1424 589 ἑξῆς
1442 554 1550 588 ἐπάγει·
1568 563 1576 578 ι
1601 553 1648 579 Ἐκ
1672 552 1776 579 τούτων
1785 552 1814 578 δὲ
1826 552 1913 586 δῆλον,

1120 599 1161 625 ὅτι
1179 599 1340 634 Χρύσιππος
1349 599 1396 625 ἐπὶ
1406 599 1454 633 τῆς
1469 598 1563 629 οὐσίας
1576 598 1606 624 οῦ
1631 597 1733 632 ταύτην
1763 597 1912 632 παρείληφε

1119 645 1169 681 τὴν
1181 645 1320 680 σύγχυσιν
1334 645 1463 671 ἀδύνατον
1480 645 1544 680 γάρ’
1567 644 1635 671 ἀλλὰ
1663 644 1713 679 τὴν
1729 644 1789 670 ἀντὶ
1805 644 1856 678 τῆς
1870 652 1914 678 με-

1120 691 1236 726 ταϐολῆς
1252 691 1412 726 λεγομένην.
1427 690 1463 716 Οὐ
1476 690 1530 726 γὰρ
1544 691 1590 716 ἐπὶ
1602 690 1652 725 τῆς
1661 689 1708 716 τοῦ
1724 690 1828 724 κόσμου
1847 689 1914 716 κατὰ

1120 737 1262 772 περιόδους
1285 736 1335 768 τὰς
1358 737 1488 771 μεγίστας
1513 736 1658 771 γινομένης
1684 735 1787 771 φθορᾶς
1814 735 1914 770 κυρίως

1120 782 1365 818 παραλαμϐάνουσι
1384 783 1433 818 τὴν
1451 782 1563 818 φθορὰν,
1581 783 1605 808 οἱ
1619 781 1668 816 τὴν
1681 782 1721 812 εἰς
1736 780 1793 816 πῦρ
1818 780 1914 807 ἀνάλυ-

1121 837 1163 856 σιν
1175 829 1229 856 τῶν
1243 829 1311 856 ὅλων
1336 828 1555 864 δογματίζοντες,
1583 828 1616 863 ἣν
1634 826 1666 862 δὴ
1692 826 1821 853 καλοῦσιν
1836 828 1914 853 ἐκπύ-

1122 883 1214 910 ρωσιψ
1233 874 1290 902 ἀλλ’
1307 874 1366 901 ἀντὶ
1379 874 1430 909 τῆς
1445 873 1515 900 κατὰ
1530 873 1611 907 φύσιν
1635 872 1788 908 μεταΰολῆς
1796 872 1913 908 χρῶνται

1120 922 1154 956 τῇ
1180 921 1353 957 προσηγορίᾳ
1391 921 1441 956 τῆς
1476 920 1588 956 φθορᾶς.
1624 920 1748 955 ’Λρέωι
1775 918 1830 953 γὰρ
1860 919 1913 948 τοῖς

1120 969 1249 999 Στωϊκοῖς
1270 967 1425 1002 φιλοσόφοις
1448 966 1498 1003 τὴν
1517 966 1582 1001 ὃλην
1596 965 1688 992 οὐσίαν
1708 965 1748 996 εἰς
1766 963 1822 999 πῦρ
1836 971 1914 998 μεταο

1121 1014 1237 1045 ϐάλλειν,
1253 1011 1308 1040 οἷον
1319 1015 1358 1046 εἰς
1371 1013 1491 1049 σπέρμα,
1506 1013 1553 1039 καὶ
1570 1011 1648 1038 πάλιν
1662 1012 1694 1038 ὲκ
1718 1010 1816 1038 τούτου
1833 1009 1913 1043 αὐτὴν

1120 1060 1308 1088 ἀποτελεῖσθαι
1328 1060 1377 1096 τὴν
1404 1059 1597 1094 διακόσμησιν,
1613 1058 1656 1084 οἵα
1676 1057 1707 1083 τὸ
1719 1057 1854 1092 πρότερον
1871 1053 1912 1090 ἦν.

1122 1107 1176 1134 Καὶ
1186 1106 1265 1133 τοῦτο
1280 1106 1310 1133 τὺ
1326 1106 1414 1141 δόγμα
1425 1105 1480 1131 τῶν
1496 1104 1551 1131 ἀπό
1562 1104 1612 1138 τῆς
1628 1103 1760 1139 αἱρέσεως
1772 1103 1797 1128 οἱ
1814 1101 1914 1136 πρῶτοι

1121 1153 1168 1179 καὶ
1176 1152 1359 1189 πρεσϐύτατοι
1376 1152 1559 1188 προσήκαντο,
1575 1151 1666 1186 Ζήνων
1679 1158 1720 1178 τε.
1745 1149 1794 1175 καὶ
1814 1148 1915 1175 Κλεάν-

1121 1201 1180 1237 θης,
1197 1201 1243 1228 καὶ
1257 1201 1428 1238 Χρύσιππος.
1441 1200 1493 1226 Τὸν
1514 1199 1563 1235 μὲν
1579 1198 1634 1234 γὰρ
1657 1198 1754 1224 τούτου
1781 1195 1914 1232 μαθητὴν,

1121 1248 1168 1274 ita).
1178 1247 1298 1283 διάδοχον
1309 1247 1358 1282 τῆς
1373 1246 1472 1282 σχολῆς
1487 1246 1598 1282 Ζήνωνά
1609 1253 1690 1280 φασιν
1714 1243 1841 1278 ἐπισχεῖν
1855 1241 1916 1276 περὶ

1120 1292 1170 1328 τῆς
1186 1293 1369 1332 ἐκπυρώσεως
1385 1291 1440 1319 τῶν
1453 1292 1532 1319 ὅλων.

269 1338 377 1373 Sippus.
394 1337 462 1365 Nam
476 1338 621 1374 Chrysippi
638 1339 748 1373 quidem
764 1338 941 1372 discipulum,
961 1343 990 1365 et
1003 1346 1193 1368 successorem
1214 1341 1242 1368 in
1262 1340 1357 1368 schola
1373 1339 1524 1373 Zenonem,
1543 1339 1571 1366 in
1592 1338 1637 1365 illa
1653 1338 1687 1365 de
1702 1336 1917 1372 conﬂagratione

271 1384 365 1412 mundi
383 1384 545 1418 quastione,
560 1383 749 1412 assensionem
765 1384 911 1411 retinuisse
924 1383 1013 1411 aiunt.

567 1473 682 1501 CAPUT
699 1473 770 1501 XIX.

324 1541 551 1574 Quemadmodum
570 1540 654 1568 Stoici
669 1541 700 1568 de
711 1541 808 1567 iterata
821 1541 937 1568 universi
951 1545 1011 1568 ortu

553 1577 779 1612 philosophentur.

308 1654 320 1673 ι
340 1645 541 1681 Posteaquam,
562 1646 674 1680 inquit,
699 1653 732 1673 eo
752 1653 839 1681 usque
860 1653 1004 1682 progressa
1024 1651 1067 1674 est

270 1693 340 1720 ratio
355 1693 522 1725 communis,
536 1693 747 1727 communisque
760 1697 858 1719 natura
879 1701 948 1720 nova
966 1693 1060 1728 magni

272 1740 374 1771 tudine,
391 1747 423 1766 ac
436 1739 513 1766 nevis
527 1739 703 1767 incrementis
718 1744 810 1772 aucta,
832 1747 876 1766 res
891 1739 1002 1767 demum
1016 1748 1065 1767 ex-

271 1785 394 1816 siccavit,
408 1785 488 1820 821
507 1785 629 1819 atquein
650 1793 712 1813 sese
730 1785 834 1820 recepit
853 1785 1013 1819 universas;
1036 1785 1064 1812 in

271 1830 349 1865 plena
364 1830 541 1857 constituitur
552 1830 709 1866 integraque
719 1831 885 1864 substantia,
895 1831 996 1866 quippe
1005 1839 1065 1867 quae

270 1875 304 1902 ad
319 1875 470 1910 principem
489 1875 572 1908 illam,
590 1881 619 1903 ut
636 1877 797 1911 appellatur,
820 1876 966 1909 rationem,
982 1882 1065 1912 atque

270 1924 304 1949 ad
328 1923 556 1949 resurrectionem
586 1922 660 1949 illam
691 1923 782 1957 magni
805 1923 970 1950 elice-tricem
999 1923 1063 1950 anui

270 1968 381 1996 redierit
397 1978 403 1995 :
417 1976 471 2003 quo
488 1969 599 2003 quidem
626 1976 710 2002 anno,
724 1976 755 1996 ex
772 1977 802 1996 ea
817 1968 874 1996 sola
889 1969 915 1995 in
940 1970 1062 1996 eamdem

270 2022 368 2042 rursus
396 2015 560 2042 instauratio
580 2015 638 2042 ﬁeri
658 2015 810 2042 consuevit.
837 2015 875 2042 Ad
893 2023 956 2042 eum
980 2023 1062 2050 porro

270 2064 373 2088 statum
392 2065 530 2093 revocata,
555 2061 650 2088 eodem
668 2068 781 2095 prorsus
805 2061 912 2093 ordine,
939 2061 1062 2095 quojam

270 2110 333 2132 ante
347 2106 480 2132 mundum
501 2105 628 2132 similiter
657 2114 757 2133 ornare
780 2110 910 2141 cwpcrat,
940 2106 1062 2133 eamdem

270 2152 380 2182 iterum,
396 2159 450 2186 quo
469 2151 549 2178 modo
565 2151 634 2178 ratio
645 2152 775 2186 postulat,
796 2160 888 2179 rerum
909 2152 1064 2187 dispositio-

269 2205 330 2224 nem
356 2203 437 2231 atque
470 2197 736 2224 administrationem
765 2197 901 2229 instituit,
924 2198 1062 2232 ejusmodi

269 2243 494 2272 conversionibus
509 2251 541 2270 ex
555 2244 631 2270 omni
646 2243 796 2271 aeternitate
812 2251 843 2271 ac
858 2244 917 2271 sine
931 2245 985 2271 ulla
1004 2252 1063 2272 ecs-

269 2290 375 2317 satione
393 2289 579 2317 redeuntibus.
597 2289 713 2325 Quippe,
730 2289 857 2324 principii
883 2290 925 2317 sui
949 2297 1061 2317 causam

269 2343 319 2362 nec
335 2335 434 2362 habere
451 2335 532 2363 simul
547 2335 675 2362 universa
696 2339 822 2370 possunt,
843 2343 892 2362 nec
918 2336 1062 2363 universo-

1371 1473 1570 1501 ΚΕΦΑΛΑΙΟΝ
1602 1473 1642 1500 16¹

1118 1544 1218 1576 Ὅπως
1243 1541 1421 1575 δοξάζουσιν
1444 1543 1471 1569 ol
1497 1542 1619 1569 Στωϊκοὶ
1644 1542 1711 1577 περὶ
1740 1541 1797 1576 τῆς
1812 1544 1916 1576 παλιγκ-

1348 1579 1488 1613 γενεσίας
1504 1577 1564 1604 τῶν
1580 1578 1669 1604 ὅλων.

1157 1656 1166 1674 t
1188 1647 1249 1673 Ἐπὶ
1262 1645 1372 1673 τοσοῦτο
1398 1646 1427 1672 δὲ
1444 1645 1583 1682 προελθὼν
1614 1646 1628 1672 ὁ
1646 1645 1735 1677 κοινὸς
1748 1645 1840 1680 λόγος,
1871 1647 1917 1673 καὶ

1120 1693 1197 1728 κοινὴ
1212 1691 1293 1727 φύσις
1307 1692 1408 1727 μείζων
1419 1692 1467 1718 καὶ
1479 1691 1578 1718 πλείων
1591 1691 1737 1727 γενομένη,
1756 1692 1836 1723 τέλος
1851 1693 1916 1719 ἀνα-

1119 1739 1150 1775 ξη
1156 1739 1258 1775 ρὰνασα
1272 1739 1327 1774 (55)
1343 1738 1443 1770 πάντα,
1459 1739 1507 1765 καὶ
1521 1739 1562 1769 εἰς
1574 1739 1672 1773 ἑαυτὴν
1689 1738 1877 1769 ἀναλαϐοῦσα,
1889 1739 1916 1764 ἐν

1118 1787 1150 1821 τῇ
1166 1785 1241 1821 πάσῃ
1250 1784 1328 1820 οὐσίᾳ
1340 1784 1454 1818 γίνεται,
1478 1783 1662 1811 ἐπανελθοῦσα
1679 1785 1719 1816 εἰς
1745 1784 1791 1810 τὸν
1807 1785 1916 1819 πρῶτον

1119 1831 1235 1867 ρηθέντα
1251 1830 1339 1865 λόγον,
1354 1831 1401 1857 καὶ
1418 1831 1458 1862 εἰς
1485 1830 1535 1866 τὴν
1565 1830 1712 1856 ἀνάστασιν
1739 1830 1851 1865 ἐκείνην
1868 1830 1915 1864 τὴν

1118 1875 1247 1902 ποιοῦσαν
1262 1876 1384 1902 ἐνιαυτὸν
1399 1876 1444 1903 τὸν
1472 1875 1609 1912 μέγιστον,
1640 1876 1701 1903 καθ’
1715 1876 1744 1902 ὂν
1768 1876 1817 1902 ἀπ’
1830 1876 1915 1911 αὐτῆς

1119 1922 1202 1958 μόνης
1217 1923 1257 1954 εἰς
1272 1923 1357 1958 αὐτὴν
1367 1922 1447 1949 πάλιν
1462 1922 1566 1957 γίνεται
1580 1923 1597 1957 ὴ
1613 1923 1840 1954 ἀποκατάστασις
1848 1923 1913 1957 (3‘5).

1124 1969 1323 1995 Ἐπανελθοῦσα
1339 1969 1378 2001 δὲ,
1409 1969 1454 1995 διὰ
1483 1969 1569 2001 τάξιν,
1596 1969 1642 2003 ἀφ’
1668 1969 1726 2001 οἵας
1754 1970 1915 2005 διακοσμεῖν

1117 2015 1248 2046 ὡσαύτως
1265 2015 1376 2050 ἤρξατο,
1394 2015 1554 2049 κατὰλόγον
1568 2015 1649 2042 πάλιν
1665 2016 1714 2050 τὴν
1734 2016 1822 2051 αὐτὴν
1844 2016 1914 2048 διεξ-

1117 2062 1228 2097 αγωγὴν
1239 2063 1365 2094 ποιεῖται,
1375 2062 1429 2089 τῶν
1443 2062 1571 2088 τοιούτων
1584 2063 1717 2097 περιόδων
1729 2063 1758 2096 ἐξ
1774 2063 1862 2089 ἀϊδίου
1875 2072 1914 2097 γι-

1117 2107 1236 2142 νομένων
1257 2107 1486 2139 ᾰκαταπαύστως.
1511 2107 1580 2134 υΰτε
1596 2109 1650 2143 γὰρ
1663 2108 1712 2142 τῆς
1724 2108 1812 2143 ἀρχῆς
1825 2109 1913 2134 αἰτίαν

1117 2154 1164 2180 καὶ
1174 2155 1256 2180 πᾶσιν
1268 2151 1324 2180 οἷόν
1336 2162 1365 2180 τε
1382 2154 1514 2188 γίνεσθαι,
1523 2153 1585 2180 οὗτε
1593 2154 1639 2180 τοῦ
1654 2154 1819 2187 διοικοῦντος
1832 2155 1911 2181 αὐτὰ..

1117 2200 1217 2226 Οὐσίαν
1238 2209 1267 2226 τε
1279 2200 1334 2236 γὰρ
1347 2202 1402 2232 τοῖς
1415 2201 1568 2236 γινομένοις
1583 2201 1731 2235 ὑφεστάναι
1757 2202 1809 2234 δεῖ,
1827 2211 1912 2237 mea»

1116 2246 1195 2271 κυῖαν
1222 2245 1400 2281 ἀναδέχεσθαι
1424 2246 1472 2278 τὰς
1503 2246 1654 2282 μεταϐολὰς
1682 2248 1783 2280 πάσας,
1808 2248 1855 2274 καὶ
1882 2247 1912 2274 τὸ

1115 2290 1317 2327 δημιουργῆσον
1330 2292 1360 2324 ἐξ
1385 2292 1480 2327 αὐτῆς.
1508 2290 1558 2319 υἷα
1571 2293 1624 2330 γὰρ
1639 2294 1680 2328 ἐφ’
1696 2294 1775 2330 ἡμῶν
1794 2294 1836 2326 τίς
1855 2296 1911 2321 εστι

1116 2337 1196 2372 φύσις
1222 2338 1438 2374 δημιουργοῦσα,
1462 2338 1582 2365 τοιούτου
1613 2340 1687 2372 τινὸς
1710 2341 1772 2367 κατ’
1788 2341 1910 2375 ἀνάγκην

268 2388 327 2408 rum
343 2381 400 2416 ipse
416 2381 579 2408 moderator.
603 2379 671 2407 Nam
700 2380 733 2407 iis
749 2388 810 2416 qua:
826 2381 904 2413 ﬁunt,
920 2389 982 2408 cum
995 2381 1060 2409 sub-

1117 2383 1188 2415 5ντος
1198 2384 1245 2410 καὶ
1262 2385 1290 2410 ὲν
1300 2383 1338 2420 τῷ
1355 2385 1450 2420 κόσμῳ
1462 2385 1620 2421 ἀγεννήτων·
1633 2387 1766 2420 γενέσεως
1779 2387 1834 2422 γὰρ
1861 2389 1911 2422 ἁρ-

268 2427 396 2453 stantiam
410 2427 555 2461 quamdam
571 2428 686 2455 subesse
698 2434 809 2454 necesse
822 2433 875 2461 est,
890 2435 952 2463 quae
964 2433 1060 2463 suapte

267 2477 366 2500 natura
383 2474 547 2500 mutationes
559 2481 654 2501 onmes
675 2473 804 2508 excipiat,
824 2478 881 2501 tum
906 2475 933 2502 id
950 2480 1061 2510 praeter-

267 2525 310 2551 ea,
333 2516 406 2553 quod
430 2519 532 2554 aliquid
547 2527 580 2546 ex
596 2520 779 2555 ea.perliciat.
803 2519 964 2555 Cujusmodi
987 2522 1059 2549 enim

268 2564 339 2597 apud
365 2573 414 2592 nos
438 2565 600 2593 ellectricem
627 2570 754 2594 naturam
777 2566 897 2602 aliquam
923 2567 1058 2600 videmus,

1113 2429 1163 2464 χὴν
1179 2430 1228 2465 οὐχ
1244 2428 1300 2456 οἷόν
1314 2438 1344 2456 τε
1361 2427 1431 2457 εἶναι
1454 2431 1500 2457 ἐπὶ
1527 2432 1576 2465 τῆς
1604 2431 1712 2466 φύσεως
1732 2432 1846 2467 ταύτης.
1863 2435 1911 2458 ὐν

1112 2477 1211 2512 τρόπον
1222 2478 1242 2504 δ’
1255 2478 1402 2514 ἀγέννητὸς
1417 2479 1487 2511 ἐστι,
1511 2480 1556 2505 καὶ
1585 2479 1762 2515 ἀναιρεθῆναι
1780 2480 1910 2507 ἀδύνατόν

1111 2523 1185 2550 ἐστιν
1200 2524 1295 2559 αὐτὴν,
1313 2524 1374 2551 οὔτε
1390 2525 1475 2560 αὐτῆς
1487 2525 1516 2557 ἐξ
1538 2525 1634 2560 αὐτῆς,
1648 2525 1711 2552 οὔτε
1725 2526 1827 2558 ἔξωθέν
1840 2535 1910 2558 τινος

1111 2569 1306 2605 ἀναιρήσοντος
1318 2571 1413 2606 αὐτήν.
1429 2581 1438 2597 ι

268 2609 403 2643 ejusmodi
426 2613 579 2640 necessario
603 2612 754 2648 quidpiam,
781 2613 829 2641 sed
858 2618 935 2642 ortus
959 2622 1067 2650 expers,
1089 2615 1117 2643 in
1146 2617 1206 2652 ipso
1233 2625 1343 2653 quoque
1370 2618 1472 2646 mundo
1488 2619 1643 2660 ponendum
1675 2625 1741 2648 est:
1759 2628 1822 2648 cum
1850 2621 1910 2647 talis

304 2722 360 2757 ('55)
384 2723 713 2763 Τέλοςρναξηράνασα.
736 2727 799 2756 Loci
825 2728 908 2763 hujus
928 2729 1055 2757 lacunam

271 2762 414 2801 utramque
429 2768 461 2786 ex
469 2760 699 2801 .I‘tlontaclpodice
717 2760 919 2801 supplevimus;
935 2765 1055 2801 priorem

271 2792 312 2833 his
332 2793 425 2834 verbis
447 2795 520 2834 τέλος
544 2792 759 2833 dvagquvaaa;
771 2792 959 2834 posteriorem
979 2800 1055 2833 istis,

269 2828 298 2853 ὲν
309 2828 346 2865 τῇ
361 2828 434 2864 πάσῃ
451 2830 539 2865 οὐσίᾳ..

305 2861 359 2897 (3'3)
377 2865 409 2906 ᾙ
421 2861 674 2906 ἂπυκξιὶςὰστασις.
692 2868 777 2897 Nemo
790 2874 832 2906 est
853 2871 900 2906 qui
913 2871 966 2898 hoc
983 2870 1056 2898 Stoi-

270 2904 363 2925 corum
381 2901 478 2931 dogma
497 2900 580 2929 fuisse
593 2900 803 2938 nonagnoseat.
819 2905 850 2932 Β.
863 2900 1053 2941 Ἐρὶριτιιοὶυδ.

1106 2730 1206 2757 haeresi
1219 2737 1246 2762 v,
1270 2737 1351 2764 quem
1368 2734 1509 2757 auctorem
1525 2735 1636 2758 secutus
1649 2752 1656 2763 ,
1678 2733 1776 2759 nescio
1790 2752 1797 2763 ,
1816 2733 1910 2760 mundi

1106 2765 1317 2803 παλιγγενεσίαν
1342 2766 1604 2803 tacet,_animorum
1627 2769 1837 2803 μεταγγισμοὺς
1862 2769 1910 2795 καὶ

1107 2799 1370 2839 μετενσιιλματώσεις
1386 2801 1483 2839 iisdem
1496 2799 1633 2839 attribuit;
1648 2799 1711 2839 quiti
1725 2799 1911 2839 ‘Pyihagorco-

1106 2843 1167 2862 rum
1179 2843 1211 2872 ac
1221 2835 1425 2872 Platonicorum
1440 2837 1525 2864 tuere.
1539 2837 1608 2869 Imo,
1622 2835 1697 2872 quod
1710 2835 1791 2866 valde
1810 2835 1908 2867 mirum

1105 2875 1157 2911 est,
1186 2871 1283 2911 hau-esi
1299 2879 1337 2899 vn
1361 2871 1556 2907 Peripateticos
1577 2873 1673 2900 eodem
1700 2881 1799 2902 errore
1828 2875 1912 2903 simul

1106 2914 1172 2935 tnvo
1186 2911 1234 2935 tul.
