2045 3211
170 173 240 200 ΙΜΞ)

746 173 913 201 ΡῐὶᾸΞΡΑΒ.
935 172 1062 200 ΕνΑΝς.
1083 172 1147 200 LIB.
1168 173 1226 200 XV.

1726 178 1736 205 1
1742 179 1794 206 3510

169 226 266 248 natura
284 225 360 248 ortus
377 229 417 247 Slll
432 221 593 256 principium
608 221 707 248 habere
723 221 826 248 nullum
854 221 966 248 omnino
987 221 1083 255 possit.
1112 222 1145 248 Et
1167 221 1395 255 quemadmodum
1423 227 1484 250 ortu
1508 223 1565 258 ipsa
1582 231 1665 257 caret,
1693 225 1728 252 ita
1746 235 1793 256 nec

169 275 289 302 unqnatn
304 268 414 295 interire
423 273 521 302 potest,
538 275 599 295 cum
630 275 680 295 nec
698 268 757 302 ipsa
781 275 828 301 per
850 275 911 294 sese
926 267 1013 302 perire
1040 272 1131 301 queat,
1160 275 1210 294 nec
1241 267 1313 294 aliud
1329 268 1476 303 quidquam
1494 269 1539 301 sit,
1568 271 1640 305 quod
1659 272 1790 300 extrinse-

169 321 218 341 cus
234 313 306 340 illam
324 314 488 347 exstinguat.
508 323 516 338 ι

431 358 626 384 ΚΕΦΛΛΔΙΟΝ
643 359 685 386 K'.

223 405 321 447 Ὀξιως
333 414 510 446 δοξάζουσιν
525 416 552 441 ol
570 415 690 442 Στωϊκοὶ
701 415 765 449 περὶ
785 415 899 450 ψυχῆς.

207 480 216 496 ι
236 470 272 496 Τὸ
287 470 315 496 δὲ
329 469 438 505 σπέρμα
453 471 534 506 φησὶν
551 471 566 497 ὀ
581 472 673 502 Ζήνων
692 469 772 503 εἶναι,
786 471 801 498 ὃ
829 471 952 508 μεθίησιν

168 515 310 550 ἄνθρωπος
343 515 450 550 πνεῦμα
481 516 538 550 μεθ’
557 516 651 551 ὑργοῢ,
680 517 770 552 ψυχῆς
799 517 881 552 μέρος
907 518 953 544 ml.

166 561 344 595 ἀπόσπασμα,
359 560 406 587 καὶ
430 561 476 587 τοῦ
503 562 658 598 σπέρματος
678 562 724 588 τοῦ
741 562 796 589 τῶν
813 564 952 598 προγόνων

167 606 303 642 κέρασμα,
318 607 364 633 καὶ
383 607 470 642 μίγμα
484 607 538 634 τῶν
551 608 600 643 τῆς
624 608 713 643 ψυχῆς
731 608 821 645 μερῶν
843 610 953 644 συνελη-

167 652 256 683 λυθός.
275 652 356 687 Ἔχον
371 652 425 688 γὰρ
449 654 511 685 τοὺς
535 653 630 687 λόγους
646 654 684 689 τῷ
704 654 757 690 ὅλῳ
773 655 836 687 τοὺς
855 655 952 687 αὐτοὺς

166 697 254 730 τοῦτο,
283 698 347 724 ὅταν
367 698 454 734 ἀφεθῇ
468 699 508 730 εἰς
531 699 580 734 τὴν
599 700 714 735 μήτραν,
742 700 892 735 συλληφθὲν
906 701 952 727 ὑπ’

166 747 246 774 ἄλλου
261 747 424 782 πνεύματος,
439 747 519 783 μέρος
534 746 623 781 ψυχῆς
633 746 682 781 τῆς
706 746 752 772 τοῦ
775 746 879 781 θήλεος,
907 748 953 774 καὶ

167 794 288 828 συμφυὲς
300 793 454 828 γενόμενον,
476 792 578 827 κρυφέν
594 801 623 818 τε
645 792 706 827 φύει
723 792 879 827 κινούμενον
905 793 952 819 καὶ

165 839 408 876 ἀναρριπιζόμενον
437 839 481 865 ὑπ’
497 838 612 870 ἐκείνου,
633 837 840 873 προσλαμϐάνον
852 838 896 864 ἀεὶ
913 838 953 869 εἰς

165 886 196 912 τὺ
209 886 290 921 ὑγρὸν
310 886 356 912 καὶ
365 885 478 918 αὐξάνον
491 884 519 918 ἐξ
533 883 638 910 ἑαυτοῦ.
655 894 664 910 ι
693 884 746 910 Καὶ
763 883 831 918 μετὰ
851 884 953 919 βραχέα

166 933 312 966 ἐπιλέγει-ι
327 932 393 967 Περὶ
403 932 431 958 δὲ
444 931 533 966 ψυχῆς
549 930 688 965 Κλεάνθης
702 931 760 965 μὲν,
786 930 820 957 τὰ
833 931 954 965 Ζήνωνος

165 979 287 1014 δόγματα
300 978 514 1014 παρατιθέμενος
542 977 610 1013 πρὸς
637 977 789 1012 σύγκρισιν,
820 976 868 1012 τὴν
885 976 953 1012 πρὸς

165 1025 228 1055 τοὺς
244 1024 339 1055 ἄλλους
358 1024 412 1059 (57)
425 1024 565 1057 φυσικοὺς,
581 1023 672 1058 φησὶν,
696 1024 737 1050 ὅτι
755 1024 846 1059 Ζήνων
865 1023 953 1058 ψυχὴν

165 1069 238 1104 λέγει
252 1070 408 1105 αἴσθησιν,ἢ
422 1069 612 1105 ἀναθυμίασιν.
627 1069 753 1105 καθάπερ
768 1069 951 1104 Ἡράκλειτος.

1310 356 1425 384 CAPUT
1441 358 1500 385 XX.

1086 413 1313 446 Quemadmodum
1327 412 1411 440 Stoici
1427 415 1458 442 de
1471 416 1558 442 animo
1577 418 1703 444 sentiant.

1045 480 1055 496 ‹
1084 470 1192 504 Semen,
1222 471 1260 498 ait
1284 470 1367 504 Zeno,
1396 471 1531 506 spiritum.
1560 473 1681 508 inquam,
1707 475 1794 507 illum,

1007 524 1086 551 quem
1104 517 1186 544 homo
1199 517 1298 544 emittit
1315 525 1376 544 cum
1404 518 1517 545 humore
1533 519 1721 553 coniunctum,
1736 522 1794 548 aui~

1008 561 1045 588 mi
1065 561 1227 595 particulam
1253 568 1313 589 esse
1337 562 1530 597 revulsumque
1549 563 1679 597 fructum,
1703 566 1757 592 imo
1768 571 1794 593 ct

1007 612 1149 643 parentum
1166 609 1278 636 seminis
1292 610 1514 644 temperationem
1536 610 1665 645 aliquam,
1690 617 1717 638 et
1730 620 1795 640 con-

1006 658 1106 681 cretam
1123 661 1157 680 ex
1172 654 1254 680 animi
1269 655 1391 689 partibus
1409 656 1572 683 mistionem.
1592 656 1618 684 ld
1632 665 1714 692 erum,
1730 667 1793 686 cum

1005 700 1128 727 eamdem
1144 700 1171 726 in
1188 707 1227 730 se,
1244 708 1325 734 quam
1340 705 1424 728 totum
1441 702 1529 736 ipsum
1547 703 1601 729 vim
1613 705 1639 730 et
1661 705 1792 732 rationem

1006 745 1178 778 habeat,cum
1186 746 1213 772 in
1223 746 1490 781 vnlvamjmmissum
1500 747 1685 781 iucril,statim
1696 751 1728 777 ab
1739 751 1794 778 alio

1005 790 1102 825 spiritu
1115 791 1353 825 comprehensum,
1378 792 1518 820 muliebris
1536 793 1619 821 animi
1641 803 1704 829 pars
1719 804 1794 830 qum-

1004 836 1066 863 dam
1081 840 1232 871 naturaque
1248 842 1390 871 cognatum
1403 838 1517 866 eliicitur
1529 848 1536 872 ;
1547 839 1666 873 dumque
1681 841 1716 868 ibi
1730 842 1794 869 ahsv
1812 847 1813 850 ‘

1004 881 1142 909 conditum
1165 883 1224 917 ejus
1240 883 1267 910 vi
1285 888 1472 911 commovetur
1491 889 1519 911 et
1533 885 1678 917 excitatur,
1695 889 1794 914 crescit

1004 928 1134 962 paulatim
1153 929 1180 955 in
1206 928 1302 962 fetum,
1319 929 1424 956 humidi
1449 935 1541 965 partes
1565 932 1680 959 subinde
1708 941 1794 961 novas

1004 981 1158 1007 assumens,
1181 981 1212 1001 ac
1227 975 1346 1009 propriis
1357 975 1474 1010 gliscens
1485 976 1671 1005 incrementis.
1691 988 1700 1004 ι
1731 978 1794 1007 ιιιινο

1004 1019 1059 1046 ille.
1071 1018 1139 1046 Tum
1148 1019 1243 1054 paucis
1258 1019 1362 1054 aliquot
1376 1020 1543 1054 interiectis:
1562 1031 1571 1047 ‹
1583 1021 1739 1055 Cleanthes,
1749 1024 1793 1051 in-

1004 1065 1074 1101 quit,
1093 1064 1212 1092 Zenonis
1225 1065 1259 1092 de
1276 1066 1368 1093 animo
1380 1066 1506 1101 dogmata
1520 1075 1581 1094 cum
1596 1069 1711 1096 aliorum
1725 1070 1794 1106 phy-

166 1115 330 1150 Βουλόμενος
345 1115 399 1151 γὰρ
413 1115 568 1150 ἐμφανίσαι,
595 1115 635 1141 ὅτι
651 1115 679 1141 αἱ
692 1114 776 1149 ψυχαὶ
797 1114 952 1150 ἀναθυμιώ-

1006 1112 1125 1139 sicorum
1141 1111 1269 1146 opinione
1282 1112 1465 1145 committens,
1483 1112 1618 1141 Zenonem
1634 1115 1682 1148 ait,
1698 1123 1792 1150 quem—

168 1169 246 1195 μεναι
262 1161 353 1196 vespa).
367 1161 410 1187 ἀεὶ
421 1160 550 1195 γίνονται,
565 1161 674 1188 εἴκασεν
700 1161 785 1192 αὐτὰς
800 1162 857 1192 τοῖς
870 1169 954 1187 ποτα-

167 1206 237 1240 μοῖς,
251 1205 335 1239 λέγων
351 1205 445 1236 οὕτως’
469 1205 615 1240 Ποταμοίσι
645 1206 729 1231 τοῖσιν
759 1205 879 1232 αὐτοῖσιν
902 1206 953 1241 ὲμ-

166 1250 302 1277 ϐαίνουσιν
313 1251 393 1287 ἕτερα
407 1251 452 1277 καὶ
469 1251 549 1286 ἕτερα
566 1251 649 1277 ὕδατα
671 1251 788 1287 ἐπιρρεῖν
811 1252 857 1278 καὶ
867 1251 953 1286 ψυχαὶ

165 1298 220 1324 ἀπὸ
235 1297 289 1324 τῶν
301 1297 390 1333 ὑγρῶν
405 1297 616 1332 ἀναθυμιῶνται.
637 1297 830 1333 Ἀναθυμὶασιν
843 1298 893 1333 μὲν
907 1296 953 1325 οὖν

165 1343 264 1379 ὁμοίως
277 1343 316 1379 τῷ
339 1343 504 1379 Ἡρακλείτῳ
517 1344 565 1379 τὴν
578 1343 666 1379 ψυχὴν
687 1344 832 1379 ἀποφαίνει
848 1345 952 1379 Ζήνων.

166 1390 330 1425 Αἰσοητικὴν
346 1390 374 1416 δὲ
388 1390 471 1424 αὐτὴν
483 1388 551 1416 εἶναι
562 1390 604 1417 διὰ
618 1390 696 1417 τοῦτο
705 1390 789 1425 λέγει⁷
803 1391 842 1417 ὅτι
853 1390 954 1417 τυποῦ-

167 1437 228 1463 σθαί
242 1445 274 1470 γε
289 1436 397 1462 δύναται
414 1436 443 1462 τὺ
473 1436 596 1471 μέγεθος,
612 1436 642 1462 τὺ
660 1436 741 1472 μέρος
755 1436 785 1462 τὸ
804 1436 953 1472 ἡγούμενον

166 1482 261 1516 αὐτῆς,
278 1482 332 1508 ἀπὸ
347 1481 401 1508 τῶν
417 1481 499 1508 ὄντων
511 1482 556 1508 καὶ
568 1481 745 1518 ὑπαρχόντων
767 1481 822 1517 (58)
833 1482 877 1508 διὰ
898 1481 953 1508 τῶν

166 1527 359 1563 αἰσθητηρίων,
371 1527 417 1554 καὶ
433 1527 630 1563 παραδέχεσθαι
643 1528 693 1559 τὰς
704 1527 849 1558 τυπώσεις.
860 1527 953 1554 Ταῦτα

166 1573 221 1608 γὰρ
237 1572 288 1599 ἴδια
302 1573 389 1609 ψυχῆς
404 1574 470 1600 ἐστι.
484 1584 491 1598 ι
517 1573 571 1600 Καὶ
593 1573 650 1608 μεθ’
675 1574 766 1609 ἕτερα·
799 1583 808 1599 ι
826 1571 902 1600 Εἶναι
924 1574 952 1600 δὲ

163 1619 254 1654 ψυχὴν
267 1619 296 1644 ἐν
310 1619 348 1654 τῷ
366 1619 419 1654 ὅλῳ
430 1619 519 1654 φασιν,
535 1619 549 1645 ὃ
566 1618 692 1645 καλοῦσιν
703 1619 808 1655 αἰθέρα,
823 1619 870 1646 καὶ
884 1620 952 1655 ἀέρα

165 1664 259 1699 κύκλῳ
276 1664 339 1700 περὶ
355 1665 402 1699 τὴν
417 1665 468 1699 γῆν
491 1665 538 1690 καὶ
553 1664 698 1696 θάλασσαν,
731 1666 777 1692 καὶ
793 1665 825 1691 ἐκ
850 1664 953 1692 τούτων

165 1711 372 1746 ἀναθυμιάσεις
386 1710 434 1742 τὰς
451 1711 477 1737 δὲ
498 1711 592 1742 λοιπὰς
618 1711 706 1746 ψυχὰς
731 1712 952 1747 προσπεφυκέναι

164 1756 262 1793 ταύτῃ,
277 1757 337 1783 ὅσαι
364 1765 394 1782 τε
421 1757 448 1783 ἐν
466 1756 543 1788 ζώοις
573 1757 635 1788 εἰσὶ,
655 1757 702 1782 καὶ
726 1757 786 1783 ὅσαι
808 1757 836 1783 ἐν
850 1756 889 1791 τῷ
902 1765 951 1783 πε-

1004 1157 1152 1185 admodum
1171 1162 1198 1185 et
1214 1157 1393 1190 Heraclitum,
1408 1159 1492 1186 animi
1508 1164 1635 1188 naturam
1659 1161 1686 1188 in
1709 1170 1792 1190 sensu

1004 1207 1051 1230 aut
1074 1203 1246 1231 exhalatione
1275 1203 1410 1238 posuisse.
1436 1203 1504 1231 Cum
1533 1205 1605 1232 enim
1633 1206 1793 1234 exhalantes

1004 1249 1111 1276 animos
1126 1248 1263 1284 spiritales
1279 1256 1386 1284 semper
1405 1249 1472 1277 clIici
1488 1250 1676 1279 demonstrare
1701 1252 1790 1285 vellet,

1003 1302 1052 1322 eos
1066 1302 1129 1322 cum
1149 1295 1240 1323 ﬂuviis
1258 1295 1446 1330 comparabat,
1472 1296 1515 1324 his
1531 1297 1622 1325 verbis
1643 1303 1721 1326 utens
1736 1307 1746 1326 Ζ
1761 1298 1791 1326 ιη

1004 1341 1111 1374 ﬂuvios,
1127 1342 1277 1376 inquiebat,
1292 1341 1355 1369 licet
1370 1342 1450 1370 iidem
1463 1351 1549 1378 usque
1564 1343 1719 1377 decurrant,
1732 1346 1792 1373 alia;

1004 1390 1095 1413 tamen
1113 1390 1195 1421 atque
1210 1386 1270 1414 aliae
1288 1386 1436 1414 illabuntur
1453 1395 1539 1422 aquae.
1555 1387 1588 1416 Et
1606 1396 1671 1416 vero
1693 1391 1792 1417 animae

1003 1430 1085 1458 rebus
1100 1430 1225 1458 elilantur
1245 1439 1279 1458 ex
1302 1431 1433 1459 humidis.
1463 1433 1501 1460 Ita
1526 1432 1610 1467 Zeno,
1634 1434 1745 1469 perinde
1762 1440 1792 1463 ut

1003 1475 1167 1510 Heraclitus,
1182 1476 1303 1504 animum
1318 1477 1519 1505 cxhalationem
1535 1486 1596 1507 esse
1610 1479 1790 1509 demonstrat.

1001 1523 1084 1558 822
1107 1523 1237 1550 Eamdem
1257 1528 1397 1558 propterea
1422 1531 1505 1552 sensu
1524 1525 1625 1560 percipi
1641 1533 1721 1560 posse
1744 1527 1792 1554 de-

1002 1569 1099 1601 fendit,
1119 1569 1191 1604 quod
1205 1577 1269 1604 pars
1284 1570 1343 1604 ejus
1360 1569 1530 1606 facultasque
1552 1571 1687 1607 princeps,
1709 1573 1791 1601 rebus

1002 1615 1047 1649 iis,
1064 1622 1125 1650 quae
1143 1622 1191 1650 per
1205 1622 1335 1642 sensuum
1351 1615 1441 1643 aditus
1458 1623 1491 1644 eo
1502 1616 1630 1650 subeunt,
1645 1618 1790 1654 consigne-

1003 1665 1059 1694 tur,
1089 1668 1240 1696 earumque
1261 1660 1365 1688 formas
1389 1661 1575 1697 imaginesque
1595 1663 1734 1698 suscipiat.
1751 1664 1791 1691 Ea

1002 1706 1103 1742 quippe
1128 1707 1212 1734 animi
1229 1706 1338 1742 propria
1359 1711 1432 1734 sunt.
1449 1717 1458 1732 ι
1483 1707 1605 1743 Itemque
1629 1714 1692 1744 post
1715 1710 1789 1738 alia:

1006 1761 1015 1777 ι
1028 1752 1160 1780 Animum
1181 1756 1284 1786 autem,
1297 1752 1403 1787 inquit,
1424 1753 1451 1780 in
1472 1753 1600 1782 universo
1619 1762 1678 1782 esse
1698 1755 1789 1788 aiunt,

167 1802 294 1837 ριέχοντι·
311 1802 447 1837 διαμένειν
475 1802 529 1838 γὰρ
548 1803 597 1834 τὰς
617 1802 670 1829 τῶν
696 1803 884 1829 ἀποθανόντων
900 1803 952 1837 ψυ-

1004 1805 1084 1832 quem
1098 1798 1226 1826 aetherem
1237 1798 1287 1834 ipsi
1301 1806 1446 1834 acremque
1456 1804 1565 1833 vocant,
1576 1805 1658 1832 terra,
1669 1802 1750 1835 mari,
1763 1806 1792 1829 et

165 1848 226 1883 χάς.
242 1849 325 1875 Ἔνιοι
335 1848 363 1875 δὲ
385 1849 434 1884 τὴν
448 1849 496 1883 μὲν
509 1849 555 1875 τοῦ
567 1848 627 1875 ὅλου
645 1848 738 1880 ἀΐδιον,
754 1848 803 1880 τὰς
815 1849 842 1875 δὲ
858 1848 953 1880 λοιπὰς

166 1895 366 1930 συμμίγνυσθαι
384 1896 429 1922 ἐπὶ
442 1895 550 1930 τελευτῇ
568 1896 607 1927 εἰς
619 1895 737 1931 ἐκείνην.
752 1896 843 1930 Ἔχειν
859 1896 887 1922 δὲ
901 1896 953 1922 πᾶ-

167 1949 217 1966 σαν
226 1940 314 1975 ψυχὴν
334 1941 496 1975 ἡγεμονικόν
506 1950 532 1967 τι
554 1942 582 1967 ἐν
602 1941 682 1976 αὐτῇ.
700 1940 714 1966 ὃ
725 1940 756 1976 δὴ
780 1940 836 1977 ζωὴ
849 1940 896 1967 καὶ
912 1940 953 1966 αἶ·

167 1985 262 2021 σθησίς
280 1986 337 2012 ἐστι
355 1986 402 2012 καὶ
430 1986 512 2022 ὁρμή.
532 1995 540 2011 ι
571 1986 625 2012 Καὶ
637 1985 676 2012 ἔτι
689 1986 745 2021 μετ’
762 1986 849 2020 ὀλίγα·
866 1995 876 2011 ι
897 1986 952 2021 Τὴν

165 2031 194 2057 δὲ
209 2031 298 2067 ψυχὴν
313 2032 443 2066 γεννητήν
467 2041 495 2058 τε
522 2032 568 2058 καὶ
593 2031 715 2068 φθαρτὴν
742 2031 874 2066 λέγουσιν·
903 2031 953 2058 οὐκ

165 2077 246 2108 εὐθὺς
260 2077 288 2103 δὲ
304 2077 351 2103 τοῦ
367 2077 491 2112 σώματος
503 2077 704 2112 ἀπαλλαγεῖσαν
716 2077 885 2113 φθείρεσθαι,
894 2077 951 2104 ἀλλ’

165 2122 305 2158 ἐπιμένειν
333 2122 407 2154 τινὰς
432 2123 543 2158 χρόνους
564 2123 623 2150 καθ’
644 2124 752 2158 ὲαυτήψ
765 2123 814 2158 τὴν
827 2123 875 2158 μὲν
899 2122 953 2150 τῶν

167 2168 319 2195 σπουδαίων
331 2169 410 2204 μέχρι
423 2169 469 2204 τῆς
485 2170 523 2201 εἰς,
542 2169 597 2205 πῦρ
626 2169 781 2201 ἀναλύσεως
805 2169 860 2196 τῶν
886 2169 953 2195 ’πάν-

164 2222 231 2246 των,
246 2214 295 2250 τὴν
310 2214 337 2241 δὲ
349 2214 402 2241 τῶν
413 2215 536 2250 ἀφρόνων
547 2215 614 2250 πρδς
626 2214 726 2246 ποσούς
739 2223 814 2246 τινας
830 2214 950 2250 χρόνους.

166 2261 204 2286 Τὸ
216 2260 244 2286 δὲ
255 2260 392 2296 διαμένειν
407 2260 456 2292 τὰς
472 2260 560 2296 ψυχὰς
573 2260 644 2287 οὕτω
654 2261 787 2295 λέγουσιν,
802 2261 843 2287 ὅτι
865 2260 954 2295 διαμέ-

166 2315 248 2341 νομεν
263 2307 344 2342 ἡμεῖς
366 2307 448 2342 ψυχαὶ
471 2307 620 2341 γενόμενοι.
641 2306 688 2332 τοῦ
718 2305 842 2341 σώματος
871 2314 953 2341 χωρι-

167 2353 285 2384 σθέντος,
300 2353 346 2379 καὶ
358 2353 397 2384 εἰς
410 2353 512 2379 ἐλάττω
526 2352 722 2388 μεταϐαλόντος
736 2351 828 2378 οὐσίαν
841 2352 890 2387 τὴν
903 2351 952 2386 τῆς

165 2397 266 2433 ψυχῆς.
283 2397 338 2429 Τὰς
352 2398 379 2424 δὲ
392 2397 445 2424 τῶν
455 2398 578 2432 ἀφρόνων
592 2397 638 2424 καὶ
653 2397 757 2431 ἀλόγων
773 2390 850 2429 ζώων
865 2397 953 2431 ψυχὰς

167 2443 382 2470 συναπόλλυσθαι
394 2444 450 2474 τοῖς
469 2442 585 2478 σώμασι.
604 2453 612 2468 ι
643 2442 760 2468 Τοιαῦτα
784 2442 830 2469 καὶ
849 2441 882 2468 τὰ
904 2442 953 2476 τῆς

166 2489 289 2525 Στωϊκῆς
301 2489 459 2524 φιλοσοφίας
486 2489 618 2524 δόγματα,
646 2488 700 2515 ἀπὸ
722 2488 776 2513 τῶν
795 2487 953 2521 Ἐπιτομὴν

172 2535 278 2570 ’Δρειου
289 2534 402 2570 Διδύμου
417 2534 472 2569 (59)
486 2534 688 2568 συνειλεγμένα.
707 2533 777 2568 Πρὸς
793 2533 822 2560 δὲ
833 2533 882 2568 τὴν
889 2533 954 2567 περὶ

164 2581 255 2616 ψυχῆς
269 2581 367 2608 ἄτοπον
382 2580 436 2606 τῶν
453 2579 557 2615 ἀνδρῶν
581 2580 659 2613 δόξαν
678 2580 800 2614 ἀπαρκεῖ
821 2578 855 2605 τὰ
878 2578 954 2613 παρὰ

165 2627 291 2663 Λογγίνῳ
302 2627 340 2663 τῷ
365 2626 425 2653 καθ’
445 2627 518 2662 ἡμᾶς
534 2625 672 2660 συντόμως
702 2624 884 2660 ἀντειρημένα
912 2623 955 2650 διὰ

164 2673 276 2701 τούτων.

202 2753 259 2789 ('57)
279 2754 440 2788 Σύγκρισιν·
455 2751 513 2789 τὴν
528 2759 560 2778 π.
576 2751 654 2789 τηᾰ..
670 2751 719 2779 Hic
735 2752 815 2779 etiam
828 2760 860 2779 ex
872 2750 946 2789 Mon-

165 2787 218 2818 tac.
235 2787 330 2816 codice
340 2795 425 2823 pauca
440 2788 519 2814 verba
535 2787 730 2821 supplevitnus,
744 2795 860 2822 quorum
872 2787 947 2814 locus

165 2826 193 2852 in
210 2823 292 2858 priori
306 2824 422 2850 editione
435 2826 520 2858 vacat.

202 2859 258 2889 (3S)
275 2858 357 2886 Forte
377 2857 576 2891 ὐπεοχομένων.

1003 1844 1209 1878 erumpentibus
1226 1852 1260 1871 ex
1275 1848 1390 1879 utroque
1402 1845 1621 1874 exhalationibus
1642 1847 1791 1875 circumfu«

1002 1896 1061 1917 sam
1076 1898 1082 1916 :
1100 1889 1134 1917 ad
1149 1897 1211 1917 eum
1227 1897 1291 1917 vero
1311 1890 1442 1925 reliquam
1467 1891 1620 1918 animorum
1637 1893 1790 1920 multitudi-

1003 1942 1064 1962 nem
1082 1935 1277 1967 adhaerescere,
1289 1939 1344 1963 tam
1366 1936 1412 1971 qui
1432 1936 1627 1970 animantibus,
1642 1946 1721 1973 quam
1742 1938 1791 1973 qui

1002 1980 1139 2007 ambiente
1150 1988 1201 2008 nos
1215 1988 1277 2008 aere
1300 1982 1474 2009 continentur
1487 1991 1494 2009 :
1511 1983 1700 2011 defunctorum
1715 1985 1789 2012 enim

1002 2026 1109 2054 animos
1131 2027 1213 2054 etiam
1236 2032 1298 2062 post
1332 2027 1436 2055 obitum
1467 2036 1619 2063 superesse.
1645 2029 1790 2058 Nonnullis

1002 2073 1083 2100 etiam
1101 2074 1198 2108 placet,
1221 2073 1341 2101 universi
1367 2074 1477 2109 quidem
1501 2075 1623 2102 animum
1647 2077 1790 2111 sempiter-

1003 2128 1067 2147 num
1097 2127 1177 2152 esse,
1202 2119 1322 2154 reliquos
1348 2127 1412 2147 vero
1438 2120 1489 2148 sub
1505 2121 1643 2148 interitum
1669 2130 1730 2150 cum
1755 2131 1789 2151 eo

1002 2165 1184 2194 commisceri.
1213 2165 1344 2193 Caeterum
1370 2166 1520 2201 principem
1537 2167 1563 2194 in
1589 2168 1716 2196 omnibus
1738 2169 1789 2196 ali-

1002 2220 1084 2247 quam
1102 2212 1191 2239 inesse
1218 2216 1334 2247 partem,
1360 2219 1421 2246 qure
1438 2212 1504 2238 nihil
1536 2212 1607 2240 aliud
1636 2213 1681 2246 sit,
1706 2221 1788 2248 quam

1002 2258 1067 2292 vita,
1087 2265 1225 2293 quamque
1241 2258 1376 2285 sentiendi
1392 2258 1433 2285 vis
1451 2262 1477 2285 et
1494 2259 1647 2293 appetendi.
1672 2259 1788 2287 lterum-

1002 2312 1055 2339 que
1074 2308 1136 2339 post
1149 2312 1245 2339 pauca,
1260 2304 1381 2331 animum
1399 2311 1480 2339 porro
1494 2309 1521 2331 et
1538 2309 1627 2332 ortum
1647 2306 1747 2333 habere
1762 2311 1789 2334 et

1003 2351 1141 2378 interitum
1163 2351 1256 2378 subire
1271 2350 1346 2377 illum
1365 2350 1487 2385 quidem,
1509 2358 1564 2378 non
1581 2355 1670 2379 tamen
1691 2352 1788 2380 simul-

1003 2401 1084 2431 atque
1108 2402 1223 2431 corpore
1250 2395 1357 2423 solutus
1380 2400 1439 2429 est,
1457 2396 1579 2428 interire,
1604 2397 1652 2424 sed
1678 2405 1789 2426 manere

1004 2450 1051 2477 per
1076 2442 1195 2476 seipsum
1226 2441 1403 2476 aliquandiu:
1429 2449 1461 2469 ac
1484 2442 1647 2477 sapientium
1677 2443 1788 2478 quidem

1004 2488 1111 2515 animos
1123 2487 1156 2514 ad
1167 2492 1316 2514 extremam
1329 2495 1414 2521 usque
1425 2494 1514 2514 rerum
1527 2489 1553 2514 in
1565 2487 1652 2522 ignem
1665 2489 1787 2516 omnium

1004 2533 1229 2567 dissolutionem;
1255 2534 1398 2561 stultorum
1424 2541 1489 2560 vero
1515 2535 1622 2561 nonnisi
1649 2536 1787 2570 aliquanto

1005 2580 1134 2614 temporis
1150 2579 1303 2612 intervallo,
1319 2587 1470 2614 superesse.
1489 2579 1573 2606 Porro
1592 2583 1663 2615 quod
1681 2582 1787 2610 animos

1005 2623 1042 2649 illi
1058 2629 1216 2656 permanere
1232 2622 1341 2655 docent,
1354 2623 1379 2650 id
1397 2624 1436 2650 sic
1450 2623 1610 2659 intelligunt,
1625 2630 1654 2652 ut
1671 2634 1720 2654 nos
1735 2626 1787 2661 ipsi

1005 2668 1158 2696 animorum
1175 2668 1201 2695 in
1216 2673 1341 2696 naturam
1352 2674 1524 2698 transeuntes
1544 2679 1713 2705 maneamus,
1729 2673 1785 2708 jam

1043 2750 1097 2789 (59)
1123 2750 1189 2776 Ἀπὸ
1206 2749 1266 2789 τῷν
1291 2751 1439 2789 Ἐπιτομὴν
1459 2753 1566 2789 Ἀρείου
1582 2754 1720 2789 Διδύμων.
1734 2756 1783 2788 lla.

1001 2793 1062 2822 quae
1078 2784 1331 2822 deerant,»Mo_ntac.
1356 2784 1439 2822 codex
1461 2784 1561 2822 implet.
1580 2784 1675 2817 Melius
1695 2784 1787 2818 tamen

1001 2821 1149 2861 legeretur,
1231 2819 1285 2846 τῶν
1304 2821 1407 2861 ᾏρείου
1422 2822 1474 2861 (νει
1489 2819 1579 2861 potius
1596 2825 1713 2861 Ἀτηϊου,
1727 2827 1787 2854 sive

1007 2855 1121 2890 Ἄττιον)
1137 2855 1252 2890 Διδύμου
1265 2856 1324 2882 κατ’
1337 2855 1473 2893 ἐπιτομὴν
1489 2855 1588 2885 συνειλ.
