2045 3211
303 174 376 204 επις

607 172 739 200 EUSEBll
756 170 992 200 CESAlliENSlS
1005 171 1080 200 OPP.
1099 171 1189 200 PARS
1210 173 1243 202 ll.
1263 189 1298 193 —
1311 173 1556 202 APOLOGETICA.

1852 176 1910 204 1558

306 239 356 266 lre.
381 237 480 269 Quare,
498 234 520 261 si
543 240 604 268 pars
626 233 711 260 nostri
731 232 814 260 altera
836 240 936 267 corpus
965 236 1017 265 est,
1034 233 1082 259 toti

1137 232 1206 268 ἔχει;
1223 233 1239 268 ἢ
1255 233 1334 269 σῶμα
1353 234 1402 269 μὲν
1428 235 1466 267 ὃν,
1483 235 1589 266 πάντως
1615 235 1770 263 ἀνιλυτὲοψ
1794 236 1912 264 σύνθετον

306 290 372 312 sane
394 279 561 308 immortales
586 285 641 304 non
659 285 754 305 sumus
772 287 778 304 :
805 278 846 305 sin
868 283 958 305 autem
984 278 1084 305 instru-

306 332 427 356 mentum
450 326 592 355 duntaxat,
613 331 675 350 cum
701 323 735 350 ad
750 323 860 358 aliquod
883 323 963 350 modo
978 327 1084 358 tempus

306 373 479 403 concedatur,
494 378 526 398 ea
541 373 614 398 certe
628 373 724 396 natura
748 376 809 396 esse
825 368 954 403 oportuit.
973 369 1006 395 At
1021 376 1085 396 vero

304 427 368 455 pars
385 419 428 446 illa
444 417 579 452 princeps,
601 416 684 443 homo
702 415 811 450 inquam
835 415 958 449 ipsemet,
982 415 1005 441 si
1023 422 1086 442 cum

306 465 434 499 adjuncto
442 470 559 497 corpore
576 460 743 491 conferatur,
757 464 803 486 aut
816 459 910 487 forma:
922 460 1000 494 quasi
1017 467 1081 494 erga

306 510 459 541 materiam,
477 513 523 535 aut
539 507 618 542 quasi
645 513 708 541 erga
736 506 960 535 instrumentum.
984 504 1086 531 utentis

306 556 418 584 artiﬁcis
432 555 565 582 rationem
593 552 736 581 obtinebit.
760 551 872 579 Utrovis
895 556 984 578 autem
1005 551 1086 577 modo

305 606 452 636 spectetur,
469 602 550 628 homo
576 607 684 635 semper
699 599 758 634 ipse
781 598 890 625 futurus
905 601 947 624 est
963 596 1080 624 animus.

305 647 364 675 Jam
379 655 443 683 ergo
465 646 619 681 cujusmodi
643 646 753 672 tandem
779 644 824 671 ille
842 647 945 670 naturae
968 643 1028 670 est?
1056 642 1084 669 Si

306 701 417 728 corpus,
444 692 557 719 dissolvi
587 690 709 726 profecto
725 694 825 725 potest,
842 697 904 717 cum
932 689 968 716 sit
987 697 1086 724 corpus

305 746 386 766 omne
400 739 591 773 compositum.
622 737 670 764 Sin
690 736 746 764 veri
764 736 888 771 corporis
910 736 990 763 habet
1007 736 1084 768 nihil,

305 785 353 812 sed
388 785 468 812 aliam
498 783 714 817 dissimilemque
747 788 883 813 naturam.
916 782 976 817 ejus
1003 782 1084 809 etiam

305 831 488 858 consideratio
505 835 552 857 aut
567 830 660 857 eadem
677 829 757 856 nobis
771 829 822 855 erit
836 832 883 855 aut
900 828 953 855 alia
967 827 1084 863 quadam

306 877 414 904 ratione
430 876 580 904 tractanda.
608 875 641 902 Et
668 875 776 910 quidem
800 874 935 909 principio
958 881 1083 909 quzeren-

305 923 370 950 dum
383 926 436 954 est,
451 929 520 957 quas
533 921 560 948 in
575 929 618 949 res
640 928 739 956 corpus
760 920 836 952 illud,
861 920 1013 955 cujusmodi
1038 920 1084 951 sit,

306 968 379 1002 quod
395 967 514 994 animum
537 974 597 994 esse
616 965 718 996 volunt,
733 964 846 992 dissolvi
863 969 996 998 oporteat.
1013 962 1082 990 Nam

305 1021 367 1040 cum
387 1019 542 1040 necessario
562 1012 646 1039 vitam
662 1018 696 1038 ex
716 1018 775 1038 sese
788 1010 896 1037 animus
916 1009 1024 1041 habeat,
1048 1009 1086 1037 si-

301 1059 405 1086 militer
421 1057 535 1093 proinde
552 1064 665 1084 necesse
677 1060 728 1090 est,
745 1056 769 1083 si
786 1063 872 1091 genus
885 1055 951 1082 illud
962 1055 1087 1090 corporis

304 1107 352 1141 qui
368 1105 476 1132 animus
491 1110 542 1137 est,
560 1112 607 1132 σου
623 1104 750 1136 duorum,
767 1111 814 1130 seu
836 1102 955 1137 plurium
971 1110 1004 1129 ex
1025 1110 1086 1130 cor-

306 1159 402 1187 porum
424 1151 553 1179 societate
568 1149 715 1178 conllatum
738 1149 782 1181 sit,
808 1153 855 1176 aut
879 1149 1023 1183 conjuncta
1046 1148 1084 1176 si-

305 1198 362 1225 mul
384 1198 483 1228 ambo,
508 1202 555 1224 aut
575 1197 688 1224 scorsim
712 1197 793 1223 etiam
813 1195 919 1230 singula
939 1196 1085 1230 ingenitam

304 1243 357 1270 sibi
368 1243 450 1270 vitam
462 1243 572 1274 habere,
590 1246 637 1269 aut
648 1246 721 1269 certe
735 1245 845 1268 carente
863 1242 958 1274 altero,
970 1241 1083 1268 alterum

304 1288 438 1315 duntaxat
451 1295 482 1315 ea
496 1288 637 1322 praeditum
662 1294 732 1319 esse,
758 1290 805 1313 aut
820 1291 965 1321 utrumque
979 1294 1082 1313 carere.

301 1333 385 1369 825
402 1332 430 1360 Si
442 1341 505 1368 ergo
520 1332 597 1360 alteri
630 1331 719 1359 solum
731 1331 785 1358 vita
805 1331 879 1362 insit,
902 1330 967 1357 illud
991 1331 1079 1365 ipsum

305 1380 414 1406 animus
429 1379 490 1406 erit.
522 1379 555 1405 At
580 1377 734 1413 cujusmodi
765 1377 871 1404 tandem
901 1384 999 1411 corpus
1023 1384 1085 1404 esse

303 1430 402 1460 potest,
426 1424 499 1460 quod
523 1432 557 1452 ex
580 1431 639 1452 sese
663 1424 746 1451 vitam
770 1422 888 1450 habeat?
921 1421 988 1449 Nam
1015 1423 1084 1457 ignis

304 1471 425 1507 quidem,
445 1479 501 1504 aer,
518 1477 598 1505 aqua,
620 1474 703 1502 terra,
720 1469 811 1496 anitno
834 1476 882 1503 per
897 1475 957 1495 sese
975 1473 1082 1496 carent:

1139 278 1194 314 γὰρ
1206 280 1259 305 πᾶν
1273 287 1304 313 γε
1321 279 1408 315 σῶμαο
1425 281 1448 306 εἰ
1467 280 1495 306 δὲ
1509 281 1546 316 μὴ
1564 280 1642 316 σῶμα
1655 282 1710 317 εἴη,
1722 282 1789 308 ἀλλὰ
1814 283 1912 316 φύσεως

1140 324 1232 360 ἄλλης,
1247 325 1404 361 κάκείνηνῆ
1431 327 1501 353 κατὰ
1517 327 1562 352 τὸν
1581 327 1660 353 αὑτὸν
1682 328 1790 363 τρόπον,
1811 328 1828 363 ἢ
1849 329 1914 355 κατὰ

1139 370 1216 397 ἄλλον
1231 371 1372 397 σκεπτέον.
1400 372 1510 407 Πρῶτον
1532 373 1560 399 δὲ
1575 373 1706 400 σκεπτέον
1730 374 1797 409 (53),
1814 375 1852 407 εἰς
1868 375 1913 402 ὅτι

1139 415 1263 442 δεῖτοῦτο
1275 415 1306 442 τὸ
1321 415 1412 451 σῶμα,
1427 417 1441 442 ὃ
1464 416 1571 451 λέγουσι
1583 417 1681 453 ψυχὴν,
1694 418 1830 445 ἀναλύειν.
1845 419 1914 445 Ἐπεὶ

1140 461 1194 497 γὰρ
1209 461 1265 497 ζωὴ
1278 462 1348 497 ψυχῇ
1375 463 1505 498 πάρεστιν
1516 463 1545 496 ἐξ
1563 464 1696 499 ἀνάγκης,
1712 465 1818 501 ἀνάγκη
1844 465 1915 491 τοῦτο

1139 507 1169 533 τὸ
1182 507 1260 542 σῶμα
1282 508 1330 543 τὴν
1345 507 1443 544 ψυχὴν,
1457 510 1481 535 εἰ
1493 509 1542 544 μὲν
1559 511 1590 536 ὲκ
1602 510 1647 536 δύο
1657 510 1790 545 σωμάτων
1804 511 1820 545 ἢ
1832 510 1915 536 πλείο-

1139 562 1192 580 νων
1205 553 1259 588 εἴη.
1274 553 1332 588 ἦτοι
1347 554 1475 589 ἑκάτερον
1488 554 1585 586 αὐτῶν,
1599 555 1614 590 ἢ
1626 555 1749 586 ἕκαστον,
1767 555 1838 591 ζωὴν
1851 555 1914 590 σύμ-

1140 607 1221 633 φυτον
1236 598 1316 634 ἔχειν’
1332 599 1349 634 ἢ
1373 599 1403 625 τὸ
1424 599 1472 634 μὲν
1485 599 1566 634 ἔχειν,
1582 600 1611 626 τὺ
1628 600 1657 627 δὲ
1679 601 1728 636 μή·
1742 600 1759 636 ἣ
1775 601 1914 636 μηδέτερον

1140 644 1220 679 ἔχειν.
1232 645 1263 670 Εἰ
1275 645 1323 679 μὲν
1339 644 1371 679 δὴ
1384 645 1424 670 ἑνὶ
1438 644 1526 671 αὐτῶν
1535 645 1647 681 προσείη
1659 645 1689 672 τὸ
1705 646 1835 681 {immrito
1843 647 1916 673 τοῦτο

1139 689 1171 716 ἂν
1183 689 1224 725 εἴη
1237 690 1319 725 ψυχή.
1337 690 1368 716 Τί
1385 690 1417 717 ἂν
1431 688 1477 717 οὖν
1501 690 1542 726 εἴη
1559 691 1647 726 σῶμα,
1672 691 1743 726 ζωὴν
1760 693 1825 727 παρ’
1839 691 1915 718 αὑτοῦ

1139 736 1215 770 ἐχον;
1230 736 1289 772 Πῦρ
1301 736 1363 772 γὰρ,
1378 737 1425 762 καὶ
1442 736 1505 772 ἀὴρ,
1525 737 1571 764 καὶ
1593 737 1675 773 ὕδωρ,
1701 738 1748 764 καὶ
1772 739 1819 773 γῆ,
1831 739 1916 774 ἄψυχα

1140 782 1203 816 παρ’
1216 781 1304 807 αὐτῶν
1317 782 1364 808 καὶ
1394 782 1446 817 ὅτῳ
1471 782 1585 817 πάρεστι
1615 782 1714 809 τούτων
1844 783 1917 809 τοῦτο

1139 827 1250 862 ἐπακτῷ
1266 827 1398 862 κέχρηται
1421 829 1453 863 τῇ
1485 828 1550 863 ζωῇ.
1580 828 1662 855 Ἀλλα
1688 828 1717 855 δὲ
1736 830 1812 864 παρὰ
1838 829 1918 855 ταῦτα

1140 872 1252 908 σώματα
1267 874 1316 900 οὐκ
1331 874 1398 900 ἐστι.
1412 875 1465 900 Καὶ
1489 872 1529 906 οἷς
1556 874 1584 900 δὲ
1613 875 1686 901 δοκεῖ
1701 872 1768 901 εἶναι
1792 876 1916 909 στοιχεῖα,

1135 920 1236 946 τούτων
1250 920 1330 956 ἕτερα
1347 920 1460 955 σώματα
1474 920 1541 956 (54),
1568 921 1598 947 οὐ
1623 921 1706 956 ψυχαὶ
1721 920 1869 956 ἐλέχθησαν
1882 918 1916 946 εἷ-

1137 975 1190 998 ναι,
1204 967 1263 993 οὐδὲ
1276 966 1346 1002 ζωὴν
1369 967 1474 1002 ἔχοντα.
1498 967 1529 994 Et
1555 968 1584 993 δὲ
1611 967 1720 1003 μηδενὸς
1736 967 1827 994 αὐτῶν
1849 967 1916 1001 ζωὴν

1136 1012 1285 1048 ἓχοντος,ὴ
1309 1013 1415 1044 σύνοδος
1443 1013 1575 1048 πεποίηκε
1597 1012 1678 1048 ζωὴν,
1701 1013 1810 1040 ἄτοπον.
1839 1013 1870 1039 Εἰ
1891 1012 1916 1038 δὲ

1137 1059 1251 1085 ἕκαστον
1265 1058 1336 1094 ζωὴν
1347 1058 1414 1093 ἔχει,
1429 1058 1475 1086 καὶ
1491 1058 1520 1085 ἓν
1532 1059 1621 1094 ἀρκεῖ·
1639 1058 1737 1093 μᾶλλον
1751 1058 1779 1085 δὲ
1792 1057 1915 1085 ἀδύνατον

1137 1104 1306 1139 συμφόρησιν
1325 1105 1457 1139 σωμάτων
1483 1103 1555 1140 ζωὴν
1582 1104 1752 1140 ἐργάξεσθαι,
1782 1105 1830 1131 καὶ
1860 1104 1917 1130 νοῦν

1138 1151 1233 1185 γεννᾷν
1246 1149 1280 1176 τὰ
1295 1151 1405 1186 ἀνόητα.
1423 1151 1478 1178 Καὶ
1498 1151 1530 1186 δὴ
1544 1152 1590 1178 καὶ
1602 1151 1650 1186 οὐχ
1665 1151 1788 1178 ὁπωσοῦν
1806 1160 1919 1186 συγκρα-

1139 1196 1218 1222 θέντα
1231 1195 1317 1222 ταῦτα
1335 1197 1449 1232 φήσουσι
1465 1197 1600 1231 γενέσθαι.
1619 1198 1664 1223 Δεῖ
1686 1197 1739 1232 ἄρα
1753 1194 1821 1223 εἶναι
1832 1197 1862 1223 τὸ
1873 1197 1918 1223 τά-

1139 1241 1192 1273 ξον,
1206 1242 1252 1268 καὶ
1263 1242 1293 1268 τὸ
1306 1242 1356 1277 τῆς
1369 1243 1492 1278 κράσεως
1505 1242 1600 1270 αἴτιον·
1617 1242 1687 1269 ὥστε
1709 1242 1788 1269 τοῦτο
1798 1243 1875 1275 τάξιν
1889 1243 1919 1269 ἂν

1138 1286 1194 1322 ἔχοι
1209 1287 1307 1323 ψυχῆς.
1325 1289 1361 1315 Οὐ
1376 1288 1430 1324 γὰρ
1446 1289 1486 1315 ὃτι
1505 1289 1638 1320 σύνθετον,
1657 1289 1714 1315 ἀλλ’
1734 1288 1795 1315 οὐδὲ
1820 1288 1919 1315 ἁπλοῦν

1139 1333 1171 1360 ἂν
1183 1334 1224 1369 εἴη
1238 1335 1317 1369 σῶμα
1333 1335 1361 1362 ἐν
1375 1336 1430 1367 τοῖς
1445 1333 1519 1362 οὖσιν
1536 1336 1599 1362 ἄνευ
1616 1335 1704 1370 ψυχῆς
1725 1334 1808 1370 οὔσης
1819 1326 1862 1361 ’ἐν
1883 1335 1919 1370 τῷ

1138 1380 1234 1407 παντί·
1265 1381 1342 1416 εἴπερ
1367 1380 1444 1415 λόγος
1471 1381 1624 1416 προσελθὼν
1642 1383 1676 1416 τῇ
1703 1381 1753 1418 ὕλῃ
1771 1381 1851 1416 σῶμα
1863 1389 1920 1407 ποι-

1137 1426 1179 1458 εῖ,
1209 1426 1356 1462 οὐδαμόθεν
1388 1427 1411 1453 δ’
1442 1427 1475 1453 ἂν
1512 1427 1654 1463 προσέλθοι
1690 1427 1768 1462 λόγος
1795 1427 1813 1462 ἦ
1848 1426 1920 1462 παρὰ

1136 1470 1234 1506 ψυχῆςι

305 1523 332 1545 et
349 1518 426 1545 sicui
441 1525 472 1545 ex
501 1517 554 1545 illis
584 1517 693 1544 animus
715 1517 888 1551 adjungatur,
912 1515 938 1543 id
960 1516 1015 1542 vita
1041 1517 1125 1544 utitur
1144 1525 1257 1552 prorsus
1277 1520 1433 1548 adventilia.
1457 1519 1591 1548 Cancrum
1615 1525 1713 1556 praeter
1733 1508 1854 1555 quatuor
1877 1520 1922 1548 illa

303 1575 431 1603 corpora,
447 1566 551 1593 nullum
568 1570 609 1593 εει
637 1565 721 1592 aliud.
753 1564 822 1592 Etsi
844 1564 944 1599 quibus
971 1564 1104 1592 elementa
1123 1567 1246 1600 quaedam
1266 1575 1326 1595 esse
1350 1568 1447 1603 placet,
1473 1577 1534 1603 qua:
1564 1569 1660 1596 horum
1692 1569 1840 1596 dissimilia
1868 1570 1921 1596 sint

302 1621 430 1650 corpora,
448 1620 480 1640 ea
507 1616 596 1639 tamen
620 1619 670 1638 nec
695 1611 801 1637 animos
823 1609 874 1644 ipsi
897 1614 1005 1641 vocant,
1035 1617 1084 1637 nec
1103 1611 1184 1638 vitam
1204 1620 1237 1639 ex
1251 1620 1309 1640 sese
1329 1613 1429 1640 habere
1460 1614 1563 1641 volunt.
1585 1613 1644 1641 Jam
1673 1614 1695 1642 si
1713 1615 1819 1642 nullum
1844 1615 1923 1642 exiis

304 1662 360 1690 vita
384 1661 526 1697 praeditum
553 1659 614 1691 erit,
643 1659 777 1686 absurdus
801 1657 912 1684 omnino
937 1657 981 1688 sit,
994 1658 1041 1691 qui
1063 1665 1097 1684 ex
1116 1659 1237 1686 omnium
1259 1660 1450 1695 conjunctione
1466 1662 1548 1688 vitam
1581 1661 1649 1689 eﬂici
1678 1661 1788 1689 dixerit.
1815 1661 1844 1688 Si
1860 1669 1924 1689 vero

305 1707 445 1745 quodlibet
458 1706 542 1733 vitam
577 1705 684 1736 habeat,
710 1705 753 1732 vel
770 1704 879 1731 unicum
902 1703 968 1730 satis
985 1704 1045 1730 erit.
1061 1703 1117 1731 imo
1136 1713 1200 1732 vero
1223 1706 1279 1734 ﬁeri
1312 1708 1386 1734 nullo
1413 1708 1496 1735 modo
1521 1713 1618 1742 potest.
1648 1708 1686 1735 uti
1715 1717 1867 1737 concursus
1881 1710 1924 1737 ille

305 1760 449 1787 corporum
479 1753 561 1778 vitam
586 1751 702 1783 cﬂiciat,
731 1758 846 1786 qumque
868 1749 1044 1785 intelligentia
1073 1756 1194 1783 careant,
1216 1760 1246 1779 ca
1275 1758 1402 1788 generent
1425 1755 1638 1790 intelligentiam.
1664 1755 1698 1782 At
1718 1755 1762 1782 illa
1788 1756 1849 1791 ipsa
1870 1764 1924 1784 non

305 1807 338 1826 ex
362 1799 503 1826 temeraria
527 1798 644 1833 quadam
663 1798 838 1832 permistione
862 1796 920 1823 ﬁeri
950 1797 1088 1831 objicient.
1109 1796 1185 1830 Quod
1203 1798 1285 1834 igitur
1299 1799 1326 1826 vi
1356 1808 1406 1827 sua
1435 1801 1588 1828 mistioncm
1615 1801 1689 1828 illam
1710 1802 1809 1830 ordine
1830 1803 1924 1830 modo-

305 1852 358 1879 que
383 1843 513 1879 perﬁciat,
536 1851 596 1871 esse
620 1843 723 1878 aliquid
744 1842 878 1877 oportebit
900 1852 906 1869 :
932 1847 1013 1876 atque
1036 1842 1100 1870 illud
1120 1843 1241 1877 profecto
1262 1845 1347 1872 animi
1372 1845 1432 1873 loco
1456 1846 1610 1873 habendum
1633 1846 1694 1873 erit.
1719 1845 1829 1881 Corpus
1850 1848 1924 1875 enim

305 1899 358 1919 non
372 1890 451 1919 modo
462 1891 654 1926 compositum,
674 1891 721 1918 sed
735 1898 770 1917 ne
783 1890 896 1924 simplex
928 1889 1037 1924 quidem
1053 1890 1137 1917 ullum
1163 1891 1214 1919 hac
1239 1892 1266 1918 in
1293 1900 1384 1919 rerum
1408 1897 1504 1920 natura
1529 1900 1590 1920 esse
1619 1893 1714 1928 possit,
1744 1893 1797 1920 nisi
1814 1893 1923 1921 animus

304 1938 332 1964 in
345 1938 470 1964 universo
482 1937 561 1964 fuerit
574 1945 634 1965 cum
656 1937 726 1964 ratio
742 1937 786 1971 ad,
797 1936 939 1964 materiam
957 1936 1088 1964 accedens
1106 1944 1206 1972 corpus
1229 1938 1335 1971 clliciat,
1363 1947 1412 1966 nec
1434 1939 1460 1966 in
1477 1946 1536 1965 eam
1558 1939 1665 1966 aliunde
1693 1939 1764 1966 ratio
1784 1946 1869 1974 quam
1890 1939 1923 1966 ab

304 1983 396 2010 animo
409 1983 528 2017 profecta
543 1982 637 2010 subire
653 1982 748 2017 possit.

343 2037 352 2054 ι
367 2028 443 2061 Quod
470 2029 492 2055 si
510 2029 571 2063 quis
595 2029 657 2062 erit,
675 2029 720 2063 qui
741 2028 822 2056 aliam
840 2029 970 2058 insistens
996 2029 1082 2060 viam,
1096 2029 1118 2059 C

303 2082 338 2101 ex
351 2074 451 2101 atomis
468 2080 514 2101 aut
529 2074 675 2101 individuis
692 2074 855 2108 quibusdam
872 2075 941 2102 inter
955 2083 1015 2102 sese
1024 2083 1086 2102 con-

303 2119 478 2146 currentibus
491 2119 612 2146 animum
624 2118 691 2145 eﬂici
705 2118 792 2151 malit,
806 2119 827 2146 is
839 2119 881 2146 vel
892 2119 1085 2154 conjunctione

305 2167 373 2200 ipsa,
390 2171 418 2193 et
439 2165 611 2192 atrectionum
635 2165 838 2197 communione,
862 2165 984 2200 adeoque
1007 2172 1083 2192 com—

302 2211 434 2238 missione
449 2215 542 2237 mutua
566 2209 645 2236 facile
671 2209 844 2236 revincatur:
873 2217 935 2236 cum
962 2218 996 2237 ex
1021 2211 1082 2244 illis,

302 2264 364 2291 qua:
378 2263 427 2284 nec
442 2256 523 2282 ullam
541 2256 632 2283 subire
649 2255 829 2288 ati‘ectionem,
857 2263 906 2282 nec
927 2256 1000 2283 inter
1024 2263 1084 2284 sese

303 2301 431 2336 conjungi
449 2302 556 2337 possint
570 2302 741 2336 corporibus,
757 2308 841 2328 unum
857 2300 970 2335 aliquid,
990 2305 1016 2328 et
1034 2301 1084 2329 iis-

303 2347 363 2375 dem
376 2347 564 2375 aﬂ'ectionibus
585 2347 746 2379 obnoxium,
763 2346 915 2381 cujusmodi
934 2353 1006 2374 certe
1023 2347 1084 2374 ani-

302 2401 364 2421 mus
387 2398 438 2427 est.
453 2394 510 2421 ﬁeri
538 2394 611 2421 nullo
640 2394 722 2420 modo
749 2397 847 2428 queat;
878 2400 965 2427 neque
982 2400 1015 2420 ex
1038 2393 1082 2427 iis,

301 2447 363 2475 qua:
380 2440 504 2474 partibus
521 2445 640 2472 careant,
662 2444 709 2466 aut
719 2446 830 2473 corpus,
850 2443 897 2465 aut
925 2439 1083 2473 magnitudo

303 2486 358 2512 ulla
377 2486 513 2521 generari.
539 2485 611 2518 lam,
637 2487 658 2514 si
688 2485 762 2521 quod
787 2485 814 2512 in
837 2485 952 2519 simplici
971 2492 1084 2519 corpore

303 2531 425 2558 materia:
438 2532 571 2558 rationem
596 2531 705 2562 habeat,
731 2530 963 2566 (quandoquidem
989 2530 1084 2556 incon-

302 2577 388 2603 ditum
406 2577 471 2611 quid
489 2582 516 2604 et
545 2576 690 2604 confusum
714 2577 828 2603 materia
850 2576 915 2610 est,)
940 2576 1023 2602 vitam
1048 2582 1083 2602 ex

303 2628 365 2648 sese
379 2621 479 2648 nullam
495 2622 594 2649 habere
612 2622 769 2649 fatebuntur
784 2621 821 2648 illi
836 2621 958 2656 quidem,
977 2620 1024 2648 sed
1042 2625 1084 2647 ta—

337 2688 393 2724 (53)
411 2690 529 2723 Πρῶτον
544 2690 578 2716 δὲ
593 2689 750 2716 σκεπτέον.
775 2688 837 2716 Haec
851 2688 974 2716 Plotinus
990 2688 1080 2720 addit,

301 2724 452 2759 rectissime
466 2733 472 2749 :
487 2725 554 2751 alias
567 2732 663 2752 sensus
677 2725 755 2759 plane
769 2725 869 2752 nullus.

338 2758 393 2794 (5L)
411 2759 561 2793 Στοιχεῖα,
585 2758 696 2786 τούτωῷ
724 2759 809 2793 ἕτερα
839 2758 967 2793 σώματα.
1003 2758 1080 2794 Apud

301 2793 436 2829 Plotinum
455 2795 490 2820 ita
501 2795 569 2829 phase
584 2795 710 2822 distincta
735 2795 853 2829 reperies
863 2814 869 2825 ,
885 2795 1002 2828 στοιχεῖα
1014 2793 1079 2829 ζεού-

300 2836 365 2860 των,
379 2828 460 2864 ἕτερα
475 2828 596 2863 σώματα,
614 2831 685 2864 quod
703 2828 812 2857 Ficinus
826 2834 934 2856 secutus
948 2834 999 2856 est.
1013 2828 1077 2855 Mihi

300 2868 396 2892 neutra
419 2863 554 2891 distinctio
579 2863 683 2900 placere
701 2869 797 2899 potest.
815 2864 904 2892 Malim
928 2871 992 2899 ergo
1019 2864 1077 2897 sic,

1171 2037 1181 2052 ι
1196 2027 1228 2053 Εἰ
1239 2026 1267 2053 δέ
1280 2034 1321 2057 τις
1344 2025 1380 2061 μὴ
1390 2025 1485 2057 οὕτως,
1504 2025 1570 2052 ἀλλὰ
1584 2025 1729 2060 ἀτόμουςῆ
1746 2026 1840 2061 ἁμερῆ
1858 2034 1922 2052 συν-

1136 2073 1246 2100 ελθόντα
1275 2072 1364 2108 ψυχὴν
1383 2074 1468 2099 ποιεῖν
1492 2072 1574 2106 λέγοι,
1596 2073 1630 2107 τῇ
1653 2070 1747 2098 ὲνώσει
1772 2071 1822 2097 καὶ
1833 2072 1923 2106 epoto-

1135 2119 1234 2155 παθειᾳ
1248 2118 1377 2154 ἐλέγχοιέ
1391 2118 1434 2150 ἂν,
1460 2119 1507 2145 καὶ
1517 2119 1549 2154 τῇ
1568 2117 1717 2153 παραθέσει
1737 2116 1775 2152 μὴ
1802 2116 1837 2142 δι’
1848 2117 1921 2148 ὅλου,

1134 2166 1164 2192 οὐ
1179 2165 1318 2200 γινομένου
1335 2164 1402 2196 ἑνὸς,
1419 2164 1479 2190 οὐδὲ
1493 2163 1650 2199 συμπαθοῦς
1673 2162 1703 2194 ἐξ
1725 2162 1850 2194 ἀπαθῶν,
1875 2163 1922 2189 καὶ

1137 2212 1173 2248 μὴ
1202 2211 1325 2238 ένοῦσθαι
1349 2210 1503 2246 δυναμένων
1528 2210 1669 2245 σωμάτων·
1691 2209 1765 2245 ψυχὴ
1786 2209 1816 2235 δὲ
1837 2209 1920 2243 ἑαυτῇ

1136 2256 1290 2292 συμπαθής·
1304 2255 1335 2281 ἐκ
1347 2255 1374 2281 δὲ
1389 2255 1498 2290 ἀμερῶν
1508 2254 1563 2289 (55)
1580 2254 1658 2289 σῶμα
1673 2254 1733 2280 οὐδὲ
1755 2254 1871 2288 μέγεθος
1889 2252 1921 2279 ἂν

1135 2303 1248 2337 γένοιτο.
1264 2302 1319 2328 Καὶ
1345 2301 1397 2336 μὴν
1422 2303 1454 2332 si,
1474 2300 1559 2327 ἁπλοῦ
1581 2301 1657 2331 δντος
1672 2300 1719 2326 τοῦ
1737 2299 1875 2334 σώματος,
1890 2298 1921 2324 τὸ

1137 2347 1186 2382 μὲν
1198 2347 1259 2373 ὅσον
1274 2344 1376 2378 ὑλικδν,
1394 2347 1458 2382 παρ’
1471 2346 1551 2372 αὑτοῦ
1569 2344 1639 2380 ζωὴν
1653 2346 1725 2380 ἔχειν
1732 2345 1764 2371 οὐ
1775 2345 1918 2380 φήσουσιν·

1136 2393 1196 2428 (ὕλη
1209 2392 1262 2428 γὰρ
1275 2393 1390 2427 ἀποιοψ)
1409 2391 1438 2418 τὸ
1465 2391 1493 2417 δὲ
1523 2390 1592 2417 κατὰ
1615 2390 1644 2417 τὸ
1659 2389 1728 2421 εἶδος
1755 2390 1922 2424 τεταγμένου

1135 2439 1273 2474 ἐπιφέρειν
1288 2439 1336 2474 τὴν
1351 2439 1432 2474 ζωήψ
1450 2439 1474 2464 εἰ
1489 2438 1536 2473 μὲν
1551 2437 1642 2464 οὐσίαν
1666 2438 1781 2472 φήσουσι
1806 2437 1836 2463 τὸ
1853 2435 1921 2467 e160;

1134 2483 1211 2510 τοῦτο
1223 2482 1301 2515 εἶναι,
1319 2485 1348 2510 οὺ
1365 2483 1395 2510 τὸ
1414 2483 1624 2519 συναμφότερον,
1647 2482 1760 2517 Θάτερον
1774 2482 1804 2508 δὲ
1818 2482 1921 2508 τούτων

1135 2529 1209 2556 ἔσται
1225 2529 1337 2565 ὴψδχή·
1355 2530 1403 2556 καὶ
1419 2530 1468 2556 οὐκ
1484 2527 1577 2556 ἕστάὗ
1594 2529 1682 2564 σῶμα
1699 2529 1729 2555 οὐ
1744 2529 1799 2564 γὰρ
1817 2528 1846 2560 ἐξ
1855 2528 1921 2563 ὖλης

1134 2575 1181 2601 καὶ
1196 2575 1270 2602 αὐτό·
1285 2576 1302 2611 ἢ
1318 2575 1397 2602 πάλιν
1412 2575 1457 2601 τὸν
1470 2575 1550 2602 αὑτὸν
1564 2575 1661 2610 τρόπον
1677 2574 1859 2609 ἀναλύσομεν.
1890 2573 1921 2600 Εἰ

1134 2621 1162 2647 δὲ
1175 2621 1289 2656 πάθημα
1302 2622 1350 2656 τῆς
1361 2621 1437 2657 ὕλης,
1453 2620 1510 2648 ἀλλ’
1523 2621 1573 2647 οὐκ
1589 2620 1680 2647 οὐσίαν
1693 2621 1824 2656 φήσουσιν
1835 2618 1919 2646 εἶναι·

1135 2689 1270 2722 στοιχεῖα.
1294 2687 1394 2714 τούτων
1411 2687 1506 2722 ἕτερα,
1528 2687 1654 2722 σώματα,
1671 2687 1701 2714 οὐ
1723 2687 1818 2722 ψυχαί.
1839 2687 1921 2714 Verte

1135 2723 1226 2758 igitur,
1249 2722 1283 2749 Ει
1299 2724 1321 2749 si
1335 2723 1437 2757 quibus,
1455 2729 1549 2756 prruIer
1565 2726 1635 2753 luto.
1652 2724 1708 2749 alia
1728 2724 1850 2757 quaedam
1869 2723 1922 2749 ele-

1134 2757 1221 2785 nienta
1235 2766 1289 2784 esse
1302 2757 1401 2792 placet.
1419 2766 1450 2784 ea
1467 2763 1552 2784 tanien
1572 2766 1617 2784 nec
1628 2758 1730 2784 animos
1746 2758 1798 2792 ipsi
1814 2761 1919 2788 οοεαιιι,

1133 2794 1177 2820 sed
1193 2801 1312 2824 corpora,
1328 2801 1372 2819 nec
1386 2794 1466 2819 vitum
1477 2801 1509 2820 ex
1522 2801 1576 2820 sese
1590 2793 1683 2820 habere
1698 2793 1800 2820 volunt.

1167 2828 1222 2864 (55)
1239 2828 1317 2856 Forte
1333 2829 1394 2856 add.
1409 2828 1479 2854 οὐδέ.
