2045 3211
174 190 244 217 1557

743 188 902 217 ΡΒᾸΞΡΛΠ.
924 189 1048 217 EVANG.
1070 189 1132 217 Lm.
1156 189 1210 217 XV.

1722 191 1788 218 1553

173 249 219 282 ἀφ’
230 246 260 275 οὗ
274 249 303 273 th
318 248 430 284 πάθημα
458 250 503 274 καὶ
516 250 532 283 ἡ
550 249 605 283 ζωὴ
631 249 670 280 εἰς
693 250 743 284 τὴν
768 249 834 285 ὓλην
850 248 943 284 ἐλήλυο

1012 256 1073 276 men
1087 250 1158 284 quod
1175 249 1201 275 in
1218 256 1250 276 eo
1270 248 1363 275 forma:
1377 249 1466 276 locum
1482 252 1581 278 teneat.
1606 249 1631 275 id
1650 249 1730 276 vitam
1744 252 1788 276 at”-

173 293 280 325 λεξιτὲον
296 294 396 325 αὐτοῖς.
414 294 450 319 Οὐ
467 293 521 329 γὰρ
533 294 563 329 δὴ
578 294 594 327 ἡ
612 293 660 329 ὕλη
675 294 773 329 ἑαυτὴν
782 295 957 330 μορφοτωὺδὲ

173 338 256 374 ἑαυτῇ
267 339 355 374 ψυχὴν
371 339 498 372 ἐντίθησι.
518 340 563 365 Δεῖ
579 339 610 374 δὴ
627 339 680 374 ἄρα
695 348 721 365 τι
743 338 811 367 εἶναι
825 340 855 366 τὸ
877 349 959 375 χορη-

172 383 220 417 γδν
236 384 317 418 ζωῆς,
332 384 385 410 εἴτε
402 385 432 419 τῇ
449 383 499 419 ὕλῃ
517 385 531 418 ἡ
554 384 679 419 χορηγία,
709 384 757 411 εἷθ’
774 385 874 420 ὁτῳοῦν
903 386 958 411 τῶν

173 429 318 463 σωμάτων,
335 429 387 462 ἔξω
399 429 438 460 ὃν,
450 430 496 456 καὶ
519 429 645 456 ἐπέκεινα
657 430 711 465 (56)
734 430 892 465 σωματικῆς
905 431 956 465 φύ-

172 483 251 506 σεως.
273 475 349 501 Ἐπεὶ
361 475 414 500 οὐδ’
426 474 459 501 ἂν
478 474 521 509 εἴη
538 474 616 510 σῶμα
634 475 720 506 οὐδὲν,
737 475 855 511 ψυχικῆς
880 476 958 503 δυνά-

173 529 247 556 μεως
260 521 309 546 οὐκ
321 520 413 556 οὔσης.
435 521 491 547 Ῥεῖ
506 522 570 556 γὰρ,
599 521 647 547 καὶ
669 521 697 546 ὲν
710 522 781 556 φορᾷ
796 521 851 556 (57)
875 521 956 548 αὑτοῦ

171 567 189 601 ἡ
206 565 299 600 φύσις,
313 566 360 593 καὶ
376 566 493 592 ἀπόλοιτ’
510 565 541 592 ἂν
560 566 596 597 ὡς
615 566 739 601 τάχιστα,
759 567 783 592 εἰ
803 567 891 593 πάντα
905 566 957 592 σώ-

172 619 247 645 ματα
263 612 316 647 εἴη,
333 611 385 639 κᾶν
395 612 419 637 εἰ
433 612 517 646 ὄνομα
532 612 572 637 ἑνὶ
587 612 674 638 αὐτῶν
687 612 775 647 ψυχήν
788 620 830 643 τις
844 611 953 639 τιθοῖτο.

171 656 212 683 Τὰ
225 657 293 683 αὐτὰ
309 657 363 693 γὰρ
379 657 412 684 ἂν
435 657 515 684 πάθοι
543 659 598 688 τοῖς
620 657 708 689 ἄλλοις
732 657 864 692 σώμασιν,
890 657 955 694 ὕλης

172 703 236 738 μιᾶς
247 702 329 738 οὔσης
343 703 443 734 αὐτοῖς.
457 703 564 729 Μᾶλλον
580 703 608 729 δὲ
619 703 672 729 οὐδ’
688 703 720 730 ἂν
752 703 865 737 γένοιτο,
887 703 955 730 ἀλλὰ

171 749 299 783 στήσεται
312 749 340 775 ἐν
354 748 402 784 ὕλῃ
415 749 449 774 τὰ
465 749 562 779 πάντα.
580 749 616 784 μὴ
633 748 709 780 ὄντος
724 749 770 775 τοῦ
789 750 955 785 μορφοῦντος

169 795 264 831 αὑτήν.
283 795 359 830 Τάχα
384 795 406 822 δ’
422 795 455 821 ἂν
470 795 524 821 οὐδ’
552 794 585 821 ἂν
607 796 624 830 ἡ
649 794 697 830 ὕλη
713 795 742 821 τὺ
753 796 881 831 παράπαν
900 797 952 831 εἴη,

169 840 312 876 λυθήσεται
325 841 353 867 δὲ
370 842 417 868 καὶ
430 841 486 868 τόδε
502 841 532 868 τὸ
553 840 670 876 σύμπαν.
688 841 714 868 εἴ
733 851 774 873 τις
802 843 869 878 αὐτῇ
898 843 952 879 (58)

166 878 322 913 ’πιστεύσειε
352 886 476 922 σώματος
499 887 630 923 συνέρξει,
656 887 742 919 διδοὺς
764 887 838 923 αὐτῷ
865 888 952 924 ψυχῆς

168 930 255 964 τάξιν,
271 932 350 967 μέχρι
365 931 418 957 τῶν
433 932 583 967 ὀνομάτων,
603 932 663 967 ἀέρι
679 933 725 958 καὶ
742 932 876 968 πνεύματι
890 942 952 960 σκε-

167 976 331 1011 δαστοτάτῳ,
346 977 393 1003 καὶ
414 976 452 1011 τῷ
479 977 518 1002 ἑνὶ
546 975 615 1004 εἶναι
637 977 723 1013 ἔχοντι
735 978 764 1004 οὐ
783 978 949 1013 παράὺτοῦ.

167 1021 230 1053 IIII);
240 1021 293 1057 γὰρ
307 1021 477 1057 τεμνομένων
487 1021 539 1047 τῶν
550 1022 658 1050 πάντων
673 1024 814 1058 σωμάτων,
829 1023 951 1058 ᾡτινιοῦν

167 1076 209 1099 τις
224 1067 359 1099 ἀνατιθεὶς
376 1068 433 1094 τόδε
449 1068 478 1093 τὸ
504 1068 567 1099 πᾶν,
585 1070 634 1095 οὐκ
646 1069 757 1104 ἀνόητόν
774 1078 804 1096 τε
816 1070 861 1096 καὶ
872 1071 951 1106 φερό-

167 1121 248 1148 μενον
261 1113 320 1148 εικῆ
334 1114 455 1148 ποιήσεις
474 1115 521 1146 Τίς
537 1115 590 1150 γὰρ
613 1115 688 1147 τάξις
703 1116 733 1142 ὲν
747 1115 879 1151 πνεύματι
892 1116 950 1143 δεο-

168 1158 241 1194 μένῳ
258 1159 332 1194 παρὰ
344 1159 432 1195 ψυχῆς
444 1160 555 1192 τάξεως,
584 1161 600 1195 ἦ
625 1161 710 1195 λόγος,
728 1161 744 1196 ἢ
773 1162 851 1194 νοῦς;
871 1162 948 1189 Ἀλλὰ

165 1203 255 1239 ψυχῆς
282 1206 330 1239 μὲν
346 1205 437 1240 οῠσης,
453 1206 575 1241 ὺπουργὰ
603 1206 688 1234 ταῦτα
711 1207 798 1234 πάντα
825 1209 893 1244 αὐτῇ
908 1209 948 1240 εὶς

166 1249 294 1277 σύστασιν
307 1251 419 1286 κόσμου,
437 1251 484 1277 καὶ
495 1251 563 1282 ζώου
574 1251 700 1282 ἑκάστου,
713 1251 795 1286 ἄλλης
818 1253 883 1287 παρ’
899 1253 947 1279 ἄλ·

165 1294 212 1321 λου
229 1295 368 1330 δυνάμεως
382 1297 421 1327 εἰς
433 1296 464 1322 τὸ
477 1295 537 1322 ὅλον
552 1296 737 1331 συντελούσης·
750 1296 851 1331 ταύτης
864 1297 891 1323 δὲ
909 1297 947 1332 μὴ

165 1340 306 1375 παρούσης
318 1341 346 1367 ἐν
359 1342 412 1373 τοῖς
425 1341 505 1372 ὅλοις,
517 1341 592 1368 οὐδὲν
605 1341 637 1368 ειν
660 1342 702 1377 εἴη
726 1342 821 1373 ταῦτα,
839 1343 887 1378 οὐχ
907 1343 946 1369 ὅτι

164 1385 194 1411 ὲν
208 1386 293 1418 τάξει.

1010 294 1080 321 ferre
1091 294 1198 321 dicent:
1217 294 1240 321 si
1259 294 1373 321 formam
1387 293 1460 320 illam
1477 301 1524 328 pro
1542 294 1660 320 essentia
1676 299 1788 320 natura-

1009 347 1060 374 que
1075 345 1187 375 ponant,
1204 347 1257 367 nan
1271 340 1328 374 jam
1343 345 1489 374 utrumque
1502 339 1593 372 simul,
1612 339 1657 366 sed
1670 340 1785 367 alterum

1009 387 1139 413 duntaxat
1159 386 1266 413 animus
1282 390 1325 412 est
1344 385 1463 416 futurus,
1480 392 1529 411 nec
1544 385 1569 411 id
1587 385 1674 418 ipsum
1689 392 1787 419 corpo-

982 429 987 434 ’
1008 432 1047 458 ris
1075 431 1192 466 amplius
1216 431 1401 458 conditionem
1426 431 1562 462 retinebit,
1589 431 1687 465 quippe
1715 431 1785 465 quod

1007 477 1080 504 omni
1092 478 1204 504 materia
1217 483 1325 509 careat;
1341 485 1420 505 secus
1435 477 1519 507 enim,
1539 477 1603 502 illud
1624 477 1719 503 eodem
1736 477 1786 503 ite-

1007 530 1067 549 rum
1083 524 1164 550 modo
1181 524 1352 558 partiremur.
1379 523 1426 548 Sin
1450 527 1552 552 autem,
1571 522 1596 548 id
1614 521 1785 549 affectionem

1007 568 1125 595 materia:
1147 569 1248 604 potius,
1273 576 1354 603 qttam
1373 569 1521 595 essentiam
1537 568 1623 602 ipsam
1640 575 1701 594 esse
1718 567 1787 594 mal-

1008 614 1078 647 lcnt;
1096 619 1236 649 exponant
1253 614 1366 649 proinde
1380 621 1493 641 necesse
1508 618 1559 646 est,
1575 621 1630 648 quo
1652 621 1686 640 ex
1711 612 1787 639 fonte

1006 660 1033 686 in
1048 660 1189 688 materiam
1202 660 1247 687 illa
1263 667 1325 687 cum
1345 659 1462 692 aﬂectio,
1476 663 1534 686 tum
1548 660 1630 686 etiam
1644 659 1699 689 vita
1714 659 1795 686 deri--

1008 711 1094 733 vetur.
1124 706 1178 732 Nec
1195 706 1267 733 cnim
1283 705 1333 732 sibi
1349 706 1400 740 ipsi
1418 705 1530 732 materia
1545 709 1592 731 aut
1613 704 1728 731 fortnam
1744 705 1787 731 in-

1006 751 1103 782 fundit.
1123 756 1170 778 aut
1186 752 1319 778 animum.
1335 751 1481 777 Auctorem
1498 750 1580 785 igitur
1592 750 1651 777 vita:
1668 750 1784 784 aliquem

1006 805 1066 824 esse
1090 797 1236 831 oportebit,
1254 804 1301 824 sett
1329 797 1450 823 materias
1472 796 1630 823 beneﬁcium
1655 796 1706 822 hoc
1729 794 1786 825 lict.

1005 850 1052 870 seu
1071 842 1182 869 cuilibet
1195 841 1320 876 corpori;
1336 841 1419 876 826
1430 845 1456 867 et
1478 849 1542 868 vero
1555 846 1692 868 auctorem
1710 840 1785 874 ejus-

1004 887 1088 919 modi,
1102 886 1148 920 qui
1172 891 1199 913 et
1225 894 1340 920 corpore
1365 894 1468 914 vacuus
1501 886 1546 917 sit.
1572 891 1599 912 et
1627 893 1784 920 corpoream

968 926 989 952 Β
1003 940 1111 960 omnem
1125 937 1249 959 naturam
1265 932 1424 967 longissime
1440 936 1660 967 praetergressus.
1692 931 1786 958 Enim-

1005 985 1067 1004 vero
1096 977 1118 1004 si
1147 977 1230 1004 animi
1255 977 1329 1004 nulla
1364 977 1405 1004 vis
1431 983 1513 1010 esset.
1538 985 1637 1012 corpus
1660 977 1785 1004 similiter

1004 1031 1084 1051 omne
1099 1023 1246 1050 tolleretur.
1274 1022 1347 1050 Fluit
1363 1024 1435 1050 enim
1460 1023 1537 1055 illud,
1552 1027 1633 1057 atque
1655 1025 1682 1050 in
1708 1027 1784 1050 motu

1003 1073 1058 1097 tota
1073 1069 1132 1104 ejus
1151 1075 1248 1096 natura
1272 1073 1415 1096 versatur:
1434 1069 1556 1103 adeoque
1568 1069 1592 1096 si
1612 1076 1727 1103 corpora
1740 1077 1782 1096 es-

1003 1120 1063 1142 sent
1083 1115 1186 1147 omnia,
1204 1115 1344 1143 celerrime
1371 1115 1463 1142 omnia
1493 1115 1645 1148 interirent,
1673 1115 1782 1142 tametsi

1003 1161 1050 1188 uni
1089 1161 1195 1188 cuidam
1219 1168 1314 1188 eorum
1343 1160 1428 1188 animi
1459 1168 1556 1188 nomen
1581 1160 1778 1195 imponeretur.

1002 1207 1080 1234 Tunc
1093 1207 1166 1234 enim
1191 1207 1287 1234 eadem
1303 1207 1426 1239 omnino,
1452 1214 1512 1242 qua
1533 1211 1629 1234 caetera
1654 1214 1779 1241 corpora.

1001 1251 1110 1278 animus
1141 1251 1190 1278 iste
1214 1255 1361 1285 pateretur.
1390 1259 1451 1278 cum
1482 1259 1537 1278 una
1554 1251 1676 1278 omnium
1710 1256 1781 1278 esset

1001 1296 1209 1331 communisque
1235 1297 1360 1324 materia.
1385 1297 1441 1324 lmo
1469 1304 1551 1329 certe,
1577 1297 1644 1323 nihil
1673 1297 1781 1331 penitus

1001 1342 1088 1374 ﬁeret,
1099 1347 1180 1377 atque
1197 1342 1223 1369 in
1244 1343 1358 1370 materia
1369 1343 1494 1371 universa
1511 1343 1704 1375 consisterent,
1718 1351 1779 1370 cum

1001 1393 1075 1416 esset
1111 1388 1189 1420 nihil,
1208 1395 1223 1415 a
1238 1396 1292 1423 quo
1304 1385 1369 1423 ipsa
1392 1388 1507 1416 formam
1542 1389 1684 1423 acciperet.
1708 1387 1779 1421 Quin

163 1431 245 1458 etiam
273 1433 384 1460 materia
414 1432 482 1460 forte
505 1434 577 1460 nulla
606 1441 717 1468 prorsus
749 1434 811 1463 erit.
835 1435 939 1469 hocque
958 1434 1115 1461 universum
1147 1433 1259 1460 omnino
1284 1433 1458 1467 dissolvetur,
1479 1435 1501 1461 si
1525 1433 1587 1468 quis
1609 1434 1697 1468 ipsum
1719 1441 1780 1461 cor-

163 1477 239 1511 p0ris
269 1478 385 1513 alicujus
405 1480 571 1514 colligationi
592 1480 755 1514 permiserit,
777 1481 822 1507 cui
847 1481 958 1508 nomine
975 1484 1055 1507 tenus
1083 1480 1165 1507 animi
1187 1480 1240 1507 vim
1272 1483 1299 1506 et
1313 1480 1446 1507 rationem
1468 1480 1598 1507 attribuat
1617 1481 1687 1507 aeris
1707 1481 1779 1507 verbi

162 1531 258 1556 causa,
270 1528 297 1551 et
307 1525 427 1559 spiritus,
445 1526 491 1560 qui
513 1531 540 1553 et
554 1525 682 1554 facillime
698 1526 826 1561 dissipari
843 1531 936 1561 queat,
958 1534 1007 1554 nec
1022 1531 1050 1553 ut
1074 1534 1157 1553 unum
1173 1525 1277 1560 aliquid
1297 1526 1343 1558 sit,
1360 1533 1407 1560 per
1433 1533 1492 1553 sese
1512 1525 1620 1553 habeat.
1635 1524 1703 1552 Nam
1717 1533 1778 1552 cum

162 1570 247 1597 dividi
271 1579 384 1606 corpora
400 1572 502 1605 omnia,
527 1573 668 1608 secarique
683 1573 800 1607 possint,
829 1574 891 1608 quis
913 1582 1008 1601 eorum
1035 1573 1083 1601 ulli
1106 1573 1158 1600 hoc
1189 1572 1341 1599 committat
1362 1571 1528 1604 universum,
1561 1571 1626 1607 quin
1656 1571 1726 1600 idem
1742 1572 1779 1599 si—

162 1617 220 1644 mttl
233 1622 260 1645 et
276 1623 366 1647 mente
376 1627 490 1647 vacuum
523 1620 613 1654 faciat,
631 1625 658 1648 et
685 1622 829 1649 temerario
848 1622 965 1656 quodam
986 1626 1060 1649 motu
1091 1621 1241 1656 agitatum?
1260 1619 1330 1652 Quid
1348 1620 1421 1647 enim
1438 1627 1470 1648 eo
1486 1620 1512 1646 in
1527 1620 1622 1655 spiritu
1635 1626 1682 1648 aut
1705 1620 1779 1647 ordi-

162 1665 207 1692 nis
220 1665 265 1698 sit,
290 1671 337 1694 aut
359 1667 484 1700 rationis,
504 1673 552 1695 aut
577 1670 687 1701 mentis,
710 1677 791 1704 quem
816 1677 871 1696 non
897 1670 950 1697 nisi
970 1669 1052 1697 animi
1077 1668 1206 1696 beneﬁcio
1230 1667 1352 1695 ordinem
1383 1667 1482 1695 habere
1502 1667 1640 1702 oporteat?
1670 1667 1709 1694 Ac
1730 1674 1779 1702 po—

161 1710 216 1737 sito
230 1712 312 1738 semel
324 1712 425 1744 animo,
439 1718 536 1741 cuncta
550 1715 607 1742 haec
631 1714 820 1742 administram
850 1715 901 1750 ipsi
928 1715 1058 1743 continuo
1071 1718 1173 1742 navant
1197 1721 1317 1748 operam,
1344 1717 1375 1740 ut
1397 1720 1450 1741 non
1469 1712 1521 1748 ipsi
1545 1717 1649 1740 tantum
1665 1713 1777 1745 mundo,

160 1756 209 1784 sed
223 1757 304 1784 etiam
315 1758 447 1786 animanti
468 1767 517 1787 sua
530 1761 628 1795 ettique
661 1761 801 1796 integritas
813 1761 998 1796 perfectioque
1023 1765 1136 1794 constet,
1164 1760 1198 1787 ad
1222 1766 1367 1787 commune
1376 1759 1495 1786 universi
1509 1759 1609 1786 bonum
1631 1759 1684 1786 vim
1696 1760 1777 1788 aliam

159 1803 217 1830 alio
241 1802 406 1833 conferente.
433 1803 484 1838 Qui
511 1806 620 1833 animus
647 1807 669 1834 si
691 1807 726 1834 ab
753 1807 848 1834 eodem
865 1807 952 1834 aberit
971 1807 1109 1838 universo,
1135 1810 1241 1833 tantum
1269 1805 1347 1832 abest
1367 1804 1406 1831 uti
1423 1812 1502 1831 suum
1519 1813 1631 1840 quasque
1654 1807 1776 1834 ordinem

159 1849 286 1876 habitura
305 1850 369 1880 sint.
386 1856 415 1878 ut
432 1852 521 1885 potius
539 1853 606 1879 nihil
621 1853 733 1880 omnino
756 1854 811 1881 sint
827 1854 930 1881 futura.

199 1903 209 1920 ι
222 1895 396 1931 Μαρτυροῦσι
411 1897 438 1924 δὲ
459 1898 506 1924 καὶ
518 1899 593 1925 αὐτοὶ
608 1899 659 1925 ὑπὸ
676 1900 725 1934 τῆς
737 1899 864 1935 ἀληθείας
880 1900 944 1934 ἀγό-
957 1904 978 1932 C

160 1948 249 1975 μενοι.
262 1941 301 1972 ὡς
317 1941 356 1967 δεῖ
377 1951 403 1968 τι
426 1943 478 1978 πρὸ
504 1943 557 1970 τῶν
575 1944 707 1979 σωμάτων
735 1943 804 1972 εἶναι
822 1948 945 1982 κρεῖττον

159 1987 250 2014 αὐτῶν
263 1987 351 2023 ψυχῆς
366 1985 444 2020 εἶδος,
460 1989 550 2016 ἔννουν
578 1990 608 2016 τὸ
625 1991 731 2026 πνεῦμα.
744 1992 791 2018 καὶ
822 1992 877 2028 πῦρ
893 2001 946 2019 νοε-

158 2033 208 2068 ρὸν
221 2033 367 2068 τιθέμενοι,
393 2035 486 2071 ὥσπερ
509 2036 571 2062 ἄνευ
601 2037 685 2072 πυρὸς
709 2037 725 2072 ἥ
751 2038 903 2074 πνεύματος
914 2039 944 2066 οὐ

157 2078 310 2114 δυναμένης
318 2080 368 2115 τῆς
382 2081 534 2116 κρείττονος
553 2082 649 2118 μοίρας
662 2085 691 2109 ἐν
705 2085 761 2120 τοῖς
778 2082 852 2111 οὖσιν
863 2084 943 2116 εἶναι,

157 2123 239 2151 τόπον
255 2124 283 2151 δὲ
299 2125 431 2162 ζητούσης
440 2128 479 2158 εἰς
491 2127 522 2154 τὸ
536 2127 684 2164 ἱδρυθῆναι·
699 2129 758 2156 δέον
775 2129 864 2165 ζητεῖν
877 2131 943 2158 ὅπου

156 2169 193 2196 τὰ
207 2169 320 2206 σώματα
344 2171 506 2207 ἱδρύσουσιν,
523 2174 560 2206 ὡς
577 2174 630 2209 ἄρα
645 2174 684 2200 δεῖ
710 2175 794 2202 ταῦτα
811 2177 839 2202 ὲν
855 2176 943 2211 ψυχῆς

155 2216 303 2251 δυνάμεσιν
316 2217 446 2253 ἱδρῦσθαι.
474 2219 505 2245 Εἰ
531 2220 559 2246 δὲ
576 2220 656 2254 μηδὲν
682 2220 758 2256 παρὰ
772 2221 802 2247 τὺ
817 2222 941 2257 πνεῦμα,

158 2261 206 2288 καὶ
221 2261 269 2297 τὴν
286 2262 368 2297 ζωὴν,
383 2264 430 2290 καὶ
446 2264 495 2299 τὴν
506 2264 594 2300 ψυχὴν
609 2265 736 2296 τίθενται,
761 2266 786 2292 τι
815 2266 846 2292 τὸ
860 2267 942 2293 πολυ-

158 2306 304 2342 Θρύλλητον
316 2308 414 2340 αὐτοῖς,
430 2318 438 2334 ι
451 2309 509 2340 πῶς
526 2309 598 2344 ἕχον,
617 2319 625 2335 ι
640 2311 679 2341 εἰς
688 2311 701 2336 ὖ
714 2311 940 2345 καταφεύγουσιν,

156 2352 371 2387 ἀναγκαζόμενοι
391 2353 510 2380 τίθεσθαι
524 2355 587 2381 ἄλλο
600 2356 675 2392 παρὰ
684 2356 718 2383 τὰ
734 2356 847 2392 σώματα
863 2357 941 2391 φύσει

155 2398 335 2434 δραστήριονς
351 2399 382 2425 Εἰ
397 2397 442 2425 οὖν
455 2400 484 2426 οὺ
507 2401 561 2427 πᾶν
583 2401 631 2435 μὲν
657 2401 765 2436 πνεῦμα
783 2403 873 2438 ψυχὴ,
901 2403 940 2428 ὅτι

156 2443 244 2479 μυρία
260 2444 401 2480 πνεύματα
414 2444 514 2480 ἄψυχα.
531 2445 562 2472 τὸ
574 2446 602 2472 δέ
615 2455 673 2478 πως
687 2446 747 2481 ἕχον
766 2447 872 2482 πνεῦμα
890 2448 941 2482 φή-

157 2497 243 2516 σουσι·
256 2490 285 2516 τὸ
299 2490 356 2521 πῶς
364 2490 424 2525 ἕχον
435 2491 523 2522 τοῦτο,
542 2492 588 2518 καὶ
606 2491 706 2527 ταύτην
726 2493 774 2528 τὴν
797 2493 898 2527 σχέσιν,
922 2492 938 2528 ἦ

154 2534 211 2560 τῶν
226 2534 308 2561 ὀντων
319 2543 345 2561 τι
362 2535 502 2570 φήσουσιν,
517 2535 534 2570 ἢ
551 2536 643 2570 μηδέν.
664 2535 732 2562 Ἀλλ’
747 2537 771 2562 εἰ
785 2536 833 2571 μὲν
846 2536 937 2572 μηδὲν,

155 2579 265 2615 πνεῦμα
275 2579 328 2615 (59)
336 2580 368 2607 ἂν
379 2580 421 2615 εἴη
439 2579 527 2615 μόνον,
544 2581 574 2607 τὸ
589 2580 617 2607 δέ
632 2590 689 2612 πως
704 2581 773 2615 ἔχον,
786 2582 878 2617 δνομα·
891 2582 938 2608 καὶ

154 2625 226 2652 οὕτω
240 2625 406 2661 συμὸήσεται
418 2626 509 2657 αὐτοῖς
525 2626 585 2652 οὐδὲ
599 2626 662 2653 ἄλλο
673 2627 747 2653 οὐδὲν
763 2625 833 2654 εἶναι
847 2627 936 2661 λέγειν

153 2671 172 2706 ἢ
188 2671 238 2706 τὴν
249 2670 383 2705 ὓλην-καὶ
410 2671 508 2707 ψυχὴν,
536 2672 584 2699 καὶ
609 2672 685 2704 Θεὸν,
712 2674 759 2700 καὶ
788 2674 872 2709 ὄνομα
902 2674 936 2700 τὰ

154 2716 244 2743 πάντα
256 2716 323 2750 (60),
341 2717 428 2744 ἐκεῖνο
438 2717 466 2743 δὲ
481 2717 569 2752 μόνον.
589 2719 620 2744 Et
637 2718 666 2744 δὲ
683 2718 736 2744 τῶν
745 2719 829 2745 ὄντων
845 2719 934 2754 ήσχέ-

267 2771 425 2800 Έπέκεινα.
442 2772 481 2800 lta
498 2781 532 2800 ex
547 2773 662 2806 Plotino,
686 2781 739 2801 non
763 2775 881 2810 ἀπέσχον
902 2780 932 2802 ut

153 2815 229 2833 Illle.

259 2842 312 2881 ξρν-
324 2842 414 2881 φορᾷ,
425 2842 459 2870 Ut
475 2842 584 2876 Plotin.,
595 2851 649 2871 non
665 2845 695 2871 οὐ
713 2845 792 2881 φορά,
806 2848 835 2872 ut
846 2846 930 2880 prius.

188 2876 245 2910 (58)
258 2876 338 2904 Forte
350 2878 425 2904 αὑτό.

190 2911 245 2946 (59)
259 2912 388 2946 Πνεῦμα,
401 2918 453 2942 etc.
469 2913 586 2941 Duarum
600 2922 696 2942 vocum
714 2915 866 2945 mctathesi.
882 2916 932 2944 hoc

1033 1898 1080 1926 «Et
1101 1899 1210 1933 quidem
1233 1898 1346 1925 veritate
1373 1897 1506 1932 compulsi
1535 1898 1696 1932 proﬁtentur
1720 1897 1773 1933 ipsi

996 1952 1116 1980 quoque,
1131 1949 1193 1971 ante
1207 1951 1320 1978 corpora
1331 1948 1433 1971 certam
1449 1944 1595 1978 quamdam
1613 1943 1697 1970 animi
1710 1951 1774 1978 spe-

996 1991 1076 2023 ciem,
1101 1990 1154 2017 illis
1185 1989 1312 2017 omnibus
1339 1989 1554 2023 praestantiorem
1579 1997 1640 2017 esse
1664 1989 1774 2020 debere.

995 2036 1060 2063 dum
1073 2036 1198 2070 spiritum
1217 2035 1293 2062 illum
1309 2039 1399 2062 mente
1414 2035 1556 2069 praeditum
1581 2040 1663 2070 atque
1685 2035 1775 2070 ignem

996 2081 1171 2116 intelligentia
1182 2081 1315 2108 valentem
1329 2085 1452 2116 ponunt;
1467 2081 1577 2116 perinde
1592 2086 1621 2108 ut
1633 2081 1655 2108 si
1673 2081 1775 2116 absque

994 2128 1037 2155 vel
1053 2128 1114 2163 igne
1130 2128 1171 2155 vel
1189 2127 1297 2162 spiritu,
1312 2127 1362 2154 hac
1381 2127 1407 2154 in
1425 2135 1515 2154 rerum
1531 2127 1706 2155 universitate
1719 2136 1774 2155 non

995 2179 1087 2209 posset
1100 2174 1275 2201 excellentior
1297 2174 1342 2201 illa
1355 2173 1528 2208 diviniorque
1558 2179 1654 2201 natura
1683 2175 1774 2202 consi—

994 2226 1076 2253 stere,
1100 2219 1149 2247 sed
1174 2220 1264 2247 locum
1290 2218 1335 2246 tibi
1363 2219 1475 2254 gradum
1494 2219 1579 2247 solide
1604 2219 1707 2255 ﬁgeret,
1724 2221 1774 2247 ali-

993 2274 1073 2301 quem
1092 2266 1150 2301 ipsa
1168 2266 1328 2301 requireret,
1345 2273 1407 2293 ettm
1422 2273 1470 2293 eos
1487 2265 1575 2300 potius
1589 2265 1635 2292 ubi
1650 2273 1698 2293 sua
1712 2274 1772 2293 cor-

992 2312 1105 2346 poribus
1127 2312 1243 2339 tirmitas
1268 2319 1328 2339 esse
1346 2315 1448 2346 posset,
1465 2311 1604 2345 requirere
1625 2315 1771 2346 oporteret,

993 2358 1092 2392 quippe
1107 2365 1189 2392 quam
1202 2357 1266 2384 alibi
1282 2364 1417 2391 nusquam
1441 2361 1619 2392 praeterquam
1641 2358 1728 2391 ipsius
1743 2358 1770 2384 in

992 2403 1076 2429 animi
1106 2403 1211 2429 viribus
1243 2403 1366 2430 obtinere
1399 2402 1513 2437 possint.
1548 2402 1599 2436 Qui
1629 2404 1652 2430 si
1675 2408 1771 2438 printer

991 2449 1129 2484 spiritum,
1144 2448 1217 2475 aliud
1241 2449 1309 2475 nihil
1321 2454 1348 2475 et
1370 2449 1454 2478 vitam
1467 2453 1496 2476 et
1517 2449 1638 2476 animum
1654 2457 1714 2477 esse
1727 2450 1769 2477 di—

991 2498 1062 2525 cent.
1080 2494 1253 2528 quaerendum
1266 2501 1297 2521 ex
1319 2494 1372 2521 illis
1389 2499 1439 2525 est.
1462 2494 1526 2528 quid
1543 2494 1594 2522 sibi
1611 2495 1676 2522 velit
1689 2503 1769 2523 suum

991 2540 1056 2566 illud
1071 2544 1142 2566 certo
1158 2548 1185 2567 se
1199 2540 1276 2566 modo
1292 2539 1400 2571 habent.
1424 2543 1478 2566 tam
1503 2539 1574 2574 apud
1595 2547 1642 2568 eos
1664 2542 1770 2570 celebre

954 2573 976 2600 D
990 2585 1124 2620 totiesque
1137 2585 1278 2619 iactatum,
1296 2585 1330 2612 ad
1342 2585 1413 2619 quod
1429 2573 1581 2619 unumiipsi
1597 2586 1768 2622 confugiunt,

990 2630 1090 2664 aliquid
1107 2629 1178 2657 aliud
1192 2634 1289 2665 praeter
1301 2637 1426 2664 corpora,
1441 2629 1513 2664 quod
1530 2629 1683 2658 eﬂ'ectivum
1705 2641 1766 2660 sua-

989 2681 1033 2711 pte
1064 2679 1159 2703 natura
1196 2676 1250 2708 sit,
1287 2675 1408 2710 proferre
1445 2674 1587 2708 compulsi.
1622 2674 1768 2704 Enimvero

988 2721 1010 2747 si
1048 2727 1097 2747 nec
1137 2720 1249 2755 spiritus
1277 2720 1365 2747 omnis
1407 2719 1514 2746 animus
1542 2724 1592 2752 est,
1625 2728 1686 2747 cum
1726 2723 1766 2749 vis

985 2781 1036 2808 est,
1051 2776 1157 2812 πνεῦμα
1176 2782 1203 2803 et
1217 2776 1311 2812 ὄνομα,
1326 2783 1406 2803 sensu
1423 2775 1521 2812 omnis
1535 2777 1604 2811 apud
1619 2776 1765 2805 Eusebium

985 2812 1158 2846 perturbatus
1183 2816 1241 2839 erat
1256 2811 1365 2846 ίῦνομα
1385 2811 1458 2839 enitn
1486 2811 1580 2844 initio,
1603 2812 1711 2847 πνεῦμα
1738 2815 1766 2840 in

986 2849 1038 2873 line
1052 2846 1163 2873 membri
1176 2847 1322 2881 legebatur.

1021 2882 1074 2917 (60)
1094 2880 1252 2918 Ὄνοιέᾳτὰ
1264 2882 1370 2908 πάντα.
1385 2880 1481 2914 Recte;
1496 2889 1550 2909 non
1564 2882 1681 2918 ὀνόματα
1698 2883 1766 2910 πάν--

986 2925 1028 2949 τα,
1045 2922 1074 2944 ut
1088 2917 1157 2952 apud
1176 2917 1318 2944 l’lotinutn.
