2045 3211
288 167 357 196 1359

615 168 750 195 EUSEBII
769 166 1010 195 CESARIENSIS
1028 166 1103 194 0P1”.
1125 166 1214 194 PARS
1234 167 1264 194 ll.
1284 183 1317 188 —
1335 168 1584 198 Al’OLOGETlCA.

1835 174 1900 200 i360

287 225 410 259 quendam
451 226 485 252 sit
525 225 709 253 inanimarum
751 226 896 260 spirituum
941 225 1065 259 inﬁnita,

1122 234 1172 258 σις,
1187 226 1233 252 καὶ
1249 226 1313 252 ἄλλο
1326 228 1401 262 παρὰ
1417 226 1446 253 τὸ
1457 227 1645 263 ὑποκείμενον,
1660 229 1708 255 καὶ
1717 229 1766 264 τὴν
1783 229 1858 265 ὓλην,
1873 231 1899 256 ὲν

286 271 368 306 827
386 275 412 298 et
429 277 517 298 tamen
531 272 655 306 spiritum
666 272 691 298 id
704 272 775 307 quod
790 276 865 299 certo
882 280 911 299 se
924 272 1004 299 modo
1017 272 1065 299 ha-

288 318 350 345 beat
366 326 426 346 esse
440 319 537 352 velint;
559 319 611 346 hoc
626 320 713 354 ipsum
731 319 851 354 quidem,
864 325 934 346 certo
949 327 976 346 se
989 319 1066 346 modo

287 363 400 395 habens,
428 363 480 391 hoc
502 368 543 391 est
576 364 740 399 peculiarem
763 365 837 392 illam
864 365 1068 396 habitudinem,

286 413 333 436 aut
343 410 443 444 aliquid
458 418 518 438 esse
534 410 626 438 dicant
639 419 750 438 necesse
765 416 823 443 est,
837 416 884 438 aut
905 411 1017 438 omnino
1032 411 1070 438 ni-

287 454 334 480 hil.
351 454 378 481 Si
395 454 471 488 nihil,
485 455 597 490 spiritus
615 463 679 491 ergo
695 456 770 483 solus
790 464 852 484 vere
868 460 920 489 est,
938 457 1002 484 illud
1020 464 1070 483 au-

286 502 338 525 tem
352 504 426 526 certo
442 508 470 527 se
486 500 567 527 modo
586 500 705 533 habens,
723 509 839 529 vacuum
861 505 888 528 et
914 501 995 528 inane
1017 509 1068 528 no—

286 552 357 571 men.
381 545 418 572 Ex
435 553 489 581 quo
507 547 620 581 proinde
641 547 782 582 sequitur,
798 547 836 574 uti
858 551 954 582 praeter
984 551 1070 574 mate-

286 584 353 616 riam
366 590 439 617 aliud
454 591 521 618 nihil
535 599 595 619 esse
610 591 719 625 dicant,
735 596 819 626 atque
833 591 870 619 ita
881 596 912 618 et“
925 592 1046 618 animum
1059 612 1066 624 ,

283 637 311 659 et
328 632 427 667 Deum,
440 641 466 661 et
480 639 576 662 caetera
607 644 720 671 prorsus
740 637 832 664 omnia
853 637 1043 664 nominetenus
1060 657 1067 670 ,

285 679 409 712 spiritum
426 675 535 716 proprie
551 682 638 709 solum
668 683 808 710 exsistere.
829 683 863 710 At
886 683 909 710 si
937 684 1068 711 habitudo

284 725 330 752 illa
345 734 438 754 verum
458 728 560 763 aliquid
576 734 634 763 est,
653 733 679 756 et
703 730 737 756 ab
756 737 788 757 eo
812 730 884 765 quod
905 730 1048 766 subjicitur
1060 752 1068 764 ,

284 772 405 807 adeoque
418 781 433 800 a
446 775 557 802 materia
572 775 629 810 ipsa
640 776 793 809 diversum,
806 776 879 811 quod
895 783 956 803 cum
970 777 996 803 in
1009 784 1069 803 ma-

285 820 350 847 teria
368 821 420 854 sit,
442 823 560 849 materia:
577 827 664 849 tamen
682 830 778 858 expers
794 828 922 855 maneat,
940 828 1068 858 propter-

284 874 316 893 ca
338 866 410 901 quod
432 875 530 896 rursus
544 876 577 895 ex
607 869 720 896 materia
749 869 932 904 compositum
955 869 1068 896 minime

1120 271 1169 307 ὕλῃ
1183 271 1242 306 μὲν,
1260 271 1339 298 ἆῡλον
1352 272 1381 298 δὲ
1394 272 1468 303 αὐτὸ,
1487 272 1524 307 τῷ
1533 273 1588 307 (GI)
1602 273 1638 309 μὴ
1650 274 1728 300 πάλιν
1745 275 1899 308 συγκεῖσθαι

1119 318 1148 351 ἐξ
1161 318 1235 353 ὕλης-
1254 317 1332 352 λόγος
1347 317 1379 344 ἃν
1396 319 1438 353 εἴη
1459 327 1511 350 τις,
1526 319 1571 345 καὶ
1599 320 1628 345 οὺ
1645 320 1734 354 σῶμα,
1761 321 1809 347 καὶ
1825 321 1901 354 φύσις

1119 364 1208 399 ἑτέρα.
1229 365 1325 391 Ἐτιδὲ
1340 365 1387 391 καὶ
1400 365 1432 391 ὲκ
1443 365 1525 391 τῶνδε
1540 365 1596 400 (6'2)
1622 366 1670 401 οὐχ
1686 364 1766 402 ἧττον
1781 366 1901 400 φαίνεται

1099 408 1101 411 ’
1119 411 1245 437 ἀδύνατον
1256 410 1296 442 ὃν,
1310 410 1358 445 τὴν
1371 410 1459 446 ψυχὴν
1475 408 1544 437 εἶναι
1573 410 1653 446 σῶμα
1675 411 1774 438 ὁτιοῦν.
1793 412 1828 437 'H
1850 411 1902 446 γὰρ

1119 456 1219 493 Θερμόν
1233 457 1306 482 ἐστιν
1317 457 1333 492 ἢ
1345 455 1457 491 ψυχρὸν,
1470 456 1487 491 ἢ
1503 456 1617 492 σκληρὸν
1636 457 1652 492 ἢ
1674 457 1806 492 μαλακὸν,
1823 457 1902 492 ὑγρόν

1119 512 1147 530 τε
1164 504 1180 539 ἢ
1199 503 1331 538 πεπηγὸς,
1359 503 1442 538 μέλαν
1457 511 1486 529 τε
1510 503 1526 538 ἦ
1549 503 1654 535 λευκὸν,
1675 504 1722 530 καὶ
1744 505 1834 530 πάντα
1855 505 1901 530 ὀσι.

1119 549 1259 584 ποιότητες
1277 549 1409 584 σωμάτων
1423 548 1501 576 ἄλλαι
1518 549 1546 575 ὲν
1561 549 1660 580 ἄλλοις.
1675 550 1729 576 Καὶ
1743 550 1767 575 εἰ
1783 549 1831 584 μὲν
1845 548 1903 585 θερ-

1120 596 1179 631 μὸν,
1189 595 1267 630 μόνον
1279 595 1526 631 Θερμανεῖ,ψυχρὸν
1536 595 1564 622 δὲ
1578 595 1654 630 μόνον
1665 595 1753 630 ψύξει,
1765 596 1812 621 καὶ
1819 595 1902 629 κοῦᾳι

1120 641 1226 676 minus:
1250 641 1280 668 τὸ
1305 640 1405 675 κοῦφον
1428 640 1643 675 προσγενόμενον
1657 640 1704 666 καὶ
1733 640 1830 675 παρὸν,
1860 641 1903 666 καὶ

1120 687 1229 722 βαρυνεῖ
1240 686 1269 713 τὸ
1286 686 1364 722 βαρὺ.
1380 686 1427 712 καὶ
1441 686 1550 721 μελανεῖ
1557 685 1588 711 τὸ
1602 686 1695 721 μέλαν,
1709 686 1756 712 καὶ
1769 686 1800 712 τὸ
1810 686 1902 712 λευκὸν

1118 733 1214 759 λευκὸν
1230 732 1346 767 ποιήσει.
1364 732 1400 758 Οὐ
1416 731 1470 767 γὰρ
1496 731 1581 766 πυρὸς
1607 732 1637 758 τὸ
1650 731 1756 766 ψύχειν,
1783 731 1842 757 οὐδὲ
1858 730 1902 757 τοῦ

1119 777 1222 814 ψυχροῦ
1236 777 1324 814 θερμὰ
1340 778 1435 804 ποιεῖν.
1456 777 1524 804 Ἀλλ’
1536 777 1554 812 ἢ
1582 785 1613 811 γε
1626 776 1698 811 ψυχὴ
1716 776 1763 803 καὶ
1776 776 1902 807 ὲν.ἆλλοις

1120 824 1199 856 ζώοις
1213 823 1278 851 ἄλλα
1291 831 1320 849 τε
1344 823 1391 849 καὶ
1410 822 1478 850 ἄλλα
1504 824 1586 853 ποιεῖ,
1609 822 1655 848 καὶ
1675 823 1703 848 ὲν
1717 821 1757 856 τῷ
1780 821 1854 856 αὐτῷ
1877 821 1903 847 δὲ

1119 870 1153 896 τὰ
1164 869 1280 896 ἐναντίω
1296 868 1330 894 τὰ
1348 868 1396 903 μὲν
1415 867 1565 903 πηγνοῦσα,
1579 867 1614 894 τὰ
1626 868 1654 894 δὲ
1668 867 1778 902 χέουσα,
1804 867 1852 893 καὶ
1871 866 1903 892 τὰ

284 914 318 941 sit
333 923 340 940 :
355 922 455 950 corpus
471 915 565 950 utique
589 923 642 943 non
656 919 715 948 est,
734 916 780 943 sed
805 916 887 947 ratio,
903 916 1065 951 corporiquc

1121 915 1169 951 μὲν
1195 914 1294 947 πυκνὰ,
1320 914 1354 941 τὰ
1382 914 1410 940 δὲ
1434 914 1528 949 ἀραιὰ,
1555 913 1666 949 μέλανα,
1693 913 1788 944 λευκὰ,
1806 912 1903 946 κοῦςα,

283 965 382 987 natura
398 961 549 988 dissimilis.
568 961 703 989 Praeterea
717 970 799 996 quam
827 961 935 989 animus
961 961 1065 988 nullum

1121 961 1207 997 βαρέα
1220 962 1342 988 ποιοῦσα.
1360 961 1455 987 Καίτοι
1472 960 1500 987 ἓν
1528 961 1580 987 ἔδει
1601 961 1697 992 ποιεῖν,
1711 959 1782 986 κατὰ
1793 959 1843 993 τὴν
1858 957 1903 984 τοῦ

283 1007 395 1034 omnino
407 1015 507 1042 corpus
523 1015 584 1035 esse
602 1009 706 1042 possit,
719 1008 760 1035 vel
773 1008 836 1035 inde
857 1008 948 1043 quit-is
966 1007 1065 1035 intelli-

1122 1007 1245 1043 σώματος
1258 1007 1387 1043 ποιότητά
1402 1016 1432 1033 τε
1447 1007 1496 1042 τὴν
1512 1006 1605 1042 ἄλλην,
1627 1005 1674 1032 καὶ
1699 1005 1792 1041 χρόαν
1809 1004 1857 1031 νῦν
1877 1004 1904 1030 δὲ

282 1059 345 1088 gat:
362 1059 409 1081 aut
420 1054 494 1081 enim
507 1054 624 1081 calidum
636 1059 676 1082 est
690 1059 736 1082 aut
747 1054 875 1089 frigidum
885 1075 892 1088 ,
907 1055 1006 1082 durum
1019 1059 1069 1081 aut
1119 1053 1213 1080 πολλά.

282 1103 373 1135 molle,
388 1103 530 1130 humidum
545 1107 770 1135 autconcretum,
794 1104 901 1138 nigrum
929 1107 975 1130 aut
1006 1099 1162 1134 albumfac
1179 1100 1283 1132 caeteris
1302 1100 1328 1127 id
1348 1108 1434 1135 genus
1454 1099 1594 1135 praeditum
1622 1099 1816 1134 qualitatibus,
1847 1106 1905 1133 quae

251 1185 253 1188 ι
281 1149 341 1177 alia:
356 1149 458 1184 passim
482 1149 510 1176 in
526 1149 586 1176 aliis
611 1156 672 1176 esse
698 1149 796 1176 solent.
823 1148 883 1176 Jam
903 1149 927 1177 si
941 1148 1059 1176 calidum
1079 1147 1140 1180 erit,
1171 1146 1358 1173 tantummodo
1373 1146 1535 1179 calefaciet;
1565 1145 1754 1181 refrigerabit,
1773 1145 1796 1172 si
1831 1145 1905 1180 frigi-

239 1184 253 1191 θ
283 1197 366 1230 dum;
384 1196 406 1224 si
420 1196 479 1224 leve
494 1216 502 1229 ,
520 1196 656 1223 levitatem
673 1196 767 1223 all‘eret
786 1196 941 1230 ubicunque
956 1195 1061 1228 aderit;
1083 1195 1105 1221 si
1123 1202 1205 1229 grave
1217 1215 1223 1226 ,
1253 1194 1431 1229 gravitatem;
1453 1193 1577 1227 nigrore,
1600 1192 1622 1220 si
1646 1192 1774 1227 nigrum;
1792 1192 1814 1219 si
1839 1199 1905 1219 can-

282 1243 375 1272 didum
388 1265 395 1277 ,
428 1242 546 1270 candore
568 1242 692 1270 similiter
718 1242 825 1272 alliciet.
848 1241 904 1270 Nec
925 1243 996 1269 enim
1019 1246 1066 1269 aut
1084 1242 1154 1276 ignis
1168 1245 1225 1274 est,
1242 1240 1387 1276 frigidum,
1412 1244 1457 1267 aut
1480 1239 1570 1275 frigidi
1587 1239 1706 1267 calidum
1719 1239 1837 1266 edicere.
1858 1241 1907 1267 At-

281 1291 327 1326 qui
343 1291 466 1322 animus,
480 1297 541 1318 cum
559 1290 585 1316 in
605 1289 719 1317 diversis
746 1289 932 1317 animantibus
963 1289 1015 1316 alia
1035 1294 1116 1323 atque
1135 1288 1186 1315 alia
1211 1287 1323 1321 elliciat,
1340 1292 1396 1314 tum
1416 1287 1496 1314 etiam
1524 1287 1550 1313 in
1583 1294 1638 1313 uno
1669 1287 1821 1321 eodemque
1842 1294 1906 1314 eon-

282 1337 384 1364 traria:
398 1337 478 1364 modo
489 1337 561 1363 enim
575 1337 662 1371 cogit,
679 1336 760 1363 modo
794 1335 932 1371 liquefacit
947 1345 953 1362 :
967 1337 1081 1363 densum
1101 1335 1203 1370 aliquid
1221 1334 1349 1370 aliudque
1366 1342 1459 1361 rarum
1470 1354 1477 1366 ,
1496 1334 1604 1369 nigrum
1635 1333 1703 1365 hoc,
1719 1333 1786 1360 illud
1801 1333 1906 1366 album,

281 1383 355 1411 aliud
379 1384 453 1416 leve,
481 1391 561 1420 grave
586 1383 659 1410 aliud
681 1383 760 1411 ellicit
791 1393 798 1410 :

826 1391 943 1418 cumque
965 1390 1015 1418 pro
1047 1383 1156 1410 diverso
1185 1382 1306 1417 corporis
1336 1382 1444 1414 colore,
1476 1381 1593 1416 aliisque
1617 1381 1743 1408 similiter
1768 1382 1909 1416 qualitati-

282 1430 334 1457 bus
344 1450 352 1462 ,
370 1437 453 1457 unum
467 1429 600 1456 duntaxat
612 1429 714 1464 aliquid
728 1428 834 1457 ellicere
849 1429 970 1461 deberet,
981 1428 1065 1455 multa
1085 1427 1166 1455 simul
1178 1431 1315 1461 operatur.

319 1486 329 1503 ε
345 1475 434 1505 Motus
446 1483 509 1504 vero
523 1481 577 1504 tam
592 1477 754 1512 multiplices
767 1481 848 1512 atque
861 1477 993 1508 diversos,
1006 1484 1060 1504 non

281 1522 398 1557 aliquem
413 1522 544 1549 duntaxat
560 1529 643 1548 unum
657 1543 663 1554 ,
682 1522 728 1556 qui
745 1522 852 1549 tandem
872 1530 926 1548 una
941 1522 1063 1556 cujusvis

1151 1475 1221 1506 «Td;
1237 1474 1265 1501 δὲ
1280 1474 1311 1509 δὴ
1330 1474 1451 1509 κινήσεις
1464 1473 1522 1505 πῶς
1538 1473 1694 1510 διαφόρους,
1712 1473 1770 1500 ἀλλ’
1783 1474 1814 1500 οὺ
1833 1474 1909 1509 μίαν,

1118 1521 1181 1556 μιᾶς
1188 1519 1270 1554 οὔσης
1287 1518 1385 1550 παντὸς
1401 1518 1524 1553 σώματος
1536 1519 1686 1553 κινήσεωςς
1703 1519 1734 1545 EE
1751 1519 1780 1545 δὲ
1793 1519 1849 1545 τῶν
1859 1519 1910 1553 μὲν

281 1568 308 1595 in
323 1568 444 1602 corporis
460 1567 578 1594 motione
589 1567 751 1594 defendent?
763 1566 830 1594 Nam
842 1567 865 1594 si
887 1575 982 1594 eorum
999 1575 1064 1594 eau-

1116 1565 1300 1600 προαιρέσεις,
1315 1564 1367 1590 τῶν
1383 1564 1411 1591 δὲ
1438 1564 1533 1598 λόγους
1557 1565 1734 1595 αἰτιάσονται,
1755 1564 1846 1600 ὀρθῶς
1861 1566 1910 1599 μὲν

281 1622 342 1647 sas,
360 1614 458 1648 partim
472 1614 635 1645 electiones,
662 1614 761 1648 partim
785 1618 957 1648 antegressas
981 1621 1065 1648 quas-

281 1660 342 1687 dam
362 1660 481 1686 rationes
496 1665 556 1685 csse
573 1659 790 1693 respondebunt;
804 1659 886 1692 probe
902 1658 927 1685 id
940 1657 1063 1692 quidem.

280 1705 315 1731 At
330 1704 451 1738 corporis
467 1703 548 1730 unius
567 1703 717 1737 praesertim
730 1711 761 1730 ac
773 1703 904 1738 simplicis
936 1711 985 1730 nec
1008 1703 1064 1730 ele-

281 1749 352 1782 ctio,
368 1757 418 1776 nec
440 1749 552 1776 diversa:
571 1749 622 1776 illa
648 1749 768 1776 rationes
786 1745 1065 1784 propriae'suntquod

280 1794 413 1828 ejusmodi
426 1795 541 1823 rationis
553 1795 664 1823 omnino
690 1795 756 1822 nihil
771 1795 883 1828 habeat,
901 1795 954 1822 nisi
979 1802 1065 1829 quan-

282 1845 337 1867 tum
355 1841 389 1868 ab
402 1848 433 1868 eo
449 1841 599 1876 acceperit,
616 1849 631 1868 a
657 1848 712 1876 quo
727 1841 769 1868 vel
790 1841 908 1868 calidum
933 1841 975 1867 vel
991 1840 1066 1876 frigi-

280 1887 344 1914 dum
363 1886 485 1914 eﬂ‘ectum
498 1891 549 1915 est.
567 1887 649 1914 Certo
661 1887 770 1922 quidem
781 1891 808 1914 et
822 1887 909 1921 spatio
923 1887 1063 1921 temporis,

281 1938 308 1960 et
318 1940 453 1961 mensurze
471 1934 551 1961 modo
570 1941 686 1969 augere,
703 1941 757 1968 quo
776 1937 855 1968 pacto
873 1933 981 1968 corpori
999 1940 1064 1960 con-

280 1979 387 2006 veniat?
400 1980 492 2014 augeri
519 1980 591 2006 enim
615 1980 701 2014 ipsius
716 1983 776 2013 est,
802 1979 917 2014 augendi
945 1979 998 2006 vim
1017 1987 1065 2014 per

281 2033 340 2053 sese
354 2026 454 2053 nullam
470 2025 565 2058 habet,
581 2027 627 2054 sed
646 2032 748 2054 tantum
761 2031 895 2061 quatenus
919 2033 977 2053 eam
1001 2033 1063 2053 cum

280 2073 339 2107 ipso
355 2072 463 2099 animus
476 2073 502 2099 in
517 2072 637 2099 mater-ite
648 2080 705 2099 sum
717 2072 788 2099 mole
798 2071 1004 2104 communicat,
1018 2071 1063 2097 cui

279 2125 327 2152 per
343 2125 371 2145 se
388 2118 584 2145 incrementum
597 2117 662 2144 illud
671 2117 794 2144 eﬂicienti
808 2117 996 2144 administram
1013 2124 1063 2143 na-

279 2167 324 2190 vat
340 2171 459 2198 operam.
483 2162 587 2190 Etenim
617 2163 639 2190 si
659 2167 686 2190 et
707 2170 806 2197 corpus
833 2165 905 2189 eeset
934 2161 1061 2193 animus,

278 2208 363 2242 828
379 2208 504 2242 idemque
515 2208 596 2234 simul
609 2212 736 2242 augeret,
754 2214 816 2234 cum
837 2211 867 2234 ut
883 2211 963 2233 aucto
975 2206 1000 2233 vi
1013 2213 1062 2233 sua

279 2252 385 2286 corpori
397 2259 446 2286 par
457 2259 517 2279 esse
531 2257 641 2286 posset,
658 2258 710 2278 una
726 2250 847 2286 profecto
863 2250 961 2278 similis
970 2257 1063 2277 acees-
1079 2247 1101 2275 Ι)

279 2297 356 2324 sione
372 2297 493 2331 corporis
510 2297 603 2332 augeri
620 2305 731 2325 necesse
742 2301 826 2324 esset.
844 2296 922 2329 Quod
934 2303 1014 2330 porro
1027 2296 1061 2323 ad

279 2351 338 2371 eam
357 2343 511 2376 accederet,
541 2343 566 2370 id
587 2348 634 2371 aut
658 2345 766 2371 animus
794 2343 886 2370 itidem
902 2347 991 2376 esset,
1015 2346 1062 2369 aut

278 2391 378 2423 cbrpus
394 2388 554 2416 inanimum.
573 2388 601 2415 Si
619 2389 726 2415 animus
738 2409 746 2422 ,
764 2389 835 2415 unde
856 2387 899 2414 vcl
926 2387 1062 2422 quomodo

277 2439 325 2461 aut
340 2435 460 2462 illabitur
471 2439 534 2466 ,aut
547 2434 673 2461 additur?
689 2434 735 2461 Sin
750 2434 840 2461 animo
855 2438 965 2466 careat,
989 2440 1056 2468 quo-

279 2480 360 2508 modo
384 2485 431 2508 aut
462 2472 537 2507 illum
557 2481 687 2516 accipiet,
714 2485 760 2507 aut
785 2480 869 2515 priori
891 2479 1061 2506 consentiet?

280 2527 417 2560 quomodo
431 2535 492 2554 cum
504 2527 598 2554 eodeni
614 2531 641 2554 et
654 2533 739 2553 unum
753 2525 818 2560 quid
838 2525 951 2557 efficiet,
966 2529 993 2552 et
1009 2525 1059 2552 iis-

279 2572 339 2598 dem
360 2572 387 2599 in
402 2573 544 2600 sententiis
567 2572 741 2608 acquicseet?
757 2579 789 2599 ac
808 2579 864 2598 non
890 2571 982 2606 potius
999 2575 1060 2598 tan-

277 2624 359 2650 quam
376 2618 474 2653 hospes
490 2619 601 2654 quidam
615 2623 642 2646 et
656 2618 830 2654 peregrinus,
848 2626 909 2652 quae
929 2618 1003 2652 prior
1015 2618 1060 2645 ille

280 2666 408 2695 noverat,
434 2663 590 2698 ignorabit:
607 2668 634 2691 et
656 2663 885 2698 quemadmodum
915 2663 943 2689 in
963 2667 1060 2690 caetera

313 2748 368 2786 (671)
383 2749 420 2776 Δὲ
434 2751 516 2784 αὐτὸ,
531 2751 579 2784 τῷ.
594 2752 622 2779 Id
635 2759 668 2779 ex
678 2751 785 2779 Plotino
797 2750 982 2786 supplevimus
993 2758 1000 2782 ;
1013 2748 1059 2777 οὖν

277 2785 350 2817 quod
371 2786 541 2821 sequebatur,
563 2795 596 2814 ex
619 2787 714 2815 eodem
740 2785 922 2821 expuriiimus
944 2789 995 2813 :et
1015 2793 1060 2813 se-

277 2820 369 2852 quenti
388 2820 468 2851 linea.
485 2821 532 2848 καὶ
547 2822 588 2853 οὑ,
600 2830 633 2850 ex
644 2823 738 2850 eodem
753 2820 917 2848 addidimus.

298 2853 366 2892 _(6_‘2)
378 2855 481 2892 Kalréu
496 2855 598 2884 τῶνδε.
613 2856 681 2885 Ante
697 2858 847 2892 legebatur,
863 2856 910 2883 καὶ
925 2855 1008 2890 οὔσης
1026 2856 1059 2882 ὲκ

277 2888 369 2922 τῶνδε,
388 2891 461 2918 nullo
475 2899 567 2919 sensu.

1116 1609 1204 1636 τοῦτο’
1221 1610 1277 1636 ἀλλ’
1294 1610 1324 1636 οὐ
1352 1609 1476 1645 σώματος
1491 1611 1508 1644 ἡ
1525 1609 1691 1645 προαῐρεσις,
1714 1610 1774 1636 οὐδὲ
1787 1611 1813 1637 οἱ
1835 1611 1910 1644 λόγοι

1115 1656 1235 1691 διάφοροί
1246 1664 1277 1690 γε
1291 1655 1365 1688 ὄντες
1377 1655 1435 1687 ἑνὸς
1452 1655 1527 1687 ὄντος
1545 1656 1592 1682 καὶ
1609 1656 1693 1682 ἁπλοῦ
1709 1655 1756 1682 τοῦ
1770 1656 1910 1691 σώματος.

1115 1702 1162 1729 καὶ
1177 1702 1207 1728 οὐ
1223 1701 1303 1737 μετὸν
1319 1702 1393 1737 αὐτῷ
1415 1702 1535 1729 τοιούτου
1565 1711 1595 1737 γε
1619 1703 1710 1737 λόγου,
1731 1703 1748 1738 ἢ
1773 1704 1838 1735 ὅσος
1855 1704 1911 1738 (65)

1114 1747 1216 1774 δέδοται
1229 1747 1302 1782 αὐτῷ
1327 1747 1403 1784 παρὰ
1426 1747 1473 1774 τοῦ
1491 1749 1652 1784 ποιήσαντος
1672 1749 1774 1784 θερμὸν
1802 1750 1870 1776 αὐτὸ
1893 1750 1911 1785 ἢ

1114 1793 1216 1829 ψυχρὸν
1237 1791 1316 1820 εἶναι.
1345 1793 1380 1819 Τὺ
1402 1794 1429 1820 δὲ
1445 1794 1490 1821 καὶ
1517 1794 1546 1820 ὲν
1562 1794 1650 1830 χρόνῳ
1667 1795 1722 1830 (64)
1739 1795 1846 1830 αὔξειν,
1863 1797 1911 1823 καὶ

1116 1840 1196 1874 μέχρι
1212 1838 1338 1865 τοσούτου
1353 1839 1463 1874 μέτρου,
1483 1840 1564 1867 πόθεν
1577 1841 1610 1867 ἂν
1625 1839 1669 1876 τῷ
1697 1841 1805 1877 σώματι
1835 1843 1910 1878 αὐτῷ

1113 1885 1235 1919 γένοιτο;
1253 1883 1274 1919 ᾧ
1288 1888 1419 1923 προσήκει
1433 1887 1482 1922 μὲν
1499 1886 1637 1920 αὔξεσθαι,
1660 1888 1735 1924 αὐτῷ
1750 1888 1778 1914 δὲ
1801 1890 1912 1926 ἀμοίρῳ

1113 1931 1159 1958 τοῦ
1177 1931 1269 1964 αὔξειν
1298 1931 1377 1964 εἶναι,
1404 1934 1420 1969 ἢ
1450 1934 1511 1960 ὅσον
1533 1934 1724 1970 παραληφθείη
1741 1936 1777 1962 ἂν
1797 1937 1827 1962 ἐν
1844 1937 1910 1971 ὕλης

1113 1977 1197 2012 δγκῳ,
1213 1978 1364 2014 ὑπηρετοῦν
1376 1978 1414 2014 τῷ
1423 1979 1544 2006 διἀὐτοῦ
1558 1979 1608 2015 τὴν
1618 1979 1702 2014 αὔξην
1716 1980 1908 2016 ἐργαζομένῳ.

1114 2024 1168 2050 Καὶ
1187 2023 1242 2059 γὰρ
1269 2025 1292 2050 εἰ
1308 2026 1324 2059 ὴ
1340 2024 1412 2060 ψυχὴ
1434 2025 1513 2060 σῶμα
1541 2024 1609 2052 οὖσα
1624 2025 1710 2059 αὔξοι,
1738 2027 1848 2062 ἀνάγκη
1862 2028 1909 2054 καὶ

1113 2068 1196 2104 αὐτὴν
1210 2068 1348 2101 αὔξεσθαι,
1361 2070 1504 2106 προσθήκῃ
1520 2071 1641 2106 δηλονότι
1655 2071 1752 2105 ὁμοίου
1768 2071 1907 2106 σώματος,

1113 2115 1137 2140 εἰ
1151 2114 1241 2149 μέλλει
1252 2116 1291 2146 εἰς
1306 2116 1362 2141 [σον
1389 2115 1456 2142 ἰέναι
1467 2116 1506 2151 τῷ
1522 2116 1662 2152 αὐξομένῳ
1675 2118 1721 2143 ὑπ’
1739 2117 1836 2152 αὐτῆς.
1853 2118 1908 2144 Καὶ

1112 2160 1128 2196 ἦ
1146 2160 1217 2196 ψυχὴ
1230 2160 1306 2187 ἔσται
1318 2161 1348 2187 τὸ
1364 2161 1585 2197 προστιθέμενον,
1599 2162 1614 2196 ἢ
1629 2162 1730 2197 ἄψυχον
1751 2162 1843 2198 σῶμα.
1854 2164 1909 2190 Καὶ

1113 2206 1199 2241 εἰμὲν
1226 2205 1309 2241 ψυχὴ,
1338 2206 1419 2233 πόθεν
1445 2208 1492 2234 καὶ
1520 2207 1579 2239 πῶς
1605 2207 1752 2242 εἰσιούσης,
1781 2209 1832 2235 καὶ
1850 2209 1909 2240 πῶς

1114 2252 1343 2288 προστιθεμένης
1358 2254 1382 2279 εἰ
1395 2253 1423 2279 δὲ
1441 2253 1544 2289 ἄψυχον
1566 2254 1597 2280 τὸ
1609 2255 1824 2290 προστιθέμενον
1835 2255 1905 2290 (63).

1116 2298 1175 2330 πῶς
1191 2299 1270 2325 τοῦτο
1285 2298 1441 2334 ψυχώσεται
1450 2321 1456 2332 ,
1469 2300 1566 2335 καὶτῷ
1580 2300 1697 2336 πρόσθεν
1711 2302 1907 2336 όμογνωμονή-

1116 2351 1166 2375 σει,
1185 2344 1231 2369 καὶ
1247 2343 1276 2369 ἓν
1289 2343 1375 2375 ἔσται,
1394 2344 1508 2370 καὶτῶν
1536 2345 1626 2372 αὐτῶν
1650 2345 1735 2379 δοξῶν
1757 2348 1790 2382 τῇ
1809 2346 1908 2382 πρώτῃ

1117 2387 1315 2423 μεταλήψεται;
1338 2388 1464 2423 ¹Αλλ“οὺχ
1479 2389 1572 2425 ὥσπερ
1588 2389 1650 2425 ξένη
1666 2390 1734 2425 (66),
1750 2391 1825 2426 ψυχὴ
1835 2391 1906 2425 αὕτη

1115 2434 1148 2459 ἐν
1159 2434 1254 2468 ἀγνοίᾳ
1270 2433 1346 2460 ἔσται
1359 2431 1396 2460 ὧν
1413 2435 1430 2470 ἡ
1446 2435 1528 2470 ἑτέρα
1541 2433 1605 2461 οἶδε’
1622 2437 1668 2462 καὶ
1684 2436 1779 2472 ὥσπερ
1795 2439 1810 2464 ό
1827 2437 1907 2467 ἄλλος

1114 2479 1194 2513 δγκος
1208 2479 1295 2514 ἡμῶν,
1306 2479 1336 2506 τὸ
1362 2480 1410 2515 μέν
1425 2489 1452 2507 τι
1464 2481 1662 2517 ἀπορῤεύσεται
1680 2483 1773 2514 αὐτοῦ,
1790 2484 1821 2510 τὸ
1836 2483 1867 2510 δέ
1881 2492 1906 2509 τι

1115 2524 1334 2561 προσελεύσεται,
1352 2525 1428 2552 οὐδὲν
1453 2527 1482 2552 δὲ
1510 2527 1585 2554 ἔσται
1611 2528 1641 2554 τὸ
1671 2529 1754 2560 αὐτός
1778 2529 1842 2560 Πῶς
1859 2527 1906 2555 οὖν

1114 2571 1178 2605 ἡμῖν
1192 2571 1220 2596 αἱ
1237 2570 1357 2606 μνῆμαις
1372 2572 1433 2603 Πῶς
1446 2572 1474 2598 δὲ
1488 2574 1504 2607 ή
1519 2573 1618 2606 γνῶσις
1634 2574 1752 2607 οἰκείων,
1776 2575 1905 2601 οὐδέποτε

1112 2618 1146 2652 τῇ
1172 2617 1239 2652 αὐτῇ
1257 2616 1328 2652 ψυχῇ
1347 2619 1511 2652 χρωμένων;
1538 2619 1593 2645 Καὶ
1621 2619 1671 2654 μὲν
1686 2621 1710 2646 el
1732 2620 1814 2655 σῶμά
1834 2622 1903 2653 ἐστι,

1114 2663 1233 2699 φύσιςδὲ
1249 2664 1374 2700 σώματος
1399 2664 1575 2700 μεριζομένου
1605 2666 1645 2698 εἰς
1673 2666 1769 2699 πλείω,
1791 2667 1905 2694 ἕκαστον

1147 2751 1204 2786 (65)
1218 2750 1300 2777 Forte
1313 2751 1385 2777 ὅσον.

1148 2786 1204 2821 (64)
1218 2785 1329 2817 Plotin.,
1341 2786 1456 2821 χρόνοις.

1148 2820 1204 2862 (65)
1221 2821 1255 2847 Τὸ
1270 2820 1510 2862 προστιθέμενα.
1531 2821 1567 2862 ξι
1581 2821 1692 2862 ηιοιῑηι)
1707 2824 1830 2852 additum
1841 2827 1904 2855 est;

1113 2856 1253 2891 ὲψύχωται
1265 2864 1328 2882 vero
1343 2861 1475 2891 mutatum
1490 2857 1516 2883 in
1530 2856 1697 2891 ψυχώσεται.

1148 2885 1203 2926 (ὂῦ)
1215 2890 1305 2925 Ξένη.
1320 2891 1359 2918 Ita
1375 2890 1485 2926 Plotin.,
1497 2885 1550 2919 non
1561 2885 1589 2919 ἑὲ
1600 2893 1629 2927 ἡ.
