  <div class='ocr_page' id='page_1' title='image "/cluster/home/n/w/nwhite01/storage/ocr_20150623/21/njp.32101077772489/722.png"; bbox 0 0 2045 3211; ppageno 0'>
   <div class='ocr_carea' id='block_1_1' title="bbox 178 184 241 213">
    <p class='ocr_par' dir='ltr' id='par_1_1' title="bbox 178 184 241 213">
     <span class='ocr_line' id='line_1_1' title="bbox 178 184 241 213; baseline 0 0"><span class='ocrx_word' id='word_1_1' title='bbox 178 184 241 213; x_wconf 75' lang='lat' dir='ltr'><strong>13M</strong></span> 
     </span>
    </p>
   </div>
   <div class='ocr_carea' id='block_1_2' title="bbox 767 188 1221 217">
    <p class='ocr_par' dir='ltr' id='par_1_2' title="bbox 767 188 1221 217">
     <span class='ocr_line' id='line_1_2' title="bbox 767 188 1221 217; baseline 0.007 -3"><span class='ocrx_word' id='word_1_2' title='bbox 767 188 926 215; x_wconf 73' lang='grc' dir='ltr'><strong>ΡΒΑΞΡΑΒ.</strong></span> <span class='ocrx_word' id='word_1_3' title='bbox 943 188 1067 216; x_wconf 77' lang='lat' dir='ltr'><strong>EVANG.</strong></span> <span class='ocrx_word' id='word_1_4' title='bbox 1083 189 1145 217; x_wconf 83' lang='lat' dir='ltr'><strong>LIB.</strong></span> <span class='ocrx_word' id='word_1_5' title='bbox 1166 188 1221 217; x_wconf 78' lang='lat' dir='ltr'><strong>XV.</strong></span> 
     </span>
    </p>
   </div>
   <div class='ocr_carea' id='block_1_3' title="bbox 1736 197 1805 224">
    <p class='ocr_par' dir='ltr' id='par_1_3' title="bbox 1736 197 1805 224">
     <span class='ocr_line' id='line_1_3' title="bbox 1736 197 1805 224; baseline 0.014 -1"><span class='ocrx_word' id='word_1_6' title='bbox 1736 197 1805 224; x_wconf 73' lang='grc' dir='ltr'><strong>Γόὓέζ</strong></span> 
     </span>
    </p>
   </div>
   <div class='ocr_carea' id='block_1_4' title="bbox 176 244 957 290">
    <p class='ocr_par' dir='ltr' id='par_1_4' title="bbox 176 244 957 284">
     <span class='ocr_line' id='line_1_4' title="bbox 176 244 957 284; baseline 0.004 -12"><span class='ocrx_word' id='word_1_7' title='bbox 176 245 214 281; x_wconf 82' lang='grc' dir='ltr'>μὴ</span> <span class='ocrx_word' id='word_1_8' title='bbox 228 246 258 272; x_wconf 82' lang='grc' dir='ltr'>τὸ</span> <span class='ocrx_word' id='word_1_9' title='bbox 275 246 339 272; x_wconf 77' lang='grc' dir='ltr'>αὐτὸ</span> <span class='ocrx_word' id='word_1_10' title='bbox 351 244 420 273; x_wconf 82' lang='grc' dir='ltr'>εἶναι</span> <span class='ocrx_word' id='word_1_11' title='bbox 438 247 490 273; x_wconf 85' lang='grc' dir='ltr'><strong>τῶν</strong></span> <span class='ocrx_word' id='word_1_12' title='bbox 507 247 597 283; x_wconf 81' lang='grc' dir='ltr'>μερῶν</span> <span class='ocrx_word' id='word_1_13' title='bbox 621 247 658 284; x_wconf 81' lang='grc' dir='ltr'><strong>τῷ</strong></span> <span class='ocrx_word' id='word_1_14' title='bbox 673 247 735 283; x_wconf 79' lang='grc' dir='ltr'>ὅλῳ·</span> <span class='ocrx_word' id='word_1_15' title='bbox 753 249 776 274; x_wconf 81' lang='grc' dir='ltr'><strong>εί</strong></span> <span class='ocrx_word' id='word_1_16' title='bbox 791 248 898 275; x_wconf 83' lang='grc' dir='ltr'>τοσόνδε</span> <span class='ocrx_word' id='word_1_17' title='bbox 920 249 957 284; x_wconf 57' lang='grc' dir='ltr'><strong>μέλ</strong></span> 
     </span>
    </p>
   </div>
   <div class='ocr_carea' id='block_1_5' title="bbox 1010 244 1803 290">
    <p class='ocr_par' dir='ltr' id='par_1_5' title="bbox 1017 251 1803 290">
     <span class='ocr_line' id='line_1_5' title="bbox 1017 251 1803 290; baseline 0.01 -14"><span class='ocrx_word' id='word_1_18' title='bbox 1017 251 1140 284; x_wconf 84' lang='lat' dir='ltr'><strong>corporis</strong></span> <span class='ocrx_word' id='word_1_19' title='bbox 1157 251 1243 278; x_wconf 86' lang='lat' dir='ltr'><strong>nostri</strong></span> <span class='ocrx_word' id='word_1_20' title='bbox 1256 252 1325 279; x_wconf 88' lang='lat' dir='ltr'><strong>mole</strong></span> <span class='ocrx_word' id='word_1_21' title='bbox 1336 253 1479 285; x_wconf 83' lang='lat' dir='ltr'><strong>usuvenit,</strong></span> <span class='ocrx_word' id='word_1_22' title='bbox 1504 262 1568 289; x_wconf 87' lang='lat' dir='ltr'><strong>pars</strong></span> <span class='ocrx_word' id='word_1_23' title='bbox 1592 255 1644 290; x_wconf 90' lang='lat' dir='ltr'><strong>ipsi</strong></span> <span class='ocrx_word' id='word_1_24' title='bbox 1657 256 1710 283; x_wconf 86' lang='lat' dir='ltr'><strong>alia</strong></span> <span class='ocrx_word' id='word_1_25' title='bbox 1733 256 1803 284; x_wconf 85' lang='lat' dir='ltr'><strong>dila-</strong></span> 
     </span>
    </p>
   </div>
   <div class='ocr_carea' id='block_1_6' title="bbox 173 291 966 331">
    <p class='ocr_par' dir='ltr' id='par_1_6' title="bbox 173 291 966 331">
     <span class='ocr_line' id='line_1_6' title="bbox 173 291 966 331; baseline 0.003 -13"><span class='ocrx_word' id='word_1_26' title='bbox 173 291 254 326; x_wconf 81' lang='grc' dir='ltr'>γεθος</span> <span class='ocrx_word' id='word_1_27' title='bbox 264 293 348 328; x_wconf 74' lang='grc' dir='ltr'>ψυχὴ,</span> <span class='ocrx_word' id='word_1_28' title='bbox 363 293 377 319; x_wconf 83' lang='grc' dir='ltr'><strong>ὂ</strong></span> <span class='ocrx_word' id='word_1_29' title='bbox 388 292 421 319; x_wconf 85' lang='grc' dir='ltr'><strong>ἂν</strong></span> <span class='ocrx_word' id='word_1_30' title='bbox 436 293 545 319; x_wconf 77' lang='grc' dir='ltr'>ἔλαττον</span> <span class='ocrx_word' id='word_1_31' title='bbox 561 292 589 330; x_wconf 85' lang='grc' dir='ltr'><strong>ᾗ,</strong></span> <span class='ocrx_word' id='word_1_32' title='bbox 602 293 674 329; x_wconf 77' lang='grc' dir='ltr'>ψυχὴ</span> <span class='ocrx_word' id='word_1_33' title='bbox 691 294 741 320; x_wconf 82' lang='grc' dir='ltr'><strong>οὐκ</strong></span> <span class='ocrx_word' id='word_1_34' title='bbox 768 293 854 326; x_wconf 77' lang='grc' dir='ltr'>ἔσται,</span> <span class='ocrx_word' id='word_1_35' title='bbox 871 294 966 331; x_wconf 84' lang='grc' dir='ltr'>ὥσπερ</span> 
     </span>
    </p>
   </div>
   <div class='ocr_carea' id='block_1_7' title="bbox 174 337 964 375">
    <p class='ocr_par' dir='ltr' id='par_1_7' title="bbox 174 337 964 375">
     <span class='ocr_line' id='line_1_7' title="bbox 174 337 964 375; baseline 0.004 -12"><span class='ocrx_word' id='word_1_36' title='bbox 174 339 228 364; x_wconf 80' lang='grc' dir='ltr'>πᾶν</span> <span class='ocrx_word' id='word_1_37' title='bbox 240 337 332 370; x_wconf 74' lang='grc' dir='ltr'>ποσὸν,</span> <span class='ocrx_word' id='word_1_38' title='bbox 344 339 496 374; x_wconf 66' lang='grc' dir='ltr'>ἀφαιρέσει,</span> <span class='ocrx_word' id='word_1_39' title='bbox 505 339 552 366; x_wconf 76' lang='grc' dir='ltr'>τοῦ</span> <span class='ocrx_word' id='word_1_40' title='bbox 563 337 633 366; x_wconf 81' lang='grc' dir='ltr'>εἶναι</span> <span class='ocrx_word' id='word_1_41' title='bbox 649 340 678 366; x_wconf 77' lang='grc' dir='ltr'><strong>τὸ</strong></span> <span class='ocrx_word' id='word_1_42' title='bbox 694 339 810 375; x_wconf 80' lang='grc' dir='ltr'><strong>πρόσθεν</strong></span> <span class='ocrx_word' id='word_1_43' title='bbox 823 339 964 375; x_wconf 74' lang='grc' dir='ltr'>ἠλλάξατο.</span> 
     </span>
    </p>
   </div>
   <div class='ocr_carea' id='block_1_8' title="bbox 173 385 963 422">
    <p class='ocr_par' dir='ltr' id='par_1_8' title="bbox 173 385 963 422">
     <span class='ocr_line' id='line_1_8' title="bbox 173 385 963 422; baseline 0.003 -11"><span class='ocrx_word' id='word_1_44' title='bbox 173 385 205 411; x_wconf 84' lang='grc' dir='ltr'>Εἰ</span> <span class='ocrx_word' id='word_1_45' title='bbox 222 385 250 411; x_wconf 82' lang='grc' dir='ltr'><em>δέ</em></span> <span class='ocrx_word' id='word_1_46' title='bbox 263 395 288 412; x_wconf 89' lang='grc' dir='ltr'><strong>τι</strong></span> <span class='ocrx_word' id='word_1_47' title='bbox 299 385 352 412; x_wconf 84' lang='grc' dir='ltr'><strong>τῶν</strong></span> <span class='ocrx_word' id='word_1_48' title='bbox 368 386 483 420; x_wconf 81' lang='grc' dir='ltr'>μέγεθος</span> <span class='ocrx_word' id='word_1_49' title='bbox 496 387 622 422; x_wconf 83' lang='grc' dir='ltr'>ἐχόντων,</span> <span class='ocrx_word' id='word_1_50' title='bbox 646 387 690 413; x_wconf 83' lang='grc' dir='ltr'><strong>τὸν</strong></span> <span class='ocrx_word' id='word_1_51' title='bbox 706 387 787 421; x_wconf 71' lang='grc' dir='ltr'>ὄγκον</span> <span class='ocrx_word' id='word_1_52' title='bbox 803 387 963 419; x_wconf 77' lang='grc' dir='ltr'>ἐλαττωθὲν,</span> 
     </span>
    </p>
   </div>
   <div class='ocr_carea' id='block_1_9' title="bbox 172 430 964 469">
    <p class='ocr_par' dir='ltr' id='par_1_9' title="bbox 172 430 964 469">
     <span class='ocr_line' id='line_1_9' title="bbox 172 430 964 469; baseline 0.001 -12"><span class='ocrx_word' id='word_1_53' title='bbox 172 433 205 466; x_wconf 81' lang='grc' dir='ltr'>τῇ</span> <span class='ocrx_word' id='word_1_54' title='bbox 220 432 341 467; x_wconf 75' lang='grc' dir='ltr'><strong>ποιότητι</strong></span> <span class='ocrx_word' id='word_1_55' title='bbox 357 432 454 459; x_wconf 69' lang='grc' dir='ltr'>ταύτὸν</span> <span class='ocrx_word' id='word_1_56' title='bbox 472 433 558 468; x_wconf 77' lang='grc' dir='ltr'>μένει,</span> <span class='ocrx_word' id='word_1_57' title='bbox 617 433 665 468; x_wconf 82' lang='grc' dir='ltr'>μὲν</span> <span class='ocrx_word' id='word_1_58' title='bbox 681 432 770 468; x_wconf 84' lang='grc' dir='ltr'>σῶμα,</span> <span class='ocrx_word' id='word_1_59' title='bbox 788 433 881 468; x_wconf 73' lang='grc' dir='ltr'>ἕτερόν</span> <span class='ocrx_word' id='word_1_60' title='bbox 895 434 964 464; x_wconf 65' lang='grc' dir='ltr'>ἐστι,</span> 
     </span>
    </p>
   </div>
   <div class='ocr_carea' id='block_1_10' title="bbox 174 474 965 515">
    <p class='ocr_par' dir='ltr' id='par_1_10' title="bbox 174 474 965 515">
     <span class='ocr_line' id='line_1_10' title="bbox 174 474 965 515; baseline 0.004 -12"><span class='ocrx_word' id='word_1_61' title='bbox 174 475 252 514; x_wconf 75' lang='grc' dir='ltr'>καὶῇ</span> <span class='ocrx_word' id='word_1_62' title='bbox 273 478 364 509; x_wconf 71' lang='grc' dir='ltr'>ποσὸν,</span> <span class='ocrx_word' id='word_1_63' title='bbox 386 479 420 513; x_wconf 84' lang='grc' dir='ltr'>τῇ</span> <span class='ocrx_word' id='word_1_64' title='bbox 433 478 461 504; x_wconf 85' lang='grc' dir='ltr'>δὲ</span> <span class='ocrx_word' id='word_1_65' title='bbox 487 478 620 514; x_wconf 78' lang='grc' dir='ltr'><strong>ποιότητι,</strong></span> <span class='ocrx_word' id='word_1_66' title='bbox 646 474 728 514; x_wconf 68' lang='grc' dir='ltr'>ἑτέρᾳ.</span> <span class='ocrx_word' id='word_1_67' title='bbox 747 481 797 515; x_wconf 82' lang='grc' dir='ltr'>τῆς</span> <span class='ocrx_word' id='word_1_68' title='bbox 817 479 965 514; x_wconf 75' lang='grc' dir='ltr'><strong>ποσότητος</strong></span> 
     </span>
    </p>
   </div>
   <div class='ocr_carea' id='block_1_11' title="bbox 172 522 966 560">
    <p class='ocr_par' dir='ltr' id='par_1_11' title="bbox 172 522 966 560">
     <span class='ocr_line' id='line_1_11' title="bbox 172 522 966 560; baseline 0.004 -11"><span class='ocrx_word' id='word_1_69' title='bbox 172 522 249 560; x_wconf 74' lang='grc' dir='ltr'>οὔσῃ,</span> <span class='ocrx_word' id='word_1_70' title='bbox 260 523 290 550; x_wconf 87' lang='grc' dir='ltr'><strong>τὸ</strong></span> <span class='ocrx_word' id='word_1_71' title='bbox 305 524 402 551; x_wconf 81' lang='grc' dir='ltr'>ταύτὸν</span> <span class='ocrx_word' id='word_1_72' title='bbox 415 523 567 556; x_wconf 79' lang='grc' dir='ltr'><strong>ἀποσώζειν</strong></span> <span class='ocrx_word' id='word_1_73' title='bbox 579 524 699 551; x_wconf 77' lang='grc' dir='ltr'>δύναται.</span> <span class='ocrx_word' id='word_1_74' title='bbox 715 525 747 551; x_wconf 84' lang='grc' dir='ltr'><strong>Τί</strong></span> <span class='ocrx_word' id='word_1_75' title='bbox 759 525 848 551; x_wconf 79' lang='grc' dir='ltr'><strong>τοίνυν</strong></span> <span class='ocrx_word' id='word_1_76' title='bbox 865 526 966 560; x_wconf 84' lang='grc' dir='ltr'>φήσου-</span> 
     </span>
    </p>
   </div>
   <div class='ocr_carea' id='block_1_12' title="bbox 173 569 964 607">
    <p class='ocr_par' dir='ltr' id='par_1_12' title="bbox 173 569 964 607">
     <span class='ocr_line' id='line_1_12' title="bbox 173 569 964 607; baseline 0.003 -12"><span class='ocrx_word' id='word_1_77' title='bbox 173 578 214 595; x_wconf 90' lang='grc' dir='ltr'><strong>σιν</strong></span> <span class='ocrx_word' id='word_1_78' title='bbox 229 570 254 595; x_wconf 90' lang='grc' dir='ltr'>οἱ</span> <span class='ocrx_word' id='word_1_79' title='bbox 267 570 316 605; x_wconf 78' lang='grc' dir='ltr'>τὴν</span> <span class='ocrx_word' id='word_1_80' title='bbox 328 570 416 605; x_wconf 75' lang='grc' dir='ltr'>ψυχὴν</span> <span class='ocrx_word' id='word_1_81' title='bbox 432 570 511 606; x_wconf 83' lang='grc' dir='ltr'>σῶμα</span> <span class='ocrx_word' id='word_1_82' title='bbox 531 569 600 598; x_wconf 82' lang='grc' dir='ltr'>εἶναι</span> <span class='ocrx_word' id='word_1_83' title='bbox 617 570 741 605; x_wconf 79' lang='grc' dir='ltr'>λέγοντες</span> <span class='ocrx_word' id='word_1_84' title='bbox 756 580 763 604; x_wconf 85' lang='grc'><strong>;</strong></span> <span class='ocrx_word' id='word_1_85' title='bbox 781 571 891 607; x_wconf 81' lang='grc' dir='ltr'>Πρῶτον</span> <span class='ocrx_word' id='word_1_86' title='bbox 915 571 964 607; x_wconf 79' lang='grc' dir='ltr'><strong>μὲν</strong></span> 
     </span>
    </p>
   </div>
   <div class='ocr_carea' id='block_1_13' title="bbox 171 615 965 653">
    <p class='ocr_par' dir='ltr' id='par_1_13' title="bbox 171 615 965 653">
     <span class='ocr_line' id='line_1_13' title="bbox 171 615 965 653; baseline 0.003 -12"><span class='ocrx_word' id='word_1_87' title='bbox 171 615 242 651; x_wconf 82' lang='grc' dir='ltr'>ὑπὲρ</span> <span class='ocrx_word' id='word_1_88' title='bbox 252 616 367 642; x_wconf 74' lang='grc' dir='ltr'>ἑκάστου</span> <span class='ocrx_word' id='word_1_89' title='bbox 383 617 482 651; x_wconf 78' lang='grc' dir='ltr'><strong>μέρους</strong></span> <span class='ocrx_word' id='word_1_90' title='bbox 498 617 548 652; x_wconf 82' lang='grc' dir='ltr'><strong>τῆς</strong></span> <span class='ocrx_word' id='word_1_91' title='bbox 563 617 652 653; x_wconf 77' lang='grc' dir='ltr'>ψυχῆς</span> <span class='ocrx_word' id='word_1_92' title='bbox 667 617 716 652; x_wconf 82' lang='grc' dir='ltr'>τῆς</span> <span class='ocrx_word' id='word_1_93' title='bbox 727 619 755 643; x_wconf 73' lang='grc' dir='ltr'>ὲν</span> <span class='ocrx_word' id='word_1_94' title='bbox 770 617 807 652; x_wconf 84' lang='grc' dir='ltr'>τῷ</span> <span class='ocrx_word' id='word_1_95' title='bbox 822 617 896 653; x_wconf 76' lang='grc' dir='ltr'>αὐτῷ</span> <span class='ocrx_word' id='word_1_96' title='bbox 911 616 965 643; x_wconf 89' lang='grc' dir='ltr'><strong>σώ-</strong></span> 
     </span>
    </p>
   </div>
   <div class='ocr_carea' id='block_1_14' title="bbox 173 660 963 697">
    <p class='ocr_par' dir='ltr' id='par_1_14' title="bbox 173 660 963 697">
     <span class='ocr_line' id='line_1_14' title="bbox 173 660 963 697; baseline 0.005 -12"><span class='ocrx_word' id='word_1_97' title='bbox 173 668 248 694; x_wconf 81' lang='grc' dir='ltr'>ματι,</span> <span class='ocrx_word' id='word_1_98' title='bbox 264 660 377 696; x_wconf 84' lang='grc' dir='ltr'>πότερον</span> <span class='ocrx_word' id='word_1_99' title='bbox 393 661 508 688; x_wconf 69' lang='grc' dir='ltr'>ἕκαστον</span> <span class='ocrx_word' id='word_1_100' title='bbox 519 661 602 697; x_wconf 78' lang='grc' dir='ltr'>ψυχὴ,</span> <span class='ocrx_word' id='word_1_101' title='bbox 626 662 670 689; x_wconf 81' lang='grc' dir='ltr'>οἵα</span> <span class='ocrx_word' id='word_1_102' title='bbox 694 662 752 688; x_wconf 77' lang='grc' dir='ltr'>ἐστὶ</span> <span class='ocrx_word' id='word_1_103' title='bbox 780 663 827 689; x_wconf 81' lang='grc' dir='ltr'>καὶ</span> <span class='ocrx_word' id='word_1_104' title='bbox 854 663 871 697; x_wconf 87' lang='grc' dir='ltr'>ὴ</span> <span class='ocrx_word' id='word_1_105' title='bbox 898 662 963 696; x_wconf 80' lang='grc' dir='ltr'><strong>ὅλη;</strong></span> 
     </span>
    </p>
   </div>
   <div class='ocr_carea' id='block_1_15' title="bbox 171 706 965 744">
    <p class='ocr_par' dir='ltr' id='par_1_15' title="bbox 171 706 965 744">
     <span class='ocr_line' id='line_1_15' title="bbox 171 706 965 744; baseline 0.004 -13"><span class='ocrx_word' id='word_1_106' title='bbox 171 706 218 731; x_wconf 75' lang='grc' dir='ltr'><strong>καὶ</strong></span> <span class='ocrx_word' id='word_1_107' title='bbox 230 706 310 732; x_wconf 79' lang='grc' dir='ltr'>πάλιν</span> <span class='ocrx_word' id='word_1_108' title='bbox 325 706 373 733; x_wconf 85' lang='grc' dir='ltr'>τοῦ</span> <span class='ocrx_word' id='word_1_109' title='bbox 392 707 491 742; x_wconf 77' lang='grc' dir='ltr'>μέρους</span> <span class='ocrx_word' id='word_1_110' title='bbox 507 708 536 734; x_wconf 78' lang='grc' dir='ltr'>τὸ</span> <span class='ocrx_word' id='word_1_111' title='bbox 559 709 656 744; x_wconf 82' lang='grc' dir='ltr'>μέρος;</span> <span class='ocrx_word' id='word_1_112' title='bbox 678 709 763 735; x_wconf 77' lang='grc' dir='ltr'>Οὐδὲν</span> <span class='ocrx_word' id='word_1_113' title='bbox 790 708 844 744; x_wconf 86' lang='grc' dir='ltr'><strong>ἄρα</strong></span> <span class='ocrx_word' id='word_1_114' title='bbox 865 708 896 734; x_wconf 82' lang='grc' dir='ltr'>τὸ</span> <span class='ocrx_word' id='word_1_115' title='bbox 921 708 965 743; x_wconf 86' lang='grc' dir='ltr'><strong>μέ-</strong></span> 
     </span>
    </p>
   </div>
   <div class='ocr_carea' id='block_1_16' title="bbox 170 750 962 789">
    <p class='ocr_par' dir='ltr' id='par_1_16' title="bbox 170 750 962 789">
     <span class='ocr_line' id='line_1_16' title="bbox 170 750 962 789; baseline 0.004 -12"><span class='ocrx_word' id='word_1_116' title='bbox 170 750 251 785; x_wconf 79' lang='grc' dir='ltr'>γεθος</span> <span class='ocrx_word' id='word_1_117' title='bbox 266 751 443 778; x_wconf 76' lang='grc' dir='ltr'>συνεϐάλλετο</span> <span class='ocrx_word' id='word_1_118' title='bbox 461 754 493 788; x_wconf 83' lang='grc' dir='ltr'>τῇ</span> <span class='ocrx_word' id='word_1_119' title='bbox 511 753 590 789; x_wconf 77' lang='grc' dir='ltr'>οὐσίᾳ</span> <span class='ocrx_word' id='word_1_120' title='bbox 612 753 708 789; x_wconf 78' lang='grc' dir='ltr'>αὐτῆς·</span> <span class='ocrx_word' id='word_1_121' title='bbox 726 753 824 789; x_wconf 79' lang='grc' dir='ltr'>(καίτοι</span> <span class='ocrx_word' id='word_1_122' title='bbox 839 753 892 780; x_wconf 74' lang='grc' dir='ltr'>ἔδει</span> <span class='ocrx_word' id='word_1_123' title='bbox 906 753 962 789; x_wconf 84' lang='lat'><strong>(67)</strong></span> 
     </span>
    </p>
   </div>
   <div class='ocr_carea' id='block_1_17' title="bbox 170 797 964 834">
    <p class='ocr_par' dir='ltr' id='par_1_17' title="bbox 170 797 964 834">
     <span class='ocr_line' id='line_1_17' title="bbox 170 797 964 834; baseline 0.003 -11"><span class='ocrx_word' id='word_1_124' title='bbox 170 805 213 831; x_wconf 80' lang='grc' dir='ltr'><strong>γε,</strong></span> <span class='ocrx_word' id='word_1_125' title='bbox 230 797 312 824; x_wconf 82' lang='grc' dir='ltr'>ποσοῦ</span> <span class='ocrx_word' id='word_1_126' title='bbox 330 807 402 830; x_wconf 87' lang='grc' dir='ltr'>τινος</span> <span class='ocrx_word' id='word_1_127' title='bbox 416 799 514 834; x_wconf 74' lang='grc' dir='ltr'>δντος,)</span> <span class='ocrx_word' id='word_1_128' title='bbox 535 799 582 825; x_wconf 78' lang='grc' dir='ltr'>καὶ</span> <span class='ocrx_word' id='word_1_129' title='bbox 593 799 652 826; x_wconf 81' lang='grc' dir='ltr'>ὅλον</span> <span class='ocrx_word' id='word_1_130' title='bbox 678 799 808 834; x_wconf 82' lang='grc' dir='ltr'>πυλλαχῇ,</span> <span class='ocrx_word' id='word_1_131' title='bbox 828 800 896 834; x_wconf 85' lang='grc' dir='ltr'>ὅπερ</span> <span class='ocrx_word' id='word_1_132' title='bbox 912 799 964 825; x_wconf 86' lang='grc' dir='ltr'><strong>σώ-</strong></span> 
     </span>
    </p>
   </div>
   <div class='ocr_carea' id='block_1_18' title="bbox 171 843 963 880">
    <p class='ocr_par' dir='ltr' id='par_1_18' title="bbox 171 843 963 880">
     <span class='ocr_line' id='line_1_18' title="bbox 171 843 963 880; baseline 0.003 -11"><span class='ocrx_word' id='word_1_133' title='bbox 171 852 236 878; x_wconf 86' lang='grc' dir='ltr'>ματι</span> <span class='ocrx_word' id='word_1_134' title='bbox 256 845 380 880; x_wconf 86' lang='grc' dir='ltr'>παρεῖναι</span> <span class='ocrx_word' id='word_1_135' title='bbox 406 844 546 877; x_wconf 81' lang='grc' dir='ltr'>ἀδύνατον,</span> <span class='ocrx_word' id='word_1_136' title='bbox 567 846 596 872; x_wconf 86' lang='grc' dir='ltr'>ἐν</span> <span class='ocrx_word' id='word_1_137' title='bbox 611 845 714 872; x_wconf 79' lang='grc' dir='ltr'>πλείοσι</span> <span class='ocrx_word' id='word_1_138' title='bbox 728 845 759 872; x_wconf 81' lang='grc' dir='ltr'>τὸ</span> <span class='ocrx_word' id='word_1_139' title='bbox 774 845 838 871; x_wconf 81' lang='grc' dir='ltr'>αὐτὸ</span> <span class='ocrx_word' id='word_1_140' title='bbox 853 845 913 871; x_wconf 81' lang='grc' dir='ltr'>ὅλον</span> <span class='ocrx_word' id='word_1_141' title='bbox 927 843 963 871; x_wconf 83' lang='grc' dir='ltr'><strong>εἶ-</strong></span> 
     </span>
    </p>
   </div>
   <div class='ocr_carea' id='block_1_19' title="bbox 169 890 961 928">
    <p class='ocr_par' dir='ltr' id='par_1_19' title="bbox 169 890 961 928">
     <span class='ocr_line' id='line_1_19' title="bbox 169 890 961 928; baseline 0.005 -13"><span class='ocrx_word' id='word_1_142' title='bbox 169 898 224 921; x_wconf 88' lang='grc' dir='ltr'>ναι,</span> <span class='ocrx_word' id='word_1_143' title='bbox 238 890 283 916; x_wconf 67' lang='grc' dir='ltr'><strong>καὶ</strong></span> <span class='ocrx_word' id='word_1_144' title='bbox 293 890 324 916; x_wconf 75' lang='grc' dir='ltr'>τὸ</span> <span class='ocrx_word' id='word_1_145' title='bbox 341 891 420 926; x_wconf 78' lang='grc' dir='ltr'>μέρος</span> <span class='ocrx_word' id='word_1_146' title='bbox 436 892 504 927; x_wconf 80' lang='grc' dir='ltr'>ὅπερ</span> <span class='ocrx_word' id='word_1_147' title='bbox 518 892 548 918; x_wconf 78' lang='grc' dir='ltr'>τὸ</span> <span class='ocrx_word' id='word_1_148' title='bbox 566 892 625 918; x_wconf 78' lang='grc' dir='ltr'>ὅλον</span> <span class='ocrx_word' id='word_1_149' title='bbox 639 892 782 928; x_wconf 81' lang='grc' dir='ltr'>ὑπάρχειν.</span> <span class='ocrx_word' id='word_1_150' title='bbox 800 892 832 918; x_wconf 84' lang='lat' dir='ltr'><strong>El</strong></span> <span class='ocrx_word' id='word_1_151' title='bbox 853 892 880 918; x_wconf 82' lang='grc' dir='ltr'>δὲ</span> <span class='ocrx_word' id='word_1_152' title='bbox 896 892 961 919; x_wconf 76' lang='grc' dir='ltr'>ἕκα-</span> 
     </span>
    </p>
   </div>
   <div class='ocr_carea' id='block_1_20' title="bbox 170 936 959 975">
    <p class='ocr_par' dir='ltr' id='par_1_20' title="bbox 170 936 959 975">
     <span class='ocr_line' id='line_1_20' title="bbox 170 936 959 975; baseline 0.001 -13"><span class='ocrx_word' id='word_1_153' title='bbox 170 945 232 963; x_wconf 85' lang='grc' dir='ltr'>στον</span> <span class='ocrx_word' id='word_1_154' title='bbox 246 936 299 963; x_wconf 77' lang='grc' dir='ltr'><strong>τῶν</strong></span> <span class='ocrx_word' id='word_1_155' title='bbox 313 937 405 972; x_wconf 82' lang='grc' dir='ltr'>μερῶν</span> <span class='ocrx_word' id='word_1_156' title='bbox 417 938 447 964; x_wconf 72' lang='grc' dir='ltr'>οὗ</span> <span class='ocrx_word' id='word_1_157' title='bbox 464 938 552 975; x_wconf 72' lang='grc' dir='ltr'>ψυχὴν</span> <span class='ocrx_word' id='word_1_158' title='bbox 579 939 719 974; x_wconf 77' lang='grc' dir='ltr'>φήσουσιν,</span> <span class='ocrx_word' id='word_1_159' title='bbox 738 938 768 970; x_wconf 81' lang='grc' dir='ltr'>ἐξ</span> <span class='ocrx_word' id='word_1_160' title='bbox 781 938 892 974; x_wconf 72' lang='grc' dir='ltr'>ἀψύχων</span> <span class='ocrx_word' id='word_1_161' title='bbox 908 938 959 972; x_wconf 70' lang='grc' dir='ltr'>ψυ-</span> 
     </span>
    </p>
   </div>
   <div class='ocr_carea' id='block_1_21' title="bbox 168 982 960 1020">
    <p class='ocr_par' dir='ltr' id='par_1_21' title="bbox 168 982 960 1020">
     <span class='ocr_line' id='line_1_21' title="bbox 168 982 960 1020; baseline 0.003 -12"><span class='ocrx_word' id='word_1_162' title='bbox 168 982 203 1017; x_wconf 82' lang='grc' dir='ltr'><strong>χὴ</strong></span> <span class='ocrx_word' id='word_1_163' title='bbox 219 983 309 1014; x_wconf 82' lang='grc' dir='ltr'>αὐτοῖς</span> <span class='ocrx_word' id='word_1_164' title='bbox 327 983 452 1019; x_wconf 81' lang='grc' dir='ltr'>ὑπάρξει.</span> <span class='ocrx_word' id='word_1_165' title='bbox 477 985 531 1011; x_wconf 80' lang='grc' dir='ltr'>Καὶ</span> <span class='ocrx_word' id='word_1_166' title='bbox 557 984 679 1020; x_wconf 79' lang='grc' dir='ltr'>προσέτι,</span> <span class='ocrx_word' id='word_1_167' title='bbox 695 985 718 1010; x_wconf 78' lang='grc' dir='ltr'>εἰ</span> <span class='ocrx_word' id='word_1_168' title='bbox 732 984 820 1020; x_wconf 77' lang='grc' dir='ltr'>ψυχῆς</span> <span class='ocrx_word' id='word_1_169' title='bbox 842 985 960 1019; x_wconf 76' lang='grc' dir='ltr'>ἑκάστης</span> 
     </span>
    </p>
   </div>
   <div class='ocr_carea' id='block_1_22' title="bbox 167 1028 960 1066">
    <p class='ocr_par' dir='ltr' id='par_1_22' title="bbox 167 1028 960 1066">
     <span class='ocr_line' id='line_1_22' title="bbox 167 1028 960 1066; baseline 0.003 -12"><span class='ocrx_word' id='word_1_170' title='bbox 167 1028 197 1054; x_wconf 74' lang='grc' dir='ltr'>τὸ</span> <span class='ocrx_word' id='word_1_171' title='bbox 215 1028 327 1063; x_wconf 76' lang='grc' dir='ltr'>μέγεοος</span> <span class='ocrx_word' id='word_1_172' title='bbox 338 1029 489 1065; x_wconf 77' lang='grc' dir='ltr'>ὡρισμένον</span> <span class='ocrx_word' id='word_1_173' title='bbox 502 1030 579 1056; x_wconf 77' lang='grc' dir='ltr'>ἔσται</span> <span class='ocrx_word' id='word_1_174' title='bbox 593 1030 634 1065; x_wconf 69' lang='grc' dir='ltr'><strong>ἐφ’</strong></span> <span class='ocrx_word' id='word_1_175' title='bbox 651 1031 770 1066; x_wconf 73' lang='grc' dir='ltr'>ἑκάτερα.</span> <span class='ocrx_word' id='word_1_176' title='bbox 798 1029 865 1065; x_wconf 86' lang='grc'><strong>(68),</strong></span> <span class='ocrx_word' id='word_1_177' title='bbox 880 1030 896 1065; x_wconf 78' lang='grc' dir='ltr'><strong>ἢ</strong></span> <span class='ocrx_word' id='word_1_178' title='bbox 913 1030 960 1056; x_wconf 70' lang='grc' dir='ltr'><strong>ἐπὶ</strong></span> 
     </span>
    </p>
   </div>
   <div class='ocr_carea' id='block_1_23' title="bbox 166 1073 957 1111">
    <p class='ocr_par' dir='ltr' id='par_1_23' title="bbox 166 1073 957 1111">
     <span class='ocr_line' id='line_1_23' title="bbox 166 1073 957 1111; baseline 0.003 -12"><span class='ocrx_word' id='word_1_179' title='bbox 166 1073 198 1099; x_wconf 77' lang='grc' dir='ltr'>τὺ</span> <span class='ocrx_word' id='word_1_180' title='bbox 206 1073 315 1100; x_wconf 76' lang='grc' dir='ltr'>ἔλαττόν</span> <span class='ocrx_word' id='word_1_181' title='bbox 331 1082 372 1108; x_wconf 82' lang='grc' dir='ltr'><strong>γε,</strong></span> <span class='ocrx_word' id='word_1_182' title='bbox 393 1073 409 1110; x_wconf 79' lang='grc' dir='ltr'>ἦ</span> <span class='ocrx_word' id='word_1_183' title='bbox 424 1075 469 1101; x_wconf 76' lang='grc' dir='ltr'>ἐπὶ</span> <span class='ocrx_word' id='word_1_184' title='bbox 481 1075 511 1101; x_wconf 82' lang='grc' dir='ltr'>τὸ</span> <span class='ocrx_word' id='word_1_185' title='bbox 525 1076 616 1110; x_wconf 77' lang='grc' dir='ltr'>μεῖζον</span> <span class='ocrx_word' id='word_1_186' title='bbox 634 1075 699 1111; x_wconf 85' lang='grc'>(69),</span> <span class='ocrx_word' id='word_1_187' title='bbox 724 1075 797 1110; x_wconf 69' lang='grc' dir='ltr'>ψυχὴ</span> <span class='ocrx_word' id='word_1_188' title='bbox 809 1075 858 1101; x_wconf 85' lang='grc' dir='ltr'>οὐκ</span> <span class='ocrx_word' id='word_1_189' title='bbox 871 1074 957 1101; x_wconf 66' lang='grc' dir='ltr'>ἔσται.</span> 
     </span>
    </p>
   </div>
   <div class='ocr_carea' id='block_1_24' title="bbox 168 1119 958 1156">
    <p class='ocr_par' dir='ltr' id='par_1_24' title="bbox 168 1119 958 1156">
     <span class='ocr_line' id='line_1_24' title="bbox 168 1119 958 1156; baseline 0.001 -11"><span class='ocrx_word' id='word_1_190' title='bbox 168 1119 252 1146; x_wconf 75' lang='grc' dir='ltr'>Ὅταν</span> <span class='ocrx_word' id='word_1_191' title='bbox 264 1119 351 1147; x_wconf 78' lang='grc' dir='ltr'>τοίνυν</span> <span class='ocrx_word' id='word_1_192' title='bbox 363 1121 395 1146; x_wconf 83' lang='grc' dir='ltr'>ἐκ</span> <span class='ocrx_word' id='word_1_193' title='bbox 416 1120 524 1147; x_wconf 80' lang='grc' dir='ltr'>συνόδου</span> <span class='ocrx_word' id='word_1_194' title='bbox 553 1122 627 1156; x_wconf 81' lang='grc' dir='ltr'>μιᾶς,</span> <span class='ocrx_word' id='word_1_195' title='bbox 653 1121 700 1148; x_wconf 73' lang='grc' dir='ltr'><strong>καὶ</strong></span> <span class='ocrx_word' id='word_1_196' title='bbox 722 1121 782 1152; x_wconf 72' lang='grc' dir='ltr'>ἑνὸς</span> <span class='ocrx_word' id='word_1_197' title='bbox 803 1120 958 1156; x_wconf 84' lang='grc' dir='ltr'>σπέρματος</span> 
     </span>
    </p>
   </div>
   <div class='ocr_carea' id='block_1_25' title="bbox 166 1165 958 1202">
    <p class='ocr_par' dir='ltr' id='par_1_25' title="bbox 166 1165 958 1202">
     <span class='ocr_line' id='line_1_25' title="bbox 166 1165 958 1202; baseline 0.001 -11"><span class='ocrx_word' id='word_1_198' title='bbox 166 1165 262 1200; x_wconf 79' lang='grc' dir='ltr'>δίδυμα</span> <span class='ocrx_word' id='word_1_199' title='bbox 278 1166 390 1202; x_wconf 78' lang='grc' dir='ltr'>γένηται</span> <span class='ocrx_word' id='word_1_200' title='bbox 409 1167 577 1202; x_wconf 81' lang='grc' dir='ltr'>γεννήματα,</span> <span class='ocrx_word' id='word_1_201' title='bbox 588 1167 605 1202; x_wconf 84' lang='grc' dir='ltr'>ἢ</span> <span class='ocrx_word' id='word_1_202' title='bbox 621 1167 667 1193; x_wconf 74' lang='grc' dir='ltr'><strong>καὶ</strong></span> <span class='ocrx_word' id='word_1_203' title='bbox 679 1166 774 1202; x_wconf 77' lang='grc' dir='ltr'>ὥσπερ</span> <span class='ocrx_word' id='word_1_204' title='bbox 792 1167 820 1194; x_wconf 88' lang='grc' dir='ltr'>ὲν</span> <span class='ocrx_word' id='word_1_205' title='bbox 837 1167 892 1198; x_wconf 84' lang='grc' dir='ltr'>τοῖς</span> <span class='ocrx_word' id='word_1_206' title='bbox 911 1166 958 1192; x_wconf 81' lang='grc' dir='ltr'><strong>ἄλ-</strong></span> 
     </span>
    </p>
   </div>
   <div class='ocr_carea' id='block_1_26' title="bbox 166 1210 958 1248">
    <p class='ocr_par' dir='ltr' id='par_1_26' title="bbox 166 1210 958 1248">
     <span class='ocr_line' id='line_1_26' title="bbox 166 1210 958 1248; baseline 0.003 -11"><span class='ocrx_word' id='word_1_207' title='bbox 166 1210 223 1242; x_wconf 79' lang='grc' dir='ltr'>λοις</span> <span class='ocrx_word' id='word_1_208' title='bbox 234 1210 324 1243; x_wconf 77' lang='grc' dir='ltr'>ζώοις,</span> <span class='ocrx_word' id='word_1_209' title='bbox 339 1212 463 1244; x_wconf 84' lang='grc' dir='ltr'>πλεῖστα,</span> <span class='ocrx_word' id='word_1_210' title='bbox 478 1212 525 1238; x_wconf 83' lang='grc' dir='ltr'>τοῦ</span> <span class='ocrx_word' id='word_1_211' title='bbox 543 1213 700 1248; x_wconf 80' lang='grc' dir='ltr'>σπέρματος</span> <span class='ocrx_word' id='word_1_212' title='bbox 730 1214 770 1239; x_wconf 77' lang='grc' dir='ltr'>εἰς</span> <span class='ocrx_word' id='word_1_213' title='bbox 785 1213 896 1244; x_wconf 81' lang='grc' dir='ltr'>πολλοὺς</span> <span class='ocrx_word' id='word_1_214' title='bbox 913 1212 958 1239; x_wconf 83' lang='grc' dir='ltr'>τό-</span> 
     </span>
    </p>
   </div>
   <div class='ocr_carea' id='block_1_27' title="bbox 166 1255 958 1294">
    <p class='ocr_par' dir='ltr' id='par_1_27' title="bbox 166 1255 958 1294">
     <span class='ocr_line' id='line_1_27' title="bbox 166 1255 958 1294; baseline 0.003 -12"><span class='ocrx_word' id='word_1_215' title='bbox 166 1265 233 1288; x_wconf 82' lang='grc' dir='ltr'>πους</span> <span class='ocrx_word' id='word_1_216' title='bbox 251 1258 439 1293; x_wconf 78' lang='grc' dir='ltr'>μεριζομένου,</span> <span class='ocrx_word' id='word_1_217' title='bbox 453 1255 484 1285; x_wconf 78' lang='grc' dir='ltr'>οὗ</span> <span class='ocrx_word' id='word_1_218' title='bbox 510 1258 543 1294; x_wconf 78' lang='grc' dir='ltr'>δὴ</span> <span class='ocrx_word' id='word_1_219' title='bbox 560 1258 619 1285; x_wconf 83' lang='grc' dir='ltr'>ὅλον</span> <span class='ocrx_word' id='word_1_220' title='bbox 635 1259 749 1286; x_wconf 78' lang='grc' dir='ltr'>ἕκαστόν</span> <span class='ocrx_word' id='word_1_221' title='bbox 764 1260 832 1286; x_wconf 85' lang='grc' dir='ltr'>ἐστι·</span> <span class='ocrx_word' id='word_1_222' title='bbox 851 1259 909 1290; x_wconf 81' lang='grc' dir='ltr'><strong>πῶς</strong></span> <span class='ocrx_word' id='word_1_223' title='bbox 929 1259 958 1285; x_wconf 76' lang='grc' dir='ltr'><strong>οὐ</strong></span> 
     </span>
    </p>
   </div>
   <div class='ocr_carea' id='block_1_28' title="bbox 165 1302 957 1341">
    <p class='ocr_par' dir='ltr' id='par_1_28' title="bbox 165 1302 957 1341">
     <span class='ocr_line' id='line_1_28' title="bbox 165 1302 957 1341; baseline 0.004 -12"><span class='ocrx_word' id='word_1_224' title='bbox 165 1302 284 1330; x_wconf 76' lang='grc' dir='ltr'>διδάσκει</span> <span class='ocrx_word' id='word_1_225' title='bbox 299 1304 376 1331; x_wconf 75' lang='grc' dir='ltr'>τοῦτο</span> <span class='ocrx_word' id='word_1_226' title='bbox 391 1305 454 1336; x_wconf 80' lang='grc' dir='ltr'>τοὺς</span> <span class='ocrx_word' id='word_1_227' title='bbox 468 1305 645 1340; x_wconf 78' lang='grc' dir='ltr'>βουλομένους</span> <span class='ocrx_word' id='word_1_228' title='bbox 669 1305 825 1341; x_wconf 78' lang='grc' dir='ltr'>μανθάνειν,</span> <span class='ocrx_word' id='word_1_229' title='bbox 842 1306 880 1337; x_wconf 82' lang='grc' dir='ltr'>ὡς</span> <span class='ocrx_word' id='word_1_230' title='bbox 891 1306 957 1332; x_wconf 71' lang='grc' dir='ltr'>ὅπου</span> 
     </span>
    </p>
   </div>
   <div class='ocr_carea' id='block_1_29' title="bbox 163 1349 959 1388">
    <p class='ocr_par' dir='ltr' id='par_1_29' title="bbox 163 1349 959 1388">
     <span class='ocr_line' id='line_1_29' title="bbox 163 1349 959 1388; baseline 0.004 -13"><span class='ocrx_word' id='word_1_231' title='bbox 163 1349 196 1376; x_wconf 80' lang='grc' dir='ltr'><strong>τὸ</strong></span> <span class='ocrx_word' id='word_1_232' title='bbox 213 1350 295 1385; x_wconf 75' lang='grc' dir='ltr'>μέρος</span> <span class='ocrx_word' id='word_1_233' title='bbox 310 1351 407 1378; x_wconf 70' lang='grc' dir='ltr'>ταύτόν</span> <span class='ocrx_word' id='word_1_234' title='bbox 422 1352 479 1377; x_wconf 79' lang='grc' dir='ltr'>ἐστι</span> <span class='ocrx_word' id='word_1_235' title='bbox 492 1351 531 1387; x_wconf 87' lang='grc' dir='ltr'>τῷ</span> <span class='ocrx_word' id='word_1_236' title='bbox 545 1352 608 1387; x_wconf 77' lang='grc' dir='ltr'>ὅλῳ,</span> <span class='ocrx_word' id='word_1_237' title='bbox 638 1352 716 1378; x_wconf 81' lang='grc' dir='ltr'>τοῦτο</span> <span class='ocrx_word' id='word_1_238' title='bbox 733 1352 761 1378; x_wconf 80' lang='grc' dir='ltr'>ἐν</span> <span class='ocrx_word' id='word_1_239' title='bbox 772 1354 805 1388; x_wconf 75' lang='grc' dir='ltr'>τῇ</span> <span class='ocrx_word' id='word_1_240' title='bbox 821 1352 902 1378; x_wconf 83' lang='grc' dir='ltr'>αὑτοῦ</span> <span class='ocrx_word' id='word_1_241' title='bbox 914 1352 959 1378; x_wconf 80' lang='grc' dir='ltr'><strong>οὺ-</strong></span> 
     </span>
    </p>
   </div>
   <div class='ocr_carea' id='block_1_30' title="bbox 166 1395 959 1433">
    <p class='ocr_par' dir='ltr' id='par_1_30' title="bbox 166 1395 959 1433">
     <span class='ocr_line' id='line_1_30' title="bbox 166 1395 959 1433; baseline 0.004 -12"><span class='ocrx_word' id='word_1_242' title='bbox 166 1395 212 1431; x_wconf 81' lang='grc' dir='ltr'>σίᾳ</span> <span class='ocrx_word' id='word_1_243' title='bbox 223 1396 252 1422; x_wconf 85' lang='grc' dir='ltr'>τὸ</span> <span class='ocrx_word' id='word_1_244' title='bbox 264 1397 346 1423; x_wconf 71' lang='grc' dir='ltr'>ποσὸν</span> <span class='ocrx_word' id='word_1_245' title='bbox 377 1395 446 1424; x_wconf 83' lang='grc' dir='ltr'>εἶναι</span> <span class='ocrx_word' id='word_1_246' title='bbox 473 1398 680 1433; x_wconf 79' lang='grc' dir='ltr'>ὑπερὸέὸηκεν,</span> <span class='ocrx_word' id='word_1_247' title='bbox 708 1397 807 1424; x_wconf 78' lang='grc' dir='ltr'>ἄποσον</span> <span class='ocrx_word' id='word_1_248' title='bbox 839 1398 868 1424; x_wconf 77' lang='grc' dir='ltr'><strong>δὲ</strong></span> <span class='ocrx_word' id='word_1_249' title='bbox 893 1397 959 1424; x_wconf 79' lang='grc' dir='ltr'>αὐτὸ</span> 
     </span>
    </p>
   </div>
   <div class='ocr_carea' id='block_1_31' title="bbox 164 1442 956 1480">
    <p class='ocr_par' dir='ltr' id='par_1_31' title="bbox 164 1442 956 1480">
     <span class='ocr_line' id='line_1_31' title="bbox 164 1442 956 1480; baseline 0.003 -12"><span class='ocrx_word' id='word_1_250' title='bbox 164 1442 234 1469; x_wconf 78' lang='grc' dir='ltr'>εἶναι</span> <span class='ocrx_word' id='word_1_251' title='bbox 254 1443 283 1476; x_wconf 75' lang='grc' dir='ltr'>ἐξ</span> <span class='ocrx_word' id='word_1_252' title='bbox 300 1444 441 1479; x_wconf 80' lang='grc' dir='ltr'>ἀνάγκης;</span> <span class='ocrx_word' id='word_1_253' title='bbox 457 1445 535 1472; x_wconf 78' lang='grc' dir='ltr'>Οὕτω</span> <span class='ocrx_word' id='word_1_254' title='bbox 550 1445 604 1480; x_wconf 83' lang='grc' dir='ltr'><strong>γὰρ</strong></span> <span class='ocrx_word' id='word_1_255' title='bbox 621 1445 654 1471; x_wconf 84' lang='grc' dir='ltr'>ἂν</span> <span class='ocrx_word' id='word_1_256' title='bbox 670 1444 744 1480; x_wconf 81' lang='grc' dir='ltr'>μένοι</span> <span class='ocrx_word' id='word_1_257' title='bbox 754 1445 784 1470; x_wconf 80' lang='grc' dir='ltr'>τὸ</span> <span class='ocrx_word' id='word_1_258' title='bbox 801 1443 878 1477; x_wconf 83' lang='grc' dir='ltr'>αὐτὸ,</span> <span class='ocrx_word' id='word_1_259' title='bbox 910 1443 956 1470; x_wconf 80' lang='grc' dir='ltr'>τοῦ</span> 
     </span>
    </p>
   </div>
   <div class='ocr_carea' id='block_1_32' title="bbox 165 1487 958 1525">
    <p class='ocr_par' dir='ltr' id='par_1_32' title="bbox 165 1487 958 1525">
     <span class='ocr_line' id='line_1_32' title="bbox 165 1487 958 1525; baseline 0.003 -12"><span class='ocrx_word' id='word_1_260' title='bbox 165 1487 249 1513; x_wconf 81' lang='grc' dir='ltr'>ποτοῦ</span> <span class='ocrx_word' id='word_1_261' title='bbox 263 1488 446 1523; x_wconf 77' lang='grc' dir='ltr'>κλεπτομένου</span> <span class='ocrx_word' id='word_1_262' title='bbox 463 1489 529 1524; x_wconf 85' lang='grc'>(70),</span> <span class='ocrx_word' id='word_1_263' title='bbox 564 1489 611 1516; x_wconf 70' lang='grc' dir='ltr'><strong>ἅτε</strong></span> <span class='ocrx_word' id='word_1_264' title='bbox 631 1490 668 1525; x_wconf 82' lang='grc' dir='ltr'>μὴ</span> <span class='ocrx_word' id='word_1_265' title='bbox 690 1489 769 1524; x_wconf 80' lang='grc' dir='ltr'>μέλον</span> <span class='ocrx_word' id='word_1_266' title='bbox 785 1489 858 1524; x_wconf 77' lang='grc' dir='ltr'>αὑτῷ</span> <span class='ocrx_word' id='word_1_267' title='bbox 877 1488 958 1515; x_wconf 70' lang='grc' dir='ltr'>ποσό-</span> 
     </span>
    </p>
   </div>
   <div class='ocr_carea' id='block_1_33' title="bbox 164 1535 958 1572">
    <p class='ocr_par' dir='ltr' id='par_1_33' title="bbox 164 1535 958 1572">
     <span class='ocr_line' id='line_1_33' title="bbox 164 1535 958 1572; baseline 0.003 -12"><span class='ocrx_word' id='word_1_268' title='bbox 164 1543 244 1569; x_wconf 82' lang='grc' dir='ltr'>τητος</span> <span class='ocrx_word' id='word_1_269' title='bbox 257 1535 304 1561; x_wconf 83' lang='grc' dir='ltr'><strong>καὶ</strong></span> <span class='ocrx_word' id='word_1_270' title='bbox 314 1535 406 1569; x_wconf 73' lang='grc' dir='ltr'>ὄγκου,</span> <span class='ocrx_word' id='word_1_271' title='bbox 421 1536 458 1568; x_wconf 83' lang='grc' dir='ltr'>ὡς</span> <span class='ocrx_word' id='word_1_272' title='bbox 471 1535 504 1563; x_wconf 89' lang='grc' dir='ltr'>ἃν</span> <span class='ocrx_word' id='word_1_273' title='bbox 514 1536 564 1572; x_wconf 84' lang='grc' dir='ltr'>τῆς</span> <span class='ocrx_word' id='word_1_274' title='bbox 584 1537 677 1568; x_wconf 83' lang='grc' dir='ltr'>οὐσίας</span> <span class='ocrx_word' id='word_1_275' title='bbox 696 1536 751 1572; x_wconf 86' lang='lat'><strong>(7|)</strong></span> <span class='ocrx_word' id='word_1_276' title='bbox 764 1536 857 1571; x_wconf 73' lang='grc' dir='ltr'>ἕτερόν</span> <span class='ocrx_word' id='word_1_277' title='bbox 872 1545 899 1562; x_wconf 88' lang='grc' dir='ltr'><strong>τι</strong></span> <span class='ocrx_word' id='word_1_278' title='bbox 913 1535 958 1562; x_wconf 72' lang='grc' dir='ltr'>οὗ-</span> 
     </span>
    </p>
   </div>
   <div class='ocr_carea' id='block_1_34' title="bbox 165 1582 754 1620">
    <p class='ocr_par' dir='ltr' id='par_1_34' title="bbox 165 1582 754 1620">
     <span class='ocr_line' id='line_1_34' title="bbox 165 1582 754 1620; baseline 0.002 -12"><span class='ocrx_word' id='word_1_279' title='bbox 165 1589 226 1616; x_wconf 84' lang='grc' dir='ltr'>σης.</span> <span class='ocrx_word' id='word_1_280' title='bbox 243 1582 360 1609; x_wconf 80' lang='grc' dir='ltr'>Ἀποσον</span> <span class='ocrx_word' id='word_1_281' title='bbox 376 1583 429 1618; x_wconf 84' lang='grc' dir='ltr'>ἄρα</span> <span class='ocrx_word' id='word_1_282' title='bbox 448 1584 464 1620; x_wconf 82' lang='grc' dir='ltr'>ἡ</span> <span class='ocrx_word' id='word_1_283' title='bbox 482 1584 555 1619; x_wconf 79' lang='grc' dir='ltr'>ψυχὴ</span> <span class='ocrx_word' id='word_1_284' title='bbox 569 1584 617 1610; x_wconf 75' lang='grc' dir='ltr'><strong>καὶ</strong></span> <span class='ocrx_word' id='word_1_285' title='bbox 629 1584 653 1609; x_wconf 86' lang='lat' dir='ltr'><strong>ol</strong></span> <span class='ocrx_word' id='word_1_286' title='bbox 671 1583 754 1618; x_wconf 80' lang='grc' dir='ltr'>λόγοι.</span> 
     </span>
    </p>
   </div>
   <div class='ocr_carea' id='block_1_35' title="bbox 1020 296 1802 336">
    <p class='ocr_par' dir='ltr' id='par_1_35' title="bbox 1020 296 1802 336">
     <span class='ocr_line' id='line_1_35' title="bbox 1020 296 1802 336; baseline 0.012 -14"><span class='ocrx_word' id='word_1_287' title='bbox 1020 296 1111 329; x_wconf 82' lang='lat' dir='ltr'><strong>betur,</strong></span> <span class='ocrx_word' id='word_1_288' title='bbox 1137 298 1264 325; x_wconf 81' lang='lat' dir='ltr'><strong>succedet</strong></span> <span class='ocrx_word' id='word_1_289' title='bbox 1289 298 1358 331; x_wconf 85' lang='lat' dir='ltr'><strong>alia,</strong></span> <span class='ocrx_word' id='word_1_290' title='bbox 1385 299 1480 334; x_wconf 83' lang='lat' dir='ltr'><strong>sicque</strong></span> <span class='ocrx_word' id='word_1_291' title='bbox 1501 301 1569 328; x_wconf 88' lang='lat' dir='ltr'><strong>nihil</strong></span> <span class='ocrx_word' id='word_1_292' title='bbox 1589 310 1700 336; x_wconf 90' lang='lat' dir='ltr'><strong>prorsus</strong></span> <span class='ocrx_word' id='word_1_293' title='bbox 1717 311 1802 330; x_wconf 90' lang='lat' dir='ltr'><strong>unum</strong></span> 
     </span>
    </p>
   </div>
   <div class='ocr_carea' id='block_1_36' title="bbox 1017 342 1804 382">
    <p class='ocr_par' dir='ltr' id='par_1_36' title="bbox 1017 342 1804 382">
     <span class='ocr_line' id='line_1_36' title="bbox 1017 342 1804 382; baseline 0.01 -14"><span class='ocrx_word' id='word_1_294' title='bbox 1017 342 1148 369; x_wconf 79' lang='lat' dir='ltr'><strong>exsistet?</strong></span> <span class='ocrx_word' id='word_1_295' title='bbox 1163 342 1307 375; x_wconf 84' lang='lat' dir='ltr'><strong>Quomodo</strong></span> <span class='ocrx_word' id='word_1_296' title='bbox 1323 349 1412 371; x_wconf 84' lang='lat' dir='ltr'><strong>autem</strong></span> <span class='ocrx_word' id='word_1_297' title='bbox 1430 345 1457 372; x_wconf 92' lang='lat' dir='ltr'><strong>in</strong></span> <span class='ocrx_word' id='word_1_298' title='bbox 1482 346 1561 374; x_wconf 82' lang='lat' dir='ltr'><strong>nobis</strong></span> <span class='ocrx_word' id='word_1_299' title='bbox 1582 348 1624 374; x_wconf 94' lang='lat' dir='ltr'><strong>vel</strong></span> <span class='ocrx_word' id='word_1_300' title='bbox 1655 349 1804 382; x_wconf 82' lang='lat' dir='ltr'><strong>memoria,</strong></span> 
     </span>
    </p>
   </div>
   <div class='ocr_carea' id='block_1_37' title="bbox 1017 386 1802 426">
    <p class='ocr_par' dir='ltr' id='par_1_37' title="bbox 1017 386 1802 426">
     <span class='ocr_line' id='line_1_37' title="bbox 1017 386 1802 426; baseline 0.009 -13"><span class='ocrx_word' id='word_1_301' title='bbox 1017 386 1058 413; x_wconf 84' lang='lat' dir='ltr'><strong>vel</strong></span> <span class='ocrx_word' id='word_1_302' title='bbox 1079 395 1169 414; x_wconf 89' lang='lat' dir='ltr'><strong>rerum</strong></span> <span class='ocrx_word' id='word_1_303' title='bbox 1187 388 1220 414; x_wconf 90' lang='lat' dir='ltr'><strong>ad</strong></span> <span class='ocrx_word' id='word_1_304' title='bbox 1234 396 1284 416; x_wconf 91' lang='lat' dir='ltr'><strong>nos</strong></span> <span class='ocrx_word' id='word_1_305' title='bbox 1299 389 1494 423; x_wconf 83' lang='lat' dir='ltr'><strong>pertinentium</strong></span> <span class='ocrx_word' id='word_1_306' title='bbox 1506 392 1625 426; x_wconf 78' lang='lat' dir='ltr'><strong>cognitio</strong></span> <span class='ocrx_word' id='word_1_307' title='bbox 1640 391 1730 420; x_wconf 83' lang='lat' dir='ltr'><strong>futura</strong></span> <span class='ocrx_word' id='word_1_308' title='bbox 1743 398 1782 421; x_wconf 84' lang='lat' dir='ltr'><strong>est</strong></span> <span class='ocrx_word' id='word_1_309' title='bbox 1794 413 1802 426; x_wconf 89' lang='lat'><strong>,</strong></span> 
     </span>
    </p>
   </div>
   <div class='ocr_carea' id='block_1_38' title="bbox 1017 432 1803 468">
    <p class='ocr_par' dir='ltr' id='par_1_38' title="bbox 1017 432 1803 468">
     <span class='ocr_line' id='line_1_38' title="bbox 1017 432 1803 468; baseline 0.01 -9"><span class='ocrx_word' id='word_1_310' title='bbox 1017 432 1040 460; x_wconf 88' lang='lat' dir='ltr'><strong>si</strong></span> <span class='ocrx_word' id='word_1_311' title='bbox 1056 432 1152 460; x_wconf 86' lang='lat' dir='ltr'><strong>eodem</strong></span> <span class='ocrx_word' id='word_1_312' title='bbox 1173 434 1266 461; x_wconf 90' lang='lat' dir='ltr'><strong>animo</strong></span> <span class='ocrx_word' id='word_1_313' title='bbox 1279 442 1419 468; x_wconf 73' lang='lat' dir='ltr'><strong>nunquam</strong></span> <span class='ocrx_word' id='word_1_314' title='bbox 1439 437 1569 464; x_wconf 89' lang='lat' dir='ltr'><strong>utemur?</strong></span> <span class='ocrx_word' id='word_1_315' title='bbox 1587 437 1720 465; x_wconf 56' lang='lat' dir='ltr'><strong>Praeterea</strong></span> <span class='ocrx_word' id='word_1_316' title='bbox 1735 439 1758 466; x_wconf 83' lang='lat' dir='ltr'><strong>si</strong></span> <span class='ocrx_word' id='word_1_317' title='bbox 1775 444 1803 467; x_wconf 81' lang='lat' dir='ltr'><strong>et</strong></span> 
     </span>
    </p>
   </div>
   <div class='ocr_carea' id='block_1_39' title="bbox 1016 479 1803 519">
    <p class='ocr_par' dir='ltr' id='par_1_39' title="bbox 1016 479 1803 519">
     <span class='ocr_line' id='line_1_39' title="bbox 1016 479 1803 519; baseline 0.01 -14"><span class='ocrx_word' id='word_1_318' title='bbox 1016 486 1116 513; x_wconf 86' lang='lat' dir='ltr'><strong>corpus</strong></span> <span class='ocrx_word' id='word_1_319' title='bbox 1135 479 1179 506; x_wconf 90' lang='lat' dir='ltr'><strong>ille</strong></span> <span class='ocrx_word' id='word_1_320' title='bbox 1191 484 1252 512; x_wconf 88' lang='lat' dir='ltr'><strong>est,</strong></span> <span class='ocrx_word' id='word_1_321' title='bbox 1274 484 1301 507; x_wconf 83' lang='lat' dir='ltr'><strong>et</strong></span> <span class='ocrx_word' id='word_1_322' title='bbox 1327 487 1426 509; x_wconf 85' lang='lat' dir='ltr'><strong>natura</strong></span> <span class='ocrx_word' id='word_1_323' title='bbox 1452 483 1576 517; x_wconf 88' lang='lat' dir='ltr'><strong>corporis</strong></span> <span class='ocrx_word' id='word_1_324' title='bbox 1593 484 1744 519; x_wconf 85' lang='lat' dir='ltr'><strong>ejusmodi,</strong></span> <span class='ocrx_word' id='word_1_325' title='bbox 1772 490 1803 514; x_wconf 90' lang='lat' dir='ltr'><strong>ut</strong></span> 
     </span>
    </p>
   </div>
   <div class='ocr_carea' id='block_1_40' title="bbox 1017 524 1802 561">
    <p class='ocr_par' dir='ltr' id='par_1_40' title="bbox 1017 524 1802 561">
     <span class='ocr_line' id='line_1_40' title="bbox 1017 524 1802 561; baseline 0.013 -11"><span class='ocrx_word' id='word_1_326' title='bbox 1017 524 1063 552; x_wconf 93' lang='lat' dir='ltr'><strong>illo</strong></span> <span class='ocrx_word' id='word_1_327' title='bbox 1081 525 1171 560; x_wconf 85' lang='lat' dir='ltr'><strong>plures</strong></span> <span class='ocrx_word' id='word_1_328' title='bbox 1185 526 1212 552; x_wconf 95' lang='lat' dir='ltr'><strong>in</strong></span> <span class='ocrx_word' id='word_1_329' title='bbox 1229 532 1319 561; x_wconf 85' lang='lat' dir='ltr'><strong>partes</strong></span> <span class='ocrx_word' id='word_1_330' title='bbox 1332 527 1436 559; x_wconf 84' lang='lat' dir='ltr'><strong>diviso,</strong></span> <span class='ocrx_word' id='word_1_331' title='bbox 1453 529 1526 556; x_wconf 88' lang='lat' dir='ltr'><strong>nulla</strong></span> <span class='ocrx_word' id='word_1_332' title='bbox 1544 530 1614 557; x_wconf 85' lang='lat' dir='ltr'><strong>idem</strong></span> <span class='ocrx_word' id='word_1_333' title='bbox 1632 531 1744 558; x_wconf 89' lang='lat' dir='ltr'><strong>omnino</strong></span> <span class='ocrx_word' id='word_1_334' title='bbox 1766 533 1802 560; x_wconf 89' lang='lat' dir='ltr'><strong>sit</strong></span> 
     </span>
    </p>
   </div>
   <div class='ocr_carea' id='block_1_41' title="bbox 1015 572 1800 613">
    <p class='ocr_par' dir='ltr' id='par_1_41' title="bbox 1015 572 1800 613">
     <span class='ocr_line' id='line_1_41' title="bbox 1015 572 1800 613; baseline 0.009 -15"><span class='ocrx_word' id='word_1_335' title='bbox 1015 572 1089 605; x_wconf 88' lang='lat' dir='ltr'><strong>quod</strong></span> <span class='ocrx_word' id='word_1_336' title='bbox 1115 577 1202 599; x_wconf 91' lang='lat' dir='ltr'><strong>totum</strong></span> <span class='ocrx_word' id='word_1_337' title='bbox 1232 574 1320 608; x_wconf 91' lang='lat' dir='ltr'><strong>ipsum</strong></span> <span class='ocrx_word' id='word_1_338' title='bbox 1347 579 1428 609; x_wconf 81' lang='lat' dir='ltr'><strong>atque</strong></span> <span class='ocrx_word' id='word_1_339' title='bbox 1458 575 1609 611; x_wconf 83' lang='lat' dir='ltr'><strong>integrum;</strong></span> <span class='ocrx_word' id='word_1_340' title='bbox 1638 577 1755 613; x_wconf 89' lang='lat' dir='ltr'><strong>itemque</strong></span> <span class='ocrx_word' id='word_1_341' title='bbox 1777 579 1800 606; x_wconf 87' lang='lat' dir='ltr'><strong>si</strong></span> 
     </span>
    </p>
   </div>
   <div class='ocr_carea' id='block_1_42' title="bbox 1016 619 1800 657">
    <p class='ocr_par' dir='ltr' id='par_1_42' title="bbox 1016 619 1800 657">
     <span class='ocr_line' id='line_1_42' title="bbox 1016 619 1800 657; baseline 0.01 -13"><span class='ocrx_word' id='word_1_342' title='bbox 1016 622 1096 645; x_wconf 64' lang='lat' dir='ltr'><strong>tantm</strong></span> <span class='ocrx_word' id='word_1_343' title='bbox 1112 619 1224 646; x_wconf 90' lang='lat' dir='ltr'><strong>omnino</strong></span> <span class='ocrx_word' id='word_1_344' title='bbox 1244 620 1439 655; x_wconf 75' lang='lat' dir='ltr'><strong>magnitudinis</strong></span> <span class='ocrx_word' id='word_1_345' title='bbox 1448 626 1498 654; x_wconf 87' lang='lat' dir='ltr'><strong>est,</strong></span> <span class='ocrx_word' id='word_1_346' title='bbox 1513 627 1621 657; x_wconf 71' lang='lat' dir='ltr'><strong>quanta:</strong></span> <span class='ocrx_word' id='word_1_347' title='bbox 1635 623 1657 650; x_wconf 88' lang='lat' dir='ltr'><strong>si</strong></span> <span class='ocrx_word' id='word_1_348' title='bbox 1670 631 1724 651; x_wconf 90' lang='lat' dir='ltr'><strong>non</strong></span> <span class='ocrx_word' id='word_1_349' title='bbox 1738 625 1800 656; x_wconf 89' lang='lat' dir='ltr'><strong>erit,</strong></span> 
     </span>
    </p>
   </div>
   <div class='ocr_carea' id='block_1_43' title="bbox 1015 663 1801 701">
    <p class='ocr_par' dir='ltr' id='par_1_43' title="bbox 1015 663 1801 701">
     <span class='ocr_line' id='line_1_43' title="bbox 1015 663 1801 701; baseline 0.008 -11"><span class='ocrx_word' id='word_1_350' title='bbox 1015 663 1123 691; x_wconf 88' lang='lat' dir='ltr'><strong>animus</strong></span> <span class='ocrx_word' id='word_1_351' title='bbox 1139 671 1249 698; x_wconf 90' lang='lat' dir='ltr'><strong>quoque</strong></span> <span class='ocrx_word' id='word_1_352' title='bbox 1268 672 1321 692; x_wconf 93' lang='lat' dir='ltr'><strong>non</strong></span> <span class='ocrx_word' id='word_1_353' title='bbox 1334 665 1404 697; x_wconf 88' lang='lat' dir='ltr'><strong>erit;</strong></span> <span class='ocrx_word' id='word_1_354' title='bbox 1424 667 1518 701; x_wconf 91' lang='lat' dir='ltr'><strong>utique</strong></span> <span class='ocrx_word' id='word_1_355' title='bbox 1531 667 1604 701; x_wconf 91' lang='lat' dir='ltr'><strong>quod</strong></span> <span class='ocrx_word' id='word_1_356' title='bbox 1625 668 1700 695; x_wconf 88' lang='lat' dir='ltr'><strong>omni</strong></span> <span class='ocrx_word' id='word_1_357' title='bbox 1720 673 1801 697; x_wconf 74' lang='lat' dir='ltr'><strong>certae</strong></span> 
     </span>
    </p>
   </div>
   <div class='ocr_carea' id='block_1_44' title="bbox 1015 708 1801 746">
    <p class='ocr_par' dir='ltr' id='par_1_44' title="bbox 1015 708 1801 746">
     <span class='ocr_line' id='line_1_44' title="bbox 1015 708 1801 746; baseline 0.009 -12"><span class='ocrx_word' id='word_1_358' title='bbox 1015 708 1174 743; x_wconf 80' lang='lat' dir='ltr'><strong>quantitatis</strong></span> <span class='ocrx_word' id='word_1_359' title='bbox 1189 709 1227 736; x_wconf 84' lang='lat' dir='ltr'><strong>rei</strong></span> <span class='ocrx_word' id='word_1_360' title='bbox 1253 711 1322 736; x_wconf 83' lang='lat' dir='ltr'><strong>solet</strong></span> <span class='ocrx_word' id='word_1_361' title='bbox 1339 711 1483 744; x_wconf 87' lang='lat' dir='ltr'><strong>accidere,</strong></span> <span class='ocrx_word' id='word_1_362' title='bbox 1510 712 1628 746; x_wconf 86' lang='lat' dir='ltr'><strong>priorem</strong></span> <span class='ocrx_word' id='word_1_363' title='bbox 1652 713 1801 741; x_wconf 75' lang='lat' dir='ltr'><strong>exsistendl</strong></span> 
     </span>
    </p>
   </div>
   <div class='ocr_carea' id='block_1_45' title="bbox 1015 754 1801 789">
    <p class='ocr_par' dir='ltr' id='par_1_45' title="bbox 1015 754 1801 789">
     <span class='ocr_line' id='line_1_45' title="bbox 1015 754 1801 789; baseline 0.008 -9"><span class='ocrx_word' id='word_1_364' title='bbox 1015 754 1125 781; x_wconf 83' lang='lat' dir='ltr'><strong>modum</strong></span> <span class='ocrx_word' id='word_1_365' title='bbox 1140 755 1311 789; x_wconf 84' lang='lat' dir='ltr'><strong>quantalibet</strong></span> <span class='ocrx_word' id='word_1_366' title='bbox 1320 756 1489 784; x_wconf 75' lang='lat' dir='ltr'><strong>detractione</strong></span> <span class='ocrx_word' id='word_1_367' title='bbox 1506 758 1630 785; x_wconf 79' lang='lat' dir='ltr'><strong>mutabit.</strong></span> <span class='ocrx_word' id='word_1_368' title='bbox 1645 758 1693 785; x_wconf 91' lang='lat' dir='ltr'><strong>Sin</strong></span> <span class='ocrx_word' id='word_1_369' title='bbox 1710 764 1801 786; x_wconf 86' lang='lat' dir='ltr'><strong>autem</strong></span> 
     </span>
    </p>
   </div>
   <div class='ocr_carea' id='block_1_46' title="bbox 1015 799 1801 837">
    <p class='ocr_par' dir='ltr' id='par_1_46' title="bbox 1015 799 1801 837">
     <span class='ocr_line' id='line_1_46' title="bbox 1015 799 1801 837; baseline 0.01 -12"><span class='ocrx_word' id='word_1_370' title='bbox 1015 799 1117 833; x_wconf 88' lang='lat' dir='ltr'><strong>aliquid</strong></span> <span class='ocrx_word' id='word_1_371' title='bbox 1134 805 1207 828; x_wconf 87' lang='lat' dir='ltr'><strong>certa</strong></span> <span class='ocrx_word' id='word_1_372' title='bbox 1224 801 1413 836; x_wconf 79' lang='lat' dir='ltr'><strong>magnitudine</strong></span> <span class='ocrx_word' id='word_1_373' title='bbox 1428 803 1585 837; x_wconf 63' lang='lat' dir='ltr'><strong>praeditum,</strong></span> <span class='ocrx_word' id='word_1_374' title='bbox 1602 809 1631 831; x_wconf 88' lang='lat' dir='ltr'><strong>ut</strong></span> <span class='ocrx_word' id='word_1_375' title='bbox 1648 805 1726 833; x_wconf 89' lang='lat' dir='ltr'><strong>molis</strong></span> <span class='ocrx_word' id='word_1_376' title='bbox 1744 813 1801 833; x_wconf 69' lang='lat' dir='ltr'><strong>suae</strong></span> 
     </span>
    </p>
   </div>
   <div class='ocr_carea' id='block_1_47' title="bbox 1015 848 1801 886">
    <p class='ocr_par' dir='ltr' id='par_1_47' title="bbox 1015 848 1801 886">
     <span class='ocr_line' id='line_1_47' title="bbox 1015 848 1801 886; baseline 0.009 -13"><span class='ocrx_word' id='word_1_377' title='bbox 1015 852 1090 881; x_wconf 85' lang='lat' dir='ltr'><strong>parte</strong></span> <span class='ocrx_word' id='word_1_378' title='bbox 1103 848 1194 882; x_wconf 89' lang='lat' dir='ltr'><strong>aliqua</strong></span> <span class='ocrx_word' id='word_1_379' title='bbox 1211 848 1384 881; x_wconf 88' lang='lat' dir='ltr'><strong>decurtetur,</strong></span> <span class='ocrx_word' id='word_1_380' title='bbox 1403 849 1474 876; x_wconf 89' lang='lat' dir='ltr'><strong>idem</strong></span> <span class='ocrx_word' id='word_1_381' title='bbox 1486 854 1576 877; x_wconf 89' lang='lat' dir='ltr'><strong>tamen</strong></span> <span class='ocrx_word' id='word_1_382' title='bbox 1594 851 1723 886; x_wconf 81' lang='lat' dir='ltr'><strong>qualitate</strong></span> <span class='ocrx_word' id='word_1_383' title='bbox 1742 860 1801 880; x_wconf 81' lang='lat' dir='ltr'><strong>ma-</strong></span> 
     </span>
    </p>
   </div>
   <div class='ocr_carea' id='block_1_48' title="bbox 1015 892 1801 929">
    <p class='ocr_par' dir='ltr' id='par_1_48' title="bbox 1015 892 1801 929">
     <span class='ocr_line' id='line_1_48' title="bbox 1015 892 1801 929; baseline 0.008 -11"><span class='ocrx_word' id='word_1_384' title='bbox 1015 897 1061 918; x_wconf 81' lang='lat' dir='ltr'><strong>net</strong></span> <span class='ocrx_word' id='word_1_385' title='bbox 1079 901 1085 919; x_wconf 82' lang='lat'>:</span> <span class='ocrx_word' id='word_1_386' title='bbox 1106 892 1131 919; x_wconf 92' lang='lat' dir='ltr'><strong>id</strong></span> <span class='ocrx_word' id='word_1_387' title='bbox 1148 893 1238 927; x_wconf 92' lang='lat' dir='ltr'><strong>ipsum</strong></span> <span class='ocrx_word' id='word_1_388' title='bbox 1264 901 1330 928; x_wconf 82' lang='lat' dir='ltr'><strong>ergo</strong></span> <span class='ocrx_word' id='word_1_389' title='bbox 1348 897 1374 920; x_wconf 91' lang='lat' dir='ltr'><strong>et</strong></span> <span class='ocrx_word' id='word_1_390' title='bbox 1399 895 1522 929; x_wconf 83' lang='lat' dir='ltr'><strong>corporis</strong></span> <span class='ocrx_word' id='word_1_391' title='bbox 1547 895 1669 923; x_wconf 88' lang='lat' dir='ltr'><strong>diversas</strong></span> <span class='ocrx_word' id='word_1_392' title='bbox 1691 896 1801 924; x_wconf 83' lang='lat' dir='ltr'><strong>habebit</strong></span> 
     </span>
    </p>
   </div>
   <div class='ocr_carea' id='block_1_49' title="bbox 1015 938 1800 978">
    <p class='ocr_par' dir='ltr' id='par_1_49' title="bbox 1015 938 1800 978">
     <span class='ocr_line' id='line_1_49' title="bbox 1015 938 1800 978; baseline 0.009 -14"><span class='ocrx_word' id='word_1_393' title='bbox 1015 938 1167 973; x_wconf 80' lang='lat' dir='ltr'><strong>quantique</strong></span> <span class='ocrx_word' id='word_1_394' title='bbox 1178 939 1314 971; x_wconf 82' lang='lat' dir='ltr'><strong>rationes,</strong></span> <span class='ocrx_word' id='word_1_395' title='bbox 1330 944 1356 966; x_wconf 87' lang='lat' dir='ltr'><strong>et</strong></span> <span class='ocrx_word' id='word_1_396' title='bbox 1368 944 1458 967; x_wconf 87' lang='lat' dir='ltr'><strong>tamen</strong></span> <span class='ocrx_word' id='word_1_397' title='bbox 1481 941 1550 968; x_wconf 90' lang='lat' dir='ltr'><strong>idem</strong></span> <span class='ocrx_word' id='word_1_398' title='bbox 1569 945 1597 968; x_wconf 95' lang='lat' dir='ltr'><strong>ut</strong></span> <span class='ocrx_word' id='word_1_399' title='bbox 1612 943 1662 975; x_wconf 88' lang='lat' dir='ltr'><strong>sit,</strong></span> <span class='ocrx_word' id='word_1_400' title='bbox 1684 943 1800 978; x_wconf 86' lang='lat' dir='ltr'><strong>qualita-</strong></span> 
     </span>
    </p>
   </div>
   <div class='ocr_carea' id='block_1_50' title="bbox 1014 983 1799 1021">
    <p class='ocr_par' dir='ltr' id='par_1_50' title="bbox 1014 983 1799 1021">
     <span class='ocr_line' id='line_1_50' title="bbox 1014 983 1799 1021; baseline 0.006 -12"><span class='ocrx_word' id='word_1_401' title='bbox 1014 983 1050 1010; x_wconf 90' lang='lat' dir='ltr'><strong>tis</strong></span> <span class='ocrx_word' id='word_1_402' title='bbox 1067 983 1150 1010; x_wconf 89' lang='lat' dir='ltr'><strong>uuius</strong></span> <span class='ocrx_word' id='word_1_403' title='bbox 1162 991 1177 1010; x_wconf 89' lang='lat' dir='ltr'><strong>a</strong></span> <span class='ocrx_word' id='word_1_404' title='bbox 1193 983 1346 1018; x_wconf 84' lang='lat' dir='ltr'><strong>quantitate</strong></span> <span class='ocrx_word' id='word_1_405' title='bbox 1363 984 1477 1011; x_wconf 73' lang='lat' dir='ltr'><strong>diversa:</strong></span> <span class='ocrx_word' id='word_1_406' title='bbox 1489 985 1514 1011; x_wconf 88' lang='lat' dir='ltr'><strong>vi</strong></span> <span class='ocrx_word' id='word_1_407' title='bbox 1534 985 1719 1021; x_wconf 79' lang='lat' dir='ltr'><strong>beneficioque</strong></span> <span class='ocrx_word' id='word_1_408' title='bbox 1733 987 1799 1014; x_wconf 85' lang='lat' dir='ltr'><strong>reli-</strong></span> 
     </span>
    </p>
   </div>
   <div class='ocr_carea' id='block_1_51' title="bbox 1014 1024 1800 1065">
    <p class='ocr_par' dir='ltr' id='par_1_51' title="bbox 1014 1024 1800 1065">
     <span class='ocr_line' id='line_1_51' title="bbox 1014 1024 1800 1065; baseline 0.006 -11"><span class='ocrx_word' id='word_1_409' title='bbox 1014 1028 1097 1055; x_wconf 82' lang='lat' dir='ltr'><strong>nebit.</strong></span> <span class='ocrx_word' id='word_1_410' title='bbox 1115 1028 1184 1061; x_wconf 84' lang='lat' dir='ltr'><strong>Quid</strong></span> <span class='ocrx_word' id='word_1_411' title='bbox 1203 1028 1285 1062; x_wconf 70' lang='lat' dir='ltr'><strong>igitur</strong></span> <span class='ocrx_word' id='word_1_412' title='bbox 1301 1029 1401 1056; x_wconf 89' lang='lat' dir='ltr'><strong>dicturi</strong></span> <span class='ocrx_word' id='word_1_413' title='bbox 1417 1034 1481 1056; x_wconf 89' lang='lat' dir='ltr'><strong>sunt</strong></span> <span class='ocrx_word' id='word_1_414' title='bbox 1494 1024 1514 1063; x_wconf 74' lang='lat'><strong>,‘</strong></span> <span class='ocrx_word' id='word_1_415' title='bbox 1523 1031 1570 1065; x_wconf 85' lang='lat' dir='ltr'><strong>qui</strong></span> <span class='ocrx_word' id='word_1_416' title='bbox 1597 1031 1718 1058; x_wconf 89' lang='lat' dir='ltr'><strong>animum</strong></span> <span class='ocrx_word' id='word_1_417' title='bbox 1739 1039 1800 1059; x_wconf 86' lang='lat' dir='ltr'><strong>cor-</strong></span> 
     </span>
    </p>
   </div>
   <div class='ocr_carea' id='block_1_52' title="bbox 1012 1073 1798 1109">
    <p class='ocr_par' dir='ltr' id='par_1_52' title="bbox 1012 1073 1798 1109">
     <span class='ocr_line' id='line_1_52' title="bbox 1012 1073 1798 1109; baseline 0.004 -9"><span class='ocrx_word' id='word_1_418' title='bbox 1012 1081 1062 1109; x_wconf 85' lang='lat' dir='ltr'><strong>pus</strong></span> <span class='ocrx_word' id='word_1_419' title='bbox 1073 1081 1134 1100; x_wconf 87' lang='lat' dir='ltr'><strong>esse</strong></span> <span class='ocrx_word' id='word_1_420' title='bbox 1147 1073 1242 1100; x_wconf 84' lang='lat' dir='ltr'><strong>aiunt?</strong></span> <span class='ocrx_word' id='word_1_421' title='bbox 1259 1074 1298 1101; x_wconf 78' lang='lat' dir='ltr'><strong>Ac</strong></span> <span class='ocrx_word' id='word_1_422' title='bbox 1314 1074 1431 1107; x_wconf 90' lang='lat' dir='ltr'><strong>primum</strong></span> <span class='ocrx_word' id='word_1_423' title='bbox 1454 1075 1562 1109; x_wconf 79' lang='lat' dir='ltr'><strong>quulem</strong></span> <span class='ocrx_word' id='word_1_424' title='bbox 1573 1096 1579 1107; x_wconf 85' lang='lat'><strong>,</strong></span> <span class='ocrx_word' id='word_1_425' title='bbox 1598 1080 1688 1103; x_wconf 84' lang='lat' dir='ltr'><strong>utrum</strong></span> <span class='ocrx_word' id='word_1_426' title='bbox 1714 1076 1798 1103; x_wconf 90' lang='lat' dir='ltr'><strong>animi</strong></span> 
     </span>
    </p>
   </div>
   <div class='ocr_carea' id='block_1_53' title="bbox 1011 1120 1800 1157">
    <p class='ocr_par' dir='ltr' id='par_1_53' title="bbox 1011 1120 1800 1157">
     <span class='ocr_line' id='line_1_53' title="bbox 1011 1120 1800 1157; baseline 0.004 -10"><span class='ocrx_word' id='word_1_427' title='bbox 1011 1120 1070 1155; x_wconf 88' lang='lat' dir='ltr'><strong>cjas</strong></span> <span class='ocrx_word' id='word_1_428' title='bbox 1081 1120 1128 1155; x_wconf 92' lang='lat' dir='ltr'><strong>qui</strong></span> <span class='ocrx_word' id='word_1_429' title='bbox 1148 1120 1242 1147; x_wconf 88' lang='lat' dir='ltr'><strong>eodem</strong></span> <span class='ocrx_word' id='word_1_430' title='bbox 1260 1125 1384 1148; x_wconf 86' lang='lat' dir='ltr'><strong>versatur</strong></span> <span class='ocrx_word' id='word_1_431' title='bbox 1397 1121 1424 1147; x_wconf 92' lang='lat' dir='ltr'><strong>in</strong></span> <span class='ocrx_word' id='word_1_432' title='bbox 1440 1129 1571 1156; x_wconf 82' lang='lat' dir='ltr'><strong>corpore,</strong></span> <span class='ocrx_word' id='word_1_433' title='bbox 1588 1129 1650 1156; x_wconf 87' lang='lat' dir='ltr'><strong>pars</strong></span> <span class='ocrx_word' id='word_1_434' title='bbox 1672 1122 1800 1157; x_wconf 68' lang='lat' dir='ltr'><strong>quzulibct</strong></span> 
     </span>
    </p>
   </div>
   <div class='ocr_carea' id='block_1_54' title="bbox 1011 1165 1797 1203">
    <p class='ocr_par' dir='ltr' id='par_1_54' title="bbox 1011 1165 1797 1203">
     <span class='ocr_line' id='line_1_54' title="bbox 1011 1165 1797 1203; baseline 0.005 -11"><span class='ocrx_word' id='word_1_435' title='bbox 1011 1165 1120 1193; x_wconf 81' lang='lat' dir='ltr'><strong>animus</strong></span> <span class='ocrx_word' id='word_1_436' title='bbox 1131 1171 1186 1199; x_wconf 89' lang='lat' dir='ltr'><strong>est,</strong></span> <span class='ocrx_word' id='word_1_437' title='bbox 1201 1165 1323 1201; x_wconf 88' lang='lat' dir='ltr'><strong>ejusdem</strong></span> <span class='ocrx_word' id='word_1_438' title='bbox 1342 1167 1454 1194; x_wconf 90' lang='lat' dir='ltr'><strong>omnino</strong></span> <span class='ocrx_word' id='word_1_439' title='bbox 1465 1167 1543 1202; x_wconf 90' lang='lat' dir='ltr'><strong>cujus</strong></span> <span class='ocrx_word' id='word_1_440' title='bbox 1559 1169 1663 1203; x_wconf 79' lang='lat' dir='ltr'><strong>integer</strong></span> <span class='ocrx_word' id='word_1_441' title='bbox 1679 1176 1710 1196; x_wconf 88' lang='lat' dir='ltr'><strong>ac</strong></span> <span class='ocrx_word' id='word_1_442' title='bbox 1724 1173 1797 1196; x_wconf 83' lang='lat' dir='ltr'><strong>totus</strong></span> 
     </span>
    </p>
   </div>
   <div class='ocr_carea' id='block_1_55' title="bbox 1012 1212 1796 1250">
    <p class='ocr_par' dir='ltr' id='par_1_55' title="bbox 1012 1212 1796 1250">
     <span class='ocr_line' id='line_1_55' title="bbox 1012 1212 1796 1250; baseline 0.004 -11"><span class='ocrx_word' id='word_1_443' title='bbox 1012 1213 1069 1247; x_wconf 86' lang='lat' dir='ltr'><strong>ipse</strong></span> <span class='ocrx_word' id='word_1_444' title='bbox 1084 1212 1199 1241; x_wconf 86' lang='lat' dir='ltr'><strong>rationis</strong></span> <span class='ocrx_word' id='word_1_445' title='bbox 1209 1234 1218 1246; x_wconf 95' lang='lat'><strong>,</strong></span> <span class='ocrx_word' id='word_1_446' title='bbox 1235 1213 1354 1248; x_wconf 77' lang='lat' dir='ltr'><strong>itemque.</strong></span> <span class='ocrx_word' id='word_1_447' title='bbox 1366 1214 1480 1248; x_wconf 63' lang='lat' dir='ltr'><strong>singula:</strong></span> <span class='ocrx_word' id='word_1_448' title='bbox 1495 1214 1578 1249; x_wconf 82' lang='lat' dir='ltr'><strong>partis</strong></span> <span class='ocrx_word' id='word_1_449' title='bbox 1590 1214 1722 1249; x_wconf 91' lang='lat' dir='ltr'><strong>cujusque</strong></span> <span class='ocrx_word' id='word_1_450' title='bbox 1733 1223 1796 1250; x_wconf 85' lang='lat' dir='ltr'><strong>par-</strong></span> 
     </span>
    </p>
   </div>
   <div class='ocr_carea' id='block_1_56' title="bbox 1011 1257 1797 1295">
    <p class='ocr_par' dir='ltr' id='par_1_56' title="bbox 1011 1257 1797 1295">
     <span class='ocr_line' id='line_1_56' title="bbox 1011 1257 1797 1295; baseline 0.003 -10"><span class='ocrx_word' id='word_1_451' title='bbox 1011 1257 1233 1294; x_wconf 75' lang='lat' dir='ltr'><strong>tes?Niltilergo</strong></span> <span class='ocrx_word' id='word_1_452' title='bbox 1256 1258 1290 1286; x_wconf 87' lang='lat' dir='ltr'><strong>ad</strong></span> <span class='ocrx_word' id='word_1_453' title='bbox 1306 1259 1389 1286; x_wconf 90' lang='lat' dir='ltr'><strong>animi</strong></span> <span class='ocrx_word' id='word_1_454' title='bbox 1412 1264 1536 1286; x_wconf 87' lang='lat' dir='ltr'><strong>naturam</strong></span> <span class='ocrx_word' id='word_1_455' title='bbox 1561 1260 1720 1295; x_wconf 79' lang='lat' dir='ltr'><strong>magnitudo</strong></span> <span class='ocrx_word' id='word_1_456' title='bbox 1735 1268 1797 1295; x_wconf 88' lang='lat' dir='ltr'><strong>per-</strong></span> 
     </span>
    </p>
   </div>
   <div class='ocr_carea' id='block_1_57' title="bbox 1011 1304 1797 1341">
    <p class='ocr_par' dir='ltr' id='par_1_57' title="bbox 1011 1304 1797 1341">
     <span class='ocr_line' id='line_1_57' title="bbox 1011 1304 1797 1341; baseline 0.003 -10"><span class='ocrx_word' id='word_1_457' title='bbox 1011 1304 1108 1332; x_wconf 85' lang='lat' dir='ltr'><strong>tineret</strong></span> <span class='ocrx_word' id='word_1_458' title='bbox 1135 1304 1252 1341; x_wconf 86' lang='lat' dir='ltr'><strong>(tametsi</strong></span> <span class='ocrx_word' id='word_1_459' title='bbox 1268 1305 1420 1340; x_wconf 88' lang='lat' dir='ltr'><strong>quantitate</strong></span> <span class='ocrx_word' id='word_1_460' title='bbox 1446 1306 1574 1340; x_wconf 71' lang='lat' dir='ltr'><strong>praeditus</strong></span> <span class='ocrx_word' id='word_1_461' title='bbox 1590 1314 1652 1333; x_wconf 90' lang='lat' dir='ltr'><strong>cum</strong></span> <span class='ocrx_word' id='word_1_462' title='bbox 1668 1306 1717 1338; x_wconf 88' lang='lat' dir='ltr'><strong>sit,</strong></span> <span class='ocrx_word' id='word_1_463' title='bbox 1735 1313 1797 1340; x_wconf 88' lang='lat' dir='ltr'><strong>per-</strong></span> 
     </span>
    </p>
   </div>
   <div class='ocr_carea' id='block_1_58' title="bbox 1011 1351 1797 1386">
    <p class='ocr_par' dir='ltr' id='par_1_58' title="bbox 1011 1351 1797 1386">
     <span class='ocr_line' id='line_1_58' title="bbox 1011 1351 1797 1386; baseline 0.001 -8"><span class='ocrx_word' id='word_1_464' title='bbox 1011 1351 1096 1378; x_wconf 86' lang='lat' dir='ltr'><strong>tinere</strong></span> <span class='ocrx_word' id='word_1_465' title='bbox 1109 1351 1220 1378; x_wconf 89' lang='lat' dir='ltr'><strong>omnino</strong></span> <span class='ocrx_word' id='word_1_466' title='bbox 1236 1351 1358 1386; x_wconf 88' lang='lat' dir='ltr'><strong>debeat);</strong></span> <span class='ocrx_word' id='word_1_467' title='bbox 1388 1358 1473 1386; x_wconf 88' lang='lat' dir='ltr'><strong>eaque</strong></span> <span class='ocrx_word' id='word_1_468' title='bbox 1495 1356 1550 1379; x_wconf 88' lang='lat' dir='ltr'><strong>tota</strong></span> <span class='ocrx_word' id='word_1_469' title='bbox 1575 1352 1667 1379; x_wconf 89' lang='lat' dir='ltr'><strong>multis</strong></span> <span class='ocrx_word' id='word_1_470' title='bbox 1683 1357 1756 1380; x_wconf 88' lang='lat' dir='ltr'><strong>esset</strong></span> <span class='ocrx_word' id='word_1_471' title='bbox 1769 1352 1797 1379; x_wconf 94' lang='lat' dir='ltr'><strong>in</strong></span> 
     </span>
    </p>
   </div>
   <div class='ocr_carea' id='block_1_59' title="bbox 1010 1396 1796 1432">
    <p class='ocr_par' dir='ltr' id='par_1_59' title="bbox 1010 1396 1796 1432">
     <span class='ocr_line' id='line_1_59' title="bbox 1010 1396 1796 1432; baseline 0.001 -10"><span class='ocrx_word' id='word_1_472' title='bbox 1010 1396 1077 1423; x_wconf 87' lang='lat' dir='ltr'><strong>locis</strong></span> <span class='ocrx_word' id='word_1_473' title='bbox 1089 1416 1095 1428; x_wconf 88' lang='lat'><strong>,</strong></span> <span class='ocrx_word' id='word_1_474' title='bbox 1112 1397 1184 1431; x_wconf 88' lang='lat' dir='ltr'><strong>quod</strong></span> <span class='ocrx_word' id='word_1_475' title='bbox 1198 1397 1224 1423; x_wconf 92' lang='lat' dir='ltr'><strong>in</strong></span> <span class='ocrx_word' id='word_1_476' title='bbox 1243 1404 1343 1432; x_wconf 91' lang='lat' dir='ltr'><strong>corpus</strong></span> <span class='ocrx_word' id='word_1_477' title='bbox 1355 1396 1429 1423; x_wconf 94' lang='lat' dir='ltr'><strong>nullo</strong></span> <span class='ocrx_word' id='word_1_478' title='bbox 1445 1396 1527 1423; x_wconf 91' lang='lat' dir='ltr'><strong>modo</strong></span> <span class='ocrx_word' id='word_1_479' title='bbox 1541 1397 1686 1424; x_wconf 89' lang='lat' dir='ltr'><strong>convenire</strong></span> <span class='ocrx_word' id='word_1_480' title='bbox 1697 1401 1796 1430; x_wconf 82' lang='lat' dir='ltr'><strong>potest,</strong></span> 
     </span>
    </p>
   </div>
   <div class='ocr_carea' id='block_1_60' title="bbox 1011 1443 1797 1477">
    <p class='ocr_par' dir='ltr' id='par_1_60' title="bbox 1011 1443 1797 1477">
     <span class='ocr_line' id='line_1_60' title="bbox 1011 1443 1797 1477; baseline 0.001 -8"><span class='ocrx_word' id='word_1_481' title='bbox 1011 1449 1041 1469; x_wconf 95' lang='lat' dir='ltr'><strong>ut</strong></span> <span class='ocrx_word' id='word_1_482' title='bbox 1056 1443 1125 1470; x_wconf 85' lang='lat' dir='ltr'><strong>idem</strong></span> <span class='ocrx_word' id='word_1_483' title='bbox 1142 1443 1168 1470; x_wconf 89' lang='lat' dir='ltr'><strong>in</strong></span> <span class='ocrx_word' id='word_1_484' title='bbox 1184 1443 1307 1477; x_wconf 83' lang='lat' dir='ltr'><strong>pluribus</strong></span> <span class='ocrx_word' id='word_1_485' title='bbox 1320 1443 1495 1476; x_wconf 89' lang='lat' dir='ltr'><strong>totuminsit;</strong></span> <span class='ocrx_word' id='word_1_486' title='bbox 1508 1443 1736 1477; x_wconf 87' lang='lat' dir='ltr'><strong>quemadmodum</strong></span> <span class='ocrx_word' id='word_1_487' title='bbox 1747 1450 1797 1470; x_wconf 84' lang='lat' dir='ltr'><strong>nec</strong></span> 
     </span>
    </p>
   </div>
   <div class='ocr_carea' id='block_1_61' title="bbox 1010 1488 1795 1524">
    <p class='ocr_par' dir='ltr' id='par_1_61' title="bbox 1010 1488 1795 1524">
     <span class='ocr_line' id='line_1_61' title="bbox 1010 1488 1795 1524; baseline 0 -8"><span class='ocrx_word' id='word_1_488' title='bbox 1010 1489 1038 1516; x_wconf 93' lang='lat' dir='ltr'><strong>iu</strong></span> <span class='ocrx_word' id='word_1_489' title='bbox 1052 1493 1156 1523; x_wconf 87' lang='lat' dir='ltr'><strong>partem</strong></span> <span class='ocrx_word' id='word_1_490' title='bbox 1170 1489 1253 1516; x_wconf 91' lang='lat' dir='ltr'><strong>ullam</strong></span> <span class='ocrx_word' id='word_1_491' title='bbox 1265 1509 1272 1522; x_wconf 92' lang='lat'><strong>,</strong></span> <span class='ocrx_word' id='word_1_492' title='bbox 1291 1492 1320 1515; x_wconf 91' lang='lat' dir='ltr'><strong>ut</strong></span> <span class='ocrx_word' id='word_1_493' title='bbox 1343 1488 1412 1515; x_wconf 89' lang='lat' dir='ltr'><strong>idem</strong></span> <span class='ocrx_word' id='word_1_494' title='bbox 1437 1488 1472 1515; x_wconf 87' lang='lat' dir='ltr'><strong>sit</strong></span> <span class='ocrx_word' id='word_1_495' title='bbox 1490 1488 1562 1523; x_wconf 88' lang='lat' dir='ltr'><strong>quod</strong></span> <span class='ocrx_word' id='word_1_496' title='bbox 1588 1493 1674 1515; x_wconf 84' lang='lat' dir='ltr'><strong>totum</strong></span> <span class='ocrx_word' id='word_1_497' title='bbox 1694 1489 1795 1524; x_wconf 92' lang='lat' dir='ltr'><strong>ipsum.</strong></span> 
     </span>
    </p>
   </div>
   <div class='ocr_carea' id='block_1_62' title="bbox 1011 1535 1795 1570">
    <p class='ocr_par' dir='ltr' id='par_1_62' title="bbox 1011 1535 1795 1570">
     <span class='ocr_line' id='line_1_62' title="bbox 1011 1535 1795 1570; baseline -0.001 -8"><span class='ocrx_word' id='word_1_498' title='bbox 1011 1536 1064 1569; x_wconf 83' lang='lat' dir='ltr'><strong>Qui</strong></span> <span class='ocrx_word' id='word_1_499' title='bbox 1083 1535 1106 1563; x_wconf 90' lang='lat' dir='ltr'><strong>si</strong></span> <span class='ocrx_word' id='word_1_500' title='bbox 1123 1539 1228 1570; x_wconf 88' lang='lat' dir='ltr'><strong>partem</strong></span> <span class='ocrx_word' id='word_1_501' title='bbox 1243 1535 1395 1569; x_wconf 87' lang='lat' dir='ltr'><strong>quamlibet</strong></span> <span class='ocrx_word' id='word_1_502' title='bbox 1411 1535 1531 1561; x_wconf 87' lang='lat' dir='ltr'><strong>animum</strong></span> <span class='ocrx_word' id='word_1_503' title='bbox 1548 1541 1608 1562; x_wconf 90' lang='lat' dir='ltr'><strong>esse</strong></span> <span class='ocrx_word' id='word_1_504' title='bbox 1620 1536 1795 1569; x_wconf 76' lang='lat' dir='ltr'><strong>negaverint,</strong></span> 
     </span>
    </p>
   </div>
   <div class='ocr_carea' id='block_1_63' title="bbox 1012 1580 1793 1616">
    <p class='ocr_par' dir='ltr' id='par_1_63' title="bbox 1012 1580 1793 1616">
     <span class='ocr_line' id='line_1_63' title="bbox 1012 1580 1793 1616; baseline 0 -8"><span class='ocrx_word' id='word_1_505' title='bbox 1012 1582 1133 1608; x_wconf 92' lang='lat' dir='ltr'><strong>animum</strong></span> <span class='ocrx_word' id='word_1_506' title='bbox 1150 1580 1264 1616; x_wconf 86' lang='lat' dir='ltr'><strong>proinde</strong></span> <span class='ocrx_word' id='word_1_507' title='bbox 1275 1580 1404 1607; x_wconf 82' lang='lat' dir='ltr'><strong>inanimis</strong></span> <span class='ocrx_word' id='word_1_508' title='bbox 1417 1587 1448 1608; x_wconf 79' lang='lat' dir='ltr'><strong>ex</strong></span> <span class='ocrx_word' id='word_1_509' title='bbox 1461 1580 1543 1608; x_wconf 87' lang='lat' dir='ltr'><strong>rebus</strong></span> <span class='ocrx_word' id='word_1_510' title='bbox 1554 1585 1680 1608; x_wconf 86' lang='lat' dir='ltr'><strong>constare</strong></span> <span class='ocrx_word' id='word_1_511' title='bbox 1692 1580 1793 1608; x_wconf 87' lang='lat' dir='ltr'><strong>dicent.</strong></span> 
     </span>
    </p>
   </div>
   <div class='ocr_carea' id='block_1_64' title="bbox 164 1625 1792 1665">
    <p class='ocr_par' dir='ltr' id='par_1_64' title="bbox 164 1625 1792 1665">
     <span class='ocr_line' id='line_1_64' title="bbox 164 1625 1792 1665; baseline 0 -11"><span class='ocrx_word' id='word_1_512' title='bbox 164 1627 249 1656; x_wconf 80' lang='lat' dir='ltr'><strong>Porro</strong></span> <span class='ocrx_word' id='word_1_513' title='bbox 261 1649 267 1660; x_wconf 91' lang='lat'><strong>,</strong></span> <span class='ocrx_word' id='word_1_514' title='bbox 286 1629 308 1656; x_wconf 93' lang='lat' dir='ltr'><strong>si</strong></span> <span class='ocrx_word' id='word_1_515' title='bbox 323 1630 443 1665; x_wconf 87' lang='lat' dir='ltr'><strong>cujusvis</strong></span> <span class='ocrx_word' id='word_1_516' title='bbox 459 1631 543 1658; x_wconf 90' lang='lat' dir='ltr'><strong>animi</strong></span> <span class='ocrx_word' id='word_1_517' title='bbox 563 1631 720 1665; x_wconf 73' lang='lat' dir='ltr'><strong>magnitudo</strong></span> <span class='ocrx_word' id='word_1_518' title='bbox 738 1630 796 1658; x_wconf 90' lang='lat' dir='ltr'><strong>suis</strong></span> <span class='ocrx_word' id='word_1_519' title='bbox 819 1629 946 1665; x_wconf 88' lang='lat' dir='ltr'><strong>utrinque</strong></span> <span class='ocrx_word' id='word_1_520' title='bbox 970 1628 1092 1657; x_wconf 89' lang='lat' dir='ltr'><strong>terminis</strong></span> <span class='ocrx_word' id='word_1_521' title='bbox 1118 1627 1324 1661; x_wconf 87' lang='lat' dir='ltr'><strong>circumscripta</strong></span> <span class='ocrx_word' id='word_1_522' title='bbox 1354 1627 1420 1658; x_wconf 85' lang='lat' dir='ltr'><strong>erit,</strong></span> <span class='ocrx_word' id='word_1_523' title='bbox 1441 1625 1564 1661; x_wconf 81' lang='lat' dir='ltr'><strong>profecto</strong></span> <span class='ocrx_word' id='word_1_524' title='bbox 1599 1626 1644 1653; x_wconf 87' lang='lat' dir='ltr'><strong>ubi</strong></span> <span class='ocrx_word' id='word_1_525' title='bbox 1661 1625 1748 1661; x_wconf 87' lang='lat' dir='ltr'><strong>major</strong></span> <span class='ocrx_word' id='word_1_526' title='bbox 1760 1634 1792 1654; x_wconf 87' lang='lat' dir='ltr'><strong>ea</strong></span> 
     </span>
    </p>
   </div>
   <div class='ocr_carea' id='block_1_65' title="bbox 165 1673 1794 1709">
    <p class='ocr_par' dir='ltr' id='par_1_65' title="bbox 165 1673 1794 1709">
     <span class='ocr_line' id='line_1_65' title="bbox 165 1673 1794 1709; baseline 0 -8"><span class='ocrx_word' id='word_1_527' title='bbox 165 1675 290 1703; x_wconf 87' lang='lat' dir='ltr'><strong>minorve</strong></span> <span class='ocrx_word' id='word_1_528' title='bbox 318 1675 379 1709; x_wconf 86' lang='lat' dir='ltr'><strong>ﬁet,</strong></span> <span class='ocrx_word' id='word_1_529' title='bbox 400 1677 510 1705; x_wconf 85' lang='lat' dir='ltr'><strong>animus</strong></span> <span class='ocrx_word' id='word_1_530' title='bbox 537 1681 595 1704; x_wconf 89' lang='lat' dir='ltr'><strong>tum</strong></span> <span class='ocrx_word' id='word_1_531' title='bbox 628 1684 689 1705; x_wconf 82' lang='lat' dir='ltr'><strong>esse</strong></span> <span class='ocrx_word' id='word_1_532' title='bbox 711 1677 826 1704; x_wconf 87' lang='lat' dir='ltr'><strong>desinet.</strong></span> <span class='ocrx_word' id='word_1_533' title='bbox 849 1675 918 1703; x_wconf 89' lang='lat' dir='ltr'><strong>Cum</strong></span> <span class='ocrx_word' id='word_1_534' title='bbox 941 1679 1031 1703; x_wconf 84' lang='lat' dir='ltr'><strong>autem</strong></span> <span class='ocrx_word' id='word_1_535' title='bbox 1064 1681 1212 1708; x_wconf 80' lang='lat' dir='ltr'><strong>congressn</strong></span> <span class='ocrx_word' id='word_1_536' title='bbox 1246 1680 1279 1700; x_wconf 82' lang='lat' dir='ltr'><strong>ex</strong></span> <span class='ocrx_word' id='word_1_537' title='bbox 1303 1681 1375 1706; x_wconf 89' lang='lat' dir='ltr'><strong>uno,</strong></span> <span class='ocrx_word' id='word_1_538' title='bbox 1392 1681 1502 1708; x_wconf 90' lang='lat' dir='ltr'><strong>unoque</strong></span> <span class='ocrx_word' id='word_1_539' title='bbox 1538 1681 1571 1700; x_wconf 74' lang='lat' dir='ltr'><strong>ex</strong></span> <span class='ocrx_word' id='word_1_540' title='bbox 1598 1673 1719 1705; x_wconf 87' lang='lat' dir='ltr'><strong>semine,</strong></span> <span class='ocrx_word' id='word_1_541' title='bbox 1746 1676 1794 1701; x_wconf 86' lang='lat' dir='ltr'><strong>aut</strong></span> 
     </span>
    </p>
   </div>
   <div class='ocr_carea' id='block_1_66' title="bbox 163 1719 1794 1756">
    <p class='ocr_par' dir='ltr' id='par_1_66' title="bbox 163 1719 1794 1756">
     <span class='ocr_line' id='line_1_66' title="bbox 163 1719 1794 1756; baseline -0.001 -9"><span class='ocrx_word' id='word_1_542' title='bbox 163 1721 280 1756; x_wconf 84' lang='lat' dir='ltr'><strong>gemini,</strong></span> <span class='ocrx_word' id='word_1_543' title='bbox 299 1726 346 1749; x_wconf 87' lang='lat' dir='ltr'><strong>aut</strong></span> <span class='ocrx_word' id='word_1_544' title='bbox 375 1723 456 1750; x_wconf 89' lang='lat' dir='ltr'><strong>etiam</strong></span> <span class='ocrx_word' id='word_1_545' title='bbox 469 1743 476 1756; x_wconf 93' lang='lat'><strong>,</strong></span> <span class='ocrx_word' id='word_1_546' title='bbox 503 1728 533 1751; x_wconf 91' lang='lat' dir='ltr'><strong>ut</strong></span> <span class='ocrx_word' id='word_1_547' title='bbox 558 1724 585 1750; x_wconf 93' lang='lat' dir='ltr'><strong>in</strong></span> <span class='ocrx_word' id='word_1_548' title='bbox 605 1722 710 1751; x_wconf 75' lang='lat' dir='ltr'><strong>czeteris</strong></span> <span class='ocrx_word' id='word_1_549' title='bbox 727 1723 911 1750; x_wconf 86' lang='lat' dir='ltr'><strong>animantibus</strong></span> <span class='ocrx_word' id='word_1_550' title='bbox 942 1722 1050 1749; x_wconf 87' lang='lat' dir='ltr'><strong>evenire</strong></span> <span class='ocrx_word' id='word_1_551' title='bbox 1065 1721 1147 1752; x_wconf 86' lang='lat' dir='ltr'><strong>solet,</strong></span> <span class='ocrx_word' id='word_1_552' title='bbox 1180 1721 1271 1755; x_wconf 83' lang='lat' dir='ltr'><strong>plures</strong></span> <span class='ocrx_word' id='word_1_553' title='bbox 1283 1725 1412 1748; x_wconf 88' lang='lat' dir='ltr'><strong>creantur</strong></span> <span class='ocrx_word' id='word_1_554' title='bbox 1425 1720 1495 1748; x_wconf 79' lang='lat' dir='ltr'><strong>fetus</strong></span> <span class='ocrx_word' id='word_1_555' title='bbox 1507 1741 1514 1752; x_wconf 93' lang='lat'><strong>,</strong></span> <span class='ocrx_word' id='word_1_556' title='bbox 1539 1720 1643 1747; x_wconf 90' lang='lat' dir='ltr'><strong>semine</strong></span> <span class='ocrx_word' id='word_1_557' title='bbox 1655 1725 1711 1746; x_wconf 94' lang='lat' dir='ltr'><strong>tum</strong></span> <span class='ocrx_word' id='word_1_558' title='bbox 1723 1719 1794 1746; x_wconf 82' lang='lat' dir='ltr'><strong>mul-</strong></span> 
     </span>
    </p>
   </div>
   <div class='ocr_carea' id='block_1_67' title="bbox 163 1767 1795 1806">
    <p class='ocr_par' dir='ltr' id='par_1_67' title="bbox 163 1767 1795 1806">
     <span class='ocr_line' id='line_1_67' title="bbox 163 1767 1795 1806; baseline 0.001 -12"><span class='ocrx_word' id='word_1_559' title='bbox 163 1772 191 1795; x_wconf 86' lang='lat' dir='ltr'><strong>ta</strong></span> <span class='ocrx_word' id='word_1_560' title='bbox 209 1770 234 1795; x_wconf 89' lang='lat' dir='ltr'><strong>in</strong></span> <span class='ocrx_word' id='word_1_561' title='bbox 247 1769 306 1796; x_wconf 86' lang='lat' dir='ltr'><strong>loca</strong></span> <span class='ocrx_word' id='word_1_562' title='bbox 321 1770 470 1804; x_wconf 83' lang='lat' dir='ltr'><strong>distracto,</strong></span> <span class='ocrx_word' id='word_1_563' title='bbox 501 1772 548 1798; x_wconf 91' lang='lat' dir='ltr'><strong>ubi</strong></span> <span class='ocrx_word' id='word_1_564' title='bbox 573 1779 640 1799; x_wconf 86' lang='lat' dir='ltr'><strong>sane</strong></span> <span class='ocrx_word' id='word_1_565' title='bbox 659 1771 873 1806; x_wconf 85' lang='lat' dir='ltr'><strong>unumquodque</strong></span> <span class='ocrx_word' id='word_1_566' title='bbox 895 1776 981 1798; x_wconf 88' lang='lat' dir='ltr'><strong>totum</strong></span> <span class='ocrx_word' id='word_1_567' title='bbox 1001 1769 1110 1804; x_wconf 86' lang='lat' dir='ltr'><strong>aliquod</strong></span> <span class='ocrx_word' id='word_1_568' title='bbox 1133 1773 1174 1796; x_wconf 87' lang='lat' dir='ltr'><strong>est</strong></span> <span class='ocrx_word' id='word_1_569' title='bbox 1196 1777 1202 1795; x_wconf 87' lang='lat'><strong>:</strong></span> <span class='ocrx_word' id='word_1_570' title='bbox 1221 1769 1266 1803; x_wconf 93' lang='lat' dir='ltr'><strong>qui</strong></span> <span class='ocrx_word' id='word_1_571' title='bbox 1282 1768 1339 1795; x_wconf 81' lang='lat' dir='ltr'><strong>ﬁeri</strong></span> <span class='ocrx_word' id='word_1_572' title='bbox 1352 1772 1458 1803; x_wconf 88' lang='lat' dir='ltr'><strong>potest,</strong></span> <span class='ocrx_word' id='word_1_573' title='bbox 1473 1772 1544 1795; x_wconf 87' lang='lat' dir='ltr'><strong>utea</strong></span> <span class='ocrx_word' id='word_1_574' title='bbox 1559 1775 1587 1795; x_wconf 89' lang='lat' dir='ltr'><strong>re</strong></span> <span class='ocrx_word' id='word_1_575' title='bbox 1604 1776 1659 1795; x_wconf 92' lang='lat' dir='ltr'><strong>non</strong></span> <span class='ocrx_word' id='word_1_576' title='bbox 1678 1767 1795 1804; x_wconf 77' lang='lat' dir='ltr'><strong>docean-</strong></span> 
     </span>
    </p>
   </div>
   <div class='ocr_carea' id='block_1_68' title="bbox 163 1812 1794 1852">
    <p class='ocr_par' dir='ltr' id='par_1_68' title="bbox 163 1812 1794 1852">
     <span class='ocr_line' id='line_1_68' title="bbox 163 1812 1794 1852; baseline 0 -12"><span class='ocrx_word' id='word_1_577' title='bbox 163 1819 209 1841; x_wconf 89' lang='lat' dir='ltr'><strong>tur</strong></span> <span class='ocrx_word' id='word_1_578' title='bbox 219 1815 266 1849; x_wconf 91' lang='lat' dir='ltr'><strong>qui</strong></span> <span class='ocrx_word' id='word_1_579' title='bbox 281 1816 403 1843; x_wconf 84' lang='lat' dir='ltr'><strong>discendi</strong></span> <span class='ocrx_word' id='word_1_580' title='bbox 430 1816 511 1844; x_wconf 87' lang='lat' dir='ltr'><strong>modo</strong></span> <span class='ocrx_word' id='word_1_581' title='bbox 537 1817 628 1852; x_wconf 89' lang='lat' dir='ltr'><strong>cupidi</strong></span> <span class='ocrx_word' id='word_1_582' title='bbox 645 1816 717 1849; x_wconf 91' lang='lat' dir='ltr'><strong>sint,</strong></span> <span class='ocrx_word' id='word_1_583' title='bbox 749 1816 795 1843; x_wconf 90' lang='lat' dir='ltr'><strong>ubi</strong></span> <span class='ocrx_word' id='word_1_584' title='bbox 815 1823 878 1851; x_wconf 84' lang='lat' dir='ltr'><strong>pars</strong></span> <span class='ocrx_word' id='word_1_585' title='bbox 896 1815 990 1843; x_wconf 86' lang='lat' dir='ltr'><strong>eadem</strong></span> <span class='ocrx_word' id='word_1_586' title='bbox 1008 1815 1066 1850; x_wconf 84' lang='lat' dir='ltr'><strong>ipsa</strong></span> <span class='ocrx_word' id='word_1_587' title='bbox 1081 1814 1154 1849; x_wconf 90' lang='lat' dir='ltr'><strong>quod</strong></span> <span class='ocrx_word' id='word_1_588' title='bbox 1166 1817 1251 1841; x_wconf 89' lang='lat' dir='ltr'><strong>totum</strong></span> <span class='ocrx_word' id='word_1_589' title='bbox 1264 1817 1316 1844; x_wconf 85' lang='lat' dir='ltr'><strong>est,</strong></span> <span class='ocrx_word' id='word_1_590' title='bbox 1327 1813 1363 1840; x_wconf 87' lang='lat' dir='ltr'><strong>ibi</strong></span> <span class='ocrx_word' id='word_1_591' title='bbox 1380 1817 1465 1840; x_wconf 89' lang='lat' dir='ltr'><strong>totum</strong></span> <span class='ocrx_word' id='word_1_592' title='bbox 1476 1813 1539 1840; x_wconf 88' lang='lat' dir='ltr'><strong>illud</strong></span> <span class='ocrx_word' id='word_1_593' title='bbox 1550 1814 1686 1848; x_wconf 89' lang='lat' dir='ltr'><strong>propriam</strong></span> <span class='ocrx_word' id='word_1_594' title='bbox 1698 1812 1794 1849; x_wconf 86' lang='lat' dir='ltr'><strong>quanti</strong></span> 
     </span>
    </p>
   </div>
   <div class='ocr_carea' id='block_1_69' title="bbox 163 1859 1791 1898">
    <p class='ocr_par' dir='ltr' id='par_1_69' title="bbox 163 1859 1791 1898">
     <span class='ocr_line' id='line_1_69' title="bbox 163 1859 1791 1898; baseline -0.001 -11"><span class='ocrx_word' id='word_1_595' title='bbox 163 1861 298 1888; x_wconf 88' lang='lat' dir='ltr'><strong>rationem</strong></span> <span class='ocrx_word' id='word_1_596' title='bbox 316 1869 412 1897; x_wconf 84' lang='lat' dir='ltr'><strong>suapte</strong></span> <span class='ocrx_word' id='word_1_597' title='bbox 436 1867 533 1890; x_wconf 85' lang='lat' dir='ltr'><strong>natura</strong></span> <span class='ocrx_word' id='word_1_598' title='bbox 560 1862 844 1898; x_wconf 59' lang='lat' dir='ltr'><strong>praetergredi,829</strong></span> <span class='ocrx_word' id='word_1_599' title='bbox 855 1863 977 1896; x_wconf 87' lang='lat' dir='ltr'><strong>adeoque</strong></span> <span class='ocrx_word' id='word_1_600' title='bbox 997 1861 1031 1888; x_wconf 89' lang='lat' dir='ltr'><strong>ab</strong></span> <span class='ocrx_word' id='word_1_601' title='bbox 1056 1860 1130 1887; x_wconf 91' lang='lat' dir='ltr'><strong>omni</strong></span> <span class='ocrx_word' id='word_1_602' title='bbox 1148 1867 1261 1894; x_wconf 86' lang='lat' dir='ltr'><strong>prorsus</strong></span> <span class='ocrx_word' id='word_1_603' title='bbox 1284 1859 1435 1894; x_wconf 82' lang='lat' dir='ltr'><strong>quantitate</strong></span> <span class='ocrx_word' id='word_1_604' title='bbox 1465 1863 1599 1886; x_wconf 87' lang='lat' dir='ltr'><strong>secretum</strong></span> <span class='ocrx_word' id='word_1_605' title='bbox 1623 1867 1684 1886; x_wconf 88' lang='lat' dir='ltr'><strong>csse</strong></span> <span class='ocrx_word' id='word_1_606' title='bbox 1708 1867 1791 1893; x_wconf 90' lang='lat' dir='ltr'><strong>opor-</strong></span> 
     </span>
    </p>
   </div>
   <div class='ocr_carea' id='block_1_70' title="bbox 163 1907 1793 1945">
    <p class='ocr_par' dir='ltr' id='par_1_70' title="bbox 163 1907 1793 1945">
     <span class='ocr_line' id='line_1_70' title="bbox 163 1907 1793 1945; baseline 0.001 -11"><span class='ocrx_word' id='word_1_607' title='bbox 163 1908 239 1935; x_wconf 84' lang='lat' dir='ltr'><strong>tere?</strong></span> <span class='ocrx_word' id='word_1_608' title='bbox 255 1908 300 1936; x_wconf 93' lang='lat' dir='ltr'><strong>Sic</strong></span> <span class='ocrx_word' id='word_1_609' title='bbox 319 1910 392 1936; x_wconf 89' lang='lat' dir='ltr'><strong>enim</strong></span> <span class='ocrx_word' id='word_1_610' title='bbox 425 1909 534 1937; x_wconf 87' lang='lat' dir='ltr'><strong>demum</strong></span> <span class='ocrx_word' id='word_1_611' title='bbox 565 1910 636 1937; x_wconf 92' lang='lat' dir='ltr'><strong>idem</strong></span> <span class='ocrx_word' id='word_1_612' title='bbox 666 1911 745 1945; x_wconf 84' lang='lat' dir='ltr'><strong>plane</strong></span> <span class='ocrx_word' id='word_1_613' title='bbox 776 1917 917 1937; x_wconf 85' lang='lat' dir='ltr'><strong>remanere</strong></span> <span class='ocrx_word' id='word_1_614' title='bbox 935 1909 1052 1945; x_wconf 88' lang='lat' dir='ltr'><strong>poterit,</strong></span> <span class='ocrx_word' id='word_1_615' title='bbox 1076 1909 1156 1935; x_wconf 84' lang='lat' dir='ltr'><strong>etiam</strong></span> <span class='ocrx_word' id='word_1_616' title='bbox 1178 1909 1330 1942; x_wconf 88' lang='lat' dir='ltr'><strong>quantitate</strong></span> <span class='ocrx_word' id='word_1_617' title='bbox 1350 1907 1500 1939; x_wconf 86' lang='lat' dir='ltr'><strong>subducta,</strong></span> <span class='ocrx_word' id='word_1_618' title='bbox 1518 1908 1616 1942; x_wconf 89' lang='lat' dir='ltr'><strong>quippe</strong></span> <span class='ocrx_word' id='word_1_619' title='bbox 1636 1907 1715 1942; x_wconf 88' lang='lat' dir='ltr'><strong>cujus</strong></span> <span class='ocrx_word' id='word_1_620' title='bbox 1743 1914 1793 1935; x_wconf 87' lang='lat' dir='ltr'><strong>nec</strong></span> 
     </span>
    </p>
   </div>
   <div class='ocr_carea' id='block_1_71' title="bbox 162 1952 1794 1991">
    <p class='ocr_par' dir='ltr' id='par_1_71' title="bbox 162 1952 1794 1991">
     <span class='ocr_line' id='line_1_71' title="bbox 162 1952 1794 1991; baseline -0.001 -9"><span class='ocrx_word' id='word_1_621' title='bbox 162 1955 324 1990; x_wconf 86' lang='lat' dir='ltr'><strong>quantitatis</strong></span> <span class='ocrx_word' id='word_1_622' title='bbox 342 1957 411 1983; x_wconf 89' lang='lat' dir='ltr'><strong>ratio</strong></span> <span class='ocrx_word' id='word_1_623' title='bbox 436 1956 586 1991; x_wconf 84' lang='lat' dir='ltr'><strong>quidquam</strong></span> <span class='ocrx_word' id='word_1_624' title='bbox 602 1963 651 1983; x_wconf 90' lang='lat' dir='ltr'><strong>nec</strong></span> <span class='ocrx_word' id='word_1_625' title='bbox 680 1956 761 1982; x_wconf 89' lang='lat' dir='ltr'><strong>molis</strong></span> <span class='ocrx_word' id='word_1_626' title='bbox 786 1956 913 1988; x_wconf 81' lang='lat' dir='ltr'><strong>intersit,</strong></span> <span class='ocrx_word' id='word_1_627' title='bbox 928 1962 989 1982; x_wconf 83' lang='lat' dir='ltr'><strong>cum</strong></span> <span class='ocrx_word' id='word_1_628' title='bbox 1011 1959 1136 1981; x_wconf 89' lang='lat' dir='ltr'><strong>naturam</strong></span> <span class='ocrx_word' id='word_1_629' title='bbox 1155 1953 1254 1981; x_wconf 85' lang='lat' dir='ltr'><strong>habeat</strong></span> <span class='ocrx_word' id='word_1_630' title='bbox 1264 1954 1372 1987; x_wconf 89' lang='lat' dir='ltr'><strong>penitus</strong></span> <span class='ocrx_word' id='word_1_631' title='bbox 1388 1954 1422 1980; x_wconf 87' lang='lat' dir='ltr'><strong>ab</strong></span> <span class='ocrx_word' id='word_1_632' title='bbox 1441 1958 1555 1988; x_wconf 84' lang='lat' dir='ltr'><strong>utraque</strong></span> <span class='ocrx_word' id='word_1_633' title='bbox 1566 1955 1711 1981; x_wconf 85' lang='lat' dir='ltr'><strong>diversam.</strong></span> <span class='ocrx_word' id='word_1_634' title='bbox 1730 1952 1794 1980; x_wconf 82' lang='lat' dir='ltr'><strong>Ani-</strong></span> 
     </span>
    </p>
   </div>
   <div class='ocr_carea' id='block_1_72' title="bbox 162 2001 1370 2037">
    <p class='ocr_par' dir='ltr' id='par_1_72' title="bbox 162 2001 1370 2037">
     <span class='ocr_line' id='line_1_72' title="bbox 162 2001 1370 2037; baseline -0.001 -10"><span class='ocrx_word' id='word_1_635' title='bbox 162 2009 225 2029; x_wconf 89' lang='lat' dir='ltr'><strong>mus</strong></span> <span class='ocrx_word' id='word_1_636' title='bbox 246 2001 327 2035; x_wconf 82' lang='lat' dir='ltr'><strong>igitur</strong></span> <span class='ocrx_word' id='word_1_637' title='bbox 349 2006 431 2036; x_wconf 88' lang='lat' dir='ltr'><strong>atque</strong></span> <span class='ocrx_word' id='word_1_638' title='bbox 446 2006 609 2037; x_wconf 67' lang='lat' dir='ltr'><strong>antegressae</strong></span> <span class='ocrx_word' id='word_1_639' title='bbox 636 2002 688 2029; x_wconf 65' lang='lat' dir='ltr'><strong>illm</strong></span> <span class='ocrx_word' id='word_1_640' title='bbox 716 2003 836 2029; x_wconf 86' lang='lat' dir='ltr'><strong>rationes</strong></span> <span class='ocrx_word' id='word_1_641' title='bbox 858 2001 1018 2036; x_wconf 88' lang='lat' dir='ltr'><strong>quantitatis</strong></span> <span class='ocrx_word' id='word_1_642' title='bbox 1034 2001 1124 2028; x_wconf 85' lang='lat' dir='ltr'><strong>omnis</strong></span> <span class='ocrx_word' id='word_1_643' title='bbox 1135 2005 1260 2035; x_wconf 83' lang='lat' dir='ltr'><strong>expertes</strong></span> <span class='ocrx_word' id='word_1_644' title='bbox 1277 2005 1370 2028; x_wconf 90' lang='lat' dir='ltr'><strong>sunto.</strong></span> 
     </span>
    </p>
   </div>
   <div class='ocr_carea' id='block_1_73' title="bbox 201 2049 988 2091">
    <p class='ocr_par' dir='ltr' id='par_1_73' title="bbox 201 2049 988 2091">
     <span class='ocr_line' id='line_1_73' title="bbox 201 2049 988 2091; baseline 0.001 -17"><span class='ocrx_word' id='word_1_645' title='bbox 201 2057 210 2073; x_wconf 74' lang='grc' dir='ltr'><strong>ι</strong></span> <span class='ocrx_word' id='word_1_646' title='bbox 233 2049 293 2076; x_wconf 87' lang='grc' dir='ltr'>Ὅτι</span> <span class='ocrx_word' id='word_1_647' title='bbox 306 2049 334 2075; x_wconf 81' lang='grc' dir='ltr'>δὲ</span> <span class='ocrx_word' id='word_1_648' title='bbox 347 2050 370 2076; x_wconf 79' lang='grc' dir='ltr'><strong>εί</strong></span> <span class='ocrx_word' id='word_1_649' title='bbox 379 2050 458 2085; x_wconf 79' lang='grc' dir='ltr'>σῶμα</span> <span class='ocrx_word' id='word_1_650' title='bbox 467 2049 508 2085; x_wconf 81' lang='grc' dir='ltr'><strong>εἴη</strong></span> <span class='ocrx_word' id='word_1_651' title='bbox 523 2050 632 2091; x_wconf 74' lang='grc' dir='ltr'>ἡψυχὴ,</span> <span class='ocrx_word' id='word_1_652' title='bbox 647 2049 708 2077; x_wconf 74' lang='grc' dir='ltr'>οὔτε</span> <span class='ocrx_word' id='word_1_653' title='bbox 724 2050 754 2077; x_wconf 82' lang='grc' dir='ltr'>τὸ</span> <span class='ocrx_word' id='word_1_654' title='bbox 767 2049 951 2080; x_wconf 72' lang='grc' dir='ltr'>αἰσθάνεσθαι,</span> <span class='ocrx_word' id='word_1_655' title='bbox 967 2052 988 2080; x_wconf 84' lang='lat' dir='ltr'>C</span> 
     </span>
    </p>
   </div>
   <div class='ocr_carea' id='block_1_74' title="bbox 160 2095 952 2132">
    <p class='ocr_par' dir='ltr' id='par_1_74' title="bbox 160 2095 952 2132">
     <span class='ocr_line' id='line_1_74' title="bbox 160 2095 952 2132; baseline 0.001 -11"><span class='ocrx_word' id='word_1_656' title='bbox 160 2095 224 2122; x_wconf 77' lang='grc' dir='ltr'>οὒτε</span> <span class='ocrx_word' id='word_1_657' title='bbox 241 2096 270 2122; x_wconf 84' lang='grc' dir='ltr'><strong>τὸ</strong></span> <span class='ocrx_word' id='word_1_658' title='bbox 285 2097 365 2127; x_wconf 78' lang='grc' dir='ltr'>νοεῖν,</span> <span class='ocrx_word' id='word_1_659' title='bbox 382 2095 444 2122; x_wconf 73' lang='grc' dir='ltr'>οὔτε</span> <span class='ocrx_word' id='word_1_660' title='bbox 461 2097 490 2122; x_wconf 86' lang='grc' dir='ltr'>τὸ</span> <span class='ocrx_word' id='word_1_661' title='bbox 502 2096 674 2128; x_wconf 74' lang='grc' dir='ltr'>ἐπίστασθαι,</span> <span class='ocrx_word' id='word_1_662' title='bbox 689 2096 751 2122; x_wconf 74' lang='grc' dir='ltr'>οὔτε</span> <span class='ocrx_word' id='word_1_663' title='bbox 767 2096 872 2132; x_wconf 72' lang='grc' dir='ltr'>ἀρεταὶ,</span> <span class='ocrx_word' id='word_1_664' title='bbox 892 2095 952 2123; x_wconf 72' lang='grc' dir='ltr'>οὔτε</span> 
     </span>
    </p>
   </div>
   <div class='ocr_carea' id='block_1_75' title="bbox 160 2141 952 2178">
    <p class='ocr_par' dir='ltr' id='par_1_75' title="bbox 160 2141 952 2178">
     <span class='ocr_line' id='line_1_75' title="bbox 160 2141 952 2178; baseline -0.001 -10"><span class='ocrx_word' id='word_1_665' title='bbox 160 2151 187 2168; x_wconf 86' lang='grc' dir='ltr'><strong>τι</strong></span> <span class='ocrx_word' id='word_1_666' title='bbox 209 2141 264 2168; x_wconf 86' lang='grc' dir='ltr'><strong>τῶν</strong></span> <span class='ocrx_word' id='word_1_667' title='bbox 288 2141 377 2168; x_wconf 86' lang='grc' dir='ltr'>καλῶν</span> <span class='ocrx_word' id='word_1_668' title='bbox 389 2142 475 2175; x_wconf 71' lang='grc' dir='ltr'>ἔσται,</span> <span class='ocrx_word' id='word_1_669' title='bbox 493 2144 525 2169; x_wconf 74' lang='grc' dir='ltr'>ἐκ</span> <span class='ocrx_word' id='word_1_670' title='bbox 549 2142 632 2168; x_wconf 79' lang='grc' dir='ltr'>τῶνδε</span> <span class='ocrx_word' id='word_1_671' title='bbox 657 2142 747 2178; x_wconf 78' lang='grc' dir='ltr'>δῆλον.</span> <span class='ocrx_word' id='word_1_672' title='bbox 771 2143 805 2169; x_wconf 79' lang='grc' dir='ltr'><strong>Εἴ</strong></span> <span class='ocrx_word' id='word_1_673' title='bbox 817 2151 841 2169; x_wconf 90' lang='grc' dir='ltr'><strong>τι</strong></span> <span class='ocrx_word' id='word_1_674' title='bbox 861 2141 952 2177; x_wconf 79' lang='grc' dir='ltr'>μέλλει</span> 
     </span>
    </p>
   </div>
   <div class='ocr_carea' id='block_1_76' title="bbox 162 2186 952 2223">
    <p class='ocr_par' dir='ltr' id='par_1_76' title="bbox 162 2186 952 2223">
     <span class='ocr_line' id='line_1_76' title="bbox 162 2186 952 2223; baseline 0 -10"><span class='ocrx_word' id='word_1_675' title='bbox 162 2186 338 2213; x_wconf 82' lang='grc' dir='ltr'>αἰσθάνεσθαί</span> <span class='ocrx_word' id='word_1_676' title='bbox 349 2196 430 2220; x_wconf 86' lang='grc' dir='ltr'>τινος,</span> <span class='ocrx_word' id='word_1_677' title='bbox 447 2187 476 2214; x_wconf 85' lang='grc' dir='ltr'>ἓν</span> <span class='ocrx_word' id='word_1_678' title='bbox 492 2188 559 2214; x_wconf 78' lang='grc' dir='ltr'>αὐτὸ</span> <span class='ocrx_word' id='word_1_679' title='bbox 584 2188 626 2214; x_wconf 82' lang='grc' dir='ltr'><strong>δεῖ</strong></span> <span class='ocrx_word' id='word_1_680' title='bbox 652 2187 732 2221; x_wconf 84' lang='grc' dir='ltr'>εἶναι,</span> <span class='ocrx_word' id='word_1_681' title='bbox 750 2188 798 2214; x_wconf 74' lang='grc' dir='ltr'><strong>καὶ</strong></span> <span class='ocrx_word' id='word_1_682' title='bbox 825 2188 863 2223; x_wconf 87' lang='grc' dir='ltr'><strong>τῷ</strong></span> <span class='ocrx_word' id='word_1_683' title='bbox 879 2187 952 2222; x_wconf 78' lang='grc' dir='ltr'>αὑτῷ</span> 
     </span>
    </p>
   </div>
   <div class='ocr_carea' id='block_1_77' title="bbox 160 2233 952 2270">
    <p class='ocr_par' dir='ltr' id='par_1_77' title="bbox 160 2233 952 2270">
     <span class='ocr_line' id='line_1_77' title="bbox 160 2233 952 2270; baseline 0.001 -11"><span class='ocrx_word' id='word_1_684' title='bbox 160 2233 262 2264; x_wconf 72' lang='grc' dir='ltr'>παντὸς</span> <span class='ocrx_word' id='word_1_685' title='bbox 275 2233 530 2268; x_wconf 80' lang='grc' dir='ltr'>ἀντιλαμϐάνεσθαι·</span> <span class='ocrx_word' id='word_1_686' title='bbox 557 2235 604 2261; x_wconf 79' lang='grc' dir='ltr'>καὶ</span> <span class='ocrx_word' id='word_1_687' title='bbox 620 2235 644 2261; x_wconf 81' lang='grc' dir='ltr'><strong>εί</strong></span> <span class='ocrx_word' id='word_1_688' title='bbox 660 2234 705 2261; x_wconf 84' lang='grc' dir='ltr'><strong>διὰ</strong></span> <span class='ocrx_word' id='word_1_689' title='bbox 730 2233 834 2261; x_wconf 81' lang='grc' dir='ltr'>πολλῶν</span> <span class='ocrx_word' id='word_1_690' title='bbox 855 2234 952 2270; x_wconf 78' lang='grc' dir='ltr'>αἰσθη-</span> 
     </span>
    </p>
   </div>
   <div class='ocr_carea' id='block_1_78' title="bbox 159 2279 952 2316">
    <p class='ocr_par' dir='ltr' id='par_1_78' title="bbox 159 2279 952 2316">
     <span class='ocr_line' id='line_1_78' title="bbox 159 2279 952 2316; baseline 0.001 -11"><span class='ocrx_word' id='word_1_691' title='bbox 159 2280 263 2316; x_wconf 79' lang='grc' dir='ltr'>τηρίων</span> <span class='ocrx_word' id='word_1_692' title='bbox 280 2279 364 2306; x_wconf 80' lang='grc' dir='ltr'>πλείω</span> <span class='ocrx_word' id='word_1_693' title='bbox 390 2279 425 2306; x_wconf 80' lang='grc' dir='ltr'>τὰ</span> <span class='ocrx_word' id='word_1_694' title='bbox 457 2281 574 2307; x_wconf 83' lang='grc' dir='ltr'>εἰσιόντα</span> <span class='ocrx_word' id='word_1_695' title='bbox 605 2281 659 2316; x_wconf 77' lang='grc' dir='ltr'>εἴη,</span> <span class='ocrx_word' id='word_1_696' title='bbox 680 2281 696 2316; x_wconf 79' lang='grc' dir='ltr'><strong>ἢ</strong></span> <span class='ocrx_word' id='word_1_697' title='bbox 721 2281 816 2307; x_wconf 81' lang='grc' dir='ltr'>πολλαὶ</span> <span class='ocrx_word' id='word_1_698' title='bbox 843 2281 907 2316; x_wconf 76' lang='grc' dir='ltr'>περὶ</span> <span class='ocrx_word' id='word_1_699' title='bbox 923 2280 952 2307; x_wconf 81' lang='grc' dir='ltr'>ἓν</span> 
     </span>
    </p>
   </div>
   <div class='ocr_carea' id='block_1_79' title="bbox 161 2323 950 2362">
    <p class='ocr_par' dir='ltr' id='par_1_79' title="bbox 161 2323 950 2362">
     <span class='ocr_line' id='line_1_79' title="bbox 161 2323 950 2362; baseline 0.001 -11"><span class='ocrx_word' id='word_1_700' title='bbox 161 2325 313 2361; x_wconf 77' lang='grc' dir='ltr'>ποιότητες,</span> <span class='ocrx_word' id='word_1_701' title='bbox 329 2325 376 2351; x_wconf 75' lang='grc' dir='ltr'><strong>καὶ</strong></span> <span class='ocrx_word' id='word_1_702' title='bbox 389 2325 421 2352; x_wconf 81' lang='grc' dir='ltr'><strong>δι’</strong></span> <span class='ocrx_word' id='word_1_703' title='bbox 437 2326 495 2357; x_wconf 76' lang='grc' dir='ltr'>ἐνὸς</span> <span class='ocrx_word' id='word_1_704' title='bbox 513 2326 644 2359; x_wconf 83' lang='grc' dir='ltr'>ποικίλον,</span> <span class='ocrx_word' id='word_1_705' title='bbox 668 2323 723 2353; x_wconf 77' lang='grc' dir='ltr'>οἷον</span> <span class='ocrx_word' id='word_1_706' title='bbox 741 2327 895 2362; x_wconf 75' lang='grc' dir='ltr'>πρόσωπον.</span> <span class='ocrx_word' id='word_1_707' title='bbox 913 2327 950 2353; x_wconf 77' lang='grc' dir='ltr'><strong>Οὐ</strong></span> 
     </span>
    </p>
   </div>
   <div class='ocr_carea' id='block_1_80' title="bbox 159 2371 951 2408">
    <p class='ocr_par' dir='ltr' id='par_1_80' title="bbox 159 2371 951 2408">
     <span class='ocr_line' id='line_1_80' title="bbox 159 2371 951 2408; baseline 0.001 -11"><span class='ocrx_word' id='word_1_708' title='bbox 159 2371 214 2406; x_wconf 75' lang='grc' dir='ltr'><strong>γὰρ</strong></span> <span class='ocrx_word' id='word_1_709' title='bbox 231 2371 294 2398; x_wconf 80' lang='grc' dir='ltr'>ἄλλο</span> <span class='ocrx_word' id='word_1_710' title='bbox 311 2371 360 2406; x_wconf 82' lang='grc' dir='ltr'><strong>μὲν</strong></span> <span class='ocrx_word' id='word_1_711' title='bbox 381 2372 462 2407; x_wconf 75' lang='grc' dir='ltr'>ῥινὸς,</span> <span class='ocrx_word' id='word_1_712' title='bbox 478 2371 540 2398; x_wconf 81' lang='grc' dir='ltr'>ἄλλο</span> <span class='ocrx_word' id='word_1_713' title='bbox 558 2372 586 2398; x_wconf 81' lang='grc' dir='ltr'><strong>δὲ</strong></span> <span class='ocrx_word' id='word_1_714' title='bbox 598 2371 748 2408; x_wconf 80' lang='grc' dir='ltr'>ὀφθαλμοῦ,</span> <span class='ocrx_word' id='word_1_715' title='bbox 766 2372 833 2399; x_wconf 85' lang='grc' dir='ltr'>ἀλλὰ</span> <span class='ocrx_word' id='word_1_716' title='bbox 855 2372 951 2398; x_wconf 78' lang='grc' dir='ltr'>ταύτὸν</span> 
     </span>
    </p>
   </div>
   <div class='ocr_carea' id='block_1_81' title="bbox 159 2417 951 2453">
    <p class='ocr_par' dir='ltr' id='par_1_81' title="bbox 159 2417 951 2453">
     <span class='ocr_line' id='line_1_81' title="bbox 159 2417 951 2453; baseline 0 -9"><span class='ocrx_word' id='word_1_717' title='bbox 159 2417 227 2453; x_wconf 82' lang='grc' dir='ltr'>ὁμοῦ</span> <span class='ocrx_word' id='word_1_718' title='bbox 241 2417 359 2444; x_wconf 81' lang='grc' dir='ltr'>πάντων.</span> <span class='ocrx_word' id='word_1_719' title='bbox 380 2418 434 2444; x_wconf 80' lang='grc' dir='ltr'><strong>Καὶ</strong></span> <span class='ocrx_word' id='word_1_720' title='bbox 454 2419 479 2444; x_wconf 81' lang='grc' dir='ltr'><strong>εί</strong></span> <span class='ocrx_word' id='word_1_721' title='bbox 496 2418 526 2444; x_wconf 82' lang='grc' dir='ltr'>τὸ</span> <span class='ocrx_word' id='word_1_722' title='bbox 545 2418 594 2453; x_wconf 81' lang='grc' dir='ltr'>μὲν</span> <span class='ocrx_word' id='word_1_723' title='bbox 606 2418 640 2444; x_wconf 83' lang='grc' dir='ltr'><strong>δι’</strong></span> <span class='ocrx_word' id='word_1_724' title='bbox 650 2419 790 2453; x_wconf 66' lang='grc' dir='ltr'>ὀμμάτων,</span> <span class='ocrx_word' id='word_1_725' title='bbox 809 2418 839 2445; x_wconf 79' lang='grc' dir='ltr'>τὸ</span> <span class='ocrx_word' id='word_1_726' title='bbox 864 2418 892 2444; x_wconf 81' lang='grc' dir='ltr'><strong>δὲ</strong></span> <span class='ocrx_word' id='word_1_727' title='bbox 917 2418 951 2445; x_wconf 85' lang='grc' dir='ltr'><strong>δι’</strong></span> 
     </span>
    </p>
   </div>
   <div class='ocr_carea' id='block_1_82' title="bbox 159 2461 949 2500">
    <p class='ocr_par' dir='ltr' id='par_1_82' title="bbox 159 2461 949 2500">
     <span class='ocr_line' id='line_1_82' title="bbox 159 2461 949 2500; baseline 0.001 -10"><span class='ocrx_word' id='word_1_728' title='bbox 159 2464 255 2499; x_wconf 78' lang='grc' dir='ltr'>ἀκοῆς,</span> <span class='ocrx_word' id='word_1_729' title='bbox 273 2463 301 2490; x_wconf 75' lang='grc' dir='ltr'>ἓν</span> <span class='ocrx_word' id='word_1_730' title='bbox 317 2473 343 2491; x_wconf 90' lang='grc' dir='ltr'><strong>τι</strong></span> <span class='ocrx_word' id='word_1_731' title='bbox 357 2463 398 2490; x_wconf 83' lang='grc' dir='ltr'><strong>δεῖ</strong></span> <span class='ocrx_word' id='word_1_732' title='bbox 408 2461 476 2490; x_wconf 75' lang='grc' dir='ltr'>εἶναι</span> <span class='ocrx_word' id='word_1_733' title='bbox 491 2465 531 2495; x_wconf 69' lang='grc' dir='ltr'>εἰς</span> <span class='ocrx_word' id='word_1_734' title='bbox 545 2464 559 2490; x_wconf 85' lang='grc' dir='ltr'><strong>ὃ</strong></span> <span class='ocrx_word' id='word_1_735' title='bbox 583 2464 676 2500; x_wconf 82' lang='grc' dir='ltr'>ἄμφω·</span> <span class='ocrx_word' id='word_1_736' title='bbox 696 2465 713 2500; x_wconf 87' lang='grc' dir='ltr'>ἢ</span> <span class='ocrx_word' id='word_1_737' title='bbox 739 2465 798 2496; x_wconf 87' lang='grc' dir='ltr'>πῶς</span> <span class='ocrx_word' id='word_1_738' title='bbox 816 2464 850 2491; x_wconf 81' lang='grc' dir='ltr'><strong>ἂν</strong></span> <span class='ocrx_word' id='word_1_739' title='bbox 862 2465 949 2496; x_wconf 75' lang='grc' dir='ltr'>εἴποι,</span> 
     </span>
    </p>
   </div>
   <div class='ocr_carea' id='block_1_83' title="bbox 158 2509 950 2546">
    <p class='ocr_par' dir='ltr' id='par_1_83' title="bbox 158 2509 950 2546">
     <span class='ocr_line' id='line_1_83' title="bbox 158 2509 950 2546; baseline 0.001 -10"><span class='ocrx_word' id='word_1_740' title='bbox 158 2510 201 2536; x_wconf 83' lang='grc' dir='ltr'><strong>ὅτι</strong></span> <span class='ocrx_word' id='word_1_741' title='bbox 212 2510 293 2545; x_wconf 70' lang='grc' dir='ltr'>ἕτερα</span> <span class='ocrx_word' id='word_1_742' title='bbox 305 2510 400 2542; x_wconf 76' lang='grc' dir='ltr'>ταῦτα,</span> <span class='ocrx_word' id='word_1_743' title='bbox 419 2509 456 2545; x_wconf 89' lang='grc' dir='ltr'><strong>μὴ</strong></span> <span class='ocrx_word' id='word_1_744' title='bbox 469 2511 508 2542; x_wconf 85' lang='grc' dir='ltr'><strong>είς</strong></span> <span class='ocrx_word' id='word_1_745' title='bbox 519 2510 549 2536; x_wconf 83' lang='grc' dir='ltr'>τὸ</span> <span class='ocrx_word' id='word_1_746' title='bbox 573 2511 637 2537; x_wconf 80' lang='grc' dir='ltr'>αὐτὸ</span> <span class='ocrx_word' id='word_1_747' title='bbox 653 2509 721 2545; x_wconf 81' lang='grc' dir='ltr'>ὁμοῦ</span> <span class='ocrx_word' id='word_1_748' title='bbox 738 2511 792 2537; x_wconf 83' lang='grc' dir='ltr'>τῶν</span> <span class='ocrx_word' id='word_1_749' title='bbox 815 2510 950 2546; x_wconf 82' lang='grc' dir='ltr'><strong>αἰσθημά-</strong></span> 
     </span>
    </p>
   </div>
   <div class='ocr_carea' id='block_1_84' title="bbox 158 2554 947 2592">
    <p class='ocr_par' dir='ltr' id='par_1_84' title="bbox 158 2554 947 2592">
     <span class='ocr_line' id='line_1_84' title="bbox 158 2554 947 2592; baseline 0.001 -10"><span class='ocrx_word' id='word_1_750' title='bbox 158 2564 214 2582; x_wconf 84' lang='grc' dir='ltr'><strong>των</strong></span> <span class='ocrx_word' id='word_1_751' title='bbox 225 2556 370 2588; x_wconf 78' lang='grc' dir='ltr'>ὲλθόντων;</span> <span class='ocrx_word' id='word_1_752' title='bbox 383 2557 428 2582; x_wconf 87' lang='grc' dir='ltr'>Δεῖ</span> <span class='ocrx_word' id='word_1_753' title='bbox 439 2555 528 2582; x_wconf 75' lang='grc' dir='ltr'>τοίνυν</span> <span class='ocrx_word' id='word_1_754' title='bbox 540 2555 618 2582; x_wconf 82' lang='grc' dir='ltr'>τοῦτο</span> <span class='ocrx_word' id='word_1_755' title='bbox 633 2556 727 2591; x_wconf 83' lang='grc' dir='ltr'>ὥσπερ</span> <span class='ocrx_word' id='word_1_756' title='bbox 740 2557 850 2592; x_wconf 79' lang='grc' dir='ltr'>κέντρον</span> <span class='ocrx_word' id='word_1_757' title='bbox 868 2554 947 2588; x_wconf 73' lang='grc' dir='ltr'>εἶναι,</span> 
     </span>
    </p>
   </div>
   <div class='ocr_carea' id='block_1_85' title="bbox 159 2600 948 2636">
    <p class='ocr_par' dir='ltr' id='par_1_85' title="bbox 159 2600 948 2636">
     <span class='ocr_line' id='line_1_85' title="bbox 159 2600 948 2636; baseline 0.001 -10"><span class='ocrx_word' id='word_1_758' title='bbox 159 2601 291 2636; x_wconf 77' lang='grc' dir='ltr'>γραμμὰς</span> <span class='ocrx_word' id='word_1_759' title='bbox 307 2601 335 2627; x_wconf 80' lang='grc' dir='ltr'>δὲ</span> <span class='ocrx_word' id='word_1_760' title='bbox 351 2600 557 2636; x_wconf 77' lang='grc' dir='ltr'>συμϐαλλούσας</span> <span class='ocrx_word' id='word_1_761' title='bbox 576 2602 608 2628; x_wconf 84' lang='grc' dir='ltr'><strong>ἐκ</strong></span> <span class='ocrx_word' id='word_1_762' title='bbox 634 2601 812 2636; x_wconf 80' lang='grc' dir='ltr'>περιφερείας</span> <span class='ocrx_word' id='word_1_763' title='bbox 837 2602 948 2633; x_wconf 88' lang='grc' dir='ltr'>κύκλου,</span> 
     </span>
    </p>
   </div>
   <div class='ocr_carea' id='block_1_86' title="bbox 158 2646 947 2683">
    <p class='ocr_par' dir='ltr' id='par_1_86' title="bbox 158 2646 947 2683">
     <span class='ocr_line' id='line_1_86' title="bbox 158 2646 947 2683; baseline 0.003 -11"><span class='ocrx_word' id='word_1_764' title='bbox 158 2647 209 2678; x_wconf 71' lang='grc' dir='ltr'><strong>τὰς</strong></span> <span class='ocrx_word' id='word_1_765' title='bbox 222 2646 388 2682; x_wconf 81' lang='grc' dir='ltr'>πανταχόθεν</span> <span class='ocrx_word' id='word_1_766' title='bbox 413 2647 563 2683; x_wconf 72' lang='grc' dir='ltr'>αίσθήσεις,</span> <span class='ocrx_word' id='word_1_767' title='bbox 594 2647 662 2683; x_wconf 77' lang='grc' dir='ltr'>πρὸς</span> <span class='ocrx_word' id='word_1_768' title='bbox 693 2646 772 2673; x_wconf 78' lang='grc' dir='ltr'>τοῦτο</span> <span class='ocrx_word' id='word_1_769' title='bbox 799 2647 947 2683; x_wconf 86' lang='grc' dir='ltr'>περαίνειν,</span> 
     </span>
    </p>
   </div>
   <div class='ocr_carea' id='block_1_87' title="bbox 159 2691 946 2728">
    <p class='ocr_par' dir='ltr' id='par_1_87' title="bbox 159 2691 946 2728">
     <span class='ocr_line' id='line_1_87' title="bbox 159 2691 946 2728; baseline 0.001 -10"><span class='ocrx_word' id='word_1_770' title='bbox 159 2692 206 2719; x_wconf 77' lang='grc' dir='ltr'>καὶ</span> <span class='ocrx_word' id='word_1_771' title='bbox 222 2692 341 2719; x_wconf 74' lang='grc' dir='ltr'>τοιοῦτον</span> <span class='ocrx_word' id='word_1_772' title='bbox 355 2693 384 2719; x_wconf 69' lang='grc' dir='ltr'>τὸ</span> <span class='ocrx_word' id='word_1_773' title='bbox 411 2692 677 2728; x_wconf 78' lang='grc' dir='ltr'>ἀντιλαμῦανόιιενον</span> <span class='ocrx_word' id='word_1_774' title='bbox 708 2691 778 2719; x_wconf 77' lang='grc' dir='ltr'>εἶναι</span> <span class='ocrx_word' id='word_1_775' title='bbox 799 2692 828 2720; x_wconf 78' lang='grc' dir='ltr'>ἓν</span> <span class='ocrx_word' id='word_1_776' title='bbox 853 2693 946 2725; x_wconf 72' lang='grc' dir='ltr'>ὅντως.</span> 
     </span>
    </p>
   </div>
   <div class='ocr_carea' id='block_1_88' title="bbox 196 2769 946 2804">
    <p class='ocr_par' dir='ltr' id='par_1_88' title="bbox 196 2769 946 2804">
     <span class='ocr_line' id='line_1_88' title="bbox 196 2769 946 2804; baseline 0.007 -9"><span class='ocrx_word' id='word_1_777' title='bbox 196 2769 252 2804; x_wconf 85' lang='grc'><strong>(67)</strong></span> <span class='ocrx_word' id='word_1_778' title='bbox 280 2769 381 2797; x_wconf 85' lang='grc' dir='ltr'>Καίτοι</span> <span class='ocrx_word' id='word_1_779' title='bbox 404 2770 475 2803; x_wconf 79' lang='grc' dir='ltr'>ἔδει,</span> <span class='ocrx_word' id='word_1_780' title='bbox 497 2775 549 2798; x_wconf 86' lang='lat' dir='ltr'><strong>etc.</strong></span> <span class='ocrx_word' id='word_1_781' title='bbox 572 2769 651 2797; x_wconf 87' lang='lat' dir='ltr'><strong>Prior</strong></span> <span class='ocrx_word' id='word_1_782' title='bbox 669 2771 752 2799; x_wconf 86' lang='lat' dir='ltr'><strong>editio</strong></span> <span class='ocrx_word' id='word_1_783' title='bbox 771 2771 855 2800; x_wconf 88' lang='lat' dir='ltr'><strong>miras</strong></span> <span class='ocrx_word' id='word_1_784' title='bbox 883 2772 946 2800; x_wconf 87' lang='lat' dir='ltr'><strong>huic</strong></span> 
     </span>
    </p>
   </div>
   <div class='ocr_carea' id='block_1_89' title="bbox 158 2804 518 2833">
    <p class='ocr_par' dir='ltr' id='par_1_89' title="bbox 158 2804 518 2833">
     <span class='ocr_line' id='line_1_89' title="bbox 158 2804 518 2833; baseline 0.003 -2"><span class='ocrx_word' id='word_1_785' title='bbox 158 2804 221 2832; x_wconf 87' lang='lat' dir='ltr'><strong>loco</strong></span> <span class='ocrx_word' id='word_1_786' title='bbox 236 2805 361 2832; x_wconf 86' lang='lat' dir='ltr'><strong>tenebras</strong></span> <span class='ocrx_word' id='word_1_787' title='bbox 375 2805 518 2833; x_wconf 83' lang='lat' dir='ltr'><strong>oll&#39;uderat.</strong></span> 
     </span>
    </p>
   </div>
   <div class='ocr_carea' id='block_1_90' title="bbox 197 2839 944 2879">
    <p class='ocr_par' dir='ltr' id='par_1_90' title="bbox 197 2839 944 2879">
     <span class='ocr_line' id='line_1_90' title="bbox 197 2839 944 2879; baseline -0.021 -6"><span class='ocrx_word' id='word_1_788' title='bbox 197 2839 251 2879; x_wconf 66' lang='grc' dir='ltr'><strong>(θβ)</strong></span> <span class='ocrx_word' id='word_1_789' title='bbox 272 2839 329 2873; x_wconf 67' lang='grc' dir='ltr'><strong>Ἐφ’</strong></span> <span class='ocrx_word' id='word_1_790' title='bbox 348 2840 485 2879; x_wconf 54' lang='grc' dir='ltr'>ἑκάτερα.</span> <span class='ocrx_word' id='word_1_791' title='bbox 511 2840 650 2879; x_wconf 63' lang='lat' dir='ltr'><strong>Plotinus,</strong></span> <span class='ocrx_word' id='word_1_792' title='bbox 673 2841 726 2879; x_wconf 57' lang='grc' dir='ltr'>οὺδθ</span> <span class='ocrx_word' id='word_1_793' title='bbox 747 2843 789 2876; x_wconf 62' lang='grc' dir='ltr'><strong>ἐφ’</strong></span> <span class='ocrx_word' id='word_1_794' title='bbox 816 2842 944 2879; x_wconf 46' lang='grc' dir='ltr'><strong>ἑκάτερα,</strong></span> 
     </span>
    </p>
   </div>
   <div class='ocr_carea' id='block_1_91' title="bbox 159 2875 945 2913">
    <p class='ocr_par' dir='ltr' id='par_1_91' title="bbox 159 2875 945 2913">
     <span class='ocr_line' id='line_1_91' title="bbox 159 2875 945 2913; baseline 0.004 -12"><span class='ocrx_word' id='word_1_795' title='bbox 159 2875 233 2910; x_wconf 84' lang='lat' dir='ltr'><strong>quod</strong></span> <span class='ocrx_word' id='word_1_796' title='bbox 247 2875 354 2913; x_wconf 68' lang='lat' dir='ltr'><strong>tametsi</strong></span> <span class='ocrx_word' id='word_1_797' title='bbox 371 2881 508 2913; x_wconf 87' lang='lat' dir='ltr'><strong>utcunque</strong></span> <span class='ocrx_word' id='word_1_798' title='bbox 523 2875 630 2913; x_wconf 72' lang='lat' dir='ltr'><strong>defendi</strong></span> <span class='ocrx_word' id='word_1_799' title='bbox 647 2878 742 2911; x_wconf 85' lang='lat' dir='ltr'><strong>possit,</strong></span> <span class='ocrx_word' id='word_1_800' title='bbox 760 2875 890 2913; x_wconf 84' lang='lat' dir='ltr'><strong>particula</strong></span> <span class='ocrx_word' id='word_1_801' title='bbox 900 2875 945 2906; x_wconf 75' lang='grc' dir='ltr'>ἰιι-</span> 
     </span>
    </p>
   </div>
   <div class='ocr_carea' id='block_1_92' title="bbox 160 2909 650 2946">
    <p class='ocr_par' dir='ltr' id='par_1_92' title="bbox 160 2909 650 2946">
     <span class='ocr_line' id='line_1_92' title="bbox 160 2909 650 2946; baseline 0.006 -10"><span class='ocrx_word' id='word_1_802' title='bbox 160 2918 223 2937; x_wconf 81' lang='lat' dir='ltr'><strong>meu</strong></span> <span class='ocrx_word' id='word_1_803' title='bbox 239 2909 299 2936; x_wconf 83' lang='grc' dir='ltr'>οὐδέ</span> <span class='ocrx_word' id='word_1_804' title='bbox 315 2910 392 2946; x_wconf 75' lang='lat' dir='ltr'><strong>longe</strong></span> <span class='ocrx_word' id='word_1_805' title='bbox 411 2909 508 2938; x_wconf 86' lang='lat' dir='ltr'><strong>melius</strong></span> <span class='ocrx_word' id='word_1_806' title='bbox 525 2909 650 2939; x_wconf 75' lang='lat' dir='ltr'><strong>abfuerit.</strong></span> 
     </span>
    </p>
   </div>
   <div class='ocr_carea' id='block_1_93' title="bbox 1044 2047 1789 2082">
    <p class='ocr_par' dir='ltr' id='par_1_93' title="bbox 1044 2047 1789 2082">
     <span class='ocr_line' id='line_1_93' title="bbox 1044 2047 1789 2082; baseline -0.001 -7"><span class='ocrx_word' id='word_1_807' title='bbox 1044 2057 1052 2074; x_wconf 83' lang='grc' dir='ltr'><strong>ι</strong></span> <span class='ocrx_word' id='word_1_808' title='bbox 1072 2047 1131 2075; x_wconf 81' lang='lat' dir='ltr'><strong>Jam</strong></span> <span class='ocrx_word' id='word_1_809' title='bbox 1154 2056 1236 2080; x_wconf 89' lang='lat' dir='ltr'><strong>vero,</strong></span> <span class='ocrx_word' id='word_1_810' title='bbox 1262 2048 1285 2075; x_wconf 91' lang='lat' dir='ltr'><strong>si</strong></span> <span class='ocrx_word' id='word_1_811' title='bbox 1315 2055 1415 2082; x_wconf 90' lang='lat' dir='ltr'><strong>corpus</strong></span> <span class='ocrx_word' id='word_1_812' title='bbox 1440 2048 1561 2075; x_wconf 86' lang='lat' dir='ltr'><strong>animum</strong></span> <span class='ocrx_word' id='word_1_813' title='bbox 1580 2055 1640 2075; x_wconf 84' lang='lat' dir='ltr'><strong>esse</strong></span> <span class='ocrx_word' id='word_1_814' title='bbox 1657 2051 1789 2082; x_wconf 82' lang='lat' dir='ltr'><strong>ponetur,</strong></span> 
     </span>
    </p>
   </div>
   <div class='ocr_carea' id='block_1_94' title="bbox 1005 2092 1789 2128">
    <p class='ocr_par' dir='ltr' id='par_1_94' title="bbox 1005 2092 1789 2128">
     <span class='ocr_line' id='line_1_94' title="bbox 1005 2092 1789 2128; baseline -0.003 -7"><span class='ocrx_word' id='word_1_815' title='bbox 1005 2093 1106 2121; x_wconf 92' lang='lat' dir='ltr'><strong>nullam</strong></span> <span class='ocrx_word' id='word_1_816' title='bbox 1120 2093 1236 2128; x_wconf 90' lang='lat' dir='ltr'><strong>amplius</strong></span> <span class='ocrx_word' id='word_1_817' title='bbox 1247 2097 1294 2120; x_wconf 84' lang='lat' dir='ltr'><strong>aut</strong></span> <span class='ocrx_word' id='word_1_818' title='bbox 1306 2093 1440 2120; x_wconf 84' lang='lat' dir='ltr'><strong>sentiendi</strong></span> <span class='ocrx_word' id='word_1_819' title='bbox 1451 2114 1458 2126; x_wconf 95' lang='lat'><strong>,</strong></span> <span class='ocrx_word' id='word_1_820' title='bbox 1475 2098 1521 2120; x_wconf 84' lang='lat' dir='ltr'><strong>aut</strong></span> <span class='ocrx_word' id='word_1_821' title='bbox 1534 2093 1700 2128; x_wconf 79' lang='lat' dir='ltr'><strong>intelligendi</strong></span> <span class='ocrx_word' id='word_1_822' title='bbox 1716 2092 1769 2119; x_wconf 89' lang='lat' dir='ltr'><strong>vim</strong></span> <span class='ocrx_word' id='word_1_823' title='bbox 1781 2113 1789 2126; x_wconf 90' lang='lat'><strong>,</strong></span> 
     </span>
    </p>
   </div>
   <div class='ocr_carea' id='block_1_95' title="bbox 1003 2139 1792 2174">
    <p class='ocr_par' dir='ltr' id='par_1_95' title="bbox 1003 2139 1792 2174">
     <span class='ocr_line' id='line_1_95' title="bbox 1003 2139 1792 2174; baseline -0.001 -8"><span class='ocrx_word' id='word_1_824' title='bbox 1003 2139 1105 2166; x_wconf 89' lang='lat' dir='ltr'><strong>nullam</strong></span> <span class='ocrx_word' id='word_1_825' title='bbox 1129 2140 1287 2172; x_wconf 85' lang='lat' dir='ltr'><strong>scientiam,</strong></span> <span class='ocrx_word' id='word_1_826' title='bbox 1321 2139 1503 2174; x_wconf 87' lang='lat' dir='ltr'><strong>virtutemque</strong></span> <span class='ocrx_word' id='word_1_827' title='bbox 1530 2139 1652 2171; x_wconf 90' lang='lat' dir='ltr'><strong>nullam,</strong></span> <span class='ocrx_word' id='word_1_828' title='bbox 1670 2140 1792 2174; x_wconf 86' lang='lat' dir='ltr'><strong>adeoque</strong></span> 
     </span>
    </p>
   </div>
   <div class='ocr_carea' id='block_1_96' title="bbox 1003 2184 1791 2220">
    <p class='ocr_par' dir='ltr' id='par_1_96' title="bbox 1003 2184 1791 2220">
     <span class='ocr_line' id='line_1_96' title="bbox 1003 2184 1791 2220; baseline -0.001 -8"><span class='ocrx_word' id='word_1_829' title='bbox 1003 2193 1054 2213; x_wconf 87' lang='lat' dir='ltr'><strong>nec</strong></span> <span class='ocrx_word' id='word_1_830' title='bbox 1068 2185 1130 2212; x_wconf 89' lang='lat' dir='ltr'><strong>boni</strong></span> <span class='ocrx_word' id='word_1_831' title='bbox 1152 2185 1265 2212; x_wconf 91' lang='lat' dir='ltr'><strong>omnino</strong></span> <span class='ocrx_word' id='word_1_832' title='bbox 1284 2185 1432 2220; x_wconf 90' lang='lat' dir='ltr'><strong>quidquam</strong></span> <span class='ocrx_word' id='word_1_833' title='bbox 1451 2185 1572 2212; x_wconf 81' lang='lat' dir='ltr'><strong>futurum</strong></span> <span class='ocrx_word' id='word_1_834' title='bbox 1583 2206 1590 2217; x_wconf 90' lang='lat'><strong>,</strong></span> <span class='ocrx_word' id='word_1_835' title='bbox 1607 2193 1638 2212; x_wconf 84' lang='lat' dir='ltr'><strong>ex</strong></span> <span class='ocrx_word' id='word_1_836' title='bbox 1655 2184 1791 2219; x_wconf 86' lang='lat' dir='ltr'><strong>sequenti-</strong></span> 
     </span>
    </p>
   </div>
   <div class='ocr_carea' id='block_1_97' title="bbox 1003 2230 1789 2266">
    <p class='ocr_par' dir='ltr' id='par_1_97' title="bbox 1003 2230 1789 2266">
     <span class='ocr_line' id='line_1_97' title="bbox 1003 2230 1789 2266; baseline -0.001 -8"><span class='ocrx_word' id='word_1_837' title='bbox 1003 2231 1054 2259; x_wconf 89' lang='lat' dir='ltr'><strong>bus</strong></span> <span class='ocrx_word' id='word_1_838' title='bbox 1070 2230 1214 2258; x_wconf 79' lang='lat' dir='ltr'><strong>manifeste</strong></span> <span class='ocrx_word' id='word_1_839' title='bbox 1227 2231 1374 2258; x_wconf 86' lang='lat' dir='ltr'><strong>eonstabit.</strong></span> <span class='ocrx_word' id='word_1_840' title='bbox 1390 2230 1527 2266; x_wconf 85' lang='lat' dir='ltr'><strong>Quidquid</strong></span> <span class='ocrx_word' id='word_1_841' title='bbox 1538 2231 1611 2258; x_wconf 91' lang='lat' dir='ltr'><strong>enim</strong></span> <span class='ocrx_word' id='word_1_842' title='bbox 1620 2231 1694 2257; x_wconf 89' lang='lat' dir='ltr'><strong>aliud</strong></span> <span class='ocrx_word' id='word_1_843' title='bbox 1707 2238 1789 2258; x_wconf 88' lang='lat' dir='ltr'><strong>sensu</strong></span> 
     </span>
    </p>
   </div>
   <div class='ocr_carea' id='block_1_98' title="bbox 1004 2276 1788 2312">
    <p class='ocr_par' dir='ltr' id='par_1_98' title="bbox 1004 2276 1788 2312">
     <span class='ocr_line' id='line_1_98' title="bbox 1004 2276 1788 2312; baseline -0.001 -8"><span class='ocrx_word' id='word_1_844' title='bbox 1004 2277 1234 2312; x_wconf 86' lang='lat' dir='ltr'><strong>pereipiat,illud</strong></span> <span class='ocrx_word' id='word_1_845' title='bbox 1260 2284 1322 2304; x_wconf 91' lang='lat' dir='ltr'><strong>cum</strong></span> <span class='ocrx_word' id='word_1_846' title='bbox 1348 2284 1432 2304; x_wconf 91' lang='lat' dir='ltr'><strong>unum</strong></span> <span class='ocrx_word' id='word_1_847' title='bbox 1458 2276 1562 2311; x_wconf 87' lang='lat' dir='ltr'><strong>aliquid</strong></span> <span class='ocrx_word' id='word_1_848' title='bbox 1591 2281 1696 2310; x_wconf 85' lang='lat' dir='ltr'><strong>oportet</strong></span> <span class='ocrx_word' id='word_1_849' title='bbox 1711 2283 1788 2309; x_wconf 87' lang='lat' dir='ltr'><strong>esse,</strong></span> 
     </span>
    </p>
   </div>
   <div class='ocr_carea' id='block_1_99' title="bbox 1004 2321 1788 2358">
    <p class='ocr_par' dir='ltr' id='par_1_99' title="bbox 1004 2321 1788 2358">
     <span class='ocr_line' id='line_1_99' title="bbox 1004 2321 1788 2358; baseline -0.003 -8"><span class='ocrx_word' id='word_1_850' title='bbox 1004 2327 1060 2349; x_wconf 90' lang='lat' dir='ltr'><strong>tum</strong></span> <span class='ocrx_word' id='word_1_851' title='bbox 1075 2323 1169 2350; x_wconf 88' lang='lat' dir='ltr'><strong>eadem</strong></span> <span class='ocrx_word' id='word_1_852' title='bbox 1184 2330 1294 2358; x_wconf 88' lang='lat' dir='ltr'><strong>quoque</strong></span> <span class='ocrx_word' id='word_1_853' title='bbox 1317 2323 1343 2350; x_wconf 91' lang='lat' dir='ltr'><strong>vi</strong></span> <span class='ocrx_word' id='word_1_854' title='bbox 1363 2323 1489 2349; x_wconf 88' lang='lat' dir='ltr'><strong>universa</strong></span> <span class='ocrx_word' id='word_1_855' title='bbox 1507 2323 1661 2357; x_wconf 88' lang='lat' dir='ltr'><strong>percipere;</strong></span> <span class='ocrx_word' id='word_1_856' title='bbox 1682 2321 1788 2349; x_wconf 86' lang='lat' dir='ltr'><strong>tametsi</strong></span> 
     </span>
    </p>
   </div>
   <div class='ocr_carea' id='block_1_100' title="bbox 1003 2368 1786 2403">
    <p class='ocr_par' dir='ltr' id='par_1_100' title="bbox 1003 2368 1786 2403">
     <span class='ocr_line' id='line_1_100' title="bbox 1003 2368 1786 2403; baseline 0 -9"><span class='ocrx_word' id='word_1_857' title='bbox 1003 2373 1049 2395; x_wconf 85' lang='lat' dir='ltr'><strong>aut</strong></span> <span class='ocrx_word' id='word_1_858' title='bbox 1065 2376 1112 2402; x_wconf 89' lang='lat' dir='ltr'><strong>per</strong></span> <span class='ocrx_word' id='word_1_859' title='bbox 1125 2369 1226 2396; x_wconf 86' lang='lat' dir='ltr'><strong>multos</strong></span> <span class='ocrx_word' id='word_1_860' title='bbox 1242 2376 1372 2396; x_wconf 80' lang='lat' dir='ltr'><strong>sensuum</strong></span> <span class='ocrx_word' id='word_1_861' title='bbox 1389 2369 1480 2395; x_wconf 86' lang='lat' dir='ltr'><strong>aditus</strong></span> <span class='ocrx_word' id='word_1_862' title='bbox 1492 2368 1634 2403; x_wconf 89' lang='lat' dir='ltr'><strong>complura</strong></span> <span class='ocrx_word' id='word_1_863' title='bbox 1656 2368 1786 2398; x_wconf 86' lang='lat' dir='ltr'><strong>subeant.</strong></span> 
     </span>
    </p>
   </div>
   <div class='ocr_carea' id='block_1_101' title="bbox 1009 2415 1788 2450">
    <p class='ocr_par' dir='ltr' id='par_1_101' title="bbox 1009 2415 1788 2450">
     <span class='ocr_line' id='line_1_101' title="bbox 1009 2415 1788 2450; baseline 0 -8"><span class='ocrx_word' id='word_1_864' title='bbox 1009 2420 1057 2442; x_wconf 88' lang='lat' dir='ltr'><strong>aut</strong></span> <span class='ocrx_word' id='word_1_865' title='bbox 1070 2415 1191 2450; x_wconf 86' lang='lat' dir='ltr'><strong>ejusdem</strong></span> <span class='ocrx_word' id='word_1_866' title='bbox 1206 2416 1244 2442; x_wconf 88' lang='lat' dir='ltr'><strong>rei</strong></span> <span class='ocrx_word' id='word_1_867' title='bbox 1259 2415 1404 2450; x_wconf 89' lang='lat' dir='ltr'><strong>qualitates</strong></span> <span class='ocrx_word' id='word_1_868' title='bbox 1423 2415 1531 2447; x_wconf 69' lang='lat' dir='ltr'><strong>multas,</strong></span> <span class='ocrx_word' id='word_1_869' title='bbox 1554 2419 1600 2442; x_wconf 81' lang='lat' dir='ltr'><strong>aut</strong></span> <span class='ocrx_word' id='word_1_870' title='bbox 1614 2422 1661 2449; x_wconf 88' lang='lat' dir='ltr'><strong>per</strong></span> <span class='ocrx_word' id='word_1_871' title='bbox 1675 2415 1700 2441; x_wconf 87' lang='lat' dir='ltr'><strong>id</strong></span> <span class='ocrx_word' id='word_1_872' title='bbox 1716 2415 1788 2449; x_wconf 89' lang='lat' dir='ltr'><strong>quod</strong></span> 
     </span>
    </p>
   </div>
   <div class='ocr_carea' id='block_1_102' title="bbox 1002 2460 1787 2496">
    <p class='ocr_par' dir='ltr' id='par_1_102' title="bbox 1002 2460 1787 2496">
     <span class='ocr_line' id='line_1_102' title="bbox 1002 2460 1787 2496; baseline 0 -9"><span class='ocrx_word' id='word_1_873' title='bbox 1002 2468 1086 2488; x_wconf 90' lang='lat' dir='ltr'><strong>unum</strong></span> <span class='ocrx_word' id='word_1_874' title='bbox 1102 2461 1154 2492; x_wconf 80' lang='lat' dir='ltr'><strong>sit.</strong></span> <span class='ocrx_word' id='word_1_875' title='bbox 1174 2460 1315 2496; x_wconf 78' lang='lat' dir='ltr'><strong>multiplex</strong></span> <span class='ocrx_word' id='word_1_876' title='bbox 1340 2466 1430 2488; x_wconf 86' lang='lat' dir='ltr'><strong>tamen</strong></span> <span class='ocrx_word' id='word_1_877' title='bbox 1458 2460 1640 2496; x_wconf 88' lang='lat' dir='ltr'><strong>quiddam&#39;et</strong></span> <span class='ocrx_word' id='word_1_878' title='bbox 1662 2461 1787 2494; x_wconf 85' lang='lat' dir='ltr'><strong>varium,</strong></span> 
     </span>
    </p>
   </div>
   <div class='ocr_carea' id='block_1_103' title="bbox 1001 2506 1786 2542">
    <p class='ocr_par' dir='ltr' id='par_1_103' title="bbox 1001 2506 1786 2542">
     <span class='ocr_line' id='line_1_103' title="bbox 1001 2506 1786 2542; baseline -0.001 -8"><span class='ocrx_word' id='word_1_879' title='bbox 1001 2507 1158 2541; x_wconf 87' lang='lat' dir='ltr'><strong>cujusmodi</strong></span> <span class='ocrx_word' id='word_1_880' title='bbox 1172 2507 1263 2534; x_wconf 88' lang='lat' dir='ltr'><strong>vultus</strong></span> <span class='ocrx_word' id='word_1_881' title='bbox 1277 2511 1328 2535; x_wconf 84' lang='lat' dir='ltr'><strong>est.</strong></span> <span class='ocrx_word' id='word_1_882' title='bbox 1341 2506 1397 2534; x_wconf 85' lang='lat' dir='ltr'><strong>Nec</strong></span> <span class='ocrx_word' id='word_1_883' title='bbox 1407 2507 1480 2533; x_wconf 87' lang='lat' dir='ltr'><strong>enim</strong></span> <span class='ocrx_word' id='word_1_884' title='bbox 1497 2507 1569 2534; x_wconf 90' lang='lat' dir='ltr'><strong>aliud</strong></span> <span class='ocrx_word' id='word_1_885' title='bbox 1585 2507 1649 2542; x_wconf 90' lang='lat' dir='ltr'><strong>quid</strong></span> <span class='ocrx_word' id='word_1_886' title='bbox 1671 2514 1767 2534; x_wconf 72' lang='lat' dir='ltr'><strong>nasum</strong></span> <span class='ocrx_word' id='word_1_887' title='bbox 1778 2527 1786 2540; x_wconf 86' lang='lat'><strong>,</strong></span> 
     </span>
    </p>
   </div>
   <div class='ocr_carea' id='block_1_104' title="bbox 1002 2552 1785 2587">
    <p class='ocr_par' dir='ltr' id='par_1_104' title="bbox 1002 2552 1785 2587">
     <span class='ocr_line' id='line_1_104' title="bbox 1002 2552 1785 2587; baseline 0 -8"><span class='ocrx_word' id='word_1_888' title='bbox 1002 2552 1075 2579; x_wconf 87' lang='lat' dir='ltr'><strong>aliud</strong></span> <span class='ocrx_word' id='word_1_889' title='bbox 1092 2552 1186 2579; x_wconf 87' lang='lat' dir='ltr'><strong>oculos</strong></span> <span class='ocrx_word' id='word_1_890' title='bbox 1198 2552 1329 2587; x_wconf 87' lang='lat' dir='ltr'><strong>percipit,</strong></span> <span class='ocrx_word' id='word_1_891' title='bbox 1342 2552 1389 2579; x_wconf 89' lang='lat' dir='ltr'><strong>sed</strong></span> <span class='ocrx_word' id='word_1_892' title='bbox 1403 2560 1488 2578; x_wconf 91' lang='lat' dir='ltr'><strong>unum</strong></span> <span class='ocrx_word' id='word_1_893' title='bbox 1504 2552 1628 2586; x_wconf 89' lang='lat' dir='ltr'><strong>idemque</strong></span> <span class='ocrx_word' id='word_1_894' title='bbox 1648 2552 1785 2580; x_wconf 87' lang='lat' dir='ltr'><strong>universa.</strong></span> 
     </span>
    </p>
   </div>
   <div class='ocr_carea' id='block_1_105' title="bbox 1003 2598 1786 2633">
    <p class='ocr_par' dir='ltr' id='par_1_105' title="bbox 1003 2598 1786 2633">
     <span class='ocr_line' id='line_1_105' title="bbox 1003 2598 1786 2633; baseline 0 -8"><span class='ocrx_word' id='word_1_895' title='bbox 1003 2598 1035 2626; x_wconf 84' lang='lat' dir='ltr'><strong>Et</strong></span> <span class='ocrx_word' id='word_1_896' title='bbox 1051 2599 1073 2626; x_wconf 84' lang='lat' dir='ltr'><strong>si</strong></span> <span class='ocrx_word' id='word_1_897' title='bbox 1089 2599 1162 2626; x_wconf 89' lang='lat' dir='ltr'><strong>aliud</strong></span> <span class='ocrx_word' id='word_1_898' title='bbox 1179 2607 1226 2633; x_wconf 89' lang='lat' dir='ltr'><strong>per</strong></span> <span class='ocrx_word' id='word_1_899' title='bbox 1240 2599 1335 2626; x_wconf 87' lang='lat' dir='ltr'><strong>oculos</strong></span> <span class='ocrx_word' id='word_1_900' title='bbox 1348 2619 1355 2632; x_wconf 85' lang='lat'><strong>,</strong></span> <span class='ocrx_word' id='word_1_901' title='bbox 1374 2606 1421 2633; x_wconf 88' lang='lat' dir='ltr'><strong>per</strong></span> <span class='ocrx_word' id='word_1_902' title='bbox 1436 2599 1559 2626; x_wconf 87' lang='lat' dir='ltr'><strong>auditutn</strong></span> <span class='ocrx_word' id='word_1_903' title='bbox 1578 2598 1651 2626; x_wconf 87' lang='lat' dir='ltr'><strong>aliud</strong></span> <span class='ocrx_word' id='word_1_904' title='bbox 1673 2599 1786 2631; x_wconf 87' lang='lat' dir='ltr'><strong>subeat,</strong></span> 
     </span>
    </p>
   </div>
   <div class='ocr_carea' id='block_1_106' title="bbox 1002 2645 1787 2680">
    <p class='ocr_par' dir='ltr' id='par_1_106' title="bbox 1002 2645 1787 2680">
     <span class='ocr_line' id='line_1_106' title="bbox 1002 2645 1787 2680; baseline 0 -8"><span class='ocrx_word' id='word_1_905' title='bbox 1002 2645 1111 2672; x_wconf 90' lang='lat' dir='ltr'><strong>unicum</strong></span> <span class='ocrx_word' id='word_1_906' title='bbox 1130 2649 1221 2672; x_wconf 90' lang='lat' dir='ltr'><strong>tamen</strong></span> <span class='ocrx_word' id='word_1_907' title='bbox 1239 2645 1266 2672; x_wconf 89' lang='lat' dir='ltr'><strong>id</strong></span> <span class='ocrx_word' id='word_1_908' title='bbox 1289 2653 1351 2672; x_wconf 82' lang='lat' dir='ltr'><strong>esse</strong></span> <span class='ocrx_word' id='word_1_909' title='bbox 1367 2653 1480 2672; x_wconf 87' lang='lat' dir='ltr'><strong>necesse</strong></span> <span class='ocrx_word' id='word_1_910' title='bbox 1499 2649 1558 2677; x_wconf 84' lang='lat' dir='ltr'><strong>est,</strong></span> <span class='ocrx_word' id='word_1_911' title='bbox 1575 2645 1607 2672; x_wconf 87' lang='lat' dir='ltr'><strong>ad</strong></span> <span class='ocrx_word' id='word_1_912' title='bbox 1623 2646 1694 2680; x_wconf 93' lang='lat' dir='ltr'><strong>quod</strong></span> <span class='ocrx_word' id='word_1_913' title='bbox 1712 2650 1787 2672; x_wconf 87' lang='lat' dir='ltr'><strong>utra-</strong></span> 
     </span>
    </p>
   </div>
   <div class='ocr_carea' id='block_1_107' title="bbox 1001 2691 1787 2727">
    <p class='ocr_par' dir='ltr' id='par_1_107' title="bbox 1001 2691 1787 2727">
     <span class='ocr_line' id='line_1_107' title="bbox 1001 2691 1787 2727; baseline 0.001 -8"><span class='ocrx_word' id='word_1_914' title='bbox 1001 2699 1054 2726; x_wconf 83' lang='lat' dir='ltr'><strong>que</strong></span> <span class='ocrx_word' id='word_1_915' title='bbox 1076 2697 1214 2727; x_wconf 89' lang='lat' dir='ltr'><strong>postremo</strong></span> <span class='ocrx_word' id='word_1_916' title='bbox 1242 2692 1409 2727; x_wconf 84' lang='lat' dir='ltr'><strong>perveniant.</strong></span> <span class='ocrx_word' id='word_1_917' title='bbox 1429 2691 1572 2724; x_wconf 86' lang='lat' dir='ltr'><strong>Quomodo</strong></span> <span class='ocrx_word' id='word_1_918' title='bbox 1592 2692 1665 2720; x_wconf 88' lang='lat' dir='ltr'><strong>enim</strong></span> <span class='ocrx_word' id='word_1_919' title='bbox 1680 2692 1787 2720; x_wconf 87' lang='lat' dir='ltr'><strong>diversa</strong></span> 
     </span>
    </p>
   </div>
   <div class='ocr_carea' id='block_1_108' title="bbox 1036 2769 1749 2805">
    <p class='ocr_par' dir='ltr' id='par_1_108' title="bbox 1036 2769 1749 2805">
     <span class='ocr_line' id='line_1_108' title="bbox 1036 2769 1749 2805; baseline 0.003 -9"><span class='ocrx_word' id='word_1_920' title='bbox 1036 2771 1091 2805; x_wconf 86' lang='lat'><strong>(69)</strong></span> <span class='ocrx_word' id='word_1_921' title='bbox 1109 2770 1143 2797; x_wconf 85' lang='grc' dir='ltr'>Ἡ</span> <span class='ocrx_word' id='word_1_922' title='bbox 1155 2770 1203 2796; x_wconf 74' lang='grc' dir='ltr'><strong>ἐπὶ</strong></span> <span class='ocrx_word' id='word_1_923' title='bbox 1217 2770 1249 2796; x_wconf 81' lang='grc' dir='ltr'>τὸ</span> <span class='ocrx_word' id='word_1_924' title='bbox 1259 2769 1367 2804; x_wconf 82' lang='grc' dir='ltr'>μεῖζον.</span> <span class='ocrx_word' id='word_1_925' title='bbox 1383 2769 1423 2797; x_wconf 71' lang='lat' dir='ltr'><strong>Ex</strong></span> <span class='ocrx_word' id='word_1_926' title='bbox 1434 2770 1542 2797; x_wconf 83' lang='lat' dir='ltr'><strong>Plottno</strong></span> <span class='ocrx_word' id='word_1_927' title='bbox 1556 2770 1749 2805; x_wconf 82' lang='lat' dir='ltr'><strong>supplevimus.</strong></span> 
     </span>
    </p>
   </div>
   <div class='ocr_carea' id='block_1_109' title="bbox 1028 2805 1786 2846">
    <p class='ocr_par' dir='ltr' id='par_1_109' title="bbox 1028 2805 1786 2846">
     <span class='ocr_line' id='line_1_109' title="bbox 1028 2805 1786 2846; baseline 0.003 -15"><span class='ocrx_word' id='word_1_928' title='bbox 1028 2805 1094 2846; x_wconf 31' lang='lat'><strong>“(79)</strong></span> <span class='ocrx_word' id='word_1_929' title='bbox 1110 2805 1330 2840; x_wconf 80' lang='grc' dir='ltr'>Κλεπτομένου.</span> <span class='ocrx_word' id='word_1_930' title='bbox 1347 2806 1378 2832; x_wconf 86' lang='grc' dir='ltr'>Ει</span> <span class='ocrx_word' id='word_1_931' title='bbox 1395 2807 1446 2833; x_wconf 86' lang='lat' dir='ltr'><strong>hoc</strong></span> <span class='ocrx_word' id='word_1_932' title='bbox 1461 2805 1562 2832; x_wconf 81' lang='lat' dir='ltr'><strong>furtum</strong></span> <span class='ocrx_word' id='word_1_933' title='bbox 1574 2809 1607 2832; x_wconf 73' lang='lat' dir='ltr'><strong>ex</strong></span> <span class='ocrx_word' id='word_1_934' title='bbox 1621 2805 1730 2833; x_wconf 79' lang='lat' dir='ltr'><strong>l’lotino</strong></span> <span class='ocrx_word' id='word_1_935' title='bbox 1744 2813 1786 2833; x_wconf 86' lang='lat' dir='ltr'><strong>re-</strong></span> 
     </span>
    </p>
   </div>
   <div class='ocr_carea' id='block_1_110' title="bbox 1001 2845 1786 2911">
    <p class='ocr_par' dir='ltr' id='par_1_110' title="bbox 1001 2845 1786 2911">
     <span class='ocr_line' id='line_1_110' title="bbox 1001 2845 1786 2911; baseline 0 -9"><span class='ocrx_word' id='word_1_936' title='bbox 1001 2845 1231 2911; x_wconf 55' lang='grc' dir='ltr'><strong>δυξῗῖῗἝῗσίιις.</strong></span> <span class='ocrx_word' id='word_1_937' title='bbox 1247 2876 1315 2903; x_wconf 76' lang='lat' dir='ltr'><strong>Addi</strong></span> <span class='ocrx_word' id='word_1_938' title='bbox 1332 2875 1417 2911; x_wconf 83' lang='lat' dir='ltr'><strong>possit</strong></span> <span class='ocrx_word' id='word_1_939' title='bbox 1436 2883 1467 2902; x_wconf 78' lang='lat' dir='ltr'><strong>ex</strong></span> <span class='ocrx_word' id='word_1_940' title='bbox 1486 2875 1786 2904; x_wconf 74' lang='grc' dir='ltr'>εοι1.ΡΙοιίηο.αὺτου.</span> 
     </span>
    </p>
   </div>
   <div class='ocr_carea' id='block_1_111' title="bbox 1812 1216 1839 1231">
    <p class='ocr_par' dir='ltr' id='par_1_111' title="bbox 1812 1216 1839 1231">
     <span class='ocr_line' id='line_1_111' title="bbox 1812 1216 1839 1231; baseline 0 -2"><span class='ocrx_word' id='word_1_941' title='bbox 1812 1216 1839 1231; x_wconf 67' lang='grc'><em>“</em></span> 
     </span>
    </p>
   </div>
  </div>
