2045 3211
166 169 232 197 ΙΞΟΞ

739 170 896 197 ΡΒΑΕΡΑΒ.
911 170 1035 199 ΕνΑΝο.
1056 171 1119 199 LIB.
1142 170 1197 198 XV.

1706 174 1781 202 I366”

162 228 268 260 νοῦντος
286 229 394 264 μέρους,
408 229 461 255 τοῦκ
472 229 624 265 πνεύματος
634 229 664 256 τὸ
675 229 824 265 ἡγεμονοῦν
849 229 944 256 αἰσθά-

1000 231 1116 266 quaedam
1131 239 1195 266 pars
1207 230 1323 263 laborat,
1338 229 1419 257 sentit
1434 229 1535 256 interea
1548 229 1658 264 spiritus
1675 230 1715 257 vis
1729 230 1775 258 illa

162 282 246 305 νεται,
264 275 309 300 καὶ
322 274 369 309 ὅλη
387 274 458 310 ψυχὴ
473 275 503 301 τὸ
530 276 594 302 αὐτὸ
611 276 719 310 πάσχει.
734 275 795 306 Πῶς
810 273 855 301 οὖν
868 275 946 302 τοῦτο

163 319 320 354 συμϐαίνει;
336 319 465 352 Διαδόσει,
479 321 604 355 φήσουσι,
623 321 752 352 παθόντος
773 321 820 356 μὲν
833 320 947 355 πρώτως

162 366 208 393 τοῦ
221 367 284 403 περὶ
300 368 344 393 τὸν
363 367 491 395 δάκτυλον
504 367 619 403 ψυχικοῦ
637 367 799 403 πνεύματος,
819 366 945 403 μεταδόν-

163 421 208 445 τος
219 413 247 440 δὲ
263 413 302 448 τῷ
310 413 418 448 ἑφεξῆς,
443 414 488 440 καὶ
502 413 596 440 τούτου
618 413 700 448 ἄλλῳ,
716 413 767 445 ἓως
791 410 821 440 οὗ
833 413 900 448 πρὸς
915 413 946 439 τὸ

163 458 311 495 ἡγεμονοῦν
336 459 467 493 ἀφίκοιτο.
489 459 605 494 Ἀνάγκη
629 459 716 485 τοίνυν
740 460 765 485 εἰ
787 459 818 485 τὺ
840 458 945 494 πρῶτον

164 504 246 531 πόνου
262 504 368 539 ᾔσθετο,
377 504 458 539 ἄλλην
468 504 516 540 τὴν
530 504 653 540 αἴσθησιν
667 504 713 530 τοῦ
725 504 851 539 δευτέρου
866 501 944 535 εἶναι,

165 551 190 576 εἰ
202 549 396 577 κατὰδιάδοσιν
419 549 585 585 ήαῐσθησις,
614 550 660 576 καὶ
681 549 727 576 τοῦ
754 549 844 585 τρίτου
857 557 889 583 γε
901 549 947 576 αλ-

165 596 224 631 λην,
237 595 283 624 καὶ
309 595 407 627 πολλὰς
421 595 558 631 αἰσθήσεις
586 596 632 622 καὶ
653 596 781 631 ἀπείρους
806 596 869 631 περὶ
887 595 946 627 ἐνὸς

166 642 320 677 ἀλγήματος
331 641 463 676 γίνεσθαι,
486 642 532 668 καὶ
542 641 643 667 τούτων
659 641 771 667 ἁπασῶν
793 641 823 667 τὸ
836 641 947 675 ὕστερον

165 688 197 714 τὸ
212 688 360 724 ἡγεμονοῦν
377 687 432 722 (78)
448 686 631 719 αἰσθάνεσθαι,
647 687 693 714 καὶ
705 687 755 721 τῆς
767 685 862 712 ἑαυτοῦ
873 684 948 721 παρὰ

165 732 274 765 ταύτας.
293 733 328 759 Τὸ
342 733 370 759 δὲ
386 732 491 768 ἀληθὲς,
507 732 623 768 ἑκάστην
640 732 750 759 ἐκείνων
764 732 801 767 μὴ
815 731 859 758 τοῦ
871 734 899 759 ὲν
910 732 948 767 τῷ

165 780 288 816 δακτύλῳ
303 780 467 815 ἀλγήματος
486 779 552 806 ἀλλὰ
580 780 630 815 τὴν
656 779 704 814 μὲν
719 778 816 813 ἑφεξῆς
831 778 885 813 ('79)
909 778 948 814 τῷ

167 827 298 862 δακτύλῳ,
311 828 350 854 ὅτι
363 828 377 853 ό
387 827 485 863 ταρσὺς
505 827 592 861 ἀλγεῖ.
605 827 654 862 τὴν
674 826 702 852 δὲ
717 826 822 862 τρίτην,
834 825 874 851 ὃτι
885 825 949 852 ἄλλο
960 851 962 854 ,

167 874 196 900 τὺ
212 873 278 909 πρὸς
289 873 317 900 τὸ
331 873 441 905 ἄνωθεν,
458 872 504 899 καὶ
533 872 631 902 πολλὰς
658 870 726 898 εἶναι
741 871 900 906 ἀλγηδόνας⁸
917 871 948 897 τό

998 277 1140 311 princeps,
1156 276 1281 311 idemque
1299 275 1400 310 patitur
1418 275 1527 302 animus
1553 274 1611 308 ipse
1635 279 1718 303 totus.
1747 275 1775 302 ltl

997 329 1062 356 ergo
1079 321 1306 356 quemadmodum
1318 319 1427 348 evenit?
1440 319 1635 354 Propagatione
1645 320 1773 354 quadam,

996 368 1120 403 inquient
1130 389 1137 401 ,
1152 369 1217 395 dum
1235 367 1361 395 animalis
1370 366 1490 401 primum
1505 366 1581 400 digiti
1596 366 1708 400 spiritus
1725 367 1775 393 do-

995 413 1047 445 let,
1063 421 1125 440 mox
1138 420 1216 440 suum
1233 413 1306 440 hunc
1317 411 1437 438 dolorem
1451 418 1511 438 cum
1525 414 1653 444 sequente
1668 429 1675 441 ,
1699 410 1776 445 isque

995 458 1122 493 deinceps
1135 466 1196 486 eum
1214 458 1268 485 alio
1296 457 1496 487 communicat,
1515 456 1602 483 donec
1626 455 1774 490 principem

996 505 1028 532 ad
1045 504 1197 532 facultatem
1215 511 1302 539 usque
1315 503 1479 538 pervenerit.
1493 501 1608 529 Necesse
1618 502 1698 536 igitur
1712 507 1753 529 est
1765 521 1773 533 ,

996 550 1020 577 si
1036 558 1098 584 pars
1124 549 1169 577 illa
1193 549 1279 584 prima
1294 549 1415 576 dolorem
1438 548 1562 579 senserit,
1583 547 1621 574 uti
1642 547 1711 574 alius
1734 555 1782 574 se-

996 595 1090 623 cundae
1109 603 1205 623 sensus
1218 595 1350 628 exsistat,
1367 595 1389 621 si
1402 593 1483 620 modo
1499 593 1693 628 propagatione
1715 600 1778 620 sen-

997 649 1044 669 sus
1060 641 1110 668 iste
1123 641 1167 669 ﬁet
1178 662 1185 674 ,
1203 642 1321 676 itemque
1333 640 1404 667 alius
1429 639 1515 666 tertiae
1527 659 1535 671 ,
1557 639 1680 673 adeoque
1703 645 1778 665 cotu-

997 685 1089 720 plures
1103 689 1129 712 et
1146 685 1244 712 inliniti
1266 685 1376 720 quidam
1388 692 1420 712 ex
1445 691 1499 711 uno
1519 684 1667 718 eodemque
1685 683 1789 711 dolore-

998 739 1094 759 sensus
1107 732 1245 764 oriantur,
1262 739 1330 767 quos
1346 731 1442 759 deinde
1454 739 1549 759 omnes
1569 731 1692 766 princeps
1712 738 1779 758 con-

997 780 1126 811 sequatur
1144 775 1256 802 facultas
1267 796 1274 807 ,
1286 783 1346 810 qua:
1371 783 1449 804 suum
1467 779 1565 810 praeter
1580 775 1641 802 illos
1669 775 1779 809 proprie

998 821 1136 856 percipiat.
1153 820 1198 848 Sic
1214 821 1335 856 quidem,
1353 827 1382 848 ut
1397 828 1493 848 eorum
1509 820 1626 855 quilibet.
1635 829 1689 847 non
1705 820 1791 848 illius.

999 874 1061 894 vere
1075 867 1110 894 sit
1123 867 1226 894 doloris
1237 888 1245 899 ,
1262 875 1343 902 quem
1360 867 1462 902 digitus
1477 866 1593 899 sentiat;
1606 866 1652 894 sed
1667 871 1696 893 ut
1710 866 1778 900 digir

165 927 196 945 τε
213 918 360 954 ἡγεμονοῦν
373 918 409 954 μὴ
425 918 471 945 τοῦ
500 918 568 954 πρὸς
581 918 619 953 τῷ
646 917 768 953 δακτύλῳ
791 917 946 953 ἀλγήματος

1000 917 1055 939 tum
1068 912 1191 947 proxime
1203 919 1392 947 consequens,
1410 912 1508 946 palmae
1517 931 1525 945 ,
1539 911 1689 946 tertiusque
1703 912 1779 938 simi~

167 964 351 996 αἰσθάνεσθαι,
372 964 440 992 ἀλλὰ
465 964 511 990 τοῦ
529 964 596 1000 πρὸς
612 963 694 999 αὐτῷ,
719 963 856 990 καὶτοῦτο
870 961 946 996 γινώ-

168 1019 242 1038 σκειν
259 1011 346 1045 μόνον,
359 1011 391 1037 τὰ
404 1011 426 1037 δ’
441 1010 506 1037 ἄλλα
516 1011 621 1046 χαίρειν
636 1012 692 1046 ὲᾷν,
704 1010 741 1045 μὴ
755 1009 943 1044 ἐπιστάμενον,

167 1055 207 1081 δτι
222 1054 299 1089 ἀλγεῖ
312 1055 326 1081 ὀ
339 1054 477 1086 δάκτυλος.
493 1055 523 1081 Εἰ
538 1055 625 1082 τοίνυν
650 1054 719 1082 κατὰ
743 1054 868 1085 διάδοσιν,
895 1053 944 1089 τὴν

169 1101 293 1136 αἴσθησιν
321 1102 369 1136 οὺχ
389 1098 443 1128 οἷόν
466 1110 495 1128 τε
519 1110 567 1127 του
595 1102 714 1128 τοιούτου
735 1101 867 1135 γίνεσθαι,
883 1099 949 1135 μηδὲ

169 1147 294 1182 σώματος
324 1147 405 1182 δγκου
432 1147 518 1179 δντος,
534 1147 613 1174 ἄλλου
630 1147 770 1180 παθόντος,
797 1146 875 1173 ἄλλου
894 1145 948 1180 (80)

168 1192 267 1227 γνῶσιν
278 1190 356 1220 εἶναι.
370 1192 473 1224 Παντὸς
486 1192 539 1227 γὰρ
550 1192 681 1227 μεγέθους
709 1193 734 1218 εἰ
755 1192 785 1218 τὺ
812 1191 860 1226 μὲν
876 1189 948 1221 ἄλλο,

170 1239 198 1266 τὸ
214 1239 242 1265 δὲ
253 1238 315 1265 ἄλλο
329 1239 396 1270 ἐστὶ,
409 1238 448 1265 δεῖ
463 1237 581 1264 τοιοῦτον
596 1238 716 1264 τίθεσθαι
740 1237 770 1263 τὸ
790 1236 950 1269 αισθανόμε-

169 1293 212 1311 νον
228 1284 294 1319 (81),
311 1281 366 1311 οἷον
383 1285 518 1320 πανταχοῦ
540 1285 604 1313 αὐτὸ
621 1284 708 1319 ἐαυτῷ
724 1283 753 1310 τὸ
777 1282 842 1309 αὐτὸ
868 1280 946 1308 εἶναι·

167 1329 246 1356 τοῦτο
271 1330 298 1357 δὲ
324 1330 394 1366 ἄλλῳ
417 1331 469 1357 τιν).
497 1331 550 1357 τῶν
573 1331 655 1357 ὄντων
681 1329 698 1364 ἦ
730 1327 834 1363 σώματι
863 1328 949 1355 ποιεῖν

168 1376 312 1411 προσήκει.

999 957 1060 984 liter
1072 958 1157 992 partis
1172 957 1283 985 alterius
1311 958 1461 992 superioris
1479 957 1601 984 dolorem
1631 956 1777 992 percipiat.

1000 1004 1131 1038 multique
1160 1011 1189 1030 re
1222 1004 1279 1038 ipsa
1303 1003 1409 1031 dolores
1426 1003 1575 1036 exsistant;
1601 1011 1633 1030 ac
1654 1003 1694 1031 vis
1721 1003 1778 1039 ipsa

997 1051 1122 1086 princeps
1137 1058 1191 1078 non
1205 1050 1261 1085 jam
1282 1050 1423 1084 ipsiusmet
1444 1050 1568 1085 digitum,
1585 1055 1612 1076 at
1628 1058 1707 1077 suum
1724 1055 1780 1078 tan-

1000 1095 1360 1131 tunnnodosentiat,83]_
1389 1095 1504 1130 aliisque
1537 1096 1665 1123 omnibus
1693 1095 1780 1123 faces-

999 1149 1058 1169 sere
1070 1141 1172 1176 jussis,
1187 1148 1270 1168 unum
1286 1141 1359 1168 hunc
1373 1141 1411 1168 ita
1426 1146 1573 1176 cognoscat
1586 1161 1593 1173 ,
1608 1146 1636 1168 ut
1657 1149 1690 1168 ne
1710 1141 1778 1176 digi-

1000 1193 1056 1215 tum
1067 1187 1177 1222 quidem
1191 1187 1280 1221 ipsum
1291 1187 1381 1214 dolere
1392 1186 1470 1214 sciat.
1479 1186 1569 1220 Quare
1581 1208 1589 1221 ,
1606 1187 1628 1214 si
1643 1195 1778 1223 propaga-

1000 1234 1074 1261 tione
1089 1233 1182 1268 aliqua
1197 1232 1305 1260 futurus
1319 1237 1376 1265 est,
1390 1233 1481 1261 nullus
1495 1234 1606 1260 omnino
1620 1233 1720 1261 doloris
1732 1234 1780 1260 liu-

999 1279 1044 1314 jus
1057 1286 1153 1306 sensus
1167 1277 1308 1311 exsistere,
1321 1285 1436 1312 cumque
1446 1286 1546 1313 corpus
1560 1279 1645 1306 moles
1657 1278 1778 1314 quadam

1000 1324 1052 1357 sit,
1066 1329 1142 1358 parte
1155 1324 1240 1351 altera
1256 1323 1384 1358 patiente,
1398 1324 1510 1351 alterius
1519 1332 1580 1352 esse
1592 1325 1711 1360 cognitio
1722 1333 1778 1352 non
1815 1349 1817 1356 ,

1001 1370 1108 1405 poterit.
1125 1367 1220 1397 Omnis
1233 1369 1331 1404 quippe
1347 1369 1540 1404 magnitudinis
1555 1375 1645 1405 partes
1661 1370 1720 1398 alia:
1743 1374 1781 1398 at-

168 1430 222 1456 que
243 1423 302 1450 alia:
316 1431 377 1451 cum
404 1424 477 1457 sint,
496 1423 630 1459 ejusmodi
654 1427 762 1458 oportet
788 1429 849 1449 esse
874 1419 947 1456 quod
966 1418 1099 1452 sentitur,
1131 1423 1161 1445 ut
1186 1425 1270 1446 unum
1288 1422 1315 1445 et
1344 1417 1413 1445 idem
1431 1418 1530 1452 ubique
1543 1423 1707 1453 permaneat.
1723 1418 1780 1446 lloc

171 1475 261 1498 autem
275 1471 308 1498 ab
325 1471 377 1498 alio
392 1479 473 1505 sane,
497 1479 578 1506 quam
596 1479 611 1498 ει
632 1478 744 1506 corpore
765 1469 822 1497 ﬁeri
840 1475 950 1496 necesse
969 1471 1020 1495 est.

209 1527 218 1543 ι
233 1518 293 1544 ’Ὁτι
304 1518 332 1545 δὲ
346 1519 405 1545 οὐδὲ
417 1520 485 1546 νοεῖν
500 1516 554 1546 οἷόν
565 1528 605 1551 τε,
618 1519 642 1545 εἰ
655 1518 732 1554 σῶμα
744 1519 760 1553 ὴ
775 1517 847 1552 ψυχὴ
861 1514 949 1543 ὁτιοῦν

1041 1524 1050 1540 ι
1066 1514 1101 1540 At
1115 1521 1179 1541 vero
1194 1521 1229 1541 ne
1240 1513 1323 1540 ullum
1336 1512 1446 1548 quidem
1461 1533 1468 1545 ,
1481 1512 1504 1540 si
1532 1520 1630 1547 corpus
1659 1513 1779 1540 animum

170 1563 223 1598 εἴη,
240 1563 357 1589 δεικτέον
374 1564 406 1590 ὲκ
417 1564 509 1590 τῶνδε.
528 1565 558 1591 Et
580 1565 634 1599 γὰρ
655 1564 685 1590 τὸ
707 1562 880 1590 αἰσθάνεσθαι
893 1563 950 1589 ἐστι

1002 1567 1062 1587 esse
1074 1559 1213 1589 dicamus,
1230 1558 1414 1592 intelligentiae
1424 1558 1513 1585 locum
1536 1557 1669 1592 relinqui,
1686 1558 1782 1592 hujus-

169 1608 200 1634 τὺ
213 1607 316 1643 σώματι
331 1609 541 1645 προσχρωμένην
551 1609 599 1645 τὴν
612 1609 699 1645 ψυχὴν
710 1608 952 1644 ἀντιλαμϐάνεσθαι

169 1652 223 1679 τῶν
240 1653 385 1689 αἰσθητῶν,
402 1654 450 1680 οὐκ
461 1654 493 1680 ἂν
506 1654 548 1690 εἴη
579 1655 625 1681 καὶ
654 1655 685 1680 τὸ
709 1656 777 1680 νοεῖν
791 1653 823 1680 τὸ
836 1653 879 1681 διὰ
901 1653 953 1680 σώ-

172 1707 255 1733 ματος
270 1699 498 1735 καταλαμὸάνειν,
516 1700 532 1736 ἦ
559 1700 655 1727 ταύτὸν
688 1700 763 1726 ἔσται
777 1699 816 1734 τῷ
829 1699 952 1726 αἰσθάνε-

172 1744 243 1771 σθαι.
256 1745 286 1771 ΕΙ
299 1743 345 1772 οὖν
358 1746 388 1772 τὺ
400 1748 469 1773 νοεῖν
485 1747 542 1772 ἐστι
556 1747 586 1772 τὸ
600 1746 662 1773 ἄνευ
680 1745 804 1781 σώματος
817 1745 950 1780 ἀντιλαμ-

172 1791 308 1824 δάνεσθαι,
323 1792 388 1819 πολὺ
401 1793 531 1828 πρότερον
546 1793 586 1819 δεῖ
603 1792 641 1828 μὴ
655 1792 733 1828 σῶμα
762 1791 795 1820 αὖ
811 1793 842 1819 τὸ
857 1793 952 1828 νοῆσον

171 1834 251 1868 εἶναι,
263 1838 323 1864 ἐπεὶ
334 1838 468 1873 αἰσθητῶν
486 1838 541 1874 (ὃὲ)
556 1839 603 1874 μὲν
618 1839 634 1873 ή
652 1838 787 1873 αἴσθησις,
807 1838 909 1873 νοητῶν
924 1838 952 1864 δὲ

171 1883 188 1917 ή
199 1883 300 1918 νόησις.
318 1884 349 1910 Εἰ
365 1884 393 1910 δὲ
405 1885 441 1919 μὴ
458 1884 604 1919 βούλονται,
617 1884 673 1910 ἀλλ’
686 1882 731 1910 οὖν
741 1884 846 1910 ἔσονταί
861 1892 892 1918 γε
906 1885 952 1910 καὶ

172 1929 273 1964 νοητῶν
290 1931 404 1965 νοήσεις,
419 1931 466 1956 καὶ
479 1929 619 1966 ἀμεγέθων
634 1930 799 1965 ἀντιλήψεις.
812 1929 874 1961 Πῶς
895 1928 951 1963 οὖν,

174 1973 287 2008 μέγεθος
298 1974 337 2006 ὒν,
349 1975 378 2000 τὸ
397 1975 434 2010 μὴ
454 1975 566 2010 μέγεθος
593 1976 694 2011 νοήσει,
712 1976 758 2002 καὶ
773 1975 812 2010 τῷ
835 1975 953 2011 μεριστῷ

171 2019 202 2044 τὸ
217 2021 253 2054 μὴ
270 2020 394 2055 μεριστὸν
408 2021 514 2056 νοήσει;
530 2022 564 2047 Ἥ
586 2021 662 2057 μέρει
677 2022 729 2049 τινὶ
744 2021 840 2057 ἀμερεί
851 2021 931 2048 αὑτοῦ
944 2029 960 2053 ;γ

173 2064 242 2090 Εἱδὲ
255 2064 349 2095 τοῦτο,
363 2065 393 2091 οὺ
419 2065 497 2100 σῶμα
518 2065 592 2092 ἔσται
617 2066 647 2092 τὸ
662 2066 767 2100 νοῆσον.
797 2067 834 2092 Οὐ
851 2066 905 2102 γὰρ
921 2065 953 2101 δὴ

173 2109 219 2136 τοῦ
232 2109 291 2136 ὅλου
308 2110 384 2145 χρεία
396 2111 464 2146 πρὸς
478 2111 508 2137 τὸ
520 2111 614 2145 Θὶγειν·
630 2112 709 2147 ἀρκεῖ
732 2112 785 2148 γὰρ
801 2112 846 2139 καὶ
860 2112 890 2138 ἓν
915 2121 952 2138 τι.

173 2155 205 2181 Et
224 2155 272 2190 μὲν
288 2154 332 2182 οὖν
348 2156 566 2191 συγχωρήσονται
578 2157 626 2189 τὰς
638 2156 747 2194 πρώτας
763 2158 877 2193 νοήσεις,
886 2158 953 2194 ὅπερ

172 2200 271 2236 ἀληθές
288 2202 353 2233 ἐστι,
367 2199 499 2228 εἶναιτῶν
511 2202 597 2237 πάντη
614 2202 737 2238 σώματος
756 2204 953 2239 καθαρωτάτων

1004 1604 1076 1632 modi
1091 1605 1243 1631 rationibus
1257 1604 1400 1638 perspicue
1414 1603 1568 1631 coniicitur.
1585 1603 1614 1630 Si
1629 1604 1703 1630 enim
1717 1611 1788 1631 sen-r.

1003 1651 1054 1678 tire
1068 1651 1139 1689 aliud
1165 1650 1234 1677 nihil
1251 1654 1310 1683 est,
1330 1658 1411 1685 quam
1433 1657 1546 1684 corpore
1574 1655 1692 1678 utentem
1721 1651 1782 1678 ani-

1003 1704 1077 1723 mum
1093 1704 1153 1730 quae
1167 1696 1217 1723 sub
1234 1703 1343 1723 sensum
1358 1696 1459 1723 eadunt
1474 1695 1633 1730 percipere;
1658 1695 1781 1730 profecto

1002 1747 1048 1770 aut
1060 1742 1229 1777 intelligere,
1246 1749 1299 1768 non
1323 1741 1375 1769 erit
1395 1742 1518 1776 corporis
1546 1749 1627 1776 opera
1656 1749 1782 1776 compre-

1003 1787 1120 1815 hendere
1131 1808 1138 1820 ,
1158 1792 1205 1815 aut
1224 1788 1293 1814 idem
1307 1788 1397 1822 ipsum
1414 1787 1467 1817 erit
1483 1787 1555 1823 quod
1568 1788 1679 1815 sentire.
1700 1787 1728 1815 Si
1738 1795 1782 1815 er-

1002 1842 1035 1868 go
1049 1832 1199 1868 intelligere
1228 1838 1269 1861 est
1284 1834 1343 1860 sine
1359 1840 1473 1868 corpore
1499 1833 1601 1867 aliquid
1626 1833 1762 1868 percipere
1772 1853 1779 1865 ,

1002 1879 1087 1906 multo
1103 1886 1168 1905 sane
1181 1879 1256 1913 prius
1278 1886 1388 1906 necesse
1409 1883 1468 1911 est,
1493 1878 1520 1906 id
1538 1879 1609 1912 quod
1632 1879 1782 1906 intellectu-

1002 1931 1062 1950 rum
1081 1923 1116 1950 sit
1132 1931 1232 1958 corpus
1246 1931 1300 1950 non
1316 1930 1386 1956 esse,
1401 1923 1620 1958 quandoquidem
1635 1924 1673 1950 uti
1687 1931 1782 1950 eorum

1002 1976 1062 2003 quae
1078 1968 1222 1996 sentiendo
1239 1969 1426 2003 percipiuntur
1445 1975 1542 1996 sensus
1557 1973 1596 1995 est
1612 1990 1618 2001 ,
1634 1969 1673 1996 sic
1688 1976 1782 1996 eorum

1002 2021 1062 2048 quae
1085 2014 1258 2049 intelligendo
1281 2013 1564 2048 comprehenduntur,
1594 2014 1781 2049 intelligentia.

1003 2059 1090 2092 Quam
1106 2059 1272 2087 discriminis
1286 2059 1417 2086 rationem
1435 2059 1458 2087 si
1470 2060 1586 2094 probare
1599 2060 1694 2086 nolunt
1704 2080 1711 2092 ,
1725 2060 1782 2094 spi-

1003 2107 1091 2133 ritalia
1114 2106 1222 2141 quidem
1243 2106 1377 2140 intelligi,
1401 2110 1428 2133 et
1454 2106 1639 2141 magnitudine
1664 2106 1783 2133 carentia

1003 2152 1104 2187 percipi
1118 2151 1284 2179 fatebuntur.
1304 2150 1447 2184 Quomodo
1469 2152 1553 2186 igitur
1578 2152 1650 2187 quod
1678 2152 1783 2186 magni-

1004 2197 1068 2224 tudo
1079 2197 1201 2232 quaedam
1217 2202 1275 2230 est,
1289 2196 1314 2224 id
1330 2197 1402 2232 quod
1430 2197 1614 2232 magnitudine
1634 2202 1740 2227 careat.
1757 2202 1796 2228 et,

173 2246 238 2272 αὐτὸ
253 2246 373 2280 ἕκαστον,
391 2248 496 2284 ἀνάγκη
513 2249 567 2284 (85)
582 2250 628 2276 καὶ
641 2249 671 2277 τὸ
700 2250 776 2276 νοοῦν
790 2250 844 2285 (84)
859 2250 950 2286 σώμα-

1004 2243 1076 2279 quod
1104 2243 1244 2270 dividuum
1271 2247 1328 2276 est,
1357 2251 1414 2270 rem
1439 2244 1570 2279 percipiet
1593 2243 1783 2271 individuam?

210 2324 266 2364 (18)
285 2325 330 2364 _Td
353 2326 479 2360 ὕστερον
495 2327 527 2364 τὸ
544 2328 644 2362 firm”
658 2333 709 2355 ctc.
735 2328 770 2364 Ita
786 2330 953 2358 correximus

173 2359 338 2401 cs_Plotino,
354 2369 414 2401 c'um
424 2359 700 2401 pessiinelegeretur,
716 2363 796 2400 εἴπερ
810 2365 839 2391 τὸ
854 2366 953 2401 ἠγεμο-

174 2393 236 2420 νοῦν
252 2395 265 2420 ὁ
277 2395 348 2427 νοῦς,
365 2393 398 2430 ἦν
413 2393 594 2424 αῖσθάνεσθαιῖ

294 2430 379 2470 Ἀλτᾷὰ
401 2430 456 2470 τῂν
474 2431 532 2466 μὲν
552 2433 671 2470 ἐφεξῆς.
697 2434 799 2470 Haeret
815 2436 963 2470 sequentia-

175 2465 397 2501 satisjmpetlita.
415 2465 594 2501 longe.tnagis
611 2465 737 2496 iii-trieare
752 2465 861 2497 Ficinns
879 2471 953 2497 vide-

177 2504 229 2526 tur.
245 2499 359 2539 Confer,
379 2501 406 2539 si
427 2499 513 2539 vacat.
531 2499 617 2539 ferro
641 2504 689 2530 has
713 2505 832 2539 quinque
856 2506 952 2536 lineas.

177 2542 264 2568 usque
282 2535 314 2562 ad
330 2535 512 2573 αξσθᾲνεσθαι,
532 2535 637 2564 Plotino
653 2535 759 2566 meeum
775 2535 898 2573 acceptas
915 2535 954 2567 le?

175 2577 240 2611 res;~
249 2577 318 2611 quas
325 2569 482 2611 similitudo
491 2579 593 2611 _vocutn
602 2573 771 2608 ἀλγήματος,
788 2569 952 2611 ἀλγήματος,

176 2609 203 2630 et
214 2603 291 2634 ἀλλὰ,
307 2605 383 2636 ἀλλὰ,
397 2605 474 2632 nobis
491 2606 628 2634 inviderat.

178 2674 183 2679 ἢ
213 2638 268 2678 (8ο)
285 2640 391 2679 "Alget:
406 2640 560 2679 παᾷὀντος,
581 2641 686 2679 ἅμμου.
699 2642 825 2679 Ιιονιιοοιε
842 2644 952 2678 Plol'rn.;

177 2675 204 2700 in
218 2675 300 2710 priori
313 2675 433 2710 editione
445 2675 551 2708 desunt,
567 2677 706 2710 παθόντος,
724 2678 813 2705 ἄλλου.

214 2708 268 2746 (ξι)
281 2709 321 2746 ΔΤὸ
333 2710 556 2746 αἰσθανόμενον.
570 2711 628 2738 Non
644 2708 730 2746 placet
740 2715 825 2741 active
840 2715 909 2741 sumi
925 2715 954 2741 τὸ

176 2743 513 2783 αἰσθανόμενονιὴοελᾷεει,
524 2746 592 2781 quod
612 2743 717 2779 sentiat,
730 2750 877 2783 praesertim
892 2758 953 2776 cum

176 2779 468 2819 seqitatur,.7051o_5_é
488 2779 673 2819 πιιιεῑνεῂοισ.Δ
689 2779 778 2813 Minus
802 2785 873 2811 enim
895 2790 954 2819 apte

176 2814 283 2852 dicatur
297 2814 404 2842 animus
415 2816 527 2847 ellicere,
542 2821 570 2843 Iit
583 2816 653 2843 idem
667 2817 781 2852 ipsemet
792 2819 892 2852 ultique
903 2814 951 2847 sit:

177 2849 316 2882 aptissime
338 2855 441 2882 contra,
460 2855 488 2877 ut
511 2851 588 2889 dolor
610 2852 663 2883 ille,
678 2849 732 2888 ‘qui
759 2849 883 2886 sentitur,
907 2862 954 2889 per

179 2891 355 2918 quascunque
381 2889 471 2918 partes
495 2886 587 2914 subeat
611 2886 884 2924 atque’propagetur,
903 2886 954 2917 sibi

1004 2335 1093 2358 tamen
1117 2331 1215 2366 ubique
1238 2331 1336 2358 similis
1352 2336 1516 2366 permaneat.
1541 2331 1628 2366 Atque
1650 2332 1673 2359 is
1688 2337 1738 2364 est,
1757 2332 1784 2358 ni

1004 2366 1092 2398 fallor,
1111 2374 1257 2401 germanus
1273 2366 1370 2393 Plotini
1385 2374 1492 2393 sensus.

1040 2401 1093 2436 (82)
1118 2402 1194 2427 Ἐπεὶ
1210 2402 1327 2434 αλσθητ.
1351 2401 1379 2427 lu
1401 2401 1483 2435 priori
1505 2401 1639 2433 editione,
1658 2401 1717 2426 ἐπεὶ
1737 2401 1784 2427 ἐπὶ

1003 2435 1088 2467 αἰσθ,
1101 2437 1172 2469 quod
1195 2443 1248 2462 non
1272 2437 1475 2468 emendassent,
1501 2437 1524 2463 si
1547 2441 1640 2470 postea
1650 2440 1782 2470 secutum

1003 2477 1090 2502 esset,
1110 2471 1155 2497 ἐπὶ
1172 2470 1273 2506 νοητῶν
1288 2470 1326 2498 δέ.
1350 2470 1417 2498 Male
1439 2475 1528 2498 autem
1550 2469 1622 2506 apud
1637 2469 1781 2506 APlotinuni

1004 2505 1043 2531 ἔτι
1055 2507 1079 2548 et
1095 2505 1167 2566 οέισθ.
1185 2504 1301 2533 Dubium
1324 2514 1378 2533 non
1392 2510 1434 2533 est
1449 2507 1514 2540 quin
1536 2504 1575 2532 ἔτι
1592 2505 1615 2531 εἰ
1633 2504 1733 2532 factum
1748 2507 1784 2533 sit

1004 2548 1035 2566 CX
1053 2549 1101 2566 επε
1116 2560 1122 2566 .

1004 2548 1035 2567 ex
1053 2542 1133 2569 ἐπεί.,

1039 2575 1094 2610 (85)
1113 2574 1190 2602 Αὐτὸ
1213 2575 1359 2606 ἕκαστον,
1381 2575 1505 2609 ἀνάγκη.
1534 2574 1643 2602 Rectius
1672 2576 1784 2603 omnino

1004 2618 1096 2644 quam.
1113 2615 1143 2636 ut
1164 2611 1244 2646 apud,
1255 2610 1399 2646 Plotinum;
1414 2610 1629 2646 καθαρωτάτων,
1644 2611 1709 2637 αὐτὸ
1721 2611 1785 2637 ἑκά-

1005 2653 1066 2671 στου
1083 2645 1199 2681 ἁνάγκη.
1223 2645 1357 2672 Marsilius
1379 2644 1464 2672 Ficin.
1485 2644 1549 2672 αὐτὸ
1565 2645 1680 2672 ἑκάστου
1703 2647 1784 2673 vertit

1004 2681 1102 2707 scilicet
1126 2680 1346 2714 uniuscujusque,
1367 2685 1394 2706 ut
1411 2680 1464 2707 dici
1485 2680 1561 2712 solet,
1583 2681 1719 2713 abstracti,
1735 2688 1783 2715 pa-

1004 2723 1074 2745 rum,
1092 2716 1198 2750 opinor,
1210 2723 1243 2742 ex
1261 2720 1349 2742 mente
1360 2714 1468 2750 Plotini.

1040 2750 1095 2785 (84)
1111 2749 1147 2776 Τὸ
1163 2750 1264 2782 νοοῦν,
1275 2755 1328 2777 etc.
1348 2749 1403 2776 lloc
1418 2751 1498 2777 etiam
1517 2750 1577 2777 loco
1591 2750 1726 2777 Plotinum
1740 2758 1783 2777 se-

1004 2790 1083 2812 cutus
1101 2793 1171 2812 sum.
1185 2785 1254 2812 Ante
1269 2786 1416 2819 legebatur,
1429 2786 1474 2812 τὺν
1487 2785 1548 2812 νοῦν
1563 2785 1687 2820 σώματος
1700 2784 1784 2811 καθα-

1005 2820 1050 2856 ρὸν
1064 2820 1137 2851 δντα,
1151 2820 1341 2856 ἐγγιγνόμενον
1361 2820 1512 2854 γινώσκειν.
1527 2820 1605 2848 Forte
1617 2820 1648 2847 τὸ
1664 2820 1786 2854 ὲγγιγνιὶ-

1006 2854 1099 2894 μενον,
1115 2863 1164 2889 pro
1180 2854 1195 2890 ἢ
1218 2856 1391 2894 γιγνόμτνον,
1417 2856 1466 2891 legi
1489 2860 1583 2891 queat,
1605 2856 1630 2882 id
1646 2859 1696 2889 est,
1713 2856 1797 2889 qumL

1005 2891 1062 2924 ipsa
1079 2892 1104 2917 in
1120 2897 1201 2917 mente
1216 2891 1387 2925 imprimitur.
